4122 6484
821 427 1940 440 ,η--συ--ο--ασ-ω-Μ
1955 429 2629 441 --«——-—.——-———-_—_—.———
2639 433 2726 440 ._...
2738 433 3438 447 mm--_-_-_-~-_

347 464 2436 481 mm
2450 471 3432 488 Μὴ

1442 695 2242 814 ADMONITIO

406 1023 539 1113 IN
604 1014 1342 1131 SEQUENTEM
1421 1023 1571 1111 AD
1642 1023 2504 1116 MARCELLINUM
2587 1025 3250 1118 EPISTOLAM

1099 1308 1202 1369 DE
1251 1303 2011 1368 INTERPRETATIONE
2074 1304 2587 1367 PSALMORUM.

1263 1564 1409 1630 (Opp.
1436 1564 1486 1613 S.
1521 1565 1696 1614 Athan.
1725 1566 1805 1614 ed.
1845 1563 2022 1615 Venet.
2070 1565 2206 1628 ΗΠ,
2231 1571 2265 1614 t.
2317 1566 2422 1628 lli.)

1804 1836 1869 1847 ...ιη

281 2073 485 2134 Tenus
510 2075 746 2136 (iuncus
778 2085 1026 2147 sumptus
1052 2085 1228 2131 estex
1261 2075 1661 2148 Prolegomenis
1705 2080 1834 2133 torni
1871 2076 1935 2132 IV
1977 2077 2187 2136 Veteris
2215 2078 2546 2136 Testamenti
2573 2079 2726 2151 juxta
2763 2081 3064 2137 versionem
3110 2085 3448 2154 septuaginta

214 2173 598 2244 interpretum,
629 2189 798 2245 quam
822 2187 887 2229 ex
917 2173 1102 2228 codice
1136 2172 1502 2228 Alexandrino
1535 2184 1785 2232 accurate
1813 2175 1980 2232 edidit
2010 2174 2250 2232 Joannes
2280 2178 2542 2234 Ernestus
2579 2175 2774 2242 Grabe,
2811 2178 2903 2249 qui
2936 2177 3074 2232 inter
3099 2177 3202 2232 alia
3245 2179 3355 2234 iliBC
3382 2180 3449 2234 de

213 2272 390 2326 eadem
424 2271 667 2341 epistola
691 2270 983 2327 admonet:
1028 2269 1287 2325 Cceterum
1331 2271 1452 2326 licet
1475 2274 1528 2326 in
1559 2273 1796 2342 pluribus
1841 2273 1899 2328 S.
1941 2275 2218 2329 Athanasii
2255 2275 2590 2340 editionibus,
2640 2292 2701 2328 ac
2741 2276 2794 2329 in
2835 2284 3094 2343 postrema
3129 2275 3444 2330 celeberrimi

213 2367 609 2437 Jlontfauconi,
640 2368 874 2422 omnium
901 2368 1120 2438 optima,
1150 2377 1276 2422 tom.
1305 2366 1357 2432 1,
1385 2379 1520 2437 part.
1551 2386 1612 2434 ιι,
1646 2387 1766 2441 pag.
1798 2355 1904 2428 98?.
1942 2389 2102 2442 usque
2145 2371 2301 2437 1005,
2334 2373 2430 2426 iste
2453 2374 2520 2425 ad
2556 2371 2926 2425 Marcellinum
2955 2371 3160 2426 libellus
3187 2371 3363 2426 Crtecc
3387 2391 3450 2429 ac

211 2463 392 2520 Latine
422 2466 502 2520 sit
529 2481 797 2530 excusas;
833 2481 950 2520 eum
1005 2473 1176 2518 tamen
1207 2464 1261 2517 in
1307 2466 1686 2536 antiquissimis
1732 2484 1792 2520 ac
1838 2465 1897 2522 S.
1949 2467 2104 2521 Patri
2148 2469 2253 2537 fere
2293 2470 2478 2524 coa'vis
2520 2466 2832 2521 membranis
2861 2470 3052 2522 nostris
3089 2468 3228 2530 haud
3258 2484 3445 2539 parum

210 2560 581 2612 correctiorem
606 2572 672 2610 ac
697 2557 1004 2626 pleniorem,
1034 2572 1091 2615 ut
1113 2563 1398 2633 conferenti
1415 2562 1630 2632 patebit.
1662 2563 1745 2616 hic
1767 2562 1936 2616 denuo
1956 2562 2104 2616 edere
2127 2562 2348 2632 placuit,
2369 2562 2557 2631 absque
2574 2560 2767 2615 Latina
2789 2576 2960 2618 tamen
2979 2565 3226 2618 versione.
3257 2563 3447 2617 Versio

210 2655 365 2724 igitur
400 2654 607 2710 Latina
645 2666 860 2728 sumpta
885 2673 915 2711 a
944 2673 1030 2714 me
1061 2670 1143 2714 est
1184 2675 1251 2713 ex
1280 2659 1493 2714 laudata
1532 2658 1708 2714 Patris
1740 2657 2110 2714 Montfauconi
2141 2659 2375 2712 editione
2404 2657 2637 2726 Operum
2677 2655 2733 2709 S.
2769 2654 3078 2719 Athanasii;
3128 2655 3193 2708 ad
3245 2663 3444 2707 textum

207 2756 380 2802 autem
415 2748 680 2804 Graecum
720 2751 922 2807 codicis
947 2753 1318 2817 Alexandrini,
1351 2754 1446 2808 ubi
1474 2755 1524 2808 ei
1554 2770 1664 2810 non
1701 2755 2081 2826 respondebat,
2117 2754 2363 2824 pluribus
2405 2753 2458 2806 in
2481 2751 2625 2825 “locis
2658 2748 3084 2805 accommodata.
3119 2747 3229 2802 Hac
3265 2757 3442 2804 autem

206 2845 452 2899 versione
497 2845 861 2914 antiquiorem
893 2847 1056 2900 aliam
1101 2847 1270 2901 edidit
1297 2847 1427 2901 clar.
1461 2862 1622 2902 mem.
1660 2848 1810 2903 card.
1841 2846 2170 2903 Thomasius
2197 2846 2249 2901 in
2276 2847 2416 2900 libro
2441 2845 2528 2901 cui
2557 2842 2780 2899 titulus:
2818 2840 3132 2895 Psalterium
3153 2842 3314 2910 juxta
3343 2844 3445 2895 du-

203 2935 382 3002 plicem
424 2933 747 2997 editionem,
778 2943 907 2998 etc.,
949 2944 1005 2990 et
1042 2936 1095 2990 in
1140 2934 1460 2990 Praefatione
1502 2936 1567 2990 ad
1618 2935 1873 2990 lectorem
1915 2959 1926 2990 ;
1961 2937 2135 3000 Hanc.
2165 2937 2366 3008 inquit,
2396 2935 2644 2990 Latinam
2669 2943 2926 3008 repertam
2951 2935 3001 2984 in
3032 2933 3165 2984 libro
3195 2951 3292 2987 ms.
3325 2934 3448 2987 licet

204 3041 296 3078 non
326 3024 632 3078 admodum
655 3033 854 3078 vetusto
872 3024 1197 3081 bibliotheca
1240 3025 1598 3082 Vallicellana:
1618 3026 1954 3095 proferimus,
1981 3027 2048 3079 ad
2078 3006 2317 3081 Grarcum
2342 3035 2515 3078 tamen
2536 3006 2802 3094 exemplar
2828 3031 3103 3092 utrumque
3132 3028 3442 3078 reccnsitam

203 3132 246 3173 et
282 3121 650 3176 emendatam.
689 3119 761 3175 De
795 3115 896 3174 hac
924 3118 1148 3187 epistola
1180 3117 1318 3172 idem
1365 3117 1704 3172 clarissimus
1743 3117 2036 3172 cardinalis
2070 3136 2084 3172 :
2129 3115 2358 3181 Celebre,
2402 3116 2498 3176 ait,
2525 3111 2664 3182 apud
2707 3121 2896 3165 veteres
2929 3128 3103 3166 omnes
3137 3113 3441 3182 apusculum

207 3213 336 3266 beati
377 3211 677 3268 Athanasii
712 3209 938 3280 episcopi
970 3207 1317 3261 Alexandrini
1365 3206 1440 3262 De
1475 3206 1613 3262 libro
1650 3204 2014 3270 Psalmorum,
2058 3204 2196 3275 quod
2225 3205 2406 3258 beatus
2452 3203 2805 3273 Hieronymus
2853 3201 3114 3269 appellare
3146 3205 3351 3258 videtur
3390 3207 3448 3258 in

208 3302 468 3376 Catalogo
525 3303 859 3374 scriptorum
903 3299 1394 3357 ecclesiasticorum
1426 3317 1441 3356 :
1477 3297 1550 3352 De
1583 3298 1906 3367 psalmorum
1949 3297 2139 3352 titulis.
2169 3295 2274 3352 Sed
2313 3312 2436 3352 cum
2481 3297 2661 3352 adhuc
2702 3296 2898 3353 lateret
2931 3298 2985 3352 in
3019 3300 3274 3363 tenebris,
3309 3311 3362 3356 et
3386 3302 3440 3354 in

208 3397 477 3465 publicam
507 3395 693 3450 lucem
731 3393 934 3450 editum
983 3410 1090 3450 non
1119 3395 1314 3450 luisset
1341 3410 1531 3452 verum
1580 3410 1718 3466 opus
1756 3393 1820 3450 B.
1853 3394 2135 3450 Athanasii
2177 3393 2252 3448 De
2281 3393 2450 3448 titulis
2483 3394 2832 3462 psalmorum,
2879 3395 3022 3465 quod
3067 3396 3226 3450 modo
3259 3397 3312 3451 in
3344 3413 3444 3466 pu-

209 3493 402 3546 blicum
437 3490 770 3551 emittimus,
801 3489 944 3543 haud
974 3492 1174 3544 mirum
1203 3501 1307 3554 est,
1359 3495 1407 3545 si
1435 3492 1784 3547 doctissimus
1820 3491 1904 3545 vir
1946 3507 2069 3546 cum
2103 3490 2225 3545 aliis
2265 3490 2510 3560 pluribus
2539 3490 2797 3559 deceptus
2833 3500 2917 3544 est
2951 3504 3014 3545 ac
3038 3491 3259 3561 erravit,
3293 3504 3443 3550 ratus

207 3581 342 3636 idem
378 3595 527 3652 opus
561 3594 685 3634 esse
719 3579 915 3632 librum
945 3577 1020 3633 De
1053 3579 1223 3634 titulis
1253 3581 1573 3650 psalmorum
1611 3596 1673 3636 ac
1703 3579 2000 3650 Epistolam
2037 3596 2132 3636 seu
2157 3579 2413 3635 Libellum
2448 3582 2517 3634 ad
2557 3580 2942 3639 Marcellinum.
2981 3584 3134 3652 Quod
3161 3603 3290 3642 sane
3318 3605 3440 3644 cum

206 3675 721 3733 animadvertissent
749 3673 935 3730 Patres
969 3672 1323 3738 Benedictini,
1351 3673 1404 3730 in
1433 3672 1814 3729 Admonitione
1838 3689 2000 3744 quam
2030 3684 2440 3743 praposuerunt
2463 3673 2637 3728 eidem
2665 3673 2920 3742 Episton
2949 3677 3018 3729 ad
3045 3677 3437 3744 Marcellinum,

206 3771 274 3825 ita
299 3768 514 3840 praefati
539 3777 672 3823 sunt
700 3785 714 3822 :
747 3766 1049 3836 Opinantur
1081 3767 1264 3836 nuperi
1296 3766 1574 3835 scriptores
1610 3765 1844 3835 quidam,
1871 3765 2167 3837 Epistolam
2211 3766 2277 3820 ad
2304 3765 2675 3820 Marcellinum
2703 3782 2812 3820 esse
2839 3767 2975 3820 illud
3005 3785 3131 3839 opus
3156 3768 3229 3823 De
3264 3771 3440 3826 titulis

206 3865 570 3931 psalmorum,
605 3859 742 3930 quod
771 3863 837 3912 ab
869 3858 1188 3929 Hieronymo
1217 3860 1352 3913 inter
1376 3857 1739 3911 Atlianasiana
1766 3858 1963 3927 scripta
1985 3866 2356 3911 enumeratur:
2387 3866 2442 3910 at
2466 3873 2582 3910 cum
2609 3858 2670 3912 de
2694 3859 2864 3912 titulis
2892 3875 2980 3913 seu
3011 3859 3436 3931 inscriptionibus

202 3955 529 4020 psalmorum
582 3967 644 4004 ne
687 3951 892 4004 verbum
927 3950 1134 4019 quidem
1164 3950 1262 4002 hac
1290 3949 1342 4002 in
1372 3947 1593 4017 epistola
1618 3958 1936 4013 compareat,
1967 3947 2241 4018 propalam
2272 3947 2416 4002 nobis
2445 3959 2544 4013 est,
2571 3949 2736 4002 alium
2775 3951 2840 4002 ab
2877 3949 3194 4019 Hieronymo
3223 3934 3436 4007 laudari

202 4045 414 4112 librum,
444 4055 558 4100 etc.
592 4042 667 4098 De
699 4043 1147 4114 prazstantissima
1172 4042 1273 4096 bac
1299 4042 1524 4112 epistola
1561 4051 1755 4112 praeter
1775 4042 2042 4114 synodum
2071 4041 2342 4098 Nicmuam
2372 4044 2778 4106 secundam,ita
2807 4045 3053 4102 meminit
3073 4047 3438 4106 Cassiodorus

201 4140 252 4193 in
283 4139 424 4194 libro
451 4137 532 4192 De
561 4137 892 4191 institutione
919 4135 1216 4189 divinarum
1259 4134 1578 4202 litterarum,
1606 4149 1724 4205 cap.
1771 4135 1805 4188 4
1835 4153 1847 4189 :
1886 4133 2152 4205 Legendus
2185 4144 2262 4190 est
2295 4137 2454 4188 etiam
2497 4134 2704 4189 libellus
2746 4136 3026 4192 Athanasii
3057 4139 3430 4200 Alexandrina:

200 4234 430 4288 civitatis
468 4232 724 4303 episcopi,
754 4247 903 4302 quem
929 4229 1236 4285 Marcellino
1265 4239 1378 4298 post
1405 4230 1768 4300 aegritudinem
1801 4231 1854 4285 in
1903 4229 2075 4283 locum
2100 4231 2394 4299 refectionis
2431 4232 2752 4288 dulcissima:
2782 4233 3086 4305 destinavit,
3135 4239 3224 4306 qui
3247 4240 3434 4293 inscri-

199 4323 338 4375 bitur
363 4339 383 4376 :
415 4321 495 4378 De
527 4321 669 4376 libro
700 4320 1074 4386 Psalmorum;
1107 4319 1196 4373 ubi
1217 4319 1422 4372 diversa
1454 4334 1804 4383 commoneas,
1835 4319 2084 4374 uirtutem
2113 4321 2282 4390 operis
2313 4322 2479 4392 ipsius
2503 4323 2860 4388 minutissima
2887 4333 3210 4389 discussione
3233 4336 3435 4406 patefc-

199 4417 283 4480 cit,
323 4417 568 4472 diversos
589 4416 860 4471 hominum
895 4435 1047 4474 casus
1079 4436 1198 4474 cum
1221 4420 1332 4474 suis
1368 4419 1606 4474 remediis
1632 4419 1862 4473 suaviter
1883 4417 2240 4473 introducens.
2269 4420 2658 4490 Argumentum
2685 4425 2926 4496 ejusdem
2959 4431 3200 4500 epistola:
3229 4432 3426 4486 laudati

200 4519 381 4575 Patres
415 4517 758 4574 Benedictini
797 4520 984 4590 paucis
1018 4520 1196 4576 verbis
1225 4520 1485 4575 exhibent
1514 4520 1567 4574 in
1600 4520 1744 4573 bunc
1789 4519 2008 4574 modum
2047 4536 2060 4574 :
2111 4517 2293 4572 Primo
2324 4520 2377 4572 id
2415 4523 2629 4589 ponitur
2656 4523 2976 4576 discriminis
3015 4522 3258 4577 Psalmos
3296 4526 3431 4575 inter

197 4620 241 4662 et
269 4612 401 4666 alios
443 4609 746 4680 Scriptura:
783 4627 949 4665 sacra:
981 4610 1162 4676 libros,
1185 4621 1243 4665 ut
1265 4613 1352 4680 qui
1376 4611 1508 4667 alios
1526 4612 1670 4682 legit,
1695 4610 1848 4666 verba
1877 4627 1977 4663 non
2003 4621 2058 4663 ut
2081 4627 2197 4678 sua,
2220 4613 2308 4665 sed
2334 4628 2534 4679 eorum,
2564 4630 2783 4683 quorum
2805 4613 2929 4666 libri
2955 4623 3095 4680 sunt,
3123 4614 3200 4668 vel
3226 4629 3427 4679 eorum,

197 4711 279 4776 qui
309 4709 454 4780 loqui
499 4708 836 4771 exhibentur,
874 4708 1145 4778 proferat;
1183 4708 1273 4778 qui
1307 4718 1482 4762 autem
1506 4707 1750 4762 Psalmos
1779 4707 1985 4772 recitat,
2010 4707 2162 4761 verba
2191 4708 2425 4778 proferat
2449 4712 2601 4779 quasi
2626 4727 2744 4778 sua,
2770 4722 2820 4766 et
2857 4712 2924 4765 ad
2947 4727 3001 4765 se
3028 4713 3235 4782 proprie
3265 4713 3430 4780 perti-

197 4804 388 4856 nentia.
418 4801 563 4856 Hinc
587 4800 900 4854 dividuntur
933 4799 1137 4856 Psalmi
1163 4801 1216 4854 in
1240 4802 1386 4855 varia
1403 4817 1608 4872 genera,
1633 4803 1820 4856 orandi
1851 4799 2072 4868 scilicet,
2107 4801 2410 4870 conﬁtendi,
2433 4812 2481 4856 et
2502 4803 2580 4859 his
2601 4806 2800 4860 similia
2817 4805 3129 4876 :deindeque
3160 4804 3428 4858 indicatur

195 4915 289 4968 quo
323 4901 548 4971 quisque
583 4897 820 4969 psalmus
849 4913 997 4964 casu,
1030 4914 1133 4968 qua
1153 4898 1468 4966 conditione,
1499 4914 1602 4968 qua
1626 4897 2016 4968 opportunitate
2050 4899 2170 4952 cani
2196 4898 2398 4954 debeat.
2431 4897 2499 4954 In
2529 4899 2668 4955 hisce
2701 4910 2810 4954 tota
2850 4910 3082 4956 versatur
3109 4901 3349 4970 epistola.

507 5775 783 5839 Panos.
829 5775 940 5841 Gtt.
992 5781 1248 5847 XXVII.

3062 5783 3097 5842 1
