4122 6542
721 447 776 497 Η
1551 446 1608 503 S.
1653 447 2022 503 ATHANASII
2063 449 2208 506 OPP.
2257 451 2432 507 PARS
2471 451 2556 512 ιιι.
2593 489 2660 496 —
2698 458 3108 520 EXEGETICA.
3887 485 3949 536 12

726 703 3954 760 ἪῂἫ*

710 887 981 944 δΑΝοτι
1037 887 1302 946 PATRIS
1354 889 1624 945 NOSTRI
1691 893 1729 942 Α
1755 889 2112 945 TIIANASII
2161 892 2280 945 All-

780 982 1840 1039 CHIEPISCOPIALEXANDRINI
1918 983 2015 1036 AD
2095 983 2282 1037 MAR-

778 1075 1168 1132 CELLINUM
1302 1075 1392 1130 IN
1489 1073 2279 1130 INTERPRETATIONEM

777 1169 1017 1226 PSALM
1027 1169 1171 1226 ORU
1180 1169 1252 1222 Μ.

2397 899 2530 949 ΊῸΥ
2563 901 2665 951 ΕΝ
2699 904 2950 957 ΑΓΙΟΙΣ
2986 908 3081 960 ΙΙΛ
3096 911 3275 963 ΤΡΟΣ
3298 915 3507 968 ΗΜΩΝ
3538 921 3944 980 ΑΘΑΝΑΣΙΟΥ

2451 990 3008 1050 ΑΡΧΙΕΠΙΣΚΟΠΟ
3021 1002 3064 1051 Υ
3122 1005 3676 1067 ΑΛΕΞΑΝΔΡΕΙΑΣ
3756 1023 3944 1075 ΠΡΟΣ

2457 1083 2553 1223 1;“
2563 1084 2996 1228 ΡΙξΙὲὶΛΙΝΟΝ
3013 1094 3139 1146 ΕΙΣ
3173 1097 3315 1151 ΤΗΝ
3343 1099 3388 1150 Ε
3392 1103 3776 1164 ΡΜΗΝΕΙΑΝ
3780 1121 3792 1135 ⁹
3815 1112 3945 1166 ΤΩΝ

2497 1173 2672 1228 "Adi!
2719 1178 2787 1228 Ν.

2497 1173 2558 1226 ⁵Ἀ
2566 1177 2610 1227 Λ
2616 1176 2787 1230 ΜΩΝ.

2281 1396 2331 1406 -ο

765 1577 818 1633 1.
837 1573 1001 1630 Miror
1029 1584 1181 1629 tuum
1213 1574 1263 1628 in
1286 1573 1504 1630 Christo
1531 1574 1888 1644 propositum,
1910 1574 2101 1630 dilecte
2121 1573 2221 1630 Mat

2323 1604 2336 1633 ι
2363 1582 2501 1676 μα’,
2550 1576 2792 1676 ’Ϊᾼγαμαί
2827 1599 2887 1635 σε
2920 1584 3018 1656 τῆς
3047 1585 3104 1640 ἐν
3132 1589 3352 1662 Χριστῷ
3383 1600 3772 1669 προαιρέσεως,
3817 1609 3934 1676 φίλε

691 1667 900 1722 celline.
942 1663 1076 1719 Nam
1120 1675 1173 1720 et
1208 1673 1530 1735 praesentem
1575 1668 1954 1733 tentationem,
2005 1666 2258 1737 quamvis

691 1759 919 1828 plurima
961 1758 1016 1812 in
1057 1773 1120 1813 ea
1164 1773 1380 1827 passus,
1437 1756 1607 1828 probe
1642 1756 1861 1822 toleras,
1914 1767 1968 1812 et
2017 1759 2250 1825 ascesin,

688 1868 781 1907 seu
818 1851 1258 1908 exercitationem
1304 1865 1412 1904 non
1459 1851 1705 1922 negligis.
1749 1851 2071 1908 Sciscitatus
2110 1856 2254 1910 enim

685 1959 750 1998 ex
796 1952 891 1998 tuo
936 1941 1219 1998 tabellario
1274 1959 1380 2013 qua
1428 1944 1642 1999 ratione
1703 1957 1824 2015 post
1878 1949 2252 2019 mgritudinem

684 2036 950 2100 versaris,
1005 2034 1170 2090 didici
1217 2043 1271 2090 te
1327 2037 1580 2092 omnibus
1614 2041 1833 2108 quidem
1874 2042 2071 2098 divinis
2108 2042 2254 2099 Scri-

678 2129 855 2200 pturis
882 2143 1097 2196 vacare,
1115 2130 1458 2201 potissimum
1485 2141 1665 2188 tamen
1692 2133 2032 2190 Psalmorum
2054 2135 2249 2191 librum

678 2222 944 2289 evolvere,
993 2221 1335 2294 maximeque
1394 2223 1614 2279 studere
1660 2232 1719 2278 ut
1760 2225 2026 2296 cujusque
2057 2229 2250 2296 psalmi

678 2331 860 2372 veram
904 2316 1227 2373 sententiam
1262 2333 1577 2389 assequare.
1617 2316 1982 2385 Quamobrem
2014 2330 2066 2376 te
2100 2338 2250 2377 sum-

673 2425 894 2482 mopere
924 2410 1108 2476 laudo,
1139 2426 1262 2467 cum
1289 2426 1488 2484 magno
1518 2412 1768 2468 eumdem
1795 2413 1992 2468 librum
2050 2422 2246 2470 totam-

670 2521 777 2576 que
807 2504 1139 2575 Scripturam
1167 2505 1349 2561 studio
1376 2521 1692 2577 prosequar.
1731 2507 1844 2562 Hoc
1875 2507 2055 2578 itaque
2085 2510 2246 2566 modo

670 2597 915 2662 affectus,
944 2597 1108 2653 incidi
1141 2599 1270 2653 olim
1302 2599 1357 2653 in
1387 2600 1678 2669 quemdam
1727 2614 1912 2654 senem
1957 2602 2246 2658 studiosis-

669 2693 890 2755 simum,
913 2692 1140 2762 voloque
1173 2691 1290 2755 tibi,
1319 2706 1440 2762 qua:
1468 2691 1602 2745 mihi
1637 2692 1724 2746 ille
1749 2693 1815 2747 de
1835 2708 1992 2748 sacro
2034 2695 2239 2750 Psalte—

668 2787 769 2850 rio,
810 2785 955 2858 quod
990 2801 1153 2840 manu
1189 2785 1425 2853 tenebat,
1468 2786 1962 2850 sermocinabatur,
2009 2789 2242 2858 perscri-

664 2882 790 2935 bere
820 2899 836 2936 :
872 2880 1074 2936 habent
1112 2880 1257 2934 enim
1286 2879 1578 2950 quamdam
1609 2879 1858 2948 gratiam,
1894 2889 1947 2934 et
1983 2881 2239 2950 probabi-

662 2977 864 3030 litatem
902 2991 1025 3030 cum
1052 2976 1399 3030 enarratione
1425 2973 1816 3028 verisimillima
1865 2974 2235 3044 eonjunctam.
2271 2946 2313 3002 Β

660 3068 736 3122 lta
765 3068 908 3123 enim
943 3067 1159 3122 locutus
1189 3075 1272 3120 est
1309 3083 1322 3119 :

724 3161 781 3218 2.
813 3159 1002 3216 Omnis
1059 3169 1280 3226 nostra,
1335 3173 1368 3213 ο
1412 3158 1514 3225 liii,
1562 3156 1865 3228 Scriptura,
1912 3175 2034 3215 cum
2079 3166 2235 3213 vetus

657 3263 772 3308 tum
806 3268 967 3319 nova,
1001 3252 1258 3306 divinitus
1289 3251 1551 3320 inspirata
1606 3249 1866 3320 utilisque
1919 3250 1986 3304 ad
2030 3250 2233 3305 doctri-

653 3361 781 3402 nam
807 3356 910 3409 est,
941 3353 998 3399 ut
1024 3345 1288 3414 scriptum
1317 3342 1566 3397 habetur.
1606 3341 1859 3398 Attamen
1887 3338 2227 3398 Psalmorum

652 3437 788 3493 liber
831 3437 1079 3507 quaedam
1113 3435 1406 3489 observata
1473 3434 1636 3505 digna
1672 3434 1833 3490 habet
1879 3435 1967 3504 iis,
2018 3436 2110 3507 qui
2140 3446 2225 3491 at-

651 3529 871 3585 tendere
901 3527 1191 3582 voluerint.
1241 3525 1479 3594 Quilibet
1509 3527 1654 3582 enim
1699 3528 1834 3583 liber
1871 3543 2050 3593 suum,
2077 3528 2224 3598 quod

646 3623 883 3696 prefert,
923 3632 1301 3695 argumentum
1335 3631 1530 3679 tractat
1565 3634 1618 3679 et
1647 3623 1994 3693 prosequitur
2033 3623 2221 3680 :verbi

647 3717 816 3790 gratia
843 3715 1243 3772 Pentateuchus
1277 3716 1464 3771 mundi
1490 3715 1775 3787 originem,
1806 3723 1957 3786 gesta
1988 3715 2222 3785 patriar-

644 3808 895 3872 charum,
937 3809 1144 3864 exitum
1174 3807 1386 3863 lsraelis
1417 3823 1482 3863 ex
1510 3807 1764 3880 Egypto,
1793 3817 1848 3863 et
1885 3808 2016 3878 legis
2048 3810 2216 3864 tradi-

644 3897 844 3952 tionem
862 3915 876 3961 ;
891 3894 1239 3963 Triteuchus,
1253 3895 1481 3950 sortium
1497 3895 1958 3963 distributionem,
1972 3895 2212 3964 iudicum

642 3995 785 4053 acta,
828 3985 1044 4042 Davidis
1071 3987 1471 4057 genealogiam;
1501 3987 1622 4042 libri
1677 3986 1882 4060 Regum
1925 3997 1980 4043 et
2010 3986 2216 4043 Parali-

640 4092 1020 4149 pomenorum,
1061 4087 1210 4149 gesta
1242 4093 1464 4150 regum;
1509 4078 1729 4146 Esdras,
1766 4081 2090 4149 captivitatis
2122 4094 2212 4136 so-

640 4171 943 4240 lutionem,
997 4170 1230 4227 reditum
1276 4172 1482 4242 populi,
1534 4172 1718 4243 templi
1775 4183 1827 4228 et
1879 4174 2028 4230 urbis
2071 4190 2208 4230 con-

2362 1668 2720 1771 ίίιαιρκελλξιεἸ
2758 1677 3006 1771 Καί-γάρ
3040 1682 3131 1734 καὶ
3173 1682 3264 1736 τὸν
3317 1668 3558 1757 παρόντα
3610 1668 3932 1771 πειρασμὸν,

2362 1760 2538 1814 καίτοι
2566 1763 2734 1818 πολλὰ
2769 1760 2954 1822 παθὼν
2987 1771 3045 1823 ἐν
3074 1773 3239 1844 αὐτῷ,
3274 1777 3454 1842 καλῶς
3481 1783 3685 1854 φέρεις,
3705 1760 3930 1864 ’καίτῆς

2359 1852 2645 1954 ἀσκήσεως
2677 1859 2775 1954 ουκ
2803 1861 3043 1932 ἀμελεῖς.
3074 1857 3478 1942 Πυνθανόμενος
3507 1852 3610 1949 γάρ
3649 1881 3739 1934 τοῦ
3772 1852 3928 1954 κομίἐ

2359 1962 2548 2010 σαντος
2573 1950 2670 2020 τὴν
2703 1951 3011 2026 ἐπιστολὴν,
3048 1958 3165 2022 πῶς
3196 1962 3302 2033 ἄρα
3346 1966 3439 2017 καὶ
3489 1969 3624 2037 μετὰ
3650 1972 3748 2044 τὴν
3780 1950 3929 2028 νόσον

2355 2037 2586 2139 διάγεις
2622 2042 2992 2139 ἔμαθον-πρὸς
3038 2052 3135 2120 μὲν
3170 2057 3349 2109 πᾶσαν
3378 2059 3476 2130 τὴν
3525 2060 3673 2116 Θείαν
3704 2037 3927 2139 Ϋραφὴν

2353 2128 2590 2230 ἔχεινλσε
2738 2136 2949 2208 σχολὴν,
2967 2142 3295 2216 πυκνότερον
3320 2148 3375 2202 δὲ
3410 2128 3641 2219 μάλιστα
3669 2158 3730 2226 τῇ
3751 2128 3926 2230 ’βίὲλέρ

2350 2222 2458 2312 τῶν
2513 2225 2758 2297 Ψαλμῶν
2813 2231 3175 2304 ἐντυγχάνειν,
3211 2241 3305 2292 καὶ
3358 2222 3814 2311 φιλονεικεῖν
3865 2222 3924 2306 ὲν

2349 2314 2564 2407 εκάστῳ
2590 2314 2788 2393 ψαλμῷ
2820 2322 2941 2377 νοῦν
2972 2327 3285 2400 ἐγκείμενον
3321 2336 3775 2407 καταλαμϐάνειν.
3813 2346 3922 2400 Καὶ

2347 2406 2434 2507 διὰ
2459 2409 2616 2507 τουτο
2637 2413 2815 2467 τοίνυν
2836 2415 3165 2489 ἀποδέχομαι
3189 2439 3268 2488 σε,
3296 2425 3460 2480 πολὺν
3486 2406 3622 2499 ἔχων
3649 2434 3728 2496 εἰς
3753 2435 3920 2507 αὐτὴν

2345 2497 2442 2600 τὴν
2495 2502 2676 2600 βίὸλον
2723 2507 2877 2577 κάγὼ
2908 2510 3089 2578 πόθον,
3129 2513 3316 2588 ὥσπερ
3350 2519 3442 2572 καὶ
3492 2497 3572 2586 είς
3611 2526 3791 2579 πᾶσαν
3823 2497 3917 2600 τήν

2344 2593 2594 2691 Γραφήν,
2621 2600 2730 2652 Καὶ
2758 2602 2864 2673 γὰρ
2890 2604 3061 2668 οὕτως
3108 2607 3266 2678 ἔχων,
3313 2614 3596 2686 συνέτυχόν
3634 2636 3739 2673 τινι
3772 2593 3917 2691 φιλο-

2343 2686 2490 2784 πόνοι
2536 2689 2774 2761 γέροντι,
2805 2696 2897 2748 καὶ
2928 2697 3187 2770 βούλομαι
3237 2704 3329 2758 καί
3379 2724 3479 2774 σοι,
3519 2710 3663 2784 ἅπερ
3712 2686 3914 2782 ἐκεῖνος

2341 2780 2588 2878 κατέχων
2630 2785 2692 2878 τὸ
2723 2786 3031 2862 Ψαλτήριον
3075 2795 3202 2865 περὶ
3249 2798 3412 2878 αὐτου
3461 2819 3550 2872 μοι
3595 2780 3909 2878 διηγήσατο,

2342 2873 2582 2970 γράφειν
2635 2876 2748 2970 ἔχει
2792 2881 2900 2952 γάρ
2931 2899 3050 2936 τινα
3097 2886 3256 2957 χάριν
3301 2873 3394 2943 καί
3431 2873 3759 2968 πιθανότητᾷ
3794 2904 3909 2970 μετ,

2343 2963 2562 3034 εὐλόγου
2598 2968 2689 3022 τοῦ
2722 2971 3073 3044 διηγήματος.
3113 2979 3302 3049 Ἔλεγε
3327 2984 3432 3055 γὰρ
3455 2986 3625 3051 οὕτως
3649 3007 3663 3019 ·

2409 3143 2472 3238 Bt.
2515 3142 2821 3238 Hdoapév,
2850 3149 2895 3201 ὢ
2927 3151 3136 3220 τέκνον,
3171 3157 3203 3226 ή
3235 3158 3354 3210 καθ’
3379 3161 3526 3238 qua;
3559 3163 3766 3238 Γραφὴ,
3802 3186 3905 3223 πα-

2336 3231 2460 3329 λαιά
2498 3251 2565 3329 ’τε
2610 3235 2726 3329 xuii
2759 3240 2941 3312 καινὴ,
2973 3242 3326 3312 θεόπνευστός
3359 3233 3473 3304 ἐστι
3508 3231 3902 3329 καὶ-ὠιρέλιμος

2335 3324 2468 3395 πρὸς
2490 3326 2855 3396 διδασκαλίαν,
2881 3332 2956 3395 ῶς
2985 3335 3292 3407 γέγραπται
3317 3356 3330 3369 ·
3365 3339 3475 3412 ἔχει
3507 3343 3563 3395 δέ
3596 3362 3715 3398 τινα
3746 3324 3902 3402 πιδα-

2469 3420 2848 3492 παρατήρησιν
2880 3426 2991 3488 τοῖς
3038 3428 3394 3500 προσέχουσιν
3447 3435 3478 3503 ἡ
3515 3434 3619 3488 τῶν
3652 3436 3898 3509 Ψαλμῶν

2329 3505 2774 3602 βίϐλοςκεκάστη
2824 3514 2922 3584 μὲν
2952 3516 3060 3588 γὰρ
3087 3518 3266 3588 βίϐλος
3296 3523 3356 3575 τὸ
3396 3524 3522 3579 ίδιον
3573 3505 3895 3602 ἐπάγγελμα

2323 3596 2557 3653 διακονεί
2582 3602 2674 3655 καὶ
2704 3604 3062 3684 ἀπαγγέλλει’
3097 3603 3206 3663 οἷον
3235 3613 3267 3682 ὴ
3298 3614 3661 3688 Πεντάτευχος
3683 3596 3896 3688 γένεσιν

2321 3691 2523 3762 κόσμου
2558 3695 2652 3748 καὶ
2680 3696 2787 3750 τῶν
2810 3701 3163 3773 πατριάρχῶν
3189 3703 3286 3769 τὰς
3317 3707 3557 3778 πράξεις
3591 3712 3690 3783 τήν
3713 3731 3771 3767 τε
3795 3716 3892 3770 ἀπ’

2317 3786 2589 3854 Αἰγύπτου
2621 3789 2714 3843 τοῦ
2758 3793 2969 3864 Ἰσραὴλ
3001 3793 3194 3864 ἔξοδον,
3218 3799 3310 3852 καὶ
3337 3801 3434 3872 τὴν
3456 3802 3553 3873 τῆς
3574 3806 3890 3876 νομοθεσίας

2315 3879 2552 3972 διάταξιν
2570 3899 2584 3912 ο
2616 3885 2648 3953 ἠ
2675 3884 2966 3956 Τρίτευχος
2996 3889 3096 3959 τὴν
3119 3889 3218 3960 κλη
3229 3891 3488 3960 ροδοσίαν,
3521 3897 3612 3950 καὶ
3635 3898 3742 3951 τῶν
3766 3918 3888 3972 κρι-

2314 3971 2423 4023 τῶν
2451 3965 2549 4036 τᾶς
2582 3973 2827 4045 πράξεις,
2851 3979 2943 4030 καὶ
2976 3981 3320 4049 γενεαλογίαν
3345 3985 3438 4038 τοῦ
3468 3988 3631 4041 Δαϐίδ
3649 4007 3660 4019 ·
3691 3993 3747 4044 al
3779 3965 3884 4046 έα-

2315 4064 2506 4119 σιλεῖαι
2533 4067 2624 4119 καὶ
2657 4070 3128 4143 Παραλειπόμεναι
3160 4073 3422 4144 βασιλέων
3451 4079 3674 4150 πράξεις
3693 4099 3705 4112 ·
3736 4085 3828 4138 καὶ
3852 4089 3882 4140 ό

2315 4159 2410 4258 μὲν
2447 4160 2677 4258 Ἔσδρας
2697 4163 2956 4219 ἀπόλυσιν
2975 4166 3076 4238 τῆς
3100 4169 3472 4240 αἰχμαλωσίας
3502 4175 3597 4227 καὶ
3624 4176 3880 4232 ἐπάνοδον
3981 4251 3988 4258 ἢ

638 4264 1026 4332 structionem;
1079 4262 1362 4335 Propheta:
1391 4305 1405 4330 ,
1456 4265 1768 4336 prophetias
1824 4265 1892 4322 de
1970 4267 2201 4323 adventu

2323 4250 2401 4303 τοῦ
2418 4251 2572 4318 λαοῦ,
2602 4255 2694 4306 καὶ
2719 4255 3004 4327 οἰκοδομὴν
3033 4258 3128 4312 τοῦ
3157 4256 3284 4314 ναοῦ
3317 4263 3411 4316 καὶ
3441 4263 3538 4335 τῆς
3566 4266 3801 4330 πόλεως·
3826 4271 3876 4323 oi

636 4357 966 4426 Salvatoris,
1018 4357 1084 4414 de
1132 4358 1412 4429 praceptis
1460 4358 1742 4414 servandis
1786 4359 2015 4426 monita,
2064 4376 2205 4430 prae-

632 4451 987 4506 varicantium
1013 4449 1482 4521 reprehensiones,
1502 4450 1811 4520 prophetias
1847 4449 1914 4514 de
1930 4452 2197 4521 gentibus.

630 4546 700 4600 At
739 4546 873 4600 liber
914 4543 1275 4608 Psalmorum,
1323 4545 1568 4599 omnium
1613 4543 1950 4615 reliquorum
1989 4543 2198 4600 fructus

630 4638 787 4706 quasi
826 4637 1017 4694 insitos
1045 4637 1100 4692 in
1129 4653 1187 4693 se
1219 4637 1527 4705 continens,
1563 4647 1756 4693 cantus
1798 4638 1929 4703 edit,
1977 4649 2032 4692 et
2072 4654 2196 4708 pro-

626 4733 775 4801 prios
804 4732 1026 4805 insuper
1065 4747 1191 4788 cum
1233 4731 1368 4802 ipsis
1401 4732 1541 4787 inter
1573 4733 1912 4802 psallendum
1952 4732 2191 4790 exhibet.

695 4922 749 4976 3.
781 4921 915 4976 Nam
937 4937 1056 4992 quae
1078 4921 1313 4977 Genesin
1349 4930 1596 4992 spectant
1621 4921 1802 4992 psallit
1853 4922 2065 4991 psalmo
2095 4923 2192 4977 de-

625 5022 764 5077 cimo
795 5031 1025 5076 octavo:
1067 5018 1196 5074 ειείί
1242 5029 1493 5074 enarrant
1536 5021 1760 5089 gloriam
1788 5017 1904 5086 Dei,
1947 5027 1997 5073 et
2030 5034 2189 5087 opera

620 5129 871 5166 manuum
914 5113 1026 5180 ejus
1070 5112 1349 5165 annuntiat
1395 5111 1822 5179 ﬁrmamentum;
1865 5117 1918 5164 et
1979 5109 2187 5175 psalmo

619 5206 875 5261 vicesimo
894 5205 1050 5259 tertio
1080 5224 1093 5258 :
1123 5203 1333 5257 Domini
1360 5213 1436 5256 est
1469 5215 1630 5268 terra,
1663 5211 1712 5255 et
1740 5202 2008 5271 plenitudo
2028 5202 2140 5271 ejus
2165 5220 2182 5256 :

615 5298 758 5351 orbis
796 5307 1085 5360 terrarum,
1124 5305 1173 5348 et
1212 5296 1438 5348 universi
1473 5295 1562 5364 qui
1598 5293 1836 5347 habitant
1864 5295 1917 5346 in
1949 5311 2026 5347 eo.
2061 5292 2182 5363 Ipse

618 5408 772 5461 super
805 5393 979 5445 maria
1022 5389 1262 5458 fundavit
1299 5405 1436 5443 eam.
1478 5387 1611 5455 Quae
1639 5404 1765 5443 vero
1794 5388 1860 5443 ad
1911 5385 2178 5451 Exodum,

617 5481 904 5550 Numeros,
946 5482 1424 5538 Deuteronomium
1465 5481 1756 5551 pertinent,
1789 5479 2011 5550 pulchre
2036 5479 2182 5532 canit

617 5581 675 5634 in
708 5576 1102 5648 septuagesimo
1132 5574 1381 5643 septimo,
1430 5575 1728 5629 centesimo
1756 5574 1968 5628 decimo
1999 5573 2175 5635 tertio.

618 5675 704 5729 his
741 5671 921 5727 verbis
950 5690 961 5724 :
985 5668 1014 5724 Ι
1019 5687 1050 5722 ιι
1065 5671 1209 5724 exitu
1240 5667 1409 5722 Israel
1433 5667 1496 5720 de
1519 5666 1771 5738 As'gypto,
1798 5667 1983 5723 domus
2007 5667 2170 5722 Iacob

609 5768 671 5820 de
686 5764 875 5835 populo
900 5765 1142 5830 barbaro,
1173 5765 1314 5831 facta
1344 5773 1420 5817 est
1439 5761 1630 5819 Juda'a
1653 5765 2003 5834 sanctiﬁcatio
2028 5763 2165 5833 ejus,

680 5901 754 5966 (l)
794 5901 912 5955 Τῶν
947 5900 1162 5956 πάντων
1188 5902 1272 5959 ed.

2305 4344 2362 4396 δὲ
2384 4347 2661 4416 Προφῆται
2683 4349 3017 4419 προφητείας
3048 4353 3172 4424 περὶ
3204 4355 3304 4424 τῆς
3326 4356 3616 4428 ἐπιδημίας
3645 4359 3737 4412 τοῦ
3763 4362 3877 4415 Σω-

2302 4437 2488 4508 τῆρος,
2513 4439 2844 4512 ὑπομνήσεις
2863 4459 2923 4495 τε
2956 4444 3084 4515 περὶ
3111 4444 3218 4499 τῶν
3246 4447 3495 4513 ἐντολῶν,
3518 4453 3611 4505 καὶ
3638 4453 3874 4524 μέμψεις

2303 4531 2440 4584 κατὰ
2466 4531 2572 4584 τῶν
2600 4533 3057 4604 παραϐαινόντων,
3101 4541 3194 4592 καὶ
3227 4542 3559 4614 προφητείας
3584 4548 3692 4608 τοῖς
3723 4544 3873 4600 ἔθνε-

2302 4639 2402 4675 σιν.
2421 4623 2484 4675 Ἡ
2531 4623 2588 4676 δέ
2635 4641 2697 4692 γε
2737 4623 2917 4695 βίϐλος
2957 4627 3065 4682 τῶν
3106 4629 3374 4700 Ψαλμῶν,
3420 4632 3494 4696 ὼς
3547 4634 3871 4705 παράδεισος

2296 4715 2364 4768 τὰ
2393 4716 2470 4786 (l)
2506 4716 2563 4769 ὲν
2589 4717 2725 4788 αὐτῇ
2781 4717 3017 4790 φέρουσα
3047 4720 3292 4793 μελῳδεῖ.
3327 4723 3418 4776 καὶ
3445 4723 3512 4778 τὰ
3547 4724 3651 4780 [δια
3674 4725 3729 4779 δὲ
3761 4725 3867 4780 πά-

2296 4804 2377 4858 λιν
2406 4807 2521 4877 μετ’
2550 4806 2727 4859 αὐτῶν
2757 4807 3032 4878 ψάλλουσα
3064 4810 3320 4865 δείκνυσι.

2366 4903 2433 4965 γ’.
2476 4898 2556 4952 Τὰ
2589 4899 2684 4969 μὲν
2715 4898 2820 4970 γὰρ
2851 4898 2949 4969 τῆς
2975 4889 3246 4964 Γενέσεως
3272 4901 3461 4971 ψάλλει
3495 4904 3550 4958 ὲν
3581 4903 3658 4974 τῷ
3688 4904 3864 4957 ὀκτω-

2294 4987 2624 5059 καιδεκάτῳο
2683 4991 2746 5042 Ol
2787 4989 3026 5057 οὐρανοὶ
3076 4989 3419 5059 διηγοῦνται
3463 4993 3650 5057 δόξαν
3691 4995 3861 5060 Θεοῦ,

2292 5081 2540 5150 ποίησιν
2566 5080 2634 5134 δὲ
2664 5080 2878 5151 χειρῶν
2913 5083 3098 5136 αὑτοῦ
3123 5083 3475 5153 ἀναγγέλλει
3508 5085 3574 5138 τὸ
3612 5087 3862 5156 στερέω-

2284 5189 2399 5242 μα·
2433 5173 2523 5226 καὶ
2552 5174 2609 5226 ἐν
2640 5173 2715 5245 τῷ
2745 5179 2828 5242 κγ’
2847 5190 2862 5204 ·
2905 5172 3015 5228 Τοῦ
3042 5175 3263 5242 Κυρίου
3296 5177 3333 5244 ἡ
3367 5172 3442 5244 τῆ
3468 5177 3565 5230 καὶ
3598 5177 3664 5231 τὸ
3705 5179 3864 5244 πλή-

2280 5283 2446 5336 ρωμα
2469 5265 2677 5335 αὐτῆς,
2695 5269 2734 5336 ἡ
2755 5266 3070 5338 οἰκουμένη
3093 5269 3189 5322 καὶ
3207 5267 3428 5333 πάντες
3442 5271 3496 5322 ol
3511 5271 3859 5324 κατοικοῦν-

2287 5375 2384 5423 τες
2412 5360 2480 5412 ἐν
2509 5358 2693 5427 αὐτῇ·
2740 5361 2921 5426 αὐτὸς
2960 5361 3058 5415 ἐπὶ
3095 5362 3423 5417 θαλασσῶν
3463 5362 3860 5431 ἐθεμελίωσεν

2283 5451 2494 5516 αὑτήν.
2529 5452 2607 5505 Τὰ
2636 5452 2692 5506 δὲ
2722 5454 2819 5524 τῆς
2846 5453 3054 5520 Ἐξόδου
3087 5455 3178 5507 καὶ
3206 5453 3314 5508 τῶν
3342 5454 3614 5527 Ἀριθμῶν
3641 5457 3732 5508 καὶ
3759 5456 3855 5509 τοῦ

2285 5544 2698 5616 Δευτερονομίου
2725 5545 2840 5617 ᾅδει
2864 5545 3040 5610 καλῶς
3069 5547 3125 5599 ὲν
3145 5545 3222 5617 τῷ
3241 5546 3622 5619 ἑϐδομηκοστῷ
3643 5547 3857 5618 ἑὸδόμῳ

2287 5639 2503 5711 ψαλμῷ,
2538 5641 2631 5693 καὶ
2671 5642 2728 5694 ὲν
2757 5639 2834 5711 τῷ
2867 5640 3140 5712 ἑκατοστῷ
3170 5641 3597 5713 τρισκαιδεκάτῳ
3629 5640 3850 5712 ψαλμῷ.

2281 5731 2486 5802 λέγων·
2534 5733 2629 5786 Ἐν
2671 5732 2858 5801 ἐξόδῳ
2900 5733 3132 5804 Ἰσραὴλ
3180 5734 3248 5800 ἐξ
3298 5735 3594 5805 Αἰγύπτου
3623 5775 3638 5799 ,
3679 5734 3853 5790 οἰκον
