4122 6488
193 440 254 493 13
1314 439 1640 494 EPISTOLA
1678 437 1768 492 AD
1807 433 2330 492 MARCELLINUH.
3355 421 3418 483 M

202 557 392 611 Ἰακὼϐ
407 558 479 612 ἐκ
510 553 1007 626 λαοῦβαρδάρου,
1037 560 1288 630 ἐγενήθη
1319 561 1563 615 Ἰουδαία
1590 561 1751 629 ἁγία-

1861 557 2032 610 Israel
2072 565 2301 626 potestas
2348 554 2480 624 ejus.
2533 552 2608 607 Ea
2644 554 2759 622 ipsa
2803 551 2982 621 psallit
3016 551 3068 602 in
3125 547 3420 604 centesimo

187 666 303 716 σμα
337 651 554 716 αὐτοῦ,
574 652 808 720 Ἰσραὴλ
828 655 914 717 είς
933 653 1221 716 ἐξουσίαν
1240 654 1442 706 αὑτοῦ.
1469 651 1673 705 manu
1696 651 1755 704 δὲ

189 741 273 793 καὶ
329 741 507 794 ταῦτα
537 745 598 796 ἐν
630 744 708 814 τῷ
738 744 1008 814 ἑκατοπῷ
1035 745 1296 815 τετάρτῳ·
1341 743 1754 807 Ἑξαπέστειλε

191 831 450 899 Μωῦσῆν
470 835 588 886 τὸν
608 834 831 888 δοῦλον
851 834 1053 896 αὑτοῦ,
1073 834 1304 902 Ἀαρὼν,
1334 833 1406 887 ὃν
1436 833 1752 898 ἐξελέξατο

188 924 363 974 αὐτόν
382 939 396 953 ο
423 923 599 977 ἔθετο
627 926 697 978 ἐν
731 925 934 989 αὐτοῖς
955 924 1096 988 τοὺς
1114 926 1333 993 λόγους
1358 942 1476 976 των
1494 923 1755 991 σημείων

187 1013 364 1066 αὐτοῦ
385 1015 487 1068 καὶ
511 1015 634 1070 τῶν
655 1015 910 1085 τεράτων
935 1016 1119 1070 αὐτοῦ
1143 1016 1213 1069 ἐν
1361 1015 1506 1083 Χὰμ.
1541 1014 1749 1078 Ἑξαπ-

188 1105 414 1159 ἑστειλε
436 1110 686 1173 σκότος,
725 1109 823 1162 καὶ
849 1109 1162 1172 ἐσκότασε,
1188 1107 1283 1161 καὶ
1309 1107 1752 1175 παρεπίκραναν

169 1189 320 1262 ’τοὺς
341 1200 574 1266 λόγους
605 1198 808 1252 αὑτοῦ.
846 1198 1222 1267 Μετέστρεψε
1249 1199 1320 1251 τὰ
1350 1198 1537 1250 ὕδατα
1558 1198 1752 1251 αὐτῶν

186 1291 267 1352 εις
289 1285 452 1358 αἷμα,
471 1292 576 1343 καὶ
608 1291 914 1344 ἀπέκτεινε
934 1291 1074 1354 τοὺς
1098 1291 1304 1359 ἰχθύας
1323 1290 1536 1344 αὐτῶν.
1556 1288 1753 1357 Ἐξῆρ-

188 1385 298 1447 ψεν
327 1382 365 1446 ἠ
403 1379 482 1449 γῆ
522 1381 726 1435 αὐτῶν
746 1382 1088 1450 βατράχους
1116 1382 1186 1434 ἐν
1220 1382 1340 1446 τοῖς
1360 1381 1617 1450 ταμείοις
1639 1379 1756 1433 τῶν

181 1471 488 1534 βασιλέων
532 1472 750 1527 αὐτῶν.
783 1470 962 1537 Eius,
992 1474 1089 1526 καὶ
1137 1469 1282 1543 ἦλθε
1323 1475 1613 1540 κυνάμυια
1655 1470 1753 1524 καὶ

187 1563 433 1631 σκνῖρες
456 1565 530 1617 ἐν
551 1563 700 1618 πᾶσι
733 1566 856 1629 τοῖς
881 1567 1063 1635 όρίοις
1093 1565 1307 1618 αὐτῶν.
1341 1566 1449 1619 Καὶ
1479 1565 1614 1627 ὅλως
1633 1564 1752 1616 ὅλον

187 1671 240 1705 τε
267 1655 355 1706 τὸν
387 1656 611 1726 ψαλμὸν
655 1657 840 1711 τοῦτόν
870 1675 930 1711 τε
974 1659 1068 1711 καὶ
1115 1658 1305 1710 ἑκατὸν
1352 1657 1596 1727 πέμπτον
1627 1655 1755 1726 περὶ

185 1744 286 1796 τῶν
329 1747 514 1800 αὐτῶν
567 1748 711 1802 ἐστιν
754 1749 932 1818 εὑρεῖν
965 1749 1367 1819 γεγραμμένον.
1395 1748 1502 1800 Καὶ
1548 1747 1616 1799 τὰ
1660 1748 1756 1817 μὲν

189 1837 450 1906 ίερατείας
483 1838 583 1891 καὶ
610 1839 709 1908 τῆς
739 1839 938 1910 σκηνῆς
955 1840 1226 1908 ἀναφωνεῖ
1250 1840 1308 1890 ὲν
1346 1837 1531 1906 ὲξοδίῳ
1559 1838 1763 1907 σκηνῆς

1849 659 2044 720 quarto
2081 667 2092 700 :
2131 647 2279 700 Misit
2334 647 2547 715 Moysen
2583 659 2784 699 servum
2829 659 3006 705 suum,
3032 643 3230 704 Aaron,
3269 650 3419 708 quem

1849 742 2000 811 elegit
2048 741 2220 808 ipsum
2251 755 2268 792 .'
2300 740 2473 808 posuit
2501 740 2555 790 in
2584 738 2658 790 eis
2705 734 2859 789 verba
2885 735 3154 803 signorum
3185 747 3419 788 suorum.

1849 843 1897 886 et
1939 833 2304 902 prodigiorum
2359 833 2603 892 in_terra
2648 827 2832 880 Cltam.
2887 826 3036 879 Misit
3088 823 3320 877 tenebras
3373 830 3420 871 et

1851 923 2164 988 obscuravit,
2212 933 2261 976 et
2308 921 2749 975 exacerbaverunt
2793 933 3049 970 sermones
3099 932 3239 968 suos.
3281 910 3420 965 Con-

1853 1016 2008 1071 vertit
2041 1031 2206 1084 aquas
2244 1029 2423 1067 eorum
2456 1013 2508 1065 in
2530 1012 2855 1080 .sanguinem
2891 1026 2907 1061 :
2944 1019 2990 1060 et
3033 1008 3221 1060 occidit
3258 1005 3421 1072 pisces

1854 1123 2053 1160 eorum.
2103 1105 2288 1158 Edidit
2337 1116 2477 1157 terra
2531 1119 2708 1156 eorum
2759 1118 2917 1154 ranas
2964 1101 3016 1152 in
3074 1095 3420 1165 penetralibus

1857 1214 2033 1269 regum
2057 1198 2310 1265 ipsorum.
2346 1195 2490 1248 Dixit
2519 1211 2536 1247 :
2563 1205 2610 1248 et
2635 1195 2768 1247 venit
2800 1191 3087 1259 ccenomyia
3115 1201 3163 1242 et
3194 1186 3422 1254 ciniplies

1859 1291 1914 1342 in
1952 1288 2188 1341 omnibus
2225 1287 2418 1356 ﬁnibus
2446 1301 2646 1338 eorum.
2681 1284 2858 1352 Atque
2892 1282 3158 1349 integrum
3200 1277 3424 1328 omnino

1859 1381 2128 1450 psalmum
2160 1380 2347 1442 istum,
2388 1387 2440 1431 et
2472 1377 2826 1432 centesimum
2867 1373 3114 1443 quintum
3140 1369 3204 1422 de
3233 1366 3422 1422 iisdem

1860 1471 2025 1525 rebus
2057 1468 2424 1537 conscriptum
2456 1481 2575 1520 esse
2595 1464 2990 1534 deprehendere
3018 1469 3119 1515 est.
3145 1459 3274 1524 Quae
3295 1471 3424 1510 vero

1857 1559 2219 1615 sacerdotium
2274 1555 2788 1620 Iabernaculumque
2837 1559 3113 1621 spectant,
3160 1548 3322 1602 refert
3369 1548 3422 1597 in

1867 1651 2016 1706 exitu
2065 1648 2418 1709 tabernaculi,
2455 1646 2710 1700 vicesimo
2743 1653 2932 1698 octavo
2953 1642 3160 1710 psalmo
3191 1658 3204 1693 :
3232 1638 3426 1706 Aﬂ'erte

1871 1743 2120 1804 Domino,
2170 1741 2271 1807 ﬁlii
2317 1739 2446 1801 Dei,
2487 1739 2671 1806 afferte
2716 1735 2939 1788 Domino
2986 1733 3126 1803 ﬁlios
3170 1730 3423 1792 arietum,

1870 1835 2051 1903 afferte
2085 1833 2308 1886 Domino
2346 1832 2569 1900 gloriam
2601 1839 2648 1883 et
2690 1829 2954 1881 honorem.

189 1929 240 1980 ὲν
269 1929 344 2000 τῷ
389 1937 476 2000 κη’
503 1930 736 2000 ψαλμῷ·
774 1930 1083 2000 Ἐνέγκατε
1103 1929 1182 1995 τῷ
1203 1931 1415 1997 Κυρίῳ,
1444 1929 1558 1982 vlol
1584 1926 1752 1994 Θεοῦ,
1791 1925 2070 1996 ἐνέγκατε
2099 1923 2175 1987 τῷ
2197 1923 2386 1990 Κυρίῳ
2411 1921 2576 1984 υἱοὺς
2608 1920 2803 1987 κριῶν,
2827 1914 3100 1986 ἐνέγκατε
3122 1912 3200 1978 τῷ
3231 1910 3426 1979 Κῳίῴ

186 2018 363 2081 δόξαν
387 2021 489 2072 καὶ
520 2022 723 2088 τιμήν.

243 2113 302 2166 δ’.
325 2113 405 2166 Τὰ
433 2112 494 2165 δὲ
518 2113 616 2166 τοῦ
649 2114 801 2184 Ναυῆ
833 2113 927 2167 καὶ
954 2113 1065 2167 τῶν
1093 2113 1307 2184 Κριτῶν
1339 2111 1589 2182 ἐμφαίνει
1626 2129 1743 2175 πως

1911 2108 1964 2161 4.
1995 2105 2100 2160 Res
2121 2119 2245 2160 vero
2272 2102 2401 2158 Jesu
2451 2101 2595 2157 Nave
2632 2110 2686 2156 et
2723 2097 2972 2154 Iudicum
3018 2098 3187 2169 tangit
3217 2095 3425 2166 psalmo

187 2208 240 2258 ὲν
276 2206 352 2276 τῷ
395 2205 681 2277 ἑκατοστῷ
717 2207 878 2277 ἕκτῳ,
913 2207 1117 2276 λέγων’
1167 2206 1274 2260 Καὶ
1303 2205 1762 2272 συνεστήσαντο

186 2301 384 2365 πόλεις
442 2301 850 2365 κατοικεσίας,
899 2301 998 2354 καὶ
1042 2303 1328 2369 ἐσπειραν
1377 2302 1616 2370 ἀγροὺς,
1668 2303 1764 2356 καὶ

185 2391 530 2459 ἐφύτευσαν
561 2389 934 2459 ἀμπελῶνας.
952 2393 1072 2445 Ἐπὶ
1100 2393 1206 2464 γὰρ
1233 2392 1324 2445 τοῦ
1353 2393 1508 2463 Ναυῆ
1531 2393 1755 2447 διαδέδοο

185 2499 266 2535 ται
296 2482 483 2546 αὐτοῖς
504 2485 540 2555 ἠ
569 2485 638 2553 γῆ
665 2484 762 2555 τῆς
793 2485 1142 2554 ἐπαγγελίας.
1172 2485 1360 2552 Λέγων
1388 2486 1444 2538 δὲ
1472 2486 1529 2538 ὲν
1555 2487 1633 2556 τῷ
1663 2488 1760 2540 αὑ-

183 2574 254 2642 τῷ
295 2575 498 2645 ψαλμῷ
542 2576 781 2646 συνεχῶς
800 2592 814 2608 ο
843 2576 952 2631 Kal
989 2577 1318 2645 ἑκέκραξαν
1359 2578 1509 2645 πρὸς
1546 2579 1764 2644 Κύριον

183 2667 247 2717 ἐν
266 2666 344 2732 τῷ
363 2669 679 2722 θλίϐεσθαι
702 2668 949 2733 αὐτοὺς,
991 2668 1090 2722 καὶ
1116 2669 1184 2721 ὲκ
1212 2665 1330 2720 τῶν
1352 2666 1628 2738 ἀναγκῶν
1652 2668 1760 2720 αὐ-

184 2758 294 2811 τῶν
323 2759 568 2813 ἔσωσεν
597 2761 817 2824 αὐτούς
836 2776 848 2789 ο
888 2759 1141 2830 σημαίνει
1170 2757 1276 2811 τῶν
1313 2759 1530 2828 Κριτῶν
1553 2759 1652 2830 τὴν
1681 2758 1761 2828 βί-

186 2850 326 2902 ϐλον·
361 2853 489 2905 τότε
521 2850 632 2921 γὰρ
678 2849 984 2922 κραζόντων
1024 2849 1203 2903 αὐτῶν
1249 2851 1436 2920 ἠγειρε
1489 2848 1629 2903 κατὰ
1669 2850 1759 2903 τὸν

186 2942 364 3009 καιρὸν
393 2941 617 3012 κριτὰς,
646 2942 739 2993 καὶ
762 2941 930 3002 ἔσωζε
953 2940 1042 2992 τὸν
1061 2939 1187 2992 λαὸν
1211 2941 1319 2993 ἀπὸ
1338 2939 1446 2994 τῶν
1474 2940 1760 2994 θλιϐόντων

185 3030 392 3094 αὐτούς.
431 3032 546 3083 Καὶ
575 3029 642 3086 τὰ
675 3029 783 3083 τῶν
813 3029 1109 3084 Βασιλειῶν
1131 3030 1323 3099 ψάλλει
1356 3046 1472 3091 πως
1499 3032 1557 3082 ὲν
1577 3030 1654 3098 τῷ
1675 3032 1760 3081 ὲν-

185 3121 607 3191 νεακαιδεκάτῳ,
627 3120 801 3188 λέγων
819 3136 832 3150 ·
862 3115 1039 3176 Οὗτοι
1063 3120 1134 3174 ἐν
1151 3120 1371 3188 ἅρμασι
1383 3118 1483 3173 καὶ
1509 3113 1671 3174 οὗτοι
1690 3119 1761 3172 ἐν

184 3213 400 3279 ἵπποις,
435 3212 612 3283 ἡμεῖς
658 3212 728 3264 δὲ
770 3211 841 3264 ἐν
891 3198 1133 3280 ὀνόματι
1162 3212 1384 3279 Κυρίου
1415 3210 1564 3264 Θεοῦ
1590 3210 1760 3280 ἡμῶν

178 3305 772 3372 μεταλυνθησόμεθα.
820 3301 1002 3355 Αὐτοὶ
1061 3302 1595 3370 συνεποδίσθησαν
1655 3302 1755 3356 καὶ

181 3398 424 3463 ἔπεσαν,
471 3395 646 3466 ἡμεῖς
690 3394 758 3448 δὲ
797 3394 1135 3465 ἀνέστημεν
1171 3395 1270 3449 καί
1310 3396 1751 3464 ἁνωρθώθημεν.

1865 2199 2160 2254 centesimo
2212 2204 2393 2260 seno,
2443 2197 2522 2250 sic
2570 2213 2582 2246 :
2635 2193 2701 2246 Et
2759 2194 3140 2247 constituerunt
3190 2190 3423 2243 civitates

1861 2291 2226 2356 habitationis,
2265 2298 2315 2343 et
2348 2289 2729 2342 seminaverunt
2763 2303 2936 2356 agros,
2978 2293 3027 2338 et
3056 2278 3421 2354 plantaverunt

1865 2385 2060 2438 vineas.
2099 2381 2232 2435 Nam
2279 2380 2382 2434 sub
2422 2379 2550 2434 Jesu
2598 2379 2742 2433 Nave
2774 2379 2965 2432 tradita
3001 2377 3108 2432 illis
3140 2372 3242 2431 fuit
3285 2386 3424 2430 terra

1862 2473 2260 2542 promissionis.
2310 2471 2448 2526 Cum
2490 2480 2669 2524 autem
2714 2469 2768 2522 in
2811 2484 2876 2523 eo
2917 2469 3035 2538 ipso
3074 2467 3282 2538 psalmo
3313 2467 3425 2521 fre-

1859 2576 2086 2635 quenter
2115 2565 2261 2620 dicat
2301 2583 2313 2617 :
2365 2563 2430 2616 Et
2476 2563 2832 2616 clamauerunt
2864 2559 2932 2614 ad
2977 2558 3258 2614 Dominum
3307 2577 3425 2613 cum

1861 2657 2260 2722 tribularentur,
2285 2667 2332 2708 et
2358 2656 2421 2708 de
2450 2655 2842 2709 necessitatibus
2859 2650 3289 2707 eorumlibcravit
3306 2667 3424 2705 eos:

1859 2748 2053 2802 librum
2078 2745 2330 2800 Judicum
2375 2745 2596 2799 indicat.
2628 2743 2766 2797 Tum
2806 2743 2950 2797 enim
2981 2742 3113 2812 ipsis
3143 2742 3426 2797 clamanti-

1859 2839 1982 2902 bus,
2037 2838 2204 2893 variis
2258 2837 2593 2908 temporibus
2635 2836 2846 2905 judices
2878 2835 3176 2899 excitabat,
3228 2833 3428 2888 libera-

1857 2929 2055 2999 batque
2098 2927 2358 2999 populum
2399 2929 2468 2982 ab
2499 2928 2566 2983 iis
2599 2927 2691 2998 qui
2742 2927 2915 2996 ipsum
2973 2926 3284 2995 aiiligerent.
3319 2924 3424 2980 Re-

1860 3034 2090 3087 gnorum
2146 3034 2361 3089 quoque
2416 3019 2674 3074 historias
2727 3019 3127 3088 quodammodo
3179 3018 3327 3072 canit
3368 3019 3422 3072 in

1861 3108 2070 3162 decimo
2095 3124 2240 3161 nono
2273 3111 2458 3163 dicens
2490 3128 2504 3162 :
2541 3108 2613 3161 Hi
2648 3110 2702 3161 in
2731 3106 2992 3172 curribus,
3023 3117 3072 3160 et
3096 3104 3151 3161 lii
3179 3110 3232 3162 in
3257 3111 3422 3178 equis.

1859 3216 1952 3253 nos
1981 3208 2157 3254 autem
2196 3201 2253 3253 in
2287 3201 2492 3253 nomine
2538 3199 2747 3252 Domini
2779 3200 2876 3253 Dei
2927 3201 3095 3253 nostri
3120 3202 3425 3270 magniﬁca-

1858 3291 2048 3346 bimur.
2091 3290 2205 3359 Ipsi
2233 3292 2470 3360 impediti
2503 3301 2644 3354 sunt,
2677 3300 2727 3344 et
2758 3289 3089 3356 ceciderunt;
3125 3308 3216 3345 nos
3249 3295 3422 3346 autem

1856 3384 2199 3448 surreximus,
2249 3391 2301 3436 et
2359 3384 2517 3435 erecti
2574 3398 2776 3436 sumus.
2827 3381 3065 3448 Domine,
3094 3385 3293 3438 salvum
3337 3387 3423 3454 [ac

182 3490 370 3558 Κύριε,
393 3488 612 3545 σῶσον
637 3486 744 3542 τὸν
767 3486 1050 3552 βασιλέα,
1084 3487 1181 3541 καί
1209 3487 1553 3542 ἐπάκουσον
1584 3485 1751 3556 ἡμῶν

1854 3491 2041 3544 regem,
2077 3485 2125 3528 et
2168 3474 2361 3528 exaudi
2397 3489 2489 3527 nos
2520 3474 2576 3526 in
2624 3472 2708 3526 die
2753 3490 2856 3542 qua
2904 3476 3310 3529 invocaverimus
3353 3485 3421 3530 te.

181 3579 245 3632 ἐν
267 3575 304 3650 ᾖ
324 3580 402 3632 ἂν
424 3579 616 3647 ἡμέρᾳ
637 3576 1125 3647 ἐπικαλεσώμεθά
1150 3593 1243 3632 σε.
1260 3577 1341 3630 Τὰ
1365 3577 1420 3629 δὲ
1441 3575 1535 3629 τοῦ
1551 3577 1753 3648 Ἐσδρα

181 3670 236 3723 ἐν
265 3670 338 3740 τῷ
371 3668 801 3737 ἑκατονεικυστῷ
831 3668 1066 3738 πέμπτῳ
1110 3669 1220 3722 τῶν
1259 3666 1585 3737 ἀναϐαθμῶν
1605 3666 1718 3738 ᾅδει
1736 3683 1749 3697 ο

191 3762 280 3813 Ἑν
301 3762 382 3826 τῷ
400 3759 765 3828 ἐπιστρέψαι
782 3761 999 3828 Κύριον
1020 3759 1133 3826 τὴν
1154 3760 1566 3828 αἰχμαλωσίαν
1580 3757 1752 3820 Σιὼν,

177 3849 546 3921 ἐγενήθημεν
565 3851 711 3907 ὡσεὶ
730 3851 1241 3921 παρακεκλημένοι
1257 3868 1270 3881 ·
1297 3852 1390 3904 καὶ
1420 3850 1579 3903 πάλιν
1601 3853 1658 3903 ὲν
1677 3850 1754 3920 τῷ

179 3942 601 4012 ἑκατονεικοστῷ
633 3942 834 4013 πρώτῳ
854 3960 868 3973 ⁸
899 3941 1256 4012 Εὑφράνθην
1301 3942 1398 3994 ἐπι
1439 3940 1563 4006 τοῖς
1601 3941 1754 4007 εἰρη-

177 4033 309 4084 κόσι
336 4048 443 4098 μοι
469 4047 485 4062 ⁸
510 4031 616 4094 Εὶς
652 4026 820 4084 οἷκον
841 4033 1059 4098 Κυρίου
1091 4031 1528 4100 πορευσώμεθα.
1547 4029 1754 4083 Ἑστῶ-

176 4137 269 4186 τες
297 4118 472 4191 ἦσαν
509 4124 562 4175 οἱ
593 4121 774 4187 πόδες
818 4120 979 4190 ἡμῶν
1015 4123 1084 4174 ἐν
1112 4123 1240 4188 ταῖς
1263 4122 1476 4186 αὐλαῖς
1509 4137 1645 4186 σου,
1663 4123 1753 4175 Ἱε-

167 4213 515 4282 ρουσαλήμ.
533 4213 916 4283 Ἰερουσαλὴμ
958 4211 1422 4281 οἰκοδομουμένη
1445 4213 1524 4277 ὡς
1551 4213 1750 4276 πόλις,

173 4300 292 4373 ἧςὴ
303 4305 540 4374 μετοχὴ
561 4305 751 4373 αὐτῆς
775 4306 871 4359 ἐπὶ
890 4305 954 4358 τὸ
975 4306 1122 4358 αὐτό
1137 4322 1148 4334 ·
1172 4304 1300 4357 ἐκεῖ
1321 4303 1428 4373 γὰρ
1448 4301 1752 4369 ἀνέϐησαν

173 4397 228 4446 al
254 4396 474 4462 φυλαὶ,
493 4397 552 4448 al
570 4393 756 4463 φυλαὶ
771 4396 1012 4461 Κυρίου,
1036 4396 1358 4463 μαρτύριον
1390 4393 1467 4459 τῷ
1493 4393 1748 4462 Ἰσραήλ.

237 4493 294 4539 ε’.
334 4488 418 4541 Τά
450 4503 512 4539 τε
539 4485 644 4538 τῶν
688 4486 988 4557 Προφτιτῶν
1009 4486 1192 4556 σχεδὸν
1221 4486 1279 4537 ἐν
1312 4486 1524 4555 ἑκάστῳ
1554 4486 1751 4556 σημαί-

175 4593 271 4631 νει.
307 4578 456 4649 Περὶ
484 4577 579 4647 τῆς
607 4577 699 4630 τοῦ
731 4577 981 4647 Σωτῆρος
1030 4577 1342 4648 ἐπιδημίας,
1385 4578 1476 4629 καὶ
1520 4579 1604 4630 ὅτι
1653 4579 1750 4648 μὲν

171 4670 296 4733 Θεὸς
340 4671 417 4724 ὢν
469 4669 814 4740 ὲπιδημήσει,
843 4669 1012 4734 οὕτως
1059 4670 1224 4739 φησὶν
1253 4672 1308 4721 ἐν
1339 4670 1436 4739 μὲν
1461 4671 1536 4740 τῷ
1556 4689 1750 4725 τεσσα-

175 4762 419 4832 ρακοστῷ
466 4761 667 4830 ὲννάτῳ
705 4760 901 4830 ψαλμῷ
922 4778 935 4790 ·
978 4763 1031 4812 '0
1064 4761 1275 4830 Κύριος
1294 4761 1568 4830 ἐμφανῶς
1595 4762 1745 4829 ἥξει,

1856 3563 1986 3629 Quae
2025 3579 2187 3633 porro
2216 3562 2442 3617 Esdram
2489 3572 2734 3632 Spectant
2757 3563 2809 3616 in
2837 3563 3132 3617 centesimo
3162 3565 3422 3619 vicesimo

1854 3655 2043 3726 quinto
2071 3654 2334 3726 graduum
2360 3655 2610 3710 decantat
2645 3672 2658 3708 :
2699 3646 2765 3707 In
2796 3655 3133 3710 convertenda
3167 3655 3420 3710 Dominus

1856 3747 2209 3815 captivitatem
2241 3744 2389 3809 Sion,
2443 3747 2573 3815 facti
2625 3761 2807 3801 sumus
2853 3749 2989 3800 sicut
3042 3747 3319 3802 consolati.
3356 3749 3424 3802 Et

1855 3853 2070 3890 rursum
2100 3837 2155 3891 in
2182 3838 2477 3892 centesimo
2499 3837 2755 3890 vicesimo
2788 3839 2961 3906 primo
2995 3857 3007 3892 :
3040 3838 3272 3892 Lwtatus
3302 3857 3419 3893 sum

1853 3927 1906 3980 in
1940 3927 2039 3992 his,
2068 3944 2184 3992 qua
2210 3928 2352 3979 dicta
2381 3935 2504 3980 sunt
2535 3927 2661 3978 mihi
2691 3941 2710 3979 :
2750 3927 2816 3980 In
2844 3927 3055 3982 domum
3085 3930 3293 3987 Domini
3318 3934 3419 3988 ibi-

1854 4034 1988 4070 mus.
2026 4015 2233 4070 Stantes
2259 4027 2406 4071 erant
2442 4019 2594 4086 pedes
2622 4020 2786 4070 nostri
2827 4019 2882 4071 in
2916 4021 3069 4074 atriis
3109 4023 3235 4086 tuis,
3261 4022 3418 4078 Jeru-

1854 4107 2036 4160 salem.
2073 4106 2369 4163 Jerusalem
2392 4146 2405 4171 ,
2446 4123 2562 4176 qua:
2595 4105 2891 4175 wdi/icatur
2925 4119 2982 4161 ut
3025 4113 3228 4176 civitas,
3267 4116 3418 4184 cujus

1852 4198 2191 4265 participatio
2230 4199 2341 4266 ejus
2372 4200 2425 4250 in
2457 4198 2704 4266 idipsum.
2737 4197 2874 4252 Illuc
2912 4203 3047 4254 enim
3076 4207 3416 4261 ascenderunt

1855 4288 2054 4353 tribus,
2091 4289 2255 4342 tribus
2287 4290 2516 4356 Domini,
2560 4291 2910 4345 testimoniunt
2947 4293 3137 4350 Israel.

1919 4484 1968 4536 5.
1992 4483 2121 4549 Qua:
2153 4492 2329 4537 autem
2366 4484 2754 4554 Prophetarum
2784 4497 2929 4554 sunt,
2955 4489 3006 4542 in
3031 4491 3257 4562 singulis
3279 4509 3412 4562 pene

1852 4575 2072 4643 psalmis
2106 4576 2393 4643 significat.
2425 4575 2497 4630 De
2529 4579 2756 4633 adventu
2815 4579 3130 4647 Salvatoris,
3178 4592 3232 4637 et
3266 4588 3411 4654 quod

1852 4666 1993 4721 Deus
2029 4684 2150 4722 cum
2192 4669 2283 4732 sit,
2335 4679 2593 4724 venturus
2639 4675 2727 4738 sit,
2769 4675 2840 4728 ita
2868 4676 2921 4728 in
2950 4678 3158 4746 psalmo
3191 4682 3408 4749 quidem

1850 4758 2265 4827 quadragesimo
2300 4775 2442 4814 nono
2483 4763 2583 4816 ait:
2611 4763 2750 4818 Deus
2773 4768 3042 4836 manifeste
3063 4771 3244 4834 veniet,
3271 4771 3409 4826 Deus

171 4854 203 4904 ό
231 4851 374 4917 Θεὸς
415 4850 609 4920 ἡμῶν,
636 4850 734 4903 καὶ
776 4853 847 4904 οὐ
891 4850 1440 4918 παρασιωπήσεται·
1481 4853 1538 4903 ὲν
1571 4851 1624 4903 δὲ
1669 4853 1746 4922 τῷ

1854 4857 2042 4910 noster,
2070 4857 2119 4900 et
2143 4864 2242 4900 non
2269 4850 2483 4916 silebit;
2512 4854 2562 4905 in
2591 4857 2884 4910 cenlesimo
2906 4859 3117 4912 decimo
3145 4863 3407 4930 septimo:

171 4939 450 5012 ἑκατοστῷ
474 4939 913 5011 ἑπτακαιδεκάτῳ
932 4957 944 4968 ·
971 4939 1390 5008 Εὐλογημένος
1432 4944 1464 4994 ό
1506 4942 1744 5008 ἐρχόμε-

171 5047 269 5098 νος
297 5033 367 5086 ἐν
395 5033 645 5101 ὀνόματι
666 5032 906 5100 Κυρίου.
927 5032 1357 5101 Εὐλογήκαμεν
1377 5032 1532 5100 ὑμᾶς
1569 5031 1635 5096 ἐξ
1661 5033 1744 5084 οἵ-

172 5138 274 5175 κου
313 5124 575 5192 Κυρίου·
633 5123 775 5188 Θεὸς
819 5124 1051 5190 Κύριος,
1099 5123 1199 5177 καί
1247 5123 1545 5191 ἐπέφανεν
1578 5123 1737 5190 ἡμῖν.

175 5209 286 5262 Ὀτι
315 5209 372 5264 δὲ
399 5202 558 5274 οὗτός
579 5211 725 5263 ἐστιν
745 5212 774 5262 ό
801 5211 895 5264 τοῦ
919 5211 1133 5283 [ἰατρὸς
1159 5211 1350 5278 Λόγος,
1381 5211 1552 5274 οὕτως
1580 5211 1637 5265 ὲν
1663 5210 1740 5281 τῷ

173 5299 444 5372 ἑκατοστῷ
471 5300 616 5370 ἕκτῳ
637 5301 826 5370 ψάλλει
852 5318 866 5333 ο
905 5303 1245 5357 Ἀπέστειλε
1278 5303 1386 5358 τὸν
1426 5307 1619 5374 Λόγον
1636 5308 1739 5360 αὐ-

171 5390 291 5453 τοῦ,
320 5392 420 5446 καί
468 5391 679 5445 ίὰσατο
701 5393 941 5458 αὐτοὺς,
974 5393 1071 5446 καί
1093 5395 1383 5462 ἐρῤύσατο
1415 5394 1635 5459 αὐτοὺς
1670 5395 1738 5448 ἐκ

172 5479 285 5533 τῶν
307 5481 652 5552 διαφθορῶν
668 5483 886 5539 αὐτῶν.
907 5485 964 5537 '0
986 5484 1094 5554 γὰρ
1115 5486 1404 5556 ἐρχόμενος
1427 5487 1558 5550 Θεὸς
1577 5486 1737 5552 αὐτός

175 5570 282 5623 ἔστι
307 5573 401 5625 καὶ
428 5572 600 5640 Λόγος
624 5573 1101 5643 ἀποστελλόμενος.
1138 5575 1337 5628 Τοῦτον
1366 5576 1423 5628 δὲ
1457 5577 1547 5629 τὸν
1568 5577 1736 5645 Λόγον

175 5659 317 5724 εἰδὼς
337 5663 464 5716 ὄντα
490 5664 582 5716 τὸν
609 5664 738 5717 Υἰὸν
758 5664 850 5718 τοῦ
876 5665 1029 5727 Θεοῦ,
1055 5666 1167 5736 ᾄδει
1193 5668 1375 5738 φωνὴν
1399 5668 1491 5720 τοῦ
1522 5669 1734 5738 Πατρὸς

174 5753 226 5803 ἐν
258 5755 332 5825 τῷ
358 5756 778 5827 τεσσαρακοστῷ
802 5757 1040 5829 τετάρτῳ
1068 5756 1266 5828 ψαλμῷ
1286 5775 1298 5788 ο
1343 5758 1732 5828 Ἑξηρεύξατο

175 5843 211 5908 ἡ
240 5846 439 5914 καρδία
459 5866 584 5918 μου
611 5849 805 5918 Λόγον
831 5849 1047 5918 ἀγαθόν
1074 5865 1087 5879 ·
1120 5850 1211 5903 καὶ
1242 5849 1399 5904 πάλιν
1420 5854 1475 5904 ἂν
1501 5851 1577 5922 τῷ
1602 5853 1730 5905 ἐκα-

1847 4939 2284 5010 Benedictus,qui
2307 4945 2437 4996 venit
2466 4946 2516 4996 in
2547 4949 2750 4999 nomine
2781 4947 3011 5002 Domini.
3038 4949 3407 5010 Benediximus

1846 5027 1987 5080 vobis
2027 5027 2089 5079 de
2121 5028 2274 5081 domo
2311 5029 2552 5096 Domini;
2578 5033 2714 5087 Deus
2748 5036 2997 5091 Dominus
3034 5049 3083 5092 et
3113 5041 3289 5096 illuxit
3316 5062 3407 5097 no-

1848 5121 1946 5174 bis.
1992 5119 2145 5185 Quod
2180 5132 2356 5175 autcm
2402 5125 2516 5194 ipse
2549 5125 2619 5179 sit
2661 5126 2836 5182 Patris
2863 5127 3120 5194 Verbum,
3163 5133 3236 5187 ita
3263 5138 3403 5192 canit

1846 5212 1901 5265 in
1935 5213 2232 5268 centesimo
2258 5225 2414 5268 sexto
2446 5233 2458 5268 :
2500 5215 2644 5268 Misit
2687 5216 2904 5272 Verbum
2934 5239 3107 5287 suum,
3131 5232 3178 5277 et
3199 5230 3405 5282 sanavit

1841 5319 1950 5369 eos,
1981 5313 2029 5356 et
2045 5306 2237 5374 eripuit
2261 5322 2344 5359 eos
2367 5307 2429 5358 de
2445 5307 2832 5364 lnteritionibus
2854 5328 3050 5366 eorum.
3072 5313 3214 5369 Deus
3233 5318 3397 5379 enim.

1842 5395 1934 5463 qui
1963 5395 2129 5460 venit,
2178 5406 2260 5451 est
2309 5398 2489 5466 ipsum
2518 5397 2774 5466 Verbum,
2819 5403 2961 5470 quod
3001 5403 3224 5459 missum
3281 5406 3392 5464 fuit.

1843 5483 1956 5541 Hoc
1983 5502 2146 5556 porro
2173 5487 2407 5543 Verbum
2444 5505 2564 5544 cum
2597 5492 2758 5546 sciret
2785 5505 2905 5547 esse
2941 5496 3027 5549 Dei
3059 5496 3274 5566 Filium,
3304 5516 3400 5555 vo-

1842 5592 1958 5632 cem
1987 5577 2161 5633 Patris
2190 5580 2336 5633 canit
2363 5581 2415 5633 in
2441 5581 2855 5651 quadragesimo
2880 5597 3104 5654 quarto:
3127 5587 3400 5653 Eructavif

1843 5686 1933 5722 cor
1970 5686 2137 5722 meum
2177 5669 2394 5722 Verbum
2440 5673 2663 5736 bonum;
2694 5684 2746 5728 et
2777 5675 2969 5731 iterum
3012 5679 3064 5733 in
3106 5685 3394 5741 centesimo

1843 5774 1988 5819 nono
2010 5779 2024 5814 :
2046 5759 2128 5812 Ea:
2164 5771 2311 5814 utero
2337 5772 2458 5815 ante
2480 5762 2782 5832 Luciferum
2813 5771 2966 5837 genui
3002 5780 3066 5825 te.
3093 5769 3229 5839 Quid
3254 5776 3398 5830 enim

1840 5849 1984 5905 aliud
2025 5851 2147 5919 quis
2212 5851 2408 5907 dixerit
2445 5855 2650 5932 prolem
2694 5855 2887 5925 Patris,
2929 5879 3091 5929 quam
3140 5863 3395 5935 Verbum,
