4122 6506
659 427 726 480 15
767 437 782 461 ⁸
1503 427 1559 479 S.
1604 426 1982 481 ATHANASII
2021 426 2171 482 OPP.
2215 427 2398 485 PARS
2437 427 2525 484 lli.
2563 458 2634 472 -—
2670 428 3080 487 EXEGETICA.
3860 434 3927 490 i6

657 560 709 601 et
748 545 1081 617 Sapientiam
1106 545 1318 614 ipsius?
1345 544 1478 599 Cum
1499 547 1665 601 sciret
1686 548 1851 617 igitur
1876 548 2053 618 ipsum
2086 564 2230 610 esse.

2341 550 2516 621 τοστῷ
2571 552 2811 622 ὲννάτῳ·
2856 552 2950 605 Ἐκ
2994 552 3253 621 γαστρὸς
3285 553 3399 622 πρὸ
3444 553 3780 625 Ἑωσφόρου
3827 556 3925 620 ἐξ·

656 641 710 692 in
746 654 856 710 quo
910 638 1069 694 Pater
1102 640 1275 692 dixit:
1317 637 1441 691 Fiat
1486 638 1601 706 lux,
1648 650 1697 693 et
1728 641 2142 709 ﬁrmamentum,
2190 652 2235 695 et

2342 643 2645 713 εγέννησά
2670 660 2762 698 σε.
2792 644 2857 697 Τί
2883 645 2990 716 γὰρ
3017 644 3082 698 ἂν
3108 645 3235 699 ἄλλο
3267 663 3350 710 τις
3378 646 3520 700 εἴποι
3553 648 3795 719 γέννημα
3834 648 3930 701 τοῦ

656 730 833 783 omnia
880 730 922 795 ⁸,
955 730 1117 783 etiam
1150 729 1284 783 liber
1331 730 1417 784 hic
1450 727 1789 785 Psalmorum
1828 730 1967 786 idem
1998 732 2235 786 continet

2343 735 2556 806 Πάτρος
2600 735 2634 805 ἢ
2681 734 2772 787 τὸν
2817 734 2987 803 Λόγον
3021 734 3114 787 καὶ⁸
3147 734 3245 805 τὴν
3273 735 3473 805 Σοφίαν
3494 736 3692 803 admovi;
3728 737 3929 790 Τοῦτον

654 825 844 877 dicens
890 824 943 876 in
1003 823 1280 877 tricesimo
1329 825 1613 878 secundo:
1669 823 1832 878 Verbo
1880 822 2092 877 Domini
2126 822 2235 876 cali

2343 827 2511 879 εἰδυῖα
2535 825 2684 891 ὄντα,
2710 818 2754 893 ᾧ
2784 821 2937 879 εἶπεν
2972 827 3001 879 ὀ
3036 827 3227 897 Πατήρ
3249 843 3262 857 ’
3294 827 3611 894 Γενηθήτω
3645 827 3790 898 φῶς,
3828 830 3927 881 καὶ

653 917 857 987 ﬁrmati
883 924 1023 977 sunt,
1051 923 1098 968 et
1131 916 1323 983 spiritu
1354 916 1460 967 oris
1499 917 1611 984 ejus
1644 916 1813 970 omnis
1840 914 2007 969 virtus
2033 931 2235 969 eorum.

2342 908 2662 986 στερέωμα,
2689 916 2878 971 καὶτὰ
2899 915 3120 983 πάντα,
3141 918 3235 969 καὶ
3258 916 3398 989 αὕτη
3423 920 3455 988 ἡ
3484 918 3663 989 βίϐλος
3687 918 3930 989 περιέχει

654 1006 885 1075 λέγουσα
923 1007 1027 1076 (2)·
1065 1006 1150 1071 Τῷ
1175 1007 1574 1076 ΛότῳΚιιρίου
1599 1010 1650 1061 ol
1684 1011 1926 1076 οὐρανοὶ
1955 1008 2427 1078 ἐστερεώθησαν,
2469 1010 2565 1063 καὶ
2598 1007 2679 1074 τῷ
2709 1012 2999 1081 πνεύματι
3046 1010 3153 1065 τοῦ
3200 1012 3496 1081 στόματος
3532 1012 3717 1077 αὑτοῦ
3761 1010 3931 1067 πᾶσα

656 1102 694 1169 ἡ
730 1100 979 1169 δύναμις
1005 1099 1223 1155 αὐτῶν.

725 1194 775 1246 6.
805 1191 945 1258 Quin
994 1202 1047 1245 et
1098 1192 1372 1247 Christum
1430 1195 1604 1267 ipsum
1656 1207 1945 1252 venturum
2010 1199 2235 1254 minime

654 1286 956 1355 ignoravit;
994 1286 1103 1339 imo
1146 1301 1205 1339 ea
1251 1287 1317 1341 de
1364 1302 1422 1341 re
1469 1291 1797 1345 mentionem
1849 1290 1979 1345 facit
2024 1292 2235 1361 psalmo

651 1372 1067 1443 quadragesimo
1108 1386 1304 1444 quarto
1338 1392 1350 1427 :
1398 1376 1636 1432 Thronus
1670 1388 1810 1445 tuus,
1848 1380 2008 1445 Deus,
2048 1382 2106 1435 in
2139 1398 2237 1436 ste-

653 1465 830 1517 culum
863 1465 1079 1529 seaculi;
1115 1469 1256 1536 virga
1280 1471 1608 1533 dirertionis,
1646 1473 1791 1543 virga
1823 1474 1966 1544 regni
2007 1476 2103 1529 tui.
2140 1473 2237 1527 Di-

652 1558 828 1609 lexisti
871 1557 1181 1625 justitiam,
1235 1568 1283 1611 et
1333 1563 1492 1615 odisti
1542 1564 1910 1633 iniquitatem,
1964 1576 2235 1635 propterea

653 1650 803 1701 unxit
845 1660 891 1702 te
924 1646 1062 1703 Deus
1098 1650 1234 1704 Deus
1264 1660 1383 1705 tuus
1429 1653 1541 1707 oleo
1582 1654 1783 1709 (milia:
1818 1673 1929 1726 pra:
1965 1660 2227 1711 consorti-

651 1740 745 1793 bus
788 1744 910 1793 tuis.
966 1740 1030 1795 Et
1074 1758 1140 1797 ne
1186 1746 1311 1814 quis
1370 1763 1494 1801 eum
1547 1750 1846 1804 secundum
1890 1751 2231 1820 phantasiam

2416 1204 2497 1263 ς’.
2521 1196 2630 1250 Καὶ
2653 1195 2884 1267 Χριστὸν
2905 1194 2961 1247 δὲ
2995 1193 3159 1246 αὑτὸν
3206 1192 3497 1264 ἐρχόμενον
3517 1192 3615 1245 οὐκ
3632 1192 3929 1262 ἠγνόησεν⁹

2342 1289 2482 1343 ἀλλὰ
2513 1288 2606 1341 καὶ
2641 1286 2874 1357 μάλιστα
2902 1284 3031 1357 περὶ
3061 1285 3250 1338 τούτου
3284 1284 3430 1352 λέγει
3465 1285 3522 1335 ὲν
3550 1281 3627 1351 τῷ
3656 1298 3928 1353 τεσσαρα-

2343 1380 2519 1451 κοστῷ
2541 1380 2784 1451 τετάρτῳ
2813 1376 3011 1447 ψαλμῷ
3030 1393 3043 1405 ·
3079 1376 3141 1428 '0
3170 1378 3384 1444 θρόνος
3414 1389 3559 1441 σου,
3589 1378 3620 1428 d
3651 1368 3813 1439 Θεὸς,
3843 1376 3931 1439 είς

2340 1470 2446 1525 τὸν
2482 1468 2669 1524 αἰῶνα
2710 1469 2815 1523 τοῦ
2846 1467 3095 1535 αὶῶνος’
3144 1468 3367 1537 ῥάϐδος
3403 1468 3727 1532 εὐθύτητος
3755 1466 3793 1533 ή
3815 1464 3927 1532 ρά-

2339 1562 2477 1628 ϐδος
2512 1560 2623 1629 τῆς
2660 1561 2981 1626 βασιλείας
3029 1576 3165 1613 σου.
3232 1557 3578 1627 Ἡγὰπησας
3619 1555 3927 1611 δικαιοσύ-

2339 1671 2471 1721 νην,
2500 1654 2597 1707 καὶ
2640 1654 2939 1722 ἐμίσησας
2972 1652 3212 1706 ἀδικίαν
3235 1668 3248 1682 ο
3280 1650 3377 1705 διὰ
3408 1650 3583 1705 τοῦτο
3620 1648 3827 1719 ἐχρισέ
3856 1666 3931 1702 σε

2336 1750 2368 1801 ό
2396 1746 2539 1812 Θεὸς
2563 1749 2595 1799 ό
2619 1746 2762 1811 Θεός
2785 1761 2901 1799 σου
2923 1744 3131 1799 ἔλαιον
3155 1742 3577 1816 ἀγαλλιάσεως
3603 1741 3762 1811 παρὰ
3788 1744 3931 1807 τοὺς

652 1837 865 1892 venisse
902 1840 1199 1894 arbitretur
1225 1880 1238 1903 ,
1274 1841 1545 1912 signiﬁcat
1584 1859 1707 1898 eum
1744 1844 1921 1914 ipsum
1962 1842 2235 1899 hominem

2338 1840 2630 1908 μετόχους
2661 1854 2803 1891 σου.
2865 1837 2977 1891 Καὶ
3002 1838 3087 1891 ἵνα
3115 1837 3189 1909 μὴ
3222 1837 3361 1891 κατὰ
3396 1835 3694 1907 φαντασίαν
3725 1851 3809 1898 τις
3842 1835 3932 1905 ἔρ-

650 1928 917 1993 l'uturum,
957 1933 1219 2003 illumque
1246 1949 1368 1989 esse
1388 1951 1483 2005 per
1510 1952 1670 2006 quem
1710 1938 1895 1991 omnia
1922 1936 2061 1992 facta
2090 1947 2239 2001 sunt,

655 2036 781 2075 cum
812 2022 945 2078 dicit
974 2024 1026 2077 in
1058 2026 1268 2093 psalmo
1298 2029 1629 2098 octogesimo
1660 2040 1814 2085 sexto
1846 2048 1859 2084 :
1910 2028 2081 2083 Mater
2113 2027 2240 2083 Sion

657 2115 795 2168 dicet
825 2132 841 2170 :
869 2114 1067 2182 Homo,
1105 2128 1153 2172 et
1191 2118 1344 2173 homo
1375 2130 1533 2174 natus
1564 2134 1639 2176 est
1672 2122 1725 2175 in
1766 2139 1848 2185 ea,
1887 2131 1936 2175 et
1974 2123 2081 2189 ipse
2115 2120 2239 2190 fun-

661 2205 805 2259 davit
845 2222 961 2259 eam
999 2208 1325 2262 Altissimus.
1372 2206 1485 2264 Hoc
1527 2211 1671 2263 enim
1715 2211 1939 2280 perinde
1986 2220 2069 2265 est
2101 2225 2163 2265 ac
2195 2211 2239 2265 si

652 2299 904 2353 diceret:
953 2297 1022 2352 Et
1071 2299 1205 2352 Deus
1250 2310 1363 2353 erat
1418 2298 1672 2365 Verbum;
1716 2303 1893 2357 omnia
1936 2319 2027 2371 per
2070 2304 2240 2373 ipsum

651 2390 797 2460 facta
827 2400 985 2455 sunt;
1027 2401 1075 2443 et
1113 2390 1335 2449 Verbum
1360 2408 1484 2445 caro
1510 2392 1711 2460 factum
1740 2406 1818 2447 est
1849 2395 1890 2446 ’.
1916 2392 2095 2459 Quare
2114 2409 2237 2449 cum

651 2501 715 2539 ex
769 2481 983 2554 Virgine
1012 2484 1352 2539 nasciturum
1381 2486 1563 2550 sciret,
1599 2500 1940 2555 nequaquam
1972 2486 2021 2539 id
2051 2486 2238 2549 siluit,

656 2575 749 2628 sed
783 2574 967 2629 statim
1017 2574 1182 2644 hujus
1230 2576 1307 2629 rei
1352 2575 1610 2630 indicium
1654 2577 1799 2633 dedit
1850 2576 1901 2629 in
1938 2576 2241 2647 quadrage-

651 2668 792 2719 simo
832 2674 1028 2735 quarto
1063 2682 1075 2716 ε
1120 2665 1283 2728 Audi,
1318 2665 1456 2734 ﬁlia,
1487 2676 1536 2720 et
1570 2666 1720 2728 ride,
1747 2676 1796 2720 et
1824 2666 2021 2719 inclina
2058 2682 2239 2720 aurem

652 2767 819 2821 tuam,
852 2766 901 2809 et
928 2755 1230 2809 obliviscere
1257 2755 1509 2825 populum
1540 2766 1688 2810 tuum
1723 2766 1771 2810 et
1814 2757 2026 2809 domum
2067 2757 2237 2825 patris

651 2848 750 2906 tui.
800 2849 925 2916 quia
968 2848 1298 2915 concupiscet
1346 2863 1437 2899 rea:
1485 2847 1722 2900 decorem
1776 2855 1945 2909 tuum,
1990 2847 2238 2915 quoniam

651 2940 761 3004 ipse
795 2946 870 2991 cst
906 2938 1161 2992 Dominus
1200 2947 1345 2992 tuus.
1395 2937 1507 2993 Hoc
1553 2938 1753 3008 quippe
1784 2937 1964 2991 simile
1996 2946 2078 2991 est
2113 2937 2238 2991 huic

656 3032 924 3087 Gabrielis
949 3032 1132 3086 dicto:
1161 3031 1287 3097 Ave,
1315 3032 1491 3101 gratia
1517 3030 1692 3100 plena,
1720 3030 1977 3084 Dominus
2006 3038 2173 3083 tecum
2194 3030 2234 3082 ⁸.

651 3123 787 3179 Nam
810 3126 899 3179 ubi
916 3139 1039 3179 eum
1061 3123 1338 3179 Christum
1364 3126 1609 3191 dixisset,
1631 3126 1926 3179 humanam
1949 3123 2129 3178 statim
2148 3138 2237 3192 ge-

2346 1931 2533 2002 χεσθαι
2562 1930 2722 1984 αὑτὸν
2754 1925 2933 2001 (εἶναι)
2982 1931 3179 2002 νομίσῃ
3198 1972 3213 1997 ,
3248 1929 3503 2000 σημαίνει
3532 1927 3693 1981 αὑτὸν
3718 1925 3930 1997 ᾶνθρω·

2347 2038 2445 2079 πον
2496 2021 2857 2091 γενησόμενον
2882 2060 2896 2083 ,
2944 2022 3037 2074 καὶ
3068 2019 3255 2073 τοῦτον
3288 2015 3426 2073 εἶναι
3457 2019 3523 2073 δι’
3552 2014 3611 2073 οὗ
3645 2018 3712 2071 τά
3753 2018 3931 2071 πάντα

2344 2113 2552 2181 γέγονε,
2581 2112 2750 2181 λέγων
2771 2115 2829 2165 ὲν
2850 2112 2927 2183 τῷ
2955 2112 3294 2185 ὀγδοηκοστῷ
3318 2112 3460 2182 ἕκτῳ
3484 2127 3497 2141 ·
3539 2110 3746 2179 Μήτηρ
3771 2108 3929 2165 Σιὼν

2341 2205 2492 2275 ἐρεῖ·
2521 2208 2887 2273 Ἄνθρωπος,
2929 2206 3028 2259 καὶ
3067 2205 3379 2273 ἄνθρωπος
3407 2203 3697 2275 ἐγεννήθη
3727 2204 3796 2257 ὲν
3822 2205 3929 2257 αὐ-

2342 2297 2418 2367 τῇ
2442 2339 2456 2362 ,
2497 2298 2595 2353 καί
2643 2296 2827 2363 αὐτὸς
2869 2297 3265 2367 ἐθεμελίωσεν
3295 2295 3491 2364 αὐτὴν
3530 2298 3562 2349 ό
3607 2296 3924 2364 ’Ὕψιστοᾳ

2342 2391 2512 2445 Τοῦτο
2537 2390 2644 2462 γὰρ
2680 2390 2790 2445 ἴσον
2826 2389 3051 2460 ἑστϊτῷ
3088 2390 3289 2443 εἰπεῖν’
3332 2388 3439 2442 Kal
3480 2387 3621 2453 Θεὸς
3647 2384 3725 2457 ἦν
3750 2390 3783 2440 ό
3817 2389 3929 2441 Ad-

2342 2497 2479 2551 γοςο
2514 2482 2710 2535 πάντα
2743 2481 2817 2535 δι’
2842 2480 3032 2536 αὑτοῦ
3057 2481 3313 2550 ἐγένετο,
3361 2480 3460 2533 καὶ
3486 2482 3518 2533 ό
3546 2480 3738 2548 Λόγος
3768 2477 3925 2546 σὰρξ

2337 2571 2596 2643 ἐγένετο.
2656 2574 2753 2625 Διὰ
2776 2573 2936 2627 τοῦτο
2961 2574 3054 2626 καὶ
3080 2574 3141 2626 τὸ
3162 2612 3176 2637 ,
3213 2574 3277 2625 ἐκ
3303 2569 3579 2643 Παρθένου
3597 2612 3612 2637 ,
3642 2568 3926 2638 γινώσκων

2340 2667 2440 2718 οὐκ
2474 2664 2812 2736 ἐσιώπησεν,
2996 2664 3157 2730 εὐθὺς
3194 2663 3429 2735 ἔμφασιν
3466 2680 3587 2716 τινα
3622 2662 3835 2717 δίδωσιν
3870 2665 3927 2715 εν

2338 2757 2416 2827 τῷ
2446 2757 2865 2829 τεσσαρακοστῷ
2916 2758 3164 2829 τετάρτῳ
3186 2756 3413 2828 ψαλμῷ,
3446 2756 3616 2825 λέγων
3637 2773 3651 2785 ·
3709 2757 3926 2811 Ἀκου-

2340 2867 2474 2914 σον,
2507 2851 2775 2920 θύγατερ,
2810 2850 2909 2904 καὶ
2934 2849 3045 2914 Ide,
3070 2848 3167 2903 καί
3192 2848 3402 2903 κλῖνον
3426 2848 3493 2903 τὸ
3516 2845 3626 2916 οὖς
3649 2862 3764 2902 σου
3783 2887 3799 2912 ,
3824 2848 3925 2900 καὶ

2338 2940 2626 2996 ἐπιλάθου
2647 2942 2755 2995 τοῦ
2774 2942 2929 2996 λαοῦ
2953 2957 3071 2997 σου
3099 2940 3198 2995 καὶ
3226 2940 3333 2995 τοῦ
3357 2941 3527 2995 οικου
3554 2940 3661 2994 τοῦ
3704 2942 3927 3008 πατρός

2338 3050 2474 3098 σου,
2493 3032 2583 3086 ὅτι
2601 3034 2981 3102 ἐπεθύμησεν
3000 3036 3033 3086 ὁ
3054 3032 3357 3099 ,βασιλεὺς
3374 3031 3483 3085 τοῦ
3502 3031 3767 3098 κάλλους
3786 3048 3922 3086 σου.

2340 3124 2509 3178 Τοῦτο
2533 3124 2641 3197 γὰρ
2664 3124 2826 3178 πάλιν
2849 3124 3033 3195 ὅμοιόν
3059 3126 3174 3179 ἔστι
3197 3122 3293 3177 τοῦ
3324 3124 3616 3195 λεγομένου
3650 3124 3801 3197 παρὰ
3829 3124 3923 3177 τοῦ

652 3219 987 3274 nerationem
1012 3234 1078 3274 ex
1099 3216 1321 3287 Virgine
1347 3215 1548 3270 factam
1572 3215 1872 3270 declaravit
1902 3214 1986 3270 his
2018 3214 2234 3270 verbis:

2342 3214 2581 3287 Γαϐριὴλ
2594 3232 2608 3246 ο
2632 3215 2829 3285 Χαῖρε,
2849 3214 3310 3285 κεχαριτωμένη,
3330 3218 3363 3269 ό
3382 3216 3598 3284 Κύριος
3614 3214 3762 3285 μετὰ
3785 3215 3922 3269 σοῦ.

655 3310 831 3373 Audi,
861 3309 998 3378 ﬁlia.
1044 3306 1109 3361 Et
1142 3306 1359 3363 Gabriel
1389 3304 1609 3376 quidem
1648 3321 1713 3361 ex
1743 3306 1964 3361 nomine
2009 3303 2233 3361 Mariam

655 3402 909 3472 appellat,
937 3400 1083 3471 quod
1116 3414 1310 3472 genere
1338 3400 1405 3453 ab
1433 3399 1523 3453 illa
1558 3399 1770 3454 alienus
1794 3408 1937 3453 esset
1962 3417 1973 3452 :
1994 3408 2048 3453 at
2069 3395 2233 3453 David

653 3495 826 3566 ipsam
854 3509 919 3549 ex
947 3509 1047 3549 suo
1073 3494 1282 3549 semine
1303 3492 1614 3555 oriundam,
1641 3492 1803 3546 tiliam
1830 3491 2021 3545 merito
2050 3500 2226 3545 vocat.

2344 3310 2451 3363 Kal
2478 3308 2584 3381 γὰρ
2612 3308 2851 3380 εἰρηκὼς
2880 3309 3044 3362 αὑτὸν
3076 3308 3313 3380 Χριστὸν
3332 3346 3347 3371 ,
3398 3306 3558 3370 εὐθὺς
3586 3308 3681 3359 καὶ
3704 3306 3802 3377 τὴν
3830 3307 3924 3359 ἀν-

2343 3401 2619 3473 θρωπίνην
2644 3401 2856 3471 γένεσιν
2883 3403 2946 3454 ὲκ
2976 3401 3075 3471 τῆς
3120 3400 3399 3471 Παρθένου
3430 3400 3686 3471 ἐδήλωσε,
3718 3399 3890 3467 λέγων
3908 3416 3920 3429 ·

2340 3494 2663 3557 Ἀκουσον,
2700 3494 2971 3563 θύγατερ.
3022 3492 3115 3545 Ἰδδ
3141 3494 3169 3545 ὀ
3201 3493 3298 3563 μὲν
3328 3490 3564 3563 Γαϐριὴλ
3586 3490 3645 3555 ἐξ
3666 3490 3926 3561 ὀνόματος

653 3588 808 3640 καλεῖ
839 3586 1057 3658 Μαρίαν
1077 3626 1092 3648 ,
1132 3585 1280 3652 ξένος
1322 3584 1397 3639 ὢν
1444 3584 1615 3655 αὐτῆς
1654 3583 1795 3637 κατὰ
1822 3583 1918 3655 τὴν
1950 3584 2161 3653 γένεσιν
2181 3600 2194 3615 ·
2230 3587 2259 3639 ὀ
2290 3586 2346 3640 δὲ
2372 3586 2536 3641 Δαϐὶδ
2568 3590 2631 3641 ὲκ
2660 3585 2754 3640 τοῦ
2781 3586 3092 3660 σπέρματος
3134 3582 3299 3639 αὑτοῦ
3345 3583 3712 3655 τυγχάνουσαν
3757 3582 3925 3654 αὐτὴν

646 3680 877 3742 εἰκότως
908 3677 1182 3751 Θυγατέρα
1220 3679 1530 3749 προσφωνεῖ
1558 3678 1779 3749 ταύτην.

728 3768 780 3822 7.
814 3766 916 3823 Ubi
968 3778 1157 3824 autem
1201 3767 1339 3822 dixit
1380 3766 1723 3821 Psalmorum
1782 3767 1918 3821 liber
1958 3767 2235 3823 hominem

643 3878 777 3917 eum
812 3861 1056 3916 luturum
1094 3875 1250 3923 esse,
1296 3867 1695 3930 consequenter
1723 3858 1877 3913 illum
1910 3873 2075 3913 carne
2112 3876 2235 3930 pas.

656 3952 871 4007 sibilem
903 3951 1194 4021 signiﬁcat.
1225 3950 1361 4003 Dum
1391 3960 1572 4005 autem
1600 3949 1747 4004 videt
1780 3948 1998 4005 futuras
2022 3947 2235 4005 Judreo-

658 4060 779 4098 rum
814 4044 1061 4105 insidias,
1092 4042 1240 4098 canit
1271 4042 1323 4095 in
1353 4042 1596 4097 secundo
1624 4041 1837 4111 psalmo
1873 4060 1885 4093 :
1924 4039 2099 4106 Quare
2131 4043 2235 4107 {re-

656 4144 897 4190 muerunt
920 4143 1115 4206 gentes,
1138 4141 1187 4187 et
1210 4132 1391 4204 populi
1410 4132 1651 4185 meditati
1689 4140 1811 4185 sunt
1837 4132 2020 4184 inania
2043 4132 2068 4185 2
2094 4133 2237 4185 Asti-

655 4237 830 4280 terunt
864 4240 1005 4295 reges
1037 4236 1212 4288 terra,
1237 4233 1285 4277 et
1326 4224 1585 4293 principes
1611 4230 1960 4277 convenerunt
1989 4222 2044 4275 in
2074 4239 2235 4275 unum

657 4320 905 4373 adversus
956 4316 1240 4371 Dominum
1284 4326 1332 4369 et
1383 4316 1632 4370 adversus
1678 4313 1947 4370 Christum
1995 4315 2129 4385 ejus.
2177 4315 2235 4369 ln

660 4410 917 4466 vicesimo
949 4420 1129 4465 autem
1180 4410 1357 4479 primo
1398 4410 1571 4479 ipsam
1616 4411 1809 4462 mortis
1859 4408 2126 4463 rationem
2169 4423 2231 4462 es

658 4518 890 4574 persona
939 4500 1235 4557 Salvatoris
1275 4502 1519 4571 loquitur
1571 4520 1583 4557 :
1635 4499 1700 4554 In
1739 4500 2002 4570 pulverem
2052 4502 2236 4555 mortis

654 4596 923 4651 deduxisti
980 4611 1078 4648 me.
1129 4592 1393 4659 Quoniam
1440 4594 1899 4648 circumdederunt
1953 4610 2032 4647 me
2083 4608 2235 4646 canes

659 4688 833 4755 multi,
857 4686 1142 4741 consilium
1166 4687 1573 4757 malignantium
1600 4686 1802 4740 obsedit
1829 4701 1927 4740 me.
1965 4684 2234 4738 Foderunt

660 4796 844 4833 manus
879 4794 1021 4831 meas
1056 4785 1105 4830 et
1150 4776 1303 4846 pedes
1338 4793 1478 4831 meos
1506 4817 1519 4839 ,
1557 4776 2019 4830 dinumeraverunt
2059 4776 2237 4828 omnia

660 4888 778 4926 ossa
823 4886 957 4925 mea.
1007 4869 1121 4941 Ipsi
1161 4886 1277 4924 vero
1313 4870 1776 4925 consideraverunt
1806 4878 1857 4922 et
1898 4868 2238 4939 inspexerunt

660 4979 777 5028 me;
809 4954 1102 5017 diviserunt
1133 4963 1234 5017 sibi
1274 4964 1582 5019 vestimenta
1614 4980 1728 5016 mea
1748 5004 1761 5027 ,
1788 4974 1837 5016 et
1866 4978 2021 5031 super
2045 4972 2236 5016 vestem

660 5072 829 5111 meam
869 5056 1123 5108 miserunt
1156 5066 1366 5109 sortem.
1413 5053 1567 5122 Quod
1603 5055 1679 5110 ait
1715 5064 1896 5110 autem
1946 5069 2143 5109 manus
2181 5062 2237 5109 et

658 5146 824 5219 pedes
849 5159 978 5199 suos
1010 5144 1291 5202 confossos
1322 5161 1462 5211 esse,
1486 5146 1616 5219 quid
1640 5146 1783 5201 aliud
1812 5159 1977 5215 quam
2016 5159 2235 5200 crucem

658 5236 967 5309 signiﬁcat?
1007 5235 1133 5293 Hrec
1176 5240 1360 5293 omnia
1402 5248 1691 5309 postquam
1732 5238 1959 5301 docuit,
2006 5236 2235 5306 adjicit,

662 5342 769 5379 non
812 5326 895 5381 sui
939 5341 1135 5391 causa,
1177 5327 1268 5381 sed
1312 5336 1531 5397 propter
1564 5342 1663 5381 nos
1698 5326 1751 5381 id
1778 5326 1887 5396 pati
1922 5324 2235 5381 Dominum.

661 5419 860 5487 Aitque
888 5434 1105 5473 rursum
1140 5434 1170 5473 e
1196 5434 1425 5489 persona
1464 5420 1582 5491 ejus
1612 5420 1665 5473 in
1694 5420 2030 5490 octogesimo
2065 5418 2237 5490 septi-

663 5528 789 5567 mo:
831 5510 997 5582 Super
1023 5531 1104 5569 me
1143 5515 1486 5583 conﬁrmatus
1515 5522 1591 5567 est
1626 5513 1779 5584 furor
1804 5522 1965 5577 tuus;
1992 5512 2045 5566 in
2082 5527 2239 5567 sexa-

661 5600 869 5672 gesimo
893 5613 1068 5657 autem
1098 5614 1289 5659 octavo
1321 5621 1333 5658 :
1382 5602 1513 5671 Qua
1542 5620 1646 5657 non
1684 5605 1869 5673 ra‘pui,
1901 5614 2022 5657 tunc
2056 5603 2236 5657 exsol-

734 5743 752 5771 ‘
784 5738 977 5796 Gencs.
1005 5757 1043 5809 ι,
1072 5741 1106 5795 5
1130 5756 1281 5812 seqq.

734 5879 812 5952 (ἲ)
866 5882 952 5935 Ἐν
979 5883 1285 5955 τριακοστῷ
1310 5883 1544 5955 δευτέρῳ
1571 5883 1657 5940 ed.

2408 3770 2439 3834 ζ
2452 3767 2625 3825 ’.Ἃνθ
2635 3784 2811 3840 ρωπον
2835 3766 2892 3820 δὲ
2917 3766 3078 3819 αὐτὸν
3102 3768 3354 3838 εἰρηκυῖα
3380 3767 3741 3837 γενησόμενον
3765 3806 3780 3829 ,
3804 3768 3926 3820 ἀκο-

2334 3864 2539 3926 λούθως
2559 3863 2652 3916 καὶ
2674 3860 2914 3933 παθητὸν
2934 3859 3097 3913 αὑτὸν
3120 3859 3282 3930 σαρκὶ
3300 3858 3572 3931 σημαίνει.
3597 3860 3709 3931 Τήν
3725 3876 3784 3912 τε
3804 3862 3926 3913 ἑπι-

2337 3956 2530 4028 ϐουλὴν
2562 3954 2713 4027 παρὰ
2744 3953 2852 4007 τῶν
2886 3952 3156 4007 Ἰουδαίων
3186 3952 3368 4024 ὀρῶσα
3397 3950 3709 4023 γινομένην,
3732 3950 3922 4022 ψάλλει

2338 4048 2396 4099 ὲν
2420 4046 2515 4117 μὲν
2538 4044 2614 4115 τῷ
2636 4043 2872 4115 δευτέρῳ
2893 4041 3095 4113 ψαλμῷ
3112 4060 3125 4075 ⁸
3165 4043 3299 4099 Ἵνα
3322 4043 3381 4097 τί
3410 4042 3717 4113 ἐφρύαξαν
3751 4042 3918 4109 ἔθνη,

2338 4139 2433 4193 καὶ
2447 4138 2581 4192 λαοί
2596 4136 2969 4206 ἐμελέτησαν
2982 4136 3158 4202 κενά;
3176 4135 3573 4205 Παρέστησαν
3582 4138 3637 4191 ol
3641 4135 3926 4202 βασιλεῖς

2338 4229 2450 4298 τῆς
2464 4228 2597 4299 τῆς,
2626 4229 2723 4283 καὶ
2748 4230 2803 4282 οι
2827 4226 3116 4297 ἄρχοντες
3137 4227 3541 4297 συνήχθησαν
3560 4228 3654 4281 ἐπὶ
3680 4227 3748 4282 τὸ
3774 4229 3923 4283 αὺτό

2338 4323 2487 4373 κατὰ
2502 4318 2607 4373 τοῦ
2624 4320 2847 4387 Κυρίου
2864 4318 3126 4373 καὶκατὰ
3142 4319 3248 4373 τοῦ
3264 4318 3523 4387 Χριστοῦ
3548 4317 3734 4373 αὑτοῦ
3752 4336 3767 4350 ο
3790 4322 3848 4373 ὲν
3866 4319 3922 4371 δὲ

2338 4410 2415 4480 τῷ
2442 4408 2669 4480 εἰκοστῷ
2703 4409 2798 4461 καὶ
2830 4407 3031 4481 πρώτῳ
3057 4410 3156 4482 τὴν
3186 4410 3446 4481 ποιότητα
3474 4409 3568 4463 τοῦ
3596 4409 3825 4464 θανάτου
3858 4392 3923 4463 ἐκ

2341 4501 2631 4573 προσώπου
2673 4503 2765 4556 τοῦ
2802 4502 3053 4573 Σωτῆρός
3080 4519 3277 4573 φησιν’
3325 4504 3429 4568 Εις
3478 4501 3631 4571 χοῦν
3664 4500 3922 4559 θανάτου

2338 4565 2669 4661 κατῆγῖιτές
2692 4608 2769 4661 με
2790 4608 2803 4623 ’
2838 4565 3317 4645 ὅτίόκύκλξυσάν
3474 4565 3653 4658 κύνες
3681 4589 3918 4653 πολλοὶ,

2338 4679 2658 4750 συναγωγὴ
2684 4679 3182 4751 πονηρευομένων
3201 4681 3524 4753 περιέσχον
3538 4698 3634 4752 με.
3660 4681 3923 4751 Ὠρυξαν

2338 4774 2541 4845 χεῖράς
2556 4793 2674 4845 μου
2700 4777 2796 4831 καὶ
2828 4776 3017 4842 πόδας
3036 4792 3177 4846 μου,
3206 4776 3616 4846 ἐξηρίθμησαν
3633 4775 3829 4829 πάντα
3849 4776 3922 4830 τὰ

2342 4865 2491 4923 ὀστᾶ
2509 4884 2649 4937 μου.
2694 4868 2873 4923 Αὐτοὶ
2902 4866 2971 4921 δὲ
2998 4868 3395 4935 κατενόησαν,
3429 4866 3526 4921 και
3549 4866 3790 4920 ἐπεῖδον
3812 4883 3889 4936 με
3906 4885 3919 4897 ·

2276 4948 2318 5005 D
2345 4954 2754 5025 διεμερίσαντο
2777 4957 2851 5010 τὰ
2880 4955 3078 5026 Iudaei
3102 4974 3223 5027 μου
3262 4956 3496 5023 ἑαυτοῖς
3518 4996 3532 5018 ,
3564 4956 3659 5010 καὶ
3684 4956 3781 5011 ἐπὶ
3815 4955 3924 5009 τὸν

2341 5049 2657 5118 ἱματισμόν
2679 5067 2797 5121 μου
2817 5050 3035 5103 ἔϐαλον
3048 5048 3297 5118 κλτϋον.
3326 5049 3399 5101 Τὸ
3416 5048 3473 5101 δὲ
3494 5049 3594 5113 τὰς
3616 5052 3803 5121 χεῖρας
3829 5052 3918 5106 καὶ

2341 5143 2466 5205 τοὺς
2510 5141 2674 5206 πόδας
2726 5140 3076 5213 ὀρύττεσθαι,
3118 5144 3171 5195 τί
3204 5143 3388 5211 ἕτερον
3425 5142 3458 5211 ἢ
3494 5142 3723 5213 σταυρὸν
3752 5142 3921 5209 λέγων

2342 5233 2594 5304 σημαίνει
2615 5253 2629 5301 ;
2656 5236 2838 5289 Πάντα
2860 5234 3034 5288 ταῦτα
3069 5234 3391 5288 διδάσκουσα
3415 5232 3767 5304 προστίθησιν
3788 5272 3801 5295 ,
3841 5234 3923 5285 ὅτι

2344 5326 2417 5399 μὴ
2441 5327 2507 5381 δι’
2523 5328 2733 5392 ἑαυτὸν,
2752 5328 2820 5381 δι’
2842 5329 2987 5399 ἡμᾶς
3012 5327 3067 5381 δὲ
3088 5326 3259 5381 ταῦτα
3287 5326 3487 5397 πάσχει
3512 5328 3540 5379 ὀ
3563 5326 3785 5397 Κύριος.
3813 5324 3923 5379 Kal

2341 5436 2505 5489 φησιν
2536 5421 2600 5473 ὲκ
2630 5418 2921 5491 προσώπου
2954 5418 3116 5473 πάλιν
3137 5417 3302 5473 αὐτοῦ
3324 5420 3381 5471 ὲν
3409 5416 3509 5488 μὲν
3532 5416 3611 5487 τῷ
3639 5415 3732 5479 πζ⁰
3750 5432 3763 5446 ’
3802 5417 3923 5467 Ἐπ’

2340 5510 2443 5581 ἐμὲ
2465 5511 2868 5582 ἐπεστηρίχθη
2903 5515 2937 5567 ό
2964 5512 3152 5583 θυμός
3180 5528 3297 5567 σου
3321 5527 3336 5543 ο
3363 5512 3423 5564 ἐν
3449 5509 3506 5563 δὲ
3533 5508 3612 5580 τῷ
3639 5505 3916 5579 ἑξηκοστῷ

2340 5604 2535 5678 ὀγδόῳ·
2579 5608 2647 5661 Ἀ
2686 5608 2797 5675 οὐχ
2824 5604 3091 5674 ἤρπασα,
3124 5607 3254 5659 τότε
3279 5603 3662 5659 detach-war.
3704 5600 3780 5654 Οὐ
3811 5600 3920 5671 γὰρ

1360 5745 1379 5774 ⁸
1412 5740 1569 5797 Joan.
1608 5759 1648 5805 ι,
1687 5744 1737 5809 l,
1763 5742 1817 5811 2,
1857 5744 1939 5798 14.
2017 5744 2037 5776 ³
2064 5743 2195 5800 Luc.
2242 5759 2282 5811 ι,
2318 5744 2407 5801 28.
