4122 6484
700 451 765 508 19
1537 444 1591 498 S.
1636 437 2003 495 ATHANASII
2045 435 2194 493 OPP.
2234 431 2414 488 PARS
2456 429 2544 485 Ill.
2580 460 2648 470 ——
2687 424 3091 483 EXEGETICA.
3857 422 3930 477 ΞΟ

698 561 925 630 gratiam
956 557 1297 611 administrat
1335 565 1388 609 et
1426 556 1640 623 implet;
1675 570 1787 608 sive
1834 552 2111 640 prophetia
2146 549 2243 609 sit,

2354 545 2510 615 χάριν
2533 543 2767 596 διακονεῖ
2786 541 2879 594 καὶ
2906 539 3119 609 πληροῖ,
3149 535 3257 589 εἴτε
3282 533 3581 606 προφητεία
3607 533 3753 588 ἐστὶν
3770 573 3788 599 ,
3820 536 3930 589 εἴτε

700 653 814 706 sive
844 650 1109 720 legislatio
1132 691 1146 714 ,
1179 650 1293 703 sive
1331 648 1571 702 historia:
1615 626 2098 708 commemoratio,
2144 641 2243 694 sive

2359 635 2669 705 νομοθεσία,
2701 632 2812 685 είτε
2835 632 2935 701 τῆς
2970 627 3209 699 ἱστορίας
3232 629 3265 697 ὴ
3293 627 3501 697 μνήμη,
3531 627 3639 679 εἴτε
3662 626 3771 679 τῶν
3796 626 3931 695 ψαλ-

701 742 1027 811 psalmorum
1056 739 1246 809 gratia.
1277 737 1414 792 Cum
1441 748 1617 790 autem
1650 751 1789 789 unus
1824 744 1985 802 atque
2012 732 2153 786 idem
2181 730 2243 784 sil

2361 727 2476 798 μῶν
2507 725 2543 797 ἡ
2581 726 2768 795 χάρις’
2810 721 2994 791 ἐπειδὴ
3026 720 3085 773 δὲ
3126 718 3185 771 τὸ
3218 716 3276 770 ἓν
3306 717 3399 770 καὶ
3441 716 3659 770 τὸαύτδ
3704 716 3930 787 Πνεῦμα

700 832 969 902 Spiritus,
1014 832 1170 899 cujus
1196 840 1322 885 sunt
1342 844 1531 882 omnes
1568 827 1893 889 divisiones,
1943 832 1996 879 ct
2029 823 2121 892 qui
2170 836 2256 876 εε-

697 922 931 977 cundum
980 930 1227 975 naturam
1279 919 1541 974 indivisns
1587 927 1698 981 est,
1748 916 1865 972 ideo
1910 916 1963 968 in
2007 932 2064 970 se
2110 923 2255 968 totus

698 1026 856 1084 atque
897 1016 1099 1082 integer
1125 1020 1210 1065 est
1259 1030 1271 1064 :
1306 1011 1399 1065 sed
1448 1010 1743 1065 secundum
1791 1006 2252 1062 subministratio-

696 1120 843 1164 nem,
884 1102 1349 1157 manifestationes
1381 1110 1435 1154 et
1482 1099 1776 1154 divisiones
1807 1097 2040 1166 Spiritus
2065 1096 2254 1165 singu-

697 1197 764 1250 lis
793 1196 946 1259 ﬁunt,
979 1211 1041 1249 ac
1065 1195 1317 1263 deinceps
1340 1194 1492 1262 juxta
1526 1202 1841 1260 praesentem
1877 1187 2251 1242 necessitatem

699 1286 899 1356 Spiritu
923 1288 1145 1341 edoctus
1170 1286 1401 1355 quisque
1433 1297 1737 1338 sermonem
1770 1279 2145 1341 administrat,
2177 1277 2251 1330 ita

696 1388 792 1439 ut,
829 1378 1280 1448 quemadmodum
1325 1391 1487 1443 supra
1533 1374 1642 1426 dixi
1669 1414 1683 1433 .
1720 1372 1993 1444 li-gislator
2040 1368 2251 1439 Moyses

696 1470 988 1540 aliquando
1018 1470 1298 1538 prophetet
1342 1476 1395 1519 et
1438 1475 1639 1529 canat,
1682 1473 1735 1517 et
1780 1462 2089 1531 prophetae,
2119 1459 2248 1513 dum

696 1561 1058 1614 vaticinantur
1081 1600 1095 1623 ,
1130 1567 1392 1627 praecepta
1420 1555 1634 1609 tradant
1670 1574 1682 1607 :
1716 1552 2027 1617 Lavamini,
2068 1550 2249 1603 mundi

692 1660 853 1705 estote
887 1652 931 1712 ⁸,
963 1659 1111 1713 ete.;
1149 1648 1313 1699 Ablue
1352 1646 1610 1699 malitiam
1656 1645 1829 1696 cordis
1873 1642 1989 1705 tui,
2028 1640 2250 1694 Jerusa-

696 1739 795 1790 lem
830 1739 881 1801 ';
925 1736 1215 1806 aliquando
1254 1735 1509 1788 historias
1560 1733 1927 1803 perscribunt,
1973 1740 2033 1785 ut
2061 1730 2247 1784 Daniel

694 1824 1019 1892 Susannae",
1064 1828 1228 1883 Isaias
1263 1826 1522 1880 Rabsacis
1573 1834 1626 1879 et
1657 1824 2043 1878 Sennacherim
2064 1823 2104 1875 ⁸.
2142 1820 2247 1875 Ea-

2356 819 2522 880 ὲστιν,
2549 808 2717 886 οὗπερ
2747 813 2840 866 xul.
2871 813 3042 865 πᾶσαι
3070 809 3358 881 διαιρέσεις
3388 809 3547 872 εἰσιν,
3576 806 3707 860 αὐτὸ
3738 806 3793 860 δὲ
3822 809 3932 861 a5;-

2355 909 2567 980 αίρετόν
2614 910 2729 960 ἐστι
2770 904 2911 958 κατὰ
2944 902 3103 973 φύσιν
3126 918 3140 932 ·
3190 901 3276 955 διά
3304 916 3386 952 τοι
3412 898 3568 952 τοῦτο
3591 898 3653 950 τὸ
3680 898 3796 951 ὅλον
3827 896 3928 967 μέν

2355 1004 2502 1054 ἐστιν
2526 1000 2603 1071 (4)
2636 999 2870 1067 ἑκάστῳ,
2907 993 3049 1048 κατὰ
3080 994 3135 1045 δὲ
3164 993 3264 1062 τὴν
3296 989 3569 1044 διακονίαν
3594 990 3649 1041 αἱ
3682 986 3927 1058 φανερώ-

2355 1111 2468 1156 σεις
2498 1093 2589 1146 καὶ
2612 1093 2665 1144 αἱ
2692 1088 2985 1159 διαιρέσεις
3008 1085 3099 1138 τοῦ
3134 1083 3445 1153 Πνεύματος
3478 1080 3725 1143 ἑκάστοις
3752 1080 3929 1148 γίνονο

2351 1200 2471 1237 ται·
2497 1184 2591 1236 καὶ
2626 1180 2810 1233 λοιπὸν
2834 1178 2975 1231 κατὰ
2995 1176 3092 1246 τὴν
3131 1172 3497 1242 ἀποκειμένην
3517 1170 3702 1242 χρείαν
3731 1169 3927 1223 πολλά-

2352 1291 2437 1337 κις
2457 1273 2705 1334 ἕκαστος,
2726 1268 3084 1340 ὑποσχοῦντος
3106 1264 3196 1318 τοῦ
3220 1264 3356 1318 Πνεύ
3365 1280 3551 1333 ματος,
3577 1263 3813 1315 διακονεῖ
3834 1260 3924 1314 τὸν

2350 1365 2532 1433 λόγον’
2568 1363 2706 1416 ὥστε
2730 1402 2744 1426 ,
2778 1360 2921 1414 καθὰ
2946 1361 3223 1430 προεῖπον,
3254 1354 3644 1426 νομοθετοῦντα
3685 1352 3928 1422 Μωῦσῆν

2351 1455 2709 1527 προφητεύειν
2733 1452 2859 1504 ποτὲ
2912 1452 3006 1505 καὶ
3031 1451 3197 1521 ᾄδειν,
3226 1450 3319 1502 καὶ
3335 1444 3775 1518 προφητεύοντας
3798 1444 3926 1506 τοὺς

2352 1548 2634 1619 προφήτας
2685 1541 3023 1597 ἐντέλλεσθαί
3061 1558 3223 1594 ποτε·
3281 1540 3626 1600 Λούσασθε,
3677 1539 3923 1603 καθαροὶ

2347 1641 2608 1710 γίνεσθε.
2650 1638 2978 1691 Ἀπόπλυνε
3004 1634 3122 1689 ἀπὸ
3149 1633 3361 1697 κακίας
3382 1630 3496 1698 τὴν
3515 1627 3765 1697 καρδίαν
3781 1641 3921 1690 σου,

2360 1730 2750 1800 Ἰερουσαλήμ
2768 1746 2781 1759 ·
2812 1728 2907 1781 καί⁵
2940 1728 3168 1796 ἱστορεῖν
3195 1741 3345 1787 ποτε,
3380 1722 3471 1775 τὸν
3509 1721 3608 1791 μὲν
3630 1717 3826 1789 Δανιὴλ
3852 1718 3924 1770 τὰ

2346 1822 2486 1875 κατὰ
2508 1822 2829 1881 Σουσάνναν,
2860 1819 2952 1870 τὸν
2973 1817 3028 1869 δὲ
3066 1816 3291 1869 Ἡσαΐαν
3323 1814 3392 1867 τὰ
3429 1812 3571 1866 κατὰ
3595 1811 3684 1864 τὸν
3719 1808 3923 1878 Ῥαψά-

690 1921 813 1974 dem
835 1934 1051 1989 quoque
1071 1919 1279 1972 ratione
1307 1916 1641 1970 Psalmorum
1669 1916 1826 1981 liber,
1856 1915 1942 1968 cui
1969 1913 2243 1983 prOprium

2348 1929 2450 1981 κην
2478 1911 2571 1963 καὶ
2596 1910 2684 1963 τὸν
2704 1905 3091 1977 Σενναχηρείμ.
3125 1903 3311 1966 Οὕτως
3340 1903 3446 1972 γὰρ
3470 1901 3561 1953 καὶ
3584 1902 3617 1970 ἡ
3644 1897 3750 1951 τῶν
3773 1897 3925 1950 Ψαλ-

690 2021 773 2067 est
805 2011 1012 2065 cantica
1046 2025 1262 2076 canere,
1290 2023 1410 2078 quae
1436 2008 1489 2061 in
1520 2008 1642 2062 aliis
1670 2007 1825 2062 libris
1857 2007 2033 2061 obiter
2058 2004 2248 2063 dicun—

690 2112 800 2165 tur.
831 2104 944 2156 haec
978 2101 1064 2156 ille
1097 2100 1212 2155 fuse
1237 2100 1475 2171 loquitur
1504 2115 1627 2154 cum
1656 2100 1891 2161 cantico,
1923 2097 2001 2153 uti
2044 2098 2248 2152 dictum

690 2186 793 2247 est'.
823 2192 989 2262 Leges
1013 2201 1191 2245 tamen
1220 2191 1334 2262 ipse
1367 2192 1533 2245 tradit
1563 2211 1575 2243 :
1615 2190 1801 2245 Desine
1829 2194 1892 2244 ab
1920 2193 2003 2245 ira
2024 2232 2038 2256 ,
2071 2198 2120 2244 et
2158 2191 2250 2244 de-

690 2282 917 2353 relinque
946 2284 1173 2354 furorem
1194 2285 1234 2334 '.
1265 2280 1477 2335 Declina
1514 2299 1544 2334 a
1576 2281 1717 2336 malo
1738 2323 1753 2347 ,
1798 2293 1848 2335 et
1888 2282 1973 2349 [ac
2015 2283 2203 2335 bonum
2227 2297 2246 2333 :

688 2380 892 2448 inquire
911 2393 1109 2446 pacem,
1137 2386 1186 2429 et
1213 2392 1512 2445 persequere
1533 2391 1649 2428 eam
1678 2377 1742 2426 ιο.
1773 2372 2045 2427 Interdum
2076 2372 2247 2427 histo-

687 2470 823 2524 riam
856 2471 1017 2524 habet
1040 2470 1106 2523 de
1132 2468 1323 2522 itinere
1352 2466 1599 2532 lsraelis,
1632 2475 1685 2520 et
1718 2466 1999 2536 prophetat
2033 2464 2100 2522 de
2129 2462 2247 2518 Sal-

686 2571 891 2627 vatore,
922 2562 999 2615 uti
1035 2576 1200 2629 supra
1226 2560 1431 2614 dictum
1471 2567 1574 2614 est.

774 2819 860 2873 10.
927 2817 1249 2874 Communis
1308 2816 1524 2887 quidem
1582 2815 1704 2873 talis
1770 2812 2005 2883 Spiritus
2070 2814 2241 2885 gratia

684 2911 756 2968 sit
785 2911 927 2981 apud
973 2926 1201 2976 omnes,
1243 2919 1298 2964 et
1340 2910 1396 2963 in
1437 2908 1667 2978 singulis
1714 2906 1855 2961 facta
1904 2906 2241 2971 inveniatur,

683 3013 739 3058 et
770 3004 910 3072 apud
954 3017 1145 3057 omnes
1188 3001 1375 3056 eadem
1401 3040 1416 3062 ,
1469 3008 1527 3054 ut
1574 2999 1869 3054 necessitas
1918 2998 2244 3069 postularit,

682 3098 737 3144 et
771 3088 1002 3158 Spiritus
1042 3088 1292 3144 voluerit.
1339 3086 1523 3157 Neque
1565 3090 1708 3141 enim
1754 3086 1918 3141 refert
1957 3089 2073 3143 sive
2123 3087 2245 3156 plus

683 3178 797 3236 δενά
828 3181 1009 3234 minus
1036 3179 1159 3249 quis
1191 3178 1436 3231 habuerit
1464 3177 1732 3247 ejusmodi
1768 3178 2108 3233 necessitatis
2132 3216 2147 3240 ,
2178 3185 2243 3231 ut

683 3268 1059 3339 unusquisque
1090 3278 1337 3325 teneatur
1390 3267 1508 3322 sine
1542 3267 1753 3323 defectu
1793 3268 2071 3337 proprium
2117 3283 2242 3338 per-

682 3360 991 3432 fectumque
1026 3362 1387 3417 ministerium
1423 3362 1665 3432 implere.
1697 3362 2035 3417 Psalmorum
2064 3373 2242 3417 autem

681 3455 814 3509 liber
835 3456 997 3509 etiam
1022 3454 1100 3510 sic
1127 3454 1355 3523 gratiam
1381 3454 1670 3523 quamdam
1698 3455 1858 3509 habet
1886 3455 2240 3526 singularem,

680 3546 1046 3614 eximiumque
1102 3545 1305 3615 aliquid
1363 3545 1650 3599 observatu
1708 3546 1953 3616 dignum.
2007 3546 2140 3601 Nam
2189 3556 2244 3602 et

681 3639 786 3691 alia
807 3679 821 3703 ,
852 3652 971 3706 quae
1008 3652 1131 3691 cum
1161 3637 1368 3691 ett-teris
1413 3637 1565 3693 libris
1596 3637 1758 3693 habet
1788 3638 1961 3693 aliinia
2001 3654 2243 3693 commu-

682 3728 898 3796 niaque,
932 3732 1033 3782 hoc
1064 3729 1163 3783 sibi
1203 3730 1479 3799 pmprium
1523 3740 1576 3784 et
1614 3730 1993 3787 admirandum
2042 3732 2198 3786 habet
2222 3772 2238 3793 .

679 3818 822 3893 quod
850 3817 1009 3871 etiam
1036 3819 1463 3889 uniuscujusque
1502 3820 1669 3873 animi
1703 3830 1917 3886 motus,
1947 3836 2243 3891 eorumque

679 3911 1012 3968 mutationes
1039 3920 1093 3965 et
1132 3912 1513 3981 castigationes
1542 3913 1594 3966 in
1630 3930 1689 3969 se
1717 3914 2017 3984 descriptas
2053 3924 2109 3969 et
2144 3932 2240 3970 ex-

678 4010 895 4063 pressas
934 3997 1245 4059 contineat,
1276 4009 1332 4053 ut
1365 3999 1457 4067 qui
1487 4015 1550 4053 ex
1591 4000 1707 4070 ipso
1738 4002 1967 4079 voluerit
1992 4005 2146 4074 quasi
2176 4021 2241 4059 ex

681 4086 916 4156 imagine
962 4102 1054 4140 eas
1078 4087 1324 4156 accipere
1349 4098 1401 4143 et
1425 4089 1754 4159 intelligere,
1784 4092 1856 4145 ita
1890 4094 2241 4162 semetipsum

678 4179 959 4233 eﬁ‘ormare
988 4181 1180 4249 possit,
1218 4192 1277 4236 ut
1303 4182 1411 4237 illic
1449 4185 1711 4253 scriptum
1750 4184 1999 4240 habetur.
2031 4184 2087 4240 ln
2122 4187 2243 4242 aliis

650 4272 875 4340 quippe
910 4273 1061 4332 libris
1093 4274 1261 4341 legem
1292 4276 1464 4329 solum
1488 4277 1611 4345 quis
1643 4277 1813 4343 audit,
1844 4278 2243 4348 prmcipientem

678 4363 806 4432 quid
838 4363 1016 4419 facere
1047 4376 1322 4435 oporteat,
1355 4370 1483 4436 quid
1522 4384 1717 4432 secus;
1758 4371 2069 4439 prophetias
2114 4373 2240 4425 item

681 4455 849 4519 audit,
887 4465 946 4509 ut
974 4456 1150 4510 solum
1177 4460 1313 4512 sciat
1341 4468 1624 4513 venturum
1655 4458 1989 4515 Salvatorem
2016 4503 2032 4528 ,
2066 4462 2240 4517 histo-

2353 2000 2467 2071 μῶν
2501 1999 2677 2069 βίϐλος
2696 2040 2709 2063 ,
2758 1998 2955 2067 ἔχουσα
2982 1995 3043 2047 τὸ
3075 1993 3202 2046 ἴδιον
3226 1992 3333 2045 τῶν
3361 1990 3512 2061 ᾠδῶν
3537 2030 3552 2054 ,
3582 1990 3720 2059 ὅπερ
3746 1986 3823 2057 (5)
3862 1988 3923 2039 ὲν

2349 2096 2466 2158 ταῖς
2492 2078 2677 2157 ἄλλαις
2712 2092 2911 2163 βίϐλοις
2941 2085 3246 2152 διεξοδικῶς
3277 2084 3520 2156 εἴρηται,
3562 2082 3734 2137 ταῦτα
3781 2080 3922 2152 αὑτὴ

2347 2190 2412 2257 τῇ
2447 2187 2587 2241 κατὰ
2616 2185 2815 2248 πλάτος
2855 2186 3004 2253 φωνῇ
3041 2181 3175 2252 μετὰ
3212 2179 3405 2251 μέλους
3456 2175 3684 2245 ψάλλει,
3738 2172 3921 2235 καθὼς

2347 2279 2689 2350 προείρηται.
2721 2274 3018 2346 Νομοθετεῖ
3042 2272 3170 2341 γοῦν
3201 2288 3329 2325 ποτε
3362 2271 3452 2323 καὶ
3478 2268 3613 2339 αύτή
3632 2284 3645 2297 ·
3681 2265 3919 2320 Παῦσαι

2345 2368 2462 2424 ἀπὸ
2487 2368 2689 2437 ὀργῆς,
2714 2367 2809 2421 καί
2832 2363 3191 2436 ἐγκατάλιπε
3218 2363 3405 2431 θυμόν
3422 2377 3434 2390 ·
3458 2360 3573 2423 καὶ,
3595 2360 3921 2413 Ἔκκλινον

2346 2461 2463 2515 ἀπὸ
2486 2460 2672 2514 κακοῦ
2692 2501 2707 2522 ,
2742 2460 2839 2512 καὶ
2882 2459 3139 2525 ποίησον
3171 2456 3396 2524 ἀγαθόν
3418 2470 3432 2483 ·
3463 2450 3719 2517 ζήτησον
3748 2447 3918 2518 είρή-

2346 2570 2481 2620 νην,
2511 2551 2609 2606 καὶ
2643 2550 2857 2614 δίωξον
2880 2552 3091 2619 αὐτήν.
3148 2550 3258 2603 Καὶ
3299 2549 3498 2618 ἱστορεῖ
3519 2545 3576 2599 δέ
3611 2561 3737 2607 ποτε
3777 2543 3920 2596 κατὰ

2345 2643 2444 2714 τὴν
2475 2642 2591 2695 ὁδὸν
2622 2638 2717 2693 τοῦ
2752 2640 2964 2711 Ἰσραὴλ
2984 2679 2998 2704 ,
3022 2640 3114 2693 καὶ
3145 2638 3473 2710 προφητεύει
3511 2637 3639 2706 περὶ
3671 2633 3765 2688 τοῦ
3799 2634 3915 2687 Σω-

2344 2732 2526 2803 τῆρος,
2558 2728 2744 2801 ὥσπερ
2773 2730 2987 2800 εἴρηται
3010 2728 3293 2799 πρότερον.

2420 2827 2485 2876 ι’.
2520 2822 2688 2892 Κοινὴ
2739 2821 2838 2891 μὲν
2881 2816 2974 2873 οὖν
3006 2818 3226 2889 τοιαύτη
3252 2817 3346 2871 τοῦ
3395 2816 3708 2887 Πνεύματος
3755 2814 3916 2884 χάρις

2346 2914 2485 2967 ἔστω
2507 2912 2653 2983 παρὰ
2678 2914 2832 2977 πᾶσι,
2862 2912 2956 2966 καὶ
2970 2912 3025 2964 ὲν
3050 2909 3263 2979 ἑκάστῳ
3278 2906 3534 2977 γινομένη
3556 2902 3914 2976 εύρισκὲσθω,

2346 3007 2439 3060 καί¹
2473 3005 2623 3075 παρὰ
2676 3006 2838 3057 πᾶσιν
2867 3006 2900 3073 ἠ
2929 3002 3065 3072 αύτὴ
3091 3042 3106 3065 ,
3162 3000 3237 3063 ὡς
3284 2999 3378 3052 ἐὰν
3408 2999 3441 3070 η
3475 2998 3632 3068 χρεία
3684 2996 3912 3065 ἀπαιτῇ,

2344 3099 2437 3152 xui.
2461 3099 2521 3151 τὸ
2553 3095 2776 3167 Πνεῦμα
2805 3095 3080 3165 βούληται.
3156 3093 3230 3146 Ού
3256 3092 3499 3162 διαφέρει
3533 3088 3640 3161 γὰρ
3665 3088 3725 3141 τὸ
3754 3086 3915 3140 πλέον

2346 3190 2438 3243 καὶ
2460 3188 2674 3241 ἔλαττον
2701 3189 2759 3239 ὲν
2780 3185 2950 3256 ταύτῃ
2980 3186 3046 3255 τῇ
3070 3182 3246 3255 χρεία,
3262 3180 3338 3244 ὡς
3364 3180 3592 3241 ἕκαστος
3620 3176 3916 3238 άνενδότως

2343 3283 2440 3353 τὴν
2474 3280 2608 3333 ἰδίαν
2633 3278 2940 3349 ἀποπληροῖ
2964 3275 3056 3330 xu‘t
3082 3275 3281 3328 τελειοῖ
3326 3271 3621 3326 διακονίαν.
3665 3269 3730 3322 Ἠ
3765 3267 3822 3320 δέ
3849 3284 3914 3335 γε

2346 3373 2524 3443 βίϐλος
2558 3371 2665 3425 τῶν
2696 3369 2939 3440 Ψαλμῶν
2972 3370 3067 3422 καὶ
3102 3367 3273 3429 οὔτως
3293 3364 3541 3436 ἔχειτινὰ
3567 3361 3725 3415 πάλιν
3756 3360 3916 3431 χάριν

2347 3464 2481 3517 ἰδίαν
2506 3464 2597 3517 καί⁸
2624 3462 3002 3532 παρατήρησιν
3036 3459 3307 3529 ἐξαίρετον
3327 3473 3339 3484 ·
3376 3456 3511 3525 πρὸς
3540 3454 3649 3526 γὰρ
3674 3455 3786 3515 τοῖς
3819 3451 3914 3506 ἄλ·

2342 3555 2476 3618 λοις,
2512 3555 2570 3607 ἐν
2596 3549 2675 3615 οἷς
2696 3552 2831 3624 πρὸς
2854 3550 2953 3614 τὰς
2983 3549 3147 3611 ἄλλας
3204 3547 3417 3617 βίϐλους
3469 3545 3581 3614 ἔχει
3609 3544 3706 3615 τὴν
3731 3542 3915 3611 σχέσιν

2342 3644 2438 3696 καὶ
2469 3642 2770 3705 κοινωνίαν,
2807 3640 2993 3694 λοιπὸν
3046 3639 3141 3690 καὶ
3191 3636 3319 3689 ἴδιον
3351 3634 3462 3706 ἔχει
3494 3632 3650 3686 τοῦτο
3707 3631 3913 3702 θαῦμα,

2342 3736 2424 3787 ὅτι
2450 3735 2543 3787 καὶ
2574 3734 2640 3786 τὰ
2676 3732 2910 3801 ἑκάστης
2935 3728 3116 3800 ψυχῆς
3172 3727 3467 3798 κινήματα,
3494 3724 3591 3787 τάς
3621 3740 3679 3775 τε
3710 3722 3913 3776 τούτων

2346 3825 2643 3898 μεταϐολὰς
2675 3827 2769 3879 καὶ
2799 3821 3111 3894 διορθώσεις
3142 3820 3253 3889 ἔχει
3281 3815 3757 3888 διαγεγραμμένας
3816 3816 3912 3867 καὶ

2341 3918 2810 3988 διατετυπωμὲνας
2843 3918 2901 3968 ὲν
2937 3916 3125 3985 ἑαυτῇ-
3160 3911 3299 3964 ὥστε
3326 3908 3448 3962 τινὰ
3465 3909 3557 3962 τὸν
3588 3904 3909 3977 βουλόμενον

2341 4009 2417 4073 ὡς
2449 4010 2522 4079 (6)
2543 4010 2767 4078 ἄπειρον
2822 4007 2879 4073 ἐξ
2934 4005 3102 4075 αὐτῆς
3154 4001 3449 4073 λαμϐάνειν
3479 3999 3573 4051 καὶ
3604 3999 3907 4063 κατανοεῖν,

2342 4099 2483 4152 οὕτω
2508 4099 2568 4151 τὸ
2598 4096 2796 4150 τυποῦν
2826 4097 3037 4162 éuut’zv,
3076 4094 3150 4165 (7)
3173 4095 3287 4146 tier
3311 4092 3635 4162 γέγραπται.
3680 4089 3767 4141 Ἐν
3809 4088 3910 4160 μὲν

2343 4191 2450 4261 γάρ
2473 4192 2591 4253 ταῖς
2631 4190 2816 4252 ἄλλαις
2874 4188 3075 4258 βίϐλοις
3125 4186 3282 4257 μόνον
3327 4200 3410 4247 τις
3448 4180 3633 4236 ἀκούει
3677 4181 3768 4234 τὸν
3824 4180 3911 4241 v6-

2346 4297 2443 4351 μον
2478 4281 2894 4350 προστάττοντα,
2920 4278 2955 4330 ἃ.
2971 4278 2987 4347 (
2995 4277 3087 4348 μὴ)
3109 4277 3189 4328 δεῖ
3219 4277 3391 4328 ποιεῖν
3417 4274 3511 4327 καί.
3536 4272 3610 4344 μὴ
3631 4272 3710 4324 δεῖ
3738 4271 3911 4342 πράτ-

2341 4389 2472 4425 τειν·
2508 4372 2843 4444 προφητείας
2876 4388 2933 4423 τε
2990 4368 3299 4435 κατακούει,
3334 4367 3473 4420 ὥστε
3523 4366 3678 4436 μόνον
3711 4364 3911 4420 εἰδέναι

2341 4465 2430 4517 τὸν
2455 4464 2745 4536 ἐρχόμενον
2774 4463 3019 4533 Σωτῆρω
3061 4462 3155 4515 καί⁵
3190 4460 3450 4532 ἱστορίαις
3473 4459 3529 4511 δὲ
3553 4456 3830 4531 προσέχει,
3851 4456 3910 4522 ἐξ

677 4546 884 4616 riisque
912 4548 1172 4615 attendat,
1219 4550 1361 4604 unde
1392 4549 1633 4605 ediscere
1679 4559 1856 4620 potest
1894 4567 2079 4620 regum
2115 4569 2241 4607 san-

2345 4550 2418 4610 ὧν
2470 4554 2756 4623 γινώσκειν
2806 4552 3027 4607 δύναται
3086 4552 3183 4616 τὰς
3232 4552 3340 4605 τῶν
3393 4549 3653 4620 βασιλέων
3685 4548 3909 4613 καὶτὰς

677 4650 995 4709 etorumque
1038 4652 1177 4695 acta.
1230 4641 1296 4695 At
1343 4642 1396 4695 in
1451 4640 1791 4696 Psalmorum
1839 4643 1978 4701 libro
2021 4652 2239 4710 przeter-

677 4743 839 4796 quam
871 4729 1014 4798 quod
1044 4745 1105 4784 ea
1139 4732 1253 4800 ipsa
1295 4740 1469 4799 potest
1495 4732 1674 4800 quivis
1705 4733 1932 4787 audiens
1955 4728 2193 4786 ediscere
2219 4774 2234 4797 ,

678 4832 858 4875 motus
891 4822 1108 4891 insuper
1138 4823 1330 4877 anima:
1376 4838 1489 4877 sua:
1522 4822 1594 4876 ibi
1633 4822 1983 4891 deprehendit
2027 4822 2239 4876 ediscit-

674 4927 815 4981 que;
864 4928 943 4967 ac.
977 4913 1171 4968 deinde
1225 4914 1522 4968 secundum
1565 4929 1627 4967 ea
1672 4929 1793 4983 quae
1836 4915 2037 4982 patitur
2097 4924 2149 4967 et
2205 4930 2235 4969 a

675 5004 875 5071 quibus
900 5002 1168 5058 detinetur
1190 5044 1203 5068 ,
1231 5012 1403 5072 potest
1430 5021 1495 5057 ex
1538 5020 1603 5059 eo
1641 5004 1759 5074 ipso
1794 5004 1931 5060 libro
1963 5005 2237 5075 exemplar

676 5091 945 5159 quoddam
978 5106 1290 5149 sermonum
1330 5093 1561 5162 eligere;
1599 5093 1673 5146 ita
1706 5102 1767 5148 ut
1791 5110 1899 5147 non
1935 5095 2110 5149 solum
2139 5096 2232 5165 qui

674 5184 931 5249 audierit,
981 5198 1088 5247 non
1132 5185 1272 5253 (sine
1304 5184 1506 5253 fructu)
1538 5194 1917 5255 pertranseat,
1963 5188 2056 5245 sed
2101 5189 2233 5243 edo-

673 5286 860 5330 ceatur
907 5275 1034 5345 quid
1070 5275 1217 5330 dictu
1254 5276 1507 5347 factuque
1547 5293 1683 5347 opus
1726 5279 1795 5333 sit
1823 5277 1891 5332 ad
1934 5280 2231 5335 curandum

674 5365 944 5425 morbum.
982 5364 1121 5421 Sunt
1163 5365 1377 5433 quidem
1407 5375 1459 5420 et
1487 5367 1539 5420 in
1582 5367 1703 5423 aliis
1735 5369 1887 5424 libris
1914 5381 2191 5425 sermones
2216 5414 2230 5436 ,

672 5454 763 5523 qui
808 5456 946 5511 mala
994 5455 1349 5523 prohibeant;
1385 5455 1437 5509 in
1483 5456 1587 5513 hoc
1616 5473 1749 5515 sero
1790 5474 1895 5528 qua
1950 5461 2159 5515 ratione
2200 5476 2232 5515 a

2343 4648 2450 4702 τῶν
2482 4649 2649 4715 ἁγίων
2683 4647 2929 4719 πράξεις.
2970 4647 3056 4699 Ἐν
3099 4645 3155 4698 δὲ
3194 4648 3258 4717 τῇ
3306 4644 3470 4715 βίϐλῳ
3501 4643 3606 4696 τῶν
3640 4642 3907 4712 Ψαλμῶν,

2344 4737 2480 4809 πρὸς
2507 4737 2583 4807 τῷ
2615 4736 2785 4791 ταῦτα
2814 4736 3102 4806 μανθάνειν
3132 4733 3238 4786 ’τὸν
3287 4732 3571 4796 ἀκούοντα,
3607 4730 3685 4783 ἔτι
3715 4732 3810 4787 καὶ
3839 4732 3907 4792 τὰ

2343 4828 2618 4897 κινήματα
2641 4827 2739 4896 τῆς
2761 4826 2950 4879 ἑαυτοῦ
2991 4825 3168 4895 ψυχῆς
3211 4826 3268 4877 ὲν
3320 4824 3458 4894 αὐτῇ
3511 4823 3761 4876 κατανοεῖ
3812 4822 3906 4879 καὶ

2340 4917 2666 4979 διδάσκεταισ
2700 4919 2794 4971 καὶ
2833 4918 3014 4971 λοιπὸν
3044 4917 3179 4989 πρὸς
3216 4916 3243 4969 ὃ
3269 4916 3462 4986 πάσχει
3493 4916 3587 4968 xui.
3618 4917 3674 4968 ἐν
3716 4908 3761 4983 ᾧ
3786 4932 3909 4968 συνο

2343 5010 2545 5081 ἑχεται,
2605 5009 2825 5077 δύναται
2851 5009 3009 5064 πάλιν
3040 5009 3105 5061 ἐκ
3128 4997 3331 5077 ταύτης
3362 5006 3578 5078 ἔχεσθαι
3603 5008 3703 5077 τὴν
3727 5006 3903 5066 εἰκόνα

2340 5101 2448 5154 τῶν
2472 5102 2663 5169 λόγων⁵
2696 5102 2835 5154 ὥστε
2872 5092 2951 5172 ’μὴ
2986 5102 3144 5171 μόνον
3176 5099 3483 5153 ἀκούσαντα
3515 5097 3903 5169 παρέρχεσθαι,

2340 5192 2477 5255 ἀλλὰ
2504 5195 2596 5257 καὶ
2622 5193 2737 5257 πῶς
2761 5193 2842 5246 δεῖ
2886 5180 3110 5263 λέγοντα
3158 5194 3251 5249 καὶ
3299 5191 3553 5245 ποιοῦντα
3587 5190 3903 5263 θεραπεύειν

2340 5281 2400 5337 τὸ
2429 5282 2617 5348 πάθος,
2647 5281 2883 5335 διδάσκει
2918 5282 3017 5353 (8),
3046 5283 3167 5345 ΕἰσίΙ
3202 5282 3299 5353 μὲν
3323 5279 3431 5351 γάρ
3462 5282 3556 5332 καὶ
3588 5282 3644 5332 ὲν
3666 5282 3786 5342 ταῖς
3815 5279 3906 5332 ἄλ·

2339 5374 2458 5437 λαις
2474 5374 2676 5444 βίϐλοις
2699 5374 2987 5427 κωλυτικοὶ
3008 5374 3152 5445 λόγοι
3180 5373 3609 5447 ἀπαγορεύοντες
3624 5372 3692 5425 τὰ
3709 5370 3905 5440 φαῦλαο

2339 5466 2398 5517 ὲν
2428 5465 2602 5538 ταύτῃ
2643 5465 2701 5519 δὲ
2735 5468 2829 5519 καὶ
2869 5465 2984 5531 πῶς
3004 5464 3301 5535 ἀπέχεσθαι
3332 5464 3413 5517 δεῖ
3437 5462 3766 5516 τετύπωται·
3796 5456 3907 5517 οἷον

741 5590 761 5619 ⁵
795 5585 916 5641 lsai.
953 5602 990 5648 I,
1024 5586 1106 5639 l6.
1151 5588 1392 5647 ‘Jerem.
1431 5608 1505 5658 tv,
1540 5593 1624 5647 ll.
1689 5595 1709 5625 ⁷
1750 5593 2013 5651 Dem-xu.
2082 5598 2103 5629 ⁸
2144 5596 2243 5654 lsa.

2345 5615 2467 5665 :xvr,
2499 5610 2703 5656 'xxxvn.
2777 5602 2798 5633 ’
2829 5599 2972 5657 Psal.
3005 5619 3188 5666 xxxvi,
3215 5601 3269 5658 8.
3340 5600 3385 5631 "
3411 5596 3553 5657 Psal.
3592 5612 3784 5663 xxxiii,
3817 5598 3884 5653 15

744 5702 816 5756 Η)
868 5699 958 5769 ,Ἐν
988 5700 1163 5769 ἑαυτῴ
1189 5704 1273 5758 ed.

747 5769 817 5839 ιδ)
864 5768 1037 5839 ἈἈπερ
1066 5768 1150 5825 ed.
1248 5788 1252 5793 ·

746 5837 816 5909 [6)
870 5836 1228 5908 Ἀπἐἰκὸνος
1258 5845 1341 5898 ed.

2411 5718 2487 5785 (.7)
2539 5718 2641 5779 Ὡς.

2410 5782 2486 5858 {8)
2526 5787 2685 5843 FOrtc
2716 5786 3081 5840 διδάσκεσθαι.
