4122 6492
208 435 265 492 21
1337 431 1671 487 EPISTOLA
1712 431 1804 485 AD
1844 430 2368 487 MARCELLINUM.
3381 431 3451 486 22

206 549 565 620 παράγγελμα
621 564 739 603 εστι
797 546 859 603 τὸ
914 549 1210 618 μετανοεῖνο
1264 548 1325 600 τὸ
1378 547 1434 600 δὲ
1493 547 1775 617 μετανοεῖν

1894 547 2036 601 nalis
2061 548 2132 600 sit
2153 544 2541 601 abstinendum
2583 545 2905 615 exprimitur
2935 566 2947 599 :
2983 547 3213 615 exempli
3243 564 3405 602 causa
3431 592 3445 613 ,

205 639 460 692 παύεσθαι
480 642 580 709 τῆς
614 640 908 708 ἁμαρτίας
940 639 1105 691 ἐστίν·
1140 636 1372 689 ἐνταῦθα
1401 636 1457 688 δὲ
1508 635 1603 687 καὶ
1660 633 1774 696 πῶς

206 728 494 795 μετανοεῖν,
525 726 625 780 καὶ
670 729 719 778 τί
757 728 837 779 δεῖ
868 727 1044 794 λέγειν
1079 728 1169 779 ἐπὶ
1208 729 1273 797 τῇ
1312 725 1593 796 μετανοίᾳ,
1617 724 1773 776 τετύ-

203 834 390 881 πωτος.
424 810 538 869 Καὶ
560 816 729 869 πάλιν
780 817 997 887 εἴρηκε-ν
1037 816 1315 879 ὁΠαῦλος’
1369 816 1429 870 Ἠ
1469 816 1673 884 θλίψις
1704 813 1776 881 τῇ

203 906 366 978 ψυχῇ
397 908 729 976 ὑπομονὴν
758 907 1183 978 κατεργάζεται,
1213 908 1250 974 ἡ
1282 907 1349 959 δὲ
1382 906 1654 975 ὑπομονὴ
1689 906 1779 959 δο-

203 1002 394 1071 κιμὴν,
430 1003 468 1067 ἡ
500 1001 573 1056 δὲ
605 1002 824 1072 δοκιμὴ
873 1002 1108 1066 ἐλπίδα,
1150 1003 1186 1069 ἠ
1212 1000 1280 1054 δέ
1324 1000 1500 1065 ἐλπὶς
1531 1001 1602 1053 οὐ
1639 1016 1776 1051 κατ-

202 1095 490 1162 αισχύνει.
559 1096 730 1149 Ἐνδὲ
759 1098 868 1158 τοῖς
892 1094 1139 1164 Ψαλμοῖς
1184 1095 1279 1147 καὶ
1321 1092 1434 1156 πῶς
1482 1092 1561 1143 δεῖ
1594 1091 1778 1161 φέρειν

201 1187 291 1250 τὰς
318 1186 551 1256 θλίψεις,
585 1189 681 1241 καὶ
702 1188 753 1239 τί
782 1186 1091 1257 θλιϐόμενον
1114 1186 1193 1239 δεῖ
1219 1184 1417 1253 λέγειν,
1441 1184 1535 1236 καὶ
1560 1184 1610 1235 τί
1644 1184 1779 1250 μετὰ

203 1276 294 1339 τὰς
323 1276 553 1346 θλίψεις,
579 1277 683 1329 καὶ
724 1274 841 1338 πῶς
897 1276 1121 1337 ἕκαστος
1177 1273 1547 1343 δοκιμάζεται,
1583 1271 1677 1327 καὶ
1703 1270 1779 1322 τί-

203 1384 285 1428 νες
309 1368 356 1419 οἱ
381 1366 533 1434 λόγοι
569 1365 682 1418 τῶν
708 1366 1030 1429 ἐλπιζόντων
1067 1365 1160 1416 ἐπὶ
1217 1362 1438 1434 Κύριον,
1474 1361 1779 1431 γέγραπται

204 1460 291 1511 καὶ
320 1458 689 1527 κεχάρακται.
737 1456 902 1511 Πάλιν
952 1474 1011 1508 τε
1056 1455 1243 1525 ἐντολή
1306 1457 1451 1508 ἐστιν
1504 1456 1561 1506 ἐν
1618 1452 1782 1504 παντὶ

204 1552 561 1620 εὐχαριστεῖν·
594 1548 735 1602 ἀλλὰ
757 1549 849 1603 καὶ
887 1548 937 1601 τί
964 1549 1044 1601 δεῖ
1102 1547 1279 1615 λέγειν
1331 1543 1781 1616 εὐχαριστοῦντας

204 1640 540 1693 διδάσκουσιν
576 1640 629 1692 oi
657 1638 897 1709 Ψαλμοί.
928 1634 1058 1691 Εἶτα
1080 1639 1209 1708 παρ’
1247 1635 1448 1708 ἐτέρων
1474 1634 1780 1695 ἀκούοντες·

208 1731 364 1785 Ὅσοι
400 1731 701 1787 θέλουσιν
728 1730 987 1797 εὐσεϐῶς
1018 1730 1124 1799 ζῆν
1155 1729 1608 1800 διωχθήσονται,
1634 1725 1785 1798 παρὰ

206 1822 402 1875 τούτων
431 1823 828 1894 διδασκόμεθα,
858 1825 951 1877 καὶ
985 1823 1098 1887 πῶς
1121 1822 1201 1875 δεῖ
1237 1822 1534 1891 φεύγοντας
1567 1824 1781 1889 φωνεῖν,

210 1914 296 1967 καὶ
319 1913 471 1977 τίνας
500 1916 867 1986 διωκομένους
895 1916 988 1968 καὶ
1015 1916 1152 1986 μετὰ
1176 1914 1269 1967 τὸν
1297 1913 1531 1984 διωγμὸν
1563 1912 1787 1984 ρυσθέν-
1818 1905 1859 1960 Β

207 2024 297 2070 τας
340 2006 421 2061 δεῖ
463 2008 667 2076 λόγους
696 2006 988 2080 ἀναφέρειν
1013 2006 1091 2077 τῷ
1111 2006 1249 2078 Θεῷ.
1280 2005 1533 2073 Εὐλογεῖν
1570 2021 1786 2075 παραγ-

208 2101 501 2172 γελλόμεθα
571 2102 667 2155 τὸν
709 2102 934 2172 Κύριον,
990 2101 1082 2154 καὶ
1134 2097 1574 2169 ἐξομολογεῖσθαι
1617 2097 1784 2168 αὐτῷ⁶

208 2192 313 2245 ἀλλ’
342 2195 400 2245 ἐν
445 2196 561 2255 τοῖς
606 2194 857 2264 Ψαλμοῖς
888 2190 1204 2262 τυπούμεθα
1244 2189 1358 2253 πῶς
1396 2207 1456 2243 τε
1516 2191 1681 2243 αἰνεῖν
1710 2189 1790 2241 δεῖ

209 2285 289 2336 τὸν
320 2284 555 2356 Κύριον,
583 2286 676 2339 καὶ
706 2286 828 2339 τίνα
894 2286 1114 2355 ῥήματα
1166 2282 1416 2352 λέγοντες
1440 2280 1790 2352 ἐξομολογού-

212 2376 340 2443 μεθα
371 2376 721 2448 πρεπόντως.
751 2376 861 2430 Καὶ
908 2377 991 2443 ἐφ’
1020 2376 1253 2430 ἑκάστου
1294 2374 1351 2427 δέ
1392 2393 1475 2438 τις
1524 2374 1695 2437 οὕτως
1724 2372 1789 2427 ἂν

210 2466 349 2538 εὖροι
380 2468 483 2532 τὰς
504 2469 663 2531 θείας
692 2468 851 2539 ᾠδὰς,
880 2467 1015 2537 πρὸς
1038 2468 1185 2537 ἡμᾶς
1222 2466 1316 2521 καὶ
1368 2466 1525 2537 ἡμῶν
1551 2468 1791 2538 κινήσεις

213 2562 299 2615 καὶ
337 2563 706 2626 καταστάσεις
737 2561 1013 2633 κειμένας.
1266 2588 1269 2591 λ

279 2752 364 2799 ια’.
396 2746 512 2800 Καὶ
539 2744 652 2817 γάρ
674 2744 768 2798 καὶ
824 2743 983 2799 τοῦτο
1022 2743 1323 2817 παράδοξόν
1374 2743 1489 2795 ἐστι
1533 2742 1693 2795 πάλιν
1732 2744 1789 2796 ἐν

212 2841 315 2902 τοῖς
342 2838 622 2909 1Ρᾟλμοῖς,
653 2840 734 2891 ὃτι
761 2839 818 2890 ἐν
850 2837 945 2908 μὲν
993 2840 1113 2899 ταῖς
1158 2835 1347 2899 ἄλλαις
1403 2834 1606 2906 βίϐλοις
1647 2834 1682 2887 ά
1708 2834 1792 2886 λέο

217 2946 396 2995 γουσιν
424 2933 473 2984 οί
541 2931 707 2997 ἆγιοι,
758 2929 852 2981 καὶ¹
879 2928 1007 2998 περὶ
1032 2920 1105 2981 ὧν
1133 2926 1197 2980 ἂν
1238 2926 1458 2995 λέγωσι,
1492 2926 1667 2981 ταῦτα
1701 2927 1792 2979 καὶ

214 3021 259 3071 οἱ
282 3022 775 3089 ἀναγινώσκοντες,
804 3019 931 3090 περὶ
962 3011 1037 3072 ὧν
1063 3020 1244 3072 ἐκεῖνα
1268 3018 1595 3089 γέγραπται,
1622 3021 1795 3085 άπαγο

216 3111 489 3179 γέλλοντές
538 3112 695 3164 εἰσιν·
752 3111 804 3163 οῖ
848 3126 906 3163 τε
969 3109 1257 3173 ἀκούοντες
1321 3110 1513 3173 ἄλλους
1570 3109 1791 3171 ἑαυτοὺς

217 3204 432 3259 ἐκείνων
480 3202 766 3275 ἡγοῦνται,
800 3203 928 3272 περὶ
973 3196 1048 3256 ὦν
1081 3204 1110 3255 ό
1160 3202 1317 3270 λόγος
1363 3203 1519 3271 φησι,
1569 3197 1790 3261 καὶτὰς

1878 638 2185 707 praecipitur
2212 638 2563 708 pwnilentia;
2607 637 2924 707 pcenitentia
2953 649 3134 693 autem
3156 648 3239 696 est
3268 655 3448 695 cessa-

1880 731 1956 784 tio
1982 747 2016 783 a
2048 740 2296 799 peccato;
2343 730 2395 783 in
2435 730 2536 783 hoc
2582 739 2765 783 autem
2808 730 2947 784 libro
2976 746 3083 800 qua
3122 731 3335 786 ratione
3380 732 3455 786 sit

1878 818 2283 887 ptenitendum,
2319 828 2371 873 et
2422 818 2621 888 quibus
2663 818 2717 872 in
2769 818 3083 888 pmnitentia
3137 821 3318 875 verbis
3370 822 3445 874 uti

1879 921 2146 981 oporteat,
2171 910 2449 966 educetur.
2479 910 2718 965 Rursum
2751 910 2827 964 ait
2855 908 3059 964 Paulus
3092 929 3105 965 :
3152 909 3451 967 Tributatio

1880 1004 2190 1070 patientiam
2242 1014 2532 1071 operatur,
2584 1002 2842 1071 patientia
2889 1018 3005 1055 vero
3050 1002 3448 1071 probationem,

1880 1094 2117 1163 probatio
2147 1106 2321 1148 autem
2343 1110 2503 1163 spent,
2538 1109 2650 1162 spes
2672 1102 2849 1146 autem
2873 1110 2973 1146 non
3005 1093 3279 1163 confundit
3298 1094 3362 1147 “.
3392 1092 3449 1147 in

1880 1189 2111 1244 Psalmis
2139 1203 2267 1241 vero
2291 1188 2552 1256 scriptum
2580 1201 3009 1256 expressumque
3037 1196 3138 1248 est,
3172 1188 3449 1256 quomodo

1883 1281 2113 1335 tolerare
2150 1288 2396 1349 oporteat
2426 1278 2821 1341 tribulationes,
2849 1279 2979 1345 quid
3009 1279 3320 1332 tribulatum
3363 1280 3444 1331 di-

1882 1386 2006 1425 cere
2035 1354 2130 1439 par
2160 1371 2250 1435 sit,
2291 1370 2421 1439 quid
2468 1378 2588 1439 post
2633 1368 3011 1423 tribulationes
3034 1408 3049 1433 ,
3097 1383 3204 1437 qua
3241 1368 3453 1422 ratione

1883 1463 2113 1531 quisque
2139 1463 2418 1530 probetur,
2444 1461 2666 1531 quinam
2700 1460 2808 1516 sint
2838 1474 3118 1515 sermones
3144 1475 3332 1514 eorum
3358 1460 3451 1528 qui

1884 1563 2105 1623 sperant
2148 1553 2200 1607 in
2233 1552 2542 1605 Dominum.
2582 1551 2912 1621 Praeceptum
2957 1551 3084 1606 item
3128 1550 3298 1606 estin
3330 1566 3453 1605 om-

1886 1647 2045 1700 nibus
2074 1644 2278 1715 gratias
2317 1659 2475 1714 agere
2503 1645 2568 1707 ¹¹;
2598 1653 2651 1698 at
2681 1644 2874 1699 docent
2920 1641 3121 1699 Psalmi
3157 1641 3287 1712 quid
3307 1684 3322 1708 ,
3362 1644 3454 1713 qui

1885 1739 2088 1809 gratias
2128 1738 2258 1807 agit.
2289 1737 2434 1806 loqui
2462 1734 2674 1791 debeat.
2710 1734 2911 1791 Deinde
2945 1751 3069 1791 cum
3097 1735 3166 1790 ab
3198 1736 3320 1791 aliis
3359 1751 3458 1791 au-

1886 1828 2132 1884 diamus:
2155 1827 2463 1897 Quicunque
2490 1828 2573 1897 pie
2603 1828 2779 1881 volunt
2806 1829 2969 1883 vivere
2998 1828 3052 1882 in
3076 1824 3309 1892 Christo,
3339 1844 3460 1897 per-

1888 1921 2200 1974 secutionem
2233 1921 2501 1989 patientur
2550 1919 2624 1984 ¹³,
2661 1936 2691 1974 a
2731 1918 2964 1976 Psalmis
3008 1920 3297 1975 edocemur
3324 1920 3456 1989 quid

1888 2010 2156 2081 fugientes
2189 2012 2369 2068 dicere
2396 2020 2683 2083 oporteat,
2722 2012 2910 2083 quales
2944 2013 2999 2067 in
3042 2014 3455 2083 persecutione,

1887 2102 2077 2173 quales
2122 2112 2246 2173 post
2298 2105 2732 2173 persecutionem
2790 2105 2958 2173 erepti
3015 2103 3126 2160 Deo
3180 2121 3459 2162 sermones

1888 2187 2130 2258 proferre
2163 2190 2477 2246 debeamus.
2525 2190 2787 2246 Jubemur
2821 2191 3053 2247 Domino
3098 2194 3418 2251 benedicere
3442 2238 3459 2263 ,

1888 2277 2118 2336 Domino
2146 2280 2425 2347 conﬁteri;
2462 2291 2518 2335 at
2564 2283 2617 2336 in
2672 2282 2903 2339 Psalmis
2948 2282 3310 2341 informamur
3351 2304 3461 2359 qua

1888 2373 2100 2427 ratione
2140 2371 2310 2427 Deum
2357 2372 2581 2429 laudare
2610 2383 2898 2444 oporteat,
2943 2377 3251 2449 quibusque
3280 2381 3461 2436 verbis

1887 2464 2141 2521 decenter
2186 2464 2561 2520 conﬁteamur.
2615 2464 2759 2532 Quin
2808 2477 2863 2522 et
2908 2469 3139 2539 singulis
3187 2472 3241 2525 in
3298 2472 3463 2530 rebus

1888 2558 2123 2627 quisque
2152 2556 2387 2627 reperiet
2416 2558 2598 2613 divina
2628 2558 2841 2615 cantica
2881 2560 2948 2615 ad
2992 2577 3093 2619 nos
3133 2572 3463 2635 nostrosque

1888 2658 2072 2705 motus
2099 2657 2460 2719 motuumque
2490 2651 2911 2720 temperationes
2935 2655 3367 2714 accommodata.

1959 2740 2047 2796 il.
2078 2739 2290 2795 Etenim
2321 2741 2426 2796 hoc
2450 2757 2671 2811 quoque
2699 2760 2893 2799 rursus
2939 2746 2993 2801 in
3020 2744 3255 2804 Psalmis
3286 2748 3464 2808 admi-

1889 2833 2140 2897 randum,
2164 2832 2306 2903 quod
2337 2832 2391 2885 in
2423 2831 2545 2887 aliis
2575 2832 2792 2901 quidem
2818 2834 3003 2900 libris,
3039 2850 3159 2905 quae
3187 2837 3363 2891 sancti
3399 2837 3467 2891 de

1890 2925 2213 2996 quibusdam
2248 2924 2473 2989 dicunt,
2504 2924 2620 2980 haec
2661 2925 2777 2996 ipsa
2809 2925 2903 2997 qui
2936 2926 3155 2997 legunt,
3182 2927 3249 2982 ad
3272 2941 3369 2983 eos
3399 2928 3467 2982 de

1890 3016 2088 3085 quibus
2146 3016 2404 3071 dicuntur
2459 3016 2729 3081 referant;
2780 3026 2835 3074 et
2880 3020 2973 3090 qui
3029 3020 3294 3083 audiunt,
3348 3036 3468 3077 sese

1891 3108 2029 3163 alios
2073 3109 2388 3163 existiment
2431 3110 2501 3163 ab
2540 3111 2607 3166 iis
2642 3112 2709 3167 de
2750 3112 2951 3182 quibus
2995 3128 3176 3167 sermo
3216 3114 3466 3179 habetur,

1895 3199 1967 3253 ita
2003 3207 2064 3253 ut
2103 3214 2224 3269 qua:
2256 3210 2406 3269 gesta
2433 3201 2690 3256 dicuntur
2714 3243 2729 3268 ,
2769 3202 3119 3259 admirationi
3157 3204 3333 3259 solum
3366 3205 3468 3262 ha-

218 3297 693 3366 ἐπαγγελλομένας
736 3296 793 3348 δὲ
814 3294 1058 3368 πράξεις,
1086 3293 1213 3364 ἄχρι
1244 3291 1339 3345 τοῦ
1379 3290 1677 3362 θαυμάζειν
1699 3291 1793 3344 καὶ

1898 3293 2060 3347 beant
2088 3301 2142 3346 et
2175 3292 2437 3348 imitanda
2483 3294 2588 3350 sibi
2617 3304 2941 3366 proponant.
2980 3296 3047 3350 At
3075 3296 3273 3352 librum
3304 3296 3471 3352 istum

218 3388 405 3459 ζηλοῦν
434 3388 633 3454 αὐτάς,
666 3389 744 3453 είς
784 3389 845 3442 τὸ
874 3386 1153 3459 μιμεῖσθαι
1182 3385 1446 3454 γίνονται.
1493 3383 1710 3455 Ταύτην
1737 3383 1795 3436 δὲ

220 3480 391 3549 βίϐλον
410 3482 439 3534 ὁ
464 3480 764 3551 λαμϐάνων
796 3480 894 3541 τὰς
938 3480 1034 3549 μὲν
1065 3480 1191 3551 περὶ
1229 3477 1322 3531 τοῦ
1353 3478 1603 3548 Σωτῆρος
1662 3493 1795 3547 προ-

218 3574 439 3644 φητείας
467 3574 716 3643 συνήθως
742 3573 799 3624 ἐν
831 3573 950 3634 ταῖς
998 3571 1185 3635 ἄλλαις
1220 3573 1460 3642 Γραφαῖς
1503 3570 1797 3641 θαυμάζων

218 3666 305 3718 καὶ
330 3664 663 3739 προσκυνῶν
684 3664 1033 3735 διεξέρχεται,
1065 3667 1189 3727 τοὺς
1217 3664 1273 3717 δὲ
1302 3663 1519 3735 ἐτέρους
1552 3662 1797 3733 ψαλμοὺς

216 3758 288 3819 ὡς
321 3759 494 3821 ίδίους
516 3758 675 3821 ὄντας
706 3756 895 3826 λόγους
943 3754 1323 3825 ἀναγινώσκειο
1380 3754 1478 3809 καὶ
1530 3756 1558 3806 ὁ
1588 3753 1799 3807 ἀκούων

218 3851 269 3905 δὲ
296 3854 369 3916 ὡς
407 3850 580 3913 αὐτὸς
611 3848 785 3918 λέγων
834 3848 1249 3914 κατανύσσεται,
1278 3848 1374 3902 καὶ
1404 3846 1800 3902 συνδιατίθεται

220 3944 325 4007 τοῖς
357 3944 475 3996 τῶν
511 3942 664 4013 ᾠδῶν
697 3944 954 4013 ῥήμασιν,
1003 3941 1078 4006 ὡς
1109 3941 1245 3995 ίδίαν
1296 3940 1465 3995 ὄντων
1498 3939 1665 3994 αὐτοῦ
1703 3941 1798 4011 (9).

221 4035 531 4108 Σαφηνείας
554 4034 609 4086 δὲ
638 4034 795 4105 χάριν
826 4035 927 4088 ούκ
976 4034 1252 4106 ὀκνητέον,
1300 4032 1440 4087 κατά
1482 4034 1573 4087 τὸν
1620 4034 1799 4104 μακά-

224 4142 334 4195 ριον
406 4124 757 4189 Ἀπόστολον,
817 4124 1224 4178 ἐπαναλαϐόντα
1276 4125 1338 4177 τὸ
1398 4124 1530 4178 αὐτὸ
1600 4124 1796 4194 λέγειν.

223 4216 474 4272 Πλεῖστοι
512 4216 658 4285 λόγοι
686 4216 795 4269 τῶν
817 4214 1165 4289 πατριαρχῶν
1198 4218 1303 4269 εἰσι
1324 4259 1338 4282 ,
1369 4218 1464 4270 καὶ
1499 4216 1620 4270 ἴδιοι
1671 4218 1801 4287 παρ’

221 4311 395 4364 αὐτῶν
462 4309 759 4381 είρημένον
818 4310 911 4363 καὶ
968 4308 1207 4379 Μωῡσῆς
1251 4309 1449 4372 ἐλάλει,
1499 4311 1529 4361 ό
1558 4309 1614 4361 δὲ
1672 4309 1803 4371 Θεδς

223 4403 579 4476 ἀπεκρίνατοο
635 4401 816 4464 Ἠλίας
865 4418 926 4455 τε
974 4402 1070 4455 καὶ
1108 4402 1409 4465 Ἐλισσαῖος
1445 4404 1536 4455 ἐπὶ
1560 4402 1621 4453 τὸ
1653 4403 1803 4471 Καρ-

226 4495 417 4565 μήλιον
446 4493 571 4566 ὅρος
595 4494 889 4565 καθήμενοι
936 4494 1296 4549 ἐπεκαλοῦντο
1330 4494 1419 4546 τὸν
1452 4495 1676 4564 Κύριον,
1709 4494 1803 4547 καὶ

1895 3384 1989 3453 qui
2023 3384 2210 3450 sumit,
2260 3384 2571 3455 prophetias
2605 3385 2823 3455 quidem
2861 3386 2928 3441 de
2975 3386 3287 3455 Salvatore,
3318 3396 3379 3444 ut
3415 3390 3470 3445 in

1897 3478 2019 3533 aliis
2070 3476 2370 3547 Scripturis
2422 3491 2574 3531 more
2622 3476 2784 3531 solito
2828 3492 2952 3532 cum
3009 3478 3369 3537 admiratione
3417 3490 3472 3537 et

1896 3570 2209 3626 adoratione
2254 3568 2523 3637 percurrit
2563 3584 2578 3623 :
2632 3567 2769 3623 alios
2812 3583 2943 3626 vero
2984 3570 3265 3641 psalmos,
3310 3574 3471 3643 quasi

1897 3662 2147 3733 proprios
2178 3658 2282 3715 sibi
2325 3673 2606 3716 sermones
2646 3662 2814 3732 legit;
2850 3662 2941 3734 qui
2983 3672 3163 3718 autem
3198 3663 3470 3730 audierit.

1899 3754 2056 3825 quasi
2110 3753 2227 3807 haec
2281 3751 2473 3806 eadem
2520 3752 2635 3826 ipse
2688 3752 2999 3824 proferret,
3046 3755 3470 3826 compungitur,

1901 3855 2061 3914 atque
2090 3844 2165 3898 ita
2195 3844 2531 3901 canticorum
2574 3842 2756 3897 verbis
2784 3842 3037 3909 adicitur,
3064 3846 3221 3915 quasi
3254 3860 3353 3901 sua
3384 3861 3474 3901 es-

1901 3945 2041 3991 sent.
2090 3934 2481 4007 Explicationis
2523 3949 2725 4000 causa,
2771 3951 2839 3991 ne
2867 3951 3191 4006 gravemur,
3224 3938 3474 4008 exemplo

1901 4028 2043 4084 beati
2073 4026 2226 4083 Pauli
2254 4028 2508 4100 apostoli,
2536 4028 2771 4099 idipsum
2798 4039 3059 4100 repetere.
3084 4029 3333 4087 Plurima
3346 4042 3478 4087 sunt

1902 4118 2335 4189 patriarcharum
2381 4118 2543 4174 verba
2585 4118 2717 4188 ipsis
2756 4118 2974 4188 propria
3030 4137 3043 4172 :
3086 4134 3211 4173 nam
3261 4118 3474 4192 Moyses

1902 4211 2244 4281 loquebatur,
2280 4221 2333 4266 et
2367 4210 2511 4266 Deus
2547 4211 2947 4281 respondebat;
2982 4209 3128 4267 Elias
3165 4223 3220 4268 et
3247 4209 3475 4271 Elisazus

1904 4302 1959 4357 in
1993 4301 2243 4357 Carmelo
2270 4308 2453 4355 monte
2502 4301 2752 4358 sedentes
2784 4300 3075 4357 Dominum
3113 4303 3469 4369 invocabant.

1904 4391 2264 4462 dicebantque
2287 4407 2499 4462 semper
2532 4410 2545 4447 :
2586 4392 2723 4446 Vivit
2761 4392 3038 4461 Dominus,
3081 4395 3135 4448 in
3172 4396 3323 4465 cujus
3354 4412 3475 4451 cou-

1906 4493 2081 4554 spectu
2112 4484 2260 4537 astiti
2284 4485 2438 4538 hodie
2470 4484 2533 4537 “.
2565 4484 2810 4539 Aliorum
2843 4485 2970 4540 item
3002 4494 3316 4541 sanctorum
3346 4502 3475 4557 pro—

223 4585 306 4639 ἀεὶ
334 4584 547 4652 ελεγον·
593 4582 680 4652 Ζῇ
705 4585 936 4652 Κύριος,
970 4577 1017 4650 ᾧ
1065 4583 1376 4653 παρέστην
1402 4582 1656 4636 ἐνώπιον
1700 4584 1793 4635 αὐ-

1906 4577 2194 4644 pbetarum
2243 4574 2406 4629 verba
2466 4575 2523 4629 in
2574 4575 2767 4645 primis
2828 4576 3047 4646 quidem
3091 4576 3158 4631 de
3196 4576 3475 4634 Salvatore

224 4675 325 4731 τοῦ
372 4672 666 4744 σήμερον.
700 4676 767 4728 Οἵ
819 4692 879 4729 τε
929 4675 1039 4729 τῶν
1066 4676 1240 4730 ἄλλων
1285 4674 1457 4744 ἁγίων
1506 4673 1801 4745 προφητῶν

224 4765 368 4837 λόγοι.
404 4767 804 4839 προηγούμενοι
832 4768 929 4839 μέν
986 4770 1122 4821 εἰσιν
1166 4768 1215 4820 0i
1254 4768 1380 4837 περὶ
1412 4765 1503 4819 τοῦ
1527 4766 1796 4837 Σωτῆρος·

226 4857 418 4912 ἔπειτα
446 4857 503 4911 δέ
525 4857 619 4910 καὶ
646 4856 883 4911 πλεῖστοι
910 4859 1162 4927 γεγόνασι
1190 4861 1301 4921 τοῖς
1322 4875 1380 4909 τε
1406 4856 1581 4910 ἔθνεσι
1607 4858 1699 4911 καὶ
1726 4856 1800 4928 τῷ

239 4948 477 5020 Ἰσραήλ.
501 4948 609 5002 Καὶ
642 4948 789 5020 ὅμως
816 4950 990 5012 οὐδεὶς
1025 4949 1147 5003 οὗτε
1180 4948 1289 5003 τῶν
1337 4947 1684 5020 πατριαρχῶν
1708 4949 1799 5002 λό-

228 5056 358 5106 γους
390 5039 467 5104 ὼς
503 5040 666 5104 ἰδίους
692 5041 756 5095 ἄν
782 5058 911 5094 ποτε
936 5041 1099 5109 εἴποι,
1130 5041 1253 5095 οὔτε
1295 5041 1555 5112 τολμήσοι
1582 5058 1666 5104 τις
1716 5060 1802 5110 μι-

233 5131 510 5203 μήσασθαι
544 5132 637 5186 καὶ
660 5134 833 5186 εἰπεῖν
870 5134 939 5187 τά
965 5133 1245 5197 Μωῦσέως
1274 5133 1381 5187 ίδια
1409 5134 1652 5204 ῥήματα,
1682 5134 1803 5189 οὐδέ

229 5223 322 5276 τοῦ
364 5222 615 5296 Ἁϐραάμ
647 5225 776 5296 περὶ
820 5223 915 5277 τοῦ
944 5224 1251 5295 οίκογενοῦς
1298 5224 1390 5277 καὶ
1448 5224 1541 5277 τοῦ
1578 5224 1802 5296 Ἰσμαὴλ

236 5313 404 5368 καὶτὰ
428 5315 557 5387 περ)⁵
582 5314 679 5368 τοῦ
706 5316 940 5387 μεγάλου
974 5316 1176 5381 Ἰσαάκ,
1233 5316 1335 5369 κᾶν
1388 5316 1420 5386 ἠ
1474 5316 1611 5387 αὑτὴ
1646 5315 1802 5388 χρεία

236 5403 355 5455 τινὰ
380 5407 475 5460 καὶ
498 5407 713 5479 ἀνάγκη
739 5406 1041 5480 καταλάὴγ,
1072 5407 1347 5478 τολμήσας
1382 5406 1446 5459 ἄν
1468 5424 1549 5469 τις
1590 5407 1665 5470 ὡς
1697 5407 1802 5459 ῑδια

238 5494 395 5547 εἴποι.
436 5496 531 5549 ’Δν
554 5497 613 5551 δέ
644 5497 737 5551 καὶ
768 5497 1064 5570 συμπάσχῃ
1091 5513 1175 5559 ⁴τις
1227 5498 1338 5558 τοῖς
1390 5495 1676 5564 πάσχουσι,
1710 5494 1804 5547 καὶ

239 5583 399 5638 πόθον
432 5585 565 5637 ποτὶ
594 5587 735 5659 λάόῃ
768 5585 870 5641 τοῦ
891 5586 1218 5658 κρείττονος,
1250 5585 1433 5639 οὔποτ’
1476 5584 1541 5639 ἂν
1569 5584 1710 5638 εἴποι
1732 5585 1805 5649 ὡς

306 5698 345 5731 ’⁸
373 5696 535 5754 Rom.
565 5711 619 5759 ν,
656 5700 771 5755 3.5.
886 5701 926 5731 "
962 5699 1193 5754 lThess.
1232 5716 1282 5765 ν,
1322 5700 1404 5754 18.

242 5780 429 5835 smn,
454 5770 543 5825 15.
618 5769 663 5800 ³⁸
689 5768 853 5827 Exod.
888 5786 1050 5833 χχιιι,
1075 5768 1162 5825 59.

309 5857 379 5929 (9)
430 5860 601 5919 Ίδίων
628 5861 791 5915 αὑτοῦ
819 5865 1000 5918 ὅντων.

1504 5699 1547 5730 ⁸³
1580 5696 1621 5751 ιι
1654 5696 1795 5754 Tim.
1841 5713 1923 5769 ιιι,
1969 5701 2050 5757 12.

1908 4675 2037 4721 sunt
2061 4685 2076 4722 :
2108 4666 2303 4722 deinde
2328 4666 2561 4737 plurima
2590 4668 2734 4725 dicta
2758 4678 2885 4723 sunt
2914 4667 3167 4738 gentibus
3191 4678 3244 4725 et
3268 4668 3473 4726 lsraeli.

1908 4761 2160 4817 Attamen
2208 4775 2369 4815 nemo
2403 4776 2647 4831 unquam
2694 4761 3131 4831 patriarcharum
3173 4763 3370 4828 verba,
3418 4775 3479 4820 ut

1908 4852 2010 4908 sibi
2046 4853 2263 4925 propria
2292 4854 2508 4909 locutus
2542 4852 2704 4908 fuerit
2731 4872 2744 4908 :
2782 4869 2958 4924 neque
2978 4853 3182 4926 Moysis
3210 4855 3394 4921 verba,
3418 4866 3478 4912 ut

1908 4944 2124 5015 propria
2151 4944 2352 4999 imitari
2388 4943 2740 5016 proferreque
2782 4961 2950 5001 ausus
2975 4944 3158 5013 fuerit,
3175 4962 3274 5003 nec
3301 4946 3474 5001 Abra-

1908 5037 2055 5092 hami
2084 5037 2150 5092 de
2178 5052 2365 5103 verna,
2391 5047 2445 5092 et
2472 5037 2538 5093 de
2564 5036 2810 5101 lsmaele,
2852 5046 2907 5093 et
2937 5038 3003 5092 de
3034 5052 3231 5108 magno
3256 5036 3472 5103 Isaaco,

1908 5126 2161 5195 quamvis
2191 5127 2381 5182 eadem
2410 5126 2527 5195 ipsa
2568 5126 2898 5181 necessitate
2930 5135 3225 5197 prematur.
3277 5125 3384 5182 Nec
3429 5129 3479 5185 si

1908 5218 2034 5287 quis
2063 5218 2391 5288 patientibus
2421 5219 2781 5287 compatiatur
2805 5258 2820 5284 ,
2863 5227 2959 5273 aut
3003 5218 3081 5273 rei
3114 5219 3353 5275 melioris
3385 5221 3480 5274 de-

1910 5310 2114 5367 siderio
2142 5321 2425 5377 teneatur,
2456 5327 2698 5383 unquam
2738 5312 2936 5367 dixerit
2980 5321 3041 5365 ut
3076 5310 3290 5382 Moyses
3322 5328 3337 5364 :
3380 5311 3482 5367 0s-

1912 5400 2061 5453 tende
2103 5402 2232 5455 mihi
2272 5403 2492 5472 teipsum
2517 5403 2603 5468 “;
2651 5402 2769 5467 vel,
2799 5401 2861 5457 Si
2904 5402 3115 5473 quidem
3145 5404 3368 5457 remittis
3405 5405 3482 5460 eis

1911 5499 2182 5558 peccatum
2227 5508 2443 5561 eorum,
2490 5495 2731 5559 remitte;
2766 5496 2850 5548 sin
2890 5494 3096 5559 minus,
3134 5493 3249 5549 dele
3295 5511 3375 5549 me
3417 5496 3482 5551 ds

1913 5581 2050 5637 libro
2097 5592 2206 5653 tuo,
2253 5603 2404 5656 quem
2449 5587 2712 5657 scripsisti
2741 5586 2801 5641 ¹⁶.
2854 5587 2962 5643 Sed
3008 5601 3109 5643 nec
3145 5587 3481 5658 quisquam,

2159 5703 2201 5734 "
2231 5702 2295 5759 lll
2316 5704 2445 5776 Reg.
2474 5718 2604 5771 xvu,
2637 5701 2793 5772 i;lV
2826 5700 2959 5774 Reg.
2993 5716 3075 5770 ιιι,
3102 5701 3190 5757 N.
3242 5700 3285 5733 ¹⁸
3304 5700 3481 5763 Exod.
