  <div class='ocr_page' id='page_1' title='image "/cluster/home/n/w/nwhite01/storage/ocr_20150623/27/uva.x030474749/021.png"; bbox 0 0 4122 6506; ppageno 0'>
   <div class='ocr_carea' id='block_1_1' title="bbox 639 418 2211 478">
    <p class='ocr_par' dir='ltr' id='par_1_1' title="bbox 639 418 2211 476">
     <span class='ocr_line' id='line_1_1' title="bbox 639 418 2211 476; baseline 0.002 -5"><span class='ocrx_word' id='word_1_1' title='bbox 639 419 709 472; x_wconf 71' lang='grc'><strong>23</strong></span> <span class='ocrx_word' id='word_1_2' title='bbox 1480 418 1538 470; x_wconf 90' lang='lat' dir='ltr'><strong>S.</strong></span> <span class='ocrx_word' id='word_1_3' title='bbox 1589 418 1955 474; x_wconf 77' lang='lat' dir='ltr'><strong>ATHANASII</strong></span> <span class='ocrx_word' id='word_1_4' title='bbox 1997 420 2143 476; x_wconf 84' lang='lat' dir='ltr'><strong>OPP.</strong></span> <span class='ocrx_word' id='word_1_5' title='bbox 2188 421 2211 474; x_wconf 75' lang='grc' dir='ltr'>Ι</span> 
     </span>
    </p>
   </div>
   <div class='ocr_carea' id='block_1_2' title="bbox 2313 418 3855 478">
    <p class='ocr_par' dir='ltr' id='par_1_2' title="bbox 2313 419 3855 478">
     <span class='ocr_line' id='line_1_2' title="bbox 2313 419 3855 478; baseline 0.001 -4"><span class='ocrx_word' id='word_1_6' title='bbox 2313 423 2367 477; x_wconf 70' lang='lat' dir='ltr'><strong>l5</strong></span> <span class='ocrx_word' id='word_1_7' title='bbox 2407 419 2494 474; x_wconf 79' lang='grc' dir='ltr'>ιιι.</span> <span class='ocrx_word' id='word_1_8' title='bbox 2538 451 2602 461; x_wconf 88' lang='lat'><strong>-—</strong></span> <span class='ocrx_word' id='word_1_9' title='bbox 2641 421 3049 478; x_wconf 73' lang='lat' dir='ltr'><strong>EXEGETICA.</strong></span> <span class='ocrx_word' id='word_1_10' title='bbox 3784 426 3855 476; x_wconf 68' lang='grc'><strong>24</strong></span> 
     </span>
    </p>
   </div>
   <div class='ocr_carea' id='block_1_3' title="bbox 642 531 2211 609">
    <p class='ocr_par' dir='ltr' id='par_1_3' title="bbox 642 531 2196 606">
     <span class='ocr_line' id='line_1_3' title="bbox 642 531 2196 606; baseline 0.005 -21"><span class='ocrx_word' id='word_1_11' title='bbox 642 531 1024 602; x_wconf 85' lang='lat' dir='ltr'><strong>prophetarum</strong></span> <span class='ocrx_word' id='word_1_12' title='bbox 1051 532 1211 588; x_wconf 88' lang='lat' dir='ltr'><strong>verba</strong></span> <span class='ocrx_word' id='word_1_13' title='bbox 1241 543 1299 587; x_wconf 92' lang='lat' dir='ltr'><strong>ut</strong></span> <span class='ocrx_word' id='word_1_14' title='bbox 1331 536 1544 603; x_wconf 77' lang='lat' dir='ltr'><strong>propria</strong></span> <span class='ocrx_word' id='word_1_15' title='bbox 1571 552 1864 606; x_wconf 83' lang='lat' dir='ltr'><strong>usurpans,</strong></span> <span class='ocrx_word' id='word_1_16' title='bbox 1901 537 1987 593; x_wconf 85' lang='lat' dir='ltr'><strong>his</strong></span> <span class='ocrx_word' id='word_1_17' title='bbox 2017 554 2196 606; x_wconf 84' lang='lat' dir='ltr'><strong>repre-</strong></span> 
     </span>
    </p>
   </div>
   <div class='ocr_carea' id='block_1_4' title="bbox 2313 531 3857 609">
    <p class='ocr_par' dir='ltr' id='par_1_4' title="bbox 2313 539 3857 609">
     <span class='ocr_line' id='line_1_4' title="bbox 2313 539 3857 609; baseline 0.003 -19"><span class='ocrx_word' id='word_1_18' title='bbox 2313 541 2563 609; x_wconf 65' lang='grc' dir='ltr'>ιῐωύσῆςο</span> <span class='ocrx_word' id='word_1_19' title='bbox 2615 539 2979 609; x_wconf 62' lang='grc' dir='ltr'><em>Ἐμφὰνισὸν</em></span> <span class='ocrx_word' id='word_1_20' title='bbox 3005 557 3102 608; x_wconf 72' lang='grc' dir='ltr'><strong>μοι</strong></span> <span class='ocrx_word' id='word_1_21' title='bbox 3137 539 3433 593; x_wconf 78' lang='grc' dir='ltr'>σεαυτόνο</span> <span class='ocrx_word' id='word_1_22' title='bbox 3480 539 3513 608; x_wconf 79' lang='grc' dir='ltr'><strong>ἢ</strong></span> <span class='ocrx_word' id='word_1_23' title='bbox 3567 539 3744 594; x_wconf 77' lang='grc' dir='ltr'>πάλινο</span> <span class='ocrx_word' id='word_1_24' title='bbox 3789 543 3857 594; x_wconf 73' lang='grc' dir='ltr'><strong>ει</strong></span> 
     </span>
    </p>
   </div>
   <div class='ocr_carea' id='block_1_5' title="bbox 642 623 2190 696">
    <p class='ocr_par' dir='ltr' id='par_1_5' title="bbox 642 623 2190 696">
     <span class='ocr_line' id='line_1_5' title="bbox 642 623 2190 696; baseline 0.003 -20"><span class='ocrx_word' id='word_1_25' title='bbox 642 623 906 688; x_wconf 81' lang='lat' dir='ltr'><strong>lienderit,</strong></span> <span class='ocrx_word' id='word_1_26' title='bbox 935 623 1017 677; x_wconf 91' lang='lat' dir='ltr'><strong>vel</strong></span> <span class='ocrx_word' id='word_1_27' title='bbox 1065 623 1359 679; x_wconf 85' lang='lat' dir='ltr'><strong>laudaverit</strong></span> <span class='ocrx_word' id='word_1_28' title='bbox 1403 641 1495 678; x_wconf 92' lang='lat' dir='ltr'><strong>eos</strong></span> <span class='ocrx_word' id='word_1_29' title='bbox 1537 627 1625 696; x_wconf 93' lang='lat' dir='ltr'><strong>qui</strong></span> <span class='ocrx_word' id='word_1_30' title='bbox 1677 627 1874 682; x_wconf 80' lang='lat' dir='ltr'><strong>similia</strong></span> <span class='ocrx_word' id='word_1_31' title='bbox 1927 627 2190 694; x_wconf 79' lang='lat' dir='ltr'><strong>fecerint,</strong></span> 
     </span>
    </p>
   </div>
   <div class='ocr_carea' id='block_1_6' title="bbox 641 715 2196 790">
    <p class='ocr_par' dir='ltr' id='par_1_6' title="bbox 641 715 2196 790">
     <span class='ocr_line' id='line_1_6' title="bbox 641 715 2196 790; baseline 0.003 -22"><span class='ocrx_word' id='word_1_32' title='bbox 641 716 837 790; x_wconf 77' lang='lat' dir='ltr'><strong>quibus</strong></span> <span class='ocrx_word' id='word_1_33' title='bbox 895 715 992 784; x_wconf 82' lang='lat' dir='ltr'><strong>ipsi</strong></span> <span class='ocrx_word' id='word_1_34' title='bbox 1034 716 1534 785; x_wconf 79' lang='lat' dir='ltr'><strong>reprehenderunt,</strong></span> <span class='ocrx_word' id='word_1_35' title='bbox 1571 719 2064 789; x_wconf 85' lang='lat' dir='ltr'><strong>laudaveruntque;</strong></span> <span class='ocrx_word' id='word_1_36' title='bbox 2103 736 2196 773; x_wconf 88' lang='lat' dir='ltr'><strong>ne-</strong></span> 
     </span>
    </p>
   </div>
   <div class='ocr_carea' id='block_1_7' title="bbox 641 805 2196 878">
    <p class='ocr_par' dir='ltr' id='par_1_7' title="bbox 641 805 2196 878">
     <span class='ocr_line' id='line_1_7' title="bbox 641 805 2196 878; baseline 0.005 -22"><span class='ocrx_word' id='word_1_37' title='bbox 641 821 745 876; x_wconf 86' lang='lat' dir='ltr'><strong>que</strong></span> <span class='ocrx_word' id='word_1_38' title='bbox 773 806 902 860; x_wconf 89' lang='lat' dir='ltr'><strong>illud</strong></span> <span class='ocrx_word' id='word_1_39' title='bbox 938 821 951 858; x_wconf 90' lang='lat'>:</span> <span class='ocrx_word' id='word_1_40' title='bbox 995 805 1129 860; x_wconf 76' lang='lat' dir='ltr'><strong>Vivit</strong></span> <span class='ocrx_word' id='word_1_41' title='bbox 1166 806 1437 873; x_wconf 84' lang='lat' dir='ltr'><strong>Dominus,</strong></span> <span class='ocrx_word' id='word_1_42' title='bbox 1457 809 1508 860; x_wconf 83' lang='lat' dir='ltr'><strong>in</strong></span> <span class='ocrx_word' id='word_1_43' title='bbox 1549 809 1698 877; x_wconf 80' lang='lat' dir='ltr'><strong>cujus</strong></span> <span class='ocrx_word' id='word_1_44' title='bbox 1731 822 2006 878; x_wconf 83' lang='lat' dir='ltr'><strong>conspectu</strong></span> <span class='ocrx_word' id='word_1_45' title='bbox 2044 810 2196 864; x_wconf 81' lang='lat' dir='ltr'><strong>hodie</strong></span> 
     </span>
    </p>
   </div>
   <div class='ocr_carea' id='block_1_8' title="bbox 641 897 2192 971">
    <p class='ocr_par' dir='ltr' id='par_1_8' title="bbox 641 897 2192 971">
     <span class='ocr_line' id='line_1_8' title="bbox 641 897 2192 971; baseline 0.002 -19"><span class='ocrx_word' id='word_1_46' title='bbox 641 908 743 962; x_wconf 76' lang='lat' dir='ltr'><strong>aro,</strong></span> <span class='ocrx_word' id='word_1_47' title='bbox 768 910 830 954; x_wconf 92' lang='lat' dir='ltr'><strong>ut</strong></span> <span class='ocrx_word' id='word_1_48' title='bbox 861 897 1136 967; x_wconf 91' lang='lat' dir='ltr'><strong>proprium</strong></span> <span class='ocrx_word' id='word_1_49' title='bbox 1166 898 1268 954; x_wconf 87' lang='lat' dir='ltr'><strong>sibi</strong></span> <span class='ocrx_word' id='word_1_50' title='bbox 1295 914 1596 952; x_wconf 89' lang='lat' dir='ltr'><strong>sermonem</strong></span> <span class='ocrx_word' id='word_1_51' title='bbox 1623 900 1823 955; x_wconf 90' lang='lat' dir='ltr'><strong>imitari</strong></span> <span class='ocrx_word' id='word_1_52' title='bbox 1844 916 2192 971; x_wconf 71' lang='lat' dir='ltr'><strong>prmsumpse-</strong></span> 
     </span>
    </p>
   </div>
   <div class='ocr_carea' id='block_1_9' title="bbox 634 988 2194 1062">
    <p class='ocr_par' dir='ltr' id='par_1_9' title="bbox 634 988 2194 1062">
     <span class='ocr_line' id='line_1_9' title="bbox 634 988 2194 1062; baseline 0 -18"><span class='ocrx_word' id='word_1_53' title='bbox 634 988 732 1046; x_wconf 85' lang='lat' dir='ltr'><strong>&#39;rit.</strong></span> <span class='ocrx_word' id='word_1_54' title='bbox 776 990 982 1047; x_wconf 87' lang='lat' dir='ltr'><strong>Etenim</strong></span> <span class='ocrx_word' id='word_1_55' title='bbox 1027 991 1221 1062; x_wconf 80' lang='lat' dir='ltr'><strong>legenti</strong></span> <span class='ocrx_word' id='word_1_56' title='bbox 1273 991 1440 1048; x_wconf 88' lang='lat' dir='ltr'><strong>libros</strong></span> <span class='ocrx_word' id='word_1_57' title='bbox 1490 992 1832 1062; x_wconf 89' lang='lat' dir='ltr'><strong>perspicuum</strong></span> <span class='ocrx_word' id='word_1_58' title='bbox 1859 1002 1974 1058; x_wconf 89' lang='lat' dir='ltr'><strong>est,</strong></span> <span class='ocrx_word' id='word_1_59' title='bbox 2001 1007 2059 1047; x_wconf 89' lang='lat' dir='ltr'><strong>se</strong></span> <span class='ocrx_word' id='word_1_60' title='bbox 2108 991 2194 1045; x_wconf 93' lang='lat' dir='ltr'><strong>illa</strong></span> 
     </span>
    </p>
   </div>
   <div class='ocr_carea' id='block_1_10' title="bbox 641 1080 2195 1151">
    <p class='ocr_par' dir='ltr' id='par_1_10' title="bbox 641 1080 2195 1151">
     <span class='ocr_line' id='line_1_10' title="bbox 641 1080 2195 1151; baseline 0.001 -18"><span class='ocrx_word' id='word_1_61' title='bbox 641 1081 828 1147; x_wconf 85' lang='lat' dir='ltr'><strong>&#39;verba,</strong></span> <span class='ocrx_word' id='word_1_62' title='bbox 856 1097 963 1134; x_wconf 91' lang='lat' dir='ltr'><strong>non</strong></span> <span class='ocrx_word' id='word_1_63' title='bbox 986 1089 1047 1135; x_wconf 90' lang='lat' dir='ltr'><strong>ut</strong></span> <span class='ocrx_word' id='word_1_64' title='bbox 1076 1080 1313 1151; x_wconf 87' lang='lat' dir='ltr'><strong>propria,</strong></span> <span class='ocrx_word' id='word_1_65' title='bbox 1347 1080 1439 1134; x_wconf 88' lang='lat' dir='ltr'><strong>scd</strong></span> <span class='ocrx_word' id='word_1_66' title='bbox 1481 1090 1538 1134; x_wconf 91' lang='lat' dir='ltr'><strong>ut</strong></span> <span class='ocrx_word' id='word_1_67' title='bbox 1569 1090 1879 1135; x_wconf 88' lang='lat' dir='ltr'><strong>sanctorum</strong></span> <span class='ocrx_word' id='word_1_68' title='bbox 1915 1089 1968 1136; x_wconf 92' lang='lat' dir='ltr'><strong>et</strong></span> <span class='ocrx_word' id='word_1_69' title='bbox 2009 1096 2195 1136; x_wconf 88' lang='lat' dir='ltr'><strong>eorum</strong></span> 
     </span>
    </p>
   </div>
   <div class='ocr_carea' id='block_1_11' title="bbox 645 1169 2200 1242">
    <p class='ocr_par' dir='ltr' id='par_1_11' title="bbox 645 1169 2200 1242">
     <span class='ocr_line' id='line_1_11' title="bbox 645 1169 2200 1242; baseline 0.003 -18"><span class='ocrx_word' id='word_1_70' title='bbox 645 1171 736 1240; x_wconf 87' lang='lat' dir='ltr'><strong>qui</strong></span> <span class='ocrx_word' id='word_1_71' title='bbox 777 1185 875 1242; x_wconf 90' lang='lat' dir='ltr'><strong>per</strong></span> <span class='ocrx_word' id='word_1_72' title='bbox 896 1173 997 1226; x_wconf 91' lang='lat' dir='ltr'><strong>ista</strong></span> <span class='ocrx_word' id='word_1_73' title='bbox 1021 1170 1419 1240; x_wconf 77' lang='lat' dir='ltr'><strong>signiﬁcantur,</strong></span> <span class='ocrx_word' id='word_1_74' title='bbox 1444 1170 1706 1240; x_wconf 83' lang='lat' dir='ltr'><strong>proferre.</strong></span> <span class='ocrx_word' id='word_1_75' title='bbox 1739 1172 1809 1226; x_wconf 85' lang='lat' dir='ltr'><strong>At</strong></span> <span class='ocrx_word' id='word_1_76' title='bbox 1837 1173 1929 1242; x_wconf 88' lang='lat' dir='ltr'><strong>qui</strong></span> <span class='ocrx_word' id='word_1_77' title='bbox 1953 1169 2200 1229; x_wconf 81' lang='lat' dir='ltr'><strong>Psalmos</strong></span> 
     </span>
    </p>
   </div>
   <div class='ocr_carea' id='block_1_12' title="bbox 647 1262 2199 1333">
    <p class='ocr_par' dir='ltr' id='par_1_12' title="bbox 647 1262 2199 1333">
     <span class='ocr_line' id='line_1_12' title="bbox 647 1262 2199 1333; baseline 0.001 -17"><span class='ocrx_word' id='word_1_78' title='bbox 647 1262 802 1333; x_wconf 80' lang='lat' dir='ltr'><strong>legit,</strong></span> <span class='ocrx_word' id='word_1_79' title='bbox 833 1277 921 1317; x_wconf 90' lang='lat' dir='ltr'><strong>res</strong></span> <span class='ocrx_word' id='word_1_80' title='bbox 961 1263 1096 1315; x_wconf 91' lang='lat' dir='ltr'><strong>mira</strong></span> <span class='ocrx_word' id='word_1_81' title='bbox 1118 1303 1132 1328; x_wconf 92' lang='lat'><strong>,</strong></span> <span class='ocrx_word' id='word_1_82' title='bbox 1178 1273 1296 1332; x_wconf 91' lang='lat' dir='ltr'><strong>post</strong></span> <span class='ocrx_word' id='word_1_83' title='bbox 1328 1262 1635 1332; x_wconf 85' lang='lat' dir='ltr'><strong>prophetias</strong></span> <span class='ocrx_word' id='word_1_84' title='bbox 1676 1278 1796 1332; x_wconf 64' lang='lat' dir='ltr'><strong>qua:</strong></span> <span class='ocrx_word' id='word_1_85' title='bbox 1825 1263 1890 1317; x_wconf 91' lang='lat' dir='ltr'><strong>de</strong></span> <span class='ocrx_word' id='word_1_86' title='bbox 1923 1262 2199 1318; x_wconf 84' lang='lat' dir='ltr'><strong>Salvatore</strong></span> 
     </span>
    </p>
   </div>
   <div class='ocr_carea' id='block_1_13' title="bbox 645 1351 2198 1424">
    <p class='ocr_par' dir='ltr' id='par_1_13' title="bbox 645 1351 2198 1424">
     <span class='ocr_line' id='line_1_13' title="bbox 645 1351 2198 1424; baseline 0.001 -19"><span class='ocrx_word' id='word_1_87' title='bbox 645 1362 696 1406; x_wconf 86' lang='lat' dir='ltr'><strong>et</strong></span> <span class='ocrx_word' id='word_1_88' title='bbox 723 1353 789 1407; x_wconf 91' lang='lat' dir='ltr'><strong>de</strong></span> <span class='ocrx_word' id='word_1_89' title='bbox 813 1353 1061 1422; x_wconf 76' lang='lat' dir='ltr'><strong>gentibus</strong></span> <span class='ocrx_word' id='word_1_90' title='bbox 1104 1361 1231 1406; x_wconf 88' lang='lat' dir='ltr'><strong>sunt</strong></span> <span class='ocrx_word' id='word_1_91' title='bbox 1255 1391 1270 1415; x_wconf 91' lang='lat'><strong>,</strong></span> <span class='ocrx_word' id='word_1_92' title='bbox 1305 1351 1512 1422; x_wconf 88' lang='lat' dir='ltr'><strong>reliqua</strong></span> <span class='ocrx_word' id='word_1_93' title='bbox 1544 1360 1801 1422; x_wconf 88' lang='lat' dir='ltr'><strong>tanquam</strong></span> <span class='ocrx_word' id='word_1_94' title='bbox 1839 1353 1942 1407; x_wconf 87' lang='lat' dir='ltr'><strong>sibi</strong></span> <span class='ocrx_word' id='word_1_95' title='bbox 1982 1353 2198 1424; x_wconf 85' lang='lat' dir='ltr'><strong>propria</strong></span> 
     </span>
    </p>
   </div>
   <div class='ocr_carea' id='block_1_14' title="bbox 649 1443 2198 1513">
    <p class='ocr_par' dir='ltr' id='par_1_14' title="bbox 649 1443 2198 1513">
     <span class='ocr_line' id='line_1_14' title="bbox 649 1443 2198 1513; baseline 0.001 -17"><span class='ocrx_word' id='word_1_96' title='bbox 649 1444 807 1498; x_wconf 83' lang='lat' dir='ltr'><strong>verba</strong></span> <span class='ocrx_word' id='word_1_97' title='bbox 847 1443 1117 1513; x_wconf 84' lang='lat' dir='ltr'><strong>loquitur,</strong></span> <span class='ocrx_word' id='word_1_98' title='bbox 1162 1452 1214 1497; x_wconf 91' lang='lat' dir='ltr'><strong>et</strong></span> <span class='ocrx_word' id='word_1_99' title='bbox 1254 1459 1316 1497; x_wconf 90' lang='lat' dir='ltr'><strong>ea</strong></span> <span class='ocrx_word' id='word_1_100' title='bbox 1349 1443 1504 1512; x_wconf 89' lang='lat' dir='ltr'><strong>quasi</strong></span> <span class='ocrx_word' id='word_1_101' title='bbox 1548 1443 1614 1498; x_wconf 90' lang='lat' dir='ltr'><strong>de</strong></span> <span class='ocrx_word' id='word_1_102' title='bbox 1655 1458 1713 1499; x_wconf 91' lang='lat' dir='ltr'><strong>se</strong></span> <span class='ocrx_word' id='word_1_103' title='bbox 1757 1445 1954 1513; x_wconf 89' lang='lat' dir='ltr'><strong>scripta</strong></span> <span class='ocrx_word' id='word_1_104' title='bbox 1987 1454 2198 1509; x_wconf 87' lang='lat' dir='ltr'><strong>essent,</strong></span> 
     </span>
    </p>
   </div>
   <div class='ocr_carea' id='block_1_15' title="bbox 646 1535 2202 1605">
    <p class='ocr_par' dir='ltr' id='par_1_15' title="bbox 646 1535 2202 1605">
     <span class='ocr_line' id='line_1_15' title="bbox 646 1535 2202 1605; baseline 0.002 -16"><span class='ocrx_word' id='word_1_105' title='bbox 646 1535 876 1605; x_wconf 88' lang='lat' dir='ltr'><strong>quisque</strong></span> <span class='ocrx_word' id='word_1_106' title='bbox 901 1535 1107 1604; x_wconf 87' lang='lat' dir='ltr'><strong>psallit.</strong></span> <span class='ocrx_word' id='word_1_107' title='bbox 1136 1550 1234 1590; x_wconf 90' lang='lat' dir='ltr'><strong>nec</strong></span> <span class='ocrx_word' id='word_1_108' title='bbox 1267 1535 1421 1605; x_wconf 89' lang='lat' dir='ltr'><strong>quasi</strong></span> <span class='ocrx_word' id='word_1_109' title='bbox 1465 1535 1602 1590; x_wconf 84' lang='lat' dir='ltr'><strong>alius</strong></span> <span class='ocrx_word' id='word_1_110' title='bbox 1637 1550 1702 1590; x_wconf 91' lang='lat' dir='ltr'><strong>ea</strong></span> <span class='ocrx_word' id='word_1_111' title='bbox 1731 1535 1898 1602; x_wconf 84' lang='lat' dir='ltr'><strong>dicat,</strong></span> <span class='ocrx_word' id='word_1_112' title='bbox 1935 1536 2017 1590; x_wconf 89' lang='lat' dir='ltr'><strong>vel</strong></span> <span class='ocrx_word' id='word_1_113' title='bbox 2045 1536 2202 1605; x_wconf 90' lang='lat' dir='ltr'><strong>quasi</strong></span> 
     </span>
    </p>
   </div>
   <div class='ocr_carea' id='block_1_16' title="bbox 649 1625 2202 1697">
    <p class='ocr_par' dir='ltr' id='par_1_16' title="bbox 649 1625 2202 1697">
     <span class='ocr_line' id='line_1_16' title="bbox 649 1625 2202 1697; baseline -0.001 -17"><span class='ocrx_word' id='word_1_114' title='bbox 649 1627 812 1680; x_wconf 80' lang='lat' dir='ltr'><strong>alium</strong></span> <span class='ocrx_word' id='word_1_115' title='bbox 849 1626 1179 1697; x_wconf 73' lang='lat' dir='ltr'><strong>signiﬁcent,</strong></span> <span class='ocrx_word' id='word_1_116' title='bbox 1211 1640 1272 1679; x_wconf 90' lang='lat' dir='ltr'><strong>ea</strong></span> <span class='ocrx_word' id='word_1_117' title='bbox 1311 1625 1504 1695; x_wconf 89' lang='lat' dir='ltr'><strong>accipit</strong></span> <span class='ocrx_word' id='word_1_118' title='bbox 1525 1635 1580 1680; x_wconf 91' lang='lat' dir='ltr'><strong>et</strong></span> <span class='ocrx_word' id='word_1_119' title='bbox 1613 1628 1917 1696; x_wconf 83' lang='lat' dir='ltr'><strong>percurrit;</strong></span> <span class='ocrx_word' id='word_1_120' title='bbox 1952 1626 2043 1682; x_wconf 90' lang='lat' dir='ltr'><strong>sed</strong></span> <span class='ocrx_word' id='word_1_121' title='bbox 2081 1641 2202 1696; x_wconf 88' lang='lat' dir='ltr'><strong>per-</strong></span> 
     </span>
    </p>
   </div>
   <div class='ocr_carea' id='block_1_17' title="bbox 650 1716 2203 1788">
    <p class='ocr_par' dir='ltr' id='par_1_17' title="bbox 650 1716 2203 1788">
     <span class='ocr_line' id='line_1_17' title="bbox 650 1716 2203 1788; baseline 0.002 -19"><span class='ocrx_word' id='word_1_122' title='bbox 650 1717 770 1771; x_wconf 83' lang='lat' dir='ltr'><strong>inde</strong></span> <span class='ocrx_word' id='word_1_123' title='bbox 817 1718 1044 1771; x_wconf 81' lang='lat' dir='ltr'><strong>allicitur</strong></span> <span class='ocrx_word' id='word_1_124' title='bbox 1082 1726 1242 1786; x_wconf 89' lang='lat' dir='ltr'><strong>atque</strong></span> <span class='ocrx_word' id='word_1_125' title='bbox 1280 1716 1326 1770; x_wconf 88' lang='lat' dir='ltr'><strong>si</strong></span> <span class='ocrx_word' id='word_1_126' title='bbox 1361 1718 1474 1786; x_wconf 91' lang='lat' dir='ltr'><strong>ipse</strong></span> <span class='ocrx_word' id='word_1_127' title='bbox 1497 1716 1563 1771; x_wconf 92' lang='lat' dir='ltr'><strong>de</strong></span> <span class='ocrx_word' id='word_1_128' title='bbox 1590 1732 1649 1772; x_wconf 89' lang='lat' dir='ltr'><strong>se</strong></span> <span class='ocrx_word' id='word_1_129' title='bbox 1679 1718 1974 1788; x_wconf 86' lang='lat' dir='ltr'><strong>loquatur;</strong></span> <span class='ocrx_word' id='word_1_130' title='bbox 2006 1725 2059 1772; x_wconf 90' lang='lat' dir='ltr'><strong>et</strong></span> <span class='ocrx_word' id='word_1_131' title='bbox 2085 1733 2203 1788; x_wconf 64' lang='lat' dir='ltr'><strong>quae</strong></span> 
     </span>
    </p>
   </div>
   <div class='ocr_carea' id='block_1_18' title="bbox 648 1808 2202 1880">
    <p class='ocr_par' dir='ltr' id='par_1_18' title="bbox 648 1808 2202 1880">
     <span class='ocr_line' id='line_1_18' title="bbox 648 1808 2202 1880; baseline 0.003 -20"><span class='ocrx_word' id='word_1_132' title='bbox 648 1809 922 1872; x_wconf 85' lang='lat' dir='ltr'><strong>dicuntur,</strong></span> <span class='ocrx_word' id='word_1_133' title='bbox 963 1808 1114 1878; x_wconf 89' lang='lat' dir='ltr'><strong>quasi</strong></span> <span class='ocrx_word' id='word_1_134' title='bbox 1150 1808 1262 1876; x_wconf 89' lang='lat' dir='ltr'><strong>ipse</strong></span> <span class='ocrx_word' id='word_1_135' title='bbox 1303 1808 1471 1877; x_wconf 84' lang='lat' dir='ltr'><strong>egerit</strong></span> <span class='ocrx_word' id='word_1_136' title='bbox 1501 1816 1554 1861; x_wconf 93' lang='lat' dir='ltr'><strong>ct</strong></span> <span class='ocrx_word' id='word_1_137' title='bbox 1579 1823 1641 1862; x_wconf 82' lang='lat' dir='ltr'><strong>ex</strong></span> <span class='ocrx_word' id='word_1_138' title='bbox 1675 1825 1730 1863; x_wconf 88' lang='lat' dir='ltr'><strong>se</strong></span> <span class='ocrx_word' id='word_1_139' title='bbox 1765 1809 1878 1879; x_wconf 89' lang='lat' dir='ltr'><strong>ipse</strong></span> <span class='ocrx_word' id='word_1_140' title='bbox 1911 1809 2163 1880; x_wconf 86' lang='lat' dir='ltr'><strong>loquatur</strong></span> <span class='ocrx_word' id='word_1_141' title='bbox 2186 1849 2202 1877; x_wconf 93' lang='lat'><strong>,</strong></span> 
     </span>
    </p>
   </div>
   <div class='ocr_carea' id='block_1_19' title="bbox 2288 629 3858 701">
    <p class='ocr_par' dir='ltr' id='par_1_19' title="bbox 2288 629 3858 701">
     <span class='ocr_line' id='line_1_19' title="bbox 2288 629 3858 701; baseline 0 -17"><span class='ocrx_word' id='word_1_142' title='bbox 2288 634 2406 701; x_wconf 78' lang='grc' dir='ltr'><strong>μὲν</strong></span> <span class='ocrx_word' id='word_1_143' title='bbox 2432 631 2591 700; x_wconf 65' lang='grc' dir='ltr'><strong>ἀφῇς</strong></span> <span class='ocrx_word' id='word_1_144' title='bbox 2615 632 2820 697; x_wconf 83' lang='grc' dir='ltr'>αὐτοῖς</span> <span class='ocrx_word' id='word_1_145' title='bbox 2869 629 2984 698; x_wconf 74' lang='grc' dir='ltr'><strong>τὴν</strong></span> <span class='ocrx_word' id='word_1_146' title='bbox 3019 632 3328 700; x_wconf 77' lang='grc' dir='ltr'>ἁμαρτίαν,</span> <span class='ocrx_word' id='word_1_147' title='bbox 3385 630 3551 699; x_wconf 66' lang='grc' dir='ltr'>ἄφες·</span> <span class='ocrx_word' id='word_1_148' title='bbox 3583 633 3633 685; x_wconf 89' lang='grc' dir='ltr'>ει</span> <span class='ocrx_word' id='word_1_149' title='bbox 3683 632 3751 684; x_wconf 81' lang='grc' dir='ltr'>δὲ</span> <span class='ocrx_word' id='word_1_150' title='bbox 3769 633 3858 700; x_wconf 81' lang='grc' dir='ltr'>μὴ</span> 
     </span>
    </p>
   </div>
   <div class='ocr_carea' id='block_1_20' title="bbox 2293 717 3861 792">
    <p class='ocr_par' dir='ltr' id='par_1_20' title="bbox 2293 717 3861 792">
     <span class='ocr_line' id='line_1_20' title="bbox 2293 717 3861 792; baseline -0.001 -16"><span class='ocrx_word' id='word_1_151' title='bbox 2293 722 2470 792; x_wconf 58' lang='grc' dir='ltr'>ἀφῇς,</span> <span class='ocrx_word' id='word_1_152' title='bbox 2498 723 2820 791; x_wconf 71' lang='grc' dir='ltr'>ἐξάλειψὸν</span> <span class='ocrx_word' id='word_1_153' title='bbox 2839 740 2916 791; x_wconf 84' lang='grc' dir='ltr'><strong>με</strong></span> <span class='ocrx_word' id='word_1_154' title='bbox 2936 723 3002 776; x_wconf 79' lang='grc' dir='ltr'>ἐκ</span> <span class='ocrx_word' id='word_1_155' title='bbox 3036 721 3144 789; x_wconf 78' lang='grc' dir='ltr'>τῆς</span> <span class='ocrx_word' id='word_1_156' title='bbox 3169 723 3386 786; x_wconf 76' lang='grc' dir='ltr'>,ϐίϐλου</span> <span class='ocrx_word' id='word_1_157' title='bbox 3414 737 3550 785; x_wconf 83' lang='grc' dir='ltr'>σου,</span> <span class='ocrx_word' id='word_1_158' title='bbox 3579 717 3654 792; x_wconf 81' lang='grc' dir='ltr'><strong>ἧς</strong></span> <span class='ocrx_word' id='word_1_159' title='bbox 3689 721 3861 791; x_wconf 74' lang='grc' dir='ltr'>ἐγρα-</span> 
     </span>
    </p>
   </div>
   <div class='ocr_carea' id='block_1_21' title="bbox 2293 810 3862 883">
    <p class='ocr_par' dir='ltr' id='par_1_21' title="bbox 2293 810 3862 883">
     <span class='ocr_line' id='line_1_21' title="bbox 2293 810 3862 883; baseline 0 -19"><span class='ocrx_word' id='word_1_160' title='bbox 2293 816 2432 880; x_wconf 67' lang='grc' dir='ltr'>ψας.</span> <span class='ocrx_word' id='word_1_161' title='bbox 2485 810 2621 863; x_wconf 83' lang='grc' dir='ltr'>Ἀλλ’</span> <span class='ocrx_word' id='word_1_162' title='bbox 2644 811 2782 875; x_wconf 78' lang='grc' dir='ltr'>οὐδὲ,</span> <span class='ocrx_word' id='word_1_163' title='bbox 2817 811 2914 875; x_wconf 78' lang='grc' dir='ltr'><strong>τὰς</strong></span> <span class='ocrx_word' id='word_1_164' title='bbox 2946 811 3052 864; x_wconf 87' lang='grc' dir='ltr'><strong>τῶν</strong></span> <span class='ocrx_word' id='word_1_165' title='bbox 3104 810 3392 883; x_wconf 77' lang='grc' dir='ltr'>προφητῶν</span> <span class='ocrx_word' id='word_1_166' title='bbox 3441 828 3524 873; x_wconf 89' lang='grc' dir='ltr'><strong>τις</strong></span> <span class='ocrx_word' id='word_1_167' title='bbox 3569 810 3862 880; x_wconf 77' lang='grc' dir='ltr'>λαμϐάνων</span> 
     </span>
    </p>
   </div>
   <div class='ocr_carea' id='block_1_22' title="bbox 2294 900 3862 972">
    <p class='ocr_par' dir='ltr' id='par_1_22' title="bbox 2294 900 3862 972">
     <span class='ocr_line' id='line_1_22' title="bbox 2294 900 3862 972; baseline 0.001 -20"><span class='ocrx_word' id='word_1_168' title='bbox 2294 901 2368 964; x_wconf 77' lang='grc' dir='ltr'>ὡς</span> <span class='ocrx_word' id='word_1_169' title='bbox 2386 901 2490 954; x_wconf 76' lang='grc' dir='ltr'>ἴδια</span> <span class='ocrx_word' id='word_1_170' title='bbox 2518 903 2756 972; x_wconf 79' lang='grc' dir='ltr'>ῥήματα,</span> <span class='ocrx_word' id='word_1_171' title='bbox 2791 900 3065 972; x_wconf 84' lang='grc' dir='ltr'>μέμψαιτό</span> <span class='ocrx_word' id='word_1_172' title='bbox 3085 918 3166 964; x_wconf 86' lang='grc' dir='ltr'><strong>τις</strong></span> <span class='ocrx_word' id='word_1_173' title='bbox 3188 901 3220 970; x_wconf 86' lang='grc' dir='ltr'><strong>ἢ</strong></span> <span class='ocrx_word' id='word_1_174' title='bbox 3238 900 3538 953; x_wconf 81' lang='grc' dir='ltr'>ἐπαινέσειε</span> <span class='ocrx_word' id='word_1_175' title='bbox 3557 901 3764 964; x_wconf 79' lang='grc' dir='ltr'><strong>τούτοις</strong></span> <span class='ocrx_word' id='word_1_176' title='bbox 3793 900 3862 954; x_wconf 75' lang='grc' dir='ltr'>τὰ</span> 
     </span>
    </p>
   </div>
   <div class='ocr_carea' id='block_1_23' title="bbox 2296 989 3862 1064">
    <p class='ocr_par' dir='ltr' id='par_1_23' title="bbox 2296 989 3862 1064">
     <span class='ocr_line' id='line_1_23' title="bbox 2296 989 3862 1064; baseline 0 -20"><span class='ocrx_word' id='word_1_177' title='bbox 2296 992 2454 1061; x_wconf 83' lang='grc' dir='ltr'>ὃμοια</span> <span class='ocrx_word' id='word_1_178' title='bbox 2475 992 2809 1064; x_wconf 79' lang='grc' dir='ltr'>πράξαντας,</span> <span class='ocrx_word' id='word_1_179' title='bbox 2837 989 2918 1058; x_wconf 69' lang='grc' dir='ltr'><strong>οἷς</strong></span> <span class='ocrx_word' id='word_1_180' title='bbox 2949 992 3262 1063; x_wconf 70' lang='grc' dir='ltr'><strong>ἐμέμψαντο</strong></span> <span class='ocrx_word' id='word_1_181' title='bbox 3287 992 3378 1044; x_wconf 80' lang='grc' dir='ltr'>καὶ</span> <span class='ocrx_word' id='word_1_182' title='bbox 3430 991 3696 1060; x_wconf 74' lang='grc' dir='ltr'>ἐπῄνεσαν</span> <span class='ocrx_word' id='word_1_183' title='bbox 3717 994 3862 1044; x_wconf 78' lang='grc' dir='ltr'>ἐκεῖ·</span> 
     </span>
    </p>
   </div>
   <div class='ocr_carea' id='block_1_24' title="bbox 2296 1078 3865 1154">
    <p class='ocr_par' dir='ltr' id='par_1_24' title="bbox 2296 1078 3865 1154">
     <span class='ocr_line' id='line_1_24' title="bbox 2296 1078 3865 1154; baseline -0.003 -16"><span class='ocrx_word' id='word_1_184' title='bbox 2296 1102 2393 1138; x_wconf 91' lang='grc' dir='ltr'>νοι·</span> <span class='ocrx_word' id='word_1_185' title='bbox 2425 1085 2543 1139; x_wconf 81' lang='grc' dir='ltr'>οὐδὲ</span> <span class='ocrx_word' id='word_1_186' title='bbox 2567 1085 2646 1150; x_wconf 86' lang='grc' dir='ltr'>τὸ,</span> <span class='ocrx_word' id='word_1_187' title='bbox 2671 1083 2759 1153; x_wconf 73' lang='grc' dir='ltr'><strong><em>Ζῇ</em></strong></span> <span class='ocrx_word' id='word_1_188' title='bbox 2779 1086 3010 1154; x_wconf 81' lang='grc' dir='ltr'>Κύριος,</span> <span class='ocrx_word' id='word_1_189' title='bbox 3030 1078 3078 1151; x_wconf 87' lang='grc' dir='ltr'>ᾧ</span> <span class='ocrx_word' id='word_1_190' title='bbox 3106 1082 3414 1152; x_wconf 75' lang='grc' dir='ltr'><strong>παρέστην</strong></span> <span class='ocrx_word' id='word_1_191' title='bbox 3449 1083 3704 1138; x_wconf 72' lang='grc' dir='ltr'><strong>ἐνώπιον</strong></span> <span class='ocrx_word' id='word_1_192' title='bbox 3757 1084 3865 1135; x_wconf 85' lang='grc' dir='ltr'><strong>αὺ-</strong></span> 
     </span>
    </p>
   </div>
   <div class='ocr_carea' id='block_1_25' title="bbox 2295 1172 3865 1246">
    <p class='ocr_par' dir='ltr' id='par_1_25' title="bbox 2295 1172 3865 1246">
     <span class='ocr_line' id='line_1_25' title="bbox 2295 1172 3865 1246; baseline -0.003 -16"><span class='ocrx_word' id='word_1_193' title='bbox 2295 1176 2399 1232; x_wconf 84' lang='grc' dir='ltr'><strong>τοῦ</strong></span> <span class='ocrx_word' id='word_1_194' title='bbox 2429 1175 2714 1246; x_wconf 77' lang='grc' dir='ltr'><strong>σήμερον,</strong></span> <span class='ocrx_word' id='word_1_195' title='bbox 2744 1177 3048 1246; x_wconf 80' lang='grc' dir='ltr'>μιμήσηται</span> <span class='ocrx_word' id='word_1_196' title='bbox 3077 1175 3141 1228; x_wconf 84' lang='grc' dir='ltr'>ἄν</span> <span class='ocrx_word' id='word_1_197' title='bbox 3199 1189 3281 1237; x_wconf 86' lang='grc' dir='ltr'><strong>τις</strong></span> <span class='ocrx_word' id='word_1_198' title='bbox 3308 1175 3478 1226; x_wconf 79' lang='grc' dir='ltr'>εἰπεῖν</span> <span class='ocrx_word' id='word_1_199' title='bbox 3507 1175 3581 1237; x_wconf 83' lang='grc' dir='ltr'>ὡς</span> <span class='ocrx_word' id='word_1_200' title='bbox 3618 1174 3746 1226; x_wconf 75' lang='grc' dir='ltr'>ἰδιον</span> <span class='ocrx_word' id='word_1_201' title='bbox 3776 1172 3865 1225; x_wconf 77' lang='grc' dir='ltr'><strong>λό-</strong></span> 
     </span>
    </p>
   </div>
   <div class='ocr_carea' id='block_1_26' title="bbox 2297 1255 3864 1328">
    <p class='ocr_par' dir='ltr' id='par_1_26' title="bbox 2297 1255 3864 1328">
     <span class='ocr_line' id='line_1_26' title="bbox 2297 1255 3864 1328; baseline -0.001 -18"><span class='ocrx_word' id='word_1_202' title='bbox 2297 1274 2408 1327; x_wconf 86' lang='grc' dir='ltr'><strong>γον.</strong></span> <span class='ocrx_word' id='word_1_203' title='bbox 2441 1258 2549 1311; x_wconf 73' lang='grc' dir='ltr'>Καὶ</span> <span class='ocrx_word' id='word_1_204' title='bbox 2577 1257 2686 1328; x_wconf 76' lang='grc' dir='ltr'><strong>γὰρ</strong></span> <span class='ocrx_word' id='word_1_205' title='bbox 2715 1258 2807 1311; x_wconf 79' lang='grc' dir='ltr'><strong>καὶ</strong></span> <span class='ocrx_word' id='word_1_206' title='bbox 2836 1258 2865 1308; x_wconf 87' lang='grc' dir='ltr'><strong>ὀ</strong></span> <span class='ocrx_word' id='word_1_207' title='bbox 2893 1257 3230 1326; x_wconf 75' lang='grc' dir='ltr'><strong>ἐντυγχάνων</strong></span> <span class='ocrx_word' id='word_1_208' title='bbox 3249 1257 3366 1318; x_wconf 79' lang='grc' dir='ltr'>ταῖς</span> <span class='ocrx_word' id='word_1_209' title='bbox 3401 1255 3600 1324; x_wconf 87' lang='grc' dir='ltr'>βίϐλοις</span> <span class='ocrx_word' id='word_1_210' title='bbox 3631 1256 3864 1326; x_wconf 79' lang='grc' dir='ltr'>φανερός</span> 
     </span>
    </p>
   </div>
   <div class='ocr_carea' id='block_1_27' title="bbox 2299 1340 3863 1418">
    <p class='ocr_par' dir='ltr' id='par_1_27' title="bbox 2299 1340 3863 1418">
     <span class='ocr_line' id='line_1_27' title="bbox 2299 1340 3863 1418; baseline 0 -18"><span class='ocrx_word' id='word_1_211' title='bbox 2299 1348 2412 1402; x_wconf 78' lang='grc' dir='ltr'>ἐστι</span> <span class='ocrx_word' id='word_1_212' title='bbox 2467 1349 2540 1418; x_wconf 81' lang='grc' dir='ltr'><strong>μὴ</strong></span> <span class='ocrx_word' id='word_1_213' title='bbox 2568 1349 2642 1412; x_wconf 82' lang='grc' dir='ltr'><strong>ῶς</strong></span> <span class='ocrx_word' id='word_1_214' title='bbox 2670 1348 2849 1410; x_wconf 81' lang='grc' dir='ltr'>ἰδίους,</span> <span class='ocrx_word' id='word_1_215' title='bbox 2878 1347 3013 1401; x_wconf 83' lang='grc' dir='ltr'>ἀλλὰ</span> <span class='ocrx_word' id='word_1_216' title='bbox 3034 1346 3142 1401; x_wconf 87' lang='grc' dir='ltr'><strong>τῶν</strong></span> <span class='ocrx_word' id='word_1_217' title='bbox 3164 1340 3331 1414; x_wconf 80' lang='grc' dir='ltr'>ἁγίων</span> <span class='ocrx_word' id='word_1_218' title='bbox 3360 1346 3455 1400; x_wconf 71' lang='grc' dir='ltr'><strong>καὶ</strong></span> <span class='ocrx_word' id='word_1_219' title='bbox 3479 1347 3584 1400; x_wconf 89' lang='grc' dir='ltr'><strong>τῶν</strong></span> <span class='ocrx_word' id='word_1_220' title='bbox 3637 1347 3704 1400; x_wconf 83' lang='grc' dir='ltr'><strong>δι’</strong></span> <span class='ocrx_word' id='word_1_221' title='bbox 3760 1348 3863 1400; x_wconf 84' lang='grc' dir='ltr'><strong>αὑ-</strong></span> 
     </span>
    </p>
   </div>
   <div class='ocr_carea' id='block_1_28' title="bbox 2299 1437 3866 1519">
    <p class='ocr_par' dir='ltr' id='par_1_28' title="bbox 2299 1437 3866 1519">
     <span class='ocr_line' id='line_1_28' title="bbox 2299 1437 3866 1519; baseline 0 -27"><span class='ocrx_word' id='word_1_222' title='bbox 2299 1440 2406 1493; x_wconf 88' lang='grc' dir='ltr'><strong>τῶν</strong></span> <span class='ocrx_word' id='word_1_223' title='bbox 2430 1439 2772 1519; x_wconf 79' lang='grc' dir='ltr'>δηλουμένων</span> <span class='ocrx_word' id='word_1_224' title='bbox 2795 1440 2966 1519; x_wconf 74' lang='grc' dir='ltr'>λέγων</span> <span class='ocrx_word' id='word_1_225' title='bbox 2990 1440 3116 1502; x_wconf 74' lang='grc' dir='ltr'>τους</span> <span class='ocrx_word' id='word_1_226' title='bbox 3137 1438 3345 1507; x_wconf 85' lang='grc' dir='ltr'>λόγους.</span> <span class='ocrx_word' id='word_1_227' title='bbox 3371 1439 3508 1502; x_wconf 78' lang='grc' dir='ltr'>Τοὺς</span> <span class='ocrx_word' id='word_1_228' title='bbox 3536 1438 3592 1492; x_wconf 81' lang='grc' dir='ltr'>δέ</span> <span class='ocrx_word' id='word_1_229' title='bbox 3616 1454 3679 1507; x_wconf 84' lang='grc' dir='ltr'><strong>γε</strong></span> <span class='ocrx_word' id='word_1_230' title='bbox 3713 1437 3866 1492; x_wconf 77' lang='grc' dir='ltr'><strong>Ψαλ-</strong></span> 
     </span>
    </p>
   </div>
   <div class='ocr_carea' id='block_1_29' title="bbox 2304 1515 3867 1601">
    <p class='ocr_par' dir='ltr' id='par_1_29' title="bbox 2304 1515 3867 1601">
     <span class='ocr_line' id='line_1_29' title="bbox 2304 1515 3867 1601; baseline -0.001 -19"><span class='ocrx_word' id='word_1_231' title='bbox 2304 1533 2454 1601; x_wconf 73' lang='grc' dir='ltr'>μοὺς,</span> <span class='ocrx_word' id='word_1_232' title='bbox 2480 1515 2541 1583; x_wconf 76' lang='grc' dir='ltr'>τὸ</span> <span class='ocrx_word' id='word_1_233' title='bbox 2568 1515 2887 1601; x_wconf 75' lang='grc' dir='ltr'>παράδοξον,</span> <span class='ocrx_word' id='word_1_234' title='bbox 2920 1529 3056 1600; x_wconf 79' lang='grc' dir='ltr'>μετὰ</span> <span class='ocrx_word' id='word_1_235' title='bbox 3082 1531 3178 1592; x_wconf 85' lang='grc' dir='ltr'>τὰς</span> <span class='ocrx_word' id='word_1_236' title='bbox 3221 1529 3347 1600; x_wconf 69' lang='grc' dir='ltr'>περὶ</span> <span class='ocrx_word' id='word_1_237' title='bbox 3378 1528 3468 1582; x_wconf 77' lang='grc' dir='ltr'>τοῦ</span> <span class='ocrx_word' id='word_1_238' title='bbox 3497 1530 3740 1601; x_wconf 80' lang='grc' dir='ltr'><strong>Σωτῆρος</strong></span> <span class='ocrx_word' id='word_1_239' title='bbox 3771 1529 3867 1583; x_wconf 73' lang='grc' dir='ltr'>καὶ</span> 
     </span>
    </p>
   </div>
   <div class='ocr_carea' id='block_1_30' title="bbox 2301 1622 3864 1697">
    <p class='ocr_par' dir='ltr' id='par_1_30' title="bbox 2301 1622 3864 1697">
     <span class='ocr_line' id='line_1_30' title="bbox 2301 1622 3864 1697; baseline -0.002 -19"><span class='ocrx_word' id='word_1_240' title='bbox 2301 1625 2408 1678; x_wconf 86' lang='grc' dir='ltr'><strong>τῶν</strong></span> <span class='ocrx_word' id='word_1_241' title='bbox 2439 1624 2607 1678; x_wconf 83' lang='grc' dir='ltr'>ἐθνῶν</span> <span class='ocrx_word' id='word_1_242' title='bbox 2633 1624 2964 1696; x_wconf 78' lang='grc' dir='ltr'>προφητείας</span> <span class='ocrx_word' id='word_1_243' title='bbox 2995 1626 3024 1677; x_wconf 89' lang='grc' dir='ltr'><strong>ὁ</strong></span> <span class='ocrx_word' id='word_1_244' title='bbox 3047 1624 3217 1692; x_wconf 82' lang='grc' dir='ltr'>λέγων</span> <span class='ocrx_word' id='word_1_245' title='bbox 3239 1623 3305 1676; x_wconf 64' lang='grc' dir='ltr'><strong>τά</strong></span> <span class='ocrx_word' id='word_1_246' title='bbox 3329 1622 3462 1678; x_wconf 82' lang='grc' dir='ltr'>ἄλλα</span> <span class='ocrx_word' id='word_1_247' title='bbox 3491 1623 3567 1686; x_wconf 83' lang='grc' dir='ltr'><strong>ὡς</strong></span> <span class='ocrx_word' id='word_1_248' title='bbox 3626 1623 3731 1676; x_wconf 73' lang='grc' dir='ltr'>ἴδια</span> <span class='ocrx_word' id='word_1_249' title='bbox 3766 1628 3864 1697; x_wconf 70' lang='grc' dir='ltr'><strong>ῥή-</strong></span> 
     </span>
    </p>
   </div>
   <div class='ocr_carea' id='block_1_31' title="bbox 2305 1714 3867 1788">
    <p class='ocr_par' dir='ltr' id='par_1_31' title="bbox 2305 1714 3867 1788">
     <span class='ocr_line' id='line_1_31' title="bbox 2305 1714 3867 1788; baseline -0.001 -18"><span class='ocrx_word' id='word_1_250' title='bbox 2305 1733 2450 1788; x_wconf 89' lang='grc' dir='ltr'>ματα</span> <span class='ocrx_word' id='word_1_251' title='bbox 2499 1715 2673 1770; x_wconf 87' lang='grc' dir='ltr'>λαλῶν</span> <span class='ocrx_word' id='word_1_252' title='bbox 2731 1717 2865 1777; x_wconf 74' lang='grc' dir='ltr'>ἐστι,</span> <span class='ocrx_word' id='word_1_253' title='bbox 2921 1716 3014 1768; x_wconf 73' lang='grc' dir='ltr'>καὶ</span> <span class='ocrx_word' id='word_1_254' title='bbox 3044 1715 3118 1778; x_wconf 84' lang='grc' dir='ltr'>ὼς</span> <span class='ocrx_word' id='word_1_255' title='bbox 3168 1715 3296 1786; x_wconf 73' lang='grc' dir='ltr'>περὶ</span> <span class='ocrx_word' id='word_1_256' title='bbox 3337 1714 3499 1768; x_wconf 85' lang='grc' dir='ltr'>αύτοῦ</span> <span class='ocrx_word' id='word_1_257' title='bbox 3558 1715 3867 1786; x_wconf 74' lang='grc' dir='ltr'><strong>γραφέντας</strong></span> 
     </span>
    </p>
   </div>
   <div class='ocr_carea' id='block_1_32' title="bbox 2305 1806 3869 1877">
    <p class='ocr_par' dir='ltr' id='par_1_32' title="bbox 2305 1806 3869 1877">
     <span class='ocr_line' id='line_1_32' title="bbox 2305 1806 3869 1877; baseline -0.001 -16"><span class='ocrx_word' id='word_1_258' title='bbox 2305 1808 2498 1871; x_wconf 70' lang='grc' dir='ltr'>αὐτοὺς</span> <span class='ocrx_word' id='word_1_259' title='bbox 2525 1806 2753 1869; x_wconf 73' lang='grc' dir='ltr'>ἕκαστος</span> <span class='ocrx_word' id='word_1_260' title='bbox 2775 1806 2985 1876; x_wconf 86' lang='grc' dir='ltr'>ψάλλει,</span> <span class='ocrx_word' id='word_1_261' title='bbox 3013 1806 3105 1859; x_wconf 74' lang='grc' dir='ltr'>καὶ</span> <span class='ocrx_word' id='word_1_262' title='bbox 3143 1806 3240 1877; x_wconf 75' lang='grc' dir='ltr'><strong>οὐχ</strong></span> <span class='ocrx_word' id='word_1_263' title='bbox 3289 1806 3364 1870; x_wconf 83' lang='grc' dir='ltr'><strong>ὡς</strong></span> <span class='ocrx_word' id='word_1_264' title='bbox 3404 1806 3587 1877; x_wconf 78' lang='grc' dir='ltr'>ἐτέρου</span> <span class='ocrx_word' id='word_1_265' title='bbox 3620 1806 3869 1874; x_wconf 77' lang='grc' dir='ltr'>λέγοντος</span> 
     </span>
    </p>
   </div>
   <div class='ocr_carea' id='block_1_33' title="bbox 651 1896 2211 1971">
    <p class='ocr_par' dir='ltr' id='par_1_33' title="bbox 651 1896 2203 1971">
     <span class='ocr_line' id='line_1_33' title="bbox 651 1896 2203 1971; baseline 0.002 -19"><span class='ocrx_word' id='word_1_266' title='bbox 651 1898 758 1952; x_wconf 88' lang='lat' dir='ltr'><strong>Deo</strong></span> <span class='ocrx_word' id='word_1_267' title='bbox 802 1898 984 1953; x_wconf 81' lang='lat' dir='ltr'><strong>refert.</strong></span> <span class='ocrx_word' id='word_1_268' title='bbox 1036 1896 1380 1970; x_wconf 85' lang='lat' dir='ltr'><strong>Nequaquam</strong></span> <span class='ocrx_word' id='word_1_269' title='bbox 1424 1902 1566 1955; x_wconf 90' lang='lat' dir='ltr'><strong>enim</strong></span> <span class='ocrx_word' id='word_1_270' title='bbox 1614 1902 1702 1955; x_wconf 91' lang='lat' dir='ltr'><strong>illa</strong></span> <span class='ocrx_word' id='word_1_271' title='bbox 1741 1916 1835 1956; x_wconf 89' lang='lat' dir='ltr'><strong>ceu</strong></span> <span class='ocrx_word' id='word_1_272' title='bbox 1867 1901 2203 1971; x_wconf 88' lang='lat' dir='ltr'><strong>patriarcha-</strong></span> 
     </span>
    </p>
   </div>
   <div class='ocr_carea' id='block_1_34' title="bbox 2313 1896 3864 1971">
    <p class='ocr_par' dir='ltr' id='par_1_34' title="bbox 2313 1896 3864 1969">
     <span class='ocr_line' id='line_1_34' title="bbox 2313 1896 3864 1969; baseline -0.001 -19"><span class='ocrx_word' id='word_1_273' title='bbox 2313 1897 2337 1968; x_wconf 83' lang='grc' dir='ltr'>ἢ</span> <span class='ocrx_word' id='word_1_274' title='bbox 2366 1915 2430 1951; x_wconf 88' lang='grc' dir='ltr'><strong>πε</strong></span> <span class='ocrx_word' id='word_1_275' title='bbox 2442 1898 2493 1968; x_wconf 85' lang='grc' dir='ltr'><strong>ρί</strong></span> <span class='ocrx_word' id='word_1_276' title='bbox 2516 1897 2698 1969; x_wconf 79' lang='grc' dir='ltr'>ἑτέρου</span> <span class='ocrx_word' id='word_1_277' title='bbox 2734 1896 3084 1967; x_wconf 77' lang='grc' dir='ltr'><strong>σημαίνοντος</strong></span> <span class='ocrx_word' id='word_1_278' title='bbox 3105 1896 3338 1968; x_wconf 78' lang='grc' dir='ltr'>δέχεται,</span> <span class='ocrx_word' id='word_1_279' title='bbox 3368 1896 3460 1950; x_wconf 80' lang='grc' dir='ltr'><strong>καὶ</strong></span> <span class='ocrx_word' id='word_1_280' title='bbox 3500 1896 3864 1968; x_wconf 80' lang='grc' dir='ltr'>διεξέρχεται·</span> 
     </span>
    </p>
   </div>
   <div class='ocr_carea' id='block_1_35' title="bbox 653 1990 2202 2063">
    <p class='ocr_par' dir='ltr' id='par_1_35' title="bbox 653 1990 2202 2063">
     <span class='ocr_line' id='line_1_35' title="bbox 653 1990 2202 2063; baseline 0.003 -20"><span class='ocrx_word' id='word_1_281' title='bbox 653 2008 794 2054; x_wconf 82' lang='lat' dir='ltr'><strong>rum,</strong></span> <span class='ocrx_word' id='word_1_282' title='bbox 845 2001 939 2045; x_wconf 89' lang='lat' dir='ltr'><strong>aut</strong></span> <span class='ocrx_word' id='word_1_283' title='bbox 988 1990 1208 2061; x_wconf 75' lang='lat' dir='ltr'><strong>Moysis,</strong></span> <span class='ocrx_word' id='word_1_284' title='bbox 1270 1993 1566 2048; x_wconf 79' lang='lat' dir='ltr'><strong>aliorumve</strong></span> <span class='ocrx_word' id='word_1_285' title='bbox 1609 1994 1992 2063; x_wconf 87' lang='lat' dir='ltr'><strong>prophetarum</strong></span> <span class='ocrx_word' id='word_1_286' title='bbox 2041 1993 2202 2047; x_wconf 84' lang='lat' dir='ltr'><strong>verba</strong></span> 
     </span>
    </p>
   </div>
   <div class='ocr_carea' id='block_1_36' title="bbox 653 2079 2206 2151">
    <p class='ocr_par' dir='ltr' id='par_1_36' title="bbox 653 2079 2206 2151">
     <span class='ocr_line' id='line_1_36' title="bbox 653 2079 2206 2151; baseline -0.001 -16"><span class='ocrx_word' id='word_1_287' title='bbox 653 2095 913 2150; x_wconf 88' lang='lat' dir='ltr'><strong>usurpare</strong></span> <span class='ocrx_word' id='word_1_288' title='bbox 952 2079 1306 2136; x_wconf 82' lang='lat' dir='ltr'><strong>reformidat:</strong></span> <span class='ocrx_word' id='word_1_289' title='bbox 1357 2081 1448 2136; x_wconf 87' lang='lat' dir='ltr'><strong>sed</strong></span> <span class='ocrx_word' id='word_1_290' title='bbox 1493 2097 1658 2151; x_wconf 88' lang='lat' dir='ltr'><strong>quam</strong></span> <span class='ocrx_word' id='word_1_291' title='bbox 1708 2081 1942 2135; x_wconf 80' lang='lat' dir='ltr'><strong>maxime</strong></span> <span class='ocrx_word' id='word_1_292' title='bbox 1986 2089 2045 2134; x_wconf 93' lang='lat' dir='ltr'><strong>ut</strong></span> <span class='ocrx_word' id='word_1_293' title='bbox 2081 2095 2206 2150; x_wconf 92' lang='lat' dir='ltr'><strong>pro-</strong></span> 
     </span>
    </p>
   </div>
   <div class='ocr_carea' id='block_1_37' title="bbox 651 2171 2209 2243">
    <p class='ocr_par' dir='ltr' id='par_1_37' title="bbox 651 2171 2209 2243">
     <span class='ocr_line' id='line_1_37' title="bbox 651 2171 2209 2243; baseline 0.001 -19"><span class='ocrx_word' id='word_1_294' title='bbox 651 2174 766 2240; x_wconf 86' lang='lat' dir='ltr'><strong>pria</strong></span> <span class='ocrx_word' id='word_1_295' title='bbox 799 2179 852 2226; x_wconf 92' lang='lat' dir='ltr'><strong>et</strong></span> <span class='ocrx_word' id='word_1_296' title='bbox 883 2172 950 2226; x_wconf 89' lang='lat' dir='ltr'><strong>de</strong></span> <span class='ocrx_word' id='word_1_297' title='bbox 1000 2173 1180 2243; x_wconf 90' lang='lat' dir='ltr'><strong>seipso</strong></span> <span class='ocrx_word' id='word_1_298' title='bbox 1209 2173 1407 2242; x_wconf 89' lang='lat' dir='ltr'><strong>scripta</strong></span> <span class='ocrx_word' id='word_1_299' title='bbox 1451 2173 1566 2226; x_wconf 73' lang='lat' dir='ltr'><strong>lucc</strong></span> <span class='ocrx_word' id='word_1_300' title='bbox 1605 2172 1785 2226; x_wconf 85' lang='lat' dir='ltr'><strong>dicere</strong></span> <span class='ocrx_word' id='word_1_301' title='bbox 1811 2171 2048 2241; x_wconf 88' lang='lat' dir='ltr'><strong>psallens</strong></span> <span class='ocrx_word' id='word_1_302' title='bbox 2075 2186 2209 2226; x_wconf 86' lang='lat' dir='ltr'><strong>con-</strong></span> 
     </span>
    </p>
   </div>
   <div class='ocr_carea' id='block_1_38' title="bbox 652 2260 2210 2333">
    <p class='ocr_par' dir='ltr' id='par_1_38' title="bbox 652 2260 2210 2333">
     <span class='ocr_line' id='line_1_38' title="bbox 652 2260 2210 2333; baseline 0 -17"><span class='ocrx_word' id='word_1_303' title='bbox 652 2262 788 2316; x_wconf 88' lang='lat' dir='ltr'><strong>ﬁdit.</strong></span> <span class='ocrx_word' id='word_1_304' title='bbox 821 2260 952 2317; x_wconf 86' lang='lat' dir='ltr'><strong>Nam</strong></span> <span class='ocrx_word' id='word_1_305' title='bbox 999 2262 1200 2318; x_wconf 86' lang='lat' dir='ltr'><strong>Psalmi</strong></span> <span class='ocrx_word' id='word_1_306' title='bbox 1245 2274 1351 2317; x_wconf 89' lang='lat' dir='ltr'><strong>tam</strong></span> <span class='ocrx_word' id='word_1_307' title='bbox 1396 2264 1514 2333; x_wconf 85' lang='lat' dir='ltr'><strong>ejus</strong></span> <span class='ocrx_word' id='word_1_308' title='bbox 1540 2263 1632 2333; x_wconf 92' lang='lat' dir='ltr'><strong>qui</strong></span> <span class='ocrx_word' id='word_1_309' title='bbox 1680 2272 1942 2333; x_wconf 74' lang='lat' dir='ltr'><strong>przecepta</strong></span> <span class='ocrx_word' id='word_1_310' title='bbox 1975 2263 2210 2318; x_wconf 80' lang='lat' dir='ltr'><strong>servavit</strong></span> 
     </span>
    </p>
   </div>
   <div class='ocr_carea' id='block_1_39' title="bbox 652 2355 2208 2426">
    <p class='ocr_par' dir='ltr' id='par_1_39' title="bbox 652 2355 2208 2426">
     <span class='ocr_line' id='line_1_39' title="bbox 652 2355 2208 2426; baseline 0.003 -19"><span class='ocrx_word' id='word_1_311' title='bbox 652 2368 812 2423; x_wconf 90' lang='lat' dir='ltr'><strong>quam</strong></span> <span class='ocrx_word' id='word_1_312' title='bbox 853 2355 971 2425; x_wconf 82' lang='lat' dir='ltr'><strong>ejus</strong></span> <span class='ocrx_word' id='word_1_313' title='bbox 1012 2357 1106 2426; x_wconf 88' lang='lat' dir='ltr'><strong>qui</strong></span> <span class='ocrx_word' id='word_1_314' title='bbox 1147 2356 1530 2425; x_wconf 68' lang='lat' dir='ltr'><strong>praevaricatns</strong></span> <span class='ocrx_word' id='word_1_315' title='bbox 1573 2366 1689 2419; x_wconf 89' lang='lat' dir='ltr'><strong>est,</strong></span> <span class='ocrx_word' id='word_1_316' title='bbox 1731 2355 2013 2426; x_wconf 86' lang='lat' dir='ltr'><strong>utriusque</strong></span> <span class='ocrx_word' id='word_1_317' title='bbox 2060 2364 2208 2426; x_wconf 82' lang='lat' dir='ltr'><strong>gesta</strong></span> 
     </span>
    </p>
   </div>
   <div class='ocr_carea' id='block_1_40' title="bbox 656 2446 2206 2519">
    <p class='ocr_par' dir='ltr' id='par_1_40' title="bbox 656 2446 2206 2519">
     <span class='ocr_line' id='line_1_40' title="bbox 656 2446 2206 2519; baseline -0.001 -17"><span class='ocrx_word' id='word_1_318' title='bbox 656 2448 952 2502; x_wconf 88' lang='lat' dir='ltr'><strong>continent.</strong></span> <span class='ocrx_word' id='word_1_319' title='bbox 995 2446 1226 2503; x_wconf 86' lang='lat' dir='ltr'><strong>Necesse</strong></span> <span class='ocrx_word' id='word_1_320' title='bbox 1278 2458 1455 2504; x_wconf 85' lang='lat' dir='ltr'><strong>autem</strong></span> <span class='ocrx_word' id='word_1_321' title='bbox 1508 2457 1592 2503; x_wconf 87' lang='lat' dir='ltr'><strong>est</strong></span> <span class='ocrx_word' id='word_1_322' title='bbox 1638 2449 1885 2519; x_wconf 88' lang='lat' dir='ltr'><strong>quemvis</strong></span> <span class='ocrx_word' id='word_1_323' title='bbox 1935 2448 2206 2503; x_wconf 85' lang='lat' dir='ltr'><strong>hominem</strong></span> 
     </span>
    </p>
   </div>
   <div class='ocr_carea' id='block_1_41' title="bbox 655 2535 2210 2606">
    <p class='ocr_par' dir='ltr' id='par_1_41' title="bbox 655 2535 2210 2606">
     <span class='ocr_line' id='line_1_41' title="bbox 655 2535 2210 2606; baseline 0.001 -17"><span class='ocrx_word' id='word_1_324' title='bbox 655 2537 966 2592; x_wconf 85' lang='lat' dir='ltr'><strong>alterutrius</strong></span> <span class='ocrx_word' id='word_1_325' title='bbox 1006 2538 1332 2595; x_wconf 86' lang='lat' dir='ltr'><strong>conditionis</strong></span> <span class='ocrx_word' id='word_1_326' title='bbox 1380 2551 1537 2600; x_wconf 86' lang='lat' dir='ltr'><strong>esse,</strong></span> <span class='ocrx_word' id='word_1_327' title='bbox 1591 2546 1754 2606; x_wconf 88' lang='lat' dir='ltr'><strong>atque</strong></span> <span class='ocrx_word' id='word_1_328' title='bbox 1805 2539 1878 2591; x_wconf 88' lang='lat' dir='ltr'><strong>ita</strong></span> <span class='ocrx_word' id='word_1_329' title='bbox 1928 2537 2090 2591; x_wconf 88' lang='lat' dir='ltr'><strong>verba</strong></span> <span class='ocrx_word' id='word_1_330' title='bbox 2142 2535 2210 2590; x_wconf 88' lang='lat' dir='ltr'><strong>de</strong></span> 
     </span>
    </p>
   </div>
   <div class='ocr_carea' id='block_1_42' title="bbox 658 2627 2210 2700">
    <p class='ocr_par' dir='ltr' id='par_1_42' title="bbox 658 2627 2210 2700">
     <span class='ocr_line' id='line_1_42' title="bbox 658 2627 2210 2700; baseline 0.003 -21"><span class='ocrx_word' id='word_1_331' title='bbox 658 2629 898 2698; x_wconf 90' lang='lat' dir='ltr'><strong>utrisque</strong></span> <span class='ocrx_word' id='word_1_332' title='bbox 933 2630 1106 2698; x_wconf 87' lang='lat' dir='ltr'><strong>posita</strong></span> <span class='ocrx_word' id='word_1_333' title='bbox 1139 2630 1321 2699; x_wconf 88' lang='lat' dir='ltr'><strong>loqui,</strong></span> <span class='ocrx_word' id='word_1_334' title='bbox 1348 2629 1431 2682; x_wconf 90' lang='lat' dir='ltr'><strong>vel</strong></span> <span class='ocrx_word' id='word_1_335' title='bbox 1469 2628 1515 2683; x_wconf 88' lang='lat' dir='ltr'><strong>si</strong></span> <span class='ocrx_word' id='word_1_336' title='bbox 1541 2638 1801 2700; x_wconf 69' lang='lat' dir='ltr'><strong>przeeepta</strong></span> <span class='ocrx_word' id='word_1_337' title='bbox 1832 2628 2094 2692; x_wconf 89' lang='lat' dir='ltr'><strong>scrvarit,</strong></span> <span class='ocrx_word' id='word_1_338' title='bbox 2127 2627 2210 2683; x_wconf 91' lang='lat' dir='ltr'><strong>vel</strong></span> 
     </span>
    </p>
   </div>
   <div class='ocr_carea' id='block_1_43' title="bbox 657 2722 1260 2792">
    <p class='ocr_par' dir='ltr' id='par_1_43' title="bbox 657 2722 1260 2792">
     <span class='ocr_line' id='line_1_43' title="bbox 657 2722 1260 2792; baseline 0.005 -19"><span class='ocrx_word' id='word_1_339' title='bbox 657 2722 701 2773; x_wconf 92' lang='lat' dir='ltr'><strong>si</strong></span> <span class='ocrx_word' id='word_1_340' title='bbox 733 2730 1144 2792; x_wconf 67' lang='lat' dir='ltr'><strong>praetergressus</strong></span> <span class='ocrx_word' id='word_1_341' title='bbox 1171 2722 1260 2776; x_wconf 88' lang='lat' dir='ltr'><strong>sit.</strong></span> 
     </span>
    </p>
   </div>
   <div class='ocr_carea' id='block_1_44' title="bbox 2304 1984 3872 2060">
    <p class='ocr_par' dir='ltr' id='par_1_44' title="bbox 2304 1984 3872 2060">
     <span class='ocr_line' id='line_1_44' title="bbox 2304 1984 3872 2060; baseline -0.001 -18"><span class='ocrx_word' id='word_1_342' title='bbox 2304 1988 2417 2043; x_wconf 83' lang='grc' dir='ltr'><strong>ἀλλ’</strong></span> <span class='ocrx_word' id='word_1_343' title='bbox 2453 1989 2528 2051; x_wconf 83' lang='grc' dir='ltr'>ὡς</span> <span class='ocrx_word' id='word_1_344' title='bbox 2560 1989 2718 2052; x_wconf 82' lang='grc' dir='ltr'>αὐτὸς</span> <span class='ocrx_word' id='word_1_345' title='bbox 2746 1989 2874 2060; x_wconf 74' lang='grc' dir='ltr'>περὶ</span> <span class='ocrx_word' id='word_1_346' title='bbox 2897 1987 3062 2042; x_wconf 80' lang='grc' dir='ltr'><strong>αύτοῦ</strong></span> <span class='ocrx_word' id='word_1_347' title='bbox 3101 1987 3275 2041; x_wconf 90' lang='grc' dir='ltr'>λαλῶν</span> <span class='ocrx_word' id='word_1_348' title='bbox 3319 1987 3633 2041; x_wconf 82' lang='grc' dir='ltr'>διατίθεται·</span> <span class='ocrx_word' id='word_1_349' title='bbox 3663 1989 3757 2040; x_wconf 76' lang='grc' dir='ltr'>καὶ</span> <span class='ocrx_word' id='word_1_350' title='bbox 3780 1984 3872 2041; x_wconf 81' lang='grc' dir='ltr'><strong>οἶά</strong></span> 
     </span>
    </p>
   </div>
   <div class='ocr_carea' id='block_1_45' title="bbox 2305 2081 3873 2154">
    <p class='ocr_par' dir='ltr' id='par_1_45' title="bbox 2305 2081 3873 2154">
     <span class='ocr_line' id='line_1_45' title="bbox 2305 2081 3873 2154; baseline -0.001 -18"><span class='ocrx_word' id='word_1_351' title='bbox 2305 2083 2510 2136; x_wconf 80' lang='grc' dir='ltr'><strong>ἐστιτὰ</strong></span> <span class='ocrx_word' id='word_1_352' title='bbox 2539 2081 2824 2152; x_wconf 78' lang='grc' dir='ltr'>λεγόμενα,</span> <span class='ocrx_word' id='word_1_353' title='bbox 2868 2081 3043 2136; x_wconf 77' lang='grc' dir='ltr'>ταῦτα</span> <span class='ocrx_word' id='word_1_354' title='bbox 3095 2082 3170 2146; x_wconf 82' lang='grc' dir='ltr'>ὡς</span> <span class='ocrx_word' id='word_1_355' title='bbox 3225 2082 3384 2146; x_wconf 77' lang='grc' dir='ltr'>αὐτὸς</span> <span class='ocrx_word' id='word_1_356' title='bbox 3430 2082 3640 2154; x_wconf 73' lang='grc' dir='ltr'>πράξας</span> <span class='ocrx_word' id='word_1_357' title='bbox 3675 2083 3768 2137; x_wconf 72' lang='grc' dir='ltr'>καὶ</span> <span class='ocrx_word' id='word_1_358' title='bbox 3809 2081 3873 2147; x_wconf 76' lang='grc' dir='ltr'><strong>ἐξ</strong></span> 
     </span>
    </p>
   </div>
   <div class='ocr_carea' id='block_1_46' title="bbox 2306 2173 3872 2247">
    <p class='ocr_par' dir='ltr' id='par_1_46' title="bbox 2306 2173 3872 2247">
     <span class='ocr_line' id='line_1_46' title="bbox 2306 2173 3872 2247; baseline -0.001 -19"><span class='ocrx_word' id='word_1_359' title='bbox 2306 2173 2496 2228; x_wconf 82' lang='grc' dir='ltr'>ἑαυτοῦ</span> <span class='ocrx_word' id='word_1_360' title='bbox 2526 2174 2701 2228; x_wconf 85' lang='grc' dir='ltr'>λαλῶν</span> <span class='ocrx_word' id='word_1_361' title='bbox 2746 2177 3005 2247; x_wconf 73' lang='grc' dir='ltr'><strong>ἀναφέρει</strong></span> <span class='ocrx_word' id='word_1_362' title='bbox 3031 2174 3106 2246; x_wconf 77' lang='grc' dir='ltr'>τῷ</span> <span class='ocrx_word' id='word_1_363' title='bbox 3134 2175 3271 2246; x_wconf 83' lang='grc' dir='ltr'>Θεῷ.</span> <span class='ocrx_word' id='word_1_364' title='bbox 3300 2174 3375 2229; x_wconf 74' lang='grc' dir='ltr'><strong>Οὐ</strong></span> <span class='ocrx_word' id='word_1_365' title='bbox 3421 2175 3528 2246; x_wconf 83' lang='grc' dir='ltr'>γὰρ</span> <span class='ocrx_word' id='word_1_366' title='bbox 3554 2173 3629 2238; x_wconf 83' lang='grc' dir='ltr'><strong>ὡς</strong></span> <span class='ocrx_word' id='word_1_367' title='bbox 3668 2173 3736 2228; x_wconf 81' lang='grc' dir='ltr'><strong>τὰ</strong></span> <span class='ocrx_word' id='word_1_368' title='bbox 3759 2173 3872 2228; x_wconf 83' lang='grc' dir='ltr'><strong>τῶν</strong></span> 
     </span>
    </p>
   </div>
   <div class='ocr_carea' id='block_1_47' title="bbox 2309 2265 3872 2339">
    <p class='ocr_par' dir='ltr' id='par_1_47' title="bbox 2309 2265 3872 2339">
     <span class='ocr_line' id='line_1_47' title="bbox 2309 2265 3872 2339; baseline -0.001 -18"><span class='ocrx_word' id='word_1_369' title='bbox 2309 2265 2660 2339; x_wconf 83' lang='grc' dir='ltr'>πατριαρχῶν</span> <span class='ocrx_word' id='word_1_370' title='bbox 2687 2267 2923 2338; x_wconf 79' lang='grc' dir='ltr'>ῥήματα,</span> <span class='ocrx_word' id='word_1_371' title='bbox 2960 2267 3053 2319; x_wconf 69' lang='grc' dir='ltr'>καὶ</span> <span class='ocrx_word' id='word_1_372' title='bbox 3074 2266 3366 2329; x_wconf 82' lang='grc' dir='ltr'>Μωῦσέως,</span> <span class='ocrx_word' id='word_1_373' title='bbox 3409 2266 3500 2320; x_wconf 80' lang='grc' dir='ltr'>καὶ</span> <span class='ocrx_word' id='word_1_374' title='bbox 3546 2265 3654 2319; x_wconf 86' lang='grc' dir='ltr'><strong>τῶν</strong></span> <span class='ocrx_word' id='word_1_375' title='bbox 3694 2265 3872 2320; x_wconf 73' lang='grc' dir='ltr'>ἄλλων</span> 
     </span>
    </p>
   </div>
   <div class='ocr_carea' id='block_1_48' title="bbox 2309 2355 3874 2430">
    <p class='ocr_par' dir='ltr' id='par_1_48' title="bbox 2309 2355 3874 2430">
     <span class='ocr_line' id='line_1_48' title="bbox 2309 2355 3874 2430; baseline 0.001 -20"><span class='ocrx_word' id='word_1_376' title='bbox 2309 2359 2622 2430; x_wconf 77' lang='grc' dir='ltr'><strong>προφητῶν,</strong></span> <span class='ocrx_word' id='word_1_377' title='bbox 2668 2358 3091 2429; x_wconf 75' lang='grc' dir='ltr'>εύλαϐηθήσεται</span> <span class='ocrx_word' id='word_1_378' title='bbox 3137 2358 3231 2410; x_wconf 74' lang='grc' dir='ltr'>καὶ</span> <span class='ocrx_word' id='word_1_379' title='bbox 3257 2355 3446 2410; x_wconf 78' lang='grc' dir='ltr'>ταῦτα’</span> <span class='ocrx_word' id='word_1_380' title='bbox 3475 2356 3608 2410; x_wconf 82' lang='grc' dir='ltr'>ἀλλὰ</span> <span class='ocrx_word' id='word_1_381' title='bbox 3644 2356 3736 2410; x_wconf 74' lang='grc' dir='ltr'>καὶ</span> <span class='ocrx_word' id='word_1_382' title='bbox 3769 2356 3874 2426; x_wconf 78' lang='grc' dir='ltr'>μά-</span> 
     </span>
    </p>
   </div>
   <div class='ocr_carea' id='block_1_49' title="bbox 2307 2446 3872 2520">
    <p class='ocr_par' dir='ltr' id='par_1_49' title="bbox 2307 2446 3872 2520">
     <span class='ocr_line' id='line_1_49' title="bbox 2307 2446 3872 2520; baseline -0.002 -18"><span class='ocrx_word' id='word_1_383' title='bbox 2307 2449 2466 2504; x_wconf 87' lang='grc' dir='ltr'>λιστα</span> <span class='ocrx_word' id='word_1_384' title='bbox 2495 2451 2570 2514; x_wconf 83' lang='grc' dir='ltr'>ὡς</span> <span class='ocrx_word' id='word_1_385' title='bbox 2601 2451 2706 2504; x_wconf 76' lang='grc' dir='ltr'>ἴδια</span> <span class='ocrx_word' id='word_1_386' title='bbox 2746 2450 2841 2502; x_wconf 66' lang='grc' dir='ltr'><strong>κοιλ⁸</strong></span> <span class='ocrx_word' id='word_1_387' title='bbox 2871 2449 2997 2520; x_wconf 78' lang='grc' dir='ltr'>περὶ</span> <span class='ocrx_word' id='word_1_388' title='bbox 3037 2448 3228 2502; x_wconf 80' lang='grc' dir='ltr'>ἑαυτοῦ</span> <span class='ocrx_word' id='word_1_389' title='bbox 3256 2447 3533 2520; x_wconf 84' lang='grc' dir='ltr'>γραφέντα</span> <span class='ocrx_word' id='word_1_390' title='bbox 3566 2447 3754 2520; x_wconf 83' lang='grc' dir='ltr'>θαρσεῖ</span> <span class='ocrx_word' id='word_1_391' title='bbox 3779 2446 3872 2500; x_wconf 80' lang='grc' dir='ltr'><strong>λέ-</strong></span> 
     </span>
    </p>
   </div>
   <div class='ocr_carea' id='block_1_50' title="bbox 2310 2538 3874 2612">
    <p class='ocr_par' dir='ltr' id='par_1_50' title="bbox 2310 2538 3874 2612">
     <span class='ocr_line' id='line_1_50' title="bbox 2310 2538 3874 2612; baseline 0 -21"><span class='ocrx_word' id='word_1_392' title='bbox 2310 2556 2419 2607; x_wconf 88' lang='grc' dir='ltr'><strong>γων</strong></span> <span class='ocrx_word' id='word_1_393' title='bbox 2450 2543 2478 2594; x_wconf 81' lang='grc' dir='ltr'>ὁ</span> <span class='ocrx_word' id='word_1_394' title='bbox 2508 2541 2723 2610; x_wconf 82' lang='grc' dir='ltr'>ψάλλων</span> <span class='ocrx_word' id='word_1_395' title='bbox 2765 2540 2954 2594; x_wconf 79' lang='grc' dir='ltr'>ταῦτα.</span> <span class='ocrx_word' id='word_1_396' title='bbox 3004 2541 3106 2593; x_wconf 85' lang='grc' dir='ltr'><strong>Τὸν</strong></span> <span class='ocrx_word' id='word_1_397' title='bbox 3137 2540 3246 2612; x_wconf 74' lang='grc' dir='ltr'>γὰρ</span> <span class='ocrx_word' id='word_1_398' title='bbox 3299 2539 3608 2609; x_wconf 78' lang='grc' dir='ltr'><strong>φυλάξαντα</strong></span> <span class='ocrx_word' id='word_1_399' title='bbox 3638 2538 3736 2609; x_wconf 73' lang='grc' dir='ltr'>τὴν</span> <span class='ocrx_word' id='word_1_400' title='bbox 3784 2540 3874 2592; x_wconf 78' lang='grc' dir='ltr'><strong>ὲν-</strong></span> 
     </span>
    </p>
   </div>
   <div class='ocr_carea' id='block_1_51' title="bbox 2310 2627 3871 2701">
    <p class='ocr_par' dir='ltr' id='par_1_51' title="bbox 2310 2627 3871 2701">
     <span class='ocr_line' id='line_1_51' title="bbox 2310 2627 3871 2701; baseline -0.001 -19"><span class='ocrx_word' id='word_1_401' title='bbox 2310 2630 2493 2700; x_wconf 84' lang='grc' dir='ltr'>τολὴν,</span> <span class='ocrx_word' id='word_1_402' title='bbox 2550 2632 2642 2684; x_wconf 77' lang='grc' dir='ltr'><strong>καὶ</strong></span> <span class='ocrx_word' id='word_1_403' title='bbox 2694 2631 3012 2701; x_wconf 78' lang='grc' dir='ltr'>παραϐάντα</span> <span class='ocrx_word' id='word_1_404' title='bbox 3049 2629 3282 2700; x_wconf 76' lang='grc' dir='ltr'>ταύτην,</span> <span class='ocrx_word' id='word_1_405' title='bbox 3337 2631 3438 2700; x_wconf 72' lang='grc' dir='ltr'>τήν</span> <span class='ocrx_word' id='word_1_406' title='bbox 3499 2646 3558 2683; x_wconf 83' lang='grc' dir='ltr'><strong>τε</strong></span> <span class='ocrx_word' id='word_1_407' title='bbox 3613 2627 3871 2700; x_wconf 77' lang='grc' dir='ltr'>ἑκατέρου</span> 
     </span>
    </p>
   </div>
   <div class='ocr_carea' id='block_1_52' title="bbox 2315 2720 3874 2797">
    <p class='ocr_par' dir='ltr' id='par_1_52' title="bbox 2315 2720 3874 2797">
     <span class='ocr_line' id='line_1_52' title="bbox 2315 2720 3874 2797; baseline 0.001 -23"><span class='ocrx_word' id='word_1_408' title='bbox 2315 2723 2510 2793; x_wconf 77' lang='grc' dir='ltr'>πρᾶξιν</span> <span class='ocrx_word' id='word_1_409' title='bbox 2547 2723 2888 2797; x_wconf 77' lang='grc' dir='ltr'>περιέχουσιν</span> <span class='ocrx_word' id='word_1_410' title='bbox 2942 2722 2990 2774; x_wconf 89' lang='grc' dir='ltr'>οἱ</span> <span class='ocrx_word' id='word_1_411' title='bbox 3024 2721 3262 2792; x_wconf 79' lang='grc' dir='ltr'>Ψαλμοί.</span> <span class='ocrx_word' id='word_1_412' title='bbox 3325 2721 3557 2792; x_wconf 82' lang='grc' dir='ltr'><strong>Ἀνάγκη</strong></span> <span class='ocrx_word' id='word_1_413' title='bbox 3590 2720 3646 2774; x_wconf 79' lang='grc' dir='ltr'>δὲ</span> <span class='ocrx_word' id='word_1_414' title='bbox 3692 2720 3874 2775; x_wconf 78' lang='grc' dir='ltr'>πάντα</span> 
     </span>
    </p>
   </div>
   <div class='ocr_carea' id='block_1_53' title="bbox 655 2811 3875 2889">
    <p class='ocr_par' dir='ltr' id='par_1_53' title="bbox 655 2811 3875 2889">
     <span class='ocr_line' id='line_1_53' title="bbox 655 2811 3875 2889; baseline 0.001 -25"><span class='ocrx_word' id='word_1_415' title='bbox 655 2811 934 2885; x_wconf 82' lang='grc' dir='ltr'>ἄνθρωπον</span> <span class='ocrx_word' id='word_1_416' title='bbox 958 2814 1014 2864; x_wconf 82' lang='grc' dir='ltr'>ὲν</span> <span class='ocrx_word' id='word_1_417' title='bbox 1042 2812 1248 2878; x_wconf 81' lang='grc' dir='ltr'><strong>τούτοις</strong></span> <span class='ocrx_word' id='word_1_418' title='bbox 1295 2812 1627 2884; x_wconf 80' lang='grc' dir='ltr'><strong>συνέχεσθαι,</strong></span> <span class='ocrx_word' id='word_1_419' title='bbox 1676 2812 1827 2884; x_wconf 78' lang='grc' dir='ltr'>καὶῆ</span> <span class='ocrx_word' id='word_1_420' title='bbox 1857 2813 1932 2877; x_wconf 84' lang='grc' dir='ltr'>ὡς</span> <span class='ocrx_word' id='word_1_421' title='bbox 1958 2811 2264 2881; x_wconf 75' lang='grc' dir='ltr'>φυλάξαντα</span> <span class='ocrx_word' id='word_1_422' title='bbox 2313 2816 2412 2886; x_wconf 75' lang='grc' dir='ltr'><strong>τὴν</strong></span> <span class='ocrx_word' id='word_1_423' title='bbox 2455 2817 2690 2889; x_wconf 76' lang='grc' dir='ltr'>ἐντολὴν,</span> <span class='ocrx_word' id='word_1_424' title='bbox 2731 2816 2763 2888; x_wconf 81' lang='grc' dir='ltr'><strong>ἧ</strong></span> <span class='ocrx_word' id='word_1_425' title='bbox 2795 2816 2869 2879; x_wconf 83' lang='grc' dir='ltr'>ὡς</span> <span class='ocrx_word' id='word_1_426' title='bbox 2929 2814 3247 2888; x_wconf 75' lang='grc' dir='ltr'>παραϐάντα</span> <span class='ocrx_word' id='word_1_427' title='bbox 3275 2812 3497 2886; x_wconf 75' lang='grc' dir='ltr'>ταύτην,</span> <span class='ocrx_word' id='word_1_428' title='bbox 3525 2812 3702 2881; x_wconf 83' lang='grc' dir='ltr'>λέγειν</span> <span class='ocrx_word' id='word_1_429' title='bbox 3747 2814 3875 2876; x_wconf 73' lang='grc' dir='ltr'>τοὺς</span> 
     </span>
    </p>
   </div>
   <div class='ocr_carea' id='block_1_54' title="bbox 657 2903 1705 2976">
    <p class='ocr_par' dir='ltr' id='par_1_54' title="bbox 657 2903 1705 2976">
     <span class='ocr_line' id='line_1_54' title="bbox 657 2903 1705 2976; baseline 0 -20"><span class='ocrx_word' id='word_1_430' title='bbox 657 2903 782 2975; x_wconf 68' lang='grc' dir='ltr'>περὶ</span> <span class='ocrx_word' id='word_1_431' title='bbox 810 2905 1035 2960; x_wconf 79' lang='grc' dir='ltr'><strong>ἑκάστου</strong></span> <span class='ocrx_word' id='word_1_432' title='bbox 1069 2904 1479 2976; x_wconf 78' lang='grc' dir='ltr'>γεγραμμένους</span> <span class='ocrx_word' id='word_1_433' title='bbox 1499 2903 1705 2972; x_wconf 78' lang='grc' dir='ltr'><strong>λόγους.</strong></span> 
     </span>
    </p>
   </div>
   <div class='ocr_carea' id='block_1_55' title="bbox 730 2994 2215 3065">
    <p class='ocr_par' dir='ltr' id='par_1_55' title="bbox 730 2994 2215 3065">
     <span class='ocr_line' id='line_1_55' title="bbox 730 2994 2215 3065; baseline 0.001 -16"><span class='ocrx_word' id='word_1_434' title='bbox 730 2996 816 3049; x_wconf 75' lang='lat' dir='ltr'><strong>l2.</strong></span> <span class='ocrx_word' id='word_1_435' title='bbox 849 2997 1023 3065; x_wconf 84' lang='lat' dir='ltr'><strong>Atque</strong></span> <span class='ocrx_word' id='word_1_436' title='bbox 1050 2996 1181 3049; x_wconf 81' lang='lat' dir='ltr'><strong>milii</strong></span> <span class='ocrx_word' id='word_1_437' title='bbox 1201 2996 1417 3065; x_wconf 88' lang='lat' dir='ltr'><strong>quidem</strong></span> <span class='ocrx_word' id='word_1_438' title='bbox 1444 2997 1675 3058; x_wconf 83' lang='lat' dir='ltr'><strong>videtur,</strong></span> <span class='ocrx_word' id='word_1_439' title='bbox 1697 2995 1946 3065; x_wconf 89' lang='lat' dir='ltr'><strong>psallenti</strong></span> <span class='ocrx_word' id='word_1_440' title='bbox 1969 2994 2215 3052; x_wconf 87' lang='lat' dir='ltr'><strong>Psalmos</strong></span> 
     </span>
    </p>
   </div>
   <div class='ocr_carea' id='block_1_56' title="bbox 655 3087 2214 3159">
    <p class='ocr_par' dir='ltr' id='par_1_56' title="bbox 655 3087 2214 3159">
     <span class='ocr_line' id='line_1_56' title="bbox 655 3087 2214 3159; baseline -0.001 -14"><span class='ocrx_word' id='word_1_441' title='bbox 655 3106 777 3145; x_wconf 88' lang='lat' dir='ltr'><strong>esse</strong></span> <span class='ocrx_word' id='word_1_442' title='bbox 813 3089 983 3143; x_wconf 91' lang='lat' dir='ltr'><strong>instar</strong></span> <span class='ocrx_word' id='word_1_443' title='bbox 1017 3087 1240 3158; x_wconf 89' lang='lat' dir='ltr'><strong>speculi,</strong></span> <span class='ocrx_word' id='word_1_444' title='bbox 1269 3097 1328 3142; x_wconf 93' lang='lat' dir='ltr'><strong>ut</strong></span> <span class='ocrx_word' id='word_1_445' title='bbox 1357 3098 1410 3142; x_wconf 93' lang='lat' dir='ltr'><strong>et</strong></span> <span class='ocrx_word' id='word_1_446' title='bbox 1452 3088 1688 3159; x_wconf 91' lang='lat' dir='ltr'><strong>seipsum</strong></span> <span class='ocrx_word' id='word_1_447' title='bbox 1729 3099 1780 3144; x_wconf 91' lang='lat' dir='ltr'><strong>et</strong></span> <span class='ocrx_word' id='word_1_448' title='bbox 1817 3089 2019 3158; x_wconf 86' lang='lat' dir='ltr'><strong>proprii</strong></span> <span class='ocrx_word' id='word_1_449' title='bbox 2049 3090 2214 3143; x_wconf 88' lang='lat' dir='ltr'><strong>animi</strong></span> 
     </span>
    </p>
   </div>
   <div class='ocr_carea' id='block_1_57' title="bbox 2395 2989 3875 3067">
    <p class='ocr_par' dir='ltr' id='par_1_57' title="bbox 2395 2989 3875 3067">
     <span class='ocr_line' id='line_1_57' title="bbox 2395 2989 3875 3067; baseline -0.004 -17"><span class='ocrx_word' id='word_1_450' title='bbox 2395 2997 2480 3067; x_wconf 83' lang='grc' dir='ltr'>ιβ’.</span> <span class='ocrx_word' id='word_1_451' title='bbox 2508 2995 2615 3050; x_wconf 83' lang='grc' dir='ltr'>Καί</span> <span class='ocrx_word' id='word_1_452' title='bbox 2648 3014 2737 3066; x_wconf 91' lang='grc' dir='ltr'><strong>μοι</strong></span> <span class='ocrx_word' id='word_1_453' title='bbox 2784 2995 2928 3048; x_wconf 86' lang='grc' dir='ltr'>δοκεῖ</span> <span class='ocrx_word' id='word_1_454' title='bbox 2964 2995 3042 3064; x_wconf 82' lang='grc' dir='ltr'>τῷ</span> <span class='ocrx_word' id='word_1_455' title='bbox 3068 2993 3320 3063; x_wconf 80' lang='grc' dir='ltr'>ψάλλοντι</span> <span class='ocrx_word' id='word_1_456' title='bbox 3370 2991 3614 3062; x_wconf 83' lang='grc' dir='ltr'>γίνεσθαι</span> <span class='ocrx_word' id='word_1_457' title='bbox 3654 2989 3875 3056; x_wconf 77' lang='grc' dir='ltr'>τούτους</span> 
     </span>
    </p>
   </div>
   <div class='ocr_carea' id='block_1_58' title="bbox 2320 3082 3879 3157">
    <p class='ocr_par' dir='ltr' id='par_1_58' title="bbox 2320 3082 3879 3157">
     <span class='ocr_line' id='line_1_58' title="bbox 2320 3082 3879 3157; baseline -0.001 -19"><span class='ocrx_word' id='word_1_458' title='bbox 2320 3087 2504 3157; x_wconf 72' lang='grc' dir='ltr'>ὥσπερ</span> <span class='ocrx_word' id='word_1_459' title='bbox 2530 3087 2832 3156; x_wconf 81' lang='grc' dir='ltr'>εἴσοπτρον,</span> <span class='ocrx_word' id='word_1_460' title='bbox 2861 3085 2940 3147; x_wconf 86' lang='grc' dir='ltr'><strong>είς</strong></span> <span class='ocrx_word' id='word_1_461' title='bbox 2964 3085 3023 3136; x_wconf 79' lang='grc' dir='ltr'>τὸ</span> <span class='ocrx_word' id='word_1_462' title='bbox 3056 3086 3334 3137; x_wconf 77' lang='grc' dir='ltr'>κατανοεῖν</span> <span class='ocrx_word' id='word_1_463' title='bbox 3371 3082 3465 3136; x_wconf 74' lang='grc' dir='ltr'>καὶ</span> <span class='ocrx_word' id='word_1_464' title='bbox 3493 3082 3655 3137; x_wconf 75' lang='grc' dir='ltr'>αὐτὸν</span> <span class='ocrx_word' id='word_1_465' title='bbox 3689 3086 3748 3137; x_wconf 83' lang='grc' dir='ltr'><strong>ὲν</strong></span> <span class='ocrx_word' id='word_1_466' title='bbox 3779 3083 3879 3136; x_wconf 79' lang='grc' dir='ltr'><strong>αύο</strong></span> 
     </span>
    </p>
   </div>
   <div class='ocr_carea' id='block_1_59' title="bbox 660 3171 2211 3263">
    <p class='ocr_par' dir='ltr' id='par_1_59' title="bbox 660 3180 2211 3251">
     <span class='ocr_line' id='line_1_59' title="bbox 660 3180 2211 3251; baseline 0.001 -17"><span class='ocrx_word' id='word_1_467' title='bbox 660 3190 837 3235; x_wconf 90' lang='lat' dir='ltr'><strong>motus</strong></span> <span class='ocrx_word' id='word_1_468' title='bbox 882 3181 934 3235; x_wconf 93' lang='lat' dir='ltr'><strong>in</strong></span> <span class='ocrx_word' id='word_1_469' title='bbox 976 3180 1107 3251; x_wconf 89' lang='lat' dir='ltr'><strong>ipsis</strong></span> <span class='ocrx_word' id='word_1_470' title='bbox 1134 3180 1548 3251; x_wconf 83' lang='lat' dir='ltr'><strong>contempletur.</strong></span> <span class='ocrx_word' id='word_1_471' title='bbox 1576 3189 1738 3250; x_wconf 88' lang='lat' dir='ltr'><strong>atque</strong></span> <span class='ocrx_word' id='word_1_472' title='bbox 1768 3180 1842 3234; x_wconf 90' lang='lat' dir='ltr'><strong>ita</strong></span> <span class='ocrx_word' id='word_1_473' title='bbox 1874 3181 2098 3234; x_wconf 70' lang='lat' dir='ltr'><strong>allectus</strong></span> <span class='ocrx_word' id='word_1_474' title='bbox 2122 3195 2211 3235; x_wconf 92' lang='lat' dir='ltr'><strong>eos</strong></span> 
     </span>
    </p>
   </div>
   <div class='ocr_carea' id='block_1_60' title="bbox 2313 3171 3878 3263">
    <p class='ocr_par' dir='ltr' id='par_1_60' title="bbox 2321 3171 3878 3245">
     <span class='ocr_line' id='line_1_60' title="bbox 2321 3171 3878 3245; baseline -0.001 -19"><span class='ocrx_word' id='word_1_475' title='bbox 2321 3178 2428 3240; x_wconf 87' lang='grc' dir='ltr'>τοῖς</span> <span class='ocrx_word' id='word_1_476' title='bbox 2466 3175 2558 3228; x_wconf 66' lang='grc' dir='ltr'><strong>καλ⁸</strong></span> <span class='ocrx_word' id='word_1_477' title='bbox 2584 3174 2654 3227; x_wconf 73' lang='grc' dir='ltr'><strong>τά</strong></span> <span class='ocrx_word' id='word_1_478' title='bbox 2682 3175 2778 3245; x_wconf 75' lang='grc' dir='ltr'>τῆς</span> <span class='ocrx_word' id='word_1_479' title='bbox 2811 3173 3004 3227; x_wconf 77' lang='grc' dir='ltr'>ἑαυτοῦ</span> <span class='ocrx_word' id='word_1_480' title='bbox 3032 3173 3209 3244; x_wconf 77' lang='grc' dir='ltr'>ψυχῆς</span> <span class='ocrx_word' id='word_1_481' title='bbox 3261 3173 3555 3244; x_wconf 82' lang='grc' dir='ltr'>κινήματα,</span> <span class='ocrx_word' id='word_1_482' title='bbox 3584 3171 3678 3226; x_wconf 69' lang='grc' dir='ltr'>καὶ</span> <span class='ocrx_word' id='word_1_483' title='bbox 3705 3172 3878 3236; x_wconf 75' lang='grc' dir='ltr'>οὕτως</span> 
     </span>
    </p>
   </div>
   <div class='ocr_carea' id='block_1_61' title="bbox 653 3265 2214 3338">
    <p class='ocr_par' dir='ltr' id='par_1_61' title="bbox 653 3265 2214 3338">
     <span class='ocr_line' id='line_1_61' title="bbox 653 3265 2214 3338; baseline -0.005 -13"><span class='ocrx_word' id='word_1_484' title='bbox 653 3272 864 3326; x_wconf 80' lang='lat' dir='ltr'><strong>recitet.</strong></span> <span class='ocrx_word' id='word_1_485' title='bbox 908 3267 1118 3322; x_wconf 85' lang='lat' dir='ltr'><strong>Etenim</strong></span> <span class='ocrx_word' id='word_1_486' title='bbox 1166 3267 1259 3338; x_wconf 91' lang='lat' dir='ltr'><strong>qui</strong></span> <span class='ocrx_word' id='word_1_487' title='bbox 1303 3267 1568 3338; x_wconf 75' lang='lat' dir='ltr'><strong>legentem</strong></span> <span class='ocrx_word' id='word_1_488' title='bbox 1607 3265 1795 3329; x_wconf 87' lang='lat' dir='ltr'><strong>audit,</strong></span> <span class='ocrx_word' id='word_1_489' title='bbox 1829 3266 1902 3320; x_wconf 87' lang='lat' dir='ltr'><strong>ita</strong></span> <span class='ocrx_word' id='word_1_490' title='bbox 1941 3266 2214 3320; x_wconf 83' lang='lat' dir='ltr'><strong>canticum</strong></span> 
     </span>
    </p>
   </div>
   <div class='ocr_carea' id='block_1_62' title="bbox 659 3354 2215 3428">
    <p class='ocr_par' dir='ltr' id='par_1_62' title="bbox 659 3354 2215 3428">
     <span class='ocr_line' id='line_1_62' title="bbox 659 3354 2215 3428; baseline -0.006 -13"><span class='ocrx_word' id='word_1_491' title='bbox 659 3359 884 3428; x_wconf 82' lang='lat' dir='ltr'><strong>suscipit</strong></span> <span class='ocrx_word' id='word_1_492' title='bbox 924 3374 987 3412; x_wconf 86' lang='lat' dir='ltr'><strong>ac</strong></span> <span class='ocrx_word' id='word_1_493' title='bbox 1016 3359 1060 3412; x_wconf 88' lang='lat' dir='ltr'><strong>si</strong></span> <span class='ocrx_word' id='word_1_494' title='bbox 1090 3358 1156 3411; x_wconf 88' lang='lat' dir='ltr'><strong>de</strong></span> <span class='ocrx_word' id='word_1_495' title='bbox 1186 3372 1244 3412; x_wconf 88' lang='lat' dir='ltr'><strong>se</strong></span> <span class='ocrx_word' id='word_1_496' title='bbox 1285 3357 1554 3412; x_wconf 84' lang='lat' dir='ltr'><strong>diceretur</strong></span> <span class='ocrx_word' id='word_1_497' title='bbox 1585 3373 1600 3409; x_wconf 88' lang='lat'><strong>:</strong></span> <span class='ocrx_word' id='word_1_498' title='bbox 1629 3365 1683 3410; x_wconf 90' lang='lat' dir='ltr'><strong>et</strong></span> <span class='ocrx_word' id='word_1_499' title='bbox 1711 3356 1796 3410; x_wconf 89' lang='lat' dir='ltr'><strong>vel</strong></span> <span class='ocrx_word' id='word_1_500' title='bbox 1827 3354 2043 3424; x_wconf 84' lang='lat' dir='ltr'><strong>propria</strong></span> <span class='ocrx_word' id='word_1_501' title='bbox 2087 3369 2215 3409; x_wconf 60' lang='lat' dir='ltr'><strong>cono</strong></span> 
     </span>
    </p>
   </div>
   <div class='ocr_carea' id='block_1_63' title="bbox 659 3446 2217 3517">
    <p class='ocr_par' dir='ltr' id='par_1_63' title="bbox 659 3446 2217 3517">
     <span class='ocr_line' id='line_1_63' title="bbox 659 3446 2217 3517; baseline -0.004 -13"><span class='ocrx_word' id='word_1_502' title='bbox 659 3454 832 3507; x_wconf 82' lang='lat' dir='ltr'><strong>victus</strong></span> <span class='ocrx_word' id='word_1_503' title='bbox 876 3449 1244 3512; x_wconf 84' lang='lat' dir='ltr'><strong>conscientia,</strong></span> <span class='ocrx_word' id='word_1_504' title='bbox 1288 3457 1647 3517; x_wconf 91' lang='lat' dir='ltr'><strong>compunctus</strong></span> <span class='ocrx_word' id='word_1_505' title='bbox 1687 3446 1999 3517; x_wconf 90' lang='lat' dir='ltr'><strong>resipiscet;</strong></span> <span class='ocrx_word' id='word_1_506' title='bbox 2029 3446 2112 3500; x_wconf 90' lang='lat' dir='ltr'><strong>vel</strong></span> <span class='ocrx_word' id='word_1_507' title='bbox 2153 3446 2217 3500; x_wconf 91' lang='lat' dir='ltr'><strong>de</strong></span> 
     </span>
    </p>
   </div>
   <div class='ocr_carea' id='block_1_64' title="bbox 660 3537 2215 3612">
    <p class='ocr_par' dir='ltr' id='par_1_64' title="bbox 660 3537 2215 3612">
     <span class='ocr_line' id='line_1_64' title="bbox 660 3537 2215 3612; baseline -0.006 -12"><span class='ocrx_word' id='word_1_508' title='bbox 660 3558 755 3612; x_wconf 84' lang='lat' dir='ltr'><strong>spe</strong></span> <span class='ocrx_word' id='word_1_509' title='bbox 786 3541 838 3595; x_wconf 92' lang='lat' dir='ltr'><strong>in</strong></span> <span class='ocrx_word' id='word_1_510' title='bbox 867 3541 1033 3596; x_wconf 84' lang='lat' dir='ltr'><strong>Deum</strong></span> <span class='ocrx_word' id='word_1_511' title='bbox 1061 3541 1288 3596; x_wconf 87' lang='lat' dir='ltr'><strong>audiens</strong></span> <span class='ocrx_word' id='word_1_512' title='bbox 1313 3541 1395 3594; x_wconf 86' lang='lat' dir='ltr'><strong>vel</strong></span> <span class='ocrx_word' id='word_1_513' title='bbox 1435 3540 1502 3594; x_wconf 92' lang='lat' dir='ltr'><strong>de</strong></span> <span class='ocrx_word' id='word_1_514' title='bbox 1526 3538 1730 3594; x_wconf 79' lang='lat' dir='ltr'><strong>auxilio</strong></span> <span class='ocrx_word' id='word_1_515' title='bbox 1754 3537 2098 3593; x_wconf 89' lang='lat' dir='ltr'><strong>credentibus</strong></span> <span class='ocrx_word' id='word_1_516' title='bbox 2120 3553 2215 3592; x_wconf 76' lang='lat' dir='ltr'><strong>ex-</strong></span> 
     </span>
    </p>
   </div>
   <div class='ocr_carea' id='block_1_65' title="bbox 662 3627 2216 3702">
    <p class='ocr_par' dir='ltr' id='par_1_65' title="bbox 662 3627 2216 3702">
     <span class='ocr_line' id='line_1_65' title="bbox 662 3627 2216 3702; baseline -0.003 -16"><span class='ocrx_word' id='word_1_517' title='bbox 662 3635 850 3698; x_wconf 82' lang='lat' dir='ltr'><strong>hibito,</strong></span> <span class='ocrx_word' id='word_1_518' title='bbox 901 3632 1058 3702; x_wconf 88' lang='lat' dir='ltr'><strong>quasi</strong></span> <span class='ocrx_word' id='word_1_519' title='bbox 1099 3631 1200 3686; x_wconf 87' lang='lat' dir='ltr'><strong>sibi</strong></span> <span class='ocrx_word' id='word_1_520' title='bbox 1247 3631 1607 3700; x_wconf 63' lang='lat' dir='ltr'><strong>prmberetur,</strong></span> <span class='ocrx_word' id='word_1_521' title='bbox 1645 3630 1837 3700; x_wconf 82' lang='lat' dir='ltr'><strong>gaudio</strong></span> <span class='ocrx_word' id='word_1_522' title='bbox 1884 3627 2216 3690; x_wconf 75' lang='lat' dir='ltr'><strong>exsultabit,</strong></span> 
     </span>
    </p>
   </div>
   <div class='ocr_carea' id='block_1_66' title="bbox 660 3720 2219 3794">
    <p class='ocr_par' dir='ltr' id='par_1_66' title="bbox 660 3720 2219 3794">
     <span class='ocr_line' id='line_1_66' title="bbox 660 3720 2219 3794; baseline -0.002 -17"><span class='ocrx_word' id='word_1_523' title='bbox 660 3734 822 3792; x_wconf 85' lang='lat' dir='ltr'><strong>atque</strong></span> <span class='ocrx_word' id='word_1_524' title='bbox 852 3724 1052 3794; x_wconf 80' lang='lat' dir='ltr'><strong>gratias</strong></span> <span class='ocrx_word' id='word_1_525' title='bbox 1094 3721 1201 3776; x_wconf 90' lang='lat' dir='ltr'><strong>Deo</strong></span> <span class='ocrx_word' id='word_1_526' title='bbox 1245 3737 1404 3791; x_wconf 87' lang='lat' dir='ltr'><strong>agere</strong></span> <span class='ocrx_word' id='word_1_527' title='bbox 1434 3720 1672 3790; x_wconf 88' lang='lat' dir='ltr'><strong>incipiet.</strong></span> <span class='ocrx_word' id='word_1_528' title='bbox 1715 3720 1850 3776; x_wconf 89' lang='lat' dir='ltr'><strong>Cum</strong></span> <span class='ocrx_word' id='word_1_529' title='bbox 1898 3721 2080 3791; x_wconf 91' lang='lat' dir='ltr'><strong>itaque</strong></span> <span class='ocrx_word' id='word_1_530' title='bbox 2111 3731 2219 3776; x_wconf 86' lang='lat' dir='ltr'><strong>ter-</strong></span> 
     </span>
    </p>
   </div>
   <div class='ocr_carea' id='block_1_67' title="bbox 663 3811 2219 3884">
    <p class='ocr_par' dir='ltr' id='par_1_67' title="bbox 663 3811 2219 3884">
     <span class='ocr_line' id='line_1_67' title="bbox 663 3811 2219 3884; baseline -0.001 -17"><span class='ocrx_word' id='word_1_531' title='bbox 663 3817 796 3868; x_wconf 86' lang='lat' dir='ltr'><strong>tium</strong></span> <span class='ocrx_word' id='word_1_532' title='bbox 845 3814 1111 3884; x_wconf 85' lang='lat' dir='ltr'><strong>psalmum</strong></span> <span class='ocrx_word' id='word_1_533' title='bbox 1156 3811 1423 3882; x_wconf 86' lang='lat' dir='ltr'><strong>quispiam</strong></span> <span class='ocrx_word' id='word_1_534' title='bbox 1472 3812 1650 3872; x_wconf 86' lang='lat' dir='ltr'><strong>canit.</strong></span> <span class='ocrx_word' id='word_1_535' title='bbox 1707 3826 1834 3866; x_wconf 91' lang='lat' dir='ltr'><strong>suas</strong></span> <span class='ocrx_word' id='word_1_536' title='bbox 1885 3812 2219 3880; x_wconf 86' lang='lat' dir='ltr'><strong>perpendens</strong></span> 
     </span>
    </p>
   </div>
   <div class='ocr_carea' id='block_1_68' title="bbox 662 3903 2219 3974">
    <p class='ocr_par' dir='ltr' id='par_1_68' title="bbox 662 3903 2219 3974">
     <span class='ocr_line' id='line_1_68' title="bbox 662 3903 2219 3974; baseline -0.004 -13"><span class='ocrx_word' id='word_1_537' title='bbox 662 3920 931 3961; x_wconf 81' lang='lat' dir='ltr'><strong>:erumnas</strong></span> <span class='ocrx_word' id='word_1_538' title='bbox 952 3944 966 3969; x_wconf 87' lang='lat'><strong>,</strong></span> <span class='ocrx_word' id='word_1_539' title='bbox 998 3905 1152 3974; x_wconf 85' lang='lat' dir='ltr'><strong>quasi</strong></span> <span class='ocrx_word' id='word_1_540' title='bbox 1191 3921 1288 3960; x_wconf 92' lang='lat' dir='ltr'><strong>sua</strong></span> <span class='ocrx_word' id='word_1_541' title='bbox 1320 3912 1530 3974; x_wconf 90' lang='lat' dir='ltr'><strong>reputat</strong></span> <span class='ocrx_word' id='word_1_542' title='bbox 1560 3903 1704 3960; x_wconf 89' lang='lat' dir='ltr'><strong>illius</strong></span> <span class='ocrx_word' id='word_1_543' title='bbox 1735 3903 1895 3960; x_wconf 87' lang='lat' dir='ltr'><strong>verba</strong></span> <span class='ocrx_word' id='word_1_544' title='bbox 1927 3920 1942 3971; x_wconf 89' lang='lat'><strong>;</strong></span> <span class='ocrx_word' id='word_1_545' title='bbox 1999 3903 2219 3959; x_wconf 58' lang='lat' dir='ltr'><strong>undeci-</strong></span> 
     </span>
    </p>
   </div>
   <div class='ocr_carea' id='block_1_69' title="bbox 669 3995 2216 4065">
    <p class='ocr_par' dir='ltr' id='par_1_69' title="bbox 669 3995 2216 4065">
     <span class='ocr_line' id='line_1_69' title="bbox 669 3995 2216 4065; baseline -0.001 -15"><span class='ocrx_word' id='word_1_546' title='bbox 669 4012 817 4050; x_wconf 87' lang='lat' dir='ltr'><strong>mum</strong></span> <span class='ocrx_word' id='word_1_547' title='bbox 865 4011 993 4050; x_wconf 87' lang='lat' dir='ltr'><strong>vero</strong></span> <span class='ocrx_word' id='word_1_548' title='bbox 1043 4005 1095 4050; x_wconf 89' lang='lat' dir='ltr'><strong>et</strong></span> <span class='ocrx_word' id='word_1_549' title='bbox 1123 3996 1392 4050; x_wconf 89' lang='lat' dir='ltr'><strong>decimum</strong></span> <span class='ocrx_word' id='word_1_550' title='bbox 1423 4007 1633 4050; x_wconf 81' lang='lat' dir='ltr'><strong>sextum</strong></span> <span class='ocrx_word' id='word_1_551' title='bbox 1667 3995 1821 4065; x_wconf 83' lang='lat' dir='ltr'><strong>quasi</strong></span> <span class='ocrx_word' id='word_1_552' title='bbox 1857 3996 1908 4048; x_wconf 91' lang='lat' dir='ltr'><strong>in</strong></span> <span class='ocrx_word' id='word_1_553' title='bbox 1945 3997 2216 4065; x_wconf 85' lang='lat' dir='ltr'><strong>propriam</strong></span> 
     </span>
    </p>
   </div>
   <div class='ocr_carea' id='block_1_70' title="bbox 664 4087 2217 4158">
    <p class='ocr_par' dir='ltr' id='par_1_70' title="bbox 664 4087 2217 4158">
     <span class='ocr_line' id='line_1_70' title="bbox 664 4087 2217 4158; baseline -0.001 -15"><span class='ocrx_word' id='word_1_554' title='bbox 664 4088 912 4143; x_wconf 88' lang='lat' dir='ltr'><strong>ﬁduciam</strong></span> <span class='ocrx_word' id='word_1_555' title='bbox 936 4095 990 4143; x_wconf 91' lang='lat' dir='ltr'><strong>et</strong></span> <span class='ocrx_word' id='word_1_556' title='bbox 1010 4088 1307 4142; x_wconf 90' lang='lat' dir='ltr'><strong>orationem</strong></span> <span class='ocrx_word' id='word_1_557' title='bbox 1337 4087 1684 4158; x_wconf 88' lang='lat' dir='ltr'><strong>pronuntiat;</strong></span> <span class='ocrx_word' id='word_1_558' title='bbox 1712 4087 2217 4158; x_wconf 81' lang='lat' dir='ltr'><strong>quinquagesimum</strong></span> 
     </span>
    </p>
   </div>
   <div class='ocr_carea' id='block_1_71' title="bbox 663 4177 2221 4249">
    <p class='ocr_par' dir='ltr' id='par_1_71' title="bbox 663 4177 2221 4249">
     <span class='ocr_line' id='line_1_71' title="bbox 663 4177 2221 4249; baseline -0.001 -17"><span class='ocrx_word' id='word_1_559' title='bbox 663 4188 876 4244; x_wconf 88' lang='lat' dir='ltr'><strong>autem,</strong></span> <span class='ocrx_word' id='word_1_560' title='bbox 919 4178 1078 4249; x_wconf 85' lang='lat' dir='ltr'><strong>quasi</strong></span> <span class='ocrx_word' id='word_1_561' title='bbox 1109 4178 1326 4248; x_wconf 82' lang='lat' dir='ltr'><strong>prepria</strong></span> <span class='ocrx_word' id='word_1_562' title='bbox 1372 4177 1701 4247; x_wconf 73' lang='lat' dir='ltr'><strong>poenitentia:</strong></span> <span class='ocrx_word' id='word_1_563' title='bbox 1747 4193 1859 4232; x_wconf 75' lang='lat' dir='ltr'><strong>sua:</strong></span> <span class='ocrx_word' id='word_1_564' title='bbox 1890 4177 2049 4231; x_wconf 89' lang='lat' dir='ltr'><strong>verba</strong></span> <span class='ocrx_word' id='word_1_565' title='bbox 2098 4192 2221 4246; x_wconf 88' lang='lat' dir='ltr'><strong>pro-</strong></span> 
     </span>
    </p>
   </div>
   <div class='ocr_carea' id='block_1_72' title="bbox 663 4267 2218 4339">
    <p class='ocr_par' dir='ltr' id='par_1_72' title="bbox 663 4267 2218 4339">
     <span class='ocr_line' id='line_1_72' title="bbox 663 4267 2218 4339; baseline -0.003 -15"><span class='ocrx_word' id='word_1_566' title='bbox 663 4272 788 4326; x_wconf 76' lang='lat' dir='ltr'><strong>fert.</strong></span> <span class='ocrx_word' id='word_1_567' title='bbox 833 4270 967 4324; x_wconf 88' lang='lat' dir='ltr'><strong>Cum</strong></span> <span class='ocrx_word' id='word_1_568' title='bbox 1019 4285 1146 4324; x_wconf 89' lang='lat' dir='ltr'><strong>vero</strong></span> <span class='ocrx_word' id='word_1_569' title='bbox 1195 4270 1375 4339; x_wconf 86' lang='lat' dir='ltr'><strong>psallit</strong></span> <span class='ocrx_word' id='word_1_570' title='bbox 1411 4270 1918 4339; x_wconf 82' lang='lat' dir='ltr'><strong>quinquagesimum</strong></span> <span class='ocrx_word' id='word_1_571' title='bbox 1967 4267 2218 4330; x_wconf 84' lang='lat' dir='ltr'><strong>tertium,</strong></span> 
     </span>
    </p>
   </div>
   <div class='ocr_carea' id='block_1_73' title="bbox 663 4359 2264 4431">
    <p class='ocr_par' dir='ltr' id='par_1_73' title="bbox 663 4359 2264 4431">
     <span class='ocr_line' id='line_1_73' title="bbox 663 4359 2264 4431; baseline -0.004 -15"><span class='ocrx_word' id='word_1_572' title='bbox 663 4361 1170 4431; x_wconf 79' lang='lat' dir='ltr'><strong>quinquagesimum</strong></span> <span class='ocrx_word' id='word_1_573' title='bbox 1199 4362 1470 4431; x_wconf 90' lang='lat' dir='ltr'><strong>quintum,</strong></span> <span class='ocrx_word' id='word_1_574' title='bbox 1503 4361 1881 4424; x_wconf 81' lang='lat' dir='ltr'><strong>centesimum,</strong></span> <span class='ocrx_word' id='word_1_575' title='bbox 1925 4359 2221 4430; x_wconf 79' lang='lat' dir='ltr'><strong>quadrage—</strong></span> <span class='ocrx_word' id='word_1_576' title='bbox 2253 4398 2264 4409; x_wconf 95' lang='lat'><strong>.</strong></span> 
     </span>
    </p>
   </div>
   <div class='ocr_carea' id='block_1_74' title="bbox 667 4452 2221 4526">
    <p class='ocr_par' dir='ltr' id='par_1_74' title="bbox 667 4452 2221 4526">
     <span class='ocr_line' id='line_1_74' title="bbox 667 4452 2221 4526; baseline -0.005 -13"><span class='ocrx_word' id='word_1_577' title='bbox 667 4459 868 4513; x_wconf 88' lang='lat' dir='ltr'><strong>simum</strong></span> <span class='ocrx_word' id='word_1_578' title='bbox 899 4457 1156 4526; x_wconf 88' lang='lat' dir='ltr'><strong>primum,</strong></span> <span class='ocrx_word' id='word_1_579' title='bbox 1198 4471 1304 4508; x_wconf 86' lang='lat' dir='ltr'><strong>non</strong></span> <span class='ocrx_word' id='word_1_580' title='bbox 1361 4455 1517 4524; x_wconf 91' lang='lat' dir='ltr'><strong>quasi</strong></span> <span class='ocrx_word' id='word_1_581' title='bbox 1565 4454 1726 4519; x_wconf 87' lang='lat' dir='ltr'><strong>alius,</strong></span> <span class='ocrx_word' id='word_1_582' title='bbox 1773 4454 1868 4509; x_wconf 91' lang='lat' dir='ltr'><strong>sed</strong></span> <span class='ocrx_word' id='word_1_583' title='bbox 1912 4453 2068 4523; x_wconf 88' lang='lat' dir='ltr'><strong>quasi</strong></span> <span class='ocrx_word' id='word_1_584' title='bbox 2108 4452 2221 4521; x_wconf 89' lang='lat' dir='ltr'><strong>ipse</strong></span> 
     </span>
    </p>
   </div>
   <div class='ocr_carea' id='block_1_75' title="bbox 2318 3265 3878 3339">
    <p class='ocr_par' dir='ltr' id='par_1_75' title="bbox 2318 3265 3878 3339">
     <span class='ocr_line' id='line_1_75' title="bbox 2318 3265 3878 3339; baseline -0.002 -17"><span class='ocrx_word' id='word_1_585' title='bbox 2318 3269 2634 3339; x_wconf 78' lang='grc' dir='ltr'><strong>αἰσθόμενον</strong></span> <span class='ocrx_word' id='word_1_586' title='bbox 2682 3267 3044 3337; x_wconf 78' lang='grc' dir='ltr'><strong>ἀπαγγέλλειν</strong></span> <span class='ocrx_word' id='word_1_587' title='bbox 3095 3267 3310 3330; x_wconf 84' lang='grc' dir='ltr'>αύτούς.</span> <span class='ocrx_word' id='word_1_588' title='bbox 3386 3267 3495 3319; x_wconf 72' lang='grc' dir='ltr'><strong>Καὶ</strong></span> <span class='ocrx_word' id='word_1_589' title='bbox 3551 3265 3659 3337; x_wconf 82' lang='grc' dir='ltr'>γὰρ</span> <span class='ocrx_word' id='word_1_590' title='bbox 3712 3265 3804 3318; x_wconf 68' lang='grc' dir='ltr'><strong>καλ⁸</strong></span> <span class='ocrx_word' id='word_1_591' title='bbox 3849 3267 3878 3319; x_wconf 81' lang='grc' dir='ltr'>ὁ</span> 
     </span>
    </p>
   </div>
   <div class='ocr_carea' id='block_1_76' title="bbox 2315 3355 3878 3430">
    <p class='ocr_par' dir='ltr' id='par_1_76' title="bbox 2315 3355 3878 3430">
     <span class='ocr_line' id='line_1_76' title="bbox 2315 3355 3878 3430; baseline -0.003 -17"><span class='ocrx_word' id='word_1_592' title='bbox 2315 3361 2524 3414; x_wconf 82' lang='grc' dir='ltr'>ἁκούων</span> <span class='ocrx_word' id='word_1_593' title='bbox 2564 3360 2655 3414; x_wconf 80' lang='grc' dir='ltr'>τοῦ</span> <span class='ocrx_word' id='word_1_594' title='bbox 2682 3359 3141 3428; x_wconf 80' lang='grc' dir='ltr'>ἀναγινώσκοντος</span> <span class='ocrx_word' id='word_1_595' title='bbox 3183 3360 3259 3423; x_wconf 83' lang='grc' dir='ltr'>ὡς</span> <span class='ocrx_word' id='word_1_596' title='bbox 3294 3360 3421 3430; x_wconf 67' lang='grc' dir='ltr'>περὶ</span> <span class='ocrx_word' id='word_1_597' title='bbox 3463 3355 3625 3411; x_wconf 76' lang='grc' dir='ltr'>αὐτοῦ</span> <span class='ocrx_word' id='word_1_598' title='bbox 3652 3355 3878 3426; x_wconf 77' lang='grc' dir='ltr'>λεγομέο</span> 
     </span>
    </p>
   </div>
   <div class='ocr_carea' id='block_1_77' title="bbox 2318 3450 3878 3524">
    <p class='ocr_par' dir='ltr' id='par_1_77' title="bbox 2318 3450 3878 3524">
     <span class='ocr_line' id='line_1_77' title="bbox 2318 3450 3878 3524; baseline -0.003 -16"><span class='ocrx_word' id='word_1_599' title='bbox 2318 3471 2412 3523; x_wconf 88' lang='grc' dir='ltr'>νην</span> <span class='ocrx_word' id='word_1_600' title='bbox 2445 3454 2543 3524; x_wconf 79' lang='grc' dir='ltr'>τὴν</span> <span class='ocrx_word' id='word_1_601' title='bbox 2581 3454 2721 3524; x_wconf 76' lang='grc' dir='ltr'>ᾠδὴν</span> <span class='ocrx_word' id='word_1_602' title='bbox 2743 3455 3110 3524; x_wconf 80' lang='grc' dir='ltr'>καταδέχεται’</span> <span class='ocrx_word' id='word_1_603' title='bbox 3172 3454 3264 3507; x_wconf 74' lang='grc' dir='ltr'><strong>καὶ</strong></span> <span class='ocrx_word' id='word_1_604' title='bbox 3316 3454 3345 3524; x_wconf 84' lang='grc' dir='ltr'>ἢ</span> <span class='ocrx_word' id='word_1_605' title='bbox 3395 3452 3744 3522; x_wconf 82' lang='grc' dir='ltr'>ἐλεγχόμενος</span> <span class='ocrx_word' id='word_1_606' title='bbox 3773 3450 3878 3504; x_wconf 78' lang='grc' dir='ltr'><strong>ὑπὸ</strong></span> 
     </span>
    </p>
   </div>
   <div class='ocr_carea' id='block_1_78' title="bbox 2315 3541 3879 3616">
    <p class='ocr_par' dir='ltr' id='par_1_78' title="bbox 2315 3541 3879 3616">
     <span class='ocr_line' id='line_1_78' title="bbox 2315 3541 3879 3616; baseline -0.002 -19"><span class='ocrx_word' id='word_1_607' title='bbox 2315 3545 2408 3598; x_wconf 75' lang='grc' dir='ltr'><strong>τοῦ</strong></span> <span class='ocrx_word' id='word_1_608' title='bbox 2454 3546 2746 3609; x_wconf 76' lang='grc' dir='ltr'>συνειδότος</span> <span class='ocrx_word' id='word_1_609' title='bbox 2776 3546 3095 3612; x_wconf 66' lang='grc' dir='ltr'>κατανυτεὶς</span> <span class='ocrx_word' id='word_1_610' title='bbox 3156 3544 3492 3616; x_wconf 81' lang='grc' dir='ltr'>μετανοήσει,</span> <span class='ocrx_word' id='word_1_611' title='bbox 3531 3544 3564 3613; x_wconf 82' lang='grc' dir='ltr'>ἦ</span> <span class='ocrx_word' id='word_1_612' title='bbox 3611 3542 3737 3613; x_wconf 73' lang='grc' dir='ltr'>περὶ</span> <span class='ocrx_word' id='word_1_613' title='bbox 3779 3541 3879 3612; x_wconf 83' lang='grc' dir='ltr'>τῆς</span> 
     </span>
    </p>
   </div>
   <div class='ocr_carea' id='block_1_79' title="bbox 2316 3633 3878 3705">
    <p class='ocr_par' dir='ltr' id='par_1_79' title="bbox 2316 3633 3878 3705">
     <span class='ocr_line' id='line_1_79' title="bbox 2316 3633 3878 3705; baseline -0.002 -17"><span class='ocrx_word' id='word_1_614' title='bbox 2316 3639 2395 3700; x_wconf 82' lang='grc' dir='ltr'>εἰς</span> <span class='ocrx_word' id='word_1_615' title='bbox 2425 3636 2553 3689; x_wconf 80' lang='grc' dir='ltr'>Θεὸν</span> <span class='ocrx_word' id='word_1_616' title='bbox 2586 3637 2796 3700; x_wconf 79' lang='grc' dir='ltr'>ἐλπίδος</span> <span class='ocrx_word' id='word_1_617' title='bbox 2822 3636 3031 3690; x_wconf 84' lang='grc' dir='ltr'>ἁκούων</span> <span class='ocrx_word' id='word_1_618' title='bbox 3056 3637 3146 3689; x_wconf 78' lang='grc' dir='ltr'>καὶ</span> <span class='ocrx_word' id='word_1_619' title='bbox 3181 3635 3281 3705; x_wconf 79' lang='grc' dir='ltr'>τῆς</span> <span class='ocrx_word' id='word_1_620' title='bbox 3313 3637 3393 3698; x_wconf 86' lang='grc' dir='ltr'><strong>είς</strong></span> <span class='ocrx_word' id='word_1_621' title='bbox 3446 3635 3571 3697; x_wconf 83' lang='grc' dir='ltr'>τοὺς</span> <span class='ocrx_word' id='word_1_622' title='bbox 3598 3633 3878 3686; x_wconf 82' lang='grc' dir='ltr'>πιστεύον-</span> 
     </span>
    </p>
   </div>
   <div class='ocr_carea' id='block_1_80' title="bbox 2316 3726 3878 3800">
    <p class='ocr_par' dir='ltr' id='par_1_80' title="bbox 2316 3726 3878 3800">
     <span class='ocr_line' id='line_1_80' title="bbox 2316 3726 3878 3800; baseline 0.003 -25"><span class='ocrx_word' id='word_1_623' title='bbox 2316 3735 2413 3793; x_wconf 59' lang='lat' dir='ltr'><strong>ea;</strong></span> <span class='ocrx_word' id='word_1_624' title='bbox 2447 3730 2734 3799; x_wconf 76' lang='grc' dir='ltr'>γινομένης</span> <span class='ocrx_word' id='word_1_625' title='bbox 2761 3730 3116 3800; x_wconf 82' lang='grc' dir='ltr'>ἀντιλήψεως,</span> <span class='ocrx_word' id='word_1_626' title='bbox 3148 3726 3222 3791; x_wconf 81' lang='grc' dir='ltr'><strong>ὡς</strong></span> <span class='ocrx_word' id='word_1_627' title='bbox 3264 3728 3343 3791; x_wconf 83' lang='grc' dir='ltr'><strong>είς</strong></span> <span class='ocrx_word' id='word_1_628' title='bbox 3390 3726 3551 3781; x_wconf 78' lang='grc' dir='ltr'>αὑτὸν</span> <span class='ocrx_word' id='word_1_629' title='bbox 3583 3726 3878 3798; x_wconf 81' lang='grc' dir='ltr'>γενομένης</span> 
     </span>
    </p>
   </div>
   <div class='ocr_carea' id='block_1_81' title="bbox 2318 3816 3878 3894">
    <p class='ocr_par' dir='ltr' id='par_1_81' title="bbox 2318 3816 3878 3894">
     <span class='ocr_line' id='line_1_81' title="bbox 2318 3816 3878 3894; baseline -0.003 -20"><span class='ocrx_word' id='word_1_630' title='bbox 2318 3822 2570 3894; x_wconf 83' lang='grc' dir='ltr'>τοιαύτης</span> <span class='ocrx_word' id='word_1_631' title='bbox 2618 3823 2833 3894; x_wconf 88' lang='grc' dir='ltr'>χάριτος</span> <span class='ocrx_word' id='word_1_632' title='bbox 2883 3820 3220 3890; x_wconf 80' lang='grc' dir='ltr'>ἁγαλλιᾶται,</span> <span class='ocrx_word' id='word_1_633' title='bbox 3261 3819 3354 3873; x_wconf 74' lang='grc' dir='ltr'><strong>καὶ</strong></span> <span class='ocrx_word' id='word_1_634' title='bbox 3402 3816 3740 3890; x_wconf 80' lang='grc' dir='ltr'>εὖχαριστείν</span> <span class='ocrx_word' id='word_1_635' title='bbox 3780 3817 3878 3889; x_wconf 78' lang='grc' dir='ltr'><strong>ἆρ-</strong></span> 
     </span>
    </p>
   </div>
   <div class='ocr_carea' id='block_1_82' title="bbox 2319 3909 3880 3985">
    <p class='ocr_par' dir='ltr' id='par_1_82' title="bbox 2319 3909 3880 3985">
     <span class='ocr_line' id='line_1_82' title="bbox 2319 3909 3880 3985; baseline -0.005 -18"><span class='ocrx_word' id='word_1_636' title='bbox 2319 3931 2472 3985; x_wconf 86' lang='grc' dir='ltr'>χεται</span> <span class='ocrx_word' id='word_1_637' title='bbox 2500 3915 2577 3985; x_wconf 80' lang='grc' dir='ltr'>τῷ</span> <span class='ocrx_word' id='word_1_638' title='bbox 2602 3914 2738 3984; x_wconf 77' lang='grc' dir='ltr'>Θεῷ.</span> <span class='ocrx_word' id='word_1_639' title='bbox 2776 3914 2900 3966; x_wconf 87' lang='grc' dir='ltr'>Ὅτε</span> <span class='ocrx_word' id='word_1_640' title='bbox 2927 3911 3054 3982; x_wconf 78' lang='grc' dir='ltr'>γοῦν</span> <span class='ocrx_word' id='word_1_641' title='bbox 3101 3913 3192 3966; x_wconf 82' lang='grc' dir='ltr'><strong>τὸν</strong></span> <span class='ocrx_word' id='word_1_642' title='bbox 3237 3910 3415 3981; x_wconf 86' lang='grc' dir='ltr'>τρίτον</span> <span class='ocrx_word' id='word_1_643' title='bbox 3449 3909 3638 3980; x_wconf 80' lang='grc' dir='ltr'>ψάλλει</span> <span class='ocrx_word' id='word_1_644' title='bbox 3682 3925 3767 3972; x_wconf 88' lang='grc' dir='ltr'><strong>τις</strong></span> <span class='ocrx_word' id='word_1_645' title='bbox 3799 3910 3880 3975; x_wconf 83' lang='grc' dir='ltr'><strong>εἰς</strong></span> 
     </span>
    </p>
   </div>
   <div class='ocr_carea' id='block_1_83' title="bbox 2317 3996 3879 4076">
    <p class='ocr_par' dir='ltr' id='par_1_83' title="bbox 2317 3996 3879 4076">
     <span class='ocr_line' id='line_1_83' title="bbox 2317 3996 3879 4076; baseline -0.003 -18"><span class='ocrx_word' id='word_1_646' title='bbox 2317 4005 2415 4067; x_wconf 74' lang='grc' dir='ltr'>τὰς</span> <span class='ocrx_word' id='word_1_647' title='bbox 2450 4005 2586 4068; x_wconf 82' lang='grc' dir='ltr'>ίδίας</span> <span class='ocrx_word' id='word_1_648' title='bbox 2640 4004 2844 4074; x_wconf 80' lang='grc' dir='ltr'>θλίψεις</span> <span class='ocrx_word' id='word_1_649' title='bbox 2872 4003 3130 4076; x_wconf 79' lang='grc' dir='ltr'>συνορῶν,</span> <span class='ocrx_word' id='word_1_650' title='bbox 3171 4003 3246 4067; x_wconf 87' lang='grc' dir='ltr'><strong>ὡς</strong></span> <span class='ocrx_word' id='word_1_651' title='bbox 3274 4001 3435 4056; x_wconf 81' lang='grc' dir='ltr'>αὑτοῦ</span> <span class='ocrx_word' id='word_1_652' title='bbox 3486 3996 3626 4055; x_wconf 77' lang='grc' dir='ltr'>εἶναι</span> <span class='ocrx_word' id='word_1_653' title='bbox 3669 4000 3879 4070; x_wconf 78' lang='grc' dir='ltr'>νομίζει</span> 
     </span>
    </p>
   </div>
   <div class='ocr_carea' id='block_1_84' title="bbox 2319 4091 3878 4166">
    <p class='ocr_par' dir='ltr' id='par_1_84' title="bbox 2319 4091 3878 4166">
     <span class='ocr_line' id='line_1_84' title="bbox 2319 4091 3878 4166; baseline -0.003 -18"><span class='ocrx_word' id='word_1_654' title='bbox 2319 4096 2387 4149; x_wconf 76' lang='grc' dir='ltr'>τὰ</span> <span class='ocrx_word' id='word_1_655' title='bbox 2415 4098 2472 4149; x_wconf 84' lang='grc' dir='ltr'>ὲν</span> <span class='ocrx_word' id='word_1_656' title='bbox 2501 4095 2578 4166; x_wconf 82' lang='grc' dir='ltr'>τῷ</span> <span class='ocrx_word' id='word_1_657' title='bbox 2626 4096 2824 4166; x_wconf 84' lang='grc' dir='ltr'>ψαλμῷ</span> <span class='ocrx_word' id='word_1_658' title='bbox 2851 4097 3089 4166; x_wconf 78' lang='grc' dir='ltr'>ῥήματα·</span> <span class='ocrx_word' id='word_1_659' title='bbox 3135 4094 3228 4148; x_wconf 74' lang='grc' dir='ltr'>καὶ</span> <span class='ocrx_word' id='word_1_660' title='bbox 3268 4093 3388 4147; x_wconf 86' lang='grc' dir='ltr'>τότε</span> <span class='ocrx_word' id='word_1_661' title='bbox 3424 4093 3515 4147; x_wconf 84' lang='grc' dir='ltr'><strong>τὸν</strong></span> <span class='ocrx_word' id='word_1_662' title='bbox 3567 4099 3632 4145; x_wconf 83' lang='grc' dir='ltr'>ια’</span> <span class='ocrx_word' id='word_1_663' title='bbox 3672 4091 3878 4145; x_wconf 79' lang='grc' dir='ltr'>καὶτὸν</span> 
     </span>
    </p>
   </div>
   <div class='ocr_carea' id='block_1_85' title="bbox 2323 4184 3878 4259">
    <p class='ocr_par' dir='ltr' id='par_1_85' title="bbox 2323 4184 3878 4259">
     <span class='ocr_line' id='line_1_85' title="bbox 2323 4184 3878 4259; baseline -0.005 -18"><span class='ocrx_word' id='word_1_664' title='bbox 2323 4196 2396 4253; x_wconf 73' lang='grc' dir='ltr'>ις’</span> <span class='ocrx_word' id='word_1_665' title='bbox 2429 4189 2504 4252; x_wconf 82' lang='grc' dir='ltr'><strong>ὡς</strong></span> <span class='ocrx_word' id='word_1_666' title='bbox 2533 4190 2612 4252; x_wconf 88' lang='grc' dir='ltr'><strong>είς</strong></span> <span class='ocrx_word' id='word_1_667' title='bbox 2649 4189 2747 4259; x_wconf 79' lang='grc' dir='ltr'>τὴν</span> <span class='ocrx_word' id='word_1_668' title='bbox 2777 4188 2910 4240; x_wconf 81' lang='grc' dir='ltr'>ἰδίαν</span> <span class='ocrx_word' id='word_1_669' title='bbox 2937 4186 3258 4258; x_wconf 76' lang='grc' dir='ltr'>πεποίθησιν</span> <span class='ocrx_word' id='word_1_670' title='bbox 3279 4185 3373 4239; x_wconf 68' lang='grc' dir='ltr'>καὶ</span> <span class='ocrx_word' id='word_1_671' title='bbox 3399 4185 3704 4257; x_wconf 80' lang='grc' dir='ltr'>προσευχήν</span> <span class='ocrx_word' id='word_1_672' title='bbox 3731 4184 3878 4235; x_wconf 73' lang='grc' dir='ltr'>ἐστιν</span> 
     </span>
    </p>
   </div>
   <div class='ocr_carea' id='block_1_86' title="bbox 2321 4275 3877 4350">
    <p class='ocr_par' dir='ltr' id='par_1_86' title="bbox 2321 4275 3877 4350">
     <span class='ocr_line' id='line_1_86' title="bbox 2321 4275 3877 4350; baseline -0.004 -18"><span class='ocrx_word' id='word_1_673' title='bbox 2321 4278 2695 4347; x_wconf 81' lang='grc' dir='ltr'><strong>ἀπαγγέλλων·</strong></span> <span class='ocrx_word' id='word_1_674' title='bbox 2724 4279 2931 4332; x_wconf 77' lang='grc' dir='ltr'>καὶτὸν</span> <span class='ocrx_word' id='word_1_675' title='bbox 2982 4280 3079 4350; x_wconf 79' lang='grc' dir='ltr'><strong>μὲν</strong></span> <span class='ocrx_word' id='word_1_676' title='bbox 3118 4285 3160 4331; x_wconf 86' lang='grc' dir='ltr'><strong>ν’</strong></span> <span class='ocrx_word' id='word_1_677' title='bbox 3203 4277 3417 4349; x_wconf 74' lang='grc' dir='ltr'>ψαλμὸν</span> <span class='ocrx_word' id='word_1_678' title='bbox 3455 4278 3532 4341; x_wconf 85' lang='grc' dir='ltr'>ὡς</span> <span class='ocrx_word' id='word_1_679' title='bbox 3562 4275 3723 4338; x_wconf 81' lang='grc' dir='ltr'>αὑτός</span> <span class='ocrx_word' id='word_1_680' title='bbox 3761 4275 3877 4327; x_wconf 73' lang='grc' dir='ltr'>ἐστι</span> 
     </span>
    </p>
   </div>
   <div class='ocr_carea' id='block_1_87' title="bbox 2321 4362 3878 4439">
    <p class='ocr_par' dir='ltr' id='par_1_87' title="bbox 2321 4362 3878 4439">
     <span class='ocr_line' id='line_1_87' title="bbox 2321 4362 3878 4439; baseline -0.003 -19"><span class='ocrx_word' id='word_1_681' title='bbox 2321 4369 2386 4421; x_wconf 69' lang='grc' dir='ltr'><strong>τὰ</strong></span> <span class='ocrx_word' id='word_1_682' title='bbox 2417 4369 2524 4422; x_wconf 75' lang='grc' dir='ltr'>ἴδια</span> <span class='ocrx_word' id='word_1_683' title='bbox 2552 4367 2650 4437; x_wconf 76' lang='grc' dir='ltr'>τῆς</span> <span class='ocrx_word' id='word_1_684' title='bbox 2677 4367 2958 4437; x_wconf 76' lang='grc' dir='ltr'>μετανοίας</span> <span class='ocrx_word' id='word_1_685' title='bbox 2989 4367 3181 4421; x_wconf 79' lang='grc' dir='ltr'>ἑαυτοῦ</span> <span class='ocrx_word' id='word_1_686' title='bbox 3223 4367 3393 4437; x_wconf 80' lang='grc' dir='ltr'>λέγων</span> <span class='ocrx_word' id='word_1_687' title='bbox 3432 4369 3667 4439; x_wconf 77' lang='grc' dir='ltr'>ῥήματα·</span> <span class='ocrx_word' id='word_1_688' title='bbox 3696 4364 3787 4417; x_wconf 84' lang='grc' dir='ltr'><strong>τὸν</strong></span> <span class='ocrx_word' id='word_1_689' title='bbox 3823 4362 3878 4416; x_wconf 78' lang='grc' dir='ltr'>δὲ</span> 
     </span>
    </p>
   </div>
   <div class='ocr_carea' id='block_1_88' title="bbox 2321 4453 3879 4534">
    <p class='ocr_par' dir='ltr' id='par_1_88' title="bbox 2321 4453 3879 4534">
     <span class='ocr_line' id='line_1_88' title="bbox 2321 4453 3879 4534; baseline -0.002 -24"><span class='ocrx_word' id='word_1_690' title='bbox 2321 4464 2422 4527; x_wconf 86' lang='grc' dir='ltr'>νγ’,</span> <span class='ocrx_word' id='word_1_691' title='bbox 2463 4457 2556 4534; x_wconf 73' lang='grc' dir='ltr'>καὶ</span> <span class='ocrx_word' id='word_1_692' title='bbox 2583 4456 2675 4509; x_wconf 75' lang='grc' dir='ltr'>τὸν</span> <span class='ocrx_word' id='word_1_693' title='bbox 2704 4463 2796 4521; x_wconf 84' lang='grc' dir='ltr'>νε’,</span> <span class='ocrx_word' id='word_1_694' title='bbox 2827 4457 2920 4511; x_wconf 75' lang='grc' dir='ltr'>καὶ</span> <span class='ocrx_word' id='word_1_695' title='bbox 2948 4457 3037 4510; x_wconf 83' lang='grc' dir='ltr'><strong>τὸν</strong></span> <span class='ocrx_word' id='word_1_696' title='bbox 3075 4465 3181 4523; x_wconf 82' lang='grc' dir='ltr'>νς’,</span> <span class='ocrx_word' id='word_1_697' title='bbox 3210 4458 3302 4511; x_wconf 76' lang='grc' dir='ltr'>καὶ</span> <span class='ocrx_word' id='word_1_698' title='bbox 3328 4457 3419 4511; x_wconf 81' lang='grc' dir='ltr'>τὸν</span> <span class='ocrx_word' id='word_1_699' title='bbox 3462 4455 3607 4529; x_wconf 83' lang='grc' dir='ltr'>ρμα’,</span> <span class='ocrx_word' id='word_1_700' title='bbox 3630 4456 3716 4508; x_wconf 86' lang='grc' dir='ltr'>ὅτε</span> <span class='ocrx_word' id='word_1_701' title='bbox 3745 4453 3879 4524; x_wconf 80' lang='grc' dir='ltr'>ψάλ-</span> 
     </span>
    </p>
   </div>
   <div class='ocr_carea' id='block_1_89' title="bbox 669 4543 2211 4620">
    <p class='ocr_par' dir='ltr' id='par_1_89' title="bbox 669 4543 2211 4619">
     <span class='ocr_line' id='line_1_89' title="bbox 669 4543 2211 4619; baseline -0.006 -14"><span class='ocrx_word' id='word_1_702' title='bbox 669 4549 1092 4619; x_wconf 83' lang='lat' dir='ltr'><strong>persecutionem</strong></span> <span class='ocrx_word' id='word_1_703' title='bbox 1144 4556 1436 4615; x_wconf 86' lang='lat' dir='ltr'><strong>pateretur,</strong></span> <span class='ocrx_word' id='word_1_704' title='bbox 1483 4546 1561 4600; x_wconf 91' lang='lat' dir='ltr'><strong>sic</strong></span> <span class='ocrx_word' id='word_1_705' title='bbox 1604 4545 1864 4609; x_wconf 78' lang='lat' dir='ltr'><strong>allicitur,</strong></span> <span class='ocrx_word' id='word_1_706' title='bbox 1898 4552 1952 4598; x_wconf 91' lang='lat' dir='ltr'><strong>et</strong></span> <span class='ocrx_word' id='word_1_707' title='bbox 1987 4543 2067 4598; x_wconf 90' lang='lat' dir='ltr'><strong>sic</strong></span> <span class='ocrx_word' id='word_1_708' title='bbox 2115 4544 2211 4596; x_wconf 88' lang='lat' dir='ltr'><strong>ista</strong></span> 
     </span>
    </p>
   </div>
   <div class='ocr_carea' id='block_1_90' title="bbox 2313 4543 3881 4620">
    <p class='ocr_par' dir='ltr' id='par_1_90' title="bbox 2321 4543 3881 4620">
     <span class='ocr_line' id='line_1_90' title="bbox 2321 4543 3881 4620; baseline -0.003 -18"><span class='ocrx_word' id='word_1_709' title='bbox 2321 4549 2400 4602; x_wconf 88' lang='grc' dir='ltr'><strong>λει</strong></span> <span class='ocrx_word' id='word_1_710' title='bbox 2462 4566 2566 4614; x_wconf 86' lang='grc' dir='ltr'>τις,</span> <span class='ocrx_word' id='word_1_711' title='bbox 2601 4548 2696 4617; x_wconf 79' lang='grc' dir='ltr'><strong>οὐχ</strong></span> <span class='ocrx_word' id='word_1_712' title='bbox 2755 4549 2829 4612; x_wconf 84' lang='grc' dir='ltr'><strong>ὡς</strong></span> <span class='ocrx_word' id='word_1_713' title='bbox 2869 4548 3028 4602; x_wconf 75' lang='grc' dir='ltr'>ἄλλου</span> <span class='ocrx_word' id='word_1_714' title='bbox 3085 4548 3431 4620; x_wconf 81' lang='grc' dir='ltr'><strong>διωκομένου,</strong></span> <span class='ocrx_word' id='word_1_715' title='bbox 3480 4547 3592 4602; x_wconf 80' lang='grc' dir='ltr'>ἀλλ’</span> <span class='ocrx_word' id='word_1_716' title='bbox 3632 4546 3708 4609; x_wconf 82' lang='grc' dir='ltr'><strong>ὡς</strong></span> <span class='ocrx_word' id='word_1_717' title='bbox 3749 4543 3824 4598; x_wconf 85' lang='grc' dir='ltr'><strong>ὣν</strong></span> <span class='ocrx_word' id='word_1_718' title='bbox 3853 4547 3881 4599; x_wconf 87' lang='grc' dir='ltr'>ὁ</span> 
     </span>
    </p>
   </div>
   <div class='ocr_carea' id='block_1_91' title="bbox 668 4637 2216 4710">
    <p class='ocr_par' dir='ltr' id='par_1_91' title="bbox 668 4637 2216 4710">
     <span class='ocr_line' id='line_1_91' title="bbox 668 4637 2216 4710; baseline -0.003 -18"><span class='ocrx_word' id='word_1_719' title='bbox 668 4641 867 4704; x_wconf 85' lang='lat' dir='ltr'><strong>verba,</strong></span> <span class='ocrx_word' id='word_1_720' title='bbox 912 4638 1068 4710; x_wconf 87' lang='lat' dir='ltr'><strong>quasi</strong></span> <span class='ocrx_word' id='word_1_721' title='bbox 1110 4639 1327 4710; x_wconf 88' lang='lat' dir='ltr'><strong>propria</strong></span> <span class='ocrx_word' id='word_1_722' title='bbox 1371 4637 1497 4702; x_wconf 86' lang='lat' dir='ltr'><strong>sibi,</strong></span> <span class='ocrx_word' id='word_1_723' title='bbox 1552 4639 1656 4692; x_wconf 87' lang='lat' dir='ltr'><strong>Deo</strong></span> <span class='ocrx_word' id='word_1_724' title='bbox 1699 4638 1863 4692; x_wconf 89' lang='lat' dir='ltr'><strong>canit.</strong></span> <span class='ocrx_word' id='word_1_725' title='bbox 1896 4638 1972 4692; x_wconf 86' lang='lat' dir='ltr'><strong>Ac</strong></span> <span class='ocrx_word' id='word_1_726' title='bbox 2001 4638 2216 4691; x_wconf 88' lang='lat' dir='ltr'><strong>demum</strong></span> 
     </span>
    </p>
   </div>
   <div class='ocr_carea' id='block_1_92' title="bbox 667 4728 2222 4804">
    <p class='ocr_par' dir='ltr' id='par_1_92' title="bbox 667 4728 2222 4804">
     <span class='ocr_line' id='line_1_92' title="bbox 667 4728 2222 4804; baseline -0.001 -18"><span class='ocrx_word' id='word_1_727' title='bbox 667 4735 898 4804; x_wconf 86' lang='lat' dir='ltr'><strong>quisque</strong></span> <span class='ocrx_word' id='word_1_728' title='bbox 935 4732 1173 4801; x_wconf 83' lang='lat' dir='ltr'><strong>psalmus</strong></span> <span class='ocrx_word' id='word_1_729' title='bbox 1214 4731 1286 4784; x_wconf 88' lang='lat' dir='ltr'><strong>ita</strong></span> <span class='ocrx_word' id='word_1_730' title='bbox 1323 4746 1354 4783; x_wconf 90' lang='lat' dir='ltr'><strong>a</strong></span> <span class='ocrx_word' id='word_1_731' title='bbox 1382 4728 1585 4799; x_wconf 87' lang='lat' dir='ltr'><strong>Spiritu</strong></span> <span class='ocrx_word' id='word_1_732' title='bbox 1617 4728 1848 4785; x_wconf 91' lang='lat' dir='ltr'><strong>dictatus</strong></span> <span class='ocrx_word' id='word_1_733' title='bbox 1881 4739 2039 4800; x_wconf 88' lang='lat' dir='ltr'><strong>atque</strong></span> <span class='ocrx_word' id='word_1_734' title='bbox 2072 4743 2222 4784; x_wconf 87' lang='lat' dir='ltr'><strong>com-</strong></span> 
     </span>
    </p>
   </div>
   <div class='ocr_carea' id='block_1_93' title="bbox 668 4818 2218 4890">
    <p class='ocr_par' dir='ltr' id='par_1_93' title="bbox 668 4818 2218 4890">
     <span class='ocr_line' id='line_1_93' title="bbox 668 4818 2218 4890; baseline -0.003 -15"><span class='ocrx_word' id='word_1_735' title='bbox 668 4821 880 4890; x_wconf 90' lang='lat' dir='ltr'><strong>positus</strong></span> <span class='ocrx_word' id='word_1_736' title='bbox 908 4829 1011 4883; x_wconf 88' lang='lat' dir='ltr'><strong>est,</strong></span> <span class='ocrx_word' id='word_1_737' title='bbox 1039 4827 1098 4872; x_wconf 91' lang='lat' dir='ltr'><strong>ut</strong></span> <span class='ocrx_word' id='word_1_738' title='bbox 1127 4819 1180 4872; x_wconf 91' lang='lat' dir='ltr'><strong>in</strong></span> <span class='ocrx_word' id='word_1_739' title='bbox 1211 4833 1276 4872; x_wconf 91' lang='lat' dir='ltr'><strong>eo</strong></span> <span class='ocrx_word' id='word_1_740' title='bbox 1297 4857 1312 4881; x_wconf 89' lang='lat'><strong>,</strong></span> <span class='ocrx_word' id='word_1_741' title='bbox 1341 4818 1795 4888; x_wconf 78' lang='lat' dir='ltr'><strong>quemadmodum</strong></span> <span class='ocrx_word' id='word_1_742' title='bbox 1831 4834 1993 4889; x_wconf 87' lang='lat' dir='ltr'><strong>supra</strong></span> <span class='ocrx_word' id='word_1_743' title='bbox 2017 4819 2218 4873; x_wconf 91' lang='lat' dir='ltr'><strong>dictum</strong></span> 
     </span>
    </p>
   </div>
   <div class='ocr_carea' id='block_1_94' title="bbox 668 4908 2222 4979">
    <p class='ocr_par' dir='ltr' id='par_1_94' title="bbox 668 4908 2222 4979">
     <span class='ocr_line' id='line_1_94' title="bbox 668 4908 2222 4979; baseline 0 -15"><span class='ocrx_word' id='word_1_744' title='bbox 668 4920 771 4976; x_wconf 78' lang='lat' dir='ltr'><strong>est,</strong></span> <span class='ocrx_word' id='word_1_745' title='bbox 805 4911 972 4964; x_wconf 89' lang='lat' dir='ltr'><strong>animi</strong></span> <span class='ocrx_word' id='word_1_746' title='bbox 1000 4908 1173 4965; x_wconf 87' lang='lat' dir='ltr'><strong>nostri</strong></span> <span class='ocrx_word' id='word_1_747' title='bbox 1199 4919 1377 4964; x_wconf 87' lang='lat' dir='ltr'><strong>motus</strong></span> <span class='ocrx_word' id='word_1_748' title='bbox 1404 4909 1896 4978; x_wconf 85' lang='lat' dir='ltr'><strong>deprehendantur,</strong></span> <span class='ocrx_word' id='word_1_749' title='bbox 1927 4923 2222 4979; x_wconf 89' lang='lat' dir='ltr'><strong>omnesque</strong></span> 
     </span>
    </p>
   </div>
   <div class='ocr_carea' id='block_1_95' title="bbox 668 5002 2220 5076">
    <p class='ocr_par' dir='ltr' id='par_1_95' title="bbox 668 5002 2220 5076">
     <span class='ocr_line' id='line_1_95' title="bbox 668 5002 2220 5076; baseline -0.003 -16"><span class='ocrx_word' id='word_1_750' title='bbox 668 5006 822 5075; x_wconf 89' lang='lat' dir='ltr'><strong>quasi</strong></span> <span class='ocrx_word' id='word_1_751' title='bbox 853 5006 920 5060; x_wconf 90' lang='lat' dir='ltr'><strong>dc</strong></span> <span class='ocrx_word' id='word_1_752' title='bbox 947 5005 1104 5061; x_wconf 88' lang='lat' dir='ltr'><strong>nobis</strong></span> <span class='ocrx_word' id='word_1_753' title='bbox 1125 5006 1316 5076; x_wconf 90' lang='lat' dir='ltr'><strong>prolati</strong></span> <span class='ocrx_word' id='word_1_754' title='bbox 1342 5014 1395 5058; x_wconf 89' lang='lat' dir='ltr'><strong>et</strong></span> <span class='ocrx_word' id='word_1_755' title='bbox 1421 5003 1565 5058; x_wconf 80' lang='lat' dir='ltr'><strong>velut</strong></span> <span class='ocrx_word' id='word_1_756' title='bbox 1586 5004 1742 5057; x_wconf 90' lang='lat' dir='ltr'><strong>nobis</strong></span> <span class='ocrx_word' id='word_1_757' title='bbox 1772 5004 1970 5072; x_wconf 91' lang='lat' dir='ltr'><strong>proprii</strong></span> <span class='ocrx_word' id='word_1_758' title='bbox 1999 5003 2128 5067; x_wconf 89' lang='lat' dir='ltr'><strong>sint,</strong></span> <span class='ocrx_word' id='word_1_759' title='bbox 2155 5002 2220 5056; x_wconf 89' lang='lat' dir='ltr'><strong>ad</strong></span> 
     </span>
    </p>
   </div>
   <div class='ocr_carea' id='block_1_96' title="bbox 674 5094 2228 5155">
    <p class='ocr_par' dir='ltr' id='par_1_96' title="bbox 674 5094 2228 5155">
     <span class='ocr_line' id='line_1_96' title="bbox 674 5094 2228 5155; baseline -0.001 -3"><span class='ocrx_word' id='word_1_760' title='bbox 674 5098 1097 5155; x_wconf 88' lang='lat' dir='ltr'><strong>recordationem</strong></span> <span class='ocrx_word' id='word_1_761' title='bbox 1138 5108 1381 5150; x_wconf 91' lang='lat' dir='ltr'><strong>m0tuum</strong></span> <span class='ocrx_word' id='word_1_762' title='bbox 1433 5105 1746 5152; x_wconf 87' lang='lat' dir='ltr'><strong>nostrorum</strong></span> <span class='ocrx_word' id='word_1_763' title='bbox 1776 5105 1828 5149; x_wconf 91' lang='lat' dir='ltr'><strong>et</strong></span> <span class='ocrx_word' id='word_1_764' title='bbox 1873 5094 1941 5149; x_wconf 90' lang='lat' dir='ltr'><strong>ad</strong></span> <span class='ocrx_word' id='word_1_765' title='bbox 1980 5096 2102 5150; x_wconf 78' lang='lat' dir='ltr'><strong>vita:</strong></span> <span class='ocrx_word' id='word_1_766' title='bbox 2130 5111 2228 5150; x_wconf 90' lang='lat' dir='ltr'><strong>no-</strong></span> 
     </span>
    </p>
   </div>
   <div class='ocr_carea' id='block_1_97' title="bbox 672 5185 2224 5256">
    <p class='ocr_par' dir='ltr' id='par_1_97' title="bbox 672 5185 2224 5256">
     <span class='ocr_line' id='line_1_97' title="bbox 672 5185 2224 5256; baseline -0.003 -10"><span class='ocrx_word' id='word_1_767' title='bbox 672 5202 798 5246; x_wconf 64' lang='lat' dir='ltr'><strong>strae</strong></span> <span class='ocrx_word' id='word_1_768' title='bbox 827 5188 1277 5246; x_wconf 88' lang='lat' dir='ltr'><strong>emendationem.</strong></span> <span class='ocrx_word' id='word_1_769' title='bbox 1297 5186 1428 5253; x_wconf 66' lang='lat' dir='ltr'><strong>Quae</strong></span> <span class='ocrx_word' id='word_1_770' title='bbox 1456 5187 1602 5241; x_wconf 90' lang='lat' dir='ltr'><strong>enim</strong></span> <span class='ocrx_word' id='word_1_771' title='bbox 1635 5186 1922 5256; x_wconf 88' lang='lat' dir='ltr'><strong>psallentes</strong></span> <span class='ocrx_word' id='word_1_772' title='bbox 1954 5185 2224 5249; x_wconf 81' lang='lat' dir='ltr'><strong>dixerunt,</strong></span> 
     </span>
    </p>
   </div>
   <div class='ocr_carea' id='block_1_98' title="bbox 675 5278 1725 5350">
    <p class='ocr_par' dir='ltr' id='par_1_98' title="bbox 675 5278 1725 5350">
     <span class='ocr_line' id='line_1_98' title="bbox 675 5278 1725 5350; baseline -0.004 -16"><span class='ocrx_word' id='word_1_773' title='bbox 675 5282 788 5336; x_wconf 64' lang='lat' dir='ltr'><strong>haec</strong></span> <span class='ocrx_word' id='word_1_774' title='bbox 815 5296 912 5350; x_wconf 89' lang='lat' dir='ltr'><strong>pro</strong></span> <span class='ocrx_word' id='word_1_775' title='bbox 943 5279 1115 5335; x_wconf 78' lang='lat' dir='ltr'><strong>forma</strong></span> <span class='ocrx_word' id='word_1_776' title='bbox 1146 5278 1302 5333; x_wconf 88' lang='lat' dir='ltr'><strong>nobis</strong></span> <span class='ocrx_word' id='word_1_777' title='bbox 1329 5293 1450 5332; x_wconf 87' lang='lat' dir='ltr'><strong>esse</strong></span> <span class='ocrx_word' id='word_1_778' title='bbox 1480 5285 1725 5349; x_wconf 88' lang='lat' dir='ltr'><strong>possunt.</strong></span> 
     </span>
    </p>
   </div>
   <div class='ocr_carea' id='block_1_99' title="bbox 749 5553 2220 5628">
    <p class='ocr_par' dir='ltr' id='par_1_99' title="bbox 749 5553 2220 5628">
     <span class='ocr_line' id='line_1_99' title="bbox 749 5553 2220 5628; baseline -0.004 -13"><span class='ocrx_word' id='word_1_779' title='bbox 749 5561 834 5615; x_wconf 74' lang='grc'>15.</span> <span class='ocrx_word' id='word_1_780' title='bbox 918 5556 1042 5613; x_wconf 65' lang='lat' dir='ltr'><strong>llaec</strong></span> <span class='ocrx_word' id='word_1_781' title='bbox 1089 5571 1253 5628; x_wconf 88' lang='lat' dir='ltr'><strong>porro</strong></span> <span class='ocrx_word' id='word_1_782' title='bbox 1287 5570 1482 5610; x_wconf 88' lang='lat' dir='ltr'><strong>rursus</strong></span> <span class='ocrx_word' id='word_1_783' title='bbox 1531 5557 1701 5626; x_wconf 85' lang='lat' dir='ltr'><strong>gratia</strong></span> <span class='ocrx_word' id='word_1_784' title='bbox 1747 5563 1830 5610; x_wconf 89' lang='lat' dir='ltr'><strong>est</strong></span> <span class='ocrx_word' id='word_1_785' title='bbox 1887 5553 2220 5616; x_wconf 85' lang='lat' dir='ltr'><strong>Salvatoris;</strong></span> 
     </span>
    </p>
   </div>
   <div class='ocr_carea' id='block_1_100' title="bbox 679 5646 2224 5721">
    <p class='ocr_par' dir='ltr' id='par_1_100' title="bbox 679 5646 2224 5721">
     <span class='ocr_line' id='line_1_100' title="bbox 679 5646 2224 5721; baseline -0.005 -15"><span class='ocrx_word' id='word_1_786' title='bbox 679 5655 841 5713; x_wconf 88' lang='lat' dir='ltr'><strong>homo</strong></span> <span class='ocrx_word' id='word_1_787' title='bbox 894 5651 1090 5721; x_wconf 89' lang='lat' dir='ltr'><strong>quippe</strong></span> <span class='ocrx_word' id='word_1_788' title='bbox 1133 5651 1354 5718; x_wconf 79' lang='lat' dir='ltr'><strong>prepter</strong></span> <span class='ocrx_word' id='word_1_789' title='bbox 1416 5659 1514 5700; x_wconf 84' lang='lat' dir='ltr'><strong>nos</strong></span> <span class='ocrx_word' id='word_1_790' title='bbox 1551 5646 1744 5711; x_wconf 77' lang='lat' dir='ltr'><strong>factus,</strong></span> <span class='ocrx_word' id='word_1_791' title='bbox 1771 5647 2050 5716; x_wconf 84' lang='lat' dir='ltr'><strong>proprium</strong></span> <span class='ocrx_word' id='word_1_792' title='bbox 2103 5660 2224 5699; x_wconf 90' lang='lat' dir='ltr'><strong>cor-</strong></span> 
     </span>
    </p>
   </div>
   <div class='ocr_carea' id='block_1_101' title="bbox 679 5739 2226 5815">
    <p class='ocr_par' dir='ltr' id='par_1_101' title="bbox 679 5739 2226 5815">
     <span class='ocr_line' id='line_1_101' title="bbox 679 5739 2226 5815; baseline -0.003 -20"><span class='ocrx_word' id='word_1_793' title='bbox 679 5761 778 5815; x_wconf 88' lang='lat' dir='ltr'><strong>pus</strong></span> <span class='ocrx_word' id='word_1_794' title='bbox 829 5760 925 5812; x_wconf 87' lang='lat' dir='ltr'><strong>pro</strong></span> <span class='ocrx_word' id='word_1_795' title='bbox 991 5741 1149 5797; x_wconf 84' lang='lat' dir='ltr'><strong>nobis</strong></span> <span class='ocrx_word' id='word_1_796' title='bbox 1199 5741 1251 5793; x_wconf 94' lang='lat' dir='ltr'><strong>in</strong></span> <span class='ocrx_word' id='word_1_797' title='bbox 1301 5752 1528 5794; x_wconf 88' lang='lat' dir='ltr'><strong>mortem</strong></span> <span class='ocrx_word' id='word_1_798' title='bbox 1557 5739 1800 5802; x_wconf 83' lang='lat' dir='ltr'><strong>-obtulit,</strong></span> <span class='ocrx_word' id='word_1_799' title='bbox 1839 5748 1899 5792; x_wconf 92' lang='lat' dir='ltr'><strong>ut</strong></span> <span class='ocrx_word' id='word_1_800' title='bbox 1948 5753 2139 5792; x_wconf 89' lang='lat' dir='ltr'><strong>omnes</strong></span> <span class='ocrx_word' id='word_1_801' title='bbox 2195 5751 2226 5790; x_wconf 93' lang='lat' dir='ltr'><strong>a</strong></span> 
     </span>
    </p>
   </div>
   <div class='ocr_carea' id='block_1_102' title="bbox 677 5828 2225 5900">
    <p class='ocr_par' dir='ltr' id='par_1_102' title="bbox 677 5828 2225 5900">
     <span class='ocr_line' id='line_1_102' title="bbox 677 5828 2225 5900; baseline -0.005 -9"><span class='ocrx_word' id='word_1_802' title='bbox 677 5844 850 5891; x_wconf 87' lang='lat' dir='ltr'><strong>morte</strong></span> <span class='ocrx_word' id='word_1_803' title='bbox 919 5832 1224 5889; x_wconf 85' lang='lat' dir='ltr'><strong>redimeret.</strong></span> <span class='ocrx_word' id='word_1_804' title='bbox 1293 5829 1431 5897; x_wconf 83' lang='lat' dir='ltr'><strong>Quin</strong></span> <span class='ocrx_word' id='word_1_805' title='bbox 1479 5841 1527 5886; x_wconf 86' lang='lat' dir='ltr'><strong>et</strong></span> <span class='ocrx_word' id='word_1_806' title='bbox 1574 5831 1845 5885; x_wconf 61' lang='lat' dir='ltr'><strong>caelestem</strong></span> <span class='ocrx_word' id='word_1_807' title='bbox 1910 5828 2225 5900; x_wconf 62' lang='lat' dir='ltr'><strong>probatissio</strong></span> 
     </span>
    </p>
   </div>
   <div class='ocr_carea' id='block_1_103' title="bbox 2327 4637 3880 4712">
    <p class='ocr_par' dir='ltr' id='par_1_103' title="bbox 2327 4637 3880 4712">
     <span class='ocr_line' id='line_1_103' title="bbox 2327 4637 3880 4712; baseline -0.003 -20"><span class='ocrx_word' id='word_1_808' title='bbox 2327 4641 2548 4709; x_wconf 78' lang='grc' dir='ltr'>πάσχων</span> <span class='ocrx_word' id='word_1_809' title='bbox 2590 4639 2996 4706; x_wconf 87' lang='grc' dir='ltr'>συνδιατίθεται,</span> <span class='ocrx_word' id='word_1_810' title='bbox 3037 4641 3131 4694; x_wconf 68' lang='grc' dir='ltr'>καὶ</span> <span class='ocrx_word' id='word_1_811' title='bbox 3158 4639 3272 4712; x_wconf 78' lang='grc' dir='ltr'>ᾄδει</span> <span class='ocrx_word' id='word_1_812' title='bbox 3295 4640 3371 4710; x_wconf 79' lang='grc' dir='ltr'><strong>τῷ</strong></span> <span class='ocrx_word' id='word_1_813' title='bbox 3400 4639 3590 4710; x_wconf 81' lang='grc' dir='ltr'>Κυρίῳ</span> <span class='ocrx_word' id='word_1_814' title='bbox 3621 4638 3696 4701; x_wconf 84' lang='grc' dir='ltr'>ὡς</span> <span class='ocrx_word' id='word_1_815' title='bbox 3720 4637 3880 4700; x_wconf 82' lang='grc' dir='ltr'>ἰδίους</span> 
     </span>
    </p>
   </div>
   <div class='ocr_carea' id='block_1_104' title="bbox 2327 4727 3878 4801">
    <p class='ocr_par' dir='ltr' id='par_1_104' title="bbox 2327 4727 3878 4801">
     <span class='ocr_line' id='line_1_104' title="bbox 2327 4727 3878 4801; baseline -0.003 -17"><span class='ocrx_word' id='word_1_816' title='bbox 2327 4733 2447 4794; x_wconf 78' lang='grc' dir='ltr'>τους</span> <span class='ocrx_word' id='word_1_817' title='bbox 2469 4731 2658 4801; x_wconf 85' lang='grc' dir='ltr'>λόγους</span> <span class='ocrx_word' id='word_1_818' title='bbox 2706 4730 2944 4794; x_wconf 86' lang='grc' dir='ltr'>τούτους.</span> <span class='ocrx_word' id='word_1_819' title='bbox 2985 4731 3094 4784; x_wconf 78' lang='grc' dir='ltr'><strong>Καὶ</strong></span> <span class='ocrx_word' id='word_1_820' title='bbox 3119 4731 3251 4794; x_wconf 79' lang='grc' dir='ltr'>ὅλως</span> <span class='ocrx_word' id='word_1_821' title='bbox 3288 4730 3455 4792; x_wconf 76' lang='grc' dir='ltr'>οὕτως</span> <span class='ocrx_word' id='word_1_822' title='bbox 3487 4730 3714 4791; x_wconf 77' lang='grc' dir='ltr'>ἕκαστος</span> <span class='ocrx_word' id='word_1_823' title='bbox 3741 4727 3878 4796; x_wconf 82' lang='grc' dir='ltr'>ψαλ-</span> 
     </span>
    </p>
   </div>
   <div class='ocr_carea' id='block_1_105' title="bbox 2332 4818 3879 4895">
    <p class='ocr_par' dir='ltr' id='par_1_105' title="bbox 2332 4818 3879 4895">
     <span class='ocr_line' id='line_1_105' title="bbox 2332 4818 3879 4895; baseline -0.004 -19"><span class='ocrx_word' id='word_1_824' title='bbox 2332 4823 2428 4894; x_wconf 77' lang='grc' dir='ltr'>μὺς</span> <span class='ocrx_word' id='word_1_825' title='bbox 2461 4823 2610 4895; x_wconf 76' lang='grc' dir='ltr'>παρὰ</span> <span class='ocrx_word' id='word_1_826' title='bbox 2645 4822 2736 4877; x_wconf 80' lang='grc' dir='ltr'>τοῦ</span> <span class='ocrx_word' id='word_1_827' title='bbox 2792 4823 3103 4894; x_wconf 87' lang='grc' dir='ltr'>Πνεύματος</span> <span class='ocrx_word' id='word_1_828' title='bbox 3162 4821 3372 4894; x_wconf 76' lang='grc' dir='ltr'>εἴρηταί</span> <span class='ocrx_word' id='word_1_829' title='bbox 3428 4838 3487 4874; x_wconf 86' lang='grc' dir='ltr'><strong>τε</strong></span> <span class='ocrx_word' id='word_1_830' title='bbox 3541 4820 3636 4874; x_wconf 76' lang='grc' dir='ltr'>καὶ</span> <span class='ocrx_word' id='word_1_831' title='bbox 3694 4818 3879 4872; x_wconf 83' lang='grc' dir='ltr'>συντέ-</span> 
     </span>
    </p>
   </div>
   <div class='ocr_carea' id='block_1_106' title="bbox 2329 4906 3883 4983">
    <p class='ocr_par' dir='ltr' id='par_1_106' title="bbox 2329 4906 3883 4983">
     <span class='ocr_line' id='line_1_106' title="bbox 2329 4906 3883 4983; baseline -0.005 -14"><span class='ocrx_word' id='word_1_832' title='bbox 2329 4933 2546 4978; x_wconf 87' lang='grc' dir='ltr'>τακται,</span> <span class='ocrx_word' id='word_1_833' title='bbox 2582 4915 2658 4980; x_wconf 83' lang='grc' dir='ltr'>ὡς</span> <span class='ocrx_word' id='word_1_834' title='bbox 2715 4916 2774 4972; x_wconf 78' lang='grc' dir='ltr'>ὲν</span> <span class='ocrx_word' id='word_1_835' title='bbox 2821 4916 3022 4978; x_wconf 78' lang='grc' dir='ltr'>αὐτοῖς,</span> <span class='ocrx_word' id='word_1_836' title='bbox 3057 4913 3199 4967; x_wconf 82' lang='grc' dir='ltr'>καθὰ</span> <span class='ocrx_word' id='word_1_837' title='bbox 3243 4912 3503 4982; x_wconf 86' lang='grc' dir='ltr'>πρότερον</span> <span class='ocrx_word' id='word_1_838' title='bbox 3534 4911 3769 4983; x_wconf 78' lang='grc' dir='ltr'>εἴρηται,</span> <span class='ocrx_word' id='word_1_839' title='bbox 3812 4906 3883 4961; x_wconf 82' lang='grc' dir='ltr'>τὰ</span> 
     </span>
    </p>
   </div>
   <div class='ocr_carea' id='block_1_107' title="bbox 2329 4997 3883 5075">
    <p class='ocr_par' dir='ltr' id='par_1_107' title="bbox 2329 4997 3883 5075">
     <span class='ocr_line' id='line_1_107' title="bbox 2329 4997 3883 5075; baseline -0.003 -20"><span class='ocrx_word' id='word_1_840' title='bbox 2329 5006 2604 5075; x_wconf 85' lang='grc' dir='ltr'>κινήματα</span> <span class='ocrx_word' id='word_1_841' title='bbox 2650 5004 2747 5074; x_wconf 79' lang='grc' dir='ltr'>τῆς</span> <span class='ocrx_word' id='word_1_842' title='bbox 2778 5003 2955 5074; x_wconf 76' lang='grc' dir='ltr'>ψυχῆς</span> <span class='ocrx_word' id='word_1_843' title='bbox 3002 5003 3153 5075; x_wconf 81' lang='grc' dir='ltr'>ἡμῶν</span> <span class='ocrx_word' id='word_1_844' title='bbox 3177 5000 3573 5064; x_wconf 84' lang='grc' dir='ltr'>κατανοεῖσθαι,</span> <span class='ocrx_word' id='word_1_845' title='bbox 3609 5000 3701 5052; x_wconf 74' lang='grc' dir='ltr'>καὶ</span> <span class='ocrx_word' id='word_1_846' title='bbox 3749 4997 3883 5052; x_wconf 81' lang='grc' dir='ltr'>πάν-</span> 
     </span>
    </p>
   </div>
   <div class='ocr_carea' id='block_1_108' title="bbox 2323 5088 3882 5168">
    <p class='ocr_par' dir='ltr' id='par_1_108' title="bbox 2323 5088 3882 5168">
     <span class='ocr_line' id='line_1_108' title="bbox 2323 5088 3882 5168; baseline -0.004 -19"><span class='ocrx_word' id='word_1_847' title='bbox 2323 5113 2420 5160; x_wconf 84' lang='grc' dir='ltr'><strong>τας</strong></span> <span class='ocrx_word' id='word_1_848' title='bbox 2453 5097 2649 5159; x_wconf 79' lang='grc' dir='ltr'>αὐτοὺς</span> <span class='ocrx_word' id='word_1_849' title='bbox 2675 5096 2750 5160; x_wconf 80' lang='grc' dir='ltr'>ὡς</span> <span class='ocrx_word' id='word_1_850' title='bbox 2771 5097 2900 5168; x_wconf 69' lang='grc' dir='ltr'>περὶ</span> <span class='ocrx_word' id='word_1_851' title='bbox 2929 5096 3082 5167; x_wconf 79' lang='grc' dir='ltr'>ἡμῶν</span> <span class='ocrx_word' id='word_1_852' title='bbox 3131 5095 3399 5168; x_wconf 78' lang='grc' dir='ltr'>εἰρῆσθαι,</span> <span class='ocrx_word' id='word_1_853' title='bbox 3432 5093 3526 5147; x_wconf 71' lang='grc' dir='ltr'><strong>καὶ</strong></span> <span class='ocrx_word' id='word_1_854' title='bbox 3547 5088 3685 5144; x_wconf 81' lang='grc' dir='ltr'>εἶναι</span> <span class='ocrx_word' id='word_1_855' title='bbox 3726 5089 3882 5159; x_wconf 80' lang='grc' dir='ltr'>ἡμῶν</span> 
     </span>
    </p>
   </div>
   <div class='ocr_carea' id='block_1_109' title="bbox 2323 5180 3884 5255">
    <p class='ocr_par' dir='ltr' id='par_1_109' title="bbox 2323 5180 3884 5255">
     <span class='ocr_line' id='line_1_109' title="bbox 2323 5180 3884 5255; baseline -0.008 -15"><span class='ocrx_word' id='word_1_856' title='bbox 2323 5189 2518 5250; x_wconf 69' lang='grc' dir='ltr'>αὐτοὺς</span> <span class='ocrx_word' id='word_1_857' title='bbox 2542 5187 2617 5250; x_wconf 81' lang='grc' dir='ltr'>ὡς</span> <span class='ocrx_word' id='word_1_858' title='bbox 2650 5186 2811 5249; x_wconf 71' lang='grc' dir='ltr'>ἰδίους</span> <span class='ocrx_word' id='word_1_859' title='bbox 2834 5188 3044 5254; x_wconf 81' lang='grc' dir='ltr'>λόγους,</span> <span class='ocrx_word' id='word_1_860' title='bbox 3077 5186 3154 5248; x_wconf 89' lang='grc' dir='ltr'>εἰς</span> <span class='ocrx_word' id='word_1_861' title='bbox 3181 5184 3482 5255; x_wconf 83' lang='grc' dir='ltr'>ἀνάμνησιν</span> <span class='ocrx_word' id='word_1_862' title='bbox 3536 5180 3644 5234; x_wconf 82' lang='grc' dir='ltr'><strong>τῶν</strong></span> <span class='ocrx_word' id='word_1_863' title='bbox 3672 5181 3729 5232; x_wconf 82' lang='grc' dir='ltr'><strong>ὲν</strong></span> <span class='ocrx_word' id='word_1_864' title='bbox 3753 5180 3884 5249; x_wconf 76' lang='grc' dir='ltr'>ἡμῖν</span> 
     </span>
    </p>
   </div>
   <div class='ocr_carea' id='block_1_110' title="bbox 2323 5270 3883 5349">
    <p class='ocr_par' dir='ltr' id='par_1_110' title="bbox 2323 5270 3883 5349">
     <span class='ocr_line' id='line_1_110' title="bbox 2323 5270 3883 5349; baseline -0.006 -18"><span class='ocrx_word' id='word_1_865' title='bbox 2323 5279 2635 5349; x_wconf 79' lang='grc' dir='ltr'>κινημάτων</span> <span class='ocrx_word' id='word_1_866' title='bbox 2695 5279 2786 5330; x_wconf 79' lang='grc' dir='ltr'>καὶ</span> <span class='ocrx_word' id='word_1_867' title='bbox 2834 5277 3116 5347; x_wconf 80' lang='grc' dir='ltr'>διόρθωσιν</span> <span class='ocrx_word' id='word_1_868' title='bbox 3156 5276 3255 5346; x_wconf 82' lang='grc' dir='ltr'><strong>τῆς</strong></span> <span class='ocrx_word' id='word_1_869' title='bbox 3283 5275 3441 5346; x_wconf 71' lang='grc' dir='ltr'>ἡμῶν</span> <span class='ocrx_word' id='word_1_870' title='bbox 3489 5271 3782 5334; x_wconf 83' lang='grc' dir='ltr'>πολιτείας.</span> <span class='ocrx_word' id='word_1_871' title='bbox 3818 5270 3883 5321; x_wconf 79' lang='grc' dir='ltr'><strong>’Δ</strong></span> 
     </span>
    </p>
   </div>
   <div class='ocr_carea' id='block_1_111' title="bbox 2323 5362 3881 5443">
    <p class='ocr_par' dir='ltr' id='par_1_111' title="bbox 2323 5362 3881 5443">
     <span class='ocr_line' id='line_1_111' title="bbox 2323 5362 3881 5443; baseline -0.008 -18"><span class='ocrx_word' id='word_1_872' title='bbox 2323 5372 2429 5443; x_wconf 79' lang='grc' dir='ltr'>γὰρ</span> <span class='ocrx_word' id='word_1_873' title='bbox 2460 5374 2509 5424; x_wconf 86' lang='grc' dir='ltr'><strong>οἱ</strong></span> <span class='ocrx_word' id='word_1_874' title='bbox 2533 5371 2820 5440; x_wconf 85' lang='grc' dir='ltr'>ψάλλοντες</span> <span class='ocrx_word' id='word_1_875' title='bbox 2875 5373 3145 5440; x_wconf 78' lang='grc' dir='ltr'>εἰρήκασι,</span> <span class='ocrx_word' id='word_1_876' title='bbox 3180 5369 3350 5423; x_wconf 78' lang='grc' dir='ltr'>ταῦτα</span> <span class='ocrx_word' id='word_1_877' title='bbox 3387 5366 3480 5420; x_wconf 72' lang='grc' dir='ltr'>καὶ</span> <span class='ocrx_word' id='word_1_878' title='bbox 3519 5363 3674 5436; x_wconf 76' lang='grc' dir='ltr'>ἡμῶν</span> <span class='ocrx_word' id='word_1_879' title='bbox 3694 5362 3881 5415; x_wconf 85' lang='grc' dir='ltr'>δύναν-</span> 
     </span>
    </p>
   </div>
   <div class='ocr_carea' id='block_1_112' title="bbox 2326 5459 3256 5534">
    <p class='ocr_par' dir='ltr' id='par_1_112' title="bbox 2326 5459 3256 5534">
     <span class='ocr_line' id='line_1_112' title="bbox 2326 5459 3256 5534; baseline 0 -19"><span class='ocrx_word' id='word_1_880' title='bbox 2326 5481 2413 5515; x_wconf 87' lang='grc' dir='ltr'><strong>ται</strong></span> <span class='ocrx_word' id='word_1_881' title='bbox 2442 5463 2599 5515; x_wconf 84' lang='grc' dir='ltr'>τύποι</span> <span class='ocrx_word' id='word_1_882' title='bbox 2625 5461 2717 5515; x_wconf 76' lang='grc' dir='ltr'>καὶ</span> <span class='ocrx_word' id='word_1_883' title='bbox 2741 5463 3081 5534; x_wconf 81' lang='grc' dir='ltr'>χαρακτῆρες</span> <span class='ocrx_word' id='word_1_884' title='bbox 3103 5459 3256 5515; x_wconf 79' lang='grc' dir='ltr'>εἶναι.</span> 
     </span>
    </p>
   </div>
   <div class='ocr_carea' id='block_1_113' title="bbox 2405 5539 3880 5624">
    <p class='ocr_par' dir='ltr' id='par_1_113' title="bbox 2405 5539 3880 5624">
     <span class='ocr_line' id='line_1_113' title="bbox 2405 5539 3880 5624; baseline 0 -20"><span class='ocrx_word' id='word_1_885' title='bbox 2405 5561 2492 5622; x_wconf 78' lang='grc' dir='ltr'>ιγ’.</span> <span class='ocrx_word' id='word_1_886' title='bbox 2522 5553 2667 5624; x_wconf 69' lang='grc' dir='ltr'><strong>Αὕτη</strong></span> <span class='ocrx_word' id='word_1_887' title='bbox 2697 5554 2754 5607; x_wconf 79' lang='grc' dir='ltr'>δὲ</span> <span class='ocrx_word' id='word_1_888' title='bbox 2806 5554 2963 5612; x_wconf 83' lang='grc' dir='ltr'>πάλιν</span> <span class='ocrx_word' id='word_1_889' title='bbox 3011 5552 3104 5606; x_wconf 80' lang='grc' dir='ltr'>τοῦ</span> <span class='ocrx_word' id='word_1_890' title='bbox 3145 5549 3393 5622; x_wconf 77' lang='grc' dir='ltr'><strong>Σωτῆρός</strong></span> <span class='ocrx_word' id='word_1_891' title='bbox 3446 5549 3597 5602; x_wconf 80' lang='grc' dir='ltr'>ἐστιν</span> <span class='ocrx_word' id='word_1_892' title='bbox 3640 5539 3880 5614; x_wconf 74' lang='grc' dir='ltr'>ἠχάριςο</span> 
     </span>
    </p>
   </div>
   <div class='ocr_carea' id='block_1_114' title="bbox 2335 5631 3885 5717">
    <p class='ocr_par' dir='ltr' id='par_1_114' title="bbox 2335 5631 3885 5717">
     <span class='ocr_line' id='line_1_114' title="bbox 2335 5631 3885 5717; baseline -0.011 -16"><span class='ocrx_word' id='word_1_893' title='bbox 2335 5645 2428 5699; x_wconf 83' lang='grc' dir='ltr'><strong>ὅ.νο</strong></span> <span class='ocrx_word' id='word_1_894' title='bbox 2441 5663 2618 5716; x_wconf 84' lang='grc' dir='ltr'>ρωπος</span> <span class='ocrx_word' id='word_1_895' title='bbox 2650 5645 2756 5717; x_wconf 76' lang='grc' dir='ltr'><strong>γάρ</strong></span> <span class='ocrx_word' id='word_1_896' title='bbox 2792 5646 2859 5699; x_wconf 79' lang='grc' dir='ltr'><strong>δι’</strong></span> <span class='ocrx_word' id='word_1_897' title='bbox 2890 5647 3033 5715; x_wconf 72' lang='grc' dir='ltr'>ἡμᾶς</span> <span class='ocrx_word' id='word_1_898' title='bbox 3084 5643 3390 5712; x_wconf 76' lang='grc' dir='ltr'>γενόμενος,</span> <span class='ocrx_word' id='word_1_899' title='bbox 3429 5631 3510 5693; x_wconf 66' lang='grc' dir='ltr'><strong>’ξδ’</strong></span> <span class='ocrx_word' id='word_1_900' title='bbox 3523 5636 3622 5707; x_wconf 82' lang='grc' dir='ltr'><strong>μὲν</strong></span> <span class='ocrx_word' id='word_1_901' title='bbox 3646 5631 3802 5702; x_wconf 82' lang='grc' dir='ltr'>σῶμα</span> <span class='ocrx_word' id='word_1_902' title='bbox 3827 5632 3885 5685; x_wconf 82' lang='grc' dir='ltr'>τὸ</span> 
     </span>
    </p>
   </div>
   <div class='ocr_carea' id='block_1_115' title="bbox 2337 5722 3885 5808">
    <p class='ocr_par' dir='ltr' id='par_1_115' title="bbox 2337 5722 3885 5808">
     <span class='ocr_line' id='line_1_115' title="bbox 2337 5722 3885 5808; baseline -0.012 -18"><span class='ocrx_word' id='word_1_903' title='bbox 2337 5737 2463 5790; x_wconf 69' lang='grc' dir='ltr'>ἴδιον</span> <span class='ocrx_word' id='word_1_904' title='bbox 2495 5738 2632 5807; x_wconf 78' lang='grc' dir='ltr'>ὑπὲρ</span> <span class='ocrx_word' id='word_1_905' title='bbox 2663 5737 2816 5807; x_wconf 79' lang='grc' dir='ltr'>ἡμῶν</span> <span class='ocrx_word' id='word_1_906' title='bbox 2842 5738 3208 5808; x_wconf 70' lang='grc' dir='ltr'>προσήνεγκεν</span> <span class='ocrx_word' id='word_1_907' title='bbox 3259 5736 3336 5798; x_wconf 76' lang='grc' dir='ltr'><strong>εἰς</strong></span> <span class='ocrx_word' id='word_1_908' title='bbox 3367 5732 3609 5788; x_wconf 83' lang='grc' dir='ltr'>Θάνατον,</span> <span class='ocrx_word' id='word_1_909' title='bbox 3640 5723 3728 5776; x_wconf 78' lang='grc' dir='ltr'><strong>ἵνα</strong></span> <span class='ocrx_word' id='word_1_910' title='bbox 3755 5722 3885 5775; x_wconf 86' lang='grc' dir='ltr'>πάν-</span> 
     </span>
    </p>
   </div>
   <div class='ocr_carea' id='block_1_116' title="bbox 2333 5814 3884 5899">
    <p class='ocr_par' dir='ltr' id='par_1_116' title="bbox 2333 5814 3884 5899">
     <span class='ocr_line' id='line_1_116' title="bbox 2333 5814 3884 5899; baseline -0.01 -13"><span class='ocrx_word' id='word_1_911' title='bbox 2333 5847 2430 5893; x_wconf 72' lang='grc' dir='ltr'><strong>τας</strong></span> <span class='ocrx_word' id='word_1_912' title='bbox 2485 5817 2764 5899; x_wconf 74' lang='grc' dir='ltr'>ἀπαλλάξῃ</span> <span class='ocrx_word' id='word_1_913' title='bbox 2816 5830 2902 5883; x_wconf 80' lang='grc' dir='ltr'><strong>τοῦ</strong></span> <span class='ocrx_word' id='word_1_914' title='bbox 2939 5829 3186 5885; x_wconf 79' lang='grc' dir='ltr'>θανάτου·</span> <span class='ocrx_word' id='word_1_915' title='bbox 3239 5827 3334 5899; x_wconf 76' lang='grc' dir='ltr'>τὴν</span> <span class='ocrx_word' id='word_1_916' title='bbox 3380 5823 3436 5875; x_wconf 76' lang='grc' dir='ltr'>δὲ</span> <span class='ocrx_word' id='word_1_917' title='bbox 3503 5815 3747 5890; x_wconf 73' lang='grc' dir='ltr'>οὐράνιον</span> <span class='ocrx_word' id='word_1_918' title='bbox 3795 5814 3884 5870; x_wconf 77' lang='grc' dir='ltr'>καὶ</span> 
     </span>
    </p>
   </div>
  </div>
