4122 6506
187 441 252 505 ἳδ
1308 452 1646 513 EPISTULA
1683 457 1774 512 AD
1816 457 2342 517 ιιΑιιιῖειιιΝυιι.
3357 467 3430 524 26

187 572 462 649 εὐάρεστον
491 571 692 627 ἑαυτοῦ
743 573 1017 629 πολιτείαν
1048 574 1218 644 δεῖξαι
1271 576 1442 632 θέλων
1483 579 1637 651 ἡμῖν,
1689 594 1750 634 εν

1858 597 2108 655 mamque
2160 600 2318 640 suam
2375 584 2594 642 vivendi
2654 585 2924 641 rationem
2987 585 3149 644 nobis
3172 585 3432 647 exhibere

189 662 349 735 ἑαυτῳ
376 663 582 735 ταύτην
631 665 929 732 ἑτύπωσεν,
969 667 1111 741 ὑπὲρ
1131 668 1225 723 τοῦ
1262 670 1462 742 μηκέτι
1494 671 1649 737 τινὰς
1672 673 1758 727 εὐ-

189 753 348 826 χερῶς
369 754 689 813 ἀπατᾶσθαι
722 757 873 829 παρὰ
909 755 1002 812 τοῦ
1052 758 1271 832 ἐχθροῦ,
1319 761 1544 835 ἔχοντας
1571 764 1756 835 ἐνέχυ-

191 861 272 916 ρον
290 843 423 917 πρὸς
449 847 776 916 ἀσφάλειαν,
809 849 907 922 τὴν
937 853 1065 924 παρ’
1091 851 1258 906 αὑτοῦ
1296 853 1593 927 γενομένην
1613 856 1756 927 ὑπὲρ

189 935 330 1006 ἡμῶν
354 937 494 992 κατὰ
525 937 624 992 τοῦ
666 939 914 995 διαϐόλου
943 942 1122 1015 νίκην.
1171 943 1274 998 Διὰ
1331 945 1490 1000 τοῦτο
1511 947 1643 1016 γοῦν
1691 948 1753 1002 οὐ

191 1028 336 1096 μόνον
362 1028 627 1097 ιδξδαξεν,
661 1031 800 1086 ἀλλά
828 1033 924 1087 καὶ
972 1033 1272 1106 πεποίηκεν
1301 1036 1338 1092 ἃ
1375 1036 1631 1104 ἐδίδαξεν,
1667 1039 1754 1094 ἵνα

187 1113 400 1181 ἕκαστος
429 1117 609 1192 ἀκούῃ
639 1120 740 1191 μὲν
765 1120 929 1176 αὑτοῦ
979 1121 1287 1190 λαλοῦντος,
1338 1127 1414 1192 ὡς
1469 1128 1529 1182 tv
1584 1129 1754 1185 είκόνι

186 1209 237 1262 δὲ
268 1208 476 1281 βλέπων
522 1209 780 1286 λαμϐάνῃ
801 1213 930 1286 παρ’
965 1215 1132 1270 αὐτοῦ
1163 1215 1226 1271 τὸ
1283 1218 1633 1293 παράδειγμα
1659 1221 1753 1277 τοῦ

187 1302 364 1363 ποιεῖν,
387 1299 628 1356 ἁκούων·
651 1302 882 1360 Μάθετε
940 1305 1044 1362 ἀπ’
1068 1307 1239 1378 ἐμοῦ,
1288 1307 1380 1364 ὅτι
1421 1313 1616 1381 πραῢς
1637 1316 1754 1385 ειμι

188 1394 274 1447 καὶ
303 1395 584 1464 ταπεινὸς
611 1395 689 1467 τῇ
737 1397 970 1467 καρδίᾳ.
1019 1397 1372 1475 Τελειοτέραν
1409 1403 1467 1458 δὲ
1522 1405 1618 1460 καὶ
1673 1406 1757 1470 είς

187 1486 372 1559 ἀρετὴν
411 1487 770 1545 διδασκαλίαν
797 1491 898 1546 οὐκ
943 1491 1010 1546 ἄν
1068 1508 1152 1558 τις
1185 1491 1360 1567 εὖροι,
1385 1490 1456 1570 ἧς
1482 1497 1512 1551 ὁ
1549 1495 1754 1570 Κύριος

187 1575 449 1634 ὲτῦπωσεν
478 1581 539 1634 tv
558 1580 763 1652 ἑαυτῷ.
797 1581 920 1636 Εἴτε
944 1581 1054 1656 γὰρ
1082 1582 1454 1652 ἀνεξικακίαν,
1493 1587 1604 1641 εἴτε
1633 1586 1753 1657 φιλο

187 1669 505 1742 ανθρωπίαν,
579 1673 696 1730 εἴτε
750 1675 1084 1744 ἁγαθότητα,
1149 1678 1263 1733 εἴτε
1337 1678 1578 1752 ἀνδρίαν,
1642 1681 1751 1734 εἴτε

186 1762 562 1848 ἑλεημοσύνλν,
603 1767 717 1822 εἴτε
763 1767 1133 1842 δικαιοσύνην,
1169 1771 1344 1827 πάντα
1375 1772 1434 1826 tv
1475 1771 1624 1844 αὒτῷ
1665 1790 1751 1840 τις

185 1857 389 1930 εὑρήσει
427 1861 724 1932 γενόμενα,
747 1859 888 1916 ὥστε
917 1862 1086 1935 μηδὲν
1109 1865 1191 1929 είς
1209 1864 1410 1938 ἀρετὴν
1449 1864 1653 1921 λείπειν
1670 1866 1751 1939 τῷ

186 1951 524 2006 κατανοοῦντι
551 1953 651 2006 τὸν
679 1953 1021 2024 ἀνθρώπινον
1057 1955 1170 2026 βίον
1202 1935 1410 2015 τοῦτον.
1441 1957 1614 2014 Τοῦτο
1637 1935 1749 2032 γὰρ
1779 1935 1822 1994 Β

186 2043 211 2093 6
228 2040 424 2107 Παῦλος
451 2041 615 2109 εἰδὼς
653 2043 844 2116 ἔλεγεογ
869 2048 1128 2116 Mummi
1139 2065 1259 2118 μου
1295 2049 1554 2118 γίνεσθε,
1610 2055 1752 2108 καθ-

190 2132 262 2200 ὼς
317 2133 478 2206 κάγὼ
503 2137 791 2206 Χριστοῦ.
811 2138 875 2192 οι
909 2139 1010 2210 μὲν
1042 2141 1176 2213 παρ’
1210 2139 1436 2215 Ἕλλησι
1461 2142 1749 2214 νομοθέται

186 2224 300 2299 ἄχρι
328 2226 422 2282 τοῦ
450 2228 641 2299 λέγειν
683 2229 866 2300 ἔχουσι
891 2229 991 2304 τὴν
1027 2231 1210 2304 χάριν·
1245 2233 1275 2286 ὁ
1296 2232 1354 2288 δὲ
1391 2233 1614 2306 Κύριος,
1673 2233 1752 2299 ὡς

185 2315 384 2390 ἀληθῶς
409 2318 626 2393 Κύριος
669 2319 748 2374 ὢν
791 2319 884 2374 τοῦ
935 2322 1157 2388 παντὸς,
1186 2323 1281 2378 καὶ
1331 2324 1629 2397 κηδόμενος
1675 2319 1752 2384 ὧν

184 2411 481 2482 εἰργάσατο,
509 2413 580 2467 οὐ
613 2415 773 2486 μόνον
799 2414 1094 2484 νομοθετεῖ,
1126 2414 1263 2471 ἀλλὰ
1291 2416 1388 2472 καὶ
1426 2417 1595 2473 τύπον
1627 2420 1752 2474 ἑαυ-

184 2501 264 2556 τὸν
294 2503 550 2569 δέδωκεν,
577 2507 657 2569 είς
676 2504 738 2558 τὸ
758 2505 957 2560 εἰδέναι
975 2507 1105 2572 τοὺς
1131 2506 1490 2580 βουλομένους
1531 2509 1632 2583 τὴν
1657 2511 1752 2567 τοῦ

187 2599 345 2649 ποιεῖν
367 2595 626 2668 δύναμιν.
650 2596 750 2651 Διὰ
779 2595 937 2652 τοῦτο
958 2597 1092 2668 γοῦν
1123 2601 1218 2654 καὶ
1241 2601 1349 2673 πρὸ
1369 2602 1468 2675 τῆς
1497 2603 1579 2668 εἰς
1608 2603 1755 2676 ἡμᾶς

186 2685 335 2742 αὐτοῦ
388 2686 694 2759 ὲταδημίας
743 2687 978 2761 ἑνήχησε
1040 2690 1138 2745 καὶ
1202 2692 1262 2746 tv
1319 2693 1436 2757 τοῖς
1493 2692 1754 2762 ψάλλουσι

184 2777 346 2845 τοῦτο,
374 2780 440 2834 ἵν’
467 2780 666 2853 ὥσπερ
701 2782 760 2836 tv
808 2781 958 2854 αὐτῷ
981 2783 1074 2838 τὸν
1100 2782 1337 2853 ἐπίγειον
1368 2784 1464 2838 καὶ
1503 2784 1753 2855 οὐράνιον

186 2871 451 2944 ἄνθρωπον
475 2872 672 2928 τυπῶν
697 2873 917 2940 ἔδειξεν,
944 2873 1088 2930 οὕτω
1130 2875 1224 2929 καὶ
1252 2877 1318 2930 ἐκ
1367 2875 1477 2930 τῶν
1505 2876 1754 2949 1ῐάλιμῖιν

185 2966 244 3020 τὰ
283 2969 564 3038 κινήματα
613 2967 707 3021 καὶ
730 2966 827 3031 τὰς
854 2966 1120 3031 διαθέσεις
1143 2967 1254 3022 τῶν
1278 2967 1465 3040 ψυχῶν
1511 2970 1542 3023 ὁ
1570 2968 1755 3041 βουλό-

187 3075 333 3128 μενος
377 3059 726 3130 καταμαθεῖν
796 3057 1054 3132 δύνηται,
1119 3059 1390 3133 εὑρίσκων
1460 3062 1518 3114 tv
1569 3061 1756 3125 αὐτοῖς

185 3153 267 3206 καὶ
338 3153 436 3225 τὴν
499 3150 738 3206 ἑκάστου
812 3153 1112 3224 κινήματος
1175 3151 1475 3223 θεραπείαν
1541 3169 1602 3206 τε
1657 3149 1754 3206 καὶ

184 3242 473 3315 διόρθωσιν.

249 3335 324 3389 ιδ’.
351 3335 414 3389 Ei
453 3333 573 3405 γάρ
603 3333 684 3387 δεῖ
717 3332 809 3386 καὶ
847 3329 1212 3403 πιθανώτερον
1243 3333 1438 3397 εἰπεῖν,
1481 3333 1633 3389 πᾶσα
1660 3331 1758 3406 μὲν

185 3427 353 3498 ήθεία
383 3426 586 3500 Γραφὴ
618 3423 936 3490 διδάσκαλός
971 3425 1118 3480 ἐστιν
1168 3424 1370 3498 ἀρετῆς
1399 3426 1496 3482 καὶ
1525 3425 1761 3491 πίστεως

183 3515 422 3589 ἀληθοῦς·
455 3516 495 3588 ἡ
556 3515 615 3569 δέ
641 3532 706 3585 γε
738 3513 920 3588 βίθλος
946 3513 1054 3570 τῶν
1082 3513 1329 3588 Ψαλμῶν
1380 3514 1492 3588 ἔχει
1524 3515 1622 3571 καὶ
1661 3514 1763 3588 τὴν

184 3607 354 3663 εἰκόνα
384 3624 517 3673 πως
542 3609 642 3680 τῆς
695 3607 971 3680 διαγωγῆς
1009 3606 1120 3664 τῶν
1149 3606 1360 3680 ψυχῶν.
1427 3607 1517 3674 '0;
1565 3607 1677 3681 γὰρ
1734 3611 1764 3664 ὁ

183 3700 561 3774 εἰσερχόμενος
585 3699 722 3771 πρὸς
764 3697 988 3768 βασιλέα
1028 3699 1292 3754 τυποῦται
1351 3699 1446 3754 καὶ
1493 3698 1571 3770 τῷ
1631 3700 1763 3772 σχή-

188 3809 305 3862 ματι
330 3795 427 3847 καὶ
463 3795 575 3857 τοῖς
606 3793 870 3865 ῥήμασιν,
903 3791 990 3845 ἵνα
1036 3791 1133 3864 μὴ,
1176 3792 1325 3865 παρὰ
1350 3791 1521 3846 ταῦτα
1565 3791 1759 3862 λέγων,

182 3885 251 3948 ὡς
298 3884 634 3948 ἀπαίδευτος
687 3877 949 3954 ὲκ6ληοᾗ’
991 3881 1165 3948 οὕτως
1213 3885 1248 3956 ἡ
1292 3882 1414 3939 θεία
1444 3883 1625 3956 βίϐλος
1669 3882 1762 3937 τὸν

182 3977 262 4028 ἐπ’
285 3977 462 4049 ἀρετῇ
494 3973 760 4046 τρέχοντα
784 3973 877 4028 καὶ
912 3971 1236 4046 βουλόμενον
1289 3974 1622 4045 κατανοῆσαι
1662 3972 1763 4045 τὴν

180 4069 269 4123 τοῦ
312 4069 573 4139 Σωτῆρος
619 4067 678 4121 tv
751 4065 964 4139 σώματι
1029 4065 1308 4121 πολιτείαν
1359 4065 1763 4138 ὑπομιμνήσκει

183 4163 388 4235 πρῶτον
420 4160 516 4215 διὰ
539 4160 640 4232 τῆς
683 4159 1045 4229 ἀναγνώσεως
1096 4159 1166 4213 τὰ
1197 4159 1482 4231 κινήματα
1510 4159 1612 4230 τῆς
1655 4158 1762 4229 ψυ-

183 4253 297 4324 χῆς,
330 4254 434 4308 καὶ
465 4251 609 4306 οὓτω
631 4251 816 4306 λοιπὸν
835 4253 998 4304 τυποῖ
1019 4250 1112 4304 καὶ
1162 4247 1403 4305 διδάσκει
1435 4250 1562 4314 τοὺς
1585 4250 1765 4320 ἐντυγ.

181 4346 447 4415 χάνοντας
489 4346 603 4410 τοῖς
660 4343 921 4408 τοιούτοις
975 4341 1176 4412 λόγοις.
1220 4341 1341 4396 Εἰσὶ
1390 4342 1492 4414 μὲν
1530 4338 1644 4407 οὖν,
1678 4343 1762 4396 ἵνα

182 4436 334 4490 τοῦτο
364 4433 592 4507 πρῶτόν
619 4450 703 4498 τις
722 4434 820 4506 τῆς
859 4431 1039 4504 βίϐλου
1065 4433 1544 4505 παρατηρήσηται,
1579 4435 1630 4488 οί
1664 4432 1762 4506 μὲν

182 4529 237 4581 tv
270 4527 579 4601 διηγήματι
630 4524 947 4596 λεγόμενοι,
1001 4525 1052 4578 0i
1101 4523 1160 4577 δὲ
1212 4525 1270 4579 tv
1314 4523 1654 4595 παραινέσει,
1710 4525 1759 4578 οἱ

1783 3293 1831 3356 C

1856 672 2080 739 volens,
2137 674 2192 730 in
2254 676 2550 746 semetipso
2617 676 2768 732 illam
2822 677 3129 748 capressit,
3185 693 3254 734 ne
3303 679 3432 751 quis

1854 773 2047 836 postea
2071 764 2142 820 ab
2176 765 2402 823 inimico
2435 766 2594 824 facile
2645 767 3023 840 deciperetur,
3063 785 3188 825 eum
3225 769 3295 827 ad
3342 787 3429 826 se-

1855 858 2146 913 curitatem
2182 857 2380 930 pignus
2405 857 2624 925 habeat,
2675 874 2870 932 nempe
2923 860 3209 917 victoriam
3261 876 3426 933 quam

1855 947 1972 1017 ipse
2008 948 2076 1004 de
2122 949 2340 1006 diabolo
2373 965 2474 1021 pro
2527 951 2689 1009 nobis
2719 953 3040 1024 reportavit.
3086 952 3432 1026 Quapropter

1854 1057 1963 1096 non
2004 1041 2181 1097 solum
2237 1043 2445 1111 docuit,
2496 1044 2591 1101 sed
2645 1053 2701 1100 et
2748 1044 2877 1102 fecit
2936 1062 3060 1119 qua:
3110 1046 3322 1113 docuit,
3369 1054 3433 1102 ut

1856 1135 2236 1207 unusquisque
2288 1138 2476 1193 audiat
2505 1137 2724 1210 quidem
2757 1139 2936 1210 ipsum
2982 1140 3320 1211 loquentem,
3348 1139 3430 1196 si-

1854 1229 2078 1298 mulque
2099 1233 2113 1265 ὀ
2139 1228 2194 1283 in
2245 1228 2399 1284 illum
2447 1229 2604 1301 quasi
2657 1230 2711 1286 in
2759 1231 3051 1304 imaginem
3102 1231 3430 1303 respiciens,

1853 1318 2164 1389 exemplum
2205 1321 2397 1393 agendi
2457 1321 2528 1377 ab
2576 1322 2695 1394 ipso
2751 1324 3007 1394 accipiat,
3040 1324 3170 1380 dum
3224 1323 3428 1382 audit:

1855 1405 2058 1466 Discite
2085 1427 2118 1465 α
2142 1426 2240 1476 me,
2260 1412 2388 1483 quia
2407 1413 2555 1468 mitis
2579 1429 2696 1469 sunt
2723 1425 2772 1469 et
2796 1415 3012 1471 Immitis
3030 1415 3186 1470 corde
3215 1414 3282 1472 ".
3301 1413 3430 1472 Per-

1854 1497 2134 1558 fectiorem
2161 1519 2328 1574 porro
2380 1505 2599 1563 virtutis
2629 1505 2935 1562 doctrinam
2975 1522 3137 1564 nemo
3161 1505 3432 1564 invenerit

1851 1607 1916 1650 ea
1943 1609 2108 1665 quam
2137 1594 2400 1654 Dominus
2431 1599 2701 1668 expressit
2725 1599 2778 1655 in
2807 1601 3120 1672 semetipso.
3150 1598 3288 1657 Nam
3314 1601 3430 1658 sive

1855 1683 2183 1754 injuriarum
2244 1687 2616 1755 tolerantiam,
2682 1690 2802 1748 sive
2856 1691 3272 1760 humanitatem,
3315 1694 3439 1753 sive.

1853 1775 2224 1847 clementiam,
2249 1779 2366 1837 sive
2387 1779 2784 1847 fortitudinem,
2815 1782 2933 1839 sive
2971 1783 3426 1850 misericordiam,

1856 1865 1972 1922 sive
1995 1866 2266 1939 justitiam
2295 1878 2539 1941 spectes,
2570 1870 2826 1927 omniain
2871 1872 2992 1943 ipso
3021 1882 3240 1942 peracta
3276 1887 3430 1944 repe-

1856 1955 1988 2021 ries,
2019 1957 2157 2014 adeo
2183 1969 2243 2016 ut
2264 1959 2399 2015 nihil
2423 1960 2474 2016 ei
2495 1959 2563 2016 ad
2613 1963 2872 2018 virtutem
2907 1961 3071 2030 desit,
3105 1963 3200 2034 qui
3235 1963 3432 2020 huma-

1855 2064 1983 2104 nam
2037 2048 2254 2106 Domini
2276 2051 2444 2107 vitam
2472 2053 2875 2125 contemplatus
2896 2052 3081 2112 fuerit.
3113 2053 3269 2123 Quod
3301 2069 3428 2112 cum

1859 2151 2048 2197 nosset
2081 2141 2290 2198 Paulus
2335 2142 2410 2198 ait
2440 2161 2454 2198 :
2483 2141 2793 2201 Imitatom
2831 2146 2935 2201 mei
2968 2156 3153 2210 estote,
3197 2147 3334 2202 sicut
3378 2154 3430 2201 et

1854 2249 1950 2305 ego
1981 2230 2184 2289 Christi
2213 2235 2280 2290 “.
2303 2233 2621 2292 Graecorum
2647 2236 2918 2308 siquidem
2953 2238 3294 2309 legislatures
3311 2225 3432 2295 ver-

1857 2325 2054 2384 borum
2081 2327 2426 2385 solumtenus
2456 2329 2685 2401 gratiam
2737 2330 2973 2400 habent;
3027 2328 3291 2386 Dominus
3326 2345 3430 2386 au-

1855 2423 1989 2482 tem,
2030 2424 2093 2472 ut
2118 2431 2308 2472 revera
2364 2417 2612 2472 omnium
2655 2417 2946 2485 Dominus,
2983 2418 3076 2491 qui
3112 2433 3212 2475 sua
3273 2426 3434 2475 curat

1857 2523 2045 2579 Opera,
2080 2523 2192 2564 non
2227 2508 2400 2588 modo,
2426 2508 2575 2582 leges
2623 2509 2894 2577 condidit,
2920 2511 3017 2567 sed
3072 2509 3431 2582 semetipsum

1857 2594 2136 2666 exemplar
2169 2596 2415 2663 tradidit,
2441 2605 2505 2652 ut
2553 2597 2650 2669 qui
2688 2598 2984 2664 voluerint,
3027 2599 3224 2672 agendi
3265 2599 3447 2656 ratio--

1859 2700 1981 2741 nem
2007 2695 2194 2742 notam
2227 2687 2486 2745 habeant.
2525 2687 2873 2761 Quapropter
2915 2698 3042 2746 ante
3061 2689 3208 2745 illius
3235 2687 3290 2744 in
3330 2704 3434 2748 nos

1857 2779 2174 2847 adventum,
2221 2780 2462 2852 idipsum
2498 2783 2553 2838 in
2589 2781 2824 2839 Psalmis
2851 2783 3116 2852 insonuit,
3161 2791 3221 2838 ut
3241 2797 3435 2855 quem-

1859 2871 2152 2928 admodum
2185 2871 2240 2928 in
2275 2873 2571 2944 semetipso
2621 2883 2900 2931 terrenum
2940 2883 2995 2930 et
3022 2875 3298 2932 caelestem
3327 2874 3432 2930 ho-

1859 2965 2063 3021 minem
2102 2965 2372 3032 exhibuit,
2407 2967 2489 3023 sic
2511 2982 2578 3024 ex
2614 2966 2847 3024 Psalmis
2876 2975 3061 3023 motus
3091 2966 3435 3022 aﬂ‘ectiones-

1859 3073 1968 3129 que
1994 3060 2308 3116 animorum
2337 3060 2431 3128 qui
2458 3061 2695 3117 voluerit
2722 3061 3030 3132 perdiscere
3057 3059 3274 3126 valeat,
3306 3072 3433 3115 cum

1862 3149 1916 3204 in
1941 3149 2074 3220 ipsis
2104 3150 2376 3222 cujusque
2398 3161 2583 3209 motus
2604 3153 2949 3208 curationem
2975 3152 3438 3209 emendationem.

1860 3253 1968 3310 que
1999 3239 2259 3295 inveniat.

1930 3333 2019 3390 14.
2069 3334 2278 3403 Quodsi
2329 3333 2536 3406 aliquid
2596 3333 2666 3391 ad
2737 3334 3175 3407 persuadendum
3251 3333 3439 3406 aptius

1860 3422 2010 3496 loqui
2040 3427 2368 3497 oportuerit,
2430 3426 2614 3502 omnis
2659 3425 2881 3498 quidem
2945 3425 3231 3496 Scriptura
3278 3438 3437 3481 sacra

1860 3517 2080 3574 virtutis
2133 3525 2219 3573 est
2267 3531 2520 3588 veraque
2570 3515 2696 3572 fidei
2744 3517 3038 3588 magistra;
3071 3516 3210 3572 liber
3253 3523 3437 3572 autem

1862 3609 2208 3666 Psalmorum
2233 3607 2453 3680 praefert
2482 3607 2781 3680 quamdam
2813 3605 3108 3680 imaginem
3137 3607 3440 3664 institutio-

1863 3702 1952 3758 nis
1987 3701 2112 3758 vita:
2137 3701 2446 3758 animarum
2503 3699 2981 3768 Quemadmodum
3007 3699 3178 3763 enim,
3225 3698 3318 3770 qni
3348 3714 3438 3754 rc-

1862 3806 1983 3863 gem
2011 3791 2144 3858 adit,
2170 3791 2418 3847 habitum
2446 3791 2723 3862 verbaque
2755 3806 2855 3846 sua
2882 3789 3164 3861 componit
3191 3795 3247 3844 et
3275 3789 3440 3845 ador-

1860 3892 1978 3949 nat,
2014 3898 2086 3938 ne
2118 3883 2306 3938 statim
2361 3891 2527 3952 atque
2579 3880 2842 3952 loquendi
2896 3879 3112 3935 initium
3157 3879 3344 3946 faciet,
3378 3887 3441 3935 ut

1863 3975 2017 4033 rudis
2053 3983 2110 4032 et
2159 3973 2446 4045 imperitus
2474 3973 2766 4044 ejiciatur:
2804 3972 2879 4028 ita
2929 3971 3150 4028 divinus
3176 3969 3268 4029 hic
3297 3970 3439 4028 liber

1861 4083 1986 4125 eum
2015 4067 2106 4138 qui
2140 4067 2208 4123 ad
2231 4065 2485 4122 virtutem
2514 4073 2770 4136 properat
2799 4073 2853 4121 et
2903 4061 3205 4120 Salvatoris
3225 4062 3283 4118 in
3316 4076 3441 4120 coro

1862 4174 1995 4230 pore
2019 4159 2143 4214 vitae
2165 4157 2478 4220 institutum
2506 4173 2669 4212 nosse
2693 4157 2864 4226 cupit,
2896 4155 3135 4227 primum
3167 4170 3266 4226 per
3291 4155 3435 4212 hanc

1864 4249 2153 4307 lectionem
2187 4248 2445 4302 admonet
2497 4246 2566 4300 de
2619 4246 2859 4302 motibus
2905 4243 3116 4311 animi,
3167 4252 3330 4316 atque
3361 4245 3438 4300 ita

1863 4340 2124 4410 deinceps
2161 4335 2428 4392 informat
2456 4335 2728 4408 docetque
2785 4335 3049 4408 legentes.
3077 4332 3221 4390 Sunt
3271 4333 3439 4407 igitur

1862 4431 1948 4501 (ut
2001 4429 2108 4485 hoc
2136 4431 2377 4500 primum
2407 4428 2462 4482 in
2490 4427 2599 4484 isto
2650 4427 2794 4484 libro
2838 4427 3182 4498 observetur)
3207 4423 3437 4495 Psalmi,

1862 4523 1953 4578 alii
1987 4522 2090 4580 sub
2130 4522 2306 4578 forma
2346 4519 2698 4588 narrationis,
2731 4521 2822 4576 alii
2861 4517 3180 4590 prophetia.
3211 4516 3303 4573 alii
3338 4515 3439 4574 ad-

181 4621 236 4675 δὲ
266 4625 323 4676 tv
372 4619 718 4694 προφητείᾳ,
766 4619 816 4672 οί
855 4619 913 4673 δὲ
960 4617 1038 4684 ὡς
1078 4619 1136 4672 tv
1181 4618 1338 4691 εὐχῇ,
1405 4620 1454 4672 οί
1494 4617 1550 4672 δὲ
1579 4618 1758 4687 ἐν’ὲξ-

1869 4615 2212 4679 monitionis,
2250 4613 2342 4670 alii
2379 4615 2731 4686 precationis,
2767 4612 2861 4670 alii
2885 4610 3272 4669 confessionis.

180 4711 530 4783 ομολογήσει.

251 4805 361 4858 Καὶ
385 4802 497 4857 εἰσὶ
528 4801 627 4874 μὲν
651 4802 699 4855 0i
719 4801 778 4854 tv
804 4800 1101 4873 διηγήματι
1133 4807 1224 4873 ιη’,
1249 4807 1359 4872 pq”,
1394 4804 1508 4874 μην,
1529 4798 1633 4871 μα,
1663 4799 1761 4872 οβ’,

181 4897 282 4963 os'.
305 4896 409 4962 οξ.
443 4901 557 4968 πηκ
589 4900 698 4968 ρς’.
730 4899 853 4968 ριτ.
883 4901 1030 4966 ρκςκ
1061 4892 1202 4967 ρλς¹ο

250 4989 313 5043 Οἱ
339 4989 402 5043 δὲ
433 4986 511 5052 ὡς
537 4988 596 5040 tv
620 4986 777 5058 εὐχῇ,
810 4991 906 5051 ις’,
931 4983 1026 5053 εξ,
1056 4985 1166 5055 πθ’,
1199 4992 1279 5058 ρα¹
1310 4984 1446 5058 ρλα’,
1476 4984 1622 5059 ρμα’.

253 5161 318 5220 οἱ
352 5163 411 5220 δὲ
455 5162 533 5229 ὡς
581 5164 641 5217 εν
682 5161 904 5234 δςηυχίᾳ
954 5161 1050 5216 καλ⁸
1093 5161 1226 5235 εὐχῇ
1258 5161 1352 5216 καὶ
1381 5161 1562 5236 δεήσει
1591 5167 1652 5228 ε’,
1686 5169 1762 5230 ς’,

187 5256 252 5323 ζ’,
279 5263 370 5324 ια’,
409 5256 500 5330 ιβ’,
541 5265 626 5324 ιε’,
652 5257 752 5325 κδ’,
814 5255 923 5323 κζ’,
955 5255 1023 5319 λ’,
1065 5255 1160 5322 λδι,
1199 5256 1300 5323 λζ’,
1361 5255 1475 5328 μβ’,
1523 5264 1624 5327 νγ’,
1668 5257 1762 5325 νδ,

188 5356 277 5410 νε’,
311 5355 422 5415 νςί,
457 5353 562 5420 νη’,
615 5347 716 5414 νθ’,
747 5347 814 5415 ξ’,
838 5345 940 5416 ξγ’,
991 5344 1103 5419 πβ’,
1143 5352 1248 5412 πε’,
1303 5345 1412 5412 πζν,
1449 5346 1579 5420 ρλξ,
1633 5346 1763 5420 ρλθ’,

195 5438 334 5510 ou?-

263 5532 371 5588 Καὶ
389 5535 419 5588 ὁ
447 5532 550 5604 μὲν
580 5531 657 5596 ὡς
690 5532 749 5586 ὲν
770 5531 989 5606 ὲντυχίᾳ
1017 5531 1114 5588 καὶ
1143 5530 1466 5605 εὐχαριστία
1490 5530 1627 5605 ρλη’.

264 5624 325 5676 Οἱ
355 5623 411 5678 δὲ
435 5623 512 5687 ὡς
533 5625 595 5678 tv
619 5623 843 5696 ὲντυχίᾳ
894 5624 1031 5697 μόνῃ
1064 5631 1112 5695 γ’
1131 5666 1147 5691 ,
1174 5631 1273 5689 κε’,
1309 5622 1412 5695 ἔνι’,
1441 5622 1538 5691 ξο’,
1570 5631 1632 5689 0',
1666 5631 1766 5694 ογ,

197 5719 294 5784 οτιό
323 5714 418 5780 σθ’,
463 5720 568 5786 ρη’.
597 5714 740 5786 ρκβκ
778 5712 915 5783 mox
949 5713 1044 5786 ρλκ

272 5900 308 5929 "
339 5900 525 5957 Matth.
562 5916 638 5960 ιι,
674 5899 766 5952 29.
851 5898 892 5934 ⁸⁸
927 5896 942 5951 |
974 5895 1098 5954 Cor.
1130 5915 1204 5962 ιι,
1242 5899 1292 5953 1.
1390 5946 1401 5956 .

1935 4795 1993 4852 ln
2029 4794 2204 4852 forma
2228 4791 2560 4848 narrationis
2583 4789 2636 4846 hi
2669 4800 2833 4847 sunt:
2869 4788 2952 4852 i8,
2983 4787 3076 4854 45,
3101 4785 3192 4855 ιε,
3234 4783 3326 4854 49,
3347 4783 3440 4849 72,

1867 4889 1956 4954 76,
1983 4889 2074 4953 77,
2108 4889 2198 4954 88,
2224 4886 2315 4954 89,
2352 4885 2478 4951 100,
2521 4884 2646 4950 H5,
2678 4882 2802 4947 126,
2830 4881 2954 4938 I36.

1937 4983 1994 5038 ln
2019 4983 2193 5040 forma
2210 4995 2342 5037 vero
2365 4977 2636 5036 orationis
2675 4985 2806 5032 sunt
2824 4971 3022 5043 l6,67,
3041 4967 3279 5037 89.10l,
3315 4965 3440 5031 151,

1868 5074 2046 5236 ηδιιί
2079 5163 2358 5236 colloquii,
2380 5161 2711 5235 precationis
2744 5170 2801 5217 et
2826 5156 3221 5216 obsecrationis
3247 5153 3440 5215 modo.

1866 5259 1922 5324 5,
1952 5257 2006 5325 6,
2043 5257 2096 5326 7,
2128 5258 2214 5321 Η,
2249 5253 2337 5323 12,
2367 5255 2456 5321 15,
2487 5253 2584 5316 24,
2614 5251 2707 5317 τι,
2742 5251 2833 5316 30,
2862 5250 2954 5316 δι,
2989 5247 3081 5312 37,
3111 5246 3204 5312 ‘2,
3229 5245 3320 5311 55,
3349 5243 3456 5310 54..

1867 5352 1958 5418 55,
1983 5349 2074 5417 56,
2097 5348 2189 5414 58,
2241 5346 2332 5414 59,
2388 5345 2479 5413 60,
2511 5345 2603 5414 65,
2624 5343 2715 5408 82,
2737 5343 2828 5409 85,
2875 5341 2966 5407 87,
3002 5339 3127 5407 I37,
3160 5337 3284 5405 159,
3315 5335 3440 5391 H2.

1939 5523 2044 5594 Qui
2075 5524 2132 5580 in
2159 5522 2336 5579 forma
2364 5519 2588 5593 alloquii
2612 5527 2668 5576 et
2702 5518 3000 5590 gratiarum
3027 5513 3284 5578 actionis.
3313 5510 3446 5568 I38.

1923 5615 2026 5683 Qui
2064 5613 2320 5685 colloquii
2370 5619 2580 5667 tantum
2621 5608 2821 5674 forma,
2851 5608 2906 5678 3,
2951 5607 3046 5676 25,
3097 5602 3304 5676 68,69,
3333 5601 3440 5670 70,~

1873 5707 1963 5776 τι,
1995 5706 2084 5772 78,
2117 5703 2212 5773 79,-
2238 5703 2361 5766 tos.
2396 5701 2665 5770 122,129.
2697 5701 2816 5761 ιω.
