4122 6494
240 454 294 507 29
1363 450 1700 507 EPISTOLA
1738 450 1829 504 AD
1865 445 2382 503 MARCELLINUM.
3401 452 3469 504 '50

237 566 284 619 τὸ
309 566 449 638 πρωῒ
478 567 653 635 ψάλλε
677 568 765 621 τὸν
799 574 861 621 ε’.
884 565 1212 637 Λίσθόμενος
1241 566 1294 618 δὲ
1319 565 1549 634 ἀπειλῆς
1570 565 1663 618 τοῦ
1689 566 1769 618 Κυ

1899 560 2032 614 mini
2058 559 2542 614 comminationem
2601 558 2863 622 senseris,
2909 567 3066 628 teque
3098 575 3160 613 ea
3188 561 3255 615 de
3301 577 3465 645 causa

234 657 359 724 ρίου,
394 657 491 709 ἐὰν
538 657 633 711 διὰ
671 655 827 710 τοῦτο
864 657 1261 727 ταραττόμενον
1310 654 1532 707 σεαυτὸν
1572 653 1792 724 βλέπῃς,

227 745 438 802 ὕᾶνασαι
472 749 660 817 λέγειν
681 751 770 804 τὸν
799 747 850 816 ς’
884 751 977 804 καὶ
1008 750 1100 802 τὸν
1138 749 1234 812 λζ’.
1273 749 1400 802 Ἐὰν
1434 749 1490 801 δὲ
1540 749 1632 802 καὶ
1671 747 1794 818 βου-

231 839 478 894 λεύωνταί
507 859 660 906 τινες
702 843 841 897 κατὰ
875 842 967 895 σοῦ
995 883 1010 908 ,
1037 842 1112 905 ὡς
1141 844 1168 895 ό
1221 841 1500 912 Ἀχιτόφελ
1533 841 1672 895 κατά
1699 840 1791 894 τοῦ

227 933 397 998 Δασὶδ,
449 935 547 986 καὶ
582 933 744 988 τοῦτό
776 933 858 988 σοί
898 951 982 997 τις
1026 934 1334 1006 ἀπαγγείλῃ
1357 977 1371 999 ,
1404 933 1570 1004 ψάλλει
1606 933 1696 987 τὸν
1727 931 1791 999 ζ’,

226 1027 312 1079 καὶ
353 1025 548 1097 θάρῥει
578 1027 660 1098 τῷ
695 1027 938 1098 ῥυομένῳ
960 1044 1019 1079 σε
1047 1026 1184 1097 Θεῷ.
1236 1042 1292 1058 ’δ’

289 1121 380 1181 ις’.
405 1116 636 1170 Βλέπων
677 1117 736 1170 δὲ
768 1118 866 1188 τὴν
905 1117 1178 1188 πανταχοῦ
1218 1117 1374 1188 χάριν
1421 1117 1513 1171 τοῦ
1544 1118 1791 1189 Σωτῆρος

223 1207 606 1278 ὶκτεταμένην,
637 1210 730 1260 καὶ
761 1207 930 1261 σωθὲν
946 1208 1008 1260 τὸ
1034 1210 1188 1276 γένος
1211 1209 1320 1262 τῶν
1341 1208 1663 1281 ἀνθρώπων,
1695 1209 1791 1263 ἐὰν

225 1301 550 1368 προσφωνεῖν
599 1298 759 1370 θέλῃς
787 1299 863 1369 τῷ
906 1301 1113 1371 Κυρίῳ,
1137 1325 1140 1328 ί
1166 1301 1333 1371 eam
1369 1301 1458 1355 τὸν
1499 1310 1566 1372 η’.
1630 1301 1789 1355 Ἀλλά

221 1387 369 1439 πάλιν
402 1382 534 1458 ᾄσαι
569 1385 749 1450 Θέλεις
773 1387 1067 1459 ἐπιλήνιον,
1100 1389 1435 1459 εὐχαριστῶν
1463 1389 1542 1459 τῷ
1575 1387 1784 1458 Κυρίῳ,

219 1478 349 1548 ῑχεις
371 1478 534 1532 αὐτὸν
567 1479 732 1533 πάλιν
752 1479 842 1532 τὸν
872 1477 920 1551 η’
951 1480 1044 1533 κα)⁸
1067 1479 1158 1532 τὸν
1189 1487 1298 1549 πγ’.
1340 1481 1462 1533 Ἐπὶ
1488 1480 1545 1532 δὲ
1570 1479 1649 1550 τῷ
1665 1496 1789 1533 κατ-

216 1569 486 1639 ηργῆσθαι
519 1569 616 1623 τὸν
673 1570 865 1642 ἐχθρὸν
903 1572 996 1624 καὶ
1027 1571 1298 1624 σεσῶσθαι
1331 1573 1430 1642 τὴν
1475 1572 1671 1638 κτίσιν,
1712 1571 1787 1642 μὴ

217 1659 561 1730 καυχώμενος
620 1663 713 1714 ἐπὶ
747 1662 926 1732 σαυτῷ
954 1700 968 1724 ,
1002 1660 1137 1714 ἀλλά
1185 1661 1337 1726 εἰδὼς
1375 1663 1464 1715 τὸν
1513 1663 1642 1716 Υἱὸν
1690 1663 1784 1716 τοῦ

216 1749 337 1803 Θεοῦ
368 1750 527 1804 τοῦτο
563 1751 1006 1823 κατορθώσαντα,
1038 1752 1159 1820 λέγε
1193 1753 1283 1806 τὸν
1325 1756 1405 1816 είς
1442 1755 1603 1807 αὑτὸν
1633 1755 1786 1825 είρη-

217 1839 364 1906 μένον
397 1839 443 1892 θ’
492 1841 734 1912 ψαλμόν.
794 1843 901 1895 Καὶ
944 1843 1040 1896 ἐὰν
1072 1842 1192 1896 λίαν
1246 1845 1306 1896 σέ
1355 1861 1439 1907 τις
1489 1845 1782 1917 ταράσσειν

1897 651 2282 705 conturbatum
2324 649 2550 712 videris,
2588 656 2741 718 potes
2796 649 2977 704 dicere
3016 650 3048 705 6
3081 661 3134 706 et
3155 652 3244 709 37.
3284 652 3341 708 Si
3371 655 3465 709 ad-

1897 760 2114 800 versum
2169 753 2221 799 te
2252 743 2494 813 quipiam
2553 744 2843 798 consilium
2878 743 3144 810 dederint,
3204 750 3467 816 quemad-

1897 837 2117 892 modum
2143 835 2464 906 AchitOphel
2494 835 2757 890 adversus
2813 834 3092 902 Davidem,
3120 847 3175 891 et
3229 841 3332 894 hoc
3367 840 3464 894 tibi

1896 929 2095 999 aliquis
2121 929 2418 994 renuntiet,
2449 927 2620 996 psalle
2637 926 2689 993 7,
2721 936 2773 994 et
2791 925 3020 982 Domino
3051 929 3265 986 conﬁde
3289 932 3385 1000 qui
3412 941 3465 987 te

1895 1021 2165 1076 liberabit.

1965 1112 2052 1166 16.
2074 1111 2319 1166 Cernens
2346 1110 2646 1166 Salvatoris
2674 1109 2901 1180 gratiam
2933 1110 3135 1179 ubique
3184 1111 3458 1178 diﬂ‘usam,

1891 1207 2344 1274 redemptumque
2369 1219 2541 1274 genus
2568 1203 2894 1267 humanum,
2929 1203 2976 1256 si
3027 1203 3230 1272 alloqui
3275 1203 3460 1258 Domi-

1891 1313 2023 1351 num
2047 1297 2204 1364 velis,
2240 1308 2492 1352 octavum
2529 1296 2768 1366 psallito.
2809 1294 2868 1350 Si
2891 1311 3110 1351 rursum
3143 1311 3245 1366 pro
3275 1305 3460 1352 torcu-

1889 1387 2099 1442 laribus
2127 1387 2333 1456 gratias
2358 1401 2523 1456 agens
2559 1384 2793 1440 Domino
2845 1400 3041 1440 canere
3071 1387 3327 1450 volucris,
3359 1387 3459 1442 ha-

1888 1478 1985 1534 bes
2005 1476 2254 1532 eumdem
2294 1477 2327 1531 8
2353 1486 2405 1531 et
2437 1477 2527 1531 85.
2565 1476 2670 1532 Pro
2716 1477 2946 1532 victoria
3002 1477 3070 1532 de
3129 1478 3373 1545 inimico,
3402 1491 3457 1533 et

1887 1579 2150 1626 creaturae
2199 1569 2544 1635 liberatione,
2619 1585 2689 1623 ne
2738 1570 2792 1623 in
2845 1570 3015 1638 teipso
3050 1571 3320 1640 glorieris,
3361 1575 3455 1627 sed

1886 1679 2087 1735 gnarus
2147 1663 2251 1718 hoc
2316 1661 2485 1716 fuisse
2557 1661 2876 1730 praclarum
2919 1661 3131 1716 facinus
3176 1661 3297 1716 Filii
3337 1662 3455 1725 Dei,

1885 1756 2052 1810 recita
2087 1755 2463 1824 supradictum
2496 1753 2767 1822 psalmum
2815 1767 3047 1806 nonum.
3092 1751 3224 1808 Etsi
3257 1762 3305 1809 te
3331 1756 3455 1824 quis

1886 1860 2032 1901 metu
2063 1847 2390 1901 conturbare
2420 1845 2675 1910 voluerit,
2708 1845 2846 1899 habe
2869 1855 2925 1898 tu
2976 1843 3229 1899 ﬁduciam
3268 1846 3323 1899 in
3353 1845 3459 1900 Do-

213 1929 381 2003 ἐθέλῃ,
415 1932 507 2001 έχε
566 1934 634 1991 σὺ
661 1933 758 2004 τὴν
791 1933 1116 2004 πεποίθησιν
1159 1937 1238 1998 είς
1279 1937 1368 1989 τὸν
1418 1936 1652 2008 Κύριον,
1687 1937 1769 1990 καί

1884 1934 2056 2000 mino,
2106 1943 2159 1988 et
2187 1934 2358 2003 psalle
2387 1934 2685 1988 decimum.
2725 1933 2862 1986 Cum
2919 1933 3214 1987 multorum
3265 1950 3453 2003 super-

213 2022 368 2089 ψάλλε
390 2024 482 2077 τὸν
518 2030 573 2075 ι’.
618 2025 786 2078 Ὅταν
814 2025 870 2078 δὲ
894 2027 993 2097 τὴν
1025 2027 1132 2079 τῶν
1165 2027 1373 2079 πολλῶν
1401 2028 1779 2098 ὑπερηφανίαν

214 2111 319 2182 ἴδῃς
347 2114 440 2166 καὶ
461 2113 864 2178 πλεονάζουσαν
889 2115 984 2186 τὴν
1010 2117 1229 2181 κακίαν,
1264 2116 1403 2170 ὥστε
1443 2117 1604 2187 μηδὲν
1634 2118 1778 2171 ὅσιον

212 2204 290 2256 ἐπ’
321 2203 636 2274 ἀνθρώποις
668 2208 949 2275 γενέσθαι,
996 2209 1276 2278 κατάφυγε
1306 2210 1370 2262 σὺ
1418 2211 1510 2262 ἐπὶ
1539 2209 1628 2263 τὸν
1664 2210 1779 2263 Κύ-

212 2314 336 2367 ριον,
370 2299 464 2352 καὶ
493 2299 626 2367 λέγε
662 2300 752 2354 τὸν
784 2306 870 2354 ια’.
932 2300 1380 2370 Ἐγχρονιζούσης
1417 2300 1472 2352 δὲ
1497 2301 1591 2370 τῆς
1625 2302 1777 2371 παρά

209 2390 308 2442 τῶν
336 2391 555 2465 ἐχθρῶν
585 2392 906 2462 ἐπιϐουλῆς,
951 2393 1024 2463 μὴ
1057 2391 1308 2462 ὀλιγώρει
1351 2391 1426 2453 ὡς
1466 2391 1775 2461 ἐπιλησθεὶς

211 2483 352 2554 παρὰ
376 2484 453 2554 τῷ
480 2484 628 2554 Θεῷ,
655 2484 790 2538 ἀλλά
817 2483 1119 2553 παρακάλει
1155 2483 1245 2537 τὸν
1279 2482 1482 2553 Κύριον
1516 2482 1658 2554 ᾅδων
1681 2482 1774 2536 τὸν

209 2573 292 2641 ιβ’.
333 2575 593 2626 Ἐπειδὰν
628 2574 1086 2645 βλασφημούντων
1123 2574 1282 2627 τινῶν
1321 2573 1462 2627 κατά
1497 2575 1597 2644 τῆς
1628 2576 1771 2646 Προ-

207 2663 344 2727 νοίας
375 2665 644 2735 ἀκούσης,
679 2666 754 2737 μὴ
786 2663 1027 2720 κοινώνει
1069 2665 1168 2735 μὲν
1201 2665 1380 2719 αὐτῶν
1423 2668 1490 2736 τῇ
1527 2666 1770 2735 ἀσεϐείᾳ.

209 2753 548 2824 ἐντυγχάνων
573 2754 629 2807 δὲ
655 2754 732 2825 τῷ
766 2756 903 2826 Θεῷ,
927 2755 1050 2824 λέγε
1075 2756 1166 2809 τὸν
1201 2762 1267 2824 ιγ’
1294 2757 1388 2810 καὶ
1406 2755 1503 2825 νβ’.
1533 2757 1639 2807 Καὶ
1661 2754 1772 2808 λοι-

210 2845 299 2898 πὸν
326 2847 418 2900 ἐὰν
451 2847 621 2920 θέλῃς
662 2846 852 2919 μαθεῖν
881 2849 1062 2912 ὁποῖός
1089 2849 1204 2901 ἐστι
1224 2847 1322 2918 τῆς
1353 2846 1628 2917 βασιλείας
1662 2847 1770 2901 τῶν

208 2938 440 3006 οὐρανῶν
462 2941 492 2992 δ
519 2939 766 3008 πολίτης,
791 2938 957 3006 ψάλλε
983 2939 1073 2991 τὸν
1107 2939 1186 2992 ιδ’.

273 3028 354 3091 ιζ’.
401 3029 726 3101 Προσευχῆς
778 3046 859 3082 σοι
891 3031 1047 3100 χρεία
1086 3029 1174 3083 διὰ
1203 3031 1328 3096 τοὺς
1378 3031 1773 3104 ἀνθεστηκότας

209 3137 283 3172 σοι
313 3122 404 3174 καὶ
429 3122 786 3192 περιέχοντάς
815 3137 907 3175 σου
932 3122 1028 3194 τὴν
1053 3122 1249 3196 ψυχὴν,
1277 3121 1368 3195 ᾆδε
1404 3126 1495 3179 τὸν
1537 3131 1631 3188 ις’,
1677 3124 1771 3176 καὶ

1881 2023 2026 2078 biam
2072 2025 2275 2080 videris
2334 2025 2847 2094 improbitatemque
2897 2025 3120 2079 modum
3166 2018 3452 2090 excedere,

1881 2113 2038 2170 ita'ut
2061 2114 2193 2169 nihil
2217 2126 2466 2171 sanctum
2495 2116 2550 2169 in
2581 2117 2896 2170 hominibus
2945 2117 3270 2186 reperiatur,
3323 2133 3452 2172 con-

1878 2205 2003 2276 fuge
2051 2215 2106 2260 tu
2137 2207 2205 2262 ad
2251 2206 2565 2272 Dominum,
2603 2217 2656 2263 et
2695 2207 2782 2263 dic
2822 2207 3192 2262 undecimum.
3241 2208 3445 2275 Quodsi

1876 2295 2152 2350 diuturna
2185 2297 2296 2352 sint
2329 2297 2674 2353 inimicorum
2718 2298 2948 2364 insidia,
2974 2314 3042 2354 ne
3087 2301 3273 2354 animo
3319 2301 3453 2356 deti-

1877 2386 2018 2450 cias,
2053 2388 2212 2456 quasi
2232 2387 2494 2444 Dominus
2532 2390 2602 2446 sit
2637 2391 2712 2444 tui
2742 2390 2962 2455 oblitus,
3005 2393 3104 2446 sed
3131 2392 3323 2447 invoca
3346 2392 3450 2448 Do-

1877 2475 2108 2540 minum,
2173 2491 2377 2531 canens
2419 2477 2690 2532 decimum
2726 2481 3049 2535 secundum.
3084 2481 3220 2537 Cum
3269 2495 3447 2538 autem

1879 2567 2145 2636 quosdam
2190 2568 2428 2624 audieris
2481 2570 2919 2640 blasphemantes
2969 2569 3230 2629 adversus
3258 2573 3448 2630 Provi-

1876 2660 2138 2726 dentiam,
2179 2662 2289 2715 noli
2332 2677 2519 2716 eorum
2572 2661 2834 2732 impietati
2875 2665 3318 2731 communicare;
3351 2667 3448 2720 sed

1875 2751 2109 2810 Domino
2136 2754 2467 2823 supplicans,
2509 2754 2676 2810 recita
2701 2756 2769 2811 15
2794 2763 2848 2811 et
2879 2756 2968 2811 52.
3019 2755 3224 2824 Quodsi
3259 2766 3448 2827 postea

1872 2842 2115 2898 ediscere
2141 2844 2320 2914 cupis,
2349 2846 2655 2915 qualisnam
2704 2846 2777 2902 sit
2804 2847 2936 2902 civis
2956 2850 3120 2919 :regni
3158 2850 3446 2915 calorum,

1873 2936 2041 3005 psalle
2074 2936 2158 2991 14.

1946 3027 2033 3081 17.
2075 3026 2333 3083 Oratione
2375 3043 2512 3098 opus
2565 3039 2647 3083 est
2685 3030 2782 3085 tibi
2826 3040 3049 3101 propter
3099 3031 3445 3088 adversarios

1875 3126 2015 3182 tuos,
2052 3128 2106 3172 et
2145 3135 2275 3184 eos,
2313 3121 2409 3189 qui
2437 3121 2778 3177 circumdant
2824 3123 3061 3177 animam
3095 3130 3243 3179 tuam
3270 3165 3286 3189 ,
3312 3141 3445 3180 cane

206 3211 287 3264 τὸν
315 3219 415 3279 πε¹,
448 3212 551 3266 καὶ
581 3212 672 3265 τὸν
702 3212 811 3277 πζν,
848 3214 940 3266 καὶ
973 3214 1062 3266 τὸν
1098 3221 1206 3284 ρμ’.
1258 3215 1418 3266 Ἀλλά
1462 3215 1632 3277 θέλεις
1665 3230 1769 3283 μα-

1876 3206 1945 3260 16
1968 3247 1983 3268 ,
2020 3202 2122 3274 85,
2157 3208 2226 3263 87
2256 3217 2309 3262 et
2339 3209 2462 3263 MO.
2495 3211 2566 3264 At
2607 3211 2691 3267 vis
2741 3213 2882 3268 scire
2926 3215 3200 3284 quomodo
3230 3214 3445 3287 Moyses

204 3301 329 3368 θεῖν,
370 3303 488 3365 πῶς
527 3302 769 3371 Μωῦσῆς
794 3301 1155 3370 προσηύξατο,
1187 3301 1330 3372 ἔχεις
1349 3302 1440 3355 τὸν
1476 3303 1585 3356 πθ’.
1630 3301 1767 3354 Ἀλλ’

202 3393 401 3463 ἐσώθης
426 3394 546 3446 ἀπὸ
567 3391 674 3444 τῶν
704 3391 911 3462 ἐχθρῶν
943 3408 1057 3454 σου,
1085 3391 1178 3444 καὶ
1222 3392 1494 3464 ἐρῥύσθης
1525 3393 1633 3446 ἀπὸ
1661 3391 1769 3446 τῶν

198 3483 492 3536 διωκόντων
523 3499 608 3547 σε,
634 3477 726 3553 ᾇδε
765 3483 858 3536 καὶ
891 3484 954 3536 σὺ
981 3484 1070 3536 τὸν
1104 3481 1166 3547 ιζ’
1191 3483 1422 3554 ψαλμόν.
1457 3484 1769 3555 Θαυμάζεις

199 3573 289 3641 τὴν
315 3573 413 3643 τῆς
435 3572 674 3635 κτίσεως
700 3570 872 3638 τάξιν,
908 3572 998 3624 καὶ
1046 3573 1145 3644 τὴν
1172 3576 1251 3637 είς
1281 3573 1451 3643 αὐτὴν
1488 3573 1586 3645 τῆς
1624 3574 1767 3643 Προ-

197 3663 331 3728 νοίας
371 3665 569 3735 χάριν,
605 3662 698 3716 τοῦ
747 3680 806 3715 τε
849 3663 1013 3732 νόμου
1059 3663 1127 3716 τά
1172 3662 1292 3733 ἱερὰ
1346 3664 1763 3734 προστάγματα,

191 3755 352 3823 ψάλλε
375 3760 476 3809 τὸν
506 3763 575 3826 ιη’
600 3756 693 3809 καὶ
719 3754 808 3806 τὸν
832 3760 935 3822 κγ’.
966 3753 1324 3826 Θλιῦομένους
1367 3755 1423 3806 δὲ
1463 3754 1627 3825 ὁρῶν,
1659 3772 1766 3808 πα-

194 3848 410 3917 ρακάλει
438 3846 683 3910 τούτους,
708 3845 1068 3916 ἐπευχόμενος
1092 3846 1184 3899 καὶ
1212 3845 1382 3914 λέγων
1405 3847 1588 3910 αὐτοῖς
1612 3847 1680 3899 τὰ
1709 3849 1767 3900 ἐν

189 3938 263 4011 τῷ
289 3941 349 3992 ιθ⁴
377 3937 588 4009 ψαλμῶ
619 3939 858 4008 ῥήματα.
909 3938 1071 4008 Ὁρᾷς
1106 3937 1327 3989 σεαυτὸν
1353 3938 1767 4008 ποιμαινόμενω

191 4033 280 4087 καὶ
307 4029 664 4098 εὐοδούμενον
688 4030 839 4100 παρὰ
875 4029 968 4084 τοῦ
987 4030 1213 4101 Κυρίου,
1237 4029 1442 4100 χαίρων
1474 4031 1565 4082 ἐπὶ
1593 4033 1767 4102 τούτῳ

187 4124 346 4191 om;
375 4123 476 4176 τὸν
499 4123 601 4190 κβκ
629 4125 691 4174 Οί
719 4123 903 4192 ἐχθροὶ
934 4123 1061 4192 περὶ
1091 4122 1173 4186 σὲ,
1198 4121 1333 4175 ἀλλά
1365 4123 1428 4174 σὺ
1459 4123 1558 4194 τὴν
1587 4121 1765 4195 ψυχὴν

188 4212 430 4282 ἐπαίρων
471 4212 604 4281 πρὸς
633 4211 762 4262 Θεὸν
783 4250 797 4272 ,
847 4209 970 4277 λέγε
997 4209 1085 4263 τὸν
1121 4211 1218 4272 κδ’,
1265 4211 1360 4263 καὶ
1395 4211 1512 4280 ὄψει
1544 4211 1765 4275 τούτους

186 4299 640 4371 ἁμαρτάνοντας
669 4298 968 4366 διακενῆς.
1035 4301 1412 4370 Ἐπιμένουσιν
1468 4305 1514 4355 οἱ
1559 4305 1762 4375 ἐχθροὶ,

186 4391 330 4445 οὐδὲν
355 4395 553 4461 ἕτερον
579 4391 610 4460 ἢ
646 4390 742 4454 τὰς
769 4393 954 4463 χεῖρας
989 4392 1201 4461 ἔχοντες
1230 4393 1474 4463 αἱμάτων
1515 4395 1760 4466 πλήρεις,

186 4483 274 4534 καὶ
306 4481 606 4552 ζητοῦντες
633 4478 853 4532 ἐλκῦσαί
888 4497 947 4532 σε
977 4481 1071 4534 καὶ
1103 4481 1396 4546 ἀπολέσαι,
1427 4483 1500 4553 μὴ
1529 4483 1633 4554 δῷς
1670 4486 1763 4537 ἀν-

1871 3300 2128 3363 oraverit,
2156 3299 2326 3354 habes
2359 3301 2753 3370 octogesimum
2796 3319 3020 3358 nonum.
3055 3303 3340 3362 Liberatus
3380 3323 3442 3363 es

1868 3391 1938 3445 ab
1973 3391 2207 3446 inimicis
2261 3391 2372 3448 tuis
2419 3402 2475 3447 et
2516 3403 2764 3450 servatus
2799 3409 2829 3448 a
2873 3396 3324 3466 persequentibus
3355 3408 3441 3464 te,

1869 3494 2004 3535 cane
2049 3490 2102 3534 ct
2135 3490 2191 3534 tu
2232 3481 2506 3537 decimum
2549 3484 2838 3553 septimum
2886 3487 3178 3556 psalmum.
3228 3487 3442 3543 Miraris

1868 3579 2073 3624 natura:
2101 3571 2343 3626 ordinem
2383 3582 2438 3627 et
2466 3573 2826 3630 Providentiae
2854 3580 3082 3648 gratiam
3112 3579 3166 3634 in
3199 3580 3289 3635 illa
3308 3623 3324 3647 ,
3355 3582 3436 3636 le-

1865 3662 2054 3731 gisque
2090 3678 2241 3717 sacra
2266 3675 2554 3733 prazcepIa,
2579 3667 2748 3736 psalle
2783 3668 2850 3722 18
2871 3677 2924 3723 et
2951 3668 3040 3723 25.
3076 3669 3212 3725 Cum
3238 3672 3441 3728 videris

1868 3751 2114 3819 alliictos,
2149 3756 2434 3811 consolare
2475 3757 2596 3812 illos
2627 3758 2762 3814 bene
2786 3761 3077 3829 precando,
3108 3777 3172 3817 ac
3209 3762 3437 3818 dicendo

1868 3844 1972 3899 illis
2001 3847 2163 3901 verba
2198 3847 2395 3903 decimi
2434 3849 2562 3904 noni
2603 3850 2820 3919 psalmi.
2857 3849 3016 3906 Vides
3051 3860 3102 3906 te
3132 3867 3162 3906 a
3205 3851 3438 3908 Domino

1866 3937 2014 4004 pasci
2063 3953 2125 3991 ac
2154 3938 2334 4007 dirigi,
2367 3940 2471 3993 hac
2507 3939 2560 3992 in
2586 3954 2644 3993 re
2676 3941 2915 4008 gaudens
2945 3941 3112 4011 psalle
3138 3942 3229 3998 22.
3276 3942 3435 3998 Inva-

1867 4027 2000 4081 dunt
2027 4036 2075 4080 te
2110 4028 2317 4081 inimici
2351 4029 2451 4095 tui,
2480 4040 2534 4083 at
2566 4041 2622 4084 tu
2646 4032 2882 4085 animam
2908 4033 3122 4102 erigens
3151 4034 3218 4088 ad
3252 4034 3437 4090 Domi-

1867 4131 1994 4168 num
2023 4116 2106 4170 dic
2147 4117 2238 4182 24,
2276 4127 2329 4172 et
2370 4119 2578 4175 videbis
2629 4121 2803 4190 inique
2842 4131 3048 4191 agentes
3095 4139 3432 4193 supervacue.

1864 4199 2191 4276 Exspectant
2216 4209 2459 4275 inimici,
2490 4210 2623 4263 nihil
2653 4211 2912 4266 habentes
2944 4211 3090 4268 aliud
3118 4230 3280 4284 quam
3312 4232 3432 4270 ma-

1867 4311 1969 4348 nus
1995 4297 2258 4365 sanguine
2304 4297 2520 4364 plenas,
2567 4313 2632 4351 ac
2677 4307 2984 4365 quaerentes
3026 4307 3080 4352 te
3125 4315 3319 4355 vexare
3368 4317 3433 4356 ac

1863 4387 2104 4454 perdere,
2137 4402 2203 4439 ne
2224 4387 2436 4441 deferas
2465 4388 2672 4441 homini
2693 4388 2980 4455 judicium,
3007 4400 3258 4459 suspecta
3284 4392 3429 4447 enim

1865 4485 1992 4531 sunt
2034 4479 2214 4531 omnia
2248 4479 2523 4544 humana;
2557 4479 2650 4544 sed
2680 4478 2847 4532 Deum
2874 4481 3109 4548 judicent
3145 4484 3430 4552 postulans

186 4573 386 4646 θρὼπῳ
413 4573 479 4624 τὸ
501 4575 671 4643 κρῖμα
699 4572 936 4641 (ὕποπτα
963 4574 1070 4644 γὰρ
1091 4574 1267 4626 πάντα
1299 4573 1366 4627 τά
1393 4573 1757 4645 ἀνθρώπινα)’

1872 4567 2037 4635 {solus
2080 4569 2221 4623 enim
2255 4569 2343 4623 ille
2378 4569 2569 4637 judex)
2592 4611 2606 4632 ,
2643 4569 2731 4623 dic
2775 4569 2880 4635 25,
2909 4571 2978 4624 51
3000 4611 3014 4635 ,
3037 4571 3126 4624 42.
3167 4573 3224 4626 Si
3252 4555 3431 4629 acrius

187 4664 319 4720 ἀλλά
354 4665 456 4718 τὸν
486 4663 618 4716 Θεὸν
655 4665 821 4731 ἀξιῶν
873 4667 1066 4738 κριτὴν
1110 4664 1362 4734 γενέσθαι
1404 4666 1603 4735 (μόνος
1652 4668 1759 4738 γὰρ

1872 4660 2067 4716 instent
2111 4670 2165 4714 et
2217 4676 2327 4730 pra:
2368 4661 2714 4715 multitudine
2742 4664 2897 4730 quasi
2935 4664 3205 4719 exercitus
3229 4663 3431 4721 l'uerint

185 4759 342 4822 αὑτὸς
375 4756 643 4827 δίκαιος),
671 4756 795 4825 λέγε
823 4757 892 4810 τὰ
924 4760 981 4810 ἐν
1013 4757 1091 4828 τῷ
1141 4764 1217 4810 κε’
1240 4797 1254 4821 ,
1287 4757 1381 4811 καὶ
1407 4757 1497 4812 τὸν
1545 4757 1638 4823 λδν,
1665 4760 1759 4812 καὶ

1872 4753 2087 4816 inimici,
2123 4763 2174 4807 te
2203 4763 2459 4822 tanquam
2497 4754 2735 4808 nondum
2772 4765 2992 4809 unctum
3038 4756 3426 4826 dcspicientcs.

183 4849 270 4902 τὸν
294 4849 405 4920 μβι.
455 4847 578 4901 Ἐὰν
611 4849 666 4902 δὲ
697 4848 790 4901 καὶ
809 4849 1139 4920 τραχύτερον
1169 4849 1486 4913 ἐπίθωνται,
1510 4850 1602 4901 καὶ
1630 4850 1760 4920 πλῆ-

183 4939 271 5003 θος
293 4941 371 5004 ὡς
399 4939 740 5010 παρεμὸολαὶ
769 4939 1029 5006 γένωνται
1051 4940 1098 4990 οἱ
1125 4937 1328 5009 ἐχθροὶ,
1361 4939 1759 5009 καταφρονοῦν-

182 5044 267 5091 τες
312 5029 394 5091 di;
453 5031 616 5099 μήπω
651 5045 743 5080 σου
778 5028 1108 5098 χρισθέντος,
1142 5028 1236 5080 καὶ
1281 5028 1369 5080 διὰ
1407 5026 1564 5080 τοῦτο
1601 5029 1756 5081 τηλε-

187 5123 304 5188 μεῖν
337 5119 638 5182 ἐθέλοντες·
673 5120 747 5190 μὴ
769 5119 996 5190 πτήξῃς,
1027 5118 1138 5172 ἀλλ’
1165 5115 1258 5190 ᾆδε
1288 5120 1378 5172 τὸν
1410 5126 1500 5182 κς¹
1524 5119 1752 5189 ψαλμὸν.

197 5211 411 5280 Ἐπειδὴ
454 5211 510 5264 δὲ
543 5211 776 5281 ἀσθενής
833 5212 979 5263 ἐστιν
1033 5211 1256 5281 ἡφύσις
1282 5212 1391 5264 τῶν
1431 5211 1752 5282 ἀνθρώπων,

185 5302 276 5356 ἐὰν
304 5303 464 5357 πάλιν
505 5285 933 5372 ἀναισχυντῶσιν
972 5304 1020 5355 οί
1057 5304 1523 5370 ἐπιϐουλεύοντες,
1563 5307 1647 5357 ἵνα
1679 5306 1754 5378 μὴ

186 5394 318 5463 πρὸς
343 5393 586 5456 ἐκείνους
614 5393 746 5464 ἔχῃς
764 5394 862 5464 τὴν
895 5393 1108 5465 σχολὴν,
1138 5395 1307 5465 κράζε
1331 5396 1465 5467 πρὸς
1486 5396 1576 5450 τὸν
1600 5396 1750 5460 Θεὸν,

185 5482 350 5552 λέγων
381 5487 450 5539 τὰ
473 5487 532 5538 ἐν
562 5485 640 5555 τῷ
671 5484 772 5547 κζ’.
813 5487 923 5538 Καὶ
959 5485 1053 5538 ἐὰν
1086 5486 1244 5557 θέλῃς
1272 5488 1609 5559 εὐχαριστῶν
1647 5505 1751 5557 μα-

189 5572 294 5628 θεῖν
344 5575 460 5638 πῶς
513 5576 596 5629 δεῖ
627 5576 957 5646 προσφέρειν
994 5576 1071 5648 τῷ
1120 5579 1330 5649 Κυρίῳ,
1361 5581 1566 5650 νοητῶς
1617 5580 1752 5633 νοῶν

186 5663 344 5731 ψάλλε
370 5667 464 5722 τὸν
495 5674 603 5737 κη’.
631 5668 740 5719 Καὶ
767 5667 950 5720 λοιπὸν
997 5669 1316 5736 ἐγκαινίζων
1359 5669 1448 5722 τὸν
1481 5665 1626 5723 οἶκόν
1658 5687 1749 5724 σου

189 5755 281 5822 τήν
305 5773 362 5808 τε
391 5757 570 5828 ψυχὴν
593 5757 695 5827 τὴν
723 5757 813 5809 τὸν
837 5757 1038 5828 Κύριον
1061 5759 1460 5830 ὑποδεχομένην
1486 5799 1499 5821 ,
1536 5761 1628 5812 καὶ
1660 5763 1750 5814 τὸν

192 5851 485 5916 σωματικὸν
514 5845 687 5912 οἷκον,
717 5851 773 5901 ἐν
796 5841 840 5916 ᾧ
871 5850 1198 5919 σωματικῶς
1244 5853 1513 5914 κατοικεῖς
1533 5892 1546 5914 ,
1586 5853 1748 5921 εύχα.

194 5937 364 6018 piant,
401 5943 493 5997 καὶ
528 5941 653 6009 λέγε
700 5941 787 5995 τόν
815 5958 870 5994 τε
900 5941 976 5994 x8'
1025 5947 1115 5997 καὶ
1147 5944 1234 6000 τὸν
1277 5945 1333 5996 ἐν

1862 4848 2093 4916 ideoque
2127 4863 2438 4918 oppugnare
2479 4848 2676 4913 velint;
2716 4865 2785 4903 ne
2829 4847 3120 4915 formides,
3167 4851 3258 4905 sed
3293 4867 3428 4908 cane

1859 4940 2182 4993 vicesimum
2237 4949 2451 4993 sextum
2487 4940 2780 5010 psalmum.
2830 4940 2899 4994 At
2943 4940 3198 5009 quoniam
3252 4943 3425 4998 imbe-

1859 5031 1980 5085 cilla
2010 5042 2093 5086 est
2130 5031 2412 5085 hominum
2457 5041 2648 5086 natura
2673 5070 2688 5096 ,
2726 5031 2771 5086 si
2797 5031 3138 5100 impudenter
3171 5032 3427 5088 insistant

1859 5121 2235 5186 insidiatores,
2290 5137 2357 5177 ne
2393 5124 2638 5177 attendas
2686 5122 2820 5192 ipsis
2846 5163 2860 5188 ,
2894 5122 2989 5176 sed
3034 5123 3100 5176 ad
3135 5121 3426 5179 Dominum

1858 5214 2052 5277 clama,
2074 5214 2259 5269 dicens
2287 5216 2449 5268 verba
2480 5215 2720 5268 vicesimi
2750 5214 2985 5284 septimi.
3014 5212 3168 5279 Quod
3210 5214 3256 5268 si
3304 5230 3425 5284 gra~

1856 5303 1960 5358 tias
1987 5304 2193 5373 agendo
2219 5305 2461 5358 ediscere
2488 5304 2640 5367 velis,
2663 5304 2940 5373 quomodo
2969 5312 3212 5372 oporteat
3233 5303 3427 5359 otlerre

1859 5391 2119 5457 Domino,
2147 5393 2498 5461 spiritualiter
2538 5393 2840 5463 intelligens
2884 5393 3056 5461 psalle
3105 5393 3422 5448 vicesimum

1854 5494 2127 5538 octavum.
2160 5483 2226 5537 Et
2269 5485 2487 5538 demum
2525 5500 2651 5538 cum
2700 5485 2921 5539 domum
2970 5497 3116 5539 tuam
3164 5485 3424 5551 dcdicas,

1855 5575 1958 5629 hoc
1987 5585 2072 5629 est
2101 5575 2340 5629 animam
2374 5585 2543 5639 tuam,
2574 5591 2694 5645 qua:
2724 5574 3014 5629 Dominum
3043 5576 3282 5644 excipit,
3312 5576 3421 5630 imo

1853 5663 2165 5720 sensibilem
2216 5664 2436 5718 domum
2460 5706 2474 5730 ,
2529 5665 2581 5718 in
2618 5680 2724 5734 qua
2771 5665 3128 5734 corporaliter
3168 5664 3378 5718 habitas
3403 5705 3419 5729 ,

1852 5756 2055 5825 gratias
2085 5773 2203 5828 age,
2237 5767 2288 5812 et
2311 5758 2398 5813 die
2431 5759 2744 5813 vicesimum
2771 5770 2995 5823 nouum,
3019 5767 3072 5812 et
3097 5770 3161 5812 ex
3189 5755 3420 5825 gradui!!-

1853 5850 2000 5906 libus
2031 5850 2151 5904 ηδ.

1373 5947 1483 6008 τοῖς
1512 5946 1841 6020 ἀναϐαθμοῖς
1876 5953 2018 6020 ρκς’.
