4122 6490
633 446 700 505 51
1469 435 1526 491 S.
1572 429 1944 488 ATHANASII
1983 428 2133 487 OPP.
2175 425 2359 481 PARS
2397 426 2479 479 Ill.
2522 456 2588 464 —-
2628 418 3037 477 EXEGETICA.
3795 416 3865 472 32

711 564 798 622 18.
840 564 975 620 Cum
1000 570 1179 617 autem
1205 566 1253 613 te
1276 557 1343 613 ab
1366 554 1619 610 omnibus
1672 553 1864 609 amicis
1887 560 1941 608 et
1959 551 2203 622 cognatis

2378 544 2466 615 ιη’.
2504 544 2671 595 Ὅταν
2698 541 2755 593 δὲ
2790 536 2982 592 σαυτὸν
3018 534 3103 588 διὰ
3144 534 3240 602 τὴν
3264 530 3518 603 ἀλήθειαν
3546 528 3867 601 μισούμενον

647 666 865 730 propter
907 652 1189 708 veritatem
1223 648 1349 703 odio
1375 645 1561 701 haberi
1590 644 1952 715 perspexeris,
1986 656 2053 696 ne
2084 640 2201 709 eius

646 749 719 803 rei
753 761 919 802 causa
959 744 1201 798 animum
1229 738 1587 809 despondeas,
1633 749 1807 805 neque
1831 742 2011 796 notos,
2036 733 2126 801 qui
2152 741 2203 785 te

649 844 986 901 aversantur,
1020 831 1364 894 reformides,
1396 829 1487 884 sed
1515 828 1583 881 ab
1614 826 1722 881 illis
1759 835 1810 879 te
1840 838 2126 893 segregans
2152 830 2205 876 et

642 932 829 984 futura
888 925 1219 995 respiciens,
1270 921 1440 991 psalle
1493 917 1847 974 tricesimum.
1900 914 2205 984 Baptizatos

649 1032 829 1076 autem
874 1030 928 1075 et
953 1036 983 1073 a
1012 1015 1353 1087 corruptibili
1380 1011 1725 1085 generatione
1753 1008 2056 1077 redemptos
2081 1020 2202 1061 eum

650 1111 881 1176 videris,
915 1108 1006 1164 Dei
1039 1107 1382 1162 clementiam
1430 1101 1748 1165 admirans,
1805 1111 1939 1152 cane
1991 1094 2203 1149 illorum

650 1205 823 1273 gratia
876 1201 1209 1256 tricesimum
1261 1197 1518 1268 primum.
1574 1192 1803 1259 Quando
1849 1204 1970 1246 cum
2024 1186 2207 1241 multis

652 1294 879 1364 psallere
927 1288 1393 1358 volueris,justos
1454 1285 1601 1339 viros
1661 1290 1715 1338 et
1760 1281 1925 1351 probe
1966 1279 2206 1332 viventes

653 1396 988 1455 congregans
1015 1420 1029 1444 ,
1060 1379 1227 1449 psalle
1264 1376 1598 1432 tricesimum
1629 1371 1948 1427 secundum.
1984 1368 2121 1423 Cum
2155 1368 2205 1420 in

655 1478 838 1530 hostes
866 1472 1137 1535 incideris,
1171 1478 1227 1524 et
1262 1468 1553 1539 prudenter
1589 1466 1709 1519 illos
1742 1460 2021 1531 eﬂ‘ugeris,
2048 1468 2210 1528 atque

654 1564 1011 1621 declinaveris
1063 1562 1132 1616 ab
1186 1573 1375 1615 eorum
1428 1555 1684 1621 insidiis;
1722 1553 1767 1607 si
1821 1551 1953 1605 velis
2007 1550 2210 1620 gratias

657 1672 813 1727 agere
831 1695 845 1720 ,
876 1655 1020 1708 viros
1046 1658 1367 1705 mansuetos
1396 1659 1733 1715 congregans
1757 1684 1772 1708 ,
1812 1641 1977 1711 psalle
2000 1656 2121 1695 cum
2145 1640 2211 1694 iis

657 1746 992 1801 tricesimum
1038 1744 1273 1796 tertium.
1312 1741 1377 1794 Et
1421 1740 1464 1792 si
1498 1736 1699 1791 videris
1737 1735 2047 1804 iniquorum
2083 1747 2210 1801 erga

659 1838 922 1892 malitiam
954 1833 1221 1898 studium,
1257 1846 1324 1886 ne
1372 1829 1649 1884 existimes
1679 1825 1937 1880 malitiam
1962 1822 2038 1877 'in
2078 1822 2212 1893 ipsis

2310 638 2400 690 καὶ
2426 635 2753 705 διωκόμενον
2784 626 3176 700 παρὰ,πάντων
3205 624 3313 679 τῶν
3338 641 3397 676 τε
3429 622 3597 693 φίλων
3626 616 3718 675 καὶ
3748 637 3870 689 συγ-

2307 727 2478 797 γενῶν
2504 726 2727 796 βλέπῃς,
2764 723 2837 793 μὴ
2865 719 3070 781 τούτοις
3097 717 3229 787 μηδὲ
3254 714 3430 785 σαυτῷ
3459 713 3736 767 κατανοῶν
3755 708 3867 765 ὀλι-

2308 820 2583 891 γωρήσῃς,
2609 815 2751 886 μηδ’,
2785 814 2850 867 ἂν
2880 812 3008 875 τοὺς
3043 808 3349 878 γνωρίμους
3398 806 3513 878 ίδῃς
3540 807 3873 874 ἀποστρεφο-

2313 909 2507 979 μένους
2531 924 2612 971 σε,
2639 903 2865 975 πτήξῃς,
2891 900 3004 955 ἀλλ’
3026 899 3222 960 ἐκστὰς
3251 896 3358 951 ἀπὸ
3381 896 3604 959 τούτων,
3631 894 3723 949 καὶ
3746 910 3873 945 σκο-

2314 999 2429 1053 πῶν
2459 998 2526 1052 τὰ
2552 997 2833 1067 μέλλοντα,
2866 992 3032 1062 cans
3060 991 3149 1044 τὸν
3182 990 3246 1042 λ’.
3276 989 3413 1051 Τοὺς
3440 987 3496 1041 δέ
3543 985 3874 1058 βαπτιζομέ-

2310 1105 2433 1151 νους
2486 1087 2579 1140 καὶ
2607 1083 3003 1157 λυτρουμένους
3059 1080 3168 1133 ἀπὸ
3194 1078 3293 1149 τῆς
3324 1075 3569 1149 φθαρτῆς
3607 1075 3874 1141 γενέσεως

2312 1179 2545 1250 βλέπων,
2573 1180 2667 1231 καὶ
2694 1173 2983 1246 θαυμάζων
3005 1172 3104 1244 τὴν
3147 1170 3238 1223 τοῦ
3272 1168 3407 1222 Θεοῦ
3445 1166 3871 1237 φιλανθρωπίαν,

2312 1270 2403 1344 ᾇδε
2424 1273 2505 1334 είς
2532 1269 2774 1331 ἐκείνους
2803 1266 2890 1321 τὸν
2924 1264 3024 1318 λα’.
3066 1263 3176 1316 Kal
3202 1263 3328 1315 ὅταν
3360 1258 3457 1330 μὲν
3480 1256 3702 1327 ψάλλειν
3738 1255 3876 1327 μετὰ

2316 1363 2521 1417 πολλῶν
2550 1360 2761 1434 ἐθέλῃς,
2792 1359 2917 1421 τοὺς
2939 1354 3176 1417 δικαίους
3208 1352 3403 1424 ἄνδρας
3426 1351 3520 1404 καὶ
3545 1351 3669 1413 τοὺς
3684 1348 3876 1428 ὀρθοὺς

2312 1453 2391 1525 τῷ
2412 1453 2510 1524 βίῳ
2537 1424 2854 1519 συναγαγὼν
2877 1488 2893 1510 ,
2931 1446 3057 1515 λέγε
3088 1444 3182 1498 καὶ
3215 1443 3279 1496 σὺ
3308 1442 3399 1495 τὸν
3432 1442 3532 1513 λβθ.
3591 1424 3875 1509 Ἐμπεσὼν

2313 1544 2369 1597 δὲ
2419 1545 2499 1607 είς
2531 1542 2656 1605 τοὺς
2690 1539 2913 1611 ἐχθροὺς
2933 1577 2947 1600 ,
2981 1536 3077 1589 καὶ
3122 1532 3301 1602 σοφῶς
3355 1531 3548 1594 αὐτοὺς
3579 1525 3874 1598 διαφυγὼν,

2318 1634 2411 1688 καὶ
2437 1632 2689 1695 ἐκκλίνας
2712 1629 2819 1683 ἀπὸ
2844 1628 2943 1697 τῆς
2973 1624 3261 1694 ἐπιδουλῆς
3287 1621 3485 1683 αὐτῶν,
3517 1621 3565 1672 εί
3598 1618 3769 1681 θέλεις
3788 1616 3879 1670 εὐ-

2317 1728 2658 1801 χαριστῆσαι,
2687 1721 3026 1792 συγκαλέσας
3050 1718 3174 1781 τοὺς
3204 1716 3396 1788 πραεῖς
3427 1711 3645 1782 ἄνδρας,
3674 1710 3760 1763 ἐπ’
3783 1710 3880 1764 αὑ-

2315 1799 2421 1873 τῶν
2450 1817 2615 1889 ψάλλε
2645 1816 2735 1870 τὸν
2763 1814 2862 1882 λγ¹.
2888 1810 2997 1865 Kal
3026 1809 3119 1862 ἐὰν
3150 1807 3265 1879 ἴδῃς
3291 1805 3399 1858 τῶν
3421 1799 3879 1875 παρανομούντων

659 1926 958 1983 naturalem
990 1939 1112 1979 esse
1133 1963 1149 1988 ,
1181 1929 1239 1976 ut
1266 1920 1505 1975 haeretici
1539 1919 1725 1983 aiunt,
1758 1917 1851 1971 sed
1878 1916 1964 1971 dic
2003 1913 2213 1970 tricesi-

2322 1915 2409 1986 τὴν
2436 1913 2528 1966 ἐπὶ
2551 1910 2611 1963 τὸ
2637 1908 2803 1964 κακὸν
2838 1902 3165 1975 φιλονεικίαν
3194 1938 3210 1963 ,
3248 1899 3323 1969 μὴ
3376 1894 3561 1968 νόμιζε
3609 1898 3667 1949 ἐν
3696 1891 3881 1953 αὐτοῖς

659 2035 806 2076 mum
834 2020 1106 2088 quintum,
1147 2014 1458 2083 videbisque
1499 2012 1645 2081 ipsos
1678 2010 1778 2064 sibi
1815 2008 2074 2078 peccandi
2112 2022 2215 2060 au-

660 2122 835 2168 ctores
856 2124 996 2165 esse.
1017 2108 1074 2163 Si
1098 2107 1372 2177 improbos
1390 2105 1593 2159 ‘videris
1622 2103 1788 2157 multa
1815 2102 1996 2170 inique
2025 2112 2217 2169 perpe-

661 2214 825 2268 trare,
850 2211 1009 2271 atque
1033 2200 1319 2254 adversum
1350 2196 1573 2266 pusillos
1599 2195 1876 2263 insurgere
1895 2234 1910 2256 ,
1946 2199 2000 2244 et
2026 2190 2217 2243 volue-

665 2292 742 2348 ris
786 2292 999 2361 aliquos
1054 2289 1343 2343 admonuere
1393 2301 1462 2341 ne
1509 2284 1640 2353 ipsis
1695 2282 2007 2343 attendant,
2045 2293 2219 2348 neque

663 2384 985 2437 aemulentur
1016 2379 1161 2443 illos,
1198 2378 1324 2448 quia
1347 2376 1495 2431 brevi
1536 2376 1777 2429 futurum
1824 2382 1906 2428 est
1940 2381 1999 2426 ut
2022 2371 2219 2426 exstin-

665 2484 925 2547 guantur,
966 2484 1072 2527 tam
1108 2472 1205 2527 tibi
1257 2471 1361 2542 ipsi
1409 2485 1571 2541 quam
1612 2469 1741 2525 aliis
1771 2468 1857 2523 die
1890 2468 2216 2523 tricesimum

664 2578 896 2623 sextum.

735 2786 822 2841 l9.
862 2780 997 2837 Cum
1038 2796 1198 2852 porro
1249 2781 1343 2836 tibi
1389 2781 1661 2837 attendere
1714 2779 2001 2847 statueris,
2054 2779 2101 2835 si
2147 2779 2222 2833 ir-

665 2880 911 2925 ruentem
944 2869 1145 2923 videris
1171 2869 1379 2924 hostem
1414 2888 1427 2923 :
1463 2884 1586 2922 nam
1619 2869 1878 2923 adversus
1910 2867 2219 2937 huiusmodi

664 2963 913 3018 homines
946 2962 1123 3017 acrius
1151 2962 1239 3016 ille
1273 2962 1506 3032 insurgit
1535 2980 1547 3015 :
1582 2970 1737 3030 teque
1760 2960 1997 3016 volueris
2034 2960 2223 3015 adver-

665 3072 761 3110 sus
796 3053 946 3106 illum
985 3052 1254 3115 excitare,
1291 3050 1379 3105 dic
1410 3050 1741 3106 tricesimum
1789 3060 2039 3105 octavum
2080 3049 2224 3119 psal-

666 3162 837 3201 mum.
890 3144 944 3198 Si
997 3144 1330 3198 irruentibus
1379 3144 1613 3200 inimicis
1656 3159 1927 3198 aerumnas
1957 3142 2220 3213 patiaris,

2318 2004 2457 2060 κατὰ
2493 2002 2651 2073 φύσιν
2698 2000 2796 2071 τὴν
2830 1995 3024 2051 κακίαν
3052 1988 3214 2056 εἶναι,
3249 1986 3337 2044 οἷα
3371 1989 3619 2057 λέγουσιν
3652 1985 3702 2039 οί
3731 1985 3881 2056 αἱρε-

2317 2095 2457 2149 τικοί
2479 2112 2493 2125 '
2538 2091 2672 2147 ἀλλὰ
2725 2089 2849 2158 λέγε
2874 2088 2964 2142 τὸν
3009 2086 3103 2147 λε’,
3136 2082 3231 2139 καὶ
3279 2080 3421 2150 ὄψει,
3470 2080 3551 2132 ὅτι
3603 2075 3753 2129 αὐτοὶ
3782 2072 3879 2127 τοῦ

2319 2186 2650 2259 ἁμαρτάνειν
2678 2182 2812 2235 είσὶν
2846 2180 3026 2232 αῐτιοι.
3069 2176 3191 2231 Ἐὰν
3247 2176 3305 2229 δέ
3339 2170 3506 2226 πολλὰ
3544 2167 3882 2241 πράττοντας

2317 2279 2493 2348 ἄνομα
2520 2274 2645 2337 τοὺς
2679 2272 2943 2343 πονηροὺς
2971 2268 3189 2339 βλέπῃς,
3232 2266 3326 2319 καὶ
3352 2262 3743 2334 ἐπαιρομένους
3786 2260 3883 2313 αύ-

2318 2369 2443 2431 τοὺς
2470 2366 2611 2421 κατά
2632 2364 2738 2418 τῶν
2769 2360 2998 2433 μικρῶν,
3031 2360 3125 2413 καὶ
3160 2357 3318 2429 θέλῃς
3350 2356 3633 2427 παραινεῖν
3659 2369 3770 2406 τισι
3805 2350 3880 2423 μὴ

2320 2458 2603 2530 προσέχειν
2638 2454 2865 2516 τούτοις,
2893 2451 3023 2521 μηδέ
3054 2446 3401 2519 παραζηλοῦν
3431 2445 3645 2507 αὐτοὺς,
3695 2441 3784 2496 διὰ
3819 2442 3885 2495 τὸ

2320 2545 2525 2615 ταχέως
2554 2542 2746 2604 αὐτοὺς
2788 2538 3249 2601 ἀποσὸέννυσθαι,
3276 2535 3401 2604 λέγε
3430 2533 3523 2587 καὶ
3562 2532 3746 2603 σαυτῷ
3788 2531 3886 2585 xal

2319 2641 2430 2701 τοῖς
2457 2635 2660 2707 ἑτέροις
2683 2634 2773 2688 τὸν
2801 2632 2911 2697 λς’.

2398 2770 2483 2824 ιϐ’.
2525 2766 2684 2822 Ἀλλά
2707 2766 2769 2835 δὴ
2787 2763 2880 2817 καὶ
2899 2763 2985 2828 σὺ,
3014 2758 3345 2832 προθέμενος
3375 2756 3658 2828 προσέχειν
3680 2754 3882 2824 σαυτῷ,

2323 2864 2416 2916 ἐὰν
2445 2861 2647 2933 βλέπῃς
2694 2855 3067 2926 ἐπιτιθέμενον
3097 2852 3186 2905 τὸν
3216 2849 3404 2921 ἐχθρὸν
3431 2846 3583 2919 (τότε
3609 2846 3717 2917 γὰρ
3746 2844 3884 2915 μᾶλ-

2322 2950 2411 3003 λον
2438 2948 2779 3017 ἐπεγείρεται
2804 2942 2942 2997 κατὰ
2968 2941 3075 2995 τῶν
3101 2938 3414 3008 τοιούτων),
3455 2936 3545 2989 καὶ
3568 2934 3729 3006 θέλῃς
3785 2934 3885 2986 ἐπ-

2324 3040 2562 3110 αλείφειν
2597 3037 2787 3091 σαυτὸν
2816 3034 2937 3088 κατ’
2963 3030 3146 3096 αὑτοῦ,
3175 3027 3267 3102 ᾆδε
3292 3029 3380 3083 τὸν
3408 3030 3488 3099 λη’
3522 3026 3750 3097 ψαλμόν.
3778 3026 3887 3078 Καὶ

2325 3134 2439 3200 ἐὰν,
2462 3132 2568 3185 τῶν
2590 3127 2793 3201 ἐχθρῶν
2824 3121 3234 3193 ἐπιτιθεμένων,
3252 3119 3525 3192 ύπομένῃς
3541 3119 3638 3183 τὰς
3655 3118 3884 3188 θλίψεις,

672 3236 1013 3305 volucrisque
1037 3234 1300 3298 ediscere,
1329 3244 1527 3303 quanta
1548 3234 1617 3289 sit
1642 3234 1694 3287 in
1717 3210 1973 3303 patientia
1996 3231 2219 3293 utilitas.

2325 3226 2419 3280 καὶ
2471 3223 2627 3293 θέλῃς
2687 3218 2875 3291 μαθεῖν
2913 3216 3009 3287 τὴν
3060 3217 3124 3268 ἐκ
3158 3214 3257 3285 τῆς
3290 3212 3565 3283 ὑπομονῆς
3598 3210 3883 3280 ὠφέλειαν,

669 3329 837 3400 psalle
872 3327 1203 3383 tricesimum
1251 3341 1455 3379 nonum
1508 3326 1798 3396 psalmum.
1846 3323 1981 3379 Cum
2026 3324 2224 3380 multos

670 3421 821 3476 vides
846 3434 1111 3490 pauperes
1136 3426 1190 3470 et
1218 3415 1493 3471 mendicos
1514 3456 1529 3480 ,
1555 3426 1820 3484 Optasque
1847 3430 2035 3469 eorum
2061 3414 2226 3469 mise-

670 3513 801 3580 reri,
836 3511 1037 3583 potcris
1070 3510 1283 3579 quidem
1306 3525 1400 3564 eos
1424 3509 1514 3578 qui
1536 3508 1645 3577 jam
1672 3508 1791 3563 illos
1813 3507 2052 3563 miserati
2079 3515 2224 3573 sunt,

669 3606 914 3671 laudare,
937 3613 1268 3671 caeterosque
1297 3601 1362 3655 ad
1390 3600 1619 3670 idipsum
1653 3599 1923 3655 cohortari
1949 3641 1968 3667 ,
1997 3600 2225 3657 dicendo

669 3696 938 3768 psalmum
966 3693 1459 3763 quadragesimum.
1489 3689 1691 3745 Deinde
1712 3691 1757 3745 si
1790 3707 1985 3763 magno
2016 3692 2107 3747 Dei
2134 3694 2225 3748 de-

672 3782 871 3843 siderio
890 3783 1143 3854 ﬂagrans,
1174 3782 1412 3837 audieris
1428 3782 1675 3837 inimicos
1689 3782 2077 3851 exprobrantes
2100 3782 2223 3849 tibi,

670 3894 739 3937 ne
771 3877 1037 3942 turberis;
1064 3876 1157 3930 sed
1182 3874 1426 3945 cogitans
1460 3874 1820 3928 immortalem
1851 3887 1917 3927 ex
1962 3872 2226 3927 tali-desi-

669 3970 823 4025 derio
855 3967 1091 4021 fructum
1113 4004 1129 4030 ,
1163 3974 1311 4018 tuam
1354 3978 1449 4032 spe
1496 3963 1552 4017 in
1590 3962 1757 4018 Deum
1796 3962 2081 4018 consolare
2110 3962 2227 4016 ani-

671 4075 839 4126 mam,
863 4068 916 4114 et
936 4058 1015 4114 sic
1038 4058 1280 4111 allevans
1312 4053 1731 4124 demulcensque
1761 4054 1996 4115 dolores,
2028 4053 2226 4122 quibus

672 4150 762 4207 illa
793 4149 1057 4220 premitur
1100 4146 1153 4200 in
1205 4145 1308 4199 hac
1355 4144 1497 4207 vita,
1531 4142 1617 4199 dic
1657 4142 1719 4197 ll
1769 4143 2055 4212 psalmum.
2087 4141 2222 4194 Cum

671 4242 887 4298 assidue
914 4239 1226 4295 meminisse
1256 4235 1493 4291 volueris
1529 4234 1914 4291 beneﬁciorum
1948 4231 2080 4299 Dei,
2106 4247 2227 4303 quae

672 4333 913 4403 patribus
938 4331 1133 4384 collata
1164 4338 1311 4392 sunt,
1348 4338 1401 4381 et
1430 4327 1605 4380 exitus
1636 4341 1702 4379 ex
1726 4324 1958 4398 Egypto
1977 4365 1991 4390 ,
2017 4338 2227 4378 necnon

674 4422 1117 4482 commorationis
1145 4421 1200 4475 in
1227 4419 1537 4480 solitudine,
1561 4428 1614 4473 et
1643 4434 1803 4488 quam
1826 4418 2031 4473 scilicet
2053 4418 2228 4473 bonus

674 4521 745 4577 sit
775 4518 939 4582 Deus,
974 4528 1135 4585 quam
1164 4521 1343 4567 autem
1367 4510 1562 4580 ingrati
1598 4510 1846 4565 homines
1884 4510 2025 4573 sint,
2063 4509 2229 4563 habes

2323 3318 2491 3389 ψάλλε
2519 3315 2609 3369 τὸν
2655 3313 2732 3367 λθ¹
2769 3310 3000 3383 ψαλμόν.
3030 3308 3248 3361 Βλέπων
3282 3306 3340 3361 δέ
3381 3304 3607 3369 πολλοὺς
3652 3303 3889 3374 πένητας

2324 3409 2418 3463 καὶ
2455 3405 2722 3476 πτωχοὺς,
2765 3402 2858 3454 καὶ
2890 3400 3060 3463 θέλεις
3091 3397 3355 3452 ἐλεεῖσθαι
3392 3399 3617 3461 αὐτοὺς,
3663 3395 3888 3450 δύνασαι

2322 3500 2446 3563 τοὺς
2469 3498 2565 3569 μὲν
2595 3496 2693 3568 ἢδη
2719 3494 3043 3565 ἐλεήσαντας
3063 3490 3440 3561 ἀποδέχεσθαι,
3470 3491 3595 3553 τοὺς
3614 3489 3669 3541 δέ
3694 3489 3890 3553 ἄλλους

2324 3593 2403 3656 είς
2434 3591 2494 3645 τὸ
2519 3591 2690 3643 ποιεῖν
2716 3584 3136 3660 προτρέπεσθαι,
3161 3585 3217 3635 ἐν
3240 3580 3316 3651 τῷ
3336 3581 3511 3648 λέγειν
3536 3580 3626 3633 τὸν
3658 3586 3729 3651 μ’.
3755 3577 3890 3634 Εἶτα

2325 3686 2440 3747 ἐὰν,
2479 3684 2619 3738 πάνυ
2645 3680 2733 3735 τὸν
2760 3680 2922 3733 πόθον
2955 3678 3091 3749 έχων
3120 3678 3199 3739 είς
3223 3677 3313 3729 τὸν
3339 3674 3491 3736 Θεὸν,
3526 3672 3762 3743 ἀκούσῃς
3779 3673 3890 3726 τῶν

2326 3775 2532 3847 ἐχθρῶν
2558 3772 2940 3837 ὀνειδιζόντων,
2978 3771 3051 3841 μὴ
3073 3768 3342 3840 ταράσσου
3365 3785 3378 3797 ·
3407 3766 3543 3820 ἀλλὰ
3575 3768 3772 3847 συνιεὶς
3798 3765 3890 3818 τὸν

2325 3871 2389 3923 ἐκ
2422 3868 2513 3921 τοῦ
2546 3865 2783 3921 τοιούτου
2829 3863 2992 3917 πόθου
3020 3861 3281 3916 ἀθάνατον
3311 3860 3540 3931 καρπὸν,
3584 3846 3890 3931 παρακάλει

2326 3959 2522 4014 σαυτοῦ
2552 3959 2648 4030 τὴν
2680 3957 2855 4028 ψυχὴν
2886 3958 2950 4025 τῇ
2980 3956 3059 4018 εἰς
3082 3953 3214 4007 Θεὸν
3245 3952 3441 4017 ἐλπίδι,
3463 3950 3749 4022 καὶταύτῃ
3777 3950 3892 4001 ἐπι-

2327 4051 2599 4120 κουφίζων
2634 4048 2727 4102 καὶ
2758 4045 3160 4117 καταπραῢνων
3218 4045 3316 4106 τὰς
3360 4044 3417 4095 ἐν
3464 4042 3541 4112 τῷ
3572 4041 3670 4113 βίῳ
3713 4041 3890 4104 λύπας

2326 4144 2515 4214 αὐτῆς,
2556 4141 2681 4209 λέγε
2714 4138 2805 4192 τὸν
2841 4145 2926 4209 μα’
2958 4136 3188 4208 ψαλμόν.
3226 4135 3467 4205 Συνεχῶς
3496 4133 3551 4186 δέ
3584 4135 3891 4205 ἀναμιμνή-

2330 4232 2550 4289 σκεσθαι
2579 4230 2745 4284 θέλων
2774 4227 2871 4293 τὰς
2899 4226 3215 4299 εὐεργεσίας
3242 4226 3336 4279 τοῦ
3367 4225 3500 4278 Θεοῦ
3548 4224 3645 4288 τὰς
3666 4226 3893 4294 γενομέ-

2326 4343 2422 4387 νας
2448 4327 2525 4387 είς
2548 4322 2674 4385 τοὺς
2702 4321 2964 4391 πατέρας,
2988 4321 3081 4372 καὶ
3109 4336 3237 4391 περι
3266 4319 3365 4388 τῆς
3393 4317 3571 4383 ἐξόδου
3600 4317 3697 4387 τῆς
3722 4317 3891 4385 Αίγύ-

2329 4432 2463 4467 πτου
2483 4412 2575 4466 καὶ
2607 4412 2704 4483 τῆς
2750 4412 2806 4465 ἐν
2844 4412 2909 4481 τῇ
2935 4410 3125 4482 ἐρήμῳ
3151 4408 3420 4479 διαγωγῆς
3440 4450 3454 4474 ,
3500 4408 3615 4472 πῶς
3644 4425 3701 4461 τε
3730 4408 3757 4459 ὀ
3790 4407 3891 4479 μὲν

2329 4503 2458 4566 Θεὸς
2484 4501 2703 4570 ἀγαθὸς.
2732 4502 2779 4553 οἱ
2796 4500 2849 4553 δὲ
2870 4499 3142 4571 ἄνθρωποι
3168 4499 3469 4570 ἀχάριστοι,
3498 4499 3639 4568 ἔχεις
3664 4498 3753 4551 τὸν
3778 4505 3890 4569 μγ⁸

674 4612 765 4674 43,
806 4611 893 4675 77,
932 4607 1021 4671 88,
1078 4606 1201 4671 104,
1258 4604 1380 4669 103,
1430 4602 1693 4667 106,115.
1740 4602 1877 4657 Cum
1934 4609 2110 4655 autem
2162 4598 2219 4653 ad

2331 4595 2423 4675 καί
2446 4593 2535 4647 τὸν
2562 4592 2657 4658 oC',
2687 4593 2780 4645 καὶ
2825 4597 2933 4663 mf,
2968 4592 3061 4645 καὶ
3104 4590 3195 4645 τὸν
3229 4590 3301 4661 ρδ⁹
3327 4631 3342 4655 ,
3380 4591 3473 4643 καὶ
3504 4590 3597 4643 τὸν
3639 4598 3709 4663 ps’
3731 4632 3746 4657 ,
3796 4593 3893 4646 καὶ

672 4698 845 4758 Deum
888 4698 1225 4770 confugeris,
1270 4697 1530 4752 liberatus
1573 4694 1641 4748 ab
1680 4693 1935 4747 aerumnis
1975 4705 2095 4761 quia
2133 4690 2228 4744 tibi

675 4793 1017 4851 acciderunt,
1065 4789 1110 4843 si
1157 4786 1395 4841 volueris
1438 4784 1549 4839 Deo
1593 4782 1794 4854 gratias
1842 4795 2019 4850 agere,
2068 4786 2230 4845 atque

674 4899 928 4940 enarrare
948 4883 1067 4952 ejus
1102 4896 1225 4952 erga
1252 4891 1305 4935 te
1332 4877 1696 4943 clementiam,
1729 4874 1897 4929 habes
1932 4874 2231 4943 quadrage-

675 4979 872 5032 simum
905 4976 1174 5047 quintum.

742 5111 834 5165 20.
872 5108 975 5164 Sed
1009 5112 1265 5178 peccasti,
1296 5116 1350 5160 et
1376 5104 1577 5176 pudore
1606 5103 1831 5158 allectus
1856 5102 2227 5172 paenitentiam

676 5200 789 5268 agis
812 5208 866 5253 et
892 5196 1315 5253 misericordiam
1342 5195 1575 5266 ﬂagitas,
1607 5192 1775 5247 habes
1798 5190 2158 5247 confessionis
2179 5200 2232 5245 et

680 5288 1006 5358 paenitentiae
1044 5286 1205 5340 verba
1240 5286 1294 5339 in
1327 5286 1536 5355 psalmo
1577 5282 2042 5353 quinquagesimo.
2074 5276 2229 5346 Quod

678 5382 722 5438 si
760 5380 898 5448 apud
944 5393 1118 5449 regem
1157 5377 1400 5447 iniquum
1434 5375 1757 5431 calumniam
1792 5388 1987 5444 passus
2024 5388 2114 5439 cs,
2151 5372 2199 5424 vi
2228 5404 2229 5407 η

675 5478 879 5543 desque
911 5473 1141 5543 superbe
1174 5471 1522 5529 insultantem
1548 5468 2015 5531 calumniatorem,
2042 5468 2229 5520 secede

678 5573 731 5618 tu
752 5605 767 5629 ,
798 5572 851 5618 et
874 5560 961 5615 dic
994 5576 1053 5616 ea
1085 5577 1206 5631 qua:
1233 5560 1288 5614 in
1325 5561 1385 5615 51
1412 5559 1699 5615 habentur.
1730 5556 1795 5611 Et
1823 5572 1945 5612 cum
1980 5566 2028 5610 te
2063 5556 2232 5631 aliqui

679 5662 1093 5723 persequuntur,
1130 5661 1184 5706 et
1227 5651 1629 5706 calumniantur
1657 5660 1707 5703 te
1726 5687 1743 5713 ,
1784 5650 1927 5704 velut
1956 5647 2152 5717 Ziphmi
2179 5660 2233 5703 et

677 5747 932 5817 all0phyli
986 5746 1240 5803 Davidem
1268 5788 1283 5813 ,
1323 5763 1389 5804 ne
1438 5756 1666 5803 mmstus
1712 5745 1825 5808 sis,
1868 5747 1960 5802 sed
1996 5740 2232 5801 Domino

684 5839 960 5897 conlidens
1010 5856 1239 5911 eumque
1284 5840 1506 5898 laudans
1558 5839 1718 5899 recita
1762 5839 1828 5893 53
1871 5848 1920 5895 et
1965 5839 2051 5893 55.
2080 5836 2236 5903 Quod

2330 4674 2440 4757 Ps".
2477 4684 2571 4738 καὶ
2608 4689 2731 4754 ριΥ·
2764 4680 3108 4749 Κσιτα(ἱ)υγὼν
3132 4681 3189 4734 δὲ
3218 4681 3349 4752 πρὸς
3373 4682 3463 4733 τὸν
3491 4680 3622 4734 Θεὸν
3655 4681 3746 4734 καὶ
3770 4681 3888 4736 δια-

2331 4777 2521 4841 σωθεὶς
2545 4777 2649 4830 ἀπὸ
2676 4775 2783 4828 τῶν
2820 4776 2945 4847 περὶ
2979 4775 3038 4827 σὲ
3068 4774 3373 4844 γενομένων
3400 4772 3652 4843 θλίψεων,
3686 4772 3781 4827 ἐὰν
3811 4773 3893 4828 θέ-

2327 4870 2425 4943 λῃς
2456 4868 2845 4941 εὐχαριστῆσαι
2876 4868 2955 4939 τῷ
2985 4866 3121 4937 Θεῷ,
3176 4867 3268 4919 καὶ
3292 4865 3653 4937 διηγήσασθαι
3681 4865 3779 4936 τὴν
3811 4868 3894 4932 είς

2332 4964 2387 5017 σέ
2416 4963 2709 5032 γενομένην
2737 4958 3161 5030 φιλανθρωπίαν,
3192 4958 3335 5029 ἔχεις
3357 4957 3447 5010 τὸν
3475 4963 3577 5028 με’,

2402 5097 2469 5153 κ’.
2516 5098 2653 5151 Ἀλλ’
2686 5099 2929 5168 ἥμαρτες
2950 5134 2966 5160 ,
3018 5095 3111 5148 καὶ
3149 5093 3435 5166 ἐντραπεὶς
3466 5092 3893 5165 μεταγινώσκεις

2332 5193 2424 5245 καὶ
2461 5189 2743 5262 ἐλεηθῆναι
2762 5189 2951 5255 ἀξιοῖς,
2987 5188 3128 5258 ἔχεις
3155 5188 3280 5250 τοὺς
3312 5185 3412 5255 τῆς
3455 5183 3893 5255 ἐξομολογήσεως

2332 5284 2421 5335 καὶ
2459 5282 2743 5350 μετανοίας
2775 5280 2965 5348 λόγους
2995 5282 3055 5332 ἐν
3084 5278 3159 5348 τῷ
3188 5283 3250 5330 ν’.
3285 5276 3348 5329 Ei
3374 5275 3433 5328 δέ
3473 5276 3567 5329 καὶ
3602 5274 3891 5346 διεϐλήθης

2332 5370 2551 5442 πονηρῷ
2586 5370 2812 5439 βασιλεῖ,
2844 5369 2934 5425 καὶ
2963 5369 3093 5440 ὁρᾷς
3117 5366 3207 5419 τὸν
3246 5366 3487 5420 διάϐολον
3530 5362 3890 5434 κατακαυχῶ-

2336 5481 2513 5535 μενον,
2545 5460 2833 5532 άναχώρει,
2868 5461 2959 5514 xal
2984 5460 3106 5527 λέγε
3140 5459 3234 5511 καὶ
3262 5458 3325 5511 σὺ
3353 5457 3421 5511 τὰ
3449 5458 3507 5510 ἐν
3534 5454 3610 5527 τῷ
3629 5454 3729 5509 να’.
3780 5454 3891 5508 Καὶ

2331 5560 2419 5612 ὅτε
2452 5556 2548 5628 μὲν
2578 5555 2768 5629 διώκῃ,
2793 5554 2888 5610 καὶ
2915 5552 3254 5609 διαϐάλλουσι
3292 5567 3436 5615 τινες
3469 5546 3798 5619 παραδοῦναί
3830 5564 3896 5601 σε

2334 5651 2596 5711 θέλοντες,
2624 5649 2699 5712 ὡς
2727 5649 2776 5700 oi
2799 5648 3009 5715 Ζιφαῖοι
3052 5645 3144 5698 καὶ
3166 5646 3214 5698 οἱ
3254 5643 3535 5713 ἀλλόφυλοι
3578 5641 3671 5696 τὸν
3704 5641 3891 5705 Δαῦὶδ,

2339 5743 2410 5813 μὴ
2433 5740 2751 5813 ἁκηδιάσῃς,
2786 5737 2922 5791 ἀλλὰ
2956 5736 3171 5808 θαρῤῶν
3204 5735 3279 5807 τῷ
3308 5735 3528 5806 Κυρίῳ,
3574 5734 3666 5789 καὶ
3708 5732 3893 5803 ὑμνῶν

2330 5836 2513 5889 αὐτὸν,
2550 5833 2673 5903 λέγε
2715 5831 2778 5885 τὰ
2813 5833 2870 5884 ἐν
2896 5829 2973 5901 τῷ
3000 5836 3077 5900 νγ’
3121 5829 3213 5883 καὶ
3255 5834 3347 5884 νε⁹.
3390 5828 3513 5881 Ἐὰν
3548 5826 3605 5881 δέ
3642 5826 3733 5882 καὶ
3761 5843 3891 5879 συν-
