4122 6492
229 455 294 515 33
1325 441 1664 499 EPISTOLA
1702 444 1795 501 AD
1830 444 2352 505 MARCELLINUII.
3386 460 3459 520 34

228 568 399 643 δράμῃ
421 570 450 621 6
467 564 711 633 διώκων,
728 566 821 620 καὶ
845 564 918 637 μὴ
934 562 1214 633 γινώσκων
1236 561 1452 636 εἰσέλθῃ
1474 565 1555 627 εις
1577 562 1637 618 τὸ
1661 565 1785 637 σπήι

1898 566 1945 623 si
1991 568 2207 639 ingruat
2238 568 2543 638 persecutio
2565 611 2579 634 ,
2610 577 2666 625 et
2704 570 3020 643 imprudens
3052 589 3366 645 persecutor
3401 580 3457 634 in

228 662 371 716 λαιον
402 662 461 713 tv
486 652 534 727 ᾧ
565 659 667 712 καὶ
693 659 759 712 σὺ
778 656 1011 730 κρύπτῃ,
1039 656 1162 728 μηδ’
1182 655 1353 719 οὕτως
1381 654 1591 728 πτήξης
1607 674 1623 688 ο
1649 656 1794 728 ἔχεις

230 748 332 821 γὰρ
356 749 482 811 τοὺς
506 748 568 799 tv
598 744 826 817 τοιαύτῃ
851 746 1063 816 ἀνάγκη
1084 744 1366 819 χρησμοὺς
1404 746 1485 809 είς
1517 746 1795 820 παράκλη-

233 859 311 895 σιν
335 842 429 894 καὶ
452 839 865 911 στηλογραφίας
888 838 1099 907 λόγους,
1122 838 1249 903 τοὺς
1268 840 1326 891 tv
1339 837 1419 910 τῷ
1443 844 1530 905 νς¹
1558 838 1797 903 καὶτοὺς

230 935 285 989 tv
314 934 388 1004 τῷ
416 938 568 1004 ρμα’.
622 932 752 985 'an
775 930 832 985 δί
863 931 957 984 καὶ
982 930 1321 1001 φυλαχθῆναι
1340 917 1460 1002 ⁵’τὴν
1501 930 1680 985 οἰκίαν
1704 947 1796 985 κε-

229 1022 388 1096 λεύσῃ
405 1025 435 1075 ὁ
459 1019 851 1085 ἐπιδουλεύων,
877 1020 971 1074 καὶ
996 1019 1279 1091 διαφύγης,
1302 1018 1544 1074 ἀνατίθει
1569 1020 1647 1089 τῷ
1680 1021 1793 1074 Κυ-

233 1115 325 1187 ρίῳ
344 1114 443 1186 τὴν
475 1112 664 1185 χάριν,
702 1111 778 1174 ώς
804 1112 860 1164 tv
888 1111 1107 1182 στήλαις
1153 1112 1380 1183 γράφων
1434 1111 1603 1183 αὐτὴν
1645 1113 1703 1166 tv
1725 1115 1791 1184 τῇ

227 1207 386 1277 ψυχῇ,
422 1204 774 1276 μνημόσυνον
802 1197 966 1256 οὖσαν
1009 1201 1104 1255 τοῦ
1131 1202 1206 1274 μὴ
1243 1201 1563 1273 διεφθάρθαι
1596 1220 1675 1269 σε,
1701 1204 1795 1257 καὶ

227 1295 343 1366 λέγε
363 1294 431 1349 τὰ
460 1297 520 1348 tv
544 1293 631 1365 τῷ
660 1299 743 1365 νην
759 1292 974 1365 ψαλμῷ.
1007 1293 1132 1347 Ἐἀν
1158 1293 1327 1348 δὲκαὶ
1351 1293 1650 1359 ὀνειδίζωσι
1677 1294 1792 1348 θλί-

227 1387 403 1453 δοντες
432 1387 482 1440 ot
535 1385 747 1458 ἐχθροὶ,
797 1385 891 1439 καὶ
933 1382 1297 1456 φλυαροῦντες
1351 1384 1710 1440 διαϐάλλωσιν
1741 1388 1791 1441 oi
1841 1406 1843 1409 ν

224 1478 498 1542 δοκοῦντες
527 1473 673 1531 εῐναι
692 1476 855 1547 φίλοι,
895 1477 988 1530 καὶ
1018 1475 1265 1549 λυπηθῇς
1292 1479 1352 1532 tv
1395 1481 1462 1551 τῇ
1509 1478 1793 1553 ἀδολεσχίᾳ

228 1590 315 1627 σου
346 1573 486 1646 πρὸς
508 1572 716 1642 ὀλίγον,
740 1572 875 1628 ἀλλὰ
902 1571 1123 1626 δύνασαι
1156 1572 1581 1644 παρακαλεῖσθαι
1606 1574 1792 1646 ὑμνῶν

226 1666 314 1719 καὶ
340 1668 405 1719 σὺ
438 1666 534 1719 τὸν
579 1665 737 1730 Θεὸν,
773 1665 866 1720 καὶ
915 1664 1089 1735 λέγων
1130 1666 1200 1721 τὰ
1230 1668 1290 1720 tv
1319 1665 1398 1739 τῷ
1443 1667 1514 1721 νδ¹
1553 1667 1785 1739 ῥήματα.

226 1756 328 1810 Καὶ
354 1756 493 1829 πρὸς
519 1756 625 1828 μὲν
643 1756 1101 1828 ὑποκρινομένους
1131 1758 1225 1811 καὶ
1261 1759 1321 1812 tv
1348 1758 1627 1831 προσώπῳ
1658 1776 1791 1813 καυ-

224 1848 496 1919 χωμένους
536 1848 668 1919 λέγε
699 1848 834 1921 πρὸς
872 1850 1137 1923 ἱντροπὴν
1168 1851 1390 1905 ἐκείνων
1435 1850 1526 1904 τὸν
1548 1850 1623 1916 νζ¹
1657 1851 1791 1922 ψαλο

1897 672 2017 714 eam
2046 659 2357 729 speluncam
2398 660 2633 725 incidat,
2664 662 2716 717 in
2746 678 2855 734 qua
2896 675 2955 721 tu
2988 667 3360 737 absconderis,
3391 685 3458 727 ne

1899 747 2246 816 reformides;
2284 750 2453 807 habes
2477 754 2621 808 enim
2661 761 2715 809 et
2764 755 2817 810 in
2851 756 2942 810 tali
2987 758 3309 815 necessitate
3337 774 3459 831 per-

1901 841 2058 897 utiles
2078 842 2145 897 ad
2173 843 2595 899 consolationem
2612 854 2666 900 et
2688 846 2823 902 tituli
2851 848 3226 919 inscriptionis
3252 862 3458 906 sermo-

1899 948 1995 987 nes
2017 934 2071 986 in
2103 933 2328 1004 psalmis
2346 933 2416 989 56
2447 944 2501 990 et
2538 936 2659 991 ltl.
2698 935 2757 992 Si
2808 950 2986 996 autem
3022 940 3247 1010 jusserit
3276 957 3459 1012 perse-

1898 1031 2055 1079 cutor
2084 1025 2342 1079 custodiri
2377 1026 2599 1081 domum
2648 1036 2796 1084 tuam
2816 1072 2832 1097 ,
2857 1040 2913 1085 et
2957 1042 3138 1087 tamen
3167 1033 3416 1103 eﬂugeris
3440 1075 3456 1099 ,

1900 1113 2010 1169 Deo
2038 1114 2180 1171 refer
2210 1116 2438 1187 gratiam
2460 1159 2475 1183 ,
2510 1135 2741 1190 eamque
2768 1121 2821 1177 in
2857 1123 3037 1178 anima
3079 1133 3166 1178 tua
3211 1124 3369 1194 quasi
3403 1126 3457 1179 in

1898 1208 2058 1278 cippo
2088 1208 2347 1275 inscribe,
2373 1218 2434 1264 ut
2462 1213 2777 1268 memoriale
2803 1214 2873 1269 sit
2902 1222 3008 1270 tum
3038 1215 3457 1282 incolumitatis,

1896 1305 1951 1361 et
1975 1297 2061 1352 die
2085 1313 2148 1354 ea
2170 1314 2294 1369 quae
2322 1310 2451 1357 sunt
2486 1302 2539 1356 in
2568 1302 2656 1359 58.
2694 1304 2750 1358 Si
2777 1314 2955 1360 autem
2986 1308 3312 1377 exprobrent
3336 1309 3455 1373 tibi,

1896 1388 1987 1458 qui
2030 1397 2082 1444 te
2107 1389 2348 1460 affligunt
2392 1391 2601 1448 inimici
2654 1396 2765 1459 tui,
2799 1404 2854 1450 ct
2893 1397 2982 1467 qui
3013 1397 3261 1453 videntur
3293 1399 3458 1454 amici

1895 1494 2016 1537 esse
2043 1482 2119 1535 tui
2146 1522 2161 1546 ,
2197 1482 2552 1554 obloquentes
2588 1486 2962 1552 detraxerint,
3004 1497 3059 1542 et
3092 1488 3148 1542 in
3189 1488 3458 1544 exercita-

1896 1570 2043 1626 tione
2072 1579 2161 1627 tua
2186 1572 2254 1628 ad
2280 1572 2555 1629 modicum
2588 1576 2846 1645 temporis
2881 1577 3219 1633 contristeris
3238 1617 3254 1642 ,
3282 1588 3336 1633 et
3362 1592 3459 1649 po-

1898 1669 1980 1718 tes
2034 1678 2169 1719 sane
2217 1664 2447 1735 teipsum
2504 1667 2774 1722 consolari
2825 1668 3041 1738 hymnis
3096 1667 3267 1724 Deum
3316 1669 3459 1726 cele-

1895 1753 2103 1810 brando
2147 1770 2212 1811 ac
2256 1757 2536 1813 recitando
2569 1759 2837 1829 psalmum
2864 1759 2956 1816 δι.
2987 1760 3259 1817 Adversus
3290 1762 3460 1834 hypo-

1894 1846 2062 1901 critas
2108 1854 2164 1901 et
2204 1846 2257 1901 in
2298 1846 2437 1903 facie
2473 1848 2800 1919 gloriantes,
2839 1851 2925 1906 die
2958 1852 3026 1907 ad
3079 1853 3454 1909 confusionem

227 1941 354 2010 μόν·
386 1941 525 2014 πρὸς
554 1941 614 1995 δὶ
642 1943 769 2006 τοὺς
805 1942 1092 2015 ὁρμῶντας
1119 1944 1327 2015 ἀγρίως
1365 1944 1504 1998 κατὰ
1531 1943 1647 2011 σοῦ,
1698 1946 1785 1999 καὶ

1890 1952 2078 1993 eorum
2112 1939 2380 2008 psalmum
2430 1940 2520 1997 57.
2543 1940 2821 1998 Adversus
2858 1957 2951 1999 eos
2980 1952 3161 1999 autem
3192 1944 3285 2015 qui
3319 1945 3372 1999 in
3406 1957 3457 2000 te

224 2030 466 2096 θέλοντας
497 2031 689 2086 λαϐεῖν
717 2048 810 2085 σου
841 2032 939 2104 τὴν
959 2032 1157 2103 ψυχὴν,
1188 2033 1402 2097 ἀντίθες
1429 2035 1493 2088 σὺ
1532 2034 1630 2107 τὴν
1654 2035 1790 2107 πρὸς

221 2121 305 2175 τὸν
329 2120 462 2175 Θεόν
487 2138 584 2175 σου
604 2121 902 2193 ὑποταγὴν,
944 2124 1035 2175 καὶ
1060 2122 1273 2195 θάρρει,
1311 2124 1461 2195 Ὀσῳ
1491 2125 1599 2196 γὰρ
1650 2128 1791 2179 ἐκεῖ·

220 2228 295 2266 νοι
330 2214 660 2284 μαίνονται,
714 2215 954 2287 τοσούτῳ
989 2216 1189 2280 μᾶλλον
1239 2217 1545 2303 ὑποτάσσου
1599 2220 1664 2273 σὺ
1713 2219 1790 2291 τῷ

222 2302 419 2376 Κυρίῳ,
452 2304 548 2358 καὶ
576 2305 702 2375 λέγε
735 2304 805 2358 τὰ
823 2307 880 2360 tv
912 2304 990 2376 τῷ
1020 2304 1120 2372 ξω.
1176 2306 1287 2360 Καὶ
1319 2302 1415 2360 ὲάν
1456 2307 1557 2378 μὲν
1600 2308 1791 2363 διωκό-

223 2410 374 2463 μενος
394 2397 475 2459 είς
508 2397 748 2468 ἐρημίαν
770 2395 1032 2469 ἀπέλθῃς.
1067 2397 1141 2468 μὴ
1171 2396 1413 2469 φοϐηθῇς
1437 2398 1512 2463 ώς
1532 2400 1691 2471 μόνος
1713 2399 1788 2455 ῶν

220 2478 346 2553 tui,
375 2486 519 2557 ἔχων
562 2487 620 2541 δι
661 2487 753 2541 τὸν
790 2487 924 2543 Θεὸν
955 2490 1073 2542 ἐκεῖ
1115 2492 1210 2543 καὶ
1243 2490 1390 2562 ,πρὸς
1420 2492 1581 2546 αὐτὸν
1612 2494 1791 2567 ὀρθρί-

220 2577 321 2641 ζων
356 2577 527 2649 ψάλλε
569 2578 661 2632 τὸν
686 2578 784 2649 ξβν.
824 2578 1228 2649 Ἐκφηϐούντων
1255 2581 1312 2635 δὲ
1330 2582 1439 2635 τῶν
1467 2583 1675 2656 ἰχθρῶν
1695 2587 1787 2640 καὶ

222 2667 292 2742 μὴ
318 2670 649 2742 παυομένων
673 2670 769 2725 τοῦ
800 2670 1133 2743 ἐνεδρεύειν,
1158 2671 1313 2747 ἀλλὰ,
1340 2674 1434 2727 καὶ
1462 2675 1785 2747 ἐξερευνών-

217 2778 317 2816 των
354 2765 463 2819 πᾶν
496 2763 647 2819 κατά
699 2763 831 2830 σοῦ,
857 2764 961 2819 κᾶν
993 2764 1195 2835 πλῆθος
1240 2746 1364 2831 ὦσι,
1398 2767 1473 2840 μὴ
1514 2746 1783 2841 atem;-

220 2851 338 2927 βέλη
367 2854 479 2927 γὰρ
501 2855 717 2925 νηπίων
742 2854 953 2910 ἔσονται
984 2856 1191 2910 τούτων
1213 2857 1270 2910 αἱ
1303 2857 1530 2929 πληγαὶ,
1560 2858 1787 2929 ψάλλον-

217 2946 299 3009 τός
318 2963 409 3000 σου
442 2946 539 3000 τὸν
571 2945 669 3015 ξγ’,
697 2947 792 3001 καὶ
818 2946 908 2999 τὸν
941 2946 1033 3014 EE,
1063 2948 1160 3002 καὶ
1182 2946 1278 3013 ξθ’,
1316 2950 1409 3003 καὶ
1438 2957 1502 3004 o’.

277 3148 378 3196 καί.
410 3142 530 3197 Καὶ
560 3141 689 3196 ὅταν
717 3141 815 3213 μιν
846 3141 1081 3214 ὑμνῆσαι
1109 3141 1274 3217 βούλῃ
1298 3142 1391 3197 τὸν
1417 3141 1622 3215 Κύριον
1641 3182 1656 3208 ,

213 3229 276 3284 τὰ
300 3233 355 3285 tv
383 3232 464 3305 τῷ
497 3229 574 3297 ξδ’
581 3230 764 3327 .-Ἐὰν
802 3231 861 3284 δὲ
905 3231 1213 3327 κατηχῆσαι
1256 3232 1435 3327 θέλῃς-
1463 3232 1616 3327 τινὰς
1809 3266 1854 3327 C

213 3324 578 3387 ἀναστάσεως,
605 3318 700 3395 ᾆδε
721 3320 790 3377 τά
813 3322 872 3376 tv
897 3320 976 3393 τῷ
1017 3320 1109 3387 Es’.
1151 3322 1485 3393 Οίκτιρμοὺς
1508 3322 1567 3377 δὲ
1614 3322 1782 3377 αιτῶν

214 3415 355 3486 παρά
378 3415 475 3469 τοῦ
507 3413 670 3479 Θεοῦ,
706 3413 864 3486 ὕμνει
904 3413 1089 3479 αὐτὸν,
1134 3414 1352 3484 ψάλλων
1380 3414 1471 3469 τὸν
1511 3414 1618 3481 Eg“.
1657 3417 1785 3469 Ὀτε

211 3504 265 3560 δὲ
294 3504 512 3576 βλέπεις
542 3503 669 3569 τοὺς
701 3504 800 3575 μὲν
816 3505 1032 3570 ἀσεϐεῖς
1057 3506 1117 3560 tv
1145 3506 1336 3579 εἰρήνῃ
1357 3504 1785 3578 εὐθηνουμένους

214 3599 301 3653 καὶ
325 3597 684 3669 καταθυμίως
722 3595 930 3662 ζῶντας
970 3598 1098 3661 τοὺς
1147 3598 1204 3652 δὲ
1253 3597 1494 3662 δικαίους
1538 3598 1785 3671 θλιϐομέ-

214 3705 348 3754 νους,
371 3690 459 3743 ἴνα
511 3686 591 3761 μὴ
617 3684 1010 3755 αανδαλισθῇς
1045 3684 1140 3739 καὶ
1177 3685 1628 3759 παρασαλευθῇς,
1661 3686 1783 3757 λέγε

214 3782 302 3835 καὶ
330 3783 393 3836 σὺ
410 3781 485 3836 τὰ
506 3782 569 3834 tv
592 3777 671 3851 τῷ
697 3776 774 3850 οβ’
791 3775 1011 3849 ψαλμῷ.
1050 3778 1163 3831 Καὶ
1187 3776 1316 3832 ὅταν
1356 3777 1455 3848 μὲν
1486 3777 1713 3849 ὀργισθῇ
1754 3780 1784 3831 ὀ

213 3872 336 3939 Θεὸς
353 3874 447 3929 ἐπὶ
468 3872 568 3928 τὸν
591 3871 742 3936 λαὸν,
771 3868 915 3943 ῑχεις
946 3870 1027 3933 είς
1048 3866 1391 3940 παράκλησιν
1422 3868 1552 3940 περὶ
1592 3866 1779 3922 τούτου

209 3963 391 4035 λόγως
436 3963 702 4026 συνετοὺς
731 3962 859 4025 τοὺς
903 3961 962 4013 tv
1014 3958 1093 4030 τῷ
1127 3964 1205 4029 of
1229 3975 1245 3991 ο
1279 3960 1369 4014 ὅτε
1407 3959 1465 4014 δὲ
1494 3960 1652 4031 χρεία
1699 3976 1780 4014 σοι

210 4048 649 4125 ἐξομολογήσεώς
677 4049 815 4115 tati,
848 4046 1018 4118 ψάλλε
1050 4047 1142 4101 τὸν
1181 4047 1248 4112 θ’,
1296 4048 1371 4101 οδ¹
1422 4049 1517 4102 καὶ
1551 4053 1659 4116 μα’,
1686 4050 1781 4105 καὶ

213 4144 300 4215 ρδ,
329 4145 423 4200 καὶ
462 4148 562 4215 ρε’,
589 4141 685 4197 καὶ
713 4147 824 4215 pg‘,
848 4140 943 4195 καὶ
977 4137 1080 4212 ρξ’,
1124 4140 1219 4194 καὶ
1255 4145 1343 4212 ρι’,
1377 4138 1473 4192 καὶ
1503 4138 1637 4212 ριζ’,
1685 4141 1780 4194 καὶ

212 4235 330 4307 ρλεθ,
354 4237 461 4292 καὶ
483 4233 613 4308 ρλξ.
642 4234 753 4289 Καὶ
773 4232 1091 4305 δυσωπῆσαι
1118 4231 1219 4304 μὶν
1244 4230 1414 4286 θέλων
1438 4230 1506 4284 τὰ
1526 4230 1635 4285 τῶν
1670 4231 1781 4285 Ἐλ-

207 4327 371 4402 λήνων
400 4329 506 4384 καὶ
533 4328 602 4409 τὶ
630 4324 739 4380 τῶν
766 4323 1081 4397 αἱρετικῶν,
1114 4324 1196 4378 ὅτι
1221 4323 1296 4395 μὴ
1322 4324 1452 4395 παρ’
1483 4323 1670 4387 αὐτοῖς
1698 4321 1776 4376 tvt

210 4418 525 4490 θεογνωσία,
554 4416 670 4472 ἀλλ’
718 4418 777 4471 tv
832 4414 968 4487 μόνῃ
1009 4418 1077 4487 τῇ
1136 4413 1399 4485 καθολικῇ
1465 4413 1775 4487 Ἐκκλησία,

208 4510 430 4567 δύνασαι
461 4508 600 4565 νοῶν
635 4507 783 4582 ᾅδειν
813 4506 908 4561 καὶ
935 4505 1113 4577 λέγειν
1138 4504 1208 4559 τά
1240 4506 1298 4560 tv
1328 4503 1407 4576 τῷ
1430 4502 1523 4558 oe'.
1568 4504 1691 4558 Τῶν
1717 4504 1774 4558 δὲ

1892 2030 2149 2084 atrociter
2174 2030 2464 2089 irruuntet
2502 2048 2692 2103 capere
2718 2036 2905 2090 volunt
2930 2035 3167 2090 animam
3199 2046 3369 2101 tuam,
3398 2048 3455 2093 tu

1890 2134 2132 2190 opponas
2178 2121 2287 2177 illis
2328 2130 2478 2177 tuam
2526 2136 2651 2195 erga
2695 2124 2864 2180 Deum
2910 2128 3357 2198 obsequentiam,
3402 2139 3458 2188 et

1888 2211 2099 2267 confide
2131 2229 2145 2266 :
2173 2222 2377 2283 quanto
2406 2212 2550 2268 enim
2583 2215 2660 2270 illi
2702 2216 3075 2273 vehementius
3109 2219 3409 2276 institeriut
3437 2260 3454 2283 ,

1891 2308 2042 2357 tanto
2070 2305 2246 2375 magis
2276 2314 2327 2359 te
2369 2302 2598 2361 Domino
2634 2307 2924 2363 submittas
2946 2347 2961 2373 ,
2986 2317 3040 2364 et
3066 2309 3155 2365 dic
3180 2312 3342 2367 verba
3365 2314 3452 2367 61.

1891 2389 1950 2446 Si
1982 2396 2416 2461 persecutionem
2453 2411 2647 2466 passus
2682 2399 2736 2452 in
2760 2399 3105 2456 solitudinem
3140 2403 3452 2468 recesseris.

1889 2498 1957 2539 ne
1997 2482 2256 2540 forrnides
2293 2488 2451 2556 quasi
2498 2488 2650 2545 solus
2678 2490 2749 2545 ibi
2793 2490 2991 2561 degas,
3021 2509 3146 2548 cum
3188 2495 3330 2550 adsit
3356 2496 3455 2551 tibi

1888 2572 2050 2641 Deus,
2082 2575 2148 2629 ad
2191 2591 2353 2645 quem
2397 2576 2618 2633 diliculo
2659 2592 2795 2634 cane
2831 2581 3097 2651 psalmum
3125 2584 3215 2639 62.
3255 2583 3313 2639 Si
3346 2594 3454 2641 ter-

1888 2674 2043 2722 reant
2068 2675 2121 2721 te
2144 2667 2372 2731 inimici,
2404 2684 2505 2726 nec
2534 2670 2695 2725 tinem
2729 2669 2933 2727 faciant
2956 2672 3277 2729 insidiarum
3298 2714 3315 2741 ,
3344 2675 3455 2730 imo

1885 2758 2171 2813 adversum
2224 2767 2274 2813 te
2309 2761 2496 2815 omnia
2524 2770 2860 2829 scrutentur,
2893 2763 3105 2820 etiamsi
3147 2767 3303 2822 multi
3335 2766 3454 2823 fue-

1885 2849 2029 2913 rint.
2079 2864 2424 2920 nequaquam
2472 2852 2672 2909 cedas:
2704 2870 2828 2908 nam
2860 2857 3069 2927 sagitta:
3103 2858 3454 2928 parvulorum

1884 2950 2043 2998 erunt
2082 2941 2252 3013 plagae
2287 2957 2502 3008 eorum,
2546 2955 2775 3001 canente
2821 2955 2871 3002 te
2910 2948 3149 3017 psalmos
3204 2949 3310 3014 63,
3343 2949 3452 3017 ϐλ,

1885 3030 1954 3089 69
1968 3071 1985 3097 ,
2018 3032 2103 3087 7ο.

1951 3145 2040 3199 ει.
2082 3144 2315 3210 Quando
2376 3142 2545 3202 Deum
2621 3148 2897 3205 celebrare
2971 3150 3233 3216 volueris,
3284 3151 3453 3209 recita

1885 3233 2280 3303 sexagesimum
2318 3246 2597 3305 quartum.
2624 3236 2682 3292 Si
2706 3238 2924 3311 aliquos
2946 3240 3013 3295 de
3038 3235 3450 3299 resurrectione

1887 3324 2162 3388 instituas,
2190 3328 2357 3382 recita
2391 3326 2481 3383 65.
2514 3326 2805 3386 Postulans
2835 3346 2865 3385 a
2894 3330 3125 3389 Domino
3149 3334 3454 3390 miseratio-

1886 3430 2016 3479 nes,
2043 3415 2204 3470 lauda
2232 3416 2383 3471 illum
2410 3459 2424 3483 ,
2456 3419 2693 3489 psallens
2724 3421 2813 3476 66.
2843 3421 2979 3476 Cum
3016 3422 3221 3478 videris
3256 3424 3453 3496 impios

1885 3503 1938 3558 in
1970 3520 2100 3575 pace
2130 3521 2393 3576 prospere
2418 3501 2641 3579 agentes
2670 3519 2725 3565 et
2753 3512 2988 3568 libenter
3035 3513 3280 3571 viventes
3303 3555 3318 3582 ,
3357 3516 3452 3587 ju-

1881 3605 1994 3652 stos
2020 3606 2199 3651 autem
2213 3598 2461 3665 afflictos,
2490 3616 2558 3656 ne
2578 3602 2985 3669 scandalizeris,
3006 3618 3183 3675 neque
3207 3620 3454 3663 commo-

1880 3687 2081 3750 vearis.
2114 3690 2206 3743 sed
2241 3690 2329 3745 die
2358 3692 2628 3761 psalmum
2654 3691 2741 3747 72.
2764 3692 2902 3749 Cum
2926 3694 3097 3751 iratus
3122 3694 3285 3752 fuerit
3308 3696 3452 3754 Deus

1881 3777 2147 3835 adversus
2188 3783 2447 3851 populum
2473 3821 2488 3845 ,
2529 3782 2697 3840 habes
2734 3784 2803 3839 ad
2834 3787 3264 3843 consolationem
3305 3789 3450 3845 illius

1878 3868 2039 3924 verba
2063 3872 2430 3940 prudentiain
2455 3872 2541 3926 73.
2564 3872 2795 3938 Quando
2816 3876 3160 3934 confessione
3192 3880 3289 3934 tibi
3311 3895 3449 3951 opus

1877 3960 2003 4024 erit,
2028 3960 2198 4031 psalle
2222 3962 2276 4029 9,
2305 3961 2393 4030 7t,
2422 3962 2511 4028 91,
2548 3964 2809 4031 l0t,105,
2832 3978 2885 4021 et
2902 3967 3097 4036 106,et
3118 3969 3240 4038 107,
3256 3970 3447 4038 ει11ο,

1878 4059 1932 4107 et
1955 4051 2079 4118 117,
2109 4048 2301 4119 ειιὲδ,
2328 4064 2384 4110 et
2405 4055 2527 4111 137.
2566 4054 2658 4113 Vis
2685 4058 2966 4129 gentilium
2993 4070 3047 4115 et
3072 4060 3447 4118 hereticorum

1877 4142 2160 4212 opiniones
2178 4146 2533 4213 confundere,
2556 4156 2609 4203 et
2632 4160 3064 4205 commonstrare
3085 4165 3192 4207 non
3214 4154 3356 4225 apud
3389 4155 3448 4209 il-

1876 4233 1958 4290 los
1976 4250 2097 4290 esse
2121 4234 2216 4291 Dei
2236 4238 2623 4307 cognitionem,
2647 4240 2741 4295 sed
2768 4240 2821 4294 in
2848 4241 2965 4295 sola
2983 4241 3249 4312 Ecclesia,
3268 4256 3441 4315 potes,

1877 4324 2229 4380 considerans
2252 4365 2268 4391 ,
2300 4340 2498 4381 canere
2527 4335 2691 4398 atque
2714 4328 2897 4385 dicere
2919 4346 3043 4400 quae
3076 4330 3130 4386 in
3157 4342 3441 4405 septuage-

1877 4414 2019 4470 simo
2047 4418 2241 4485 quinto
2267 4415 2558 4474 habentur.
2592 4419 2834 4475 Inimicis
2860 4430 3039 4477 autem
3071 4422 3268 4495 effugia
3305 4441 3441 4496 prae-

1875 4508 2265 4576 occupantibus
2288 4523 2352 4564 ac
2382 4519 2432 4564 te
2455 4524 2802 4582 summopere
2829 4511 3043 4578 afflicto,
3079 4514 3206 4571 licet
3226 4526 3439 4587 pertur-

206 4603 409 4677 ὶχθρῶν
436 4596 954 4675 προκαταλαϐόντων
978 4595 1078 4661 τὰς
1108 4594 1408 4666 δωκφυγάς
1431 4636 1448 4662 ,
1493 4594 1589 4649 καὶ
1627 4594 1771 4649 πάνυ

1885 4595 2037 4663 beris,
2076 4611 2145 4653 ne
2172 4598 2418 4653 animum
2459 4599 2836 4671 despondeas,
2867 4603 2962 4658 sed
3003 4617 3140 4660 ora:
3179 4606 3303 4661 etsi
3329 4607 3440 4664 cla-

208 4691 537 4765 θλιδόμενος,
562 4688 664 4744 κάν
683 4686 979 4760 ταραχθῇς,
1016 4686 1093 4759 μὴ
1120 4685 1450 4757 ἀπελπίσῃς,
1500 4685 1635 4740 ἀλλά
1679 4685 1771 4739 εὕ-

205 4800 319 4855 χου·
364 4784 469 4840 καὶ
516 4781 612 4837 ιάν
651 4778 869 4853 κράζων
918 4774 1297 4848 εἱσακουσθῇς,
1348 4776 1661 4848 εὐχαρίστει
1694 4776 1772 4848 τῷ

207 4874 335 4948 Θεῷ,
359 4876 542 4944 λέγων
568 4872 638 4928 τὰ
681 4874 740 4926 tv
770 4870 851 4941 τῷ
890 4874 998 4935 οςν.
1047 4867 1173 4923 Ἐὰν
1217 4868 1275 4922 δὲ
1320 4868 1670 4939 ιπιμένοντες
1720 4870 1769 4922 οἱ

206 4966 377 5041 ιχθροὶ
410 4964 789 5027 ιπεισιλθωσι,
821 4961 917 5016 καὶ
945 4959 1178 5031 μιάνωσι
1200 4958 1290 5013 τὸν
1313 4953 1462 5012 οἷκον
1492 4958 1587 5012 τοῦ
1610 4957 1766 5024 Θεοῦ,

205 5060 320 5126 τοὺς
341 5078 403 5116 τε
436 5058 624 5128 ἁγίους
649 5054 1030 5118 ἀποκτείνωσι,
1060 5052 1154 5107 καὶ
1202 5051 1271 5106 τά
1319 5049 1548 5123 σώματα
1592 5052 1769 5106 αὐτῶν

209 5152 394 5222 “tum
416 5152 531 5215 τοῖς
561 5147 827 5210 πετεινοῖς
850 5143 947 5199 τοῦ
974 5141 1226 5216 οὐρανοῦ,
1280 5142 1367 5197 ἵνα
1406 5141 1481 5215 μὴ
1517 5142 1770 5197 συνελκυ-

207 5243 339 5309 σθεὶς
360 5239 718 5314 καταπτήξῃς
740 5236 917 5292 αὐτῶν
932 5235 1029 5309 τὴν
1049 5235 1329 5307 ὠμότητα,
1355 5232 1639 5305 σύμπασχε
1669 5236 1768 5306 μὲν

203 5340 307 5402 τοῖς
335 5336 659 5406 πάσχουσιν,
694 5329 989 5401 ἐνετύγχανε
1014 5329 1072 5383 δὲ
1097 5327 1176 5399 τῷ
1196 5327 1335 5398 Θεῷ,
1366 5326 1543 5396 λόγων
1572 5326 1663 5380 τὸν
1686 5334 1767 5399 or"

181 5471 184 5473 .
204 5428 427 5504 ψαλμὸν.

269 5542 368 5614 κβί.
417 5541 508 5595 Ἔν
540 5538 700 5610 ἑορτῇ
728 5534 805 5597 δὲ.
838 5532 1010 5587 θέλων
1031 5526 1159 5603 ᾆσαι
1189 5528 1266 5600 τῷ
1298 5530 1509 5602 Κυρίῳ,
1563 5546 1766 5599 συγκα-

204 5628 351 5695 λέσας
379 5632 507 5693 τοὺς
534 5628 631 5682 τοῦ
653 5621 789 5680 Θεοῦ
813 5622 1053 5685 δούλους,
1088 5619 1256 5690 om;
1282 5620 1351 5673 τὰ
1378 5620 1436 5672 tv
1467 5618 1546 5689 τῷ
1574 5624 1626 5671 π’
1670 5618 1763 5671 καὶ

1876 4689 2075 4744 mando
2108 4690 2423 4757 exaudiare,
2450 4692 2657 4762 gratias
2683 4691 2793 4750 Deo
2818 4708 2937 4765 age,
2970 4694 3204 4751 recitans
3222 4708 3439 4769 septua-

1876 4782 2143 4853 gesimum
2168 4793 2403 4838 sextum.
2430 4782 2486 4838 Si
2513 4785 2864 4854 persistentes
2888 4785 3095 4841 inimici
3121 4787 3433 4858 irruperint,

1875 4882 1929 4929 et
1956 4873 2179 4931 domum
2219 4872 2317 4929 Dei
2360 4875 2795 4946 profanaverint,
2826 4885 3155 4948 sanctosque
3184 4879 3433 4935 'trueida-

1876 4967 2020 5030 rint,
2057 4965 2387 5037 illorumque
2418 4982 2645 5039 corpora
2686 4967 3000 5025 volucribus
3029 4969 3151 5024 caeli
3195 4969 3437 5040 projeceb

1875 5058 2005 5126 rint,
2050 5073 2118 5115 ne
2145 5059 2232 5115 his
2263 5060 2544 5130 perculsus
2571 5058 2890 5116 reformides
2933 5075 3119 5115 eorum
3149 5061 3438 5119 crudelita-

1875 5158 1983 5206 tem
2008 5191 2024 5216 ,
2069 5149 2194 5207 dole
2236 5150 2454 5222 quidem
2492 5150 2815 5205 miserorum
2869 5150 3036 5205 vicem
3064 5192 3079 5215 ,
3120 5167 3212 5206 ora
3251 5157 3434 5209 autem

1874 5240 2064 5308 Deum,
2095 5242 2283 5298 dicens
2323 5244 2778 5314 septuagesimum
2797 5250 3047 5297 octavum
3071 5243 3357 5312 psalmum.

1939 5522 2029 5577 2’2.
2065 5520 2122 5576 ln
2150 5520 2377 5577 solemni
2411 5520 2499 5576 die
2529 5521 2715 5578 volens
2746 5520 2978 5579 Domino
3006 5538 3228 5589 canere,
3261 5524 3429 5581 advo-

1870 5616 2008 5672 catis
2048 5613 2143 5668 Dei
2170 5613 2375 5678 servis,
2412 5614 2577 5681 psalle
2619 5616 3009 5682 octogesimum
3056 5624 3109 5670 et
3144 5615 3431 5686 nonagesi-

206 5719 294 5786 ῑιδ.
326 5719 447 5774 Τῶν
484 5719 544 5773 δὲ
571 5714 780 5789 ἐχθρῶν
826 5711 987 5767 πάλιν
1026 5710 1498 5782 ἐπισυναχθέντων
1545 5709 1762 5763 πάντων

1885 5722 2017 5761 num
2053 5715 2331 5777 quartum.
2368 5703 2605 5759 Inimicis
2635 5706 2830 5759 iterum
2866 5704 3102 5777 undique
3129 5719 3426 5777 congrega—

205 5812 548 5885 πανταχόθεν,
609 5810 703 5862 καὶ
738 5805 1107 5862 ἀπειλούντων
1152 5802 1293 5858 κατά
1347 5800 1440 5855 τοῦ
1487 5800 1635 5854 οἴκου
1666 5801 1759 5855 τοῦ

1870 5799 1957 5863 tis,
1986 5808 2038 5853 et
2087 5797 2273 5852 domui
2309 5795 2400 5851 Dei
2434 5797 2607 5850 minas
2650 5798 3043 5853 intentantibus
3066 5840 3081 5862 ,
3118 5797 3427 5868 fmdcraque

204 5899 346 5971 Θεοῦ,
372 5902 647 5968 συνθήκας
677 5915 737 5952 τε
784 5896 1079 5951 ποιούντων
1127 5892 1265 5948 κατὰ
1298 5893 1396 5965 τῆς
1439 5891 1758 5961 εὐσεϐείας,

1885 5899 2054 5949 :ontra
2090 5890 2343 5960 pietatem
2388 5888 2737 5956 facientibus,
2767 5906 2831 5946 ne
2872 5891 3055 5947 animo
3083 5890 3304 5948 deficias
3355 5890 3427 5946 ob
