4122 6486
654 440 725 495 '55
1499 426 1555 482 S.
1595 422 1968 479 ATHANASII
2011 420 2164 477 OPP.
2209 418 2389 472 PARS
2430 418 2513 473 lll.
2556 451 2623 460 —
2666 419 3073 476 EXEGETICA.
3818 426 3889 479 36

653 580 846 628 eorum
873 560 1269 618 multitudinem
1305 566 1359 613 et
1383 554 1674 626 potentiam
1699 572 1711 606 :
1734 552 1904 607 habes
1934 548 2089 619 quasi
2115 558 2214 612 an—

2323 549 2409 603 ίνα
2435 548 2509 619 μὴ
2538 546 2822 617 ἀθυμήσῃς
2848 547 2935 600 διὰ
2965 546 3026 599 τὸ
3060 545 3261 616 πλῆθος
3303 546 3397 598 καὶ
3438 546 3535 617 τὴν
3574 547 3891 602 δυναστείαν

654 657 875 710 choram
901 653 1013 722 spei
1042 651 1203 704 verba
1233 645 1550 717 octogesimi
1577 643 1800 698 secundi
1825 642 2037 711 psalmi.
2060 628 2215 705 Quod

655 748 700 802 si
730 744 930 799 videris
965 743 1188 797 domum
1221 740 1350 802 Dei,
1384 748 1437 792 et
1462 746 1662 791 aeterna
1692 735 1809 804 ejus
1832 732 2215 793 tabernacula,

654 844 818 905 atque
870 848 1057 888 eorum
1104 830 1374 885 desiderio
1431 825 1704 889 tenearis,
1759 820 2216 893 quemadmodum

654 926 983 996 Apostolus,
1042 922 1127 977 dic
1181 918 1570 989 octogesimum
1636 914 1852 969 tertium
1926 910 2214 980 psalmum.

651 1019 911 1073 Cessante
940 1016 1149 1070 tandem
1177 1014 1255 1066 ira
1287 1011 1570 1078 solutaque
1600 1006 1927 1076 captivitate,
1955 1003 1999 1057 si
2031 1002 2218 1055 volue-

654 1112 729 1165 ris
762 1110 988 1164 Domino
1028 1106 1231 1177 gratias
1257 1119 1455 1173 agere,
1499 1101 1664 1154 habes
1710 1098 1778 1151 84
1809 1104 1862 1149 et
1906 1094 2028 1148 125.
2067 1092 2131 1146 Et
2171 1092 2217 1146 si

653 1216 982 1272 cognoscere
1038 1198 1171 1253 velis
1203 1196 1331 1265 quid
1363 1192 1575 1247 intersit
1613 1188 1945 1245 discriminis
1987 1186 2216 1242 catholi-

652 1309 768 1347 cam
799 1292 936 1345 inter
966 1288 1262 1342 Ecclesiam
1309 1294 1361 1338 et
1396 1282 1687 1337 schismata
1712 1322 1725 1343 ,
1758 1290 1919 1348 atque
1950 1278 2219 1332 schisma-

652 1386 789 1439 ticos
811 1380 1163 1441 confundere,
1193 1378 1374 1432 dicere
1398 1384 1548 1445 potes
1570 1372 1961 1444 octogesimum
1981 1381 2215 1425 sextum.

653 1475 708 1530 Si
766 1474 898 1528 velis
939 1472 1034 1524 tibi
1082 1470 1311 1538 aliisque
1356 1468 1554 1521 addere
1596 1464 1843 1519 ﬁduciam
1886 1466 1951 1517 ad
1986 1460 2078 1515 Dei
2106 1461 2219 1516 cul-

650 1580 787 1633 tum,
821 1575 875 1620 et
907 1563 1192 1618 ostendere
1218 1559 1364 1629 quod
1393 1573 1517 1627 spes
1553 1558 1605 1611 in
1643 1555 1809 1609 Deum
1839 1569 1946 1608 non
1987 1552 2219 1607 confun-

651 1662 787 1722 dat,
822 1657 913 1711 sed
950 1654 1278 1723 intrepidum
1320 1652 1559 1705 animum
1598 1650 1813 1711 reddat,
1847 1648 2004 1700 lauda
2048 1645 2215 1699 Deum

651 1750 887 1803 recitans
941 1744 1376 1815 nonagesimum.
1432 1740 1670 1795 Psallere
1718 1740 1799 1793 vis
1852 1739 1905 1791 in
1947 1735 2219 1791 Sabbato?

650 1842 816 1895 habes
846 1838 1259 1906 nonagesimum
1289 1834 1548 1904 primum.

2321 639 2517 703 αὐτῶν,
2568 638 2711 708 ἔχεις
2750 638 2935 707 ὥσπερ
2961 638 3209 708 ἄγκυραν
3253 637 3461 700 ὲλπίδος
3511 637 3578 691 τὰ
3614 640 3671 689 ὲν
3693 638 3771 707 τῷ
3798 636 3887 708 πβ’

2324 733 2561 804 ῥήματα.
2593 731 2703 782 Καὶ
2724 729 2839 793 ἐὰν,
2876 729 3087 799 βλέπων
3116 730 3205 781 τὸν
3236 723 3383 782 οἷκον
3415 729 3508 782 τοῦ
3530 728 3665 795 Θεοῦ
3700 731 3792 783 καὶ
3819 732 3890 783 τὰ

2319 821 2512 877 αἰώνια
2541 819 2703 875 αὑτοῦ
2731 818 3085 889 σκηνώματα,
3114 819 3205 873 τὸν
3246 820 3406 874 πόθον
3448 821 3576 893 ἔχῃς
3617 824 3697 885 είς
3728 822 3886 881 αὐτὰ,

2318 915 2393 978 ὡς
2421 912 2563 985 εἶχεν
2592 914 2620 965 6
2660 910 2999 977 Ἀπὸστολος,
3028 911 3152 979 λέγε
3181 913 3275 965 καὶ
3303 912 3367 965 σὺ
3399 914 3489 965 τὸν
3522 910 3610 981 πγ⁹
3653 912 3885 983 ψαλμόν.

2318 1005 2678 1076 Παυσαμένης
2700 1003 2753 1056 δέ
2785 1021 2913 1056 ποτε
2936 1004 3033 1073 τῆς
3054 1004 3241 1077 ὀργῆς,
3271 1005 3365 1057 καὶ
3390 1006 3486 1074 τῆς
3517 1004 3889 1074 αἰχμαλωσίας

2320 1098 2590 1167 λυθείσης,
2612 1096 2707 1149 ἐὰν
2737 1095 2896 1167 θέλῃς
2922 1096 3332 1167 εὐχαριστῆσαι,
3362 1095 3503 1166 ἔχεις
3523 1098 3600 1158 εἰς
3629 1096 3687 1148 τὸ
3712 1096 3890 1163 λέγειν

2320 1189 2387 1244 τὰ
2425 1191 2482 1242 ὲν
2514 1188 2592 1259 τῷ
2625 1188 2706 1240 πδ¹
2752 1189 2847 1241 καὶ
2897 1194 3028 1258 ρκεθ.
3060 1188 3167 1241 Καὶ
3216 1186 3314 1259 τὴν
3351 1189 3448 1258 μὲν
3493 1186 3753 1257 διαφορὰν
3790 1187 3891 1257 τῆς

2318 1282 2613 1350 καθώικῆς
2662 1280 2985 1352 Ἐκκλησίας
3013 1279 3151 1350 πρὸς
3190 1280 3257 1333 τὰ
3294 1277 3564 1350 σχίσματα
3610 1280 3702 1332 ἐὰν
3728 1278 3889 1351 θέλῃς

2317 1373 2604 1441 γινώσκειν
2629 1412 2642 1436 ,
2694 1373 2788 1426 καὶ
2836 1371 3118 1443 ἐντρέπειν
3149 1371 3410 1434 ἐκείνους,
3452 1370 3677 1423 δύνασαι
3710 1369 3890 1436 λέγειν

2315 1468 2384 1521 τὰ
2438 1469 2497 1519 ὲν
2544 1466 2623 1536 τῷ
2680 1472 2776 1531 πς¹
2813 1464 3193 1537 γεγραμμένα.
3248 1462 3671 1535 Παραθαρσῦναι
3720 1460 3890 1514 θέλων

2320 1562 2541 1615 σεαυτὸν
2574 1561 2810 1623 καὶτοὺς
2842 1559 3062 1630 ἐτέρους
3094 1560 3174 1622 είς
3206 1556 3544 1619 θεοσέὸειαν,
3581 1555 3675 1609 καὶ
3706 1554 3782 1617 ὡς
3810 1554 3890 1615 είς

2317 1656 2407 1710 τὸν
2444 1655 2576 1708 Θεὸν
2602 1653 2757 1717 ἐλπὶς
2794 1650 2917 1706 οὔτε
2952 1650 3326 1721 καταισχύνει,
3374 1649 3510 1703 ἀλλὰ
3558 1649 3651 1701 καὶ
3688 1646 3891 1717 ἄφοϐον

2316 1748 2415 1817 τὴν
2441 1745 2617 1815 ψυχὴν
2642 1742 3057 1807 κατασκευάζει,
3087 1744 3224 1796 αίνει
3247 1743 3337 1795 τὸν
3368 1738 3520 1805 Θεὸν,
3542 1740 3712 1808 λέγων
3738 1740 3807 1793 τὰ
3832 1742 3892 1792 έν

2318 1836 2398 1908 τῷ
2430 1842 2499 1903 l1'.
2530 1836 2709 1889 Ψὰλαι
2734 1834 2907 1898 θέλεις
2934 1834 3011 1905 τῷ
3041 1833 3336 1901 Σαϐϐάτῳς
3364 1832 3506 1902 έχεις
3532 1832 3622 1883 τὸν
3653 1834 3758 1897 La.

719 1932 809 1986 25.
848 1930 944 1983 Vis
988 1918 1188 1999 gratias
1228 1940 1389 1995 agere
1425 1922 1711 1977 Dominico
1748 1921 1873 1976 die?
1914 1919 2081 1974 habes
2122 1918 2213 1972 25.

2388 1936 2493 1999 κγ’.
2528 1929 2929 2001 Εύχαριστῆσαι
2978 1928 3153 1990 θέλεις
3204 1929 3268 1996 τῇ
3318 1924 3601 1997 Κυριακῇ;
3628 1925 3771 1994 ἔχεις
3799 1923 3894 1975 τὸν

655 2020 747 2075 Vis
774 2023 1009 2075 secunda
1047 2017 1273 2073 Sabbati
1304 2015 1572 2086 psallere?
1604 2015 1692 2069 dic
1723 2029 1844 2082 quae
1875 2020 2005 2066 sunt
2047 2012 2099 2064 in
2127 2011 2217 2065 47.

650 2113 859 2166 Canere
880 2111 961 2164 vis
986 2110 1038 2162 in
1064 2109 1394 2164 Parasceve?
1417 2107 1629 2161 laudem
1678 2105 1845 2159 habes
1871 2104 1922 2156 in
1945 2104 2033 2159 99..
2066 2102 2220 2156 Tunc

648 2206 793 2258 enim
824 2212 1039 2273 peracta
1063 2200 1433 2264 cruciﬁxione,
1463 2199 1657 2253 domus
1683 2197 1943 2251 aediﬁcata
1966 2203 2069 2257 est,
2098 2193 2222 2247 licet

652 2293 857 2347 inimici
905 2286 1192 2360 prohibere
1239 2290 1544 2344 niterentur
1592 2306 1605 2341 :
1660 2300 1830 2355 quare
1895 2284 2221 2354 triumphale

649 2398 870 2437 carmen
898 2380 1010 2437 Deo
1031 2394 1229 2435 canere
1260 2379 1544 2443 convenit,
1579 2392 1641 2431 ea
1678 2376 1902 2439 scilicet,
1939 2390 2059 2445 qua:
2092 2383 2221 2429 tunc

649 2470 793 2528 dicta
828 2483 955 2527 sunt
1001 2473 1056 2526 in
1101 2471 1459 2543 nonagesimo
1504 2469 1767 2525 secundo.
1803 2468 1860 2521 Si
1911 2467 2222 2537 captivitate

650 2566 793 2620 facta
820 2607 833 2632 ,
862 2564 1047 2619 excisa
1078 2562 1246 2619 fuerit
1292 2563 1489 2618 domus
1516 2603 1531 2626 ,
1582 2577 1646 2616 ac
1683 2576 1900 2615 rursum
1933 2556 2218 2624 aediﬁcata,

648 2670 786 2711 cane
830 2670 952 2725 qua:
986 2663 1116 2712 sunt
1160 2654 1216 2707 in
1261 2653 1352 2708 95.
1388 2652 1555 2707 Terra
1605 2666 1634 2705 a
1682 2650 2037 2705 bellatoribus
2070 2650 2221 2718 quie-

649 2756 855 2810 scente,
885 2755 1049 2815 atque
1089 2745 1308 2799 demum
1344 2743 1396 2796 in
1428 2758 1561 2813 pace
1604 2740 1831 2811 degente
1855 2780 1871 2809 ,
1907 2752 1961 2797 et
1991 2741 2221 2794 Domino

650 2848 941 2908 regnante,
969 2837 1015 2891 si
1041 2850 1105 2891 ea
1132 2835 1199 2891 de
1216 2850 1274 2889 re
1300 2850 1496 2890 canere
1532 2835 1700 2900 velis,
1731 2834 1900 2889 habes
1925 2833 2221 2903 nonagesi-

650 2946 797 2983 mum
836 2937 1073 2984 sextum.
1107 2927 1202 2983 Vis
1244 2936 1442 2998 quarta
1476 2924 1704 2983 Sabbati
1748 2924 2020 2994 psallere?
2051 2923 2221 2977 babes

648 3020 1061 3089 nonagesimum
1090 3018 1345 3083 tertium;
1380 3026 1511 3072 tunc
1532 3017 1677 3072 enim
1702 3016 1931 3070 traditos
1955 3014 2222 3073 Dominus

648 3112 908 3165 ultionem
941 3110 1008 3164 de
1040 3119 1213 3163 morte
1252 3123 1471 3164 sumere
1506 3108 1692 3179 coepit,
1735 3108 1911 3177 deque
1952 3122 2016 3161 ea
2050 3106 2222 3161 conﬁ-

646 3203 840 3255 denter
866 3200 1229 3269 triumphare.
1264 3199 1403 3253 Cum
1439 3198 1601 3269 igitur
1626 3199 1810 3269 legens
1836 3196 2214 3270 Evangelium,

2320 2030 2425 2091 κγ’.
2447 2018 2614 2093 ΊΓᾼσαι
2645 2021 2817 2085 θέλεις
2845 2021 3071 2091 δευτέρᾳ
3106 2020 3434 2083 Σαϐὀάτωνς
3469 2019 3594 2087 λέγε
3628 2018 3695 2070 τὰ
3733 2019 3789 2071 ὲν
3810 2017 3891 2088 τῷ

2324 2113 2428 2185 μζ’.
2468 2114 2688 2167 Αίνέσαι
2722 2112 2898 2180 βούλει
2923 2115 2987 2182 τῇ
3018 2112 3382 2181 Παρασκευῇ;
3428 2109 3571 2179 ἔχεις
3611 2108 3701 2161 τὸν
3744 2104 3893 2162 αἶνον

2321 2208 2379 2259 ὲν
2410 2205 2488 2276 τῷ
2527 2203 2631 2274 ιβ’.
2664 2204 2795 2257 Τότε
2818 2204 2945 2275 γὰρ,
2969 2203 3261 2273 γενομένου
3292 2202 3383 2254 τοῦ
3408 2199 3665 2272 σταυροῦ,
3689 2203 3717 2253 6
3744 2196 3893 2262 οἶκος

2319 2296 2411 2351 τοῦ
2441 2296 2575 2350 Θεοῦ
2608 2295 2951 2367 ᾠκοδομήθη,
2994 2294 3168 2347 καίτοι
3202 2293 3309 2347 τῶν
3349 2292 3558 2363 ἐχθρῶν
3608 2293 3890 2362 ἐπιχειρη-

2322 2387 2530 2440 σάντων
2560 2386 2829 2440 κωλῦσαι·
2864 2385 2957 2438 καὶ
2997 2384 3083 2437 διὰ
3111 2382 3270 2437 τοῦτο
3316 2384 3579 2436 ἐπινίκιον
3623 2382 3768 2453 ᾄδειν
3813 2381 3893 2453 τῷ

2320 2478 2437 2549 Θεῷ
2496 2478 2693 2549 πρέπει
2724 2478 2845 2530 τότε
2894 2476 2961 2529 τὰ
2994 2476 3255 2545 εἰρημένα
3292 2477 3349 2527 ὲν
3390 2475 3469 2544 τῷ
3513 2473 3618 2543 Lﬁ'.
3677 2474 3802 2526 Ἐὰν
3833 2472 3892 2525 δδ

2320 2570 2433 2633 καὶ,
2471 2569 2842 2638 αἰχμαλωσίας
2871 2566 3188 2636 γενομένης,
3219 2565 3514 2637 καθαιρεθῇ
3552 2568 3579 2617 6
3603 2561 3769 2629 οἶκος,
3797 2564 3893 2617 καὶ

2322 2660 2482 2713 πάλιν
2510 2658 2859 2728 οἰκοδομηθῇ,
2896 2653 2987 2728 ᾆδε
3017 2657 3086 2708 τὰ
3107 2659 3163 2709 ὲν
3190 2656 3269 2725 τῷ
3310 2660 3411 2723 με’.
3440 2656 3552 2725 Τῆς
3582 2652 3638 2708 δὲ
3662 2658 3764 2727 γῆς
3794 2673 3893 2709 καο

2319 2754 2578 2807 τάστασιν
2608 2751 2879 2820 λαϐούσης
2909 2750 3015 2802 ἀπὸ
3042 2749 3149 2802 τῶν
3194 2749 3571 2818 πολεμούντων
3594 2788 3608 2811 ,
3647 2750 3741 2802 καὶ
3782 2749 3894 2801 λοι-

2321 2844 2419 2896 πὸν
2440 2840 2774 2914 ἠρεμούσης,
2803 2841 2894 2894 καὶ
2924 2838 3337 2908 βασιλεύσαντος
3381 2833 3475 2891 τοῦ
3516 2840 3743 2909 Κυρίου,
3796 2839 3893 2893 ἐὰν

2321 2932 2481 3003 θέλῃς
2510 2929 2637 3001 ᾆσαι
2684 2932 2811 3001 περὶ
2858 2932 3071 2991 τούτου,
3104 2928 3247 2997 ἔχεις
3293 2925 3384 2981 τὸν
3424 2925 3538 2994 ίιςπ
3588 2928 3773 2990 Θέλεις
3823 2927 3890 2998 τῇ

2321 3022 2535 3094 τετράδι
2567 3021 2658 3074 τοῦ
2683 3021 2960 3075 Σαϐϐάτου
2994 3020 3264 3090 ’ψάλλεινς
3306 3016 3448 3089 ἔχεις
3484 3018 3574 3071 τὸν
3609 3022 3694 3086 Lf
3718 3033 3733 3047 '
3768 3017 3892 3070 τότε

2320 3115 2427 3185 γὰρ
2462 3112 2780 3183 παραδοθεὶς
2834 3113 2862 3164 6
2882 3110 3085 3179 Κύριος
3115 3110 3349 3162 ἐκδικεῖν
3398 3109 3602 3179 ἤρξατο
3625 3109 3722 3179 τὴν
3748 3108 3893 3162 κατὰ

2320 3206 2417 3259 τοῦ
2446 3204 2676 3259 θανάτου
2707 3202 2882 3275 δίκην,
2902 3203 2996 3256 καὶ
3014 3194 3371 3272 θριαμϐεύειν
3398 3200 3558 3253 αὑτὸν
3589 3200 3891 3271 παρρησίᾳ.

646 3290 849 3347 videris
875 3260 1069 3361 quarta
1098 3290 1321 3346 Sabbati
1344 3260 1641 3346 consilium
1664 3260 1853 3344 iniisse
1878 3260 2096 3344 Juda'eos
2119 3260 2217 3343 ad;

2323 3299 2436 3351 'Ot‘
2464 3296 2530 3350 ἂν
2584 3291 2696 3357 οὖν,
2747 3260 3227 3362 ἀναγινώσκωνπὸ
3281 3292 3631 3360 Εὐαγγέλιον,
3667 3260 3795 3364 ’ἴδης
3822 3260 3890 3362 τῇ

644 3398 834 3440 versus
863 3383 1153 3438 Dominum
1186 3400 1200 3438 :
1252 3397 1482 3438 cernens
1516 3390 1645 3436 tunc
1674 3381 1855 3451 ipsum
1883 3381 2220 3437 conﬁdenter

644 3493 806 3550 agere
829 3518 845 3543 ,
876 3486 936 3533 ut
966 3493 1064 3547 pro
1098 3477 1257 3532 nobis
1307 3476 1375 3531 de
1414 3476 1633 3531 diabolo
1679 3476 1971 3532 vindictam
2007 3486 2217 3543 sumat,

646 3570 819 3640 psalle
845 3570 1007 3624 verba
1040 3568 1236 3639 psalmi
1263 3568 1354 3623 93.
1381 3566 1620 3623 Rursum
1652 3569 1871 3639 quando
1898 3569 2097 3626 videris
2118 3569 2222 3625 Do-

646 3662 784 3715 mini
829 3661 883 3715 in
936 3662 1119 3715 omnia
1163 3661 1593 3731 providentiam,
1641 3667 1697 3713 et
1741 3659 2039 3714 dominium
2079 3660 2214 3730 ejus,

647 3761 809 3822 atque
852 3751 1087 3806 volueris
1124 3751 1416 3805 nonnullos
1453 3750 1505 3804 in
1547 3750 1650 3804 ﬁde
1682 3750 1801 3819 ejus
1828 3758 1883 3804 et
1914 3751 2219 3805 obedientia

647 3844 966 3908 instituere,
1031 3841 1268 3897 suadens
1332 3840 1439 3895 illis
1498 3848 1558 3894 ut
1604 3839 1783 3910 primo
1833 3840 2216 3905 conﬁteantur,

647 3936 816 4006 psalle
854 3936 943 3991 99.
978 3933 1044 3987 Et
1078 3934 1169 3988 ubi
1217 3932 1541 4003 cognoveris
1585 3932 1704 4001 ejus
1739 3931 2018 4000 judicandi
2066 3940 2218 4001 pote-

648 4038 839 4084 statem
860 4066 876 4092 ,
910 4026 1055 4097 quod
1085 4026 1292 4080 scilicet
1317 4024 1691 4079 misericordia
1714 4023 1981 4093 judicium
2011 4032 2219 4092 tempe-

647 4118 824 4172 rando
856 4118 1062 4187 judicat
1097 4114 1242 4169 Deus
1266 4155 1281 4181 ,
1313 4114 1357 4168 si
1400 4114 1465 4167 ad
1502 4128 1629 4167 eum
1663 4113 1921 4168 accedere
1951 4114 2217 4179 volueris,

649 4210 816 4265 habes
849 4209 915 4263 ad
942 4223 1063 4263 eam
1102 4222 1215 4262 rem
1247 4206 1409 4260 verba
1432 4205 1628 4275 psalmi
1657 4204 1962 4259 centesimi.

712 4384 803 4438 9.6.
845 4383 981 4438 Cum
1009 4382 1223 4435 inﬁrma
1244 4380 1313 4435 sit
1334 4388 1530 4432 natura
1562 4388 1767 4443 nostra,
1804 4379 1848 4434 si
1876 4386 2101 4449 propter
2130 4377 2217 4430 vi-

648 4490 716 4533 tae
741 4477 1040 4547 angustias,
1069 4476 1224 4544 quasi
1251 4474 1407 4542 inops
1434 4471 1609 4525 factus
1642 4471 1826 4525 animo
1852 4469 2093 4533 deﬁcias,
2125 4485 2219 4523 vo-

2317 3388 2532 3460 τετράδι
2586 3388 2680 3440 τοῦ
2730 3386 3021 3440 Σαϐϐάτου·
3073 3383 3396 3454 συμόούλιον
3449 3383 3712 3445 λαϐόντας
3765 3382 3893 3445 τοὺς

2332 3480 2615 3543 Ἰουδαίους
2641 3480 2781 3532 κατὰ
2813 3477 2908 3531 τοῦ
2940 3474 3168 3546 Κυρίου,
3203 3474 3343 3546 ὁρῶν
3389 3474 3551 3528 αὑτὸν
3591 3474 3711 3527 τότε
3751 3477 3893 3543 παρ-

2322 3572 2710 3645 ῥησιαζόμενον
2761 3573 2818 3623 ἐν
2863 3572 2929 3639 τῇ
2961 3569 3101 3621 κατὰ
3134 3568 3226 3621 τοῦ
3284 3567 3530 3621 διαῦόλου
3573 3567 3712 3634 ὑπὲρ
3738 3565 3893 3636 ὑμῶν

2319 3666 2548 3737 ἐκδικίᾳ,
2600 3664 2768 3734 sane
2813 3661 2881 3715 τὰ
2912 3663 2967 3713 ὲν
2996 3659 3144 3729 αὖτῷ
3175 3659 3253 3730 τῷ
3310 3664 3417 3727 ἥγ’.
3472 3658 3641 3713 Πάλιν
3676 3658 3895 3729 βλέπων

2317 3757 2415 3828 τὴν
2436 3759 2513 3819 εἰς
2538 3755 2715 3809 πάντα
2746 3756 3001 3825 πρόνοιαν
3034 3753 3126 3807 τοῦ
3169 3751 3374 3822 Κυρίου
3424 3750 3517 3802 καὶ
3550 3748 3651 3819 τὴν
3710 3749 3896 3820 κυριό-

2317 3867 2455 3920 τητα
2480 3848 2666 3913 αὑτοῦ,
2698 3848 2792 3899 καὶ
2817 3846 2984 3899 θέλων
3019 3842 3327 3915 κατηχῆσαί
3352 3858 3504 3903 τινας
3549 3842 3629 3902 είς
3662 3840 3760 3908 τὴν
3796 3839 3896 3892 αὑ-

2316 3940 2411 3993 τοῦ
2437 3939 2617 3991 πίστιν
2643 3936 2735 3989 καὶ
2767 3936 3035 4006 ὑπακοὴν,
3072 3934 3273 3987 πείθων
3307 3932 3504 3993 αὐτοὺς
3528 3930 3744 4001 πρῶτον
3800 3928 3891 3995 ἐξ-

2316 4029 2717 4101 ομολογεῖσθαι,
2752 4026 2920 4097 ψάλλε
2959 4023 3051 4079 τδν
3084 4026 3188 4093 ῐ.,θ’⁸
3220 4024 3330 4078 Καὶ
3360 4022 3474 4087 ἐὰν,
3511 4021 3696 4095 μαθὼν
3728 4020 3898 4076 αὐτοῦ

2316 4124 2415 4193 τὴν
2444 4122 2695 4193 κριτικὴν
2720 4120 2970 4190 δύναμιν,
2998 4119 3091 4172 καὶ
3109 4119 3190 4170 ὅτι
3223 4116 3358 4184 ἐλέῳ
3383 4115 3483 4185 τὴν
3510 4115 3692 4185 κρίσιν
3724 4114 3896 4185 κερᾶο

2318 4228 2416 4276 σας
2442 4212 2616 4281 κρίνει
2643 4210 2672 4261 6
2700 4208 2923 4279 Κύριος,
2950 4205 3181 4277 θελήσῃς
3207 4204 3354 4275 αὑτῷ
3376 4204 3714 4275 προσελθεῖν,
3749 4204 3897 4275 ἔχεις

2314 4304 2397 4364 είς
2430 4300 2587 4353 τοῦτο
2618 4299 2811 4366 λόγους
2843 4298 2969 4360 τοὺς
2997 4297 3055 4348 ὲν
3088 4294 3166 4365 τῷ
3199 4295 3262 4366 ρ’.

2386 4392 2484 4445 κδ’.
2525 4389 2809 4452 Ἀσθενοῦς
2846 4389 2901 4441 δὲ
2955 4387 3112 4458 ἡμῶν
3156 4387 3253 4458 τῆς
3306 4382 3521 4456 φύσεως
3560 4383 3761 4455 οὔσης,
3796 4383 3895 4437 ἐὰν

2316 4483 2401 4536 διὰ
2435 4481 2533 4544 τὰς
2568 4480 2794 4550 συνοχὰς
2831 4477 2926 4532 τοῦ
2959 4475 3075 4549 βίου
3109 4478 3184 4541 ὼς
3209 4477 3422 4547 πτωχὸς
3452 4477 3739 4545 γενόμενος
3764 4476 3898 4545 ἀκη-

649 4569 924 4638 luerisque
961 4566 1389 4643 consplationem
1436 4563 1718 4633 accipere,
1750 4562 1916 4616 habes
1945 4562 2214 4631 psalmum

2320 4576 2509 4647 διάσῃς
2534 4573 2685 4631 ποτὲ,
2722 4572 2814 4625 καὶ
2837 4570 2996 4643 θέλῃς
3030 4567 3469 4640 παρακληθῆναι,
3505 4566 3648 4637 ἔχεις
3685 4565 3774 4618 τὸν
3812 4572 3893 4636 ρα⁹

649 4660 772 4715 101.
802 4656 869 4710 ΕΙ.
908 4656 1167 4725 quoniam
1199 4655 1353 4709 decet
1386 4668 1483 4706 nos
1514 4668 1609 4721 per
1639 4652 1823 4705 omnia
1860 4658 1914 4705 et
1952 4650 2005 4703 in
2032 4650 2214 4705 omni-

643 4750 750 4803 bus
782 4747 984 4817 gratias
1008 4744 1118 4799 Deo
1147 4759 1308 4813 agerc
1332 4784 1346 4808 ,
1370 4758 1494 4797 cum
1523 4742 1761 4796 volueris
1792 4743 1967 4811 ipsum
1998 4739 2219 4795 benedi-

647 4856 805 4900 cere.
847 4837 1015 4892 habes
1043 4837 1110 4890 ad
1159 4835 1405 4888 animum
1456 4842 1605 4888 tuum
1634 4833 1982 4887 excitandum
2032 4833 2135 4886 102
2166 4840 2221 4887 et

648 4932 771 4987 105.
795 4928 891 4984 Vis
915 4929 1137 4983 laudare
1153 4926 1322 4981 Deum
1348 4938 1509 4997 atque
1535 4942 1696 4982 nosse
1721 4926 1999 4995 quomodo
2034 4934 2087 4980 et
2111 4940 2221 4995 qua

646 5027 713 5079 ile
742 5037 908 5078 causa
938 5019 1246 5075 laudandus
1273 5019 1363 5085 sit,
1390 5028 1443 5073 et
1478 5033 1726 5087 quaenam
1769 5017 2074 5070 laudantem
2100 5032 2221 5086 pro-

646 5116 787 5169 ferre
804 5113 1024 5167 deceat?
1049 5114 1212 5175 habes
1234 5111 1352 5175 ιυι,
1372 5120 1426 5165 et
1451 5108 1571 5173 106,
1591 5108 1779 5173 θιίὸι,
1798 5116 1852 5162 et
1876 5108 1995 5171 145,
2018 5116 2069 5161 et
2092 5107 2215 5175 M6,

645 5216 694 5261 et
719 5189 920 5270 αὔξει
960 5207 1084 5271 148,
1110 5215 1163 5259 et
1196 5203 1312 5258 l50.
1350 5202 1530 5257 Habes
1562 5201 1743 5265 ﬁdem,
1776 5201 1919 5255 sicut
1956 5200 2218 5255 Dominus

645 5299 802 5363 dixit,
818 5306 871 5351 et
888 5295 1064 5352 credis
1093 5311 1157 5350 ea
1190 5310 1312 5363 qua:
1332 5294 1540 5348 orando
1570 5290 1851 5360 loqueris?
1872 5291 1959 5344 dic
1986 5291 2219 5345 centesi—

646 5406 795 5444 mum
809 5390 1076 5444 decimum
1091 5388 1361 5458 quintum.
1379 5376 1557 5439 Sentis
1575 5391 1625 5436 te
1640 5383 1895 5451 Operibus
1912 5383 2019 5435 tuis
2035 5397 2219 5437 ascen-

644 5484 789 5544 dere,
821 5482 893 5535 ita
918 5490 977 5534 ut
995 5482 1173 5536 dicere
1201 5478 1379 5548 possis
1408 5496 1421 5530 :
1450 5474 1580 5540 Qua:
1607 5487 1744 5528 retro
1769 5483 1891 5527 sunt
1914 5474 2213 5539 obliviscor,

645 5578 714 5628 ad
738 5588 951 5643 ea,qmz
983 5579 1102 5627 ante
1131 5579 1254 5628 sunt
1274 5613 1291 5635 ,
1320 5570 1542 5624 extendo
1577 5569 1831 5637 meipsum
1858 5566 1978 5597 ‘°-“
2002 5565 2023 5618 ?
2049 5565 2215 5619 habes

645 5665 712 5716 ad
768 5663 1054 5717 dicendum
1103 5664 1157 5717 in
1214 5661 1442 5732 singulis
1492 5656 1849 5729 profectubus
1900 5656 2211 5725 quindecim

647 5754 910 5824 graduum
942 5755 1173 5809 cantica.

718 5846 832 5877 ²⁰·¹¹
862 5845 1094 5917 Philipp.
1136 5862 1217 5909 ιιι,
1256 5846 1339 5900 13.

2320 4664 2550 4735 ψαλμὸν.
2579 4663 2687 4714 Καὶ
2718 4660 2903 4731 ἐπειδὴ
2935 4659 3134 4730 πρέπει
3163 4657 3250 4711 διὰ
3277 4658 3494 4709 πάντων
3517 4657 3610 4707 καὶ
3634 4658 3691 4707 ὲν
3728 4655 3895 4706 πᾶσιν

2322 4754 2660 4824 εὐχαριστεῖν
2688 4753 2834 4821 ἡμᾶς
2865 4749 2941 4821 τῷ
2960 4748 3098 4818 Θεῷ,
3118 4749 3204 4801 ὅτε
3239 4747 3409 4810 θέλεις
3440 4746 3679 4813 εὐλογεῖν
3707 4745 3892 4803 αὑτὸν.

2322 4844 2461 4914 ἔχεις
2487 4844 2564 4905 είς
2591 4842 2750 4895 τοῦτο
2776 4839 3179 4913 προτρέπεσθαι
3206 4837 3404 4890 σαυτοῦ
3438 4837 3535 4907 τὴν
3567 4834 3764 4905 ψυχὴν,
3798 4836 3896 4888 καὶ⁸

2320 4934 2496 5002 λέγειν
2522 4933 2612 4985 τὸν
2644 4932 2722 5003 ρβ¹
2773 4931 2863 4984 καὶ
2896 4928 2997 5002 pf.
3028 4925 3205 4982 Αίνεῖν
3244 4927 3417 4990 θέλεις
3456 4928 3546 4979 τὸν
3579 4926 3712 4979 Θεὸν
3733 4966 3747 4988 ,
3797 4925 3895 4978 καὶ

2322 5026 2517 5079 εἰδέναι
2546 5024 2660 5087 πῶς
2684 5024 2778 5077 καὶ
2806 5022 2897 5074 ἐπὶ
2925 5022 3029 5075 τίνι
3069 5021 3150 5074 δεῖ
3171 5020 3360 5083 αίνείν,
3388 5018 3484 5070 καὶ
3518 5017 3669 5081 τίνας
3692 5008 3894 5089 πρέπει

2319 5114 2497 5184 λέγειν
2524 5114 2613 5167 τὸν
2645 5110 2824 5175 αἷνον;
2854 5112 2996 5183 ἔχεις
3022 5112 3111 5166 τὸν
3141 5110 3235 5177 pd’,
3260 5111 3354 5162 καὶ
3380 5109 3470 5162 τὸν
3494 5114 3603 5180 ρξ’,
3634 5110 3728 5161 καὶ
3765 5106 3891 5178 ρλδ,

2320 5209 2413 5260 καὶ
2451 5214 2587 5278 ρμε’,
2631 5205 2833 5259 καὶτὸν
2870 5210 3023 5275 ρμς’,
3060 5200 3272 5255 καὶτὸν
3303 5198 3445 5271 ρμξ,
3485 5200 3578 5251 καὶ
3616 5198 3707 5251 τὸν
3743 5203 3889 5269 ρμη’,

2319 5298 2413 5351 καὶ
2444 5298 2534 5349 τὸν
2563 5295 2659 5367 ρν’.
2692 5296 2877 5364 Ἔχεις
2922 5293 3124 5356 πίστιν,
3175 5292 3249 5354 ὠς
3284 5286 3436 5343 εἶπεν
3464 5292 3493 5341 6
3525 5288 3746 5360 Κύριος,
3798 5289 3892 5341 καὶ

2320 5388 2594 5451 πιστεύεις
2620 5382 2700 5449 οἷς
2733 5386 3022 5456 εὐχόμενος
3048 5383 3263 5447 λαλεῖς;
3290 5381 3414 5448 λέγε
3443 5381 3532 5433 τὸν
3564 5386 3681 5450 pte’.
3732 5378 3891 5433 Ἀλλὰ

2317 5479 2673 5534 ἀναϐαίνοντα
2715 5479 2909 5530 σαυτὸν
2941 5476 3105 5548 αἴσθῃ
3136 5478 3257 5537 ταῖς
3292 5472 3556 5544 πράξεσιν
3580 5510 3594 5535 ,
3625 5470 3763 5523 ὥστε
3799 5470 3889 5522 λέ-

2282 5606 2299 5611 -
2317 5591 2435 5642 γειν
2459 5589 2474 5603 °
2514 5571 2589 5624 Τὰ
2610 5570 2726 5639 μὲν
2750 5570 2942 5622 ὀπίσω
2968 5564 3439 5634 ἐπιλανθάνομαι
3457 5606 3473 5627 ,
3516 5563 3639 5629 τοῖς
3681 5555 3749 5615 δὲ
3788 5562 3891 5634 ἐμ·-

2317 5666 2582 5732 προσθεν
2612 5660 3022 5729 ἐπεκτείνομαι
3039 5674 3057 5721 ;
3091 5657 3232 5728 ἔχεις
3260 5654 3381 5709 καθ’
3408 5654 3642 5723 ἑκάστην
3689 5668 3891 5725 προκοα

2311 5756 2424 5828 «ὴν
2453 5757 2527 5817 είς
2549 5754 2609 5807 τὸ
2628 5753 2807 5822 λέγειν
2832 5750 2930 5813 τὰς
2966 5757 3025 5803 ιε’
3046 5749 3155 5802 τῶν
3180 5746 3505 5816 ἀναϐαθμῶν
3526 5743 3687 5815 ᾠδάς.
