4122 6500
220 453 275 507 '51
1362 455 1700 511 EPISTOLA
1740 456 1832 510 AD
1873 459 2391 517 MARCELLINUM.
3420 475 3488 531 38

299 576 396 626 κε’.
443 572 924 645 ᾘχμαλωτεύθης
947 575 1052 628 ὑπὸ
1077 575 1369 646 ἀλλοτρίων
1403 573 1696 645 λογισμῶν,
1725 591 1793 626 κα

1991 576 2082 634 25.
2125 576 2180 632 1η
2209 579 2577 650 captivitatem
2609 583 2858 642 redactus
2880 601 2940 641 es
2966 587 3034 641 ab
3065 588 3257 645 alienis
3281 592 3485 660 cogita-

242 665 398 736 ᾔσθου
415 667 650 718 σεαυτὸν
681 667 1050 737 ἀπαγόμενον,
1069 668 1161 720 καὶ
1195 667 1484 737 μτέγνως,
1500 665 1704 719 παῦσαι
1724 665 1817 718 τοῦ

247 758 446 823 λοιποῦ,
479 759 575 811 καὶ
603 759 802 828 μείνας
823 759 905 828 ἐφ’
928 754 1008 822 οἷς
1027 759 1406 830 ἁμαρτάνοντα
1433 759 1655 812 σεαυτὸν
1685 776 1817 812 κατ-

249 848 452 910 έλαὸες,
486 848 681 910 κάθου,
714 849 811 900 καὶ
835 848 1066 900 κλαῦσον
1095 850 1186 902 καὶ
1222 850 1283 901 σὺ
1310 889 1324 912 ,
1359 850 1434 911 ὡς
1460 849 1759 918 πεποίηκεν
1790 850 1818 901 6

246 941 363 992 τότε
385 939 536 1002 λαὸς,
560 939 739 1008 λέγων
771 941 838 992 τὰ
869 941 925 993 ἐν
953 940 1029 1010 τῷ
1061 938 1199 1011 ρλς¹.
1235 941 1371 1002 Τοὺς
1396 940 1452 993 δὲ
1482 939 1818 1010 πειρασμοὺς

249 1035 544 1104 ἡγούμενος
569 1030 708 1087 εἷναί
739 1052 832 1087 σου
861 1034 1111 1105 δοκιμὴν,
1144 1034 1278 1104 μετὰ
1317 1034 1442 1096 τοὺς
1481 1033 1818 1105 πειρασμοὺς

244 1112 339 1175 ἐὰν
381 1125 776 1194 εὐχαριστῆσαι
826 1124 1075 1196 θελήσῃς,
1124 1124 1266 1193 ἔχεις
1314 1123 1404 1177 τὸν
1445 1121 1811 1194 ρλη’ψαλμόν.

245 1208 448 1284 Συνέχη
487 1214 648 1267 πάλιν
670 1215 776 1266 ἀπὸ
795 1213 1024 1286 ἐχθρῶν,
1053 1215 1146 1268 καὶ
1177 1213 1436 1285 ῥωσθῆναι
1454 1213 1660 1278 θέλεις;
1691 1213 1814 1281 λέγε

241 1303 312 1353 τὰ
344 1305 400 1355 ὲν
427 1304 509 1375 τῷ
538 1304 666 1375 ρλϐ’.
685 1305 949 1376 Δεηθῆναι
974 1306 1031 1359 δὲ
1061 1307 1154 1360 καὶ
1187 1305 1581 1377 προσεύξασθαι
1606 1306 1810 1371 θέλεις;

238 1395 406 1462 ams
435 1397 530 1450 τὸν
578 1405 618 1449 ε’
658 1398 750 1450 καὶ
797 1398 940 1469 ρμβ’.
988 1399 1205 1470 Ἐχθρὸς
1234 1398 1494 1470 τύραννος
1544 1399 1810 1471 ἐπανέστη

235 1486 318 1554 τῷ
341 1485 456 1556 λαῷ
485 1486 580 1540 καί
606 1504 706 1550 σοι,
727 1488 874 1540 ῶσπε
884 1506 913 1559 ρ
937 1488 1125 1541 Γολιὰθ
1149 1488 1226 1560 τῷ
1260 1490 1440 1556 Δαὸὶδ,
1474 1490 1548 1562 μὴ
1571 1489 1807 1562 πτήξῃςο

237 1579 374 1630 ἀλλά
398 1579 624 1632 πίστευε
659 1581 752 1634 καὶ
778 1582 864 1644 σὺ,
894 1581 967 1645 ὡς
990 1585 1019 1635 6
1051 1582 1234 1648 Δαδὶδ,
1263 1584 1356 1635 καὶ
1389 1583 1512 1651 λέγε
1551 1583 1620 1636 τά
1651 1583 1709 1638 ὲν
1734 1582 1811 1653 τῷ

237 1678 385 1741 ρμγ’.
417 1668 555 1726 Εἶτα
583 1673 875 1745 θαυμάζων
898 1675 995 1738 τάς
1019 1677 1098 1738 είς
1127 1675 1333 1739 πάντας
1360 1675 1451 1729 τοῦ
1483 1675 1616 1728 Θεοῦ
1657 1677 1811 1747 εὐερ-

233 1763 445 1830 γεσίας,
483 1766 578 1818 καὶ
621 1767 970 1837 μνημονεύων
990 1767 1088 1838 τῆς
1107 1785 1165 1820 τε
1196 1770 1276 1831 είς
1303 1768 1362 1821 σὲ
1383 1770 1475 1822 καὶ
1504 1769 1583 1831 είς
1605 1768 1808 1833 πάντας

233 1857 534 1928 γενομένης
559 1858 891 1929 ἀγαθότητος
917 1860 1082 1913 αὐτοῦ
1105 1903 1119 1927 ,
1168 1859 1264 1913 ἐὰν
1314 1861 1474 1934 θέλῃς
1503 1860 1592 1914 διὰ
1636 1860 1806 1915 ταῦτα

1862 711 1876 724 .
1917 667 2193 734 tionibus,
2235 683 2394 742 atque
2428 673 2650 728 sensisti
2693 684 2744 731 te
2773 677 3055 732 seductum
3077 719 3093 743 ,
3125 689 3178 735 et
3217 685 3483 751 poeniten-

1916 758 2048 813 tiam
2102 762 2290 832 egisti,
2339 763 2392 817 in
2438 775 2712 833 posterum
2767 769 2984 836 desine,
3043 782 3206 842 atque
3255 776 3479 843 gradum

1917 850 2115 906 sistens
2148 852 2242 906 ubi
2293 861 2344 909 te
2390 864 2703 924 peccantem
2751 857 3184 928 deprehendisti,
3227 867 3388 930 sede,
3428 876 3483 919 et

1916 939 2065 1009 plora
2085 979 2100 1003 ,
2133 950 2185 997 et
2211 951 2374 1013 prout
2399 943 2527 1000 fecit
2554 947 2682 1000 olim
2722 950 2952 1018 populus
2974 990 2989 1015 ,
3016 953 3104 1007 dic
3131 956 3292 1010 verba
3332 956 3479 1026 psal-

1915 1030 1989 1084 mi
2016 1032 2135 1085 156.
2175 1031 2523 1090 Tentationes
2546 1036 2924 1106 probationem
2965 1055 3086 1095 esse
3115 1051 3260 1098 tuam
3293 1053 3477 1109 ratus,

1914 1119 1959 1173 si
1996 1129 2121 1189 post
2156 1124 2480 1179 tentationes
2518 1127 2653 1181 velis
2697 1128 2901 1197 gratias
2929 1145 3089 1199 agere
3110 1172 3123 1193 ,
3157 1133 3324 1188 habes
3354 1135 3474 1189 158.

1911 1208 1996 1266 Ab
2038 1212 2276 1270 inimicis
2325 1216 2521 1270 iterum
2567 1219 2766 1273 teneris
2789 1259 2804 1285 ,
2831 1228 2884 1274 et
2919 1219 3134 1275 liberari
3172 1223 3363 1292 cupis?
3392 1225 3479 1278 dic

1911 1302 2076 1359 verba
2108 1305 2228 1361 139.
2267 1305 2363 1362 Vis
2391 1308 2692 1378 supplicare
2717 1319 2770 1364 et
2795 1311 2993 1366 orare?
3025 1313 3193 1382 psalle
3231 1309 3474 1383 quintum

1911 1400 1966 1447 et
1989 1394 2112 1448 142.
2144 1394 2401 1453 Inimicus
2435 1409 2697 1470 tyrannus
2723 1401 3017 1458 insurrexit
3039 1405 3091 1457 in
3115 1405 3396 1474 populum,
3423 1416 3478 1460 et

1911 1484 1966 1539 in
2006 1493 2095 1552 te,
2127 1487 2269 1544 sieut
2313 1489 2366 1543 in
2402 1490 2572 1545 David
2613 1490 2864 1559 Goliath,
2907 1511 2974 1551 ne
3008 1497 3202 1552 timeas
3237 1517 3250 1552 :
3287 1499 3379 1553 sed
3415 1507 3472 1554 tu

1911 1579 2368 1646 quemadmodum
2412 1581 2583 1636 David
2632 1586 2827 1654 crede,
2857 1595 2910 1642 et
2961 1588 3128 1657 psalle
3162 1591 3321 1644 verba
3351 1591 3471 1644 H5.

1909 1667 2114 1726 Deinde
2143 1673 2420 1729 admirans
2445 1675 2704 1733 beneﬁcia
2729 1677 2822 1732 Dei
2848 1680 2902 1733 in
2927 1695 3136 1747 omnes,
3162 1697 3474 1752 memorque

1908 1761 2028 1832 ejus
2057 1778 2183 1834 erga
2214 1774 2267 1821 te
2309 1776 2362 1821 et
2387 1783 2513 1840 erga
2549 1785 2737 1826 omnes
2768 1771 3026 1829 bonitatis
3049 1815 3063 1837 ,
3098 1775 3143 1829 si
3189 1785 3470 1844 propterea

1907 1854 2144 1911 volueris
2179 1856 2289 1911 Deo
2318 1858 2634 1916 benedicere
2652 1901 2667 1926 ,
2696 1863 2784 1917 dic
2810 1861 3027 1919 Davidis
3051 1865 3234 1930 verba,
3267 1881 3389 1934 qua;
3418 1876 3472 1920 et

232 1947 481 2014 εὐλογεῖν
512 1949 604 2002 τὸν
629 1949 778 2012 Θεὸν,
807 1950 930 2019 λέγε
961 1951 1028 2005 τὰ
1059 1950 1151 2004 τοῦ
1179 1952 1342 2006 Δαόὶδ
1370 1953 1610 2023 ῥήματα,
1662 1952 1793 2026 am;

1907 1945 2024 2016 ipse
2059 1947 2200 2002 dixit
2235 1949 2289 2002 in
2314 1949 2523 2018 psalmo
2555 1952 2678 2005 144.
2711 1951 2801 2007 Vis
2829 1950 3057 2007 Domino
3081 1955 3315 2010 canere?
3345 1972 3467 2025 qua:

233 2039 328 2091 καὶ
358 2040 523 2102 αὐτὸς
549 2038 696 2093 εἶπεν
722 2044 778 2095 ὲν
804 2043 882 2113 τῷ
925 2044 1042 2113 ρμδ*
1066 2043 1283 2114 ψαλμῷ.
1316 2040 1482 2115 ’ᾼσαι
1525 2044 1698 2108 θέλεις
1727 2044 1803 2116 τῷ

233 2129 455 2200 Κυρίῳ;
488 2130 632 2200 ἔχεις
665 2133 742 2195 είς
792 2133 853 2185 τὸ
881 2133 1057 2199 λέγειν
1089 2134 1179 2187 τὸν
1234 2134 1317 2206 ιιβν
1351 2136 1446 2188 καὶ
1513 2133 1616 2202 κζ’.
1679 2137 1803 2190 Ἐἀν

233 2222 432 2293 μικρὸς
483 2222 560 2276 ὢν
609 2224 905 2295 προκριθῇς
951 2227 1030 2289 είς
1054 2226 1228 2298 ἀρχήν
1276 2244 1394 2280 τινα
1417 2227 1523 2280 τῶν
1561 2227 1803 2297 ἀδελφῶν

232 2331 350 2376 σου,
381 2316 456 2385 μὴ
489 2317 716 2384 ὲπαίρου
749 2319 869 2369 κατ’
900 2318 1078 2379 αὐτῶν
1099 2336 1112 2350 ο
1168 2319 1303 2374 ἀλλά
1347 2319 1422 2390 τῷ
1459 2320 1801 2392 ἐκλεξαμένῳ

231 2406 423 2476 Κυρίῳ
453 2406 630 2468 διδοὺς
657 2406 832 2471 δόξαν,
859 2408 1022 2477 ψάλλε
1050 2410 1141 2462 καὶ
1171 2410 1232 2462 σὺ
1264 2409 1353 2462 τὸν
1387 2415 1496 2481 ρνα⁹
1526 2409 1652 2462 ἴδιον
1673 2409 1801 2464 ὄντα

227 2497 323 2549 τοῦ
361 2497 544 2551 Δαϐίδ.
590 2498 748 2553 Ἀλλά
784 2500 958 2564 θέλεις
979 2501 1197 2569 ψάλλειν
1230 2502 1472 2573 ὲπιικοὴν
1496 2501 1715 2572 ἔχοντας
1739 2502 1800 2555 τὸ

242 2585 580 2657 Ἀλληλούῖα,
611 2587 756 2658 ἔχεις
791 2589 880 2642 τὸν
913 2590 1008 2661 ρδ¹,
1045 2597 1115 2660 ρε¹
1141 2631 1155 2653 ,
1190 2589 1300 2661 ρς’,
1332 2587 1433 2662 pta.’
1453 2632 1468 2655 ,
1500 2589 1600 2661 ριβ¹
1621 2629 1636 2654 ,
1670 2596 1795 2662 ριγ’,

229 2678 347 2748 ριδ’,
373 2677 494 2748 ριε¹,
528 2677 663 2749 ρις’,
698 2679 815 2750 ριζ’.
847 2688 970 2752 ριτγ,
1002 2679 1129 2751 ρλιῖ,
1153 2682 1279 2752 ρλέ,
1304 2687 1441 2752 Ρμέν
1473 2688 1624 2751 PF?"
1652 2682 1794 2752 PPC"

228 2779 374 2842 ρμηὀ
411 2771 560 2842 ρμθκ
597 2778 696 2843 ρνὀ

300 2870 410 2928 κζ’.
449 2864 577 2916 Ὅτε
612 2864 669 2916 δὲ
693 2863 851 2936 θέλῃς
880 2866 996 2918 κατ’
1025 2865 1160 2918 ἰδίαν
1192 2865 1260 2917 τὰ
1284 2863 1526 2937 περὶτοῦ
1548 2865 1796 2936 Σωτῆρος

219 2954 470 3027 ψάλλειν,
505 2957 561 3007 ὲν
588 2955 803 3025 ἑκάστῳ
841 2957 937 3025 μὲν
969 2955 1151 3026 σχεδὸν
1186 2955 1459 3024 εὑρίσκεις
1489 2954 1686 3026 ψαλμῷ
1730 2955 1797 3008 τὰ

220 3047 444 3100 τοιαῦτα
462 3065 475 3076 ·
508 3046 652 3117 ἔχεις
670 3047 726 3100 δὲ
757 3047 986 3116 μάλιστα
1009 3048 1099 3100 τὸν
1126 3047 1225 3118 μὲν
1254 3044 1334 3116 μδ¹
1358 3047 1560 3101 καὶτὸν
1592 3047 1675 3119 ρθ⁹
1701 3047 1797 3118 δηο

220 3138 446 3200 λοῦντας
474 3138 575 3208 τὴν
610 3141 673 3192 ἐκ
701 3137 794 3191 τοῦ
828 3139 1041 3211 Πατρὸς
1079 3138 1241 3192 αὑτοῦ
1281 3138 1507 3210 γνησίαν
1544 3137 1794 3207 γέννησιν

221 3231 316 3284 καὶ
343 3232 440 3301 τὴν
469 3232 733 3302 ἐνσαρκον
767 3231 930 3284 αὑτοῦ
967 3232 1267 3303 παρουσίαν
1287 3249 1300 3262 ν
1349 3231 1440 3285 τὸν
1470 3230 1525 3284 δὲ
1573 3236 1657 3284 κα¹
1701 3228 1794 3283 καὶ

222 3321 302 3392 ξη¹
331 3323 696 3395 προλέγοντας
728 3324 854 3393 περὶ
905 3322 1000 3375 τοῦ
1028 3323 1169 3376 θείου
1205 3321 1471 3394 σταυροῦ,
1520 3323 1614 3375 καὶ
1659 3322 1789 3391 ὅσην

215 3415 454 3485 δι’ήμᾶς
489 3412 782 3484 ἐπιϐουλὴν
817 3413 1118 3478 ἀνεδέξατο,
1177 3412 1270 3465 καὶ
1323 3413 1465 3466 πόσα
1520 3411 1787 3464 πέπονθε’

219 3508 316 3560 καὶ
344 3507 437 3559 τὸν
471 3506 573 3576 μὲν
602 3502 643 3574 β’
683 3504 777 3557 καὶ
804 3511 886 3576 ρη¹
915 3505 1274 3575 σημαίνοντας
1310 3505 1409 3575 τήν
1444 3520 1498 3556 τε
1525 3502 1631 3555 τῶν
1657 3503 1787 3555 ’1ου-

216 3598 383 3650 δαίων
407 3595 697 3668 ἐπιϐουλὴν
730 3596 823 3650 καὶ
871 3597 1161 3667 πονηρίαν,
1209 3596 1304 3649 καὶ¹
1353 3596 1452 3667 τὴν
1496 3595 1665 3649 Ἰούδα
1695 3595 1788 3649 τοῦ

233 3688 583 3760 Ἰσκαριώτου
636 3690 951 3759 προδοσίαν·
997 3689 1086 3742 τόν
1118 3706 1176 3742 τε
1205 3688 1274 3753 κ’,
1311 3689 1404 3742 καὶ
1450 3688 1558 3758 μθ’,
1594 3689 1688 3742 καὶ
1710 3695 1789 3742 οα⁹

215 3781 385 3852 (καὶ)
422 3779 718 3851 δηλοῦντας
748 3783 846 3850 τήν
876 3797 933 3832 τε
968 3781 1242 3850 βασιλείαν
1274 3781 1438 3834 αὐτοῦ
1483 3781 1572 3834 καὶ
1610 3799 1784 3852 κριτι-

216 3873 320 3942 κὴν
341 3872 594 3943 δύναμιν,
618 3872 712 3924 καὶ
735 3871 834 3942 τὴν
861 3871 940 3933 είς
970 3871 1114 3941 ημᾶς
1143 3867 1306 3922 αὑτοῦ
1337 3869 1498 3922 πάλιν
1527 3869 1786 3938 ἔνσαρκον

216 3965 545 4036 παφυσίαν,
577 3963 672 4016 καὶ
697 3963 795 4034 τὴν
825 3961 1014 4031 κλῆσιν
1043 3961 1151 4014 τῶν
1180 3960 1369 4014 ὲθνῶν.
1402 3962 1509 4013 Καὶ
1531 3963 1560 4014 6
1595 3961 1694 4031 μὲν
1726 3958 1785 4013 ιε’

212 4056 488 4108 δείκνυσιν
511 4053 677 4108 αὐτοῦ
709 4055 806 4125 τὴν
839 4055 903 4106 ἐκ
928 4053 1133 4125 νεκρῶν
1169 4053 1460 4107 ἀνάστασιν
1482 4068 1495 4082 ο
1529 4053 1558 4103 6
1602 4051 1659 4104 δὲ
1699 4057 1784 4120 κγ’

214 4150 312 4202 καὶ
337 4153 432 4216 μς⁹
461 4145 866 4213 ἀπαγγέλλουσι
887 4145 983 4215 τὴν
1004 4146 1084 4208 είς
1099 4145 1358 4215 οὐρανοὺς
1377 4143 1559 4197 ἄνοδον
1583 4143 1746 4196 αὑτοῦ
1768 4160 1781 4174 ·

211 4239 307 4290 τὸν
336 4237 394 4289 δὲ
417 4236 525 4305 ιιβν,
569 4235 662 4288 καὶ
695 4232 793 4301 L,e',
837 4234 929 4286 καὶ
962 4233 1064 4300 ιτζν,
1109 4235 1202 4287 καὶ
1249 4237 1334 4304 [ιη’
1373 4231 1780 4300 ἀναγινώσκων,

213 4323 493 4399 θεωρῆσαι
520 4326 720 4398 δυνήσῃ
753 4326 851 4388 τὰς
884 4326 962 4387 εἰς
988 4324 1133 4394 ἡμᾶς
1161 4322 1255 4376 τοῦ
1285 4323 1532 4394 Σωτῆρος
1558 4322 1645 4376 διὰ
1674 4321 1782 4376 τῶν

212 4420 560 4490 παθημάτων
587 4416 747 4471 αὑτοῦ
783 4416 1077 4487 γενομένας
1111 4415 1447 4486 εὐεργεσίας.

287 4514 392 4577 κζ’.
425 4512 675 4575 Τοιοῦτος
698 4512 794 4582 μὲν
816 4508 907 4566 οὖν
932 4513 1047 4564 ἐστι
1069 4511 1164 4564 καὶ
1181 4513 1209 4563 6
1229 4509 1513 4582 χαρακτὴρ
1533 4511 1612 4572 είς
1640 4509 1780 4578 ὠφέ-

209 4608 364 4659 λειαν
397 4608 512 4668 τοῖς
543 4602 846 4675 ἀνθρώποις
894 4605 958 4656 ἐκ
1005 4602 1104 4672 τῆς
1146 4601 1326 4672 βίϐλου
1371 4599 1480 4652 τῶν
1512 4598 1775 4669 Ψαλμῶν,
1810 4627 1854 4682 D

215 4699 448 4772 ιχούσης
468 4699 635 4769 αὐτῆς
676 4698 836 4760 ἰδίους
864 4695 1129 4766 ψαλμοὺς,
1153 4695 1245 4747 καὶ
1271 4697 1327 4746 ὲν
1348 4695 1459 4756 τοῖς
1487 4692 1688 4755 λοιποῖς
1720 4692 1775 4745 δὲ

217 4792 342 4861 περὶ
365 4792 465 4860 τῆς
493 4792 548 4842 ἐν
582 4787 790 4858 σώματι
817 4784 1115 4858 παρουσίας
1141 4783 1234 4836 τοῦ
1258 4783 1463 4854 Κυρίου
1488 4780 1646 4852 ἡμῶν
1682 4781 1776 4834 καὶ

212 4883 464 4953 Σωτῆρος
489 4879 658 4950 Ἰησοῦ
691 4877 923 4948 Χριστοῦ
951 4875 1281 4946 πυκνοτέρας
1300 4874 1396 4937 τὰς
1422 4871 1775 4944 προφητείας,

210 4977 355 5031 καθά
390 4977 666 5044 προεῖπον.
697 4971 798 5024 Διά
821 4971 871 5023 τί
898 4970 954 5023 δὲ
985 4968 1120 5040 μετά
1141 4967 1330 5038 μέλους
1358 4964 1451 5019 καὶ
1482 4963 1624 5033 ᾠδῆς
1642 4962 1778 5032 ψάλ-

206 5069 396 5120 λονται
420 5067 470 5120 οἱ
499 5065 726 5118 τοιοῦτοι
759 5063 927 5130 λόγοι,
958 5061 1250 5127 ἀναγκαῖον
1277 5057 1408 5128 μηδὲ
1445 5054 1600 5108 τοῦτο
1637 5070 1776 5124 παρ-

209 5161 409 5214 ελθεῖν.
439 5158 595 5220 Τινὲς
625 5158 722 5228 μὲν
756 5155 862 5225 γὰρ
889 5153 995 5206 τῶν
1027 5153 1158 5221 παρ’
1188 5153 1316 5222 ἡμῖν
1343 5147 1635 5219 ἀκεραίων,
1654 5146 1776 5199 καί·

205 5269 291 5304 τοι
325 5248 692 5301 πιστευόντων
714 5241 852 5297 εἶναι
885 5243 1212 5296 θεόπνευστα
1237 5239 1304 5294 τὰ
1330 5240 1550 5310 ῥήματα
1570 5278 1584 5302 ,
1627 5239 1776 5308 ὅμως

207 5342 489 5413 νομίζουσι
534 5338 621 5391 διὰ
652 5336 713 5388 τὸ
741 5334 975 5404 εὔφωνον
1027 5334 1121 5387 καὶ
1148 5331 1389 5404 τέρψεως
1443 5329 1626 5382 ἕνεκεν
1677 5328 1772 5398 τῆς

207 5433 381 5503 ἀκοῆς
409 5429 761 5503 μελῳδείσθαι
785 5428 908 5488 τοὺς
935 5423 1198 5495 ψαλμοὺς.
1227 5423 1338 5477 Οὐκ
1363 5421 1476 5474 ἔστι
1498 5422 1552 5474 δὲ
1572 5419 1770 5481 οὕτως·

207 5527 269 5579 οὐ
297 5525 402 5597 γὰρ
429 5525 491 5578 τὸ
518 5524 616 5597 ἡδὺ
646 5523 742 5576 καὶ
770 5518 991 5574 πιθανὸν
1020 5517 1334 5589 ἐζήτησενη
1367 5517 1552 5586 Γραφή
1573 5531 1587 5545 ο
1640 5513 1774 5566 ἀλλά

208 5621 302 5672 καὶ
325 5617 482 5672 τοῦτο
512 5615 783 5688 ὡφελείας
806 5613 990 5665 ἕνεκεν
1014 5613 1112 5683 τῆς
1137 5611 1313 5681 ψυχῆς
1357 5608 1663 5662 τετύπωται
1687 5606 1774 5660 διὰ

210 5712 384 5765 πάντα
416 5711 540 5783 μὲν,
572 5709 811 5780 μάλιστα
839 5705 894 5758 δὲ
921 5704 1006 5758 διά
1037 5703 1130 5757 δύο
1159 5702 1326 5755 ταῦτα
1347 5719 1358 5730 ·
1404 5700 1620 5771 πρῶτον
1652 5697 1770 5768 μὲν,

207 5809 285 5859 ὅτι
317 5806 522 5878 ἔπρεπε
548 5805 652 5874 τὴν
684 5801 835 5853 θείαν
860 5796 1077 5870 Γραφὴν
1110 5799 1182 5867 μὴ
1220 5796 1376 5866 μόνον
1403 5797 1467 5864 τῇ
1500 5791 1768 5861 συνεχείᾳ,

206 5900 329 5955 ἀλλὰ
375 5901 466 5955 καὶ
515 5901 582 5968 τῇ
623 5896 766 5948 κατά
804 5892 999 5954 πλάτος
1051 5893 1198 5960 φωνῇ
1250 5889 1339 5942 τὸν
1392 5886 1522 5940 Θεὸν
1562 5886 1767 5955 ὑμνεῖν.

1905 2035 2054 2088 dicas
2082 2045 2380 2105 suppetunt
2418 2038 2471 2092 in
2505 2039 2573 2093 92
2607 2049 2660 2095 et
2691 2040 2780 2096 97.
2813 2040 2870 2096 Si
2897 2058 3018 2097 cum
3057 2045 3285 2114 pusillus
3319 2060 3469 2101 esses

1904 2125 2158 2195 praelatus
2188 2127 2264 2182 sis
2304 2130 2370 2182 ad
2406 2145 2564 2184 usum
2599 2134 2907 2202 quempiam
2948 2134 3176 2190 fratrum
3213 2145 3465 2204 tuorum,

1903 2232 1972 2272 ne
2005 2217 2261 2275 adversus
2292 2221 2414 2276 illos
2443 2223 2700 2279 extollare
2740 2241 2754 2277 :
2801 2225 2897 2280 sed
2944 2227 3168 2298 gloriam
3211 2229 3464 2289 Domino,

1902 2310 1996 2379 qui
2034 2320 2083 2366 te
2116 2312 2318 2384 elegit,
2363 2315 2629 2381 tribuens,
2657 2316 2824 2386 psalle
2856 2325 2910 2372 et
2943 2328 2998 2373 tu
3032 2319 3124 2372 i5l
3151 2361 3165 2384 ,
3194 2319 3288 2389 qui
3335 2334 3465 2389 pro-

1900 2403 2051 2472 prius
2083 2413 2166 2460 est
2196 2405 2436 2461 Davidis.
2476 2406 2580 2462 Sed
2613 2424 2807 2464 canere
2836 2410 2916 2464 vis
2941 2411 3179 2480 psalmos
3204 2425 3465 2465 resonan-

1900 2504 1980 2550 tes
2008 2495 2223 2551 laudem
2248 2497 2363 2564 Dei,
2383 2513 2478 2553 seu
2500 2500 2762 2555 habentes
2785 2501 2999 2555 titulum
3022 2502 3274 2566 Alleluia,
3299 2503 3465 2557 habes

1903 2587 2023 2652 106,
2067 2588 2509 2656 105,106,111,
2563 2591 2683 2654 119,
2715 2593 2837 2656 113,
2870 2592 3303 2660 11ι,115,116,
3340 2594 3460 2656 117,

1901 2681 2024 2746 118,
2061 2681 2182 2748 154,
2219 2681 2488 2748 155,145,
2524 2682 2644 2747 146,
2681 2683 2804 2751 117,
2835 2683 2956 2746 148,
2990 2683 3262 2751 149,150.

1964 2856 2052 2911 26.
2093 2856 2228 2912 Cum
2279 2858 2512 2913 volueris
2577 2873 2641 2912 ea
2689 2873 2811 2928 quae
2859 2858 3189 2915 Salvatorem
3244 2860 3462 2930 proprie

1897 2958 2140 3020 spectant
2163 2950 2392 3020 psallere
2427 2991 2442 3017 ,
2469 2951 2521 3004 in
2551 2949 2779 3019 singulis
2810 2966 2944 3022 pene
2969 2951 3194 3021 psalmis
3233 2952 3348 3007 haec
3372 2954 3459 3006 in-

1896 3042 2111 3098 venies:
2142 3041 2410 3111 praecipue
2463 3049 2640 3095 autem
2666 3027 2833 3096 habes
2863 3043 2932 3097 44
2964 3051 3018 3097 et
3050 3041 3172 3109 109,
3201 3044 3294 3112 qui
3325 3059 3461 3114 prae-

1894 3134 2109 3203 cipuam
2136 3133 2253 3204 ejus
2285 3149 2348 3188 ex
2381 3131 2539 3189 Patre
2564 3134 2984 3203 generationem,
3014 3135 3241 3204 ejusque
3270 3136 3322 3188 in
3347 3150 3461 3190 coro

1895 3239 2025 3295 pore
2049 3225 2339 3278 adventum
2374 3225 2715 3294 signiﬁcant;
2739 3225 2800 3277 21
2834 3234 2890 3279 et
2916 3225 3007 3290 68,
3051 3227 3144 3296 qui
3176 3225 3244 3280 de
3275 3226 3458 3280 divina

1894 3331 2055 3373 cruce
2092 3317 2478 3386 praenuntiant,
2521 3324 2756 3388 quantas
2795 3331 2893 3387 pro
2938 3317 3097 3372 nobis
3141 3317 3461 3374 sustinuerit

1891 3405 2138 3469 insidias,
2169 3416 2224 3460 et
2247 3423 2409 3476 quam
2443 3409 2609 3462 multa
2633 3423 2829 3477 passus
2859 3409 2959 3473 sit;
2988 3418 3041 3463 et
3072 3410 3371 3464 secundum
3403 3419 3460 3464 et

1893 3495 2014 3558 108,
2043 3497 2345 3551 indicantes
2377 3496 2686 3552 Judzeorum
2721 3498 2948 3552 insidias
2981 3500 3370 3570 malitiamque,
3399 3509 3456 3555 et

1889 3586 2040 3643 Iuda:
2081 3587 2351 3643 lscariotae
2393 3587 2790 3658 proditionem;
2830 3598 2885 3644 et
2925 3590 3239 3645 vicesimum
3267 3629 3283 3655 ,
3319 3591 3448 3648 item

1889 3677 1957 3733 49
1986 3687 2038 3733 et
2068 3679 2165 3744 71,
2215 3678 2582 3748 signiﬁcantes
2632 3693 2858 3748 regnum
2909 3679 3029 3748 ejus
3084 3689 3138 3734 et
3173 3680 3454 3748 iudicandi

1888 3776 2234 3839 potestatem,
2266 3782 2472 3822 necnon
2523 3765 2822 3821 secundum
2845 3766 2963 3835 ejus
2990 3767 3045 3820 in
3072 3781 3237 3822 carne
3259 3766 3328 3821 ad
3354 3781 3455 3822 nos

1887 3858 2217 3922 adventum,
2276 3866 2331 3912 et
2388 3857 2720 3912 vocationem
2768 3858 3029 3926 gentium.
3093 3855 3161 3910 Et
3209 3857 3452 3912 decimus

1885 3950 2111 4020 quintus
2144 3950 2386 4005 declarat
2434 3949 2554 4018 ejus
2595 3963 2626 4001 a
2676 3949 2907 4003 mortuis
2943 3949 3394 4005 resurrectionem
3432 3969 3446 4004 :

1887 4045 2182 4100 vicesimus
2209 4045 2402 4099 tertius
2437 4051 2490 4096 et
2532 4042 2981 4113 quadragesimus
3026 4052 3212 4099 sextus
3240 4060 3450 4098 annuno

1887 4137 2024 4192 tiaut
2054 4135 2173 4206 ejus
2206 4135 2273 4189 ad
2319 4134 2484 4189 ccelos
2511 4149 2821 4189 ascensum.
2855 4132 2990 4188 Cum
3033 4143 3211 4189 autem
3253 4135 3448 4204 legeris

1884 4227 2291 4300 nonagesimum
2308 4225 2625 4288 secundum,
2640 4233 2692 4277 et
2714 4223 2802 4287 95,
2820 4236 2873 4278 et
2889 4223 2976 4289 97,
2997 4233 3050 4278 et
3076 4223 3166 4291 98,
3188 4223 3444 4278 beneﬁcia

1884 4318 2182 4373 Salvatoris
2216 4333 2311 4388 per
2350 4316 2623 4372 cruciatus
2649 4315 2767 4386 ejus
2815 4315 2972 4369 nobis
3007 4314 3200 4369 collata
3242 4315 3444 4383 poteris

1882 4408 2256 4477 contemplari.

1947 4503 2037 4557 27.
2093 4498 2240 4554 Talis
2263 4508 2345 4555 est
2382 4500 2664 4554 character
2696 4497 2818 4552 libri
2861 4493 3202 4549 Psalmorum
3243 4493 3310 4546 ad
3342 4493 3442 4546 ho-

1883 4597 2087 4651 minum
2138 4594 2421 4648 utilitatem
2489 4588 2966 4652 accommodatus;
3022 4600 3160 4655 quos
3219 4585 3440 4653 quidem

1881 4688 2119 4758 psalmos
2161 4685 2299 4740 alios
2327 4685 2392 4738 ad
2422 4681 2853 4738 emendationem
2901 4685 3143 4731 motuum
3195 4676 3439 4745 singula-

1878 4795 1996 4833 rum
2017 4777 2320 4833 animarum
2337 4773 2674 4844 conscriptos
2689 4785 2829 4834 esse,
2850 4769 3089 4839 reliquos
3107 4783 3234 4822 vero
3263 4767 3330 4821 de
3347 4767 3440 4822 ad-

1878 4881 2038 4927 ventu
2063 4871 2116 4924 in
2135 4883 2362 4938 corpore
2383 4863 2597 4920 Domini
2619 4863 2790 4917 nostri
2808 4859 2836 4916 J
2844 4876 2938 4915 esu
2963 4859 3162 4915 Christi
3185 4857 3438 4927 frequen-

1877 4966 2045 5020 tiores
2087 4961 2284 5015 habcre
2327 4956 2657 5028 prophetias,
2693 4954 2948 5024 superius
2993 4952 3248 5006 diximus.
3295 4949 3435 5014 Quid

1877 5070 2054 5111 causre
2107 5062 2285 5107 autem
2355 5052 2449 5114 sit,
2487 5047 2629 5119 quod
2683 5044 2950 5116 ejusmodi
2995 5056 3274 5097 sermones
3310 5055 3432 5095 cum

1877 5146 2244 5203 modulatione
2294 5153 2346 5197 et
2374 5151 2535 5196 cantu
2574 5140 2893 5210 psallantur,
2928 5148 3268 5204 nequaquam
3297 5148 3436 5201 pra-

1877 5234 2276 5292 termittendum
2301 5242 2403 5286 est.
2447 5229 2677 5296 Quidam
2711 5230 2855 5284 enim
2909 5227 3049 5281 inter
3087 5241 3185 5279 nos
3226 5222 3434 5291 simpli-

1876 5330 2073 5392 ciores,
2106 5325 2316 5381 tametsi
2360 5323 2587 5378 credunt
2622 5321 2786 5375 verba
2819 5333 2940 5374 esse
2967 5315 3226 5373 divinitus
3262 5313 3434 5382 inspi-

1876 5430 2025 5485 rata,
2068 5419 2402 5473 arbitrantur
2446 5424 2624 5468 tameu
2674 5412 2744 5466 ob
2800 5409 2918 5466 soni
2968 5407 3288 5463 suavitatem
3331 5418 3430 5456 vo-

1875 5515 2242 5582 luptatemque
2285 5509 2497 5563 aurium
2543 5504 2784 5576 psalmos
2817 5502 2958 5556 cani.
2995 5501 3063 5552 At
3092 5511 3428 5566 nequaquam

1874 5607 1948 5660 ita
1980 5621 2037 5658 se
2071 5611 2156 5658 res
2184 5602 2382 5666 habet;
2417 5615 2520 5654 non
2549 5597 2692 5650 enim
2747 5608 2932 5656 suave.
2976 5601 3069 5645 aut
3118 5589 3430 5644 dcmulcens

1872 5697 2120 5769 quaesivit
2157 5693 2433 5761 Scriptura
2466 5709 2478 5745 :
2512 5689 2604 5744 sed
2640 5687 2692 5742 id
2719 5699 2933 5757 quoque
2964 5684 3029 5738 ad
3058 5681 3251 5735 animae
3284 5679 3434 5732 utili-

1874 5799 2034 5846 tatem
2055 5785 2408 5841 constitutum
2433 5788 2534 5842 est,
2553 5777 2827 5841 omnibus,
2847 5775 2938 5829 sed
2953 5773 3171 5827 duabus
3195 5770 3429 5824 maxime

1873 5881 1938 5936 de
1959 5878 2139 5936 causis
2173 5895 2186 5944 ;
2216 5876 2410 5946 primo,
2437 5873 2564 5942 quia
2597 5867 2777 5924 decuit
2825 5865 3059 5920 divinam
3094 5860 3426 5929 Scripturam
