4122 6480
689 422 760 481 '59
1535 422 1595 480 S.
1636 422 2004 479 ATHANASH
2040 424 2191 481 OPP.
2238 423 2418 480 PARS
2455 422 2536 478 Ill.
2590 453 2651 464 —
2689 423 3105 482 EXEGETICA.
3850 432 3918 487 ιο

694 558 801 598 non
852 553 1201 613 compresse,
1252 541 1347 598 sed
1404 542 1459 596 in
1530 542 1821 601 latitudine
1875 545 2026 601 vocis
2084 545 2253 602 Deum

2375 547 2515 601 {ara
2543 544 2830 616 συνέχειαν
2865 549 2964 618 μὲν
2987 542 3082 601 οὖν
3108 545 3342 618 εἴρηται,
3373 540 3462 600 οἷά
3489 549 3604 600 ἐστι
3630 544 3697 598 τά
3727 546 3823 600 τοῦ
3847 548 3928 600 νό-

695 635 909 707 hymnis
946 634 1238 691 celebrare.
1286 632 1555 690 Continua
1607 636 1769 708 igitur
1792 639 2038 693 oratione
2062 638 2259 694 dicun-

694 736 784 781 tur
840 726 976 797 legis
1020 735 1074 781 et
1114 724 1497 795 prophetarum
1527 726 1710 791 verba,
1746 742 1961 783 necnon
2018 730 2261 784 historia:

694 832 908 881 omnes,
943 832 1067 872 cum
1099 814 1246 871 Novo
1270 814 1659 883 Testamento;
1706 817 1884 875 fusius
1916 828 2097 875 autem
2130 820 2260 876 eti‘e-

697 917 892 962 runtur
936 907 1288 977 psalmorum.
1319 905 1546 961 odarum
1585 914 1640 962 et
1687 911 2025 963 canticorum
2054 909 2254 976 verba;

696 1009 860 1070 atque
890 998 962 1052 ita
995 1008 1242 1054 servatur
1271 997 1424 1063 illud,
1452 1008 1510 1052 ut
1543 997 1789 1055 homines
1818 1001 1951 1055 totis
1980 1001 2187 1056 viribus
2210 1010 2263 1056 et

698 1101 809 1145 tota
835 1092 1029 1146 virtute
1046 1090 1219 1145 Deum
1240 1091 1483 1161 diligant.
1513 1090 1782 1157 Secundo,
1806 1094 2262 1163 quemadmodum

699 1181 1006 1247 harmonia,
1032 1181 1195 1235 tibias
1217 1189 1339 1250 apte
1364 1195 1718 1251 componens,
1739 1196 1907 1235 unum
1940 1193 2263 1237 concentum

698 1272 877 1339 eliicit,
910 1274 982 1328 ita
1004 1289 1127 1329 cum
1159 1273 1211 1327 in
1239 1272 1413 1327 anima
1434 1272 1566 1328 varii
1598 1273 1705 1329 sint
1725 1282 1902 1329 motus
1929 1276 2162 1345 insitque
2185 1275 2264 1331 vis

699 1364 1005 1437 cogitandi,
1063 1365 1507 1434 concupiscendi,
1564 1365 1867 1431 irascendi,
1916 1381 1983 1421 ex
2032 1383 2263 1436 quarum

699 1459 936 1513 motione
989 1457 1357 1511 membrorum
1410 1458 1659 1527 corporis
1712 1458 1954 1527 operatio
2001 1461 2262 1525 exoritur,

699 1551 839 1605 ratio
870 1548 1104 1619 postulat
1144 1549 1419 1604 hominem
1461 1563 1645 1604 secum
1682 1565 1789 1603 non
1817 1548 2125 1614 dissentire,
2168 1567 2266 1607 nec

703 1658 733 1696 a
769 1642 1059 1711 semetipso
1105 1640 1368 1695 dissidere
1415 1658 1429 1695 :
1465 1640 1537 1695 ita
1578 1650 1638 1695 ut
1684 1640 1887 1709 optima
1916 1642 2132 1711 quidem
2170 1659 2266 1698 co-

704 1727 854 1795 gitet,
882 1726 1120 1797 pessima
1149 1741 1277 1780 vero
1304 1724 1486 1793 faciat,
1518 1736 1579 1780 ut
1605 1725 1837 1791 Pilatus,
1864 1728 1957 1797 qui
1979 1728 2115 1782 dixit
2140 1728 2266 1798 qui-

702 1818 823 1871 dem
860 1835 873 1871 :
910 1815 1133 1870 Nullam
1176 1833 1391 1870 causam
1440 1821 1625 1871 mortis
1676 1817 1879 1871 invenio
1936 1818 1990 1871 in
2044 1818 2138 1872 illo
2189 1820 2263 1886 ¹²;

2366 658 2465 711 μου
2498 640 2591 694 καὶ
2618 640 2727 693 τῶν
2752 640 3068 712 προφητῶν,
3098 640 3191 693 καὶ⁵
3218 640 3287 692 τὰ
3337 639 3692 710 ἱστορούμενα
3730 639 3927 705 πάντα,

2364 730 2505 799 μετά
2535 729 2636 799 τῆς
2661 729 2873 799 Καινῆς
2932 728 3207 800 Διαθήκης
3229 743 3242 756 ·
3275 728 3416 781 κατὰ
3459 726 3657 791 πλάτος
3690 728 3747 781 δὲ
3781 728 3931 797 λέγε-

2363 838 2475 883 ται,
2504 814 2593 874 οἷά
2608 821 2723 873 ἐστι
2748 819 2818 873 τὰ
2840 820 2947 873 τῶν
2973 819 3201 890 ψαλμῶν
3239 818 3332 871 καὶ
3368 818 3519 888 ᾠδῶν
3544 818 3639 871 καὶ
3672 818 3929 890 ᾀσμάτων

2365 914 2613 984 ῥήματαο
2644 912 2735 966 καὶ
2761 911 2931 975 οὔτως
2958 912 3066 983 γὰρ
3101 911 3477 982 σωθήσεταιτὺ
3506 910 3565 975 ἐξ
3593 910 3721 981 ὅλης
3751 908 3929 981 ἰσχύος

2364 1005 2762 1076 καὶδυνάμεως
2814 1006 3034 1077 ἀγαπᾷν
3077 1004 3170 1059 τὸν
3223 1004 3356 1058 Θεὸν
3408 1004 3534 1069 τοὺς
3588 1004 3925 1075 ἀνθρώπους.

2362 1097 2621 1169 Δεύτερον
2650 1097 2729 1162 δὲ,
2765 1097 2867 1161 ὃτι,
2902 1098 3090 1168 ὥσπερ
3118 1096 3350 1169 ἁρμονία
3372 1097 3500 1160 τοὺς
3523 1096 3718 1160 αὐλοὺς
3748 1109 3930 1149 συντι-

2364 1188 2518 1242 θεῖσα
2562 1186 2689 1259 μίαν
2730 1186 2829 1259 τὴν
2860 1186 3175 1257 συμφωνίαν
3205 1185 3475 1248 ἀποτελεῖ,
3524 1185 3717 1249 οὕτως,
3747 1184 3930 1256 ἐπειδὴ

2364 1279 2456 1333 καὶ
2488 1279 2545 1332 ὲν
2570 1280 2636 1350 τῇ
2651 1277 2794 1350 ψυχῇ
2815 1278 3047 1349 διάφορα
3068 1278 3343 1347 κινήματα
3368 1277 3639 1345 φαίνεται,
3670 1276 3762 1329 καὶ
3785 1275 3931 1327 ἐστιν

2364 1371 2423 1423 ὲν
2455 1370 2591 1441 αὐτῇ
2625 1369 2686 1422 τὸ
2712 1368 3041 1439 λογίζεσθαι,
3076 1368 3169 1422 καὶ
3193 1367 3253 1421 τὸ
3277 1367 3583 1439 ἐπιθυμεῖν,
3624 1367 3719 1421 καὶ
3746 1366 3808 1419 τὸ
3839 1366 3930 1418 θυ-

2367 1459 2597 1532 μοειδὲς,
2625 1460 2690 1514 ὲκ
2709 1460 2766 1513 δὲ
2790 1460 2885 1531 τῆς
2910 1459 3113 1513 τούτων
3137 1461 3401 1531 κινήσεως
3429 1459 3522 1512 xal.
3546 1462 3579 1528 ἡ
3610 1459 3716 1512 τῶν
3758 1456 3931 1528 μελῶν

2364 1551 2570 1621 γίνεται
2594 1549 2688 1605 τοῦ
2726 1550 2973 1623 σώματος
3003 1551 3273 1623 ἐνέργεια,
3310 1550 3557 1621 βούλεται
3589 1552 3616 1603 ό
3641 1550 3798 1619 λόγος
3857 1549 3932 1621 μὴ

2364 1642 2689 1715 ἀσύμφωνον
2715 1638 2853 1699 εἶναι
2872 1643 2963 1697 τὸν
3008 1644 3290 1714 ἄνθρωπον
3322 1642 3519 1713 ἑαυτῷ,
3559 1642 3691 1713 μηδὲ
3732 1642 3933 1696 διίστα-

2368 1735 2489 1789 σθαι
2523 1734 2659 1806 πρὸς
2692 1734 2882 1788 ἑαυτόν
2902 1751 2915 1764 ·
2950 1733 3090 1787 ὥστε
3111 1734 3416 1803 λογίζεσθαι
3450 1734 3547 1805 μὲν
3570 1732 3639 1786 τά
3661 1733 3929 1803 βέλτιστα.

2370 1826 2625 1897 πράττειν
2652 1824 2709 1878 δὲ
2737 1824 2815 1896 τῷ
2838 1824 2995 1897 θυμῷ
3014 1824 3082 1878 τά
3113 1823 3311 1894 φαῦλα,
3342 1825 3418 1889 ὡς
3453 1826 3481 1878 ὁ
3506 1824 3733 1887 Πιλᾶτος
3760 1823 3932 1892 λέγων

702 1914 939 1963 attamen
983 1924 1106 1964 cum
1152 1906 1461 1964 Judaeorum
1512 1910 1779 1964 sententia
1834 1910 2133 1967 convenit:
2178 1919 2270 1965 aut

2375 1918 2471 1988 μέν
2490 1933 2504 1947 ο
2536 1915 2832 1986 Οὑὸεμίαν
2856 1917 3055 1970 αἰτίαν
3075 1917 3333 1985 εὑρίσκω
3351 1919 3437 1981 εις
3464 1917 3649 1969 αὐτόν
3664 1930 3679 1947 ο
3714 1914 3936 1986 συντρέ-

704 2017 867 2072 prava
912 2002 1284 2072 concupiscat,
1335 2016 1444 2056 non
1482 2002 1654 2071 possit
1694 2011 1873 2057 autem
1927 2011 2268 2073 perpetrare,

681 2105 762 2165 _ut
787 2109 942 2150 senes
978 2094 1031 2147 in
1069 2091 1373 2148 Susannam
1402 2111 1415 2148 :
1448 2102 1543 2147 aut
1585 2108 1801 2149 rursum
1839 2108 1868 2148 a
1911 2093 2270 2152 fornicatione

706 2185 978 2240 abstineat
1032 2184 1274 2255 quidem,
1328 2185 1425 2240 sed
1475 2183 1714 2253 furetur;
1765 2195 1860 2240 aut
1900 2202 2006 2241 non
2062 2185 2272 2242 furetur

704 2276 948 2346 quidem,
997 2278 1092 2333 sed
1123 2277 1363 2346 occidat;
1407 2286 1502 2333 aut
1550 2293 1659 2333 non
1710 2278 1939 2348 occidat,
1991 2280 2085 2336 sed
2126 2280 2271 2337 blas-

706 2370 941 2438 phemet.

776 2461 864 2516 28.
909 2457 989 2518 Ne
1035 2461 1218 2533 itaque
1254 2462 1439 2534 aliqua
1484 2464 1797 2536 huiusmodi
1847 2466 2188 2537 perturbatio
2217 2466 2272 2521 in

708 2549 866 2607 nobis
899 2553 991 2620 sit,
1040 2554 1181 2609 ratio
1228 2554 1487 2624 postulat,
1538 2564 1599 2610 ut
1645 2557 1847 2623 anima,
1901 2572 2042 2626 quae,
2092 2566 2153 2612 ut
2200 2557 2275 2612 ait

708 2640 999 2713 Apostolus
1032 2643 1114 2710 ”,
1155 2643 1359 2699 Christi
1395 2654 1634 2702 mentem
1679 2646 1861 2711 habet,
1901 2660 1964 2703 ea
1991 2649 2129 2704 duce
2156 2656 2274 2703 uta-

710 2742 817 2791 tur.
873 2742 1035 2803 atque
1081 2747 1173 2804 per
1227 2733 1373 2789 illam
1421 2735 1588 2792 animi
1634 2735 1861 2791 allectus
1902 2737 2173 2804 cohibeat,
2222 2747 2276 2794 et

707 2824 954 2893 corporis
987 2824 1245 2879 membris
1274 2825 1535 2896 imperet,
1574 2842 1685 2898 quo
1732 2828 1936 2883 rationi
1973 2828 2275 2898 obsequan-

710 2925 830 2980 tur;
867 2917 1095 2972 utsicut
1131 2917 1186 2971 in
1222 2918 1509 2974 harmonia
1542 2920 1827 2989 plectrum,
1859 2920 1935 2974 ita
1963 2920 2079 2989 ipse
2112 2922 2275 2975 homo

710 3008 866 3078 quasi
899 3008 1211 3080 psalterium
1240 3008 1485 3074 eﬂ'ectus,
1520 3019 1575 3064 et
1609 3011 1824 3081 spiritui
1853 3011 2076 3065 omnino
2101 3010 2277 3066 inten-

712 3107 821 3162 tus,
867 3098 1121 3154 omnibus
1171 3099 1431 3156 membris
1492 3101 1840 3173 motibusque
1896 3101 2012 3157 suis
2060 3102 2277 3157 obediat

711 3186 1077 3259 inserviatque
1118 3186 1214 3243 Dei
1262 3190 1551 3245 voluntati.
1595 3189 1908 3247 istiusmodi
1950 3199 2131 3246 autem
2175 3192 2277 3246 im-

710 3280 1004 3351 perturbati
1043 3289 1098 3336 et
1121 3281 1291 3336 sedati
1317 3281 1487 3335 animi
1520 3282 1701 3351 imago
1732 3292 2001 3352 typusque
2035 3291 2119 3337 est
2152 3282 2276 3336 har-

710 3370 926 3425 monica
976 3371 1067 3425 illa
1134 3369 1477 3425 Psalmorum
1554 3368 1735 3424 lectio.
1809 3368 2277 3436 Quemadmodum

710 3462 854 3517 enim
900 3462 1099 3529 verbis,
1158 3476 1279 3532 qua:
1324 3457 1672 3532 proferimus,
1723 3460 1892 3515 animi
1925 3461 2278 3533 cogitationes

712 3553 995 3624 prodimus
1025 3563 1187 3624 atque
1212 3552 1511 3609 indicamus
1540 3569 1554 3607 :
1590 3553 1671 3607 sic
1702 3566 1828 3607 cum
1859 3553 2194 3623 spiritualem
2221 3553 2279 3609 in

712 3644 897 3699 anima
938 3644 1280 3698 harmoniam
1309 3682 1325 3707 ,
1353 3644 1641 3699 verbOrum
1687 3643 2073 3713 modulatione,
2121 3645 2279 3715 quasi

716 3735 962 3807 symbolo
1011 3733 1307 3803 significari
1353 3734 1487 3789 velit
1518 3732 1803 3799 Dominus,
1850 3735 2014 3805 jussit
2070 3744 2129 3791 ut
2155 3751 2277 3790 cum

716 3829 1085 3884 modulatione
1128 3827 1472 3899 psalleretur,
1518 3836 1679 3898 atque
1729 3826 1923 3898 psalmi
1967 3842 2091 3883 cum
2118 3836 2279 3883 cantu

714 3922 1097 3977 recitarentur.
1147 3918 1215 3975 Et
1268 3920 1399 3975 illud
1445 3929 1530 3983 est
1576 3922 1771 3975 anima:
1820 3919 2172 3986 desiderium,
2220 3929 2282 3975 ut

717 4024 862 4068 recte
895 4012 1086 4067 aliecta
1132 4020 1186 4066 et
1226 4011 1529 4081 composita
1560 4010 1651 4075 sit,
1686 4020 1745 4065 ut
1787 4012 2045 4081 scriptum
2079 4021 2163 4067 est
2193 4009 2278 4064 ’δι

717 4101 957 4158 ιωιαιιιτ
985 4102 1102 4173 quis
1142 4102 1197 4155 in
1237 4100 1429 4157 vobis!
1471 4100 1692 4171 psallat.
1740 4099 1855 4156 Hoc
1883 4102 2044 4156 modo
2072 4101 2119 4157 si
2151 4100 2283 4173 quid

718 4196 773 4250 in
800 4210 861 4249 ea
919 4193 1308 4260 turbulentum,
1348 4206 1599 4264 asperum
1635 4200 1689 4247 et
1727 4190 2145 4261 incompositum
2179 4204 2281 4260 εει,

718 4286 1021 4357 psalmodia
1074 4286 1412 4355 mitigatur;
1470 4284 1682 4339 tristitia
1724 4299 1855 4340 vero
1896 4285 2103 4341 levatur
2136 4286 2284 4357 psal-

719 4376 955 4430 lentibus
979 4376 1136 4431 nobis
1162 4394 1175 4428 :
1198 4374 1375 4440 Quare
1397 4376 1564 4429 tristis
1585 4391 1661 4441 es,
1692 4376 1871 4429 anima
1899 4391 2034 4441 mea,
2056 4386 2106 4429 et
2125 4391 2286 4445 quare

720 4464 1003 4521 conturbas
1023 4481 1101 4519 me
1128 4464 1174 4496 "
1198 4463 1222 4518 2
1263 4463 1516 4519 Errorem
1554 4477 1685 4519 vero
1712 4478 1875 4519 suum
1905 4474 2163 4535 agnoscet
2199 4463 2284 4517 di—

2369 2027 2477 2080 χων
2499 2008 2556 2062 δὲ
2581 2011 2646 2079 τῇ
2681 2007 2874 2081 γνώμῃ
2912 2006 3020 2065 τῶν
3063 2008 3332 2063 Ἰουδαίων
3358 2025 3370 2038 °
3420 2008 3454 2078 ἦ
3510 2007 3796 2079 ἐπιθυμεῖν
3835 2008 3934 2078 μὲν

2368 2098 2437 2152 τὰ
2464 2098 2661 2168 φαῦλα,
2723 2099 2798 2170 μὴ
2848 2098 3108 2153 δύνασθαι
3149 2098 3206 2152 δὲ
3250 2099 3544 2170 πράττειν,
3593 2097 3667 2162 ὼς
3704 2098 3754 2149 οἱ
3794 2098 3934 2151 κατὰ

2368 2190 2673 2263 Σουσάννης
2726 2190 3110 2263 πρεσϐύτεροι·
3137 2192 3171 2262 ἢ
3205 2190 3364 2245 πάλιν
3394 2190 3468 2261 μὴ
3502 2187 3771 2260 μοιχεύειν
3815 2189 3932 2260 μὲν,

2370 2282 2622 2338 κλέπτειν
2658 2283 2747 2336 δέ·
2776 2282 2809 2354 ἢ
2838 2282 2913 2355 μὴ
2942 2282 3193 2337 κλέπτειν
3236 2284 3353 2353 μὲν,
3387 2282 3631 2352 φονεύειν
3671 2280 3726 2335 δέ
3747 2298 3761 2313 ⁸
3793 2280 3827 2351 ἢ
3860 2282 3936 2353 μὴ

2372 2374 2615 2447 φονεύειν
2638 2376 2758 2447 μιν,
2785 2374 3123 2447 βλασφημεῖν
3147 2372 3224 2426 δέ.

2441 2474 2545 2539 κη’.
2570 2468 2665 2520 'iv‘
2689 2463 2781 2523 οὖν
2815 2466 2889 2538 μὴ
2910 2466 3133 2537 τοιαύτη
3171 2482 3254 2530 τις
3285 2466 3344 2518 ὲν
3381 2467 3514 2536 ἡμῖν
3544 2464 3753 2536 ταραχὴ
3787 2464 3940 2535 γίνη-

2370 2577 2481 2623 ται,
2513 2559 2653 2613 θέλει
2684 2560 2782 2629 τὴν
2805 2558 2981 2630 ψυχὴν
3004 2561 3032 2612 ὁ
3057 2558 3212 2627 λόγος
3244 2558 3473 2631 ἔχουσαν
3521 2557 3755 2629 Χριστοῦ
3790 2557 3936 2620 νοῦν,

2372 2652 2445 2716 ὡς
2467 2647 2617 2706 εἶπεν
2649 2654 2676 2706 ὁ
2719 2650 3242 2721 ’Δπόστολος,τούτῳ
3266 2650 3594 2721 καθηγεμόνι
3615 2649 3939 2721 χρήσασθαι,

2375 2744 2469 2798 καὶ
2498 2745 2555 2797 ὲν
2584 2742 2758 2815 τούτῳ
2804 2742 2910 2798 τῶν
2936 2741 3033 2814 μὲν
3062 2745 3119 2795 έν
3150 2743 3287 2812 αὐτῇ
3339 2742 3654 2812 παθητικῶν
3699 2744 3939 2813 κρατεῖν,

2373 2836 2481 2889 τῶν
2505 2834 2563 2889 δὲ
2591 2834 2681 2889 τού
2710 2833 2956 2904 σώματος
2986 2833 3162 2905 μελῶν
3190 2833 3398 2905 ἄρχειν,
3424 2834 3502 2896 είς
3550 2833 3609 2885 τὸ
3650 2832 3942 2885 ὑπακούειν

2373 2926 2451 2997 τῷ
2471 2926 2631 2995 λόγῳ·
2668 2927 2775 2991 ἵνα,
2804 2927 2879 2990 ὡς
2906 2928 2963 2979 έν
2984 2926 3217 2997 ἁρμονίᾳ
3241 2908 3305 2978 τδ
3324 2924 3617 2996 πλῆκτρον,
3646 2923 3817 2987 οὕτως
3850 2926 3944 2979 αύ-

2374 3014 2465 3078 τδς
2501 3015 2530 3067 ό
2559 3013 2841 3087 ἄνθρωπος
2863 3014 3157 3085 ψαλτήριον
3185 3016 3493 3087 γενόμενος,
3550 3016 3643 3068 καὶ
3678 3014 3754 3086 τῷ
3784 3014 3945 3067 πνεύ-

2380 3124 2509 3179 ματι
2552 3107 2832 3179 προσέχων
2878 3106 3204 3178 ὁλοκλήρως,
3260 3109 3354 3162 καὶ⁵
3411 3111 3544 3161 πᾶσι
3604 3111 3714 3171 τοῖς
3760 3109 3944 3179 μέλεσι

2378 3201 2474 3254 καὶ
2508 3203 2620 3265 τοῖς
2652 3202 2943 3272 κινήμασιν
2981 3200 3251 3273 ὑπακούῃ,
3278 3200 3373 3253 καὶ
3405 3199 3630 3273 δουλεύῃ
3654 3199 3732 3270 τῷ
3755 3199 3946 3272 βουλή-

2381 3310 2507 3365 ματι
2553 3292 2645 3346 τοῦ
2672 3292 2825 3346 Θεοῦ.
2852 3292 2963 3363 Τῆς
2983 3292 3040 3346 δὲ
3065 3292 3320 3363 τοιαύτης
3362 3292 3467 3345 τῶν
3521 3292 3792 3361 λογισμῶν
3816 3294 3946 3346 ἀτα-

2381 3384 2568 3456 ραξίας
2592 3384 2685 3438 καὶ
2702 3383 2972 3455 ἀκύμονος
2995 3385 3378 3449 καταστάσεως
3412 3381 3595 3437 ἐἰκὼν
3634 3383 3729 3436 καὶ
3776 3383 3948 3446 τύπος

2376 3476 2579 3545 ἐστινὴ
2605 3473 2712 3527 τῶν
2762 3472 3007 3544 Ψαλμῶν
3062 3474 3302 3545 ἐμμελὴς
3353 3475 3679 3542 ἀνάγνωσις.
3740 3472 3948 3544 ’Ὠσπερ

2377 3567 2489 3639 γὰρ
2517 3568 2586 3620 τὰ
2612 3566 2711 3637 τῆς
2737 3565 2917 3635 ψυχῆς
2944 3567 3188 3638 νοήματα
3219 3565 3557 3636 γνωρίζομεν
3576 3565 3669 3618 κα)⁵
3692 3564 3950 3635 σημαίνο-

2382 3674 2480 3729 μεν
2512 3656 2579 3710 δι⁹
2601 3651 2675 3712 ὧν
2709 3657 3055 3729 προφέρομεν
3095 3657 3287 3726 λόγων,
3333 3654 3526 3720 οὕτως,
3558 3656 3657 3727 τῆς
3704 3672 3948 3725 πνευμα-

2377 3751 2532 3821 τικῆς
2555 3750 2613 3803 ὲν
2631 3748 2775 3820 ψυχῇ
2804 3749 3067 3821 ἁρμονίας
3096 3748 3193 3820 τὴν
3214 3751 3279 3802 ὲκ
3305 3748 3411 3803 τῶν
3455 3746 3628 3816 λόγων
3683 3745 3950 3817 μελῳδίαν

2380 3840 2645 3913 σύμῦολον
2667 3836 2802 3895 εἶναι
2833 3840 2999 3895 θέλων
3020 3843 3049 3894 ὁ
3074 3841 3298 3913 Κύριος,
3348 3840 3658 3894 τετύπωκεν
3698 3838 3950 3909 ἐμμελῶς

2378 3932 2473 3995 τὰς
2499 3932 2641 4004 ᾠδὰς
2681 3932 2998 4000 ψάλλεσθαι,
3049 3932 3145 3985 καὶ
3192 3932 3321 3995 τοὺς
3364 3930 3610 4001 ψαλμοὺς
3667 3931 3780 4001 μετ’
3806 3929 3950 3999 ᾠδῆς

2380 4021 2865 4093 ἀναγινώσκεσθαι.
2927 4023 3036 4076 Kal.
3084 4021 3227 4076 τοῦτ’
3280 4022 3426 4076 ἐστιν
3476 4024 3509 4094 ή
3548 4019 3811 4092 ἐπιθυμία
3836 4019 3947 4092 (l0)

2379 4115 2480 4187 τῆς
2497 4113 2695 4186 ψυχῆς,
2722 4114 2783 4167 τὸ
2810 4113 2990 4178 καλῶς
3046 4113 3215 4187 αὐτὴν
3277 4113 3599 4179 διακεῖσθαι,
3640 4113 3715 4178 ὼς
3747 4114 3951 4185 γέγρα-

2383 4224 2532 4261 πται·
2557 4206 2819 4276 Εὐθυμεῖ
2840 4223 2930 4273 τις
2963 4208 3032 4259 ἐν
3082 4206 3263 4277 ὐμῖν;
3316 4204 3621 4275 ψαλλέτω.
3650 4205 3835 4269 Οὕτως
3892 4208 3952 4260 τὸ

2386 4300 2483 4371 μὲν
2513 4301 2569 4353 έν
2592 4299 2730 4371 αὐτῇ
2780 4298 3091 4368 ταραχῶδες
3119 4300 3213 4352 καὶ
3242 4298 3415 4371 τραχὺ
3452 4298 3548 4352 καὶ
3608 4298 3842 4352 ἄτακτον
3867 4300 3953 4365 ἑξ-

2382 4389 2719 4459 ομαλίζεται·
2766 4388 2828 4441 τὸ
2878 4388 2935 4442 δὲ
2961 4387 3161 4442 λυποῦν
3206 4386 3590 4461 θεραπεύεται,
3639 4386 3952 4457 ψαλλόντων

2383 4479 2560 4551 ἡμῶν·
2588 4480 2723 4535 ἰνα
2750 4480 2807 4533 τί
2826 4480 3155 4549 περίλυπος
3173 4476 3247 4546 εἷ,
3274 4480 3315 4547 ἠ
3349 4477 3518 4551 ψυχή
3539 4496 3677 4551 μου,
3722 4480 3820 4534 καὶ
3852 4481 3953 4535 ἵνα

720 4557 932 4613 cendo:
971 4556 1076 4613 Mei
1114 4565 1290 4610 autem
1320 4572 1446 4626 pene
1470 4556 1599 4609 moti
1638 4566 1759 4611 sunt
1796 4556 1949 4627 pedes
1992 4555 2058 4610 “.
2086 4554 2273 4611 Melum

2386 4572 2443 4625 τί
2472 4572 2916 4643 συνταράσσεις
2942 4589 3054 4643 ps;
3084 4574 3193 4628 Kal.
3234 4572 3295 4627 τὸ
3342 4572 3439 4645 μὲν
3471 4571 3801 4642 ἐσφαλμένον
3831 4574 3951 4626 ἑπι-

722 4659 901 4703 autem
930 4664 1025 4720 spe
1062 4648 1406 4704 confirmabit
1449 4648 1635 4704 dicens
1666 4668 1678 4703 :
1722 4648 1978 4706 Dominus
2020 4650 2147 4703 mihi
2181 4649 2281 4702 ad-

716 4738 883 4807 jutor,
915 4748 965 4792 et
990 4755 1096 4793 non
1133 4738 1321 4794 timst
1341 4739 1465 4812 quid
1486 4738 1652 4809 faciat
1679 4739 1807 4793 mihi
1832 4740 1984 4794 homo
2012 4739 2080 4794 π.

791 5026 883 5082 29.
940 5024 1042 5093 Qui
1073 5025 1236 5096 igitur
1268 5023 1371 5079 hoc
1396 5023 1557 5080 modo
1587 5023 1772 5081 divina
1800 5026 2009 5081 cantica
2053 5039 2163 5080 non
2207 5025 2287 5082 le-

725 5128 877 5187 gunt,
918 5131 1025 5171 nou
1072 5118 1363 5186 prudenter
1404 5116 1662 5187 psallunt,
1707 5117 1801 5172 sed
1838 5133 1959 5174 sese
1990 5118 2281 5187 oblectant,

725 5209 978 5282 culpandi
1027 5224 1180 5272 sane,
1233 5210 1359 5280 quia
1396 5207 1516 5264 Non
1553 5221 1628 5265 est
1663 5210 1897 5280 speciosa
1947 5217 2066 5266 taus
2112 5215 2166 5266 in
2197 5230 2284 5270 ore

723 5302 1012 5371 peccatoris
1055 5301 1121 5356 ”.
1170 5300 1275 5366 Qui
1306 5311 1485 5356 autem
1523 5302 1777 5371 praedicto
1835 5303 1997 5358 modo
2026 5306 2284 5373 psallunt,

726 5398 798 5449 ita
841 5405 899 5452 ιιι
922 5395 1214 5451 verborum
1254 5393 1553 5449 modulatio
1606 5410 1672 5449 ex
1710 5394 1905 5451 anima:
1955 5398 2195 5455 numeris
2233 5410 2288 5457 et

724 5503 791 5543 ex
820 5491 1178 5544 consonantia
1218 5501 1341 5541 cum
1376 5487 1570 5555 spiritu
1616 5486 1945 5559 proferatur,
1999 5490 2055 5545 hi
2103 5492 2285 5565 lingua

727 5578 945 5649 quidem
991 5577 1249 5649 psallunt,
1296 5578 1586 5648 psallentes
1626 5586 1805 5633 autem
1834 5587 1888 5635 et
1933 5592 2131 5647 mente,
2175 5602 2283 5643 non

2388 4661 2650 4731 γνώσεται
2690 4662 2939 4730 λέγουσα·
2982 4663 3160 4734 Ἐμοῦ
3184 4662 3255 4717 δὲ
3279 4664 3437 4732 παρὰ
3461 4661 3680 4732 μικρὸν
3699 4663 3953 4717 ἐσαλεύ-

2387 4754 2586 4820 θησαν
2607 4754 2663 4806 οι
2686 4751 2886 4819 πόδες-⁸
2921 4753 2981 4807 τὺ
3009 4752 3066 4806 δὲ
3095 4752 3331 4825 φοϐηθὲν
3362 4751 3659 4824 satrapam:
3688 4754 3754 4823 τῇ
3779 4751 3951 4808 ἑλπίδι

2391 4842 2449 4895 έν
2474 4839 2552 4911 τῷ
2576 4841 2771 4911 λέγειν’
2803 4843 3017 4911 Κύριος
3054 4842 3181 4913 ἐμοὶ
3204 4842 3450 4910 βοηθὸς,
3483 4841 3581 4895 καί
3607 4844 3679 4897 οὐ
3703 4843 3956 4911 φοϐηθή-

2391 4948 2569 5001 σομαι
2592 4933 2649 4985 τί
2674 4930 2913 4999 ποιήσει
2941 4950 3042 5004 μοι
3073 4934 3400 5002 ἄνθρωπος.

2459 5035 2560 5091 κθ’.
2596 5039 2659 5090 Ol
2695 5038 2793 5111 μὲν
2835 5035 2928 5094 οὖν
2967 5040 3042 5111 μὴ
3072 5038 3258 5093 τοῦτον
3301 5040 3391 5094 τὸν
3431 5041 3631 5113 τρόπον
3687 5040 3954 5109 ἀναγινὼ⁶

2391 5142 2609 5189 σκοντες
2639 5127 2740 5191 τὰς
2774 5128 2923 5192 θείας
2946 5128 3086 5199 ᾠδὰς
3112 5129 3172 5182 οὐ
3230 5128 3459 5194 συνετῶς
3493 5129 3803 5200 ψάλλουσιν,
3838 5130 3953 5184 ἀλλ’

2391 5219 2617 5283 ἑαυτοὺς
2645 5221 2743 5290 μὲν
2772 5222 3085 5293 τέρπουσιν,
3116 5222 3296 5293 έχουσι
3319 5223 3376 5276 δὲ
3434 5224 3660 5294 μέμψιν,
3720 5224 3801 5276 ὅτι
3828 5222 3952 5293 Οὐχ

2390 5308 2598 5378 ὡραῖος
2626 5306 2793 5378 σίνος
2820 5313 2888 5365 ἐν
2938 5314 3186 5383 στόματι
3234 5313 3603 5383 ἀμαρταλλοῦο
3649 5315 3700 5367 οῑ
3729 5312 3786 5367 δὲ
3813 5311 3952 5367 κατά

2388 5397 2481 5451 τὸν
2506 5402 2897 5473 προειρημένον
2924 5403 3120 5474 τρόπον
3142 5403 3452 5473 ψάλλοντες,
3482 5401 3621 5457 ὥστε
3639 5402 3737 5474 τὴν
3779 5402 3951 5473 μελῳ-

2389 5488 2507 5542 δίαν
2525 5489 2633 5544 τῶν
2663 5493 2919 5564 ῥημάτων
2949 5497 3015 5548 ὲκ
3043 5494 3136 5548 τοῦ
3170 5494 3375 5568 ῥυθμοῦ
3395 5495 3494 5566 τῆς
3523 5494 3701 5567 ψυχῆς
3735 5495 3830 5550 καὶ
3856 5496 3955 5566 τῆς

2390 5581 2525 5651 πρὸς
2550 5582 2612 5635 τὸ
2640 5584 2853 5655 πνεῦμα
2874 5586 3188 5656 συμφωνίας
3210 5585 3632 5660 προσφέρεσθαι,
3661 5586 3711 5637 οί
3728 5582 3953 5638 τοιοῦτοι

793 5667 1278 5763 ⁸Ᾰηξ⁰ἶ¹ἱ1ηξν¹ὲ¹υ
1317 5667 1574 5763 .13!
1882 5671 1967 5725 ίδε
2048 5674 2093 5707 ιι
2125 5676 2273 5740 ne.

2386 5689 2437 5743 ὅ.
2518 5691 2563 5722 ’⁵
2585 5689 2726 5749 Psal.
2770 5709 2879 5761 xu,
2912 5695 2963 5763 6,
3002 5693 3092 5759 l2;
3124 5710 3257 5762 aut,
3303 5696 3355 5751 5.
3431 5692 3642 5749 “Psal.
3676 5705 3845 5763 usu,
3893 5689 3950 5745 ἓ.

729 5741 771 5773 ⁸⁷
813 5739 958 5796 Psal.
986 5753 1128 5793 cxvn
1150 5778 1165 5804 ,
1192 5738 1245 5792 θ.
1350 5741 1394 5771 ³⁸
1418 5736 1583 5793 Eccli.
1613 5756 1700 5806 xv,
1736 5740 1789 5795 9.

800 5832 913 5900 (l0)
950 5831 1214 5903 Εὑθυμία,
1241 5833 1517 5906 gaudium.
