4122 6498
202 451 258 506 ιι
1311 447 1646 505 EPISTOLA
1686 447 1776 503 AD

1898 444 2331 502 lRCELLlNUM.
3372 444 3442 500 42

201 565 448 637 ψάλλουσι
491 568 592 638 μὲν
625 571 694 640 τῇ
725 567 958 638 γλώττῃ,
991 565 1279 635 ψάλλοντες
1303 567 1359 619 δὲ
1413 567 1506 619 καὶ
1555 565 1634 635 τῷ
1660 564 1761 628 νοῒ,

1900 561 1970 616 ibi
2011 563 2210 619 solum,
2248 560 2340 614 scd
2391 558 2554 614 ctiam
2609 558 2798 615 audire
2831 574 2926 617 eos
2964 556 3276 617 volentibus
3325 578 3412 617 me

203 662 258 715 ού
293 662 446 732 μόνον
483 663 738 728 ἑαυτοὺς,
769 663 903 715 ἀλλὰ
935 664 1027 716 καὶ
1084 662 1209 725 τοὺς
1258 659 1508 722 θέλοντας
1551 657 1769 712 ἀκούειν

1898 670 1990 720 {me
2041 660 2171 707 sunt
2216 651 2453 706 utilitati.
2512 650 2709 706 Beatus
2762 652 2925 721 igitur
2959 651 3147 716 David,
3201 669 3324 707 cum
3375 668 3442 709 eo

205 750 380 807 αὐτῶν
407 751 670 822 μεγάλως
689 751 1004 820 ὠφελοῦσιν.
1043 751 1102 803 Ὀ
1128 749 1256 818 γοῦν
1293 749 1558 820 μακάριος
1587 748 1769 812 Δαϐῖδ,

1898 745 2038 800 nodo
2069 744 2220 800 Sauli
2249 744 2523 814 psalleret,
2557 759 2662 797 non
2698 743 2874 798 solum
2919 741 3030 798 Deo
3059 744 3322 814 placebat.
3347 745 3441 799 sed

205 843 363 907 οὓτως
395 842 764 913 καταψάλλων
794 842 886 895 τοῦ
914 841 1104 904 Σαοὺλ,
1151 841 1309 904 αὐτὸς
1368 839 1652 912 εύηρέστει
1693 839 1772 911 τῷ

1898 849 1928 894 ει
1990 839 2456 911 perturbationem
2521 848 2576 893 et
2628 837 2836 893 furoris
2877 839 3126 894 morbum
3163 855 3226 894 ex
3281 839 3446 894 Saule

207 932 334 1005 Θεῷ,
368 933 460 985 καὶ
511 933 607 986 τὸν
664 933 895 1004 τάραχον
947 932 1040 985 καὶ
1093 931 1153 984 τὸ
1208 931 1432 1002 μανικὸν
1477 931 1646 995 πάθος
1678 931 1772 984 τοῦ

1898 930 2139 1000 ibigcbat,
2170 930 2501 999 parabatque
2531 928 2676 984 illius
2697 930 2892 983 anima:
2915 931 3358 1000 tranquillitatem
3378 931 3442 982 ’⁸.

209 1025 370 1078 Σαοὺλ
416 1023 724 1096 ἀπήλαυνε,
782 1025 876 1078 καὶ⁸
944 1022 1205 1094 γαληνιᾷν
1239 1022 1336 1092 τὴν
1385 1023 1562 1094 ψυχὴν
1609 1022 1773 1077 αὑτοῦ

1903 1033 1951 1075 Ia
1991 1036 2210 1091 quoque
2255 1021 2568 1076 sacerdotes
2594 1020 2723 1075 dum
2769 1020 3081 1090 psallerent,
3115 1021 3442 1091 populorum

207 1115 637 1189 παρεσκεύαζεν.
665 1117 847 1180 Οὕτως
875 1119 921 1169 οἰ
987 1119 1152 1187 ίερεῖς
1193 1116 1503 1186 ψάλλοντες,
1538 1119 1616 1181 είς
1645 1120 1777 1171 ἀτα-

1898 1114 2090 1168 mimos
2119 1115 2184 1169 ad
2209 1115 2654 1184 tranquillitatem
2671 1113 3008 1168 advocabant
3035 1123 3090 1168 et
3118 1115 3183 1168 ad
3216 1128 3444 1170 concor-

212 1210 387 1282 ραξίσν
416 1210 520 1273 τὰς
549 1209 728 1280 ψυχάς
775 1209 882 1261 τῶν
907 1209 1053 1262 λαῶν
1096 1211 1189 1263 καὶ
1221 1212 1300 1272 εἰς
1325 1209 1578 1280 ὁμόνοιαν
1606 1210 1777 1274 αὑτὰς

1898 1207 2022 1261 liam
2056 1221 2179 1261 cum
2219 1207 2284 1262 iis
2326 1207 2416 1278 qui
2464 1207 2517 1260 in
2570 1206 2725 1260 cmlis
2772 1206 3001 1260 choreas
3053 1214 3236 1274 agunt.
3291 1203 3447 1271 Quod

207 1303 307 1356 τῶν
331 1304 386 1356 ὲν
412 1304 668 1373 οὐρανοῖς
702 1301 1033 1373 χορευόντων
1077 1301 1527 1372 προσεκαλοῦντο.
1569 1303 1642 1355 Τὸ
1668 1303 1777 1374 ἄρα

1902 1307 2063 1368 taque
2106 1313 2232 1352 cum
2273 1297 2646 1354 modulatione
2690 1297 2883 1368 psalmi
2931 1297 3204 1364 dicantur,
3239 1297 3292 1351 id
3339 1312 3448 1351 non

211 1392 341 1462 μετὰ
365 1391 564 1462 μέλους
613 1390 864 1460 λέγεσθαι
905 1391 1034 1456 τοὺς
1089 1390 1336 1461 ψαλμοὺς
1369 1392 1470 1444 οὐκ
1514 1390 1658 1445 ἔστιν
1691 1393 1780 1445 εύ-

1900 1389 1941 1444 ὶι
1975 1406 2038 1444 ex
2064 1390 2247 1444 suavis
2269 1399 2570 1444 concentus
2598 1388 2799 1451 studio,
2837 1389 2929 1444 sed
2960 1389 3174 1459 signum
3210 1397 3294 1444 est
3319 1389 3449 1443 baro

209 1483 404 1554 ςωνίας
433 1483 664 1555 σπουδὴ.
697 1480 833 1538 ἀλλὰ
862 1486 1160 1556 τεκμήριον
1198 1485 1299 1556 τῆς
1352 1486 1618 1555 ἁρμονίας
1669 1486 1778 1539 τῶν

1898 1480 2077 1535 uenia:
2118 1480 2506 1550 cogitationum
2539 1482 2753 1536 animae.
2804 1478 3242 1552 llarmonicaque
3292 1480 3451 1535 lectio

209 1578 260 1629 ἑν
286 1578 348 1646 τῇ
372 1574 519 1647 ψυχῇ
569 1575 869 1646 λογισμῶν.
897 1577 1004 1629 Καὶ
1053 1577 1087 1647 ἡ
1125 1576 1368 1647 ἐμμελὴς
1397 1577 1452 1630 δὲ
1477 1577 1780 1646 ἀνάγνωσις

1898 1572 2144 1626 ndicium
2176 1581 2260 1628 est
2301 1573 2498 1627 anima:
2542 1582 2688 1626 recte
2723 1570 3039 1641 compositae
3091 1581 3256 1641 atque
3301 1582 3450 1626 tran-

211 1666 468 1738 σύμϐολόν
493 1671 615 1723 ἐστι
657 1669 757 1738 τῆς
808 1669 1080 1740 εὐρύθμου
1113 1670 1206 1722 καὶ
1250 1671 1581 1742 ἀχειμάστου
1617 1689 1784 1723 κατα-

1898 1666 2085 1736 μιίιιιε.
2119 1664 2329 1720 Etenim
2355 1664 2526 1719 Deum
2555 1664 2776 1719 laudare
2817 1664 2869 1717 in
2907 1663 3171 1734 cymbalis
3201 1664 3337 1720 bene
3361 1679 3454 1718 so-

212 1757 443 1820 στάσεως
464 1757 570 1828 τῆς
599 1758 854 1821 διανοίας.
885 1759 992 1812 Καὶ
1042 1759 1150 1831 γὰρ
1191 1760 1253 1813 τὺ
1287 1763 1456 1814 αἰνεῖν
1506 1761 1596 1813 τὸν
1651 1760 1783 1814 Θεὸν

1898 1759 2162 1820 nantibus,
2194 1759 2247 1813 in
2300 1759 2512 1814 cithara
2555 1767 2609 1812 et
2664 1756 3007 1812 decachordo
3059 1754 3317 1826 psalterio
3367 1756 3454 1819 ",

211 1849 263 1900 ὲν
285 1849 585 1921 κυμϐάλοις
605 1851 824 1920 εὐήχοις
852 1853 943 1905 καὶ
970 1852 1167 1924 κιθάρα
1197 1853 1291 1906 καὶ
1314 1854 1620 1925 δεκαχὸρδῳ
1649 1853 1784 1923 ψαλ-

1886 1862 2265 1923 argumentum
2307 1851 2437 1905 illud
2494 1861 2612 1906 erat
2672 1860 2727 1906 et
2787 1851 3003 1920 signum
3043 1849 3288 1903 membra
3336 1862 3457 1903 cor-

213 1941 396 2012 τηρίῳ,
427 1941 702 2012 σύμϐολον
724 1941 882 1996 πάλιν
900 1939 965 2013 ἦν
982 1945 1075 1995 καὶ
1101 1946 1426 2014 σημαντικὸν
1449 1946 1540 1999 του
1571 1950 1785 2014 συγκεῖ-

1898 1946 2055 2017 poris,
2088 1946 2260 2001 instar
2287 1946 2639 2008 chordarum,
2673 1944 2773 1997 rite
2799 1941 3101 2013 composita
3128 1957 3272 2004 esse,
3307 1942 3456 2011 cogi-

216 2032 328 2086 σθαι
353 2035 451 2104 μὲν
484 2035 735 2105 νομίμως
769 2034 836 2088 τὰ
860 2034 993 2105 μέλη
1041 2034 1135 2088 τοῦ
1171 2036 1420 2106 σώματος
1448 2039 1523 2102 ὡς
1565 2039 1783 2110 χορδάς,

214 2127 329 2189 τοὺς
357 2126 411 2179 δὲ
444 2125 746 2197 λογισμοὺς
774 2126 873 2196 τῆς
901 2125 1081 2197 ψυχῆς
1101 2127 1177 2188 ὡς
1216 2127 1470 2199 κύμϐαλα
1516 2131 1782 2200 γίνεσθαι,

215 2220 299 2271 καὶ
327 2219 514 2272 λοιπὸν
548 2222 618 2292 τῇ
669 2220 773 2291 ἠχῇ
819 2221 912 2274 καὶ
965 2221 1042 2292 τῷ
1078 2220 1306 2293 νεύματι
1353 2220 1446 2274 τοῦ
1481 2223 1788 2294 πνεύματος

214 2311 374 2365 ταῦτα
404 2311 585 2366 πάντα
614 2312 876 2366 κινεῖσθαι
911 2315 1000 2366 καὶ
1045 2312 1162 2384 ζῇν·
1214 2313 1378 2379 ὥστε,
1433 2316 1571 2370 κατά
1613 2317 1674 2370 τὸ
1697 2335 1789 2387 γε-

215 2403 548 2473 γραμμένον,
581 2402 663 2469 τῷ
690 2405 980 2472 πνεύματι
1031 2404 1136 2457 τὸν
1166 2404 1478 2474 ἄνθρωπον
1509 2405 1614 2475 ζῇν
1650 2409 1786 2476 μὲν,

215 2495 438 2560 καὶτὰς
469 2495 723 2565 ,πράξεις
766 2495 872 2549 τοῦ
921 2496 1195 2565 σώματος
1256 2499 1572 2552 θανατοῦν.
1605 2499 1789 2565 Οὕτως

214 2585 314 2658 γάρ
341 2587 433 2639 καὶ
462 2585 650 2650 καλῶς
673 2585 889 2656 ψάλλων
936 2588 1189 2660 ῥυθμίζει
1242 2590 1340 2661 τὴν
1373 2590 1552 2662 ψυχὴν
1599 2591 1786 2658 αὐτοῦ,

215 2678 302 2732 καὶ
331 2677 524 2751 ὥσπερ
551 2677 611 2742 ἐξ
637 2678 953 2750 ἀνισότητος
978 2682 1057 2743 εἰς
1088 2679 1308 2751 ἰσότητα
1350 2682 1493 2750 ἄγει·
1546 2681 1684 2735 ὥστε
1731 2684 1790 2736 ὲν

214 2767 288 2840 τῷ
321 2769 462 2823 κατὰ
499 2767 665 2840 φύσιν
705 2770 874 2842 αὐτὴν
900 2771 1191 2842 ἑστηκυῖαν
1241 2772 1316 2844 μὴ
1360 2773 1637 2827 πτοεῖσθαι
1685 2775 1790 2828 ὑπό

214 2872 368 2922 τινος,
401 2859 547 2913 ἀλλὰ
596 2861 691 2913 καὶ
749 2860 949 2930 μᾶλλον
989 2861 1347 2930 εύφαντάσιον
1399 2865 1664 2934 γίνεσθαι,
1699 2868 1792 2921 καὶ

218 2951 367 3004 πλέον
392 2951 569 3022 αὐτὴν
602 2951 901 3022 λαμϐάνειν
955 2953 1119 3008 πόθον
1157 2954 1265 3008 τῶν
1317 2956 1618 3028 μελλόντων
1650 2961 1791 3029 ἁγα-

219 3039 336 3096 θῶν.
360 3040 438 3112 Τῇ
462 3042 579 3113 γὰρ
617 3041 726 3095 τῶν
760 3043 1018 3115 ῥημάτων
1067 3044 1303 3118 μελῳδίᾳ
1348 3048 1791 3123 συνδιατιθεμένη

218 3133 627 3190 ῑπιλανθάνεται
690 3134 800 3189 τῶν
866 3134 1053 3190 παθῶν
1077 3179 1092 3204 ,
1168 3139 1264 3193 καὶ
1332 3141 1598 3211 χαίρουσα
1672 3143 1793 3214 βλέ-

219 3240 302 3278 πει
335 3228 475 3299 πρὸς
513 3227 606 3282 τὸν
647 3227 773 3284 νοῦν
813 3229 906 3283 τὸν
946 3231 1005 3284 ὲν
1053 3231 1303 3303 Χριστῷ,
1363 3233 1683 3308 λογιζομένη
1729 3238 1796 3293 τὰ
1823 3267 1866 3327 c

220 3317 483 3389 βέλτιστα.

281 3413 341 3467 λ’.
368 3415 462 3466 Δεῖ
495 3411 699 3478 τοίνυν,
737 3405 784 3465 ὦ
807 3409 1016 3479 τέκνον,
1057 3414 1167 3467 τῶν
1194 3414 1628 3486 ἐντυγχανόντων
1669 3419 1799 3473 ἕκα-

220 3520 337 3559 στον
353 3504 538 3578 ταύτῃ
578 3508 646 3577 τῇ
697 3503 861 3577 βίϐλῳ
899 3506 1246 3576 ἐντυγχάνειν
1303 3509 1400 3578 μὲν
1453 3509 1625 3564 ἅπασι
1663 3528 1798 3583 γνη-

217 3597 342 3660 σίως
361 3601 479 3662 τοῖς
508 3599 567 3650 ὲν
594 3598 731 3669 αὐτῇ
765 3597 1143 3662 θεοπνεύστοις
1197 3592 1353 3665 οὖσι,
1411 3600 1708 3672 λαμϐάνειν
1743 3602 1800 3656 δὲ

218 3689 399 3746 λοιπὸν
422 3691 725 3747 ἀπἀὐτῶν
770 3692 847 3757 ὡς
899 3694 964 3746 ὲκ
1013 3693 1345 3763 παραδείσου
1394 3695 1621 3764 καρπῶν
1653 3693 1798 3763 ὠφε-

220 3780 379 3847 λείας,
440 3783 578 3857 πρὸς
635 3782 664 3836 ὃ
717 3783 815 3855 τὴν
863 3783 1052 3856 χρείαν
1105 3785 1295 3840 ἑαυτὸν
1356 3784 1548 3855 ἔχοντα
1578 3786 1795 3857 συνορᾷ.

232 3874 386 3945 Ἥγοῦ
396 3894 503 3948 μαι
523 3875 631 3947 γάρ
663 3875 721 3930 ὲν
745 3877 955 3941 τούτοις
975 3881 1089 3942 τοῖς
1113 3876 1293 3947 λόγοις
1317 3877 1415 3949 τῆς
1473 3876 1659 3947 βίϐλου
1709 3877 1798 3930 τὸν

221 3968 393 4024 πάντα
423 3967 540 4038 βίον
568 3968 674 4021 τῶν
699 3968 1019 4040 ἀνθρώπων,
1070 3970 1169 4034 τάς
1225 3987 1283 4023 τε
1335 3969 1432 4040 τῆς
1470 3969 1646 4041 ψυχῆς
1693 3969 1802 4023 δια·

222 4056 416 4122 θέσεις,
455 4058 550 4111 καὶ
578 4056 647 4111 τά
679 4059 788 4111 τῶν
815 4059 1090 4130 λογισμῶν
1118 4060 1391 4130 κινήματα
1425 4058 1798 4130 μεμετρῆσθαι

223 4149 311 4203 καὶ
329 4145 706 4220 περιέχεσθαι·
743 4148 835 4201 καὶ
864 4147 1029 4218 μηδὲν
1050 4147 1211 4201 πλέον
1238 4147 1443 4200 τούτων
1491 4149 1548 4200 ὲν
1593 4145 1801 4218 ἀνθρώ-

222 4254 340 4307 ¹Ιιεοις
357 4240 736 4312 εὑρίσκεσθαι.
761 4239 885 4295 Εἴτε
916 4239 1026 4313 γὰρ
1070 4239 1354 4312 μετανοίας
1389 4239 1422 4311 ἢ
1478 4239 1802 4312 ἐξομολογή-

225 4347 354 4398 σεως
393 4331 578 4404 χρεία,
633 4331 666 4403 ἢ
718 4329 894 4401 θλίψις
939 4333 1033 4386 καὶ
1085 4331 1387 4403 πειρασμὸς
1417 4329 1798 4402 κατέλαϐεν.ῆ

220 4423 455 4497 ἶδιὼχθη
481 4441 588 4487 τις,
644 4424 738 4478 καὶ
785 4423 817 4495 ἢ
871 4423 1349 4496 ἐπιϐουλευόμενος
1370 4423 1630 4497 ἐρῤύσθη,
1663 4426 1711 4478 εί
1743 4422 1799 4478 δὲ

224 4518 315 4571 καὶ
336 4517 641 4587 περίλυπός
665 4533 748 4580 τις
774 4517 997 4586 γέγονεν
1037 4519 1132 4572 καὶ
1169 4518 1515 4589 ταράττεται,
1556 4518 1649 4572 καὶ
1696 4517 1801 4589 πά-

1889 2039 2230 2107 tationesque
2265 2038 2462 2091 animae
2491 2037 2632 2092 sicut
2673 2035 2918 2106 cymbala
2963 2049 3104 2099 esse,
3137 2049 3202 2089 ac
3225 2033 3458 2103 denique

1888 2144 2046 2197 sono,
2101 2138 2155 2184 et
2185 2137 2318 2183 nutu
2364 2128 2591 2199 spiritus
2638 2127 2751 2183 haec
2790 2126 2972 2181 omnia
3028 2126 3235 2181 moveri
3278 2135 3332 2182 et
3378 2125 3453 2180 vi-

1889 2236 2045 2287 vere;
2079 2235 2143 2275 ac
2176 2219 2423 2289 proinde,
2451 2218 2752 2275 secundum
2778 2216 2923 2288 quod
2964 2217 3226 2287 scriptum
3258 2229 3340 2273 est
3374 2219 3414 2250 ³⁸
3440 2257 3456 2280 ,

1887 2314 2078 2383 spiritu
2125 2313 2334 2383 quidem
2386 2313 2644 2366 hominem
2701 2314 2885 2377 virere,
2934 2320 2984 2366 et
3028 2311 3172 2382 facta
3225 2312 3458 2379 corporis

1889 2403 2230 2472 mortiﬁcare.
2267 2402 2630 2469 Quamobrem
2664 2403 2758 2473 qui
2793 2412 2937 2459 recte
2987 2403 3186 2473 psallit,
3221 2403 3459 2458 animam

1890 2511 2044 2551 suam
2072 2497 2367 2566 COIIIpOItil,
2392 2505 2445 2550 ct
2486 2496 2644 2566 quasi
2681 2509 2747 2550 ex
2777 2494 3150 2565 inmqualitate
3181 2494 3249 2550 ad
3279 2511 3462 2566 mqua-

1891 2588 2095 2642 litatem
2132 2586 2390 2652 adducit;
2422 2587 2494 2640 ita
2528 2595 2586 2641 ut
2635 2586 2933 2643 secundum
2985 2594 3238 2640 naturam
3272 2587 3462 2642 consi-

1891 2691 2040 2736 Stens
2074 2695 2104 2734 a
2141 2680 2289 2734 nullo
2321 2688 2708 2750 perterreatur,
2747 2680 2877 2750 quin
2925 2680 3108 2752 potius
3159 2679 3463 2750 phantasiis

1894 2775 2188 2844 tranquilla
2238 2774 2451 2832 evadat.
2510 2783 2564 2828 et
2610 2774 2803 2843 majori
2837 2773 3145 2828 futurorum
3194 2773 3464 2829 desiderio

1892 2865 2181 2922 afﬁciatur.
2240 2863 2532 2922 Sacrorum
2588 2881 2825 2936 namque
2878 2866 3168 2921 verborum
3222 2865 3466 2920 modula-

1895 2961 2042 3016 tione
2091 2969 2238 3016 recte
2273 2961 2597 3032 composita,
2641 2961 2959 3030 passionum
3018 2977 3239 3016 suarum
3273 2961 3467 3016 oblivi-

1895 3053 2100 3114 scitur.
2131 3062 2184 3108 ct
2216 3052 2335 3108 laeta
2378 3053 2600 3122 respicit
2635 3053 2701 3106 ad
2746 3053 3078 3109 intellectum
3120 3069 3310 3109 eorum
3344 3069 3466 3126 quae

1897 3152 2024 3199 sunt
2051 3144 2105 3199 in
2130 3141 2373 3210 Christo,
2403 3143 2605 3214 optima
2640 3159 2869 3215 qua:un
2902 3145 3166 3216 cegitans.

1967 3427 2056 3484 30.
2086 3426 2310 3498 Oportet
2336 3427 2521 3498 igitur,
2547 3442 2580 3482 o
2604 3426 2678 3482 illi
2700 3469 2715 3493 ,
2738 3438 2798 3484 ut
2824 3430 3075 3500 quisquis
3095 3431 3242 3488 hunc
3265 3431 3464 3489 librum

1899 3520 2046 3590 legit,
2081 3521 2221 3590 legat
2256 3519 2475 3590 quidem
2521 3520 2735 3576 sincere
2783 3531 2838 3576 et
2865 3522 3037 3592 probo
3063 3523 3249 3578 animo
3283 3526 3468 3584 omnia

1901 3623 2020 3678 qua:
2047 3607 2100 3662 in
2133 3607 2224 3662 illo
2255 3606 2541 3668 habentur,
2577 3615 2761 3677 utpote
2792 3608 3052 3666 divinitus
3082 3611 3365 3682 inspirata,
3403 3627 3469 3669 ac

1900 3700 2119 3754 demum
2159 3715 2223 3753 ex
2255 3699 2382 3764 illis,
2421 3699 2584 3756 veluti
2630 3715 2694 3756 cx
2731 3701 2872 3758 horti
2906 3702 3199 3770 fructibus,
3247 3721 3342 3762 eos
3374 3706 3442 3762 de

1898 3800 2085 3861 cerpat
2120 3807 2259 3861 quos
2298 3791 2401 3846 sibi
2451 3793 2613 3848 utiles
2657 3804 2710 3849 et
2760 3795 3184 3852 necessitatibus
3232 3799 3349 3854 suis
3377 3815 3442 3855 ac

1900 3882 2218 3937 commodos
2244 3896 2364 3937 esse
2406 3885 2763 3953 perspexerit.
2813 3881 3082 3940 Existimo
3128 3901 3366 3957 namque
3412 3887 3466 3941 in

1901 3973 2132 4043 hujusce
2169 3971 2292 4026 libri
2321 3971 2521 4038 verbis,
2567 3987 2784 4029 omnem
2827 3974 3122 4032 humanam
3152 3977 3320 4033 vitam
3351 3980 3471 4034 ani—

1901 4081 2111 4137 mmque
2143 4064 2475 4130 affectiones,
2530 4066 3028 4140 cogitationumque
3082 4080 3262 4126 motus
3295 4073 3470 4127 conti-

1901 4161 2018 4216 neri
2049 4170 2212 4231 atque
2239 4158 2495 4221 describi,
2540 4159 2783 4228 nihilque
2816 4161 2884 4214 iis
2920 4161 3152 4230 amplius
3190 4161 3244 4216 in
3288 4163 3466 4217 homi-

1901 4251 2062 4306 nibus
2098 4249 2345 4320 reperiri.
2388 4245 2522 4302 Nam
2563 4247 2677 4302 sive
2718 4249 3034 4318 pmuitentia
3087 4250 3201 4306 sive
3254 4250 3471 4308 confes-

1901 4344 2058 4398 sione
2093 4343 2164 4398 sit
2196 4357 2352 4412 opus.
2402 4341 2518 4396 sive
2553 4339 2830 4396 tribulatio
2873 4350 2968 4397 aut
3019 4342 3244 4400 tentatio
3281 4359 3472 4414 appre-

1903 4433 2171 4497 henderit,
2208 4433 2321 4488 sive
2366 4433 2491 4503 quis
2537 4431 2968 4504 persecutionem
3010 4447 3226 4502 passus,
3256 4433 3370 4489 sive
3401 4435 3472 4490 ab

1903 4525 2120 4581 insidiis
2149 4526 2432 4589 liberatus.
2469 4527 2583 4582 sive
2607 4534 2838 4582 mmstus
2873 4531 2969 4578 aut
2991 4525 3240 4582 turbatus
3260 4527 3350 4588 sit.
3377 4538 3472 4582 aut

229 4624 340 4680 σχει
368 4627 422 4664 τι
456 4607 717 4673 τοιοῦτον,
741 4602 850 4662 οἷον
879 4611 937 4663 ὲν
969 4612 1080 4673 τοῖς
1135 4587 1442 4681 ἔμπροσθεν
1473 4609 1708 4682 εἴρηται,
1735 4587 1740 4592 ’
1765 4608 1797 4682 ἢ

1905 4617 2108 4688 aliquid
2153 4587 2464 4688 liujusmodi
2494 4619 2750 4689 patiatur,
2800 4617 3257 4688 quemadmodum
3306 4634 3472 4689 supe-

227 4702 316 4756 καὶ
355 4701 561 4772 συνορᾷ
583 4699 772 4754 ἑαυτὸν
821 4700 918 4770 μὲν
967 4701 1363 4772 προκόπτοντα,
1396 4701 1485 4754 τὸν
1522 4702 1579 4755 δὲ
1610 4701 1801 4773 ἐχθρὸν

227 4788 691 4863 καταργούμενον,
718 4789 751 4861 ἢ
788 4789 882 4842 καὶ
911 4790 1117 4845 αἰνέσαι
1145 4792 1238 4844 καὶ⁹
1264 4793 1676 4865 εὐχαριστῆσαι,
1709 4792 1803 4847 καὶ

227 4884 517 4956 εὐλογῆσαι
573 4883 816 4954 βούλεται
872 4883 963 4936 τὸν
1009 4885 1229 4955 Κύριον,
1271 4885 1385 4956 ἔχει
1413 4887 1510 4958 τὴν
1551 4887 1803 4941 διδασκα-

227 4975 348 5031 λίαν
370 4976 578 5032 τούτων
613 4977 672 5029 ὲν
703 4980 814 5041 τοῖς
847 4975 1012 5042 θείοις
1042 4977 1295 5050 ψαλμοῖς.
1342 4979 1676 5050 Ἐκλεγέσθω
1695 4981 1803 5052 γὰρ

229 5069 292 5124 τά
320 5070 378 5124 έν
401 5071 588 5134 αὐτοῖς
613 5069 739 5139 περὶ
765 5068 993 5124 ἑκάστου
1026 5069 1228 5125 τούτων
1252 5072 1536 5144 εἰρημένα,
1575 5074 1667 5127 καὶ
1716 5072 1805 5128 οὗ·

229 5178 334 5226 τως
363 5162 442 5226 ὡς
474 5163 603 5234 περὶ
631 5159 821 5215 ἑαυτοῦ
853 5163 1209 5234 γεγραμμένα
1235 5164 1426 5233 λέγων,
1467 5165 1561 5218 καὶ
1589 5167 1804 5220 συνδια-

229 5251 510 5321 τιθέμενος
534 5253 648 5314 τοῖς
669 5253 1093 5322 γεγραμμένοις,
1126 5255 1388 5327 ἀναφέρει
1419 5254 1495 5326 τῷ
1524 5255 1731 5328 Κυρίῳ.

297 5340 397 5395 λα’.
430 5343 524 5414 Μὴ
557 5341 927 5414 περιϐαλλέτω
954 5345 1134 5415 μέντοι
1166 5363 1250 5410 τις
1278 5347 1417 5402 αὐτὰ
1469 5351 1578 5412 τοῖς
1607 5348 1804 5414 ἔξωθεν

233 5434 474 5498 πιθανοῖς
509 5436 738 5506 ῥήμασι,
767 5435 901 5506 μηδὲ
929 5437 1235 5508 πειμζέτω
1275 5440 1375 5503 τὰς
1426 5439 1597 5508 λέξεις
1639 5459 1803 5513 μετα-

236 5529 401 5580 ποιεῖν
420 5525 456 5598 ἢ
501 5526 640 5591 ὅλως
670 5527 1034 5584 ἐναλλάσσειν·
1089 5530 1203 5584 ἀλλ’
1231 5529 1402 5596 οὕτως
1454 5533 1691 5604 ἀτεχνῶς
1733 5533 1803 5586 τὰ

231 5616 593 5689 γεγραμμένα
623 5615 828 5686 λεγέτω
882 5618 978 5672 καὶ
1013 5619 1280 5689 ψαλλέτω,
1343 5620 1532 5694 ὥσπερ
1568 5623 1801 5695 εἴρηται,

236 5707 366 5782 ὑπὲρ
391 5708 485 5764 τοῦ
521 5710 616 5765 καὶ
663 5711 790 5775 τοὺς
819 5710 1242 5783 διακονήσαντας
1296 5713 1613 5787 ἀνθρώπους
1665 5715 1807 5768 αὐτὰ

296 5864 345 5898 ⁸⁹
373 5867 388 5922 l
420 5864 554 5935 Reg.
599 5882 690 5920 xvt
716 5905 733 5929 .
769 5865 860 5921 23.
966 5868 1011 5901 ⁸⁸
1064 5867 1206 5924 Psal.
1247 5883 1330 5938 ει,
1375 5870 1491 5927 5-5.

469 5957 748 6020 ΡΑτιιοι..
781 5957 896 6019 ϐε.
938 5960 1198 6022 XXVII.

1905 4705 2020 4764 rius
2048 4707 2251 4764 dictum
2277 4717 2392 4775 cst,
2431 4717 2526 4763 aut
2565 4709 2610 4764 si
2653 4707 2798 4763 videt
2840 4722 2899 4763 se
2937 4707 3153 4778 quidem
3187 4708 3471 4780 prolicere,

1906 4797 2116 4853 hostem
2163 4813 2292 4853 vero
2345 4798 2575 4863 destrui,
2630 4798 2745 4853 sive
2799 4797 3058 4862 laudare,
3103 4798 3218 4854 sive
3267 4799 3468 4867 gratias

1903 4908 2084 4963 agere,
2117 4893 2230 4948 sive
2261 4891 2492 4947 Domino
2535 4891 2855 4947 benedicere
2882 4892 3032 4955 velit.
3077 4891 3238 4948 habet
3277 4892 3472 4947 horum

1903 4985 2208 5042 doctrinam
2257 4985 2312 5039 in
2366 4984 2566 5041 divinis
2603 4983 2846 5055 psalmis.
2896 4980 3048 5039 Licet
3092 4985 3234 5040 enim
3290 4984 3364 5038 illi
3416 4983 3470 5039 in

1905 5075 2160 5148 singulis,
2208 5074 2352 5146 quod
2407 5075 2638 5132 voluerit
2680 5091 2747 5130 ex
2791 5074 3118 5146 supradictis
3162 5075 3382 5146 eligere,
3419 5085 3474 5130 et

1905 5168 2060 5238 quasi
2094 5167 2161 5222 de
2193 5182 2251 5223 se
2279 5167 2423 5223 dicta
2463 5177 2666 5233 essent,
2717 5182 2778 5222 ea
2820 5168 3086 5231 recitare;
3145 5182 3209 5225 ac
3252 5168 3474 5238 perinde

1906 5257 2156 5312 an‘ectum
2181 5268 2342 5328 atque
2362 5259 2624 5330 scriptum
2663 5267 2768 5325 est,
2799 5274 2862 5314 ea
2891 5258 3007 5329 ipsa
3039 5259 3146 5315 Deo
3180 5258 3397 5315 referte.

1975 5347 2063 5401 3t.
2106 5346 2184 5403 Ne
2213 5349 2337 5419 quis
2372 5356 2553 5403 autem
2584 5363 2648 5404 ea
2677 5347 2957 5405 saecularis
2999 5349 3320 5419 eloquentia:
3349 5363 3474 5404 ver-

1904 5438 1990 5496 bis
2018 5454 2281 5496 exornare
2330 5441 2694 5512 aggrediatur,
2732 5456 2907 5512 neque
2941 5452 3164 5497 conetur
3199 5441 3472 5511 quispiam

1909 5531 2049 5586 dicta
2111 5541 2490 5601 transponere,
2543 5541 2635 5588 aut
2683 5532 2954 5589 ullatenus
3001 5533 3323 5600 immutare;
3376 5533 3470 5588 sed

1911 5625 2028 5678 sine
2069 5623 2180 5678 ullo
2218 5623 2473 5689 artiﬁcio,
2522 5632 2680 5694 prout
2705 5623 2848 5680 dicta
2893 5633 3043 5688 sunt,
3073 5639 3134 5678 ea
3177 5624 3385 5686 recitet,
3417 5633 3472 5679 et

1909 5715 2126 5787 psallat,
2159 5725 2216 5771 ut
2254 5717 2428 5773 sancti
2457 5717 2579 5782 viri,
2609 5715 2701 5787 qui
2740 5729 2805 5772 ea
2855 5715 2972 5787 ipsa
3006 5715 3183 5786 nobis,
3219 5723 3276 5771 ut
3309 5713 3474 5769 mini-

1588 5870 1630 5902 ⁸⁸
1691 5867 1852 5925 Rom.
1901 5883 2029 5934 vui,
2085 5870 2171 5926 15.

3200 5966 3239 6025 ‘2
