4122 6482
702 415 775 468 ιδ
1550 418 1608 472 S.
1648 417 2014 475 ATIIANASI]
2052 421 2204 478 OPP.
2245 422 2424 478 PARS
2458 422 2544 480 Ill.
2588 455 2658 464 —
2695 425 3102 485 EXEGETICA.
3835 436 3907 490 Μ

698 531 819 594 stri,
869 528 1154 592 tradidere,
1200 543 1296 584 sua
1334 541 1688 599 agnoscentes
1733 535 1918 598 verba,
1966 536 2225 591 nobiscun

2351 539 2802 608 ἐπιγινώσκοντες
2826 542 2886 595 τὸ
2908 543 3111 597 ἑαυτῶν
3146 544 3494 615 συνεύχεσθαι
3524 547 3676 618 ἡμῖν’
3707 549 3906 619 μᾶλλον

696 632 882 690 orent;
912 622 1023 676 imo
1056 620 1234 691 potius
1270 629 1329 674 ut
1370 620 1625 690 Spiritus,
1655 625 1747 694 qui
1784 625 1838 679 in
1868 629 2071 682 sanctis
2098 629 2247 683 locu-

694 720 782 766 tus
809 719 912 773 est,
959 708 1030 763 ibi
1074 709 1413 779 conspiciens
1455 712 1619 767 verba
1664 728 1761 768 sua
1806 715 1912 770 illis
1959 716 2242 787 inspirata,

691 801 852 856 nobis
880 799 1188 870 opituletur.
1215 799 1426 865 Quanto
1457 803 1600 857 enim
1634 806 1977 873 praestantior
2011 818 2094 864 est
2120 826 2244 864 san-

691 902 903 948 ctorum
935 891 1043 945 vita
1064 891 1292 946 aliorum
1309 892 1435 958 vita,
1470 901 1619 948 tanto
1648 896 2028 954 excellentiora
2053 915 2240 957 eorum

689 983 855 1040 verba
897 982 1238 1039 sermonibus
1291 985 1514 1049 nostris,
1567 995 1728 1054 atque
1761 985 2068 1044 efﬁcaciora
2122 1007 2242 1046 esse

686 1075 809 1146 jure
855 1075 980 1144 quis
1010 1074 1226 1129 dixerit.
1276 1073 1373 1130 His
1423 1077 1565 1130 enim
1626 1075 1736 1131 Deo
1783 1078 2141 1148 placuerunt:
2188 1092 2242 1137 et

689 1166 802 1220 haec
829 1164 1086 1227 dicentes,
1122 1173 1180 1218 ut
1221 1163 1296 1217 ait
1323 1165 1615 1234 Apostolus
1656 1165 1699 1196 ³²
1727 1184 1739 1219 :
1793 1164 2033 1221 Vicerunt
2060 1184 2238 1237 regna,

686 1260 889 1330 operati
934 1269 1054 1313 sunt
1082 1257 1375 1328 justitiam,
1419 1259 1594 1327 adepti
1636 1268 1758 1312 sunt
1793 1261 2236 1329 repromissiottes,

685 1354 1053 1405 obturaverunt
1069 1367 1162 1404 ora
1180 1350 1406 1413 leonum,
1425 1351 1785 1404 exstinxerunt
1803 1352 2051 1421 impetum
2079 1353 2233 1422 ignis,

682 1443 978 1514 e/fugerunt
1009 1442 1173 1496 aciem
1209 1441 1396 1512 gladii.
1425 1441 1796 1496 convaluerunt
1815 1442 1877 1495 de
1904 1443 2235 1511 inﬁrmitate,

683 1537 844 1603 fortes
884 1534 1016 1604 facti
1054 1542 1174 1587 sunt
1215 1533 1268 1586 in
1314 1532 1468 1599 bello,
1511 1541 1689 1586 castra
1725 1544 1984 1588 verterunt
2023 1545 2232 1590 extero-

680 1643 818 1694 γυνη,
862 1634 1166 1696 acceperunt
1196 1626 1436 1680 mulieres
1477 1626 1542 1681 de
1586 1627 1958 1684 resurrectione
1998 1637 2231 1683 mortuos

680 1733 822 1771 ειιοσ.

746 1972 833 2028 52.
876 1972 1256 2044 Unusquisque
1297 1974 1458 2045 igitur
1498 1973 1610 2028 htec
1643 1975 1756 2044 jam
1784 1977 1970 2032 dicens
2001 1977 2233 2033 conﬁdat

675 2065 810 2130 fore,
855 2073 914 2120 ut
953 2081 1046 2136 per
1074 2081 1135 2120 ea
1177 2065 1316 2122 Deus
1366 2068 1727 2138 supplicantes
1769 2070 2053 2126 auditurus
2096 2071 2167 2126 sit
2213 2089 2227 2127 :

675 2157 788 2210 sive
822 2157 965 2211 enim
1001 2158 1303 2224 tribulatur,
1333 2159 1422 2229 qui
1452 2160 1566 2215 haec
1591 2161 1738 2228 dicit,
1774 2177 2022 2232 magnam
2061 2165 2231 2232 perci-

673 2249 780 2318 piet
809 2249 861 2303 in
901 2249 1032 2318 ipsis
1059 2251 1521 2316 consolationem;
1555 2251 1667 2306 sive
1702 2260 1960 2319 tentatur,
1988 2263 2078 2310 aut
2111 2270 2231 2326 per-

672 2342 997 2398 secutionem
1035 2343 1250 2413 patitur,
1273 2344 1364 2414 qui
1390 2343 1461 2398 ita
1485 2344 1681 2413 psallit,
1712 2346 1984 2415 probatior
2007 2362 2230 2418 appare-

672 2431 767 2496 bit,
796 2441 955 2503 atque
981 2448 1011 2487 a
1042 2434 1266 2488 Domino
1288 2443 1616 2506 protegetur,
1643 2435 1734 2504 qui
1770 2435 1934 2490 etiam
1965 2437 2076 2492 haec
2108 2454 2230 2508 pro-

673 2523 929 2578 ferentem
980 2523 1252 2589 defendit;
1305 2525 1392 2578 his
1436 2524 1705 2579 diabolum
1758 2525 1983 2597 fng'abit,
2033 2529 2231 2584 daemo-

671 2628 875 2684 nesque
913 2612 1029 2682 eius
1071 2612 1266 2684 abiget.
1313 2613 1435 2670 Haec
1479 2630 1641 2684 porro
1681 2617 1885 2685 dicens,
1926 2619 1972 2675 si
2012 2621 2227 2690 quidem

664 2705 990 2775 peccaverit,
1018 2719 1138 2761 sese
1170 2704 1234 2760 ad
1264 2705 1522 2775 pudorem
1556 2714 1744 2775 vertet,
1775 2719 1935 2779 atque
1971 2714 2227 2782 peccandi

667 2795 828 2852 tinem
868 2795 1058 2862 faciet;
1103 2796 1148 2850 si
1189 2811 1294 2850 non
1341 2797 1658 2866 peccaverit.
1694 2812 1753 2852 se
1794 2800 1972 2854 laetum
2008 2803 2225 2871 conspi-

665 2888 790 2950 ciet,
820 2887 944 2958 quia
967 2888 1033 2942 iis
1063 2903 1184 2956 quae
1200 2896 1323 2941 ante
1351 2895 1498 2948 sunt,
1521 2888 1847 2951 extenditur,
1875 2898 2040 2960 atque
2063 2907 2229 2962 oppu-

667 2986 860 3050 gnatus
884 2979 955 3032 ita
979 2978 1308 3048 psalmorum
1341 2979 1391 3032 vi
1420 2979 1759 3047 praevalebit;
1786 2995 1892 3036 non
1921 2997 2227 3042 commove-

665 3067 812 3123 bitur
841 3077 1014 3123 antem
1045 3068 1097 3122 in
1125 3077 1383 3124 aeternum
1408 3084 1437 3124 a
1468 3071 1691 3124 veritate
1717 3088 1728 3122 :
1761 3070 1870 3126 imo
1892 3071 2222 3144 deceptorcs,

663 3171 717 3218 et
744 3163 837 3232 qui
865 3177 988 3218 eum
1032 3161 1085 3216 in
1127 3175 1365 3216 errorem
1398 3161 1661 3217 deducere
1700 3163 2037 3231 tontaverint,
2065 3181 2221 3220 (ξοπ-

663 3262 821 3322 guet;
858 3264 910 3308 et
943 3252 1103 3321 hujus
1142 3253 1218 3306 rei
1253 3267 1484 3321 sponsor
1515 3268 1622 3307 non
1657 3253 1820 3310 homo
1843 3267 1946 3324 est,
1984 3260 2076 3315 sed
2105 3260 2218 3333 ipsa

662 3343 843 3400 divina
865 3342 1163 3414 Scriptura.
1187 3342 1326 3400 Deus
1345 3345 1488 3400 enim
1508 3349 1938 3426 praecepitMoysi
1955 3356 2017 3418 ³³,
2038 3364 2097 3410 ut
2118 3373 2224 3412 ma-
2263 3368 2265 3370 '

661 3450 818 3505 gnam
836 3432 1004 3490 Odam
1023 3434 1402 3501 conscriberet,
1418 3436 1740 3510 doceretqne
1750 3446 2004 3512 populum
2028 3464 2040 3512 ;
2061 3459 2222 3519 atque

661 3540 807 3592 eum,
841 3523 934 3594 qui
972 3523 1221 3592 princeps
1249 3526 1577 3582 constitutus
1604 3539 1767 3596 esset,
1794 3531 1950 3601 jubet
1985 3536 2222 3594 scribere

663 3610 1222 3677 Deuteronomimn",
1266 3621 1320 3666 et
1373 3613 1500 3669 illud
1543 3630 1650 3686 pra:
1701 3621 1950 3677 manibus
1999 3625 2217 3694 habere,

662 3716 980 3773 semperque
1024 3703 1142 3770 ejus
1174 3702 1338 3758 verba
1377 3705 1643 3770 meditari,
1674 3709 1871 3780 quippe
1905 3711 2219 3771 sufﬁcientia

662 3802 789 3849 sunt
815 3803 926 3850 tum
957 3794 1024 3848 ad
1054 3794 1269 3850 virtutis
1300 3798 1798 3865 commonitionem,
1828 3809 1938 3855 tum
1969 3803 2034 3858 ad
2064 3819 2216 3874 opem

659 3883 730 3938 iis
758 3882 1067 3948 ferendam,
1097 3884 1189 3954 qui
1222 3885 1434 3940 sincero
1483 3888 1666 3943 animo
1710 3891 1950 3948 meditati
1997 3910 2060 3950 ea
2104 3894 2220 3951 fue-

658 3973 790 4029 rint.
835 3973 1142 4030 Saneocum
1187 3975 1241 4028 in
1287 3983 1482 4030 terram
1529 3979 1901 4047 promissionis
1943 3984 2221 4056 ingressus

657 4072 741 4118 est
769 4061 926 4118 Jesus
957 4061 1121 4129 Nave,
1159 4065 1457 4134 conspectis
1486 4068 1720 4135 gentium
1751 4073 1968 4138 castris,
2001 4075 2219 4145 regibus

655 4151 1093 4207 Amorrhaaorum
1119 4155 1371 4210 omnibus
1397 4157 1462 4210 ad
1487 4157 1682 4213 bellum
1710 4165 2071 4234 congregatis,
2104 4167 2217 4222 vice

658 4245 887 4299 telorum
943 4245 1345 4316 gladiorumque
1425 4249 1897 4310 Deuteronomium
1959 4258 2083 4329 legit
2148 4262 2214 4316 ad

655 4349 817 4391 aures
880 4337 1155 4402 onmium,
1187 4340 1452 4407 verbaque
1484 4339 1613 4409 legis
1667 4339 1720 4393 in
1774 4345 2082 4398 memoriam
2132 4361 2218 4401 re-

657 4427 869 4482 vocavit
890 4428 954 4491 ³⁸,
1001 4437 1161 4499 atque
1193 4443 1316 4483 cum
1363 4430 1430 4484 iis
1463 4432 1718 4500 p0pulum
1764 4449 1860 4489 ceu
1904 4437 2070 4493 armis
2135 4439 2216 4493 in-

657 4519 990 4584 struxisset,
1052 4520 1297 4574 inimicos
1364 4524 1651 4590 superavit.
1718 4523 1830 4580 Rex
1892 4536 2070 4582 autem
2123 4528 2215 4583 Jo-

657 4610 801 4673 sias,
855 4610 1075 4665 invento
1131 4611 1290 4677 libro,
1344 4621 1398 4667 et
1427 4613 1492 4666 ad
1537 4615 1776 4670 omnium
1835 4634 1992 4672 aures
2041 4621 2212 4688 perle-

653 4711 745 4756 cto
763 4701 828 4769 ³⁶,
864 4717 972 4756 non
999 4703 1133 4757 ultra
1161 4704 1404 4761 inimicos
1430 4705 1811 4762 reformidavit.
1837 4710 1899 4763 Et
1924 4710 1966 4764 si
1999 4716 2214 4779 quando

657 4792 855 4850 bellum
882 4796 1079 4865 populo
1119 4797 1411 4868 ingrueret,
1444 4805 1590 4863 arca,
1624 4815 1742 4869 quas
1773 4801 1903 4872 legis
1939 4804 2211 4859 volumina

658 4886 988 4954 continebat,
1024 4903 1211 4943 omnes
1247 4891 1598 4959 praecedebat,
1629 4898 1682 4946 et
1718 4892 1769 4947 id
1811 4897 1917 4950 illis
1955 4912 2105 4968 aeque
2145 4899 2210 4953 ad

657 4972 955 5032 subsidium
987 4977 1299 5042 sulliciebat,
1332 4995 1396 5034 ac
1427 4982 1676 5050 quaelibet
1701 4985 1862 5052 acies,
1899 4986 2002 5040 nisi
2042 4989 2213 5057 quod-

654 5068 781 5122 dam
838 5067 974 5122 inter
1019 5069 1228 5137 baiulos
1275 5071 1411 5142 ejus.
1441 5081 1534 5126 aut
1581 5074 1720 5129 inter
1768 5078 2024 5147 papulnm
2069 5089 2212 5135 esset

655 5168 958 5226 peccatum,
1024 5169 1114 5214 aut
1170 5161 1488 5233 hypocrisis,
1533 5181 1652 5236 quae
1705 5169 2037 5236 praevaleret.
2083 5171 2210 5228 Fide

654 5263 889 5318 namque
932 5257 986 5305 et
1023 5253 1190 5321 probo
1232 5254 1552 5326 sinceroque
1595 5257 1787 5312 aﬂ‘ectu
1836 5271 1916 5316 est
1957 5276 2116 5331 opus,
2153 5275 2212 5322 ut

654 5339 736 5395 lex
771 5341 825 5396 in
857 5341 944 5408 iis,
976 5359 1098 5414 qua:
1127 5344 1182 5399 in
1211 5348 1351 5403 votis
1381 5357 1526 5415 sunt,
1561 5350 1897 5422 sull‘ragetnr.

724 5431 814 5487 55.
854 5432 966 5504 Ego
993 5443 1157 5501 certe,
1183 5437 1361 5493 aiebat
1382 5453 1565 5506 senex,
1591 5442 1773 5498 audivi
1804 5460 1833 5498 a
1861 5446 2212 5515 prudentibus

653 5521 803 5590 viris,
843 5526 988 5595 quod
1024 5527 1151 5584 olim
1193 5528 1246 5584 in
1280 5526 1475 5586 lsraele
1531 5533 1643 5588 sola
1697 5532 2097 5606 Scripturarum
2139 5544 2214 5598 le-

750 5719 795 5757 ²¹
835 5720 994 5775 Hebr.
1036 5740 1122 5793 xu,
1179 5727 1359 5783 35-55.

1475 5730 1697 5787 "Dent.
1747 5751 1895 5808 uxr,
1953 5741 2034 5798 19.

678 5805 810 5856 xm,
844 5793 929 5847 8-l
947 5794 985 5849 l.

2142 5749 2184 5780 “
2217 5749 2372 5807 Deut.
2439 5770 2570 5821 χιιι,
2635 5757 2718 5812 l8.
2796 5759 2840 5791 ³³
2885 5760 3049 5820 Josuc
3081 5779 3200 5833 vin,
3233 5765 3324 5835 34,
3349 5765 3437 5822 35.

2346 629 2402 682 δὲ
2436 630 2519 682 ἵνα
2544 631 2636 683 καὶ
2663 632 2723 684 τὸ
2742 633 2961 704 Πνεῦμα
2989 635 3049 687 τὸ
3072 635 3305 706 λαλῆσαν
3339 637 3396 689 ὲν
3416 639 3528 693 τοῖς
3549 639 3742 706 ἁγίοις,
3770 641 3903 698 θεω-

2349 721 2474 793 ροῦν
2493 723 2617 785 τοὺς
2645 726 2774 795 παρ’
2795 724 2957 778 αὑτοῦ
3017 725 3206 795 λόγους
3242 728 3601 798 ὲνηχηθέντας
3654 732 3900 797 ἐκείνοις,

2346 814 2902 884 συναντιλαμὸάνηται
2949 819 3098 887 ἡμῖν.
3157 818 3302 889 Ὂσῳ
3353 819 3460 890 γὰρ
3512 822 3621 874 τῶν
3671 820 3842 891 ἁγίων
3873 826 3904 878 6

2344 902 2456 971 βίος
2481 904 2698 974 βελτίων
2731 906 2836 959 τῶν
2863 906 3035 960 ἀλλων
3079 908 3215 972 ἐστὶ,
3247 908 3485 979 τοσούτῳ
3522 911 3616 964 καὶ
3651 912 3719 965 τὰ
3771 915 3899 985 παρ’

2341 994 2517 1046 αὑτῶν
2541 997 2756 1065 ῥήματα
2786 996 2894 1052 τῶν
2921 1001 3045 1069 παρ’
3063 1000 3216 1069 ἡμῶν
3239 1001 3630 1073 συντιθεμένων
3656 1004 3901 1074 βελτίονα

2341 1087 2435 1140 καὶ
2475 1088 2794 1160 ἰσχυρότερα
2850 1089 2917 1142 ἀν
2965 1107 3049 1153 τις
3077 1092 3220 1145 εἴποι
3264 1092 3502 1157 δικαίως.
3549 1095 3637 1147 Ἐν
3689 1097 3901 1160 τούτοις

2337 1177 2445 1248 γὰρ
2476 1179 2842 1251 εὑηρέστησαν
2871 1179 2949 1250 τῷ
2981 1180 3118 1251 Θεῷ,
3148 1183 3241 1236 καὶ
3287 1184 3458 1238 ταῦτα
3509 1186 3777 1254 λέγοντες.
3821 1189 3900 1253 ὼς

2338 1264 2489 1322 εἶπεν
2519 1271 2548 1322 6
2608 1270 2944 1335 ’Δπόστολοςο
3002 1275 3497 1344 Κατηγωνίσαντο
3549 1277 3895 1344 βασιλείας,

2335 1359 2684 1428 εἰργάσαντο
2736 1361 3145 1431 δικαιοσύνην,
3183 1364 3478 1435 ἐπέτυχον
3506 1368 3895 1437 ἐπαγγελιῶν,

2333 1451 2599 1518 ἔφραξαν
2651 1452 2915 1521 στόματα
2974 1455 3268 1518 λεόντων,
3323 1456 3586 1511 ἔσϐεσαν
3641 1459 3899 1527 δύναμιν

2333 1539 2542 1607 πυρὸς,
2571 1542 2795 1612 ἔφυγον
2818 1545 3080 1613 στόματα
3117 1547 3431 1616 μαχαίρας,
3453 1549 3897 1620 ἐνεδυναμώθη-

2331 1645 2453 1682 σαν
2511 1630 2627 1683 ἀπὸ
2695 1631 3039 1699 ἀσθενείας,
3104 1636 3475 1704 ἐγενήθησαν
3531 1641 3763 1709 ίσχιῳοὶ
3825 1643 3898 1695 ἐν

2331 1718 2588 1790 πολέμῳ,
2639 1723 3015 1792 παρεμϐολὰς
3058 1725 3307 1781 ἔκλιναν
3345 1728 3695 1798 ἀλλοτρίων,
3750 1734 3893 1787 ela-

2332 1812 2439 1865 εον
2505 1812 2782 1881 γυναῖκες
2840 1815 2908 1878 ἐξ
2975 1816 3361 1883 ἀναστάσεως
3427 1819 3569 1886 τοὺς
3641 1824 3899 1892 νεκροὺς

2258 1890 2299 1946 Β
2327 1903 2542 1960 αὐτῶν.

2400 1995 2495 2066 λβ’.
2543 1997 2749 2051 Οὑκοῦν
2808 1999 2901 2053 καὶ
2933 1997 3025 2052 νῦν
3077 1998 3250 2053 ταῦτα
3291 2001 3465 2070 λέγων
3492 2003 3719 2067 ἕκαστος
3749 2005 3897 2061 ἔστω

2329 2088 2562 2161 θαρρῶν,
2590 2093 2671 2144 ὅτι
2696 2091 2762 2144 δι’
2796 2091 2973 2145 αὑτῶν
3017 2093 3226 2162 ταχέως
3263 2096 3292 2147 ὁ
3339 2093 3470 2158 Θεὸς
3526 2097 3892 2152 ἐπακούσεται

2327 2187 2438 2248 τοῖς
2468 2185 2758 2255 δεομένοις⁸
2789 2187 2896 2240 εἴτε
2942 2187 3050 2259 γὰρ
3078 2188 3313 2242 θλίϐεται
3367 2189 3537 2258 λέγων
3573 2191 3761 2257 ταῦτα,
3799 2209 3894 2262 με-

2329 2277 2498 2347 γάλην
2530 2277 2716 2347 ὄψεται
2750 2278 2846 2350 τὴν
2873 2279 2930 2332 ὲν
2956 2281 3137 2344 αὑτοῖς
3165 2281 3526 2352 παράκλησιν·
3563 2283 3672 2336 εἴτε
3707 2285 3897 2356 πειρά-

2328 2368 2476 2433 ζεται
2505 2370 2597 2422 καὶ
2621 2367 2871 2423 διώκεται
2897 2370 3110 2440 ψάλλων
3139 2371 3332 2436 οὕτως,
3359 2372 3722 2444 δοκιμώτερος
3755 2375 3894 2428 ἀνα-

2328 2463 2641 2531 φανήσεται,
2677 2462 2769 2514 καὶ
2800 2462 3229 2533 σκεπασθήσεται
3253 2464 3401 2536 παρὰ
3423 2465 3514 2518 τοῦ
3540 2467 3764 2537 Κυρίου,
3794 2467 3890 2521 τοῦ

2326 2555 2420 2608 καὶ
2454 2552 2543 2605 τὸν
2572 2552 2790 2606 εἰπόντα
2818 2551 2990 2606 ταῦτα
3033 2552 3420 2618 σκεπάσαντος
3453 2556 3510 2608 ὲν
3551 2557 3756 2620 τούτοις
3796 2557 3894 2611 τὸν

2329 2646 2426 2717 μὲν
2457 2644 2697 2700 διάϐολον
2725 2645 3036 2716 ἀνατρέψει,
3066 2647 3192 2710 τοὺς
3220 2647 3276 2699 δὲ
3323 2646 3576 2718 δαίμονας
3608 2649 3772 2702 αὑτοῦ
3799 2667 3889 2703 σο-

2326 2738 2502 2808 ϐήσει.
2540 2736 2722 2792 Ταῦτα
2764 2736 2934 2806 λέγων
2966 2740 3014 2790 εί
3046 2738 3144 2808 μὲν
3173 2739 3434 2809 ἥμαρτεν,
3488 2741 3678 2795 ἑαυτὸν
3714 2741 3894 2812 ἐντρέ-

2323 2827 2413 2896 ψει
2448 2828 2541 2881 καὶ
2572 2828 2857 2882 παύσεταιο
2894 2829 2940 2880 εί
2973 2829 3029 2882 δὲ
3063 2829 3137 2900 μὴ
3185 2832 3452 2901 ἥμαρτεν,
3480 2831 3667 2900 ὄψεται
3695 2833 3890 2886 ἑαυτὸν

2326 2919 2603 2990 χαίροντα,
2637 2921 2717 2973 ὅτι
2757 2923 2866 2983 τοῖς
2905 2922 3001 2991 μὲν
3034 2920 3340 2991 ἔμπροσθεν
3373 2923 3766 2986 ἐπεκτείνεται,
3794 2924 3889 2977 καὶ

2323 3011 2718 3082 ἀγωνιζόμενος
2746 3013 2844 3083 μὲν
2871 3012 3077 3082 ἰσχύσει
3103 3013 3318 3082 ψάλλων
3362 3013 3554 3078 οὕτως,
3587 3014 3648 3067 οὑ
3696 3014 3890 3068 σαλευ-

2324 3101 2541 3172 θήσεται
2565 3099 2620 3152 δὲ
2653 3101 2731 3163 εἰς
2757 3100 2848 3152 τὸν
2901 3100 3072 3154 αίῶνα
3131 3100 3239 3154 ἀπὸ
3277 3102 3375 3170 τῆς
3414 3101 3688 3171 ἀληθείας,
3749 3102 3888 3156 ἀλλὰ

2247 3225 2288 3282 C
2325 3190 2418 3244 καὶ
2475 3190 2602 3254 τοὺς
2660 3189 2983 3253 ἀπατῶντας
3055 3193 3149 3244 καὶ
3201 3191 3409 3263 πλανᾷν
3479 3191 3889 3263 ἐπιχειροῦντας

2321 3281 2546 3350 ἐλέγξει·
2580 3281 2672 3334 καὶ
2719 3279 2903 3334 τούτου
2953 3281 3053 3334 οὑκ
3097 3280 3379 3354 ἄνθρωπος
3428 3283 3719 3354 ἐγγυητὴς,
3768 3282 3888 3337 ἀλλ’

2320 3373 2455 3444 αὑτὴ
2485 3374 2518 3442 ἡ
2551 3373 2670 3426 θεία
2714 3374 2920 3440 γίνεται
2948 3373 3158 3443 Γραφή.
3201 3373 3258 3425 '0
3281 3374 3388 3444 γὰρ
3433 3374 3561 3437 Θεὸς
3586 3374 3889 3428 ἐνετείλατο

2318 3461 2397 3531 τῷ
2428 3463 2631 3533 Μωῦσῇ
2667 3461 2872 3533 γράψαι
2900 3461 2998 3533 τὴν
3035 3463 3274 3534 μεγάλην
3325 3463 3496 3536 ’ῼδὴν,
3546 3465 3639 3518 καὶ
3678 3464 3887 3530 διδάξαι

2317 3553 2409 3605 τὸν
2439 3553 2584 3605 λαόν⁸
2612 3552 2704 3606 τόν
2736 3570 2793 3605 τε
2820 3552 3214 3625 καθιστάμενον
3238 3556 3470 3626 ἄρχοντα
3506 3554 3713 3610 κελεύει
3745 3558 3886 3628 γρά-

2315 3643 2413 3712 ψαι
2450 3645 2510 3697 τὸ
2530 3645 2964 3716 Δευτερονόμιον,
2993 3645 3134 3716 ἔχειν
3176 3663 3236 3698 τε
3277 3646 3434 3699 τοῦτο
3483 3648 3620 3716 μετά
3672 3651 3883 3718 χεῖρας,

2319 3735 2410 3788 καὶ
2446 3735 2670 3804 μελεκτᾷν
2694 3736 2780 3788 ἀεὶ
2810 3736 2877 3788 τὰ
2912 3738 2970 3789 ὲν
3001 3735 3148 3807 αὑτῷ
3180 3738 3418 3808 ῥήματα,
3464 3737 3539 3802 ὼς
3572 3738 3891 3810 ἀρκούντων

2317 3825 2424 3878 τῶν
2452 3827 2510 3878 ὲν
2539 3828 2718 3890 αὐτοῖς
2745 3825 2917 3894 λόγων
2947 3827 3081 3898 πρός
3115 3844 3174 3880 τε
3203 3829 3503 3899 ὑπόμνησιν
3534 3831 3755 3902 ἀρετῆς,
3788 3833 3886 3886 καὶ

2321 3915 2567 3988 βοήθειαν
2619 3917 2801 3989 φέρειν
2868 3920 2981 3981 τοῖς
3034 3919 3272 3990 γνησίως
3335 3920 3527 3985 αὑτοὺς
3565 3922 3887 3992 μελετῶσιν.

2332 4007 2544 4078 Ἀμέλει
2587 4009 2822 4078 ὁπηνίκα
2854 4010 2933 4072 είς
2957 4008 3054 4079 τὴν
3090 4010 3193 4079 γῆν
3242 4011 3490 4081 εἰσῆλθεν
3518 4014 3546 4066 6
3568 4013 3670 4066 τοῦ
3699 4014 3881 4085 Ναυῆ,

2319 4097 2529 4166 βλέπων
2554 4097 2650 4160 τὰς
2677 4096 2782 4151 τῶν
2802 4097 3011 4169 ἐχθρῶν
3038 4099 3328 4167 διατάξεις,
3364 4102 3459 4155 καὶ
3486 4103 3608 4166 τοὺς
3640 4103 3884 4173 βασιλεῖς

2317 4187 2424 4241 τῶν
2464 4187 2800 4258 Ἀμορραίων
2841 4190 3047 4254 πάντας
3087 4192 3434 4256 συνελθόντας
3499 4196 3578 4258 είς
3622 4195 3880 4266 πόλεμον,

2319 4276 2479 4339 αὐτὸς
2509 4277 2622 4329 ἀνθ’
2648 4279 2823 4332 ὃπλων
2849 4281 2941 4333 καὶ
2983 4279 3150 4350 ξιφῶν
3197 4283 3257 4336 τὸ
3299 4287 3710 4356 Δευτερονόμιον
3749 4288 3886 4344 ἀνα-

2317 4368 2477 4434 γνοὺς
2498 4370 2575 4431 είς
2597 4368 2664 4422 τὰ
2713 4363 2826 4424 ὦτα
2877 4372 3112 4438 πάντων,
3144 4375 3212 4430 τά
3235 4392 3295 4428 τε
3330 4377 3550 4447 ῥήματα
3591 4378 3684 4432 τοῦ
3710 4380 3879 4450 νόμου

2319 4458 2651 4529 ὑπομνήσας,
2706 4462 2798 4514 καὶ
2832 4463 3038 4528 τούτοις
3084 4465 3173 4519 τὸν
3215 4467 3340 4520 λαὸν
3401 4468 3752 4533 καθοπλίσας,
3780 4487 3882 4524 πε-

2241 4576 2291 4630 D
2318 4549 2560 4618 ριγέγονε
2609 4550 2716 4604 τῶν
2772 4553 3062 4625 πολεμίων.
3129 4557 3186 4610 '0
3219 4556 3276 4610 δὲ
3342 4556 3588 4627 βασιλεὺς
3648 4560 3876 4626 Ἰωσίας,

2319 4641 2626 4711 εὑρεθέντος
2658 4644 2750 4697 τοῦ
2781 4644 3001 4715 βιϐλίου,
3054 4650 3148 4702 καὶ
3185 4645 3615 4718 ἀναγνωσθέντος
3653 4653 3734 4717 είς
3780 4653 3880 4718 τὰς

2319 4730 2533 4783 πάντων
2557 4732 2742 4797 ἀκοὰς,
2771 4734 2951 4789 οὑκέτι
2969 4738 3096 4801 τοὺς
3126 4739 3353 4811 ἐχθροὺς
3381 4741 3644 4810 ἐφοϐεῖτο.
3678 4744 3788 4796 Καὶ
3826 4745 3885 4798 ετ

2319 4839 2446 4875 ποτε
2481 4821 2535 4874 δὲ
2558 4823 2788 4896 πόλεμος
2824 4823 2891 4898 ἦν
2909 4827 2987 4898 τῷ
3025 4829 3157 4899 λαῷ,
3208 4833 3242 4902 ἡ
3301 4831 3528 4896 κιϐωτὸς
3578 4834 3774 4904 ἔχουσα
3808 4844 3880 4891 τὰ

2319 4913 2480 4977 πυξία
2533 4914 2626 4967 τοῦ
2673 4917 2833 4987 νόμου
2908 4919 3178 4990 προώδευε
3223 4923 3458 4989 πάντων,
3513 4925 3605 4977 καὶ
3658 4927 3880 4997 ἠρκεῖτο

2316 5003 2523 5068 τούτοις
2553 5007 2671 5058 ἀντὶ
2698 5008 2876 5079 πάσης
2907 5011 3261 5081 παρατάξεως
3290 5014 3370 5076 είς
3396 5014 3667 5085 βοήθειαν,
3717 5019 3765 5070 εί
3799 5020 3875 5089 μή

2316 5111 2399 5158 τις
2436 5090 2502 5166 ἦν
2566 5097 2716 5167 παρά
2772 5102 2881 5163 τοῖς
2934 5099 3257 5169 βαστάζουσι
3313 5104 3406 5157 καὶ
3457 5107 3516 5159 ἐν
3571 5110 3684 5171 τοῖς
3733 5106 3880 5172 λαοῖς

2319 5188 2743 5257 προκρατήσασα
2773 5190 3013 5262 ἁμαρτία
3041 5193 3134 5246 καὶ
3164 5195 3466 5266 ὑπόκρισις.
3499 5197 3738 5272 Πίστεως
3771 5199 3880 5272 γὰρ

2319 5275 2412 5327 καὶ
2448 5277 2676 5346 γνησίας
2727 5279 3015 5346 διαθέσεως
3074 5284 3251 5356 χρεία,
3293 5284 3379 5338 ἵνα
3419 5287 3448 5339 6
3479 5285 3637 5357 νόμος
3688 5291 3768 5353 είς
3808 5288 3880 5344 τὰ

2319 5369 2437 5419 κατ’
2465 5368 2630 5440 εὐχὴν
2664 5371 3072 5443 συνεργάζηται.

2387 5458 2489 5526 λγ’.
2545 5461 2684 5529 Ἐγὼ
2746 5463 2895 5530 γοῦν,
2959 5465 3154 5539 ἔλεγεν.
3188 5469 3216 5522 6
3275 5469 3471 5544 γέρων,
3527 5472 3733 5542 ηκουσα
3781 5473 3877 5528 καὶ

2321 5551 2468 5622 παρὰ
2513 5553 2786 5624 φρονίμων
2829 5557 3055 5628 ἀνδρῶν,
3083 5560 3158 5624 ὡς
3194 5561 3301 5632 ἀρα
3331 5563 3392 5615 τὸ
3418 5563 3643 5617 παλαιὸν
3693 5566 3753 5617 ἐν
3798 5563 3877 5635 τῷ

3534 5764 3579 5799 ³⁸
3609 5764 3676 5819 ιγ
3734 5764 3867 5839 Reg.
