4122 6502
696 451 762 504 s7
1526 438 1581 491 s.
1626 435 1999 490 ATllaNASll
2034 436 2183 491 cpe.
2227 435 2403 489 mas
2445 436 2528 489 ιιι.
2566 467 2635 477 -
2675 435 3081 493 amoenos.
3842 438 3909 495 ιε

697 568 811 639 ρίου
838 562 925 619 διὰ
952 560 1060 615 τῶν
1099 558 1380 631 παρόντων
1418 554 1835 623 κατασημαίνει,
1886 556 1977 607 καὶ
2006 555 2094 606 τὸν
2138 554 2485 621 εύαγγελικὸν
2529 553 2689 605 αὐτοῦ
2724 554 2885 624 νόμον
2917 554 3006 607 τὸν
3038 554 3150 624 (10)
3185 556 3400 610 πάντων
3428 553 3785 627 κυριεύσαντα
3809 557 3913 611 τῶν

696 655 883 718 ἐθνῶν,
915 654 1003 707 καὶ
1027 652 1123 724 τὴν
1150 653 1229 712 εις
1256 648 1512 720 οὐρανοὺς
1558 649 1740 702 ἇνηδον
1772 648 1957 714 αὐτοῦ,
1992 644 2058 719 ἦς
2089 652 2181 702 καὶ
2212 650 2513 721 ἁπάρχεται
2546 650 2573 700 ὁ
2602 648 2811 718 ψαλμὸς
2841 649 3012 718 λέγων
3051 665 3064 679 °
3094 649 3277 701 Εἶπεν
3309 652 3341 704 ό
3376 650 3587 718 Κύριος
3619 648 3698 715 τῷ
3724 653 3915 719 Κυρίῳ

690 767 808 817 μου
840 767 853 779 ·
894 748 1091 803 Κάθου
1145 748 1212 801 ἐκ
1268 744 1482 805 δεξιῶν
1531 762 1647 813 μου
1694 743 1806 810 ἕως
1846 744 1923 797 ἂν
1970 744 2049 797 θῶ
2096 745 2237 811 τοὺς
2282 745 2531 814 ἐχθρούς
2584 763 2699 798 σου
2742 745 3074 799 ὑποπόδιον
3108 744 3223 797 τῶν
3254 743 3453 798 ποδῶν
3488 762 3623 800 σου.
3660 745 3914 816 Ἐχθροὺς

690 845 748 899 δὲ
776 844 805 896 ό
844 843 1158 906 Ἇπύστολος
1185 842 1334 913 δηλοῖ
1362 841 1531 908 λέγων
1559 840 1603 910 (ι
1622 840 1667 905 ι)
1695 854 1708 867 ·
1744 842 2041 908 Ἕσχατος
2092 840 2303 909 ἐχθρὸς

2283 862 2303 907 ς
2346 841 2712 912 καταργεῖται
2743 845 2775 895 ό
2800 840 3070 908 θάνατος.
3112 860 3131 893 s
3162 839 3273 895 Hoc
3302 851 3377 894 est
3410 857 3428 894 :
3474 839 3705 898 Sanctus
3734 850 3911 896 autem

691 938 1024 992 Athanasius
1050 936 1123 991 ita
1153 936 1390 1005 loquitur
1422 953 1437 991 :
1471 954 1487 986 ι
1519 934 1679 991 Hisce
1708 934 1887 991 verbis
1914 937 2313 1006 generationem
2343 934 2554 989 Domini
2585 935 2879 991 secundum
2910 949 3127 989 carnem
3157 934 3445 1004 signiﬁcat,
3469 943 3523 988 et
3549 934 3911 1006 evangelicum

692 1029 813 1095 ejus
838 1027 1030 1098 legem,
1059 1041 1178 1097 qua:
1205 1026 1457 1081 omnibus
1486 1024 1736 1095 gentibus
1760 1025 2073 1080 dominatur
2100 1046 2110 1079 :
2142 1038 2303 1096 atque
2337 1024 2456 1095 ejus
2488 1040 2775 1080 ascensum
2807 1026 2859 1080 in
2890 1025 3077 1090 caelos,
3107 1042 3267 1095 quem
3295 1037 3516 1084 enarrat
3552 1031 3800 1099 psalmus
3830 1030 3914 1084 di-

694 1122 866 1176 cendo
894 1138 908 1175 :
952 1119 1102 1175 Dixit
1133 1119 1385 1173 Dontinus
1426 1119 1647 1173 Domino
1694 1136 1805 1173 meo
1832 1134 1850 1173 :
1879 1120 1996 1175 sede
2018 1138 2049 1174 a
2078 1120 2277 1175 dextris
2301 1122 2448 1184 meis,
2477 1120 2637 1174 donec
2658 1137 2849 1189 ponam
2871 1120 3112 1174 inimicos
3136 1130 3254 1174 tuos
3275 1123 3557 1177 scabellum
3584 1123 3772 1192 pedum
3796 1133 3913 1177 tuo-

694 1234 832 1272 runt.
872 1215 1105 1283 Quinam
1129 1215 1331 1270 inimici
1356 1216 1483 1280 sint,
1502 1216 1738 1273 declarat
1767 1219 2056 1289 Apostolus
2094 1217 2178 1271 bis
2220 1216 2395 1271 verbis
2424 1234 2437 1269 :
2475 1214 2778 1269 Novissima
2800 1215 3032 1269 omnium
3062 1214 3360 1271 destruetur
3384 1234 3526 1272 mors
3558 1217 3625 1275 “.
3678 1236 3699 1270 ι
3744 1216 3912 1284 Quem

694 1313 861 1366 locum
892 1310 1137 1380 inferius,
1166 1310 1317 1363 initio
1347 1313 1706 1366 commentarii
1736 1313 1789 1367 in
1812 1312 2073 1380 psalmum
2096 1325 2205 1375 cu,
2234 1310 2491 1379 integrum
2522 1308 2760 1379 legimus.

767 1402 828 1458 II.
861 1402 1165 1457 Chronieon
1200 1410 1371 1453 autem
1408 1400 1855 1466 Alexandrinum,
1883 1400 2101 1469 septimo
2131 1398 2323 1453 saculo
2355 1399 2727 1465 conscriptum,
2765 1414 2816 1466 p.
2844 1396 2971 1462 225,
3003 1398 3113 1453 hac
3145 1398 3296 1452 habet
3328 1414 3346 1451 :
3380 1399 3489 1453 Kal
3513 1400 3542 1452 ὁ
3575 1402 3728 1469 ἃγιος
3755 1398 3913 1454 ’Δθαο

691 1495 870 1556 νάσιος
892 1490 1203 1563 ἑρμηνεύων
1230 1489 1319 1543 τὸν
1350 1489 1462 1561 ρλα⁰
1490 1490 1724 1560 ψαλμὸν,
1758 1490 1990 1563 ἔγραψεν
2023 1488 2192 1551 οὕτως
2217 1504 2231 1519 ·
2267 1506 2285 1538 t
2329 1488 2665 1556 Ἀνάστηθι,
2691 1490 2883 1557 Κύριε,
2915 1492 3002 1556 εις
3020 1490 3134 1558 τὴν
3159 1491 3506 1557 ἀνάπανσίν
3535 1506 3669 1546 σου.
3698 1493 3808 1563 Τὴν
3833 1494 3913 1556 εις

688 1583 947 1654 οὖρανοὺς
978 1580 1243 1652 ἀνάληψιν
1286 1578 1695 1633 ὲπισπεύδουσιν
1726 1576 1910 1632 αὑτοῦ.
1956 1578 2039 1632 Σὺ
2071 1577 2168 1631 καὶ
2196 1579 2233 1645 ἡ
2266 1576 2508 1643 κιϐωτὸς
2538 1577 2642 1631 τοῦ
2671 1578 3032 1647 ἀγιάσματός
3058 1594 3195 1633 σου.
3223 1580 3332 1653 Τὴν
3358 1582 3518 1649 ἁγίαν
3545 1581 3707 1636 αὐτοῦ
3735 1583 3912 1655 σάρκα

690 1681 843 1751 φησι·
878 1681 994 1750 μετ’
1012 1678 1179 1747 αὐτῆς
1218 1676 1326 1747 γὰρ
1354 1674 1647 1745 ἀνελήφθη.
1682 1676 1755 1728 Οὐ
1783 1674 1891 1747 γὰρ
1924 1673 2322 1743 ἀποσαρκοῦται
2354 1674 2433 1735 εις
2461 1673 2585 1731 τοὺς
2614 1674 2920 1743 ἁγηράτους
2952 1674 3151 1738 αιῶνας
3176 1676 3283 1731 τῶν
3308 1674 3537 1730 αἰώνων.
3566 1695 3583 1728 ι
3620 1674 3686 1729 Id
3715 1687 3822 1730 est:
3847 1675 3913 1733 Et

687 1780 908 1828 sanctus
936 1768 1264 1825 Athanasius
1294 1768 1559 1837 psalmum
1588 1783 1745 1822 cxxxt
1778 1767 2159 1836 interpretans,
2196 1767 2265 1820 ita
2295 1766 2483 1820 scribit
2512 1784 2524 1819 :
2557 1784 2574 1815 ι
2607 1764 2791 1835 Surge,
2822 1764 3060 1831 Domine,
3111 1768 3165 1819 in
3219 1767 3443 1836 requiem
3480 1775 3641 1819 tuam.
3692 1764 3823 1835 Ejus
3857 1766 3909 1819 in

687 1864 853 1918 αιτιοι
880 1876 1165 1917 ascensum
1205 1859 1312 1914 cito
1359 1859 1612 1914 accedere
1658 1858 1915 1927 gestiunt.
1956 1861 2027 1910 Tu
2057 1867 2102 1909 et
2134 1872 2259 1909 arca
2293 1856 2731 1923 sanctiﬁcationis
2764 1864 2888 1911 tua.
2932 1855 3186 1909 Sanctam
3218 1856 3336 1925 ejus
3364 1870 3581 1910 carnem
3615 1854 3762 1920 dicit,
3785 1870 3908 1910 cum

688 1955 776 2010 illa
811 1968 1042 2022 namque
1064 1960 1375 2020 assumptus
1408 1959 1523 2016 est;
1553 1964 1728 2017 neque
1755 1949 1897 2002 enim
1933 1962 2149 2001 carnem
2182 1947 2402 2000 dimittit
2430 1962 2524 2016 per
2554 1946 2761 2000 inﬁnita
2802 1947 2996 2001 saecula
3034 1947 3375 2000 seculorum.
3418 1966 3437 1996 ι
3482 1946 3611 2001 Hac
3634 1963 3788 2011 porro
3817 1946 3913 1999 ha-

687 2047 770 2099 bes
804 2047 857 2098 in
876 2045 1196 2114 expositione
1222 2044 1454 2113 ejusdem
1488 2043 1676 2111 psalmi
1701 2043 1939 2112 inferius,
1968 2060 2015 2097 v.
2035 2040 2087 2095 8.
2112 2041 2315 2095 Postret

2284 2058 2383 2095 ima
2410 2053 2584 2095 autent
2609 2042 2783 2105 verba,
2823 2042 3122 2114 μετάύτῆς
3148 2042 3255 2114 γὰρ
3288 2041 3582 2113 ἀνελήφθη.
3618 2052 3746 2105 etc.,
3772 2042 3912 2097 desi-

684 2139 941 2194 derantur
968 2137 1060 2204 ibi,
1092 2137 1197 2191 sive
1222 2138 1343 2208 quia
1370 2154 1503 2207 sape
1539 2139 1739 2191 codices
1766 2139 1951 2207 quibus
1980 2139 2062 2191 usi
2092 2154 2272 2192 sumus
2299 2138 2583 2191 sententias
2613 2140 2947 2197 detruncant.
2977 2141 3082 2192 sive
3106 2140 3229 2208 quia
3264 2137 3373 2191 hac
3401 2137 3626 2208 fortasse
3654 2138 3911 2207 glossema

685 2242 807 2287 sunt
847 2233 1081 2285 auctoris
1107 2230 1383 2285 Chronici.
1419 2231 1614 2286 Octavo
1640 2230 1850 2296 saculo,
1876 2227 2163 2283 Germanus
2199 2230 2507 2298 patriarcha
2550 2227 3165 2300 Constantinopolitanus
3198 2230 3251 2282 in
3289 2229 3513 2298 epistola
3547 2230 3615 2282 ad
3660 2229 3910 2283 Thomam

681 2325 976 2392 episcopum
1001 2322 1400 2391 ClaudiOpoleos
1430 2322 1540 2393 (ι2)
1592 2323 1701 2375 Ιιτῑνε
1730 2321 1882 2389 aﬂ'ert
1907 2337 1924 2373 :
1958 2319 2117 2372 Ἀλλὰ
2142 2321 2234 2372 καὶ
2261 2322 2289 2373 ὁ

2277 2322 2289 2373 ι
2319 2319 2585 2391 μακάριος
2618 2320 2949 2383 Ἀθανάσιος,
2984 2320 3045 2371 τὸ
3072 2319 3343 2389 ψαλμικὺν
3378 2320 3690 2391 ἑρμηνεύων
3724 2320 3905 2393 ῥητόν·

694 2416 748 2469 Ὀ
773 2416 1104 2485 καθήμενος
1136 2415 1235 2469 ἐπι
1270 2414 1375 2467 τὸν
1426 2414 1721 2483 χερουόὶμ.
1763 2410 2073 2481 ἑμφάνηθι,
2112 2411 2365 2482 τοιαύτην
2398 2411 2523 2482 περὶ
2543 2410 2717 2465 αὐτῶν
2744 2412 3101 2483 παραδίδωσιν
3132 2411 3337 2465 ἔννοιαν
3368 2432 3379 2443 ·
3420 2432 3438 2463 t
3474 2413 3663 2465 Καίτοι
3689 2412 3911 2467 ἐκείνων

680 2508 789 2561 τῶν
806 2506 1070 2580 χερουὸὶμ
1084 2507 1152 2560 τὰ
1168 2506 1445 2576 ἀρχέτυπα
1464 2505 1714 2572 ἄγνωστα
1729 2507 1824 2574 τὴν
1856 2504 2013 2573 φύσιν
2040 2502 2343 2574 ἀνθρώποις
2368 2505 2707 2558 παντάπασιν
2722 2504 2851 2558 ὄντα
2870 2521 2883 2534 ο
2904 2503 3117 2575 πνεῦμα
3136 2502 3243 2575 γὰρ
3261 2503 3353 2557 καὶ
3375 2502 3482 2575 πῦρ
3502 2504 3801 2574 ὑπάρχουσι
3818 2504 3911 2557 καὶ

682 2601 861 2672 πάσης
887 2598 1311 2671 σχηματοθεσίας
1340 2598 1590 2669 ἀλλότρια
1619 2599 1710 2650 καὶ
1734 2597 1965 2667 φύσεως.
2006 2618 2023 2649 ι
2076 2597 2190 2651 Hoc
2228 2608 2302 2653 est

2278 2608 2341 2652 at:
2373 2597 2475 2654 Sed
2506 2609 2561 2655 et
2588 2601 2775 2657 beatus
2801 2600 3132 2657 Athanasius
3164 2602 3487 2671 psalmicum
3526 2603 3657 2657 illud
3699 2605 3906 2659 dictum

682 2693 992 2763 explicans:
1023 2692 1125 2757 Qui
1147 2691 1290 2745 sedes
1315 2706 1468 2760 super
1510 2689 1794 2753 cherubim,
1825 2703 2015 2757 appare
2029 2688 2099 2754 ⁸⁷,
2127 2688 2283 2743 talem
2304 2690 2371 2743 de
2406 2688 2509 2743 illis
2539 2689 2701 2744 tradit
2730 2690 2973 2745 notitiam
3001 2709 3013 2745 :
3048 2710 3066 2742 ι
3097 2690 3207 2747 Etsi
3240 2692 3663 2748 cherubinorum
3692 2696 3908 2751 illorum

682 2786 971 2856 archetypa
999 2791 1190 2837 natura
1222 2784 1331 2838 sint
1376 2779 1688 2835 hominibus
1732 2794 1954 2849 prorsus
1998 2780 2178 2849 ignota
2211 2798 2224 2834 :
2254 2779 2475 2849 spiritus
2500 2781 2642 2835 enim
2677 2788 2731 2836 et
2758 2780 2897 2852 ignis
2941 2790 3066 2837 sunt
3094 2792 3147 2837 ct
3171 2784 3346 2840 aliena
3372 2785 3441 2839 ab
3472 2788 3621 2841 omni
3644 2792 3910 2859 corporali

683 2878 870 2933 habitu
893 2884 947 2931 et
974 2884 1186 2931 natura.
1239 2894 1257 2919 ι
1292 2874 1395 2937 Oui
1438 2876 1582 2929 locus
1628 2876 1744 2928 ideo
1790 2891 1892 2927 non
1930 2884 2195 2943 comparet
2238 2876 2291 2928 in
2328 2877 2737 2944 expositionibus
2780 2880 2995 2945 nostris,
3026 2881 3165 2951 quod
3204 2880 3267 2934 ab
3300 2885 3704 2938 amanuensibus
3751 2887 3913 2940 omis-

681 2985 769 3023 sus
812 2968 971 3037 fuerit
1020 2965 1337 3029 versiculus,
1367 2974 1422 3017 ut
1469 2972 1517 3017 et
1562 2964 1672 3017 alia
1718 2963 1908 3026 multa,
1949 2963 2085 3032 quod
2127 2980 2229 3033 qua
2266 2966 2466 3018 ratione
2497 2975 2698 3035 gestum
2736 2968 2805 3021 sit
2842 2985 2964 3021 mox
2996 2983 3268 3025 narratur.
3303 2965 3420 3026 Etsi
3457 2989 3573 3027 vero
3600 2974 3719 3029 huic
3746 2976 3910 3029 versi-

683 3060 801 3113 culo
828 3076 846 3113 :
868 3057 969 3125 Qui
1001 3056 1154 3112 sedes
1182 3071 1343 3125 super
1371 3056 1674 3118 cherubim,
1710 3053 2058 3110 manifestare
2081 3068 2263 3109 coram
2298 3053 2577 3125 Ephraim,
2609 3053 2912 3126 Benjamin,
2940 3067 2995 3112 et
3017 3057 3284 3124 Manasse,
3314 3064 3571 3131 expositio
3593 3082 3691 3117 sua
3719 3066 3911 3134 adjici-

684 3164 768 3206 tur
803 3153 1043 3223 inferius,
1066 3150 1201 3221 psal.
1227 3167 1372 3214 uix,
1393 3169 1440 3205 v.
1478 3151 1530 3216 5,
1559 3168 1620 3205 ea
1653 3160 1789 3205 certe
1820 3150 2101 3205 secundum
2127 3150 2297 3204 solum
2320 3151 2560 3205 versiculi
2583 3160 2784 3221 partem
2810 3163 3028 3223 spectat,
3054 3155 3400 3211 manifestare
3421 3174 3605 3213 coram
3625 3160 3908 3231 Ephraim,

681 3244 961 3316 Benjamin
994 3255 1047 3298 et
1072 3242 1341 3309 Manusse,
1366 3244 1663 3296 nullatenus
1694 3254 1865 3297 autem
1887 3244 2110 3310 primam
2138 3259 2155 3297 :
2192 3242 2294 3309 Qui
2328 3244 2482 3300 sedes
2507 3261 2667 3316 super
2692 3247 2998 3312 cherubim,
3026 3258 3081 3304 ut
3116 3251 3234 3303 hinc
3257 3254 3533 3321 propalant
3563 3256 3631 3309 sit
3658 3259 3911 3311 omissam

679 3340 844 3409 fuisse
870 3338 1055 3390 horum
1086 3334 1581 3403 interpretationem.
1618 3332 1749 3387 Item
1780 3331 2046 3386 Adrianus
2078 3330 2107 3386 Ι
2136 3334 2355 3402 epistola
2378 3334 2446 3386 ad
2484 3333 2733 3389 Carolum
2762 3335 3013 3408 Magnum
3041 3340 3173 3411 (l5),
3199 3343 3335 3395 hunc
3368 3346 3676 3399 versiculum
3717 3364 3911 3401 memo-

682 3452 807 3489 rans
831 3448 850 3488 :
884 3431 1128 3496 Domine,
1156 3429 1209 3483 in
1236 3428 1452 3483 civitate
1490 3436 1580 3481 tua
1620 3425 1905 3497 imaginem
1940 3425 2181 3495 ipsorum
2205 3426 2271 3479 ad
2300 3425 2527 3480 nihilum
2550 3427 2840 3497 rcdiges",
2869 3430 2977 3484 hac
2995 3432 3178 3500 adjicit
3203 3448 3221 3486 :
3244 3454 3260 3485 ι
3287 3435 3413 3489 Item
3433 3440 3600 3492 sancti
3626 3438 3908 3496 Athanasii

682 3531 759 3589 De
797 3528 1221 3599 interpretatione
1251 3526 1593 3593 psalmorum,
1624 3524 1761 3577 inter
1790 3531 1983 3577 uetera
2012 3540 2026 3576 :
2058 3520 2261 3576 Civitas
2295 3520 2438 3575 enim
2471 3521 2704 3589 Domini,
2727 3538 2847 3593 quae
2875 3539 3117 3593 sursum,
3147 3524 3445 3581 Jerusalem
3475 3548 3487 3583 :
3521 3530 3697 3602 imago
3722 3544 3904 3589 autem

680 3638 895 3685 eorum,
918 3620 1208 3675 terrestris.
1236 3617 1391 3684 Quod
1421 3618 1563 3671 enim
1589 3615 1718 3671 dicit
1746 3616 1849 3669 tale
1882 3626 1964 3670 est
1993 3634 2008 3669 :
2047 3613 2316 3681 Quoniam
2358 3616 2635 3671 terrestris
2655 3657 2668 3681 ,
2703 3618 2908 3687 inquit,
2938 3620 3111 3675 induti
3156 3632 3301 3685 situt,
3350 3623 3637 3694 imaginem
3667 3667 3680 3691 ,
3712 3637 3765 3682 et
3795 3644 3906 3685 non

683 3713 940 3777 caelestis,
969 3721 1184 3781 propter
1213 3708 1313 3763 hoc
1335 3708 1399 3762 ad
1433 3706 1661 3761 nihilum
1694 3706 2022 3776 redigentur.
2049 3705 2284 3759 Audient
2311 3706 2452 3760 enim
2477 3706 2566 3760 illo
2598 3719 2853 3776 tempore,
2886 3708 3074 3764 Nescio
3104 3728 3187 3767 vos
3204 3716 3247 3745 δ’
3275 3733 3287 3768 :
3328 3724 3510 3787 utpote
3539 3734 3646 3774 non
3688 3720 3911 3779 indutos

679 3806 867 3861 eadem
898 3802 1107 3859 Domini
1140 3800 1389 3869 imagine.
1418 3818 1436 3849 ι
1473 3795 1601 3852 Hac
1634 3797 1810 3850 omnia
1840 3796 2025 3850 videsis
2047 3794 2245 3864 psalm.
2281 3811 2449 3863 um,
2476 3812 2523 3851 v.
2548 3795 2638 3859 20,
2676 3798 2743 3850 ad
2775 3797 2910 3852 hunc
2933 3816 3154 3855 versum.

752 3894 838 3949 ιιι.
871 3894 951 3947 Ad
975 3893 1083 3946 htrc
1109 3894 1164 3943 in
1190 3889 1363 3943 codice
1394 3886 1515 3958 Reg.
1556 3886 1697 3941 2219
1736 3884 2021 3956 explicatio
2067 3884 2212 3939 illius
2254 3901 2427 3941 versus
2460 3903 2477 3940 :
2509 3884 2587 3941 Tu
2619 3903 2677 3942 es
2708 3889 2960 3945 sacerdos
3012 3891 3065 3945 in
3100 3904 3385 3960 aeternum,
3420 3898 3695 3967 ipsissimis
3738 3904 3906 3959 verbis

678 3986 923 4055 aﬂ'ertur,
950 3992 1005 4034 ut
1036 3980 1226 4050 legitur
1245 3982 1377 4049 psal.
1403 3998 1511 4046 crs,
1538 3999 1583 4035 v.
1616 3984 1667 4036 4.
1694 3980 1861 4049 Super
1888 3983 1996 4036 hac
2021 3981 2200 4035 omnia
2232 3979 2451 4035 Nicetas
2477 3981 2768 4047 Heraclea,
2796 3994 2853 4038 ut
2878 3986 3030 4040 habet
3062 3986 3442 4047 Felcltmannus
3469 3995 3689 4065 inferius
3715 3996 3906 4054 Monit.

681 4078 737 4132 in
769 4074 1009 4149 Fragm.,
1048 4076 1406 4147 Expositiones
1437 4080 1714 4133 Athanasii
1748 4080 1800 4133 in
1834 4077 2103 4142 Psalmos,
2134 4088 2190 4131 ut
2223 4095 2313 4132 nos
2331 4080 2668 4149 proferimus,
2702 4084 2755 4134 in
2789 4080 2986 4137 Catena
3020 4102 3118 4140 sua
3150 4088 3338 4155 edidit,
3372 4107 3489 4144 cum
3523 4093 3647 4147 aliis
3678 4094 3906 4150 aliorum

681 4171 909 4227 Patrum
957 4173 1339 4227 commentariis
1379 4174 1675 4243 adjunctus.
1729 4172 1930 4228 Narrat
1973 4172 2187 4228 Gabriel
2232 4173 2515 4229 Crodecius
2547 4174 2930 4245 Dantzicanus,
2966 4181 3233 4250 professor
3288 4182 3562 4239 Hebraica
3606 4187 3801 4258 lingua
3848 4191 3908 4243 in

678 4264 964 4325 Academia
992 4262 1267 4333 Lipsiana,
1292 4266 1371 4317 vir
1394 4266 1577 4319 doctus
1607 4281 1667 4319 ac
1698 4265 2081 4319 necessitudine
2104 4264 2231 4317 mihi
2257 4266 2586 4334 conjunctus,
2623 4276 2828 4320 exstare
2866 4268 2919 4320 in
2960 4268 3271 4324 bibliotheca
3306 4272 3367 4327 S.
3407 4270 3698 4330 Saluatoris
3730 4277 3908 4332 Dono-

678 4356 871 4408 niensis
902 4355 955 4407 in
987 4356 1162 4408 codice
1192 4358 1516 4425 perantiquo,
1545 4358 1922 4426 expositionem
1952 4358 2231 4411 Athanasii
2251 4358 2304 4412 in
2334 4357 2581 4412 Psalmos
2615 4356 2869 4412 Serviana
2892 4360 3096 4430 lingua,
3121 4378 3236 4431 qua
3263 4375 3337 4417 est
3373 4364 3594 4422 Slavica
3620 4368 3905 4439 dialectus,

676 4457 800 4501 sunt
830 4457 1000 4501 autem
1032 4444 1197 4501 Servii
1220 4444 1406 4515 Mysia
1438 4447 1720 4515 superioris
1744 4450 1963 4515 populus
1988 4463 2007 4511 ;
2040 4462 2130 4500 nec
2152 4447 2358 4517 ambigo
2388 4463 2451 4501 ex
2480 4448 2557 4501 his
2584 4448 2777 4501 nostris
2805 4447 3234 4519 Expositionibus
3262 4453 3468 4511 Slavice
3493 4476 3693 4516 versam
3716 4462 3903 4532 fuisse.

682 4538 809 4593 Hac
831 4540 1009 4608 augeri
1041 4547 1270 4607 possent,
1302 4553 1476 4590 verum
1499 4539 1630 4593 satis
1666 4554 1920 4607 superque
1941 4548 2063 4591 sunt
2092 4548 2149 4590 ut
2182 4537 2543 4606 comprobetur
2574 4538 3018 4593 Commentarinm
3052 4542 3338 4597 Athanasii
3370 4548 3424 4600 in
3454 4546 3701 4605 Psalmos
3726 4553 3904 4606 omni-

676 4631 771 4685 bus
804 4634 908 4700 fere
935 4629 1215 4685 secundum
1255 4629 1601 4681 Athanasium
1627 4630 1834 4682 saculis
1862 4629 2137 4682 laudatum
2161 4628 2341 4696 fuisse.
2372 4627 2547 4697 Neque
2567 4627 2746 4682 desunt
2778 4630 2830 4681 in
2853 4630 3067 4699 hujusce
3096 4636 3269 4701 operis
3308 4638 3528 4693 decursu
3554 4643 3905 4699 Athanasiani

675 4719 799 4787 styli
827 4727 963 4772 nota
985 4717 1260 4787 pleraque.
1296 4716 1435 4769 Nunt
1464 4718 1551 4770 ubi
1581 4719 1785 4771 occasio
1827 4733 1934 4771 sese
1974 4717 2127 4785 offert
2170 4726 2225 4769 ut
2251 4716 2515 4771 Christum
2547 4720 2837 4787 comprobet
2876 4736 2984 4774 esse
3018 4721 3200 4789 Deum,
3226 4726 3280 4779 id
3308 4728 3398 4782 ille
3419 4740 3656 4798 prastat,
3687 4750 3787 4803 quo
3815 4735 3903 4788 ίη-

678 4815 861 4867 nuitur
881 4830 939 4867 eo
968 4824 1188 4880 tempore
1216 4812 1324 4866 hac
1356 4814 1552 4882 scripta
1576 4814 1757 4882 fuisse,
1790 4828 1890 4883 quo
1920 4812 2289 4865 controversia
2311 4811 2374 4865 de
2400 4809 2595 4865 Christi
2621 4813 2815 4867 deitate
2840 4816 3036 4869 oborta
3058 4830 3197 4873 sunt.
3233 4819 3321 4874 Sic
3348 4821 3494 4877 Psal.
3523 4840 3670 4892 xux,
3693 4844 3740 4881 v.
3767 4827 3821 4890 6.
3842 4830 3902 4883 iis

675 4904 785 4958 hac
812 4903 963 4959 verba
992 4923 1006 4957 :
1033 4903 1300 4970 Quoniam
1338 4902 1481 4957 Deus
1514 4901 1681 4972 judex
1715 4909 1818 4965 est,
1854 4901 1929 4954 sic
1954 4900 2040 4953 ille
2066 4900 2282 4969 arguit:
2308 4898 2403 4954 llic
2430 4899 2713 4955 manifeste
2743 4901 3023 4958 Christum
3055 4906 3184 4963 dicit
3218 4908 3385 4966 Deum
3414 4932 3429 4969 :
3461 4930 3587 4970 nam
3617 4932 3768 4971 omne
3800 4918 3901 4986 ju-

676 4995 873 5049 dicium
901 4995 1042 5048 dedit
1066 4993 1228 5048 Pater
1254 4993 1393 5048 Fitio
1412 4994 1481 5047 “.
1509 4992 1661 5059 Quod
1693 4992 1739 5047 si
1767 5008 1926 5047 omne
1966 4992 2231 5061 judicium
2264 4993 2410 5047 dedit
2452 4993 2547 5054 illi,
2578 5004 2632 5047 et
2665 4994 2803 5049 Deus
2842 4997 3005 5066 judes
3047 5008 3168 5053 est:
3194 5020 3322 5075 ergo
3352 5005 3596 5063 Christus
3622 5019 3702 5065 est
3737 5011 3901 5068 Deus.

677 5091 937 5147 Similiter
960 5088 1231 5145 Christum
1254 5094 1439 5159 probat
1465 5106 1575 5145 esse
1603 5089 1764 5143 Deunt
1788 5098 1837 5142 et
1867 5088 2051 5141 iisdem
2086 5089 2273 5158 quibus
2296 5086 2457 5142 Pater
2484 5089 2779 5144 nominibus
2805 5094 2985 5145 ornari
3013 5096 3150 5161 psal.
3181 5112 3397 5160 unus,
3422 5115 3469 5153 v.
3499 5098 3590 5153 25.

744 5182 829 5238 ιν.
864 5180 1135 5237 Peculiare
1159 5194 1234 5238 est
1260 5182 1551 5236 Athanasio
1577 5180 1714 5252 quod
1734 5180 1845 5233 solo
1860 5179 2141 5250 ἀγαπητοῦ
2166 5179 2371 5232 nomine
2392 5177 2723 5249 Unigenitum
2746 5181 2837 5235 Dei
2865 5183 3122 5254 intelligat
3148 5189 3317 5257 cujus,
3344 5190 3479 5244 vocis
3504 5194 3639 5245 hunc
3661 5206 3813 5246 usum
3833 5208 3905 5247 ex

680 5276 902 5333 Homero
932 5280 1209 5350 conﬁrmat
1241 5280 1348 5343 ille,
1371 5296 1492 5349 pag.
1515 5278 1639 5334 507.
1679 5276 1875 5332 Eodem
1906 5290 2079 5331 autem
2113 5294 2210 5331 usu
2244 5293 2361 5330 eam
2392 5293 2562 5331 vocem
2587 5277 2740 5331 habes
2764 5280 2817 5331 in
2847 5278 2984 5334 hisce
3011 5278 3436 5350 Expositionibus
3461 5282 3597 5352 psal.
3621 5298 3795 5349 Ltv,v.
3820 5287 3853 5338 6
3881 5306 3898 5343 :

684 5372 846 5427 Ἀλλὰ
896 5372 1058 5442 φόϐος
1101 5374 1196 5427 καὶ
1236 5376 1434 5445 τρόμος
1477 5376 1741 5428 ἑπέπισεν
1769 5374 1846 5446 τῷ
1873 5375 2125 5448 προφήτῃ
2164 5371 2358 5445 ὁρῶντι
2389 5374 2478 5427 τὸν
2520 5375 2825 5446 ’Λγαπητδν
2849 5374 2940 5430 τοῦ
2971 5375 3106 5431 Θεοῦ
3144 5378 3366 5434 τοιαῦτα
3410 5381 3515 5437 ὑπὸ
3548 5380 3656 5435 τῶν
3685 5381 3901 5438 ἀσεϐῶν

676 5465 969 5535 πάσχοντα.
1002 5465 1115 5519 Hoc
1146 5476 1221 5520 est
1256 5481 1274 5521 :
1314 5465 1420 5522 Sed
1464 5469 1623 5522 etiam
1680 5466 1843 5521 timor
1894 5476 1947 5521 et
1988 5478 2187 5521 tremor
2229 5468 2540 5539 prophetam
2588 5468 2804 5536 invasit,
2858 5481 3164 5527 cernentem
3215 5474 3470 5531 dilectum
3516 5476 3651 5550 (sive
3693 5474 3900 5548 linige-

672 5561 868 5629 nitum)
914 5559 1005 5616 Dei
1050 5562 1162 5618 haec
1195 5564 1262 5617 ab
1292 5563 1470 5633 impiis
1509 5564 1639 5634 pati.
1673 5561 1978 5617 Notandum
2019 5563 2140 5615 item
2167 5563 2219 5615 in
2257 5563 2398 5619 hisce
2433 5562 2834 5617 Commentariis
2864 5563 3062 5620 Filium
3090 5566 3187 5622 Dei
3206 5570 3402 5636 passim
3431 5586 3538 5624 una
3569 5586 3708 5639 voce,
3741 5586 3903 5641 μονο-

741 5679 785 5712 ⁸⁶
814 5680 829 5734 Ι
865 5680 991 5734 Cor.
1026 5697 1112 5747 xv,
1140 5680 1228 5736 26.
1322 5682 1365 5715 ⁸⁷
1392 5680 1536 5740 Psal.
1561 5699 1745 5747 usis,
1766 5682 1855 5739 20.
1932 5683 1975 5715 ⁸³
2002 5680 2144 5738 Psal.
2173 5698 2342 5749 usit,

2002 5680 2144 5738 Psal.
2173 5698 2342 5749 usit,
2373 5681 2427 5737 2.
2537 5681 2581 5714 δ’
2616 5681 2806 5737 Matth.
2846 5699 2966 5744 xsv.
3003 5682 3088 5739 ι2.
3173 5686 3221 5719 ⁸⁸
3249 5683 3407 5743 Josn.
3440 5703 3494 5757 v,
3520 5686 3608 5742 22.

739 5778 851 5856 (ιιι)
877 5777 1025 5856 infra
1055 5778 1198 5856 [’sal.
1228 5795 1338 5846 cu,
1363 5795 1415 5837 ν.
1453 5779 1501 5845 ι,
1528 5780 1681 5850 λόγον

1668 5799 1681 5832 ι
2403 5779 2513 5856 (
2543 5782 2701 5856 fam.
2733 5780 2818 5856 Vll
2831 5782 3061 5856 iConcil.
3092 5799 3145 5856 p.
3172 5784 3296 5843 δια.

738 5846 787 5919 (ι
803 5852 851 5920 ι)
876 5846 1019 5904 Infra
1059 5849 1215 5921 βοῶν.
1598 5846 1609 5850 ⁷

1598 5846 1609 5850 '
2404 5852 2513 5925 (ιδ)
2538 5851 2670 5909 tum.
2703 5869 2754 5925 ιι.
2788 5854 2912 5909 θδι.
