4122 6484
204 431 259 486 69
1066 431 1434 488 ADMONITIO
1471 431 1537 485 IN
1576 431 1832 487 EXP()Sl'

1795 431 2067 488 lTlONES
2108 428 2545 488 PSALMORUM.
3357 433 3423 487 50

205 548 368 616 τενής,
403 546 726 617 signiﬁcari,
757 565 863 618 qua
887 549 940 602 in
970 551 1218 617 opusculo
1249 551 1301 603 in
1333 551 1442 604 hcec
1472 550 1646 616 verba,
1679 548 1870 604 Omnia
1902 550 2030 604 mihi
2061 560 2187 604 sunt
2220 552 2415 605 tradita
2457 567 2487 603 a
2516 547 2693 612 Patre,
2716 565 2767 615 p.
2795 547 2885 614 82,
2905 550 3098 617 passim
3132 549 3250 602 item
3269 548 3426 606 Chri-

203 651 329 693 stunt
373 655 647 711 nuncupat
687 645 1030 697 Athanasius.
1073 645 1438 698 Atltanasiana
1477 662 1690 714 prorsus
1711 660 1786 698 est
1820 648 1994 699 cautio
2024 646 2118 699 illa
2155 646 2292 714 psal.
2328 662 2514 708 CXVII',
2543 662 2588 698 v.
2628 643 2728 696 H3
2751 660 2764 695 :
2791 643 2838 693 Γ
2840 640 3064 693 ενέσθω
3087 641 3124 706 ἡ
3155 640 3280 707 χείρ
3309 655 3425 692 σου

204 734 298 788 τοῦ
331 733 527 789 σῶσαί
547 753 649 804 με.
683 736 840 806 Δηλοί
859 737 964 808 γὰρ
992 736 1050 790 οὐ
1081 738 1178 808 τὴν
1205 739 1321 789 κατ’
1339 737 1523 790 οὐσίαν
1553 738 1762 802 γένεσιν
1795 737 1982 808 αὐτῆς,
2011 738 2143 791 ἀλλὰ
2178 739 2273 810 τὴν
2307 739 2440 809 πρὸς
2470 737 2537 790 τὰ
2570 734 2846 804 σωζόμενα
2886 733 3088 802 σχέσιν,
3117 732 3296 784 ὁποῖον
3331 732 3424 784 καὶ

205 822 276 876 τό·
303 825 493 879 Γενοῦ
507 842 618 894 μοι
647 829 737 892 εις
765 828 914 880 Θεὸν
945 827 1424 895 ὺπερασπιστήν.
1456 828 1569 882 Hoc
1593 840 1668 884 est
1693 848 1710 884 :
1738 852 1756 883 ι
1791 830 1833 884 F

1791 830 1916 884 Fiat
1961 847 2144 883 manus
2181 841 2271 882 tua
2314 839 2370 880 ut
2402 829 2564 882 soluet
2610 843 2707 880 me.
2754 823 2870 878 Non
2919 823 3189 894 signiﬁcat
3231 832 3419 876 natura

207 916 387 971 factam
413 931 540 973 esse
569 935 798 973 manum
830 919 969 989 ejus,
999 921 1091 975 sed
1119 920 1237 989 ejus
1264 930 1462 975 statum
1497 937 1622 994 erga
1657 939 1751 979 eos
1785 926 1878 995 qui
1907 925 2133 980 salutem
2153 932 2576 993 consequuntur.
2618 921 2787 988 Quale
2814 930 2895 976 est
2925 921 3051 974 illud
3081 937 3095 974 :
3131 919 3258 972 Esto
3293 920 3421 973 mihi

205 1013 254 1062 in
280 1011 436 1066 Deum
464 1023 838 1081 protectorem.
866 1031 885 1065 ι
918 1011 1056 1064 Nam
1091 1012 1280 1065 Ariani
1301 1014 1470 1081 inepte
1493 1030 1556 1067 ea:
1588 1031 1705 1068 voce
1733 1015 1994 1085 γενέσθω,
2019 1025 2067 1068 et
2095 1014 2330 1083 ἐγένετο.
2357 1012 2729 1067 concludebant
2765 1010 2980 1064 Verbum
3009 1009 3172 1078 fuisse
3201 1010 3418 1078 factum.

208 1102 387 1158 Hiram
418 1106 824 1158 causonantiam
857 1119 974 1158 cum
1001 1102 1095 1156 hoc
1130 1102 1243 1155 loco
1279 1106 1500 1169 reperies
1522 1123 1574 1173 p.
1603 1107 1729 1171 568,
1757 1107 1843 1160 ubi
1871 1109 2032 1161 etiam
2058 1107 2193 1160 illud
2218 1121 2234 1159 :
2265 1103 2390 1159 Fias
2419 1105 2550 1157 mihi
2585 1103 2636 1156 in
2673 1107 2835 1156 Deum
2865 1110 3240 1171 protectorem,
3265 1102 3425 1170 aﬂ'er-

207 1202 281 1244 tur
299 1193 351 1244 in
373 1195 604 1248 medium
627 1212 750 1266 pag.
793 1199 914 1250 item
940 1197 1063 1254 380.
1097 1197 1235 1252 Nam
1259 1199 1375 1252 loca
1397 1200 1682 1256 describere
1705 1203 1916 1273 longum
1944 1211 2097 1256 esset.

268 1282 327 1337 ν.
350 1285 474 1338 lam
498 1288 564 1340 de
592 1290 866 1345 codicibus
909 1292 1056 1346 nobis
1086 1293 1362 1363 agendum.
1406 1294 1733 1350 Memoratur
1761 1315 1790 1348 α
1825 1296 2178 1350 Felckmanno
2214 1295 2434 1364 infetius
2471 1294 2523 1348 in
2552 1291 2765 1362 Fragm.
2793 1308 2857 1344 ex
2887 1293 3054 1344 indice
3082 1289 3309 1360 quodam
3347 1289 3420 1343 Μ.

206 1373 367 1428 Crasii
393 1383 879 1450 manuscriptorum
906 1385 994 1453 qui
1028 1393 1138 1436 tum
1174 1387 1420 1454 temporis
1453 1386 1910 1457 Constantinopoli
1948 1399 2121 1452 erant,
2154 1398 2361 1442 exstare
2392 1387 2535 1455 apud
2566 1384 2986 1438 illustrissimum
3018 1383 3300 1451 principem
3327 1379 3424 1434 Ja-

205 1464 375 1516 coburn
407 1466 793 1525 Marmoretam
827 1471 884 1526 S.
922 1472 1199 1526 Athanasii
1226 1475 1598 1544 archiepiscopi
1623 1475 1968 1530 Alexandrini
1996 1477 2395 1542 explicationem
2425 1474 2480 1528 in
2505 1473 2822 1528 Psalterium
2857 1472 3092 1527 Davidis.

267 1554 497 1611 Andreas
543 1560 839 1628 Arnoldus,
871 1563 1348 1638 Norimbergensis,
1375 1571 1427 1622 in
1462 1572 1774 1640 prtefatione
1821 1588 1916 1624 sua
1960 1572 2028 1624 ad
2076 1570 2372 1642 Syntagma
2418 1569 2678 1624 doctrina;
2726 1571 2931 1623 nomine
2972 1569 3251 1622 Athanasii
3277 1569 3339 1621 ab
3372 1585 3424 1624 se

204 1647 386 1699 editum
417 1650 655 1706 Parisiis
689 1671 825 1708 anno
860 1656 1017 1722 1685,
1043 1660 1152 1712 han:
1183 1658 1377 1714 habet:
1415 1680 1430 1710 ι
1462 1659 1716 1716 Volebam
1743 1677 1829 1715 me
1863 1661 2110 1716 conferre
2131 1663 2194 1716 ad
2221 1660 2546 1716 recensenda
2581 1661 2750 1714 sancti
2788 1661 3067 1714 Athanasii
3104 1659 3335 1730 capitula
3370 1663 3423 1713 in

205 1740 459 1810 Psalmos,
488 1745 640 1802 sicut
678 1766 745 1804 ex
789 1767 891 1807 ms.
935 1753 1320 1824 antiquissimo
1362 1757 1776 1830 descripseram,
1817 1758 2031 1812 diversa
2066 1773 2095 1810 a
2130 1755 2339 1811 Latinis
2372 1755 2560 1824 Angcli
2591 1753 2865 1818 Politiani,
2900 1765 2953 1809 et
2982 1753 3183 1809 Gracis
3216 1755 3346 1808 tomi
3384 1752 3422 1804 ll

204 1847 440 1901 operum,
467 1839 579 1894 nisi
606 1855 761 1897 novze
789 1845 1153 1900 cunctationis
1199 1847 1298 1900 iter
1341 1846 1533 1904 fuisset
1567 1848 1892 1918 impatiens:
1924 1848 2063 1902 dabo
2099 1848 2311 1900 initium
2354 1855 2409 1899 et
2447 1845 2628 1909 linem,
2663 1855 2719 1899 ut
2750 1845 2796 1898 si
2830 1842 2959 1913 quid
2996 1840 3323 1896 monendum
3354 1842 3430 1919 sit.

203 1926 478 1996 peritiores
516 1947 745 1987 monere
784 1935 1072 2005 dignentur
1101 1938 1423 2008 εΜακάριος
1460 1938 1618 2008 ἀνὴρ,
1655 1939 1779 2004 ἕως,
1811 1957 1831 1991 c

1811 1941 1910 1992 οὐκ
1942 1938 2211 1992 ἐκάθισεν.
2246 1936 2354 2007 Τὴν
2377 1935 2549 2007 ἀρχὴν
2584 1937 2680 2005 τῆς
2707 1932 3047 2008 προφητείας
3063 1931 3140 2002 τῷ
3167 1931 3225 1997 ἐξ
3262 1929 3422 1983 αὑτοῦ

203 2017 332 2070 κατὰ
364 2019 546 2091 σάρκα
576 2023 959 2098 τεχθησομένῳ
981 2031 1294 2102 ἀνατίθησιν
1318 2035 1345 2085 ὁ
1369 2032 1530 2086 Δαϐίδ
1554 2052 1566 2063 ·
1593 2033 1672 2086 διὸ
1703 2035 1759 2086 ὲν
1792 2031 2025 2104 πρώτοις
2057 2030 2346 2103 μακαρίζει
2371 2031 2496 2093 τοὺς
2528 2031 2586 2082 ὲν
2618 2029 2758 2100 (lege
2784 2030 2894 2098 εἰς)
2924 2026 3082 2082 αὐτὸν
3108 2023 3422 2096 ἡλπικὸτας.

204 2108 393 2164 Desinit
419 2128 436 2165 :
462 2113 624 2166 Πᾶσα
675 2117 811 2186 πνοὴ
843 2119 1109 2174 αἰνεσάτω
1156 2123 1246 2175 τὸν
1287 2124 1508 2194 Κύριον.
1539 2125 1767 2195 Νοήσεις
1800 2125 1898 2194 τὴν
1927 2125 2114 2194 πνοὴν,
2137 2125 2228 2192 ἀφ’
2248 2115 2320 2175 ὧν
2353 2120 2588 2190 Μωῦσῆς
2626 2118 3000 2188 ἀναγέγραφεν
3026 2133 3038 2145 ·
3073 2116 3156 2167 ὃτι
3191 2112 3369 2166 λαϐὼν
3393 2114 3422 2165 ὁ

201 2201 320 2266 Θεὸς
341 2204 468 2274 χοῦν
491 2207 604 2260 ἀπὸ
633 2208 731 2278 τῆς
758 2210 877 2280 γῆς,
905 2211 1103 2268 ἔπλασε
1133 2218 1220 2270 τὸν
1245 2217 1548 2288 ἄνθρωπον,
1575 2218 1666 2270 καὶ
1694 2217 2024 2289 ἐνεφύσησεν
2049 2218 2128 2280 εἰς
2153 2217 2211 2270 τὸ
2243 2215 2528 2286 πρόσωπον
2578 2210 2740 2265 αὑτοῦ
2777 2208 2992 2277 πνεῦμα
3021 2204 3184 2276 ζωῆς.
3203 2203 3286 2257 Ab
3315 2204 3424 2258 ini-

203 2301 270 2354 tio
289 2301 506 2369 dicitur,
545 2315 659 2358 tres
687 2305 854 2362 fuisse
883 2312 1103 2368 ordines
1135 2315 1275 2382 apud
1303 2313 1540 2381 Iudaeos,
1574 2331 1831 2386 γραμματ

1797 2315 1941 2368 ιτέων
1971 2314 2249 2374 nimirum,
2281 2313 2375 2365 stat
2406 2309 2709 2382 Φαρισαίων
2737 2305 2829 2357 καὶ
2856 2297 3108 2372 νομικῶν.
3145 2295 3425 2352 Probabile

201 2403 276 2449 est
296 2394 553 2466 νομικῶς
584 2400 720 2454 istos
749 2415 868 2454 esse
888 2400 1234 2468 Sadducmos,
1262 2407 1351 2475 qui
1383 2406 1552 2476 legem
1581 2408 1697 2462 sine
1737 2408 2028 2461 traditione
2060 2407 2425 2461 sectabantur.
2455 2424 2473 2454 ι
2511 2401 2635 2456 Haec
2667 2399 2930 2454 Arnoldus
2951 2413 2969 2449 :
3003 2392 3216 2465 νομικοὶ
3250 2400 3425 2444 autem

201 2493 277 2546 ι.ιὶ
299 2505 416 2546 sunt
445 2495 741 2564 legisperiti
778 2497 830 2548 in
860 2495 1142 2568 Evangelia
1165 2503 1459 2554 memorati.
1495 2502 1622 2557 llatc
1657 2514 1830 2557 autem
1862 2503 2088 2556 Arualdi
2116 2501 2350 2571 capitula
2380 2500 2609 2568 idipsum
2637 2507 2758 2551 sunt
2788 2495 2924 2567 quod
2954 2491 3300 2557 expositiones
3327 2504 3424 2540 no-

204 2601 321 2643 stra
356 2590 408 2643 in
447 2589 802 2656 Psalterium,
842 2601 897 2644 ut
921 2588 1076 2658 liquet
1109 2604 1172 2641 ea:
1201 2589 1491 2658 fragmento
1523 2590 1585 2644 ab
1621 2591 1773 2644 initio
1815 2589 2003 2654 allato,
2035 2605 2156 2642 nam
2191 2605 2245 2641 in
2277 2588 2379 2657 ﬁne
2408 2587 2610 2641 mutila:
2649 2595 2769 2638 sunt
2803 2581 3151 2652 expositiones
3190 2578 3325 2630 istae.
3358 2572 3425 2626 Ut

201 2685 443 2751 augurari
467 2701 630 2751 porro
660 2686 778 2738 licet
812 2701 876 2740 ea:
895 2683 1323 2747 Asnoldirerbis,
1359 2685 1594 2753 capitula
1622 2686 1767 2738 isticc
1793 2701 1896 2736 non
1915 2686 2118 2754 integra
2141 2694 2308 2748 erant,
2344 2683 2432 2735 sed
2473 2689 2713 2748 excerpta
2752 2679 2992 2750 quwdam
3019 2690 3083 2728 ea:
3117 2673 3294 2742 aliqua
3323 2667 3427 2724 Ca-

201 2783 328 2835 tena,
367 2792 460 2828 nec
487 2786 653 2829 tanta?
679 2776 828 2830 molis
857 2783 1066 2846 quanta
1087 2773 1196 2828 haec
1220 2775 1596 2826 commentaria
1621 2790 1735 2843 qua:
1758 2789 1849 2827 nos
1870 2773 2092 2826 edimus.

263 2859 347 2919 Ἦ.
382 2864 475 2919 Vir
496 2868 828 2923 clarissimus
858 2869 1067 2924 Gabriel
1094 2869 1399 2932 Grodecius,
1420 2886 1583 2940 supra
1617 2879 1956 2934 memoratus,
1988 2887 2107 2923 cum
2135 2868 2276 2922 haud
2313 2869 2388 2921 ita
2420 2866 2620 2934 pridem
2654 2862 2987 2918 bibliothecas
3021 2856 3196 2911 Italia!
3223 2853 3424 2908 lustra-

199 2965 291 3020 ret,
315 2955 622 3011 Mediolano
649 2958 855 3012 litteras
887 2960 954 3012 ad
983 2977 1061 3014 me
1093 2960 1254 3023 misit,
1281 2970 1352 3025 et,
1384 2977 1488 3032 qua
1512 2971 1589 3016 est
1617 2978 1740 3032 erga
1777 2978 1867 3016 nos
1901 2962 2250 3023 humanitate,
2283 2960 2417 3012 hanc
2449 2956 2920 3024 manuscriptorum
2949 2947 3271 3003 bibliothecc
3300 2944 3428 2996 Am-

199 3043 446 3101 brosianus
478 3049 731 3102 notitiam
759 3051 981 3120 praebuit
1020 3052 1146 3121 ipsis
1178 3051 1367 3106 verbis.

197 3180 260 3221 sx
286 3181 472 3220 comet-1
515 3181 887 3222 usuuscntno
916 3181 1277 3221 ιιιιιωοτιιεοιε
1309 3180 1678 3228 suumsuum,
1714 3179 1825 3228 qua:

1793 3179 1828 3218 ss
1852 3180 1950 3218 ssr
1978 3178 2261 3217 IEDIOLANI
2294 3177 2417 3218 can.
2449 3178 2502 3216 ιι.
2537 3177 2589 3215 ιι.
2620 3159 2746 3222 451,
2775 3173 2825 3211 ιιι
2853 3170 2956 3220 ouo
2983 3165 3255 3209 οοιιεετιι
3288 3163 3421 3204 ευιιτ

700 3279 861 3318 οιιιιιλ
892 3279 961 3316 ΕΣ
994 3276 1264 3316 εοοιειιιυε
1292 3276 1673 3315 ιιιιιυεοιιιρτιε
1703 3276 1934 3315 ειυεοειι
1973 3273 2328 3314 ΒΙΒΗΟΤΙΙΕΟᾹ

1292 3276 1673 3315 ιιιιιυεοιιιρτιε
1703 3276 1934 3315 ειυεοιςιι
1973 3273 2336 3314 ιιιιιιιοτιιεολε
2369 3271 2642 3312 HACTENUS
2673 3267 2913 3308 INEDI‘I'A.

267 3393 286 3425 ι
311 3374 784 3429 Commentarium
814 3371 987 3428 sancti
1017 3369 1297 3425 Athanasii
1328 3371 1381 3423 in
1417 3370 1678 3432 Psalmos,
1709 3385 1841 3424 mss.
1875 3366 2218 3424 Graeco-Lat.
2247 3365 2493 3420 Gracum
2522 3360 2954 3430 manuscriptum
2983 3353 3314 3424 descriptum
3342 3359 3428 3407 est

200 3485 260 3525 ex
285 3472 469 3526 codice
503 3470 850 3526 bibliothecas
872 3468 1050 3539 Regia:
1090 3468 1142 3521 in
1177 3467 1464 3532 Escurial.,
1499 3467 1689 3521 Latine
1729 3480 1858 3520 vero
1906 3464 2224 3519 translatum
2257 3461 2354 3524 (ut
2387 3459 2519 3513 mihi
2561 3455 2828 3511 referebat
2857 3452 2918 3504 D.
2953 3448 3046 3522 Ν.)
3082 3449 3152 3503 ab
3186 3446 3426 3501 Antonio

200 3563 412 3635 Giggeo.
441 3565 602 3631 Quod
641 3574 816 3619 tamen
843 3577 966 3618 esse
1009 3576 1115 3615 non
1148 3569 1324 3629 potest
1355 3579 1368 3613 :
1403 3577 1527 3614 nam
1563 3561 1615 3614 in
1658 3559 1996 3627 frontispicio
2042 3556 2207 3626 hujus
2240 3555 2443 3610 codicis
2477 3553 2618 3606 hanc
2647 3557 2962 3620 sequentem
2989 3542 3426 3602 observationem

202 3661 362 3728 reperi
391 3659 588 3714 eadem
623 3674 785 3713 manu
822 3658 1079 3727 scriptam
1109 3671 1215 3725 qua
1250 3654 1430 3710 versio
1459 3655 1548 3709 illa
1581 3655 1772 3711 Latina
1798 3653 2188 3712 Commentarii
2217 3654 2272 3707 in
2302 3651 2565 3706 Psalmos.

271 3775 288 3805 ι
313 3755 430 3809 Vidi
457 3757 513 3809 in
545 3755 869 3810 bibliotheca
903 3751 1259 3806 Ambrosiana
1287 3750 1642 3805 illustrissimi
1672 3753 1819 3807 card.
1856 3751 2128 3806 Borromze
2154 3789 2168 3814 ,
2201 3757 2523 3818 suggerente
2557 3743 2862 3799 clarissimo
2889 3741 3110 3796 doctore
3142 3747 3195 3794 et
3215 3737 3427 3806 lingua-

207 3861 225 3894 s
252 3859 366 3898 rum
399 3846 749 3900 orientalium
772 3845 1098 3914 peritissimo
1115 3843 1176 3898 ι).
1201 3845 1434 3899 Antonio
1453 3844 1675 3916 ϐίαιοι),
1699 3847 1817 3900 viro
1849 3847 1980 3900 mihi
2009 3843 2352 3904 charissimo,
2377 3841 2628 3894 volumen
2657 3837 2948 3892 Arabicum
2972 3833 3140 3897 in-l6,
3167 3832 3220 3887 in
3239 3839 3426 3887 charta

209 3957 224 3986 α
252 3941 596 4006 bombacina,
629 3950 688 3996 ut
717 3953 932 4007 vocant,
966 3942 1140 4010 fusca,
1167 3943 1270 3998 300
1302 3953 1354 3997 et
1382 3943 1518 3997 ultra
1551 3958 1839 4008 annorum,
1867 3944 1918 3996 in
1961 3955 2070 4010 quo
2104 3939 2334 3993 Arabice
2360 3946 2515 3991 erant
2546 3937 2658 3989 haec
2703 3933 2812 3988 duo
2847 3927 3109 4000 opuscula
3139 3924 3424 3982 Athanasii

208 4053 224 4084 ι
253 4039 304 4089 in
333 4035 607 4102 Psalmos,
634 4038 907 4107 perbrevis
948 4040 1037 4094 illa
1073 4040 1323 4110 synopsis
1346 4040 1702 4105 Psalmorum,
1737 4050 1832 4095 aut
1855 4052 2181 4110 quocunque
2213 4035 2322 4090 allo
2358 4034 2521 4088 modo
2549 4040 2772 4087 vocetur
2798 4027 2864 4083 ad
2897 4024 3300 4088 Marcellinum,
3331 4021 3427 4076 de-

209 4148 224 4174 ι
253 4127 370 4181 inde
397 4127 598 4198 integri
629 4131 999 4186 commentarii
1037 4133 1282 4200 perpetui
1316 4132 1368 4184 in
1401 4133 1547 4200 ipsos
1578 4131 1845 4194 Psalmos,
1887 4146 2024 4200 quos
2055 4129 2256 4184 contuli
2319 4142 2441 4183 cum
2472 4125 2590 4179 istis
2624 4122 2848 4188 Graecis,
2877 4131 3088 4175 necnon
3119 4129 3242 4171 cum
3269 4112 3427 4168 Eclo—

208 4234 225 4266 ι
252 4217 329 4286 gis
347 4218 703 4274 Catenarum.
727 4219 805 4275 Ac
837 4221 964 4274 licet
990 4236 1085 4275 eos
1114 4221 1414 4276 laudabiles
1435 4222 1698 4292 alioquin,
1729 4237 1826 4276 nec
1859 4221 2113 4292 indignos
2153 4217 2434 4273 Athanasii
2469 4212 2786 4268 oll'enderint
2808 4250 2824 4276 ,
2856 4205 3212 4264 nihilominus
3244 4212 3422 4258 tamen

209 4325 226 4354 ι
253 4309 570 4378 neutiquam
595 4324 720 4363 cum
764 4310 887 4365 istis
925 4310 1316 4366 conveniebant
1350 4329 1365 4366 :
1398 4313 1573 4367 solum
1611 4312 1900 4383 explicatio
1935 4313 2092 4381 primi
2126 4324 2316 4364 versus
2350 4305 2542 4377 psalmi
2570 4304 2728 4374 primi
2760 4300 3063 4375 quadrabat
3092 4311 3215 4353 eum
3237 4295 3423 4365 ecloga

210 4423 228 4455 ι
253 4408 488 4476 quadam
521 4407 759 4471 Catenae,
786 4425 948 4479 quam
981 4425 1081 4465 suo
1106 4409 1227 4466 loco
1250 4411 1449 4475 notavi,
1469 4421 1522 4466 et
1545 4412 1737 4467 deinde
1769 4411 1821 4465 in
1848 4412 2086 4467 secundo
2111 4423 2362 4464 versu....
2394 4404 2706 4476 quiderm...
2729 4395 3070 4469 quadrabant
3095 4388 3277 4446 omnia
3298 4403 3424 4444 cum

210 4501 370 4556 cistis
395 4504 831 4568 commentariis,
859 4503 953 4558 sed
987 4505 1234 4559 oratione
1273 4513 1328 4558 et
1370 4505 1509 4576 stylo
1548 4520 1914 4576 nequaquam.
1959 4505 2209 4572 clareque
2243 4500 2498 4570 scriptum
2534 4507 2729 4550 nomen
2759 4485 3065 4553 Athanasii,
3104 4479 3426 4538 Athanasius

211 4613 227 4644 ι
255 4596 562 4663 patriarcha
589 4595 944 4649 Alexandria.
969 4615 986 4646 ι

275 4704 293 4734 ι
321 4683 378 4738 In
429 4684 534 4738 bac
577 4685 955 4741 observatione
1003 4683 1203 4738 mentio
1237 4683 1296 4737 lit
1336 4683 1554 4738 Antonii
1584 4683 1789 4754 Giggei,
1819 4698 2013 4737 manus
2051 4696 2179 4736 vero
2216 4679 2403 4734 eadem
2439 4689 2561 4730 cum
2611 4671 2703 4728 illa
2731 4671 2998 4726 versionis
3021 4670 3227 4726 Latina:
3252 4688 3265 4724 :
3295 4685 3424 4739 ergo

206 4779 514 4847 neutiquam
541 4777 796 4847 Giggeus,
834 4780 925 4834 sed
954 4779 1171 4849 quidam
1207 4779 1346 4834 alius
1380 4787 1568 4834 auctor
1625 4779 1894 4832 versionis
1952 4777 2108 4830 istius
2139 4789 2257 4829 esse
2284 4771 2462 4837 debet,
2494 4783 2655 4839 quem
2696 4763 2935 4821 indicare
2969 4763 3098 4817 mihi
3132 4778 3291 4817 nemo
3324 4779 3424 4832 po-

205 4870 318 4925 tuit.
349 4870 542 4939 Reperi
591 4873 660 4925 ibi
693 4874 795 4927 sub
840 4873 999 4928 linem
1039 4873 1199 4926 etiam
1255 4874 1500 4943 quaedam
1547 4873 1800 4927 adnotata
1837 4887 1996 4940 supra
2032 4869 2296 4939 psalmum
2333 4879 2440 4929 cu,
2469 4862 2556 4917 cui
2593 4861 2695 4916 ista
2738 4868 2864 4914 nota
2898 4858 3177 4912 Athanasii
3205 4857 3424 4928 praeﬁxa

204 4972 312 5014 erat
340 4982 352 5016 :
381 4953 551 5025 Οὗτος
579 4964 610 5014 ὁ
639 4963 847 5034 ψαλμὸς
869 4965 963 5018 καὶ
984 4964 1288 5034 ῑδιόγραφος
1314 4963 1390 5035 τῷ
1412 4965 1595 5030 Δαϐἳδ,
1624 4964 1717 5017 καὶ
1742 4962 1935 5028 ἔξωθεν
1956 4960 2047 5013 τοῦ
2077 4955 2333 5028 ἀριθμοῦ,
2363 4956 2445 5009 ὅτι
2472 4952 2847 5024 ἐμονομάχησε
2876 4951 2965 5004 τὸν
2987 4947 3197 5004 Γολιάθ.
3234 4947 3423 5019 Incipit

208 5057 624 5110 commentarius
648 5077 659 5110 :
688 5058 898 5129 Μικρὸς
927 5059 1072 5129 ἥμην
1102 5059 1159 5110 ἐν
1186 5061 1296 5122 τοῖς
1329 5057 1572 5127 ἀδελφοῖς
1605 5076 1722 5129 μου.

280 5156 298 5190 ι
327 5140 766 5199 Commentarios
803 5145 1044 5215 ejusdem
1072 5147 1244 5200 sancti
1272 5146 1550 5200 Athanasii
1581 5145 1634 5198 in
1657 5145 1879 5199 Cantica
1909 5143 2096 5197 Maria:
2121 5142 2316 5194 sororis
2348 5136 2571 5208 Moysis,
2603 5143 2652 5189 et
2677 5132 2896 5201 Moysis.

274 5251 295 5284 ι
325 5232 579 5303 Synopsis
610 5246 659 5289 et
688 5236 1048 5307 interpretatio
1071 5257 1252 5295 vocum
1292 5239 1691 5304 Hebraiearum,
1711 5257 1825 5310 qua:
1857 5241 1908 5293 in
1941 5237 2332 5294 commentariis
2356 5234 2634 5288 Athanasii
2663 5229 3011 5299 reperiuntur,
3043 5240 3146 5280 ms.
3177 5222 3423 5280 Hebraeo-

205 5316 477 5383 Latinum,
509 5322 699 5411 ordine
723 5325 1084 5395 alphabetico.
1117 5327 1308 5398 Incipit
1335 5348 1347 5382 :
1378 5330 1554 5382 Aaron
1594 5329 1730 5398 psal.
1761 5346 1940 5391 Lxxvt,
1972 5344 2106 5382 vers.
2141 5327 2240 5380 ult.
2275 5332 2441 5411 prius.
2477 5324 2732 5392 Spiritus,
2767 5320 3007 5392 Πνεῦμα,
3043 5321 3137 5376 sed
3173 5334 3423 5375 commu-

207 5411 338 5465 niter
365 5404 681 5481 exponitur,
700 5432 868 5482 mons,
894 5433 989 5474 seu
1024 5427 1321 5485 montanus,
1351 5420 1490 5474 sicut
1524 5429 1576 5473 et
1606 5419 1741 5488 psal.
1774 5435 1997 5484 Lxxvnt,
2033 5417 2085 5482 6,
2111 5419 2165 5473 7.

279 5525 298 5554 ι
323 5502 589 5576 Excerpta
614 5522 733 5578 quas
749 5509 815 5562 ad
833 5508 1183 5564 Athanasium
1212 5520 1474 5580 spectant,
1491 5527 1555 5564 ex
1574 5524 1758 5566 catena
1786 5512 1839 5563 in
1867 5510 2105 5565 Psalmos
2124 5511 2174 5564 in
2194 5506 2399 5562 Cod.V.
2430 5509 2488 5560 Δ.
2514 5505 2580 5560 lo
2609 5504 2943 5559 bibliotheca:
2971 5502 3341 5558 Ambrosiana:
3355 5519 3423 5557 ex

209 5598 290 5655 his
340 5602 595 5657 omnibus
645 5603 963 5658 auctoribus
1004 5605 1224 5660 collecta
1270 5624 1282 5660 :
1330 5604 1724 5668 Nazianzenus,
1758 5604 2010 5670 Basilius,
2049 5605 2483 5675 Chrysostomus,
2528 5596 2878 5661 Athanasius,
2913 5592 3209 5665 Nyssenus,
3247 5591 3411 5666 llesy-

207 5691 377 5756 chius,
406 5691 691 5765 Georgius,
717 5693 1086 5750 Theodoretus
1127 5701 1411 5767 episcopus
1439 5695 1715 5766 Cyrcnsis,
1755 5694 2009 5758 Severus,
2045 5693 2325 5766 Origenes,
2357 5693 2633 5763 Didymus.
2671 5691 2957 5759 Eusebius,
2997 5689 3220 5754 Esdras,
3258 5690 3423 5747 Eulo-

211 5778 344 5848 gius,
370 5781 609 5839 Isidorus
632 5780 925 5850 Pelusiota,
955 5783 1170 5852 Aretas,
1192 5786 1577 5856 Apollinarius,
1603 5785 1789 5842 Jovius
1811 5788 1915 5853 (sic
1941 5787 2200 5851 scriptum
2226 5784 2316 5838 τοῦ
2343 5783 2578 5856 Ἰοδίου).
2595 5780 3240 5854 InstinusPhilosoPhus,
3258 5780 3422 5836 Joan-

212 5881 301 5921 nes
325 5867 704 5942 Philosophus,
733 5871 987 5944 Ephrem,
1019 5871 1306 5943 Maximus.
1339 5876 1726 5944 Damascenus,
1763 5877 2119 5948 Augustinus,
2148 5874 2532 5947 Hieronymus,
2556 5877 2875 5943 Antiochus,
2925 5874 3219 5943 Adrianus,
3245 5874 3423 5930 Theo-
