4122 6510
686 431 752 490 Si
1524 433 1580 489 S.
1623 433 1993 490 ATHANASII
2033 434 2182 491 OPP.
2225 434 2406 491 PARS
2444 433 2529 490 Ill.
2578 464 2642 477 --
2679 434 3084 492 EXEGETICA.
3851 429 3919 487 5!

687 554 855 605 dorus
874 548 1261 613 Antiochenus.
1289 547 1460 615 Nilus,
1480 550 1801 605 Anastasius
1840 548 2110 615 Nicaeuus,
2141 560 2191 606 et
2216 549 2538 605 Anastasius
2554 548 2759 604 Sinaita
2776 550 3163 612 Autiochenus,
3185 546 3454 612 Asterius,
3471 542 3913 619 Olympiodorus,

690 639 1039 710 Epiphanius,
1066 640 1308 696 Andreas
1354 638 1646 707 Cretensis,
1691 640 1935 697 Andreas
1987 640 2358 704 Caasariensis,
2411 640 2635 696 Cosmas
2692 639 3126 710 lndicopleustes,
3184 638 3568 705 (Ecumenius,
3614 636 3913 693 Marcum...

688 735 1001 798 Cassianus,
1030 734 1345 808 llippolytus
1378 734 1676 802 Romanus,
1714 734 2074 801 Herodianus,
2106 735 2564 807 Thaumaturgus,
2596 744 2792 806 praeter
2827 735 2965 790 alios
3004 751 3325 806 anonymos,
3359 741 3420 789 ut
3451 733 3651 788 dicitur
3692 731 3911 786 ibidem.

688 834 753 887 Et
779 835 1046 890 editiones
1080 834 1440 898 Psalmorum,
1469 850 1563 889 seu
1592 834 1997 897 translationes.
2023 836 2221 905 quibus
2253 836 2334 890 usi
2370 844 2497 889 sunt
2524 833 2576 887 in
2605 843 2820 896 catena,
2856 830 3053 887 ibidem
3088 832 3307 896 dicitur,
3339 828 3559 884 fuerunt
3581 826 3912 898 Symmachi,

689 930 918 999 Aquilae,
954 928 1369 993 Theodotionis,
1406 936 1458 981 et
1496 925 1845 997 Septuaginta
1875 926 2256 996 Interpretum.
2290 925 2467 981 Codex
2505 924 2785 994 originalis
2825 924 2880 977 in
2912 937 3234 994 pergamena
3272 920 3707 990 antiquissimus,
3736 926 3791 973 et
3828 916 3913 970 di-

688 1041 841 1081 versa
873 1034 1001 1081 sunt
1032 1025 1270 1096 plurima
1307 1024 1375 1079 ab
1405 1025 1510 1078 illis
1543 1039 1572 1078 a
1604 1022 1845 1078 Barbaro
1869 1023 2052 1077 editis.
2083 1022 2139 1076 ln
2169 1024 2269 1078 hac
2297 1021 2613 1076 collectione
2639 1018 2823 1074 Graece
2847 1027 3078 1072 tantum.

755 1136 776 1169 ε
817 1115 1067 1173 Extracta
1113 1134 1177 1173 ex
1218 1117 1420 1174 Catena
1465 1116 1801 1172 Psalmorum
1852 1116 1906 1170 in
1951 1128 2276 1186 pergameno
2301 1115 2356 1168 in
2384 1112 2506 1169 cod.
2555 1128 2637 1177 ιη,
2666 1111 2733 1168 ll.
2768 1111 2856 1176 14,
2902 1124 2968 1166 ea
3008 1124 3128 1179 quae
3157 1106 3430 1178 pertinent
3459 1103 3526 1158 ad
3558 1101 3912 1159 Athanasium

690 1211 872 1268 Graece
902 1224 1131 1270 tantum.

757 1325 775 1353 ι
795 1303 1071 1363 Periocha:
1098 1314 1151 1362 et
1180 1307 1505 1378 hypotheses
1539 1306 1728 1361 breves
1756 1304 2116 1368 Psalmorum,
2148 1318 2270 1375 quas
2296 1303 2669 1358 attribuuntur
2700 1297 2935 1353 Eusebio
2968 1296 3021 1349 in
3051 1294 3239 1350 codice
3270 1308 3365 1356 vn,
3399 1290 3458 1346 Ε.
3482 1290 3567 1355 18,
3587 1290 3791 1355 Graece,
3820 1307 3910 1345 ex-

682 1406 877 1467 cerptas
918 1413 982 1453 ex
1031 1409 1221 1454 catena
1274 1399 1479 1470 integra
1528 1398 1583 1453 in
1632 1395 1881 1450 Psalmos
1925 1405 1979 1451 et
2021 1396 2280 1450 attributa
2325 1392 2644 1456 Athanasio,
2694 1390 2912 1444 diversa
2947 1396 3129 1442 tamen
3162 1402 3193 1440 a
3219 1392 3408 1440 catena
3456 1380 3681 1437 Barbari
3728 1380 3913 1437 Graec

688 1501 919 1547 tantum.

759 1605 779 1637 ι
819 1584 1143 1656 Fragmenta
1172 1586 1450 1643 Athanasii
1492 1604 1557 1642 ex
1590 1586 1755 1642 variis
1782 1585 1988 1643 catenis
2026 1585 2250 1641 collecta
2294 1585 2349 1637 in
2382 1583 2647 1653 Epistolas
2677 1582 2783 1635 divi
2823 1578 3004 1644 Pauli,
3035 1584 3088 1632 et
3122 1590 3188 1633 ex
3213 1580 3397 1629 catena
3424 1573 3478 1626 in
3510 1572 3669 1626 libros
3690 1571 3908 1643 Regum,

682 1678 885 1736 Graece.
932 1679 1161 1749 Subjicit
1185 1689 1372 1735 auctor
1399 1680 1603 1737 Latinae
1632 1678 1919 1745 versionis,
1953 1693 2113 1748 quem
2140 1692 2302 1747 supra
2334 1675 2565 1732 iudicavi
2601 1694 2615 1731 :

757 1795 776 1827 ε
804 1774 882 1829 Ex
908 1776 1295 1831 commentario
1320 1790 1413 1830 seu
1442 1784 1630 1829 catena
1655 1773 1758 1827 Titi
1792 1771 2096 1827 Bostrensis
2124 1773 2180 1824 in
2207 1770 2424 1833 Lucam,
2450 1786 2519 1824 ex
2545 1770 2937 1841 Chrysostomo
2972 1774 3025 1821 et
3056 1766 3179 1822 aliis
3204 1765 3449 1828 collecta,
3483 1767 3597 1821 haec
3636 1767 3811 1836 reperi
3842 1782 3907 1855 es

688 1893 706 1924 ι
742 1873 1059 1936 Athanasio,
1094 1888 1215 1943 quae
1243 1879 1429 1941 postea
1458 1870 1661 1926 contuli
1691 1884 1815 1924 cum
1842 1868 2000 1923 editis
2029 1882 2058 1921 a
2095 1864 2338 1930 Peltano,
2370 1880 2491 1935 quas
2515 1864 2703 1919 eodem
2736 1863 2896 1917 modo
2924 1876 2981 1916 se
3015 1860 3237 1923 habent,
3272 1860 3367 1916 sed
3399 1875 3595 1915 nomen
3623 1860 3908 1915 Athanasi'

687 1987 705 2018 ι
741 1982 847 2022 ηοη
892 1967 964 2021 ibi
993 1982 1333 2037 expressum,
1359 1981 1458 2020 nec
1497 1966 1587 2020 hic
1612 1964 1705 2019 ubi
1739 1963 2036 2026 desierunt,
2069 1962 2298 2031 ideoque
2334 1976 2445 2014 non
2472 1961 2625 2029 plura
2647 1958 2931 2027 descripsi,
2959 1959 3087 2027 quia
3126 1956 3382 2012 sublesta:
3410 1968 3591 2011 essent
3618 1957 3761 2011 lidei.
3798 1956 3910 2026 Οὐχ

686 2080 705 2113 ι
743 2061 925 2124 ἁπλῶς
947 2061 1001 2114 δὲ
1030 2060 1090 2113 τὸ
1112 2062 1442 2132 γεννώμενόν
1465 2077 1625 2130 φησιν
1649 2058 1784 2130 πρὸς
1809 2058 1906 2129 τὴν
1929 2057 2203 2129 Παρθένον
2235 2058 2263 2109 ὁ
2282 2056 2528 2124 ἄγγελος,
2557 2056 2643 2109 ἵνα
2678 2055 2751 2125 μὴ
2792 2052 2986 2118 ἔξωθεν
3024 2054 3445 2124 ὲπεισαγόμενον
3472 2055 3607 2125 αὐτῇ
3643 2053 3802 2122 σῶμα
3824 2070 3911 2105 νο-

685 2177 701 2205 ι
735 2156 919 2227 μισθῇ,
946 2157 1057 2210 ἀλλ’
1075 2160 1317 2229 ἐπήγαγε
1370 2159 1463 2211 καὶ
1507 2157 1586 2220 τὸ,
1611 2158 1674 2208 ὲκ
1704 2155 1797 2207 σοῦ
1828 2171 1842 2184 ο
1882 2154 1967 2205 ἴνα
1996 2152 2055 2216 ἐξ
2074 2151 2241 2221 αὐτῆς
2272 2151 2482 2220 φύσεως
2508 2150 2568 2203 τὸ
2595 2149 2927 2219 γεννώμενον
2956 2144 3094 2200 εἶναι
3125 2148 3366 2219 πιστωθῇ
3396 2166 3410 2179 ο
3448 2148 3598 2217 ἅγιον
3620 2146 3675 2200 δὲ
3709 2145 3914 2217 κληθη.

684 2268 699 2296 ι
736 2248 978 2320 σύμενον,
1003 2252 1099 2321 οὐχ
1119 2251 1191 2313 ὡς
1212 2251 1416 2304 ἔνοικοι)
1444 2251 1633 2316 ἕξοντα
1658 2250 1748 2303 τὸν
1774 2249 1900 2302 Υἱὸν
1928 2246 2020 2301 τοῦ
2048 2246 2180 2300 Θεοῦ
2212 2249 2303 2300 καὶ
2330 2249 2392 2299 ὲκ
2422 2246 2651 2317 μετοχῆς
2672 2243 3135 2315 ἁγιασθησόμενον
3155 2260 3169 2274 '
3194 2243 3396 2308 ἀλλ’ὡς
3421 2244 3548 2297 ὄντα
3580 2242 3720 2297 κατὰ
3747 2242 3909 2311 φύσιν

684 2365 699 2392 ι
736 2342 906 2411 ἅγιον,
929 2345 1005 2417 τῷ
1026 2345 1114 2400 τὸν
1140 2345 1296 2401 αὐτὸν
1316 2346 1439 2398 Υἱὸν
1466 2346 1727 2417 ὑπάρχειν
1766 2342 1899 2397 Θεοῦ
1935 2344 2026 2395 καὶ
2050 2342 2143 2395 ἕνα
2178 2339 2311 2396 εἶναι

2279 2360 2332 2395 ιι.
2366 2340 2441 2395 Ita
2466 2358 2523 2396 se
2547 2341 2814 2395 habebant
2841 2349 2951 2394 tres
2979 2339 3192 2393 codices
3223 2341 3276 2392 in
3305 2354 3627 2409 pergamena
3657 2356 3781 2396 cum
3813 2355 3907 2395 ex-

684 2454 703 2485 c
743 2451 927 2503 presso
965 2439 1183 2493 nomine
1207 2438 1523 2504 Athanasii;
1555 2439 1655 2493 hoc
1679 2437 1798 2492 loco
1825 2435 2105 2504 translatio
2128 2433 2335 2490 Peltani
2360 2450 2469 2488 non
2494 2433 2748 2503 exprimit
2774 2442 3044 2503 postrema
3074 2432 3322 2487 ﬁdeliter.
3364 2452 3383 2483 ι

752 2550 772 2579 ‹
806 2530 869 2585 Et
899 2543 1018 2601 post
1047 2549 1212 2603 pauca
1243 2534 1345 2588 alia
1378 2532 1674 2604 fragmenta
1703 2533 1863 2587 allata
1891 2532 2004 2586 inec
2031 2531 2334 2586 observatio
2370 2530 2567 2584 ibidem
2605 2530 2867 2597 reperitur
2901 2548 2913 2583 :

750 2646 767 2679 α
802 2625 859 2681 1η
891 2628 1202 2699 Authologio
1230 2629 1464 2699 quodam
1490 2626 1587 2682 SS.
1620 2625 1840 2681 Patrum
1872 2626 1983 2681 haec
2011 2625 2184 2695 reperi
2222 2639 2288 2679 ex
2312 2624 2614 2678 Athanasio
2654 2624 2706 2677 in
2731 2623 2913 2677 littera
2946 2622 3012 2687 A,
3037 2622 3227 2678 ordine
3263 2624 3406 2679 enim
3445 2623 3781 2694 alphabetico
3820 2625 3906 2680 di—

680 2742 699 2770 ·
738 2732 885 2790 gesta
912 2733 1065 2778 erant
1098 2725 1295 2793 capita,
1325 2732 1378 2780 et
1406 2723 1587 2777 omnia
1623 2722 1903 2792 desumpta
1931 2737 1995 2776 ex
2026 2720 2302 2777 veteribus
2332 2718 2602 2781 Patribus,
2636 2720 2848 2789 istaque
2872 2728 3025 2773 erant
3059 2719 3113 2773 in
3139 2734 3271 2773 voce
3305 2721 3697 2788 Ἀστρολογία,
3719 2732 3906 2792 utprz

680 2837 697 2865 α
736 2833 793 2873 se
818 2817 921 2872 l'ert
950 2820 1157 2884 titulus,
1191 2836 1314 2874 cum
1348 2822 1546 2877 titulo:
1581 2822 1704 2874 Ὅτι
1733 2822 1781 2873 εἰ
1803 2820 1941 2874 κατὰ
1973 2818 2308 2891 ἀστρολογίαπ

2274 2835 2325 2874 ιν
2356 2817 2424 2871 τὰ
2446 2817 2565 2871 καθ’
2583 2819 2748 2890 ἡμᾶς,
2765 2815 3082 2870 Ἀθανασίου
3111 2814 3514 2888 Ἀλεξανδρείας
3543 2818 3606 2870 ἐκ
3629 2817 3729 2887 τῆς
3762 2820 3902 2874 κατὰ

677 2928 695 2957 ε
736 2909 1008 2966 Ματϐαῖον
1044 2911 1245 2981 βίϐλου.
1284 2932 1302 2964 ι
1335 2909 1460 2967 llaec
1490 2916 1543 2967 in
1576 2913 1808 2983 epistola
1826 2912 2096 2968 Grodecii.

745 3000 851 3057 VII.
888 3002 971 3057 Ex
1009 3006 1146 3057 hisce
1170 3016 1341 3059 autem
1371 3023 1530 3060 unum
1558 3016 1654 3071 est,
1686 3008 1821 3077 quod
1861 3024 2115 3076 nusquam
2148 3015 2494 3060 memoratum
2532 3005 2852 3069 audivimus,
2890 3004 3123 3067 scilicet,
3161 3001 3584 3058 Commentarius
3619 3002 3901 3055 Athanasii

672 3094 727 3150 in
764 3093 984 3149 Cantica
1016 3094 1198 3150 Maria!
1224 3106 1277 3153 et
1304 3097 1489 3153 Mosis.
1524 3103 1636 3153 Hoc
1662 3097 1839 3153 auiem
1884 3099 2191 3169 opusculum
2229 3114 2599 3170 germanumne
2634 3099 2702 3150 sit
2757 3112 2819 3149 ex
2859 3095 2973 3149 sola
3002 3094 3221 3149 lectione
3250 3094 3527 3147 internosci
3553 3103 3748 3161 potest,
3780 3110 3899 3146 cum

671 3204 704 3239 ο
732 3187 898 3251 nullo,
932 3190 1069 3258 quod
1098 3191 1302 3260 quidem
1340 3199 1527 3257 norim,
1554 3196 1768 3263 antiquo
1802 3194 2078 3248 laudatum
2105 3193 2284 3262 fuerit.
2330 3192 2530 3248 Obnixe
2557 3207 2671 3246 vero
2700 3190 3079 3257 postulavimus
3118 3205 3176 3242 ea
3205 3188 3495 3241 transmitti
3530 3187 3676 3241 nobis
3706 3203 3823 3257 qua:
3842 3189 3899 3242 in

672 3280 1118 3336 lucubrationibus
1153 3288 1345 3337 nostris
1378 3286 1761 3352 desiderantur,
1796 3288 1884 3339 sed
1923 3304 2040 3341 cum
2072 3287 2251 3341 nullus
2292 3289 2414 3342 istic
2456 3287 2787 3340 amanuensis
2824 3284 3002 3339 Graece
3040 3282 3384 3337 transcribere
3419 3284 3604 3351 possit,
3644 3283 3775 3337 rotis
3805 3298 3899 3336 tto-

672 3375 797 3429 stris
820 3375 1026 3446 obsequi
1051 3378 1263 3431 minimc
1287 3381 1454 3447 potuit
1480 3382 1557 3434 vir
1585 3380 1917 3435 doctissimus
1963 3380 2309 3436 Muratorius.
2341 3382 2407 3435 Et
2442 3392 2696 3451 quantum
2728 3396 2963 3448 auguror
3000 3380 3325 3447 conjectura,
3358 3394 3462 3431 non
3500 3380 3636 3432 tanti
3668 3379 3900 3447 fortasse

670 3465 824 3525 pretii
845 3475 965 3520 sunt
998 3478 1187 3521 uetera
1216 3484 1233 3521 :
1266 3485 1387 3521 nam
1411 3470 1704 3540 fragmenta
1741 3472 1837 3523 illa
1876 3473 1928 3525 in
1961 3472 2127 3525 libros
2158 3470 2362 3541 Regum
2404 3480 2454 3524 et
2503 3472 2557 3525 in
2607 3470 2939 3533 Mattlneum,
2967 3486 3068 3523 non
3090 3485 3153 3522 ex
3186 3470 3443 3539 peculiari
3484 3471 3711 3541 quodam
3751 3488 3895 3525 com-

673 3563 927 3613 mentario
951 3563 1002 3613 in
1036 3562 1185 3614 hosce
1214 3561 1395 3623 libros,
1413 3565 1500 3616 sed
1526 3579 1589 3616 ex
1611 3565 1731 3616 aliis
1754 3581 1868 3632 qua:
1883 3564 1997 3633 jam
2022 3573 2228 3617 exstant
2252 3563 2528 3617 Athanasii
2552 3562 2789 3633 operibus
2816 3562 3045 3615 maxima
3066 3576 3187 3628 pars
3202 3562 3461 3630 exscripta
3481 3564 3643 3628 luere,
3666 3571 3725 3614 ut
3752 3562 3895 3630 infra

672 3664 958 3713 monemus,
989 3659 1038 3702 et
1064 3654 1383 3719 experientia
1420 3656 1883 3722 comprobavimus.
1922 3654 2286 3723 Expositioues
2314 3669 2489 3709 autem
2519 3655 2572 3709 in
2608 3653 2853 3709 Psalmos
2880 3651 3070 3707 eisdem
3102 3660 3354 3720 putantur
3380 3668 3491 3707 esse
3518 3668 3635 3721 qua:
3664 3662 3891 3707 nostra:

671 3744 907 3812 syuopsis
933 3760 1070 3810 vero,
1103 3760 1192 3797 seu
1219 3747 1578 3816 interpretatio
1621 3749 1714 3801 illa
1746 3765 1923 3802 uocum
1953 3749 2333 3803 Ilebraicarum
2372 3766 2487 3821 qua:
2527 3751 2582 3802 in
2626 3746 3038 3818 expositionibus
3069 3746 3347 3799 Athanasii
3386 3758 3592 3801 exstant
3617 3757 3674 3800 ut
3714 3749 3789 3801 vel
3827 3763 3894 3801 ex

669 3836 929 3904 prioribus
970 3838 1135 3890 verbis
1168 3841 1538 3893 ccstimandum
1574 3842 1905 3912 relinquitur,
1941 3843 2093 3896 nihili
2120 3854 2212 3897 est.
2257 3842 2333 3897 De
2365 3843 2576 3913 reliquis
2609 3843 2655 3894 si
2688 3841 2897 3911 quando
2924 3840 3089 3893 lucem
3127 3842 3350 3895 viderint
3373 3841 3635 3911 judicium
3669 3842 3887 3908 feretur.

740 3925 873 3979 VIII.
894 3927 972 3979 Ad
1003 3931 1201 3982 codices
1225 3930 1339 3998 jam
1357 3935 1620 3987 veniamus
1645 3934 1780 3987 unde
1800 3935 1893 3987 has
1920 3935 2195 3987 Athanasii
2216 3934 2562 4003 expositiones
2592 3934 2817 3986 mutuati
2842 3948 3021 3985 sumus
3047 3948 3064 3984 :
3097 3941 3199 3985 tres
3227 3930 3372 4001 Regii
3404 3942 3545 3996 sunt,
3572 3929 3707 3984 1807
3734 3932 3893 3984 nimi-

670 4034 809 4081 rum,
835 4034 982 4089 quem
1016 4018 1231 4088 Regium
1264 4023 1489 4088 primunt
1531 4035 1794 4084 vocamus,
1822 4020 1946 4091 Reg.
1978 4038 2095 4075 vero
2123 4022 2176 4083 2,
2213 4021 2370 4085 1878,
2400 4020 2525 4091 Reg.
2551 4022 2604 4086 5,
2635 4020 2792 4073 1879.
2832 4016 3020 4087 Regius
3060 4021 3262 4087 primus
3292 4029 3367 4073 est
3409 4029 3592 4073 catena
3627 4021 3891 4090 antiquis-

670 4116 806 4168 sima
843 4119 906 4169 ab
946 4118 1098 4169 annis
1141 4115 1258 4184 plus
1295 4116 1630 4185 septingentis
1662 4125 1931 4183 cxaratus,
1974 4118 2120 4171 bona:
2163 4129 2319 4171 notw.
2351 4116 2745 4171 Incommodum
2780 4126 2949 4168 tamen
2974 4115 3185 4180 accidit,
3217 4126 3273 4170 ut
3313 4117 3526 4171 nomina
3571 4117 3888 4185 scriptorum

674 4212 1006 4265 amanuensis
1050 4227 1274 4280 persa’pe
1322 4220 1535 4265 taceret.
1582 4208 1852 4264 Secundus
1886 4209 2008 4281 Reg.
2052 4214 2250 4285 egregie
2279 4214 2570 4281 descriptus
2603 4221 2652 4265 et
2680 4213 2823 4281 paris
2850 4212 3207 4282 antiquitatis,
3239 4213 3412 4265 minus
3444 4221 3616 4265 tamen
3644 4223 3888 4266 accurate
3948 4240 3951 4241 ν

670 4316 919 4367 exoratus
958 4309 1169 4360 nomina
1216 4317 1387 4360 tamen
1409 4308 1681 4377 diligenter
1710 4310 1945 4363 ascribit.
1976 4307 2202 4371 Tertius,
2230 4311 2319 4378 qui
2350 4310 2574 4363 mediam
2589 4308 2799 4361 secundi
2826 4318 3024 4375 partem
3054 4307 3431 4377 complectitur,
3461 4322 3632 4360 recens
3658 4316 3733 4361 est
3753 4316 3802 4360 et
3820 4322 3890 4361 ex

675 4404 895 4458 secundo
918 4406 1233 4475 exscriptus,
1258 4405 1470 4473 ideoque
1493 4421 1594 4458 non
1617 4408 1750 4458 tanti
1773 4422 1917 4459 usus.
1946 4405 2068 4460 Tres
2094 4409 2217 4461 item
2242 4405 2389 4462 Colb.
2409 4414 2551 4470 sunt,
2571 4403 2728 4471 444⁸5,
2752 4420 2901 4475 quem
2924 4405 3151 4470 primum
3173 4402 3320 4459 Colb.
3338 4403 3584 4467 dicimus,
3601 4401 3885 4457 secundum

673 4512 787 4549 sero
813 4497 986 4561 4182;
1021 4502 1228 4552 tertium
1261 4501 1312 4553 in
1350 4501 1483 4553 duas
1525 4508 1698 4569 partes
1728 4501 1974 4561 divisum,
2002 4518 2223 4571 quarum
2258 4503 2429 4569 prima
2465 4517 2732 4554 numerum
2761 4502 2953 4555 obtinet
2979 4501 3137 4559 4680.
3165 4501 3393 4554 secunda
3426 4516 3542 4554 vero
3568 4497 3731 4553 4681.
3760 4499 3856 4556 Col

671 4588 898 4643 bertinus
928 4601 1121 4648 autem.
1144 4606 1290 4659 quem
1316 4593 1541 4659 primum
1572 4591 1819 4653 dicimus,
1847 4590 2035 4644 librum
2064 4593 2133 4643 ad
2164 4590 2531 4645 Marcellinum
2573 4587 2647 4644 De
2672 4590 3112 4658 interpretatione
3134 4587 3474 4646 Psalmorum
3505 4600 3711 4643 tantum
3734 4590 3885 4644 exiti-

673 4682 773 4734 bet.
803 4678 1069 4734 Secundus
1096 4681 1373 4735 Athanasii
1399 4693 1447 4735 et
1483 4681 1789 4735 Theodoreti
1819 4683 2162 4751 expositiones
2200 4682 2252 4733 iu
2274 4680 2547 4740 Psalmos.
2573 4689 2750 4749 estque
2779 4680 2896 4753 plus
2928 4680 3030 4734 700
3057 4698 3313 4735 annorum
3342 4683 3576 4758 :Itertius
3599 4682 3883 4751 expositio-

672 4789 759 4829 nes
786 4778 908 4829 item
932 4774 1211 4831 Athanasii
1240 4794 1356 4831 cum
1385 4779 1647 4833 nonnullis
1677 4786 1983 4832 creterorum
2016 4777 2262 4839 Patrum,
2293 4778 2377 4830 hic
2409 4776 2608 4831 mendis
2632 4786 2816 4843 scatet,
2842 4780 3243 4848 quingentorum
3263 4779 3471 4831 circiter
3497 4794 3776 4834 annorum.

738 4862 943 4918 Harum
969 4869 1347 4937 expositionum
1372 4870 1661 4939 [ragmenta
1688 4876 1928 4943 quaedam
1952 4890 1984 4925 a
2018 4871 2232 4926 Daniele
2252 4870 2514 4934 Barbara,
2543 4872 2631 4939 qui
2666 4883 2843 4940 postea
2888 4873 3189 4939 patriarcha
3216 4873 3562 4943 Aquileiensis
3589 4874 3711 4939 fuit,
3738 4873 3881 4926 edita

669 4959 878 5025 {uerunt
919 4960 972 5013 in
1017 4971 1199 5013 catena
1235 4961 1458 5016 Patrum
1501 4963 1799 5019 ercorum
1823 4967 1874 5020 in
1906 4964 2173 5027 Psalmos,
2214 4964 2436 5020 Veneliis
2481 4982 2607 5019 cusa
2629 4982 2766 5019 anno
2795 4965 2954 5028 1569,
2987 4966 3076 5019 ubi
3111 4966 3180 5019 ad
3206 4967 3689 5037 quinquagesimum
3719 4984 3882 5038 usque

665 5057 923 5125 psalmum
951 5058 1210 5111 duntaxat
1238 5063 1583 5127 expositiones
1612 5066 1897 5116 ducuntur.
1924 5061 1990 5113 Et
2017 5064 2316 5115 accuratior
2342 5063 2546 5132 quidem
2575 5063 2626 5114 in
2656 5062 2833 5114 multis
2860 5073 2933 5114 est
2960 5059 3299 5118 Corderiana.
3327 5063 3463 5117 Hinc
3487 5081 3624 5118 anno
3650 5064 3780 5118 1601
3814 5080 3879 5119 ex

667 5161 853 5206 catena
881 5152 1416 5211 tV'icetceHeracleota:
1448 5153 1827 5213 Felckmaunus
1874 5168 2115 5227 excerpta
2155 5160 2400 5228 quedam
2441 5158 2607 5211 edidit
2633 5158 2979 5211 Athanasium
3026 5161 3335 5226 spectantia.
3379 5158 3649 5214 Postremo
3684 5160 3879 5216 Corde-

669 5248 776 5301 rius
802 5264 939 5301 anno
972 5249 1107 5303 1643
1132 5252 1473 5319 prolixiorem
1514 5264 1747 5307 catenam
1782 5254 2005 5308 Patrum
2036 5254 2339 5309 Grecorum
2384 5254 2437 5308 in
2479 5262 2651 5307 totum
2691 5252 3012 5307 Psalterium
3044 5253 3230 5316 edidit,
3260 5253 3428 5308 tribus
3460 5255 3614 5308 tomis
3644 5271 3879 5323 compre.

665 5345 894 5407 hensum,
929 5343 982 5398 in
1006 5363 1108 5417 qua
1137 5349 1266 5402 meai
1287 5365 1389 5402 non
1420 5353 1571 5417 pauci
1595 5361 1891 5405 occurrunt.
1921 5350 2109 5406 Nobile
2137 5360 2310 5404 autem
2335 5364 2409 5406 est
2434 5351 2564 5404 illud
2590 5360 2823 5404 erratum
2852 5351 2989 5420 quod
3014 5350 3355 5419 expositiones
3380 5346 3633 5402 Theodori
3653 5358 3701 5401 et
3722 5348 3880 5402 Thoo-

661 5435 830 5489 doreti
858 5436 1152 5492 Athanasio
1178 5440 1425 5495 ascribat.
1468 5436 1533 5491 Et
1564 5440 1793 5509 quidem,
1816 5451 1869 5494 ut
1891 5458 2231 5512 auguramur,
2259 5444 2368 5495 hac
2403 5442 2579 5511 lapsus
2612 5458 2768 5494 causa
2810 5442 2951 5510 fuit:
2985 5443 3335 5495 Amanuenses
3368 5438 3455 5492 ubi
3492 5442 3545 5493 in
3580 5442 3775 5493 catenis
3807 5442 3877 5494 ad

666 5527 946 5594 marginem
984 5527 1192 5580 nomina
1236 5530 1545 5597 scriptorum
1579 5540 1781 5596 notant,
1816 5533 2089 5586 Athanasii
2128 5549 2309 5587 nomen
2345 5533 2577 5586 iudicant
2618 5550 2708 5602 per
2737 5534 2965 5587 litteram
2991 5534 3053 5600 A,
3076 5537 3161 5588 cui
3190 5549 3476 5605 sequentem
3510 5535 3565 5589 iu
3598 5535 3875 5591 Athanasii

664 5620 887 5679 nomine,
913 5618 955 5670 Θ
988 5620 1186 5674 scilicet
1210 5624 1497 5691 imponunt.
1541 5624 1638 5679 Ubi
1669 5638 1838 5680 autem
1874 5628 2128 5682 Theodori
2158 5630 2308 5682 lectio
2330 5640 2424 5693 est,
2451 5632 2673 5697 primaut
2702 5630 2948 5684 similiter
2966 5629 3006 5681 Θ
3028 5630 3343 5695 describunt,
3369 5632 3453 5685 cui
3474 5633 3703 5686 litteram
3728 5635 3765 5685 Δ
3787 5632 3876 5689 dc-

665 5728 815 5777 super
839 5717 1103 5783 scribunt;
1136 5717 1243 5771 hwc
1278 5730 1448 5775 autem
1475 5722 1649 5777 littera
1679 5730 1729 5777 in
1750 5725 2012 5779 codicibus
2042 5727 2275 5793 proxime
2301 5729 2369 5781 ad
2396 5727 2625 5780 litteram
2655 5727 2695 5779 Α
2722 5727 2939 5789 accedit,
2978 5724 3063 5780 ubi
3096 5727 3256 5796 igitur
3286 5727 3414 5783 vidit
3452 5726 3517 5792 Α,
3547 5734 3601 5779 ut
3630 5724 3870 5797 putabat,

665 5810 898 5878 superius
958 5814 999 5863 Θ
1033 5830 1146 5867 vero
1176 5814 1392 5884 inferius
1423 5818 1661 5886 describi,
1703 5820 2043 5877 Athanasium
2072 5822 2151 5879 his
2181 5824 2467 5894 signiﬁcari
2503 5823 2792 5878 arbitratus
2823 5836 2920 5879 est.
