4122 6488
222 419 284 479 53
1116 421 1598 481 ARGUMENTUM
1637 423 1704 480 IN
1744 424 2076 481 PSALMOS.
2116 425 2548 484 -—MONITUM.
3371 431 3443 488 54

285 534 368 592 IX.
398 535 498 592 Hc
525 545 710 592 autem
739 536 1084 607 expositiones
1109 539 1291 594 multis
1323 543 1376 594 in
1403 541 1531 595 locis
1554 542 1824 609 de/iciunt,
1855 541 1982 612 quia
2012 539 2212 594 scilicet
2233 558 2573 596 amanuenscs
2596 558 2699 596 non
2725 545 2902 598 omnia
2929 547 3332 626 aescripserunt,
3351 550 3442 602 sed

220 629 457 698 pauciora
489 628 790 684 attulerunt
816 645 972 699 quam
997 631 1188 697 ferrent
1229 632 1512 687 Athanasii
1539 633 1762 688 codices.
1795 631 1936 686 Raro
1968 633 2132 686 evenit
2171 642 2229 686 ut
2273 635 2559 705 peregrinis
2586 635 3035 708 interpretationes
3065 655 3244 692 nomen
3277 638 3444 692 Atha-

221 720 348 772 uasii
372 719 688 788 praeferant,
718 721 772 774 id
802 722 975 791 quoad
1006 721 1232 791 facultas
1260 725 1379 777 tulit
1405 728 1474 778 ad
1508 727 1796 796 marginem
1819 726 2136 779 notavimus.
2165 722 2234 778 Et
2265 741 2390 780 sane
2421 725 2676 795 perfacile
2705 735 2781 779 est
2811 725 2865 776 in
2894 725 3032 777 hisce
3059 723 3252 792 stylurn
3276 723 3442 777 Atha-

221 815 342 866 nasii
369 816 744 881 internoscere,
781 826 891 870 tum
919 819 1043 887 quia
1082 820 1135 871 in
1168 830 1470 889 argumento
1512 821 1813 890 plenumque
1841 836 1932 873 ceu
1962 822 2210 889 synopsin
2245 821 2526 890 quamdam
2568 821 2726 874 totius
2753 818 2944 888 psalmi
2983 818 3044 872 ob
3071 817 3247 872 oculos
3275 818 3440 887 ponit,

220 913 266 960 et
290 908 488 976 quidem
540 924 670 962 mox
706 910 984 978 aﬂ'erendte
1015 913 1437 981 interpretationi
1483 915 1707 984 affinem,
1731 921 1789 966 ut
1821 913 1918 966 hac
1949 922 2144 967 tessera
2179 913 2337 983 facile
2371 914 2440 966 sit
2475 930 2593 968 vera
2616 930 2648 966 η
2672 912 2826 982 falsis
2851 925 3147 972 secernere;
3181 921 3291 962 tum
3318 909 3441 977 quia

223 1013 320 1055 tant
349 1006 683 1073 perspicuus,
720 1017 828 1059 tam
863 1008 1027 1062 brevis
1055 1020 1207 1079 atque
1238 1027 1445 1079 pressus
1467 1012 1519 1064 in
1560 1011 1699 1064 hisce
1727 1021 1802 1064 est
1826 1009 2168 1073 Athanasius,
2195 1019 2252 1062 ut
2280 1010 2378 1062 hac
2405 1011 2529 1062 item
2560 1011 2611 1062 in
2638 1015 2787 1077 parte
2809 1022 2840 1058 a
2869 1005 3069 1057 ca'tcris
3104 1002 3312 1072 perinde
3335 1003 3444 1054 dis-

224 1103 376 1170 tingui
402 1105 590 1172 possit.
625 1102 692 1157 In
725 1104 864 1157 hisce
893 1115 1066 1156 autem
1096 1102 1248 1172 vulgo
1302 1103 1610 1156 sententiam
1636 1104 1867 1170 exponit,
1916 1115 1974 1158 ut
2021 1115 2205 1159 vocant
2229 1105 2680 1173 spiritualem,ita
2699 1111 2755 1155 ut
2779 1098 2996 1153 Nicetas
3035 1101 3087 1151 in
3125 1106 3310 1151 catena
3347 1111 3442 1148 sua

226 1199 592 1253 Theodoretum
622 1217 720 1270 pro
750 1199 991 1266 litterati,
1025 1198 1375 1252 Athanasium
1403 1200 1510 1269 fere
1532 1215 1628 1267 pro
1658 1201 1921 1268 Spirituali
1955 1202 2164 1271 afferat.
2190 1201 2286 1256 Est
2320 1211 2492 1255 tamen
2512 1198 2654 1254 haud
2681 1215 2803 1253 raro
2826 1214 2943 1252 cum
2979 1196 3208 1250 litteram
3233 1195 3446 1264 attingit

221 1299 266 1344 et
286 1289 486 1360 quidem
516 1292 812 1345 rectissime
839 1292 909 1344 ad
946 1307 1158 1360 scopum
1187 1289 1484 1360 Prophette,
1513 1303 1569 1345 ut
1600 1309 1748 1347 nemo
1775 1309 1876 1346 non
1899 1296 2254 1348 mstimaturus
2277 1303 2375 1348 est.
2401 1294 2721 1363 Argumenta
2742 1291 3060 1362 psalmorum
3084 1287 3300 1340 maximi
3321 1301 3446 1340 sane

221 1387 362 1450 pretii
405 1396 550 1451 sunt,
582 1386 676 1440 ubi
721 1387 1002 1442 litteralem
1031 1388 1191 1441 etiam
1239 1403 1375 1456 stupe
1414 1396 1633 1440 mentem
1687 1387 1919 1455 apprime
1947 1395 1996 1439 et
2026 1395 2178 1440 acute
2217 1385 2384 1455 tangit
2428 1395 2707 1455 antequam
2735 1382 2804 1436 ad
2849 1378 3178 1451 spiritualem
3210 1375 3443 1430 accedat.

225 1478 396 1534 "ulla:
413 1480 500 1534 hic
523 1481 778 1536 lectiones
806 1483 1008 1552 Aquila!
1033 1491 1084 1536 et
1113 1482 1415 1552 Symmachi
1442 1491 1652 1536 exstant
1681 1483 1931 1536 hactenus
1959 1481 2302 1536 inobservata:
2326 1497 2358 1534 a
2390 1479 2580 1534 Drusio
2611 1489 2658 1532 et
2685 1478 2829 1531 aliis.

285 1574 373 1629 Est
423 1576 570 1632 locus
613 1579 808 1645 psalmi
834 1593 999 1644 vau,
1024 1596 1175 1649 quem
1203 1581 1431 1633 alituum
1470 1580 1794 1634 testimomus
1838 1588 1885 1634 et
1930 1589 2273 1633 commentum
2311 1577 2434 1638 olet,
2472 1575 2606 1629 illud
2635 1575 2832 1629 scilicet
2862 1572 2924 1625 de
2949 1568 3231 1624 calamoad
3245 1581 3445 1620 versum

222 1669 300 1724 3L
318 1671 436 1723 Alia
457 1671 697 1740 fortasse
711 1672 964 1726 nonnulla
981 1687 1083 1725 non
1105 1671 1376 1724 observata
1397 1688 1427 1724 a
1449 1672 1592 1724 nobis
1606 1671 1803 1739 fuerint
1817 1686 1932 1740 qum
1952 1669 2156 1724 erudito
2173 1668 2355 1722 lectori
2371 1665 2656 1736 supplenda
2673 1660 3071 1717 demandamus.
3089 1657 3238 1712 Psal.
3257 1671 3443 1717 an,

222 1778 266 1816 υ.
300 1763 382 1831 l7,
406 1766 616 1821 dicitur
647 1766 822 1821 Filius
850 1784 967 1820 cum
996 1766 1210 1820 Patrem
1237 1766 1318 1820 his
1352 1767 1518 1821 verbis
1554 1769 1958 1836 deprecaretur:
1982 1764 2246 1821 Transeat
2279 1779 2309 1818 a
2346 1777 2431 1816 me
2471 1761 2612 1816 calix
2651 1759 2771 1823 iste,
2810 1773 2911 1812 non
2942 1757 2996 1810 in
3022 1753 3309 1824 hypocrisi,
3344 1766 3447 1804 non

223 1863 274 1906 ut
299 1853 554 1910 Satanam
581 1859 837 1913 inescaret
867 1875 930 1912 ac
959 1859 1239 1928 deciperet,
1273 1874 1377 1910 non
1408 1858 1546 1924 quod
1576 1858 1757 1911 mundi
1790 1857 2105 1911 voluntatem
2133 1865 2191 1910 ut
2214 1855 2478 1924 propriam
2510 1853 2735 1922 efferret,
2761 1853 2838 1906 ita
2859 1851 3087 1905 locutum
3115 1849 3295 1918 fuisse.
3317 1846 3449 1911 Qui-

226 1938 310 1999 bus
334 1957 510 2015 aperte
536 1959 797 2020 repugnat
824 1950 1104 2016 explicatio
1139 1966 1255 2020 qute
1278 1957 1450 2004 exstat
1485 1951 1537 2002 in
1575 1949 1711 2003 libro
1744 1949 1819 2003 De
1847 1949 2094 2019 passione
2124 1947 2338 2002 Domini
2379 1956 2506 2001 tant.
2537 1943 2624 2009 IV,
2649 1960 2798 2015 quem
2837 1944 2976 1997 inter
3020 1950 3280 2011 suspectos
3307 1939 3448 1991 haud

223 2037 411 2105 injuria
439 2038 821 2110 ablegavimus.
851 2039 1068 2110 Argum.
1102 2039 1293 2108 psalmi
1316 2056 1419 2094 Lxx
1450 2041 1676 2110 primum
1723 2041 1818 2095 sub
1860 2039 2109 2095 Romanis
2143 2037 2592 2107 Jerosolymorum
2618 2036 2876 2090 excidium
2918 2042 3188 2097 memorat,
3211 2033 3337 2102 quia
3365 2046 3449 2086 se-

223 2136 438 2188 cundum
468 2137 601 2189 item
627 2153 659 2189 a
681 2135 927 2190 Romanis
957 2135 1164 2190 illatum
1189 2137 1290 2205 fuit
1319 2135 1412 2188 sub
1440 2137 1694 2190 Adriano.
1730 2135 1860 2191 Ha'c
1882 2137 1945 2190 de
1969 2133 2378 2205 expositionibus
2410 2134 2460 2186 in
2492 2130 2739 2186 Psalmos
2760 2131 2892 2185 satis
2919 2138 3095 2183 sunto.

287 2223 586 2280 Secundum
618 2226 753 2279 hanc
773 2226 1118 2294 conscriptam
1150 2224 1557 2280 admonitionem
1584 2225 1791 2279 litteras
1819 2225 1995 2292 accepi
2021 2224 2093 2278 cl.
2126 2221 2187 2277 V.
2204 2222 2424 2277 Antonii
2451 2220 2757 2284 Muratorii,
2780 2219 2870 2290 qui
2898 2234 3055 2270 manu
3083 2215 3298 2286 propria
3322 2215 3450 2270 mihi

223 2336 278 2374 ea
307 2322 582 2391 exscripsit
617 2323 675 2375 in
701 2321 975 2376 laudatum
998 2322 1428 2376 commentarium
1451 2321 1507 2375 in
1539 2321 1825 2376 Canticum
1853 2319 2034 2375 Mariae
2057 2318 2264 2375 sororis
2290 2315 2456 2372 Mosis
2484 2315 2808 2386 paucissima
2845 2327 2972 2366 sane
3005 2319 3064 2363 ut
3090 2309 3252 2363 vides.

289 2408 368 2463 En
389 2411 559 2480 igitur
582 2411 964 2466 Commentarii
993 2414 1160 2467 nostri
1191 2413 1447 2480 specimen
1474 2411 1528 2467 in
1550 2411 1834 2468 Canticum
1858 2408 2284 2467 Dcuteronomil.

287 2503 543 2575 Σημαίνει
571 2505 668 2558 καὶ
695 2505 828 2574 αὐτὴ
851 2504 946 2576 τὴν
984 2504 1250 2558 ἔκπτωσιν
1280 2503 1388 2557 τῶν
1416 2503 1676 2558 Ἰουδαίων
1715 2505 1807 2558 καὶ
1840 2503 1938 2574 τὴν
1966 2501 2272 2573 ἀγαθότητα
2311 2499 2403 2553 τοῦ
2432 2497 2585 2560 Θεοῦ,
2625 2497 2689 2567 ἣν
2721 2492 2985 2564 παρέσχεν
3007 2490 3206 2556 αὐτοῖς,
3238 2494 3329 2546 καὶ
3356 2491 3431 2564 ti]-

221 2596 517 2670 είσαγωγὴν
545 2597 658 2651 τῶν
683 2597 872 2652 ἐθνῶν.

224 2686 470 2758 Πρόσεχε,
501 2687 730 2757 οὓρανὲ,
751 2688 846 2751 καὶ
869 2685 1102 2759 λαλήσω,
1133 2687 1224 2742 καί
1234 2727 1247 2752 .
1275 2697 1369 2744 etc.

362 2780 522 2833 Ἐπεὶ
564 2779 705 2850 μέγα
726 2774 795 2851 ἦν
821 2779 883 2832 τὸ
912 2769 1261 2852 ςὲαράπτωμα
1295 2779 1597 2841 Ἰουδαίων,
1639 2777 1734 2830 καὶ
1766 2778 1822 2828 ἐν
1867 2775 2114 2845 οὐρανοῖς
2157 2773 2429 2844 μάρτυρες
2460 2773 2557 2841 οὐχ
2607 2769 2936 2842 εὑρίσκοντο,
2965 2773 3055 2828 τὸν
3087 2771 3334 2844 οὐρανὸν,
3364 2769 3457 2825 καὶ

353 2870 448 2940 τὴν
477 2869 594 2939 γῆν
613 2869 680 2923 τὰ
708 2868 917 2941 μεγάλα
945 2873 1180 2940 στοιχεῖα
1208 2869 1541 2942 μαρτύρεται
1569 2869 1597 2921 ὁ
1617 2866 1747 2931 Θεὸς
1767 2865 1855 2920 διὰ
1875 2865 1966 2918 τοῦ
2000 2865 2295 2936 προφήτου.

227 2989 638 3059 “pos-bonam.

290 3081 456 3147 Πολὺς
491 3082 607 3154 γὰρ
631 3081 708 3146 ὡς
732 3080 906 3145 ὑετὸς,
938 3080 1034 3134 καὶ
1061 3079 1350 3152 ὲπωφελὴς
1378 3082 1406 3133 ὁ
1425 3079 1580 3148 λόγος
1610 3077 1704 3133 τοῦ
1731 3078 1866 3132 Θεοῦ
1901 3079 2280 3150 κατεχόμενος.

231 3177 328 3231 Καὶ
348 3196 448 3232 κατ
456 3178 666 3250 ασήτω.

294 3275 444 3329 Μετὰ
473 3274 784 3346 πραότητος
819 3270 910 3322 καὶ
944 3269 1193 3339 ἡσυχίας.
1219 3268 1495 3320 τουτέστιν
1510 3267 1585 3330 ὡς
1599 3264 1802 3338 ὄμϐρος
1823 3265 1911 3318 ἔπ’
1932 3267 2225 3339 ἄγρωστιν,
2257 3269 2353 3324 καὶ
2381 3267 2457 3333 ὼς
2489 3268 2720 3339 νιφετός.

235 3366 353 3422 Post
375 3370 510 3424 duos
539 3367 674 3421 alios
710 3363 992 3418 versiculos
1022 3361 1267 3416 subditur
1288 3377 1307 3415 :
1338 3358 1545 3417 Desunt
1576 3361 1808 3431 reliqua,
1841 3371 1996 3433 atque
2020 3365 2104 3418 hic
2133 3365 2288 3434 ﬁnem
2311 3363 2659 3434 expositiones
2686 3364 3061 3420 Athanasiante
3080 3363 3290 3417 habent.

298 3464 378 3521 Ex
403 3461 799 3520 Commentario
835 3469 1008 3514 autem
1043 3467 1330 3513 memorato
1362 3458 1416 3513 in
1446 3455 1717 3524 Psalmos,
1747 3461 1946 3532 aliquot
1985 3462 2252 3520 clausulas
2285 3467 2612 3522 brevissimas
2652 3469 2847 3522 nostris
2874 3476 2956 3520 sat
2997 3464 3277 3521 dissimiles
3319 3461 3459 3516 misit

235 3560 469 3615 laudatus
503 3559 605 3623 vir,
636 3559 716 3612 ita
750 3567 806 3610 ut
836 3555 1104 3610 brevitatis
1125 3569 1287 3607 causa
1309 3568 1412 3606 non
1432 3553 1595 3621 possit
1615 3553 1882 3621 judicium
1915 3558 2042 3623 ferri
2063 3560 2318 3613 etedemne
2338 3559 2442 3614 sint
2468 3560 2577 3614 illa:
2602 3577 2664 3616 ac
2689 3561 3032 3630 expositiones
3056 3565 3268 3613 nostras.
3291 3553 3459 3620 Quid-

233 3655 348 3724 quid
387 3657 600 3711 tandem
623 3656 719 3718 sit,
745 3669 862 3706 cum
885 3651 1174 3721 satpissime
1204 3658 1398 3704 nostra:
1422 3649 1487 3702 ab
1521 3652 1821 3706 auctoribus
1849 3652 2134 3710 laudentur
2157 3656 2438 3712 Athanasii
2462 3659 2689 3724 nomine,
2723 3659 2840 3713 hinc
2865 3657 3161 3728 conﬁcitur,
3184 3655 3326 3722 ipsas
3357 3666 3464 3706 non

237 3765 344 3806 vero
363 3752 495 3808 alias
522 3767 639 3807 esse
667 3764 944 3820 germanas
967 3746 1248 3801 Athanasii
1273 3746 1640 3815 expositiones.

1503 4113 2195 4208 ADMONITIO

455 4325 532 4386 In
570 4321 1032 4399 Argumentum
1065 4306 1393 4373 Athanasii
1424 4308 1492 4370 in
1525 4307 1926 4382 Psalterium,
1968 4313 2028 4369 et
2053 4307 2120 4368 in
2149 4305 2592 4386 supplementa
2621 4305 3081 4389 subsequentia
3111 4311 3220 4392 (α),

1799 4483 1866 4494 —-

309 4643 492 4698 Prodit
537 4641 803 4712 egregium
845 4640 899 4692 in
944 4637 1185 4691 Psalmos
1236 4636 1612 4705 Argumentum
1656 4646 1721 4685 ex
1762 4629 1937 4684 codice
1967 4628 2293 4683 bibliotheca:
2341 4626 2706 4682 Ambrosianc
2733 4629 3122 4683 membranaceo
3156 4642 3212 4683 χι
3256 4629 3460 4698 swculi,

241 4740 444 4808 optimc
479 4748 621 4792 nota:
648 4751 667 4791 .°
698 4737 850 4804 cujus
876 4734 1083 4805 singula
1115 4732 1260 4785 dicta
1293 4730 1558 4801 judicium
1601 4727 1945 4798 peritiamque
1985 4725 2258 4794 scriptoris
2297 4732 2542 4794 arguunt.
2586 4722 2810 4779 Orditur
2859 4734 3033 4779 autem
3068 4722 3387 4780 Athanasius
3429 4743 3464 4779 a

247 4833 576 4891 Psalmorum
619 4835 823 4897 ordine,
868 4847 1088 4902 quorum
1135 4827 1495 4899 perturbatam
1543 4825 1731 4880 seriem
1772 4838 2111 4893 promanasse
2154 4828 2307 4891 putat
2348 4835 2412 4874 ex
2446 4817 2757 4875 ludtzorum
2792 4819 3002 4873 incuria
3043 4829 3092 4873 et
3127 4819 3460 4890 negligentia.

244 4928 483 4984 Paternis
523 4929 714 4999 quippe
742 4926 992 4996 despectis
1024 4926 1244 4994 legibus,
1276 4924 1662 4992 inclinanteque
1688 4921 1757 4974 ad
1783 4919 2190 4974 simulacrorum
2220 4917 2419 4970 cultum
2442 4916 2638 4982 animo,
2675 4915 2836 4969 libros
2869 4930 2932 4968 ac
2972 4915 3248 4985 scriptores
3276 4915 3463 4984 priscae

244 5026 511 5097 religionis
552 5026 854 5093 interpretes
894 5021 1379 5093 pessumdedernnt,
1423 5021 1501 5073 ita
1532 5030 1584 5072 ut
1620 5016 1773 5071 multi
1800 5015 1920 5069 hinc
1949 5015 2071 5068 inde
2095 5013 2342 5067 distracti
2375 5028 2437 5065 ac
2466 5019 2718 5065 vetustate
2755 5025 2881 5079 pene
2913 5008 3086 5064 obruti
3115 5011 3241 5076 sint,
3271 5025 3463 5080 magna

241 5135 360 5187 pars
389 5118 555 5172 etiam
586 5131 802 5185 prorsus
833 5114 1146 5168 interierint.
1175 5109 1281 5166 Sub
1312 5110 1421 5165 lucc
1457 5125 1631 5163 autem
1672 5123 1788 5160 cum
1815 5107 1872 5160 in
1916 5119 2118 5174 poenam
2145 5102 2422 5168 scelerum,
2450 5099 2630 5154 multis
2659 5100 2831 5154 attriti
2863 5098 3122 5164 cladibus,
3152 5103 3209 5153 in
3236 5098 3466 5169 Babylo-

242 5215 380 5266 niam
410 5213 668 5264 victorum
685 5207 843 5277 jussu
880 5206 1365 5276 transmigrassent,
1409 5203 1620 5274 quidam
1664 5201 1800 5254 inter
1830 5214 1917 5253 eos
1959 5195 2209 5266 propheta
2259 5211 2437 5248 sacros
2468 5193 2630 5248 libros
2662 5191 2938 5262 colligendi
2982 5206 3162 5244 curam
3197 5192 3465 5260 suscepit:

239 5319 364 5372 quos
405 5302 498 5356 ille
526 5300 606 5354 uti
636 5316 746 5354 sese
779 5299 1000 5362 dabant,
1032 5306 1309 5367 partesque
1340 5295 1578 5366 singulas
1606 5294 1686 5347 uti
1706 5293 1875 5362 primo
1909 5291 2272 5352 occurrebant,
2303 5304 2394 5342 nec
2437 5288 2612 5341 nativo
2643 5286 2842 5353 ordine,
2874 5285 3109 5356 digessit.
3147 5281 3286 5338 Hinc
3310 5281 3472 5338 Psal-

241 5413 443 5450 morum
476 5396 574 5450 illa
615 5395 875 5462 confusio,
911 5395 1032 5447 hinc
1077 5394 1230 5448 seriei
1275 5392 1595 5461 perturbatio
1643 5393 1832 5444 oritur.
1875 5388 2004 5444 Haec
2044 5403 2162 5441 vero
2209 5400 2274 5440 ex
2309 5384 2531 5440 Eusebio
2574 5392 2844 5438 mutuatus
2882 5383 3086 5436 videtur
3124 5380 3467 5445 Athanasius,

242 5492 388 5560 cujus
429 5492 592 5546 etiam
626 5491 780 5544 verba
806 5489 1108 5559 plerumque
1154 5489 1478 5542 transcribit.
1528 5485 1594 5541 In
1637 5487 1733 5542 hoc
1769 5496 1939 5542 tamen
1975 5486 2194 5556 paulum
2237 5485 2429 5549 uariat,
2460 5483 2596 5552 quod
2640 5481 3001 5535 restaurandte
3033 5477 3320 5548 Scriptura:
3349 5491 3471 5546 0pc-

243 5597 379 5648 ram,
423 5598 583 5654 quam
623 5579 880 5635 Eusebius
910 5580 974 5633 ab
1007 5579 1182 5633 Esdra
1215 5588 1508 5648 susceptam
1531 5579 1628 5642 ait,
1663 5579 1773 5648 ipse
1801 5579 1961 5632 alicui
1991 5575 2382 5646 prophetarum,
2414 5573 2558 5626 nullo
2579 5571 2848 5640 speciatim
2881 5577 3193 5631 memorato,
3220 5566 3470 5636 assignet.

306 5699 374 5759 (ο)
397 5696 510 5746 nec
531 5701 645 5760 post
664 5693 932 5760 absolutam
955 5693 1219 5744 Maurinam
1248 5694 1514 5760 editionem
1556 5691 1739 5755 publici
1774 5693 1896 5755 juris
1938 5689 2054 5760 fecit
2079 5687 2552 5760 MAontlsuconiusjn
2576 5686 2717 5760 Nova
2747 5681 3036 5760 Bibliotheca
3065 5684 3288 5760 Patrum:
3312 5683 3474 5760 Argo;

246 5745 853 5808 mtiniumin'l‘sslterium
884 5769 992 5806 mox
1017 5761 1265 5818 sequitur;
1287 5745 1631 5818 supplementa
1660 5745 1860 5806 vero'ex
1894 5755 2061 5804 codice
2103 5750 2421 5802 Ambrosiano
2459 5751 2746 5812 deprompta
2784 5745 3111 5798 distinctionis
3153 5758 3294 5796 causa
3338 5745 3475 5795 unci‘l

245 5823 565 5872 conclusimus
589 5827 642 5871 et
663 5821 816 5884 priori
839 5821 993 5870 textui
1015 5820 1324 5869 lnscrulmus.
1350 5820 1478 5866 Eutr.
