4122 6488
666 401 735 456 55
1504 403 1561 457 S.
1604 399 1979 455 ATHA‘NASII
2020 399 2170 455 OPP.
2211 398 2392 454 PARS
2433 398 2517 454 ΠΙ.
2559 430 2629 441 -—-
2669 399 3078 455 EXECETICA.
3835 400 3900 456 56

664 520 796 581 Qua:
830 518 892 572 de
929 518 1266 575 Psalinorum
1311 519 1613 572 auctoribus
1645 530 1822 587 postea
1851 519 2120 581 dicuntur,
2168 532 2421 573 accurata
2463 536 2588 573 sane
2616 530 2664 573 et
2702 522 2905 574 erudite
2937 521 3226 588 proposita,
3275 536 3516 591 magnam
3545 521 3733 574 habent
3783 535 3902 574 cuin

664 611 906 682 Origenis
941 613 1211 681 opusculo,
1243 631 1274 667 a
1308 615 1454 667 nobis
1503 616 1799 683 propediem
1825 615 2021 667 edendo
2057 614 2154 683 (a),
2195 618 2516 684 affinitatem.
2566 619 2940 686 Argumentum
2974 634 3130 685 porro
3160 635 3313 672 suum
3344 620 3695 689 pulcherrima
3716 621 3902 673 admo-

660 705 855 758 nitione
895 705 1093 757 claudit
1142 705 1465 760 Athanasius
1493 745 1509 770 ,
1555 705 1644 759 ubi
1691 723 1793 775 qua
1835 717 2001 760 mente
2036 705 2238 760 Psalmi
2275 710 2382 762 sint
2434 710 2665 779 legendi,
2711 719 2913 762 ascetas
2972 709 3262 778 alloquens,
3313 710 3410 763 etsi
3437 711 3649 779 paucis,
3702 711 3900 779 egregie

657 804 832 848 tamen
874 795 1134 849 edisserit.

729 886 1096 956 Supplementa
1129 887 1534 958 Expositionum
1565 891 1619 943 in
1668 888 1932 955 Psalmos,
1968 908 2032 946 ea:
2075 891 2252 946 codice
2287 895 2324 947 Α
2356 895 2676 957 mbrosiano,
2703 893 2828 947 dum
2855 892 3144 948 Mediolani
3175 909 3464 964 ageremus,
3505 893 3894 961 exscripsimus.

657 977 855 1049 Estque
900 980 1060 1032 codex
1092 981 1181 1034 ille
1217 997 1411 1044 recens,
1439 983 1503 1035 ab
1533 985 1828 1054 antiquiore
1864 982 2186 1041 Scorialensi
2227 986 2555 1055 desumptus.
2603 985 2767 1052 Nam,
2803 995 2861 1038 ut
2909 987 2962 1039 in
3004 986 3286 1040 Athanasii
3316 986 3482 1048 edito,
3517 1002 3548 1037 a
3581 985 3726 1038 nobis
3757 985 3899 1038 haud

657 1072 732 1124 ita
759 1074 957 1141 pridem
983 1079 1262 1137 adornata,
1299 1077 1595 1130 monuimus
1629 1076 1834 1147 (supra,
1889 1078 1993 1132 col.
2035 1078 2160 1147 55).
2201 1076 2570 1147 Expositiones
2599 1079 2708 1132 illa:
2753 1079 3058 1142 Athanasii,
3099 1095 3201 1132 non
3235 1078 3475 1131 onmibus
3515 1078 3624 1129 suis
3657 1075 3896 1144 partibus

654 1174 702 1217 et
740 1168 968 1220 numeris
999 1168 1253 1222 absoluta:
1281 1181 1423 1234 sunt,
1468 1172 1557 1224 sed
1586 1173 1984 1226 amanuensium
2012 1173 2229 1226 ausibus
2264 1175 2462 1242 passim
2500 1184 2760 1228 truncata:
2795 1184 2843 1226 et
2873 1175 2926 1225 in
2965 1174 3325 1242 compendium
3357 1173 3581 1226 redacta:
3611 1187 3629 1224 :
3655 1172 3894 1238 quadam

653 1258 810 1309 e:iam
848 1273 911 1310 ex
937 1261 1132 1312 catenis
1159 1272 1344 1314 erutte.
1386 1259 1538 1314 Nihil
1585 1279 1760 1316 moror
1790 1265 2098 1332 scriptorem
2141 1281 2417 1328 nuperum,
2446 1266 2536 1334 qui
2568 1264 2936 1333 Expositiones
2961 1265 3084 1318 illas
3118 1265 3171 1316 in
3197 1263 3435 1318 Psalmos
3469 1279 3568 1316 non
3593 1279 3701 1316 esse
3732 1263 3899 1315 Atha-

655 1349 790 1403 nasii
829 1367 1123 1420 prapopere
1155 1356 1532 1421 pronuntiavit,
1578 1357 1666 1409 sed
1709 1357 1857 1410 nulla
1899 1357 2077 1410 oblata
2110 1359 2331 1428 negandi
2388 1361 2612 1412 ratione.
2666 1357 2818 1411 Nihil
2888 1359 2978 1412 ille
3022 1359 3247 1424 curavit,
3285 1359 3388 1411 imo
3439 1360 3614 1428 potius
3643 1356 3898 1410 dissimu-

654 1442 800 1502 lavit,
825 1442 921 1495 hoc
943 1447 1110 1512 operis
1129 1448 1366 1502 omnibus
1407 1460 1524 1518 post
1551 1452 1906 1504 Athanasium
1949 1454 2179 1519 sa’culis,
2219 1454 2497 1508 Athanasii
2526 1455 2753 1516 nomine,
2793 1454 2975 1508 allatis
2997 1455 3298 1525 plerumque
3320 1453 3448 1509 locis
3483 1466 3533 1508 ut
3569 1455 3622 1507 in
3648 1452 3897 1506 hodierno

655 1533 1039 1589 Connuentario
1063 1548 1305 1603 exstant,
1349 1558 1380 1592 a
1428 1542 1687 1612 plerisque
1735 1546 2082 1613 scriptoribus
2122 1563 2350 1600 ntemora
2367 1549 2410 1600 ri
2443 1563 2459 1600 :
2492 1547 2624 1600 nihil
2661 1548 2814 1601 movit
2847 1549 3073 1616 affinitas
3110 1548 3262 1618 styli,
3310 1549 3558 1618 verbaque
3603 1546 3895 1616 frequentia

654 1632 1001 1689 Athanasium
1032 1653 1176 1701 usus,
1210 1641 1341 1694 nihil
1372 1645 1609 1696 codicum
1646 1648 1782 1699 unde
1805 1649 2111 1717 prodierunt
2145 1659 2372 1704 vetustas
2402 1667 2420 1705 :
2449 1667 2568 1721 qua!
2595 1668 2720 1705 sane
2753 1661 2999 1704 accurato
3027 1647 3250 1710 censori,
3277 1653 3553 1714 antequam
3582 1643 3893 1696 sententiam

653 1725 840 1796 ferret,
873 1732 1009 1784 serio
1040 1743 1186 1785 erant
1226 1737 1558 1790 excutienda.
1601 1736 1786 1791 Verum
1830 1739 1917 1792 ille
1980 1743 2158 1794 nasuti
2195 1759 2247 1796 se
2287 1744 2459 1796 critici
2487 1753 2662 1812 partes
2701 1744 2865 1812 egisse
2905 1741 3132 1810 putavit,
3193 1753 3332 1799 cum,
3389 1737 3551 1787 missa
3596 1733 3896 1802 importuna

651 1818 746 1871 illa
782 1821 1128 1892 investigandi
1160 1835 1206 1878 et
1238 1827 1557 1896 disquirendt
1590 1848 1765 1900 opera,
1792 1833 2154 1887 incunctanter
2179 1837 2558 1903 pronuntiavit,
2592 1833 2708 1888 Non
2754 1845 2881 1888 sunt
2905 1831 3202 1886 Athanasii.
3241 1827 3340 1884 Cui
3366 1844 3458 1882 nos
3483 1827 3600 1897 pari
3631 1825 3896 1896 facilitate

652 1917 972 1982 reponimus,
1004 1918 1135 1972 Sunt
1169 1923 1447 1977 Athanasii
1482 1943 1494 1977 :
1524 1942 1555 1977 a
1577 1942 1757 1995 quare
1785 1929 1952 1985 denuo
1977 1931 2363 2000 comprobanda
2387 1947 2479 1983 nos
2515 1930 2774 1994 exemisti,
2799 1929 2832 1981 d
2853 1945 2940 1981 um
2973 1927 3105 1980 nihil
3138 1926 3294 1993 affers
3329 1939 3428 1992 quo
3459 1930 3530 1974 tot
3566 1921 3886 1988 scriptorum

653 2007 971 2069 testimonia,
1001 2021 1171 2080 totque
1197 2014 1304 2066 alia
1343 2018 1693 2088 γνησιὸτητος
1720 2034 2024 2090 argumenta
2050 2026 2329 2078 convellas.
2373 2023 2539 2077 Nemo
2569 2040 2693 2077 sane
2732 2022 2880 2076 nobis
2917 2022 3092 2076 dicam
3129 2020 3404 2088 impingat,
3430 2015 3566 2084 quod
3601 2029 3664 2066 ea:
3695 2013 3890 2080 affectu

653 2098 728 2156 vel
758 2101 1104 2168 prtrjudicatu
1139 2108 1377 2172 opinione
1413 2111 1595 2175 spuria
1635 2113 1710 2164 vel
1739 2113 1899 2166 dubia
1944 2131 2098 2182 opera
2127 2132 2219 2183 pro
2249 2115 2509 2184 germanis
2546 2123 2594 2167 et
2633 2115 2846 2166 assertis
2900 2113 3197 2165 dederimus
3229 2124 3246 2160 :
3277 2125 3398 2163 nam
3431 2123 3525 2176 pro
3555 2105 3714 2166 virili.
3739 2113 3787 2157 el
3822 2111 3879 2156 ιιι

652 2197 788 2264 a-qni
823 2198 957 2248 ratio
997 2201 1325 2266 postulabat,
1365 2205 1575 2267 νοθείας
1603 2207 1678 2259 vel
1719 2210 2073 2283 γνησιότητος
2101 2222 2250 2264 notas
2287 2213 2576 2281 quibusque
2614 2211 3006 2278 prtcmisimus:
3044 2226 3105 2262 ac
3135 2209 3256 2261 licet
3289 2206 3469 2273 cuique
3501 2203 3720 2256 liberum
3757 2217 3876 2255 sen-

653 2291 830 2344 lentim
867 2293 1141 2346 adversum
1175 2312 1266 2349 nos
1295 2299 1521 2366 ferendw
1569 2304 1848 2356 arbitrium
1880 2309 2148 2360 mittamus
2174 2350 2188 2374 ,
2229 2309 2272 2361 si
2308 2309 2424 2378 quis
2473 2318 2646 2360 tamen
2683 2307 2816 2359 hanc
2846 2306 3165 2375 provinciam
3197 2305 3370 2367 adeat,
3409 2301 3614 2354 nonnisi
3638 2297 3873 2352 excussis

651 2386 972 2451 argumentis
999 2398 1046 2440 et
1080 2394 1238 2451 uotis,
1269 2410 1397 2459 quas
1423 2411 1514 2463 pro
1544 2397 1799 2465 facultate
1838 2405 2149 2457 tractatibus
2187 2404 2411 2472 singulis
2455 2405 2842 2472 prarinisimns,
2870 2402 3070 2471 judicis
3112 2410 3159 2454 et
3195 2397 3424 2453 censoris
3457 2405 3632 2465 partes
3667 2402 3879 2462 occupet

720 2473 988 2531 Lectorem
1020 2498 1224 2536 mouere
1247 2485 1418 2552 juvat,
1465 2487 1914 2542 Commentariunt
1955 2493 2119 2544 alium
2147 2494 2429 2546 Athanasii
2461 2496 2665 2547 nomine
2698 2494 2822 2560 ferri
2857 2495 2907 2544 in
2940 2490 3246 2544 bibliotheca
3279 2486 3584 2541 Iustiniano
3621 2483 3869 2543 Venetiis,

652 2570 802 2640 inque
831 2572 1176 2628 Ambrosiana
1210 2577 1515 2642 Mediolani,
1552 2598 1768 2649 prorsus
1811 2584 2072 2636 diversum
2107 2584 2168 2636 ab
2204 2623 2205 2630 η

2307 2598 2363 2647 ‘o,
2411 2586 2560 2654 cujus
2599 2585 2810 2638 initium
2839 2601 2856 2636 .·
2883 2585 2946 2635 Ἠ
2986 2584 3082 2652 μὲν
3126 2581 3428 2654 προφητεία
3463 2578 3762 2650 πληροῦται
3804 2579 3884 2640 είς

649 2663 740 2715 τὸν
795 2664 989 2733 Ἰωσὴρ
1013 2666 1101 2719 τὸν
1145 2669 1512 2738 ’Λριμαθαῐον.
1568 2672 1668 2727 Sed
1715 2691 1831 2726 cum
1872 2692 1902 2728 a
1940 2676 2140 2727 nemine
2183 2692 2205 2728 s

2307 2689 2499 2730 uorum
2535 2683 2867 2740 memoretur,
2913 2673 2988 2726 vel
3039 2674 3254 2728 alterius
3288 2683 3463 2725 nostro
3492 2671 3697 2742 gentilis
3733 2685 3862 2738 Opus

649 2757 826 2826 fuerit,
873 2756 948 2810 vel
985 2758 1336 2813 Athanasium
1367 2761 1516 2815 illum
1555 2780 1798 2835 magnum
1840 2770 2139 2820 ementitur.

719 2976 985 3033 SANCTI

749 3048 1296 3174 ῗιιόιὲχΑΝωιιΜι,
1325 3043 1841 3113 Αιξιλωιωτωι
1877 3061 1964 3115 IN
1993 3043 2208 3120 PSA);-

718 3233 775 3289 ιιι
811 3234 1072 3293 llebraico
1105 3239 1244 3294 libro
1271 3239 1633 3306 Psalmorum,
1666 3246 1781 3299 sine
1815 3250 2026 3302 numeri
2054 3251 2208 3304 addi-

648 3329 795 3382 tione
839 3346 1029 3386 omnes
1078 3332 1270 3400 psalmi
1345 3334 1586 3403 inscripti
1627 3346 1788 3401 sunt,
1843 3347 2002 3408 atque
2045 3342 2211 3397 variis

649 3420 844 3475 modis.
900 3420 1004 3476 Alii
1055 3423 1272 3492 quidem
1319 3439 1424 3478 una
1470 3425 1667 3494 juncti,
1725 3429 1814 3482 alii
1870 3431 2027 3486 divisi
2062 3442 2207 3488 sunt.

650 3514 840 3569 Statim
863 3515 1059 3585 quippe
1098 3515 1164 3568 ab
1189 3515 1340 3570 initio
1361 3518 1564 3586 primus
1592 3529 1646 3573 et
1671 3523 1942 3578 secundus
1979 3524 2029 3577 in
2061 3534 2208 3578 textu

648 3607 911 3662 llehraico
952 3608 1303 3676 copulantur;
1341 3620 1524 3663 contra
1559 3627 1688 3664 vero
1714 3629 1908 3678 nouns,
1943 3616 2033 3684 qui
2066 3618 2208 3686 apud

648 3714 746 3754 nos
774 3700 1096 3765 coniunctus
1123 3709 1222 3762 est,
1275 3701 1326 3752 in
1366 3700 1626 3758 llebraico
1677 3715 1820 3761 textu
1852 3707 2109 3762 dividitur
2155 3711 2206 3764 in

646 3790 802 3843 duos.
852 3788 1022 3844 Totus
1067 3804 1230 3858 porro
1276 3789 1614 3847 l‘sahnorum
1676 3795 1809 3849 liber
1860 3796 1912 3849 in
1968 3799 2210 3867 quinque

646 3889 827 3949 partes
858 3880 1181 3934 distributus
1215 3890 1311 3937 est.
1367 3881 1774 3939 Observandum
1807 3896 1887 3939 est
1911 3897 2086 3941 autem
2119 3903 2210 3940 or-

646 3972 826 4025 dinem
876 3972 1206 4040 psalmorum
1270 3991 1610 4044 nequzgquam
1649 3976 1888 4031 historiae
1917 3988 1968 4031 et
1999 3989 2209 4048 tempo-

649 4078 767 4115 rnm
801 4064 995 4117 seriem
1048 4076 1100 4118 et
1160 4067 1422 4119 rationem
1468 4075 1680 4128 tenere;
1723 4084 1903 4123 verum
1937 4070 1990 4123 in
2023 4073 2207 4127 multis

646 4155 842 4208 mutari
886 4164 1186 4225 temporum
1235 4158 1500 4222 ordinem,
1538 4169 1597 4212 ut
1650 4172 2043 4217 commonstrat
2075 4164 2208 4218 liber

649 4243 982 4315 Regnorum,
1027 4248 1162 4302 Cum
1197 4249 1341 4304 enim
1383 4248 1644 4305 Judaieus
1674 4254 1908 4322 populus
1938 4255 2204 4310 idolorum

1095 2981 2207 3060 hrum/isti_j__4acnttamscom
2239 3005 2281 3060 Α

2317 2999 2455 3052 ΤΟΥ
2475 2997 2642 3047 ΑΓΙΟ
2654 2999 2698 3048 Υ
2715 3001 2753 3049 Λ
2765 2997 3100 3050 ΘᾹΛἈΣΙΟΥ
3123 2991 3698 3046 ΑΡΧῙΕΠΙΣΚΟΠΟΥ
3718 2987 3892 3042 ΑΔΕ·-

2378 3066 2791 3120 ΞΛΝΔΡΕΙΑΣ
2869 3065 3228 3118 ΥΠΟΘΕΣΙΣ
3290 3060 3418 3116 ΕΙΣ
3482 3063 3658 3116 ΤΟΥΣ
3710 3061 3890 3114 ΨΑΛ-

2378 3137 2593 3190 ΜΟΥΣ.

2392 3249 2479 3302 Ἐν
2507 3251 2570 3318 τῇ
2621 3247 2874 3318 Ἐὅραῖκῇ
2906 3246 3069 3316 βίϐλῳ
3095 3245 3201 3299 τῶν
3229 3243 3472 3314 Ψαλμῶν
3498 3245 3624 3299 ἄνευ
3658 3245 3756 3314 τῆς
3794 3243 3888 3297 τοῦ

2310 3337 2542 3409 ἀριθμοῦ
2575 3337 2886 3407 προσθήκης
2919 3336 3304 3408 ἀνεγράφησαν
3331 3337 3379 3387 οἱ
3416 3335 3613 3398 πάντες
3642 3335 3735 3393 καὶ⁸
3771 3333 3887 3387 δια-

2310 3431 2488 3500 φόρως
2509 3445 2522 3458 '
2563 3430 2612 3481 οἱ
2651 3428 2747 3497 μέν
2774 3430 2876 3480 εἰσι
2901 3428 3250 3496 συνημμένοι,
3275 3429 3323 3479 οί
3348 3427 3401 3480 δὲ
3423 3426 3758 3500 διῃρημένοι.
3784 3426 3890 3478 Λύ-

2307 3524 2434 3576 τίκα
2464 3520 2593 3590 γοῦν
2628 3522 2656 3574 ὁ
2698 3521 2909 3591 πρῶτος
2935 3520 3027 3572 καὶ
3054 3521 3081 3572 ὁ
3109 3519 3356 3590 δεύτερος
3390 3520 3528 3573 κατὰ
3557 3520 3623 3571 τὸ
3672 3519 3885 3589 Ἑϐραῖς

2310 3613 2402 3667 κὸν
2423 3611 2754 3683 συνημμένοι
2772 3629 2783 3642 ·
2822 3612 2915 3664 καὶ
2944 3611 3102 3664 πάλιν
3121 3614 3148 3664 ὁ
3170 3611 3372 3674 ἔνατος,
3394 3612 3732 3682 συνημμένος
3757 3609 3888 3684 παρ’

2309 3707 2460 3775 ἡμῖν,
2495 3707 2551 3758 ὲν
2579 3705 2656 3774 τῷ
2697 3704 2964 3775 Ἐϐραῖκῴ
2995 3704 3242 3774 διῄρηται
3297 3707 3376 3769 εἰς
3422 3703 3533 3758 δύο.
3600 3705 3704 3758 Καὶ
3737 3707 3887 3758 πᾶσα

2307 3795 2362 3848 δὲ
2397 3798 2428 3866 ἡ
2457 3796 2560 3847 τῶν
2595 3796 2837 3865 Ψαλμῶν
2871 3795 3048 3863 βίϐλος
3099 3798 3176 3858 είς
3229 3796 3370 3866 μέρη
3421 3797 3579 3848 πέντε
3611 3796 3883 3867 διῄρηται.

2310 3887 2730 3958 Παρατηριςτέον
2761 3887 2814 3938 δὲ
2839 3925 2852 3948 ,
2888 3887 2968 3938 ὅτι
3005 3885 3077 3956 μὴ
3112 3886 3251 3938 κατὰ
3295 3886 3608 3940 ἀκολουθίαν
3645 3887 3751 3939 τῶν
3784 3887 3886 3957 τῆς

2311 3978 2549 4049 ἱστορίας
2567 3979 2769 4048 χρόνων
2793 3979 2824 4047 ἡ
2848 3975 2951 4029 τῶν
2968 3977 3211 4046 Ψαλμῶν
3237 3976 3514 4044 σύγκειται
3533 3977 3685 4043 τάξις
3707 3995 3716 4005 ·
3742 3978 3888 4048 ἐνήλ-

2307 4064 2502 4118 λακται
2536 4065 2592 4116 δὲ
2621 4065 2767 4134 παρὰ
2792 4064 3000 4126 πολλοῖς
3029 4069 3142 4128 τοῖς
3169 4065 3400 4135 χρόνοις,
3427 4065 3551 4136 ὼςὴ
3578 4066 3756 4136 βίϐλος
3779 4067 3886 4120 τῶν

2308 4156 2598 4208 Βασιλειῶν
2630 4154 2793 4226 δηλοῖ.
2857 4155 3062 4225 Πολλῆς
3095 4157 3203 4225 γὰρ
3242 4155 3682 4227 είδωλολατρείας
3719 4174 3886 4211 κατα·-

2307 4246 2658 4316 κρατησέισης
2686 4242 2777 4296 τοῦ
2809 4244 2916 4296 τῶν
2958 4244 3225 4297 Ἰουδαίων
3258 4244 3440 4309 ἔθνους
3459 4287 3472 4310 ,
3493 4245 3662 4316 λήθην
3691 4247 3887 4313 αὐτοὺς

649 4338 813 4391 cultui
833 4338 1119 4392 admodum
1140 4339 1386 4394 addictus
1411 4351 1573 4406 esset,
1595 4343 1646 4395 in
1668 4359 1936 4398 summam
1958 4355 2205 4414 paterna-

2308 4337 2634 4405 πεποιῆσθαι
2655 4336 2760 4392 τῶν
2782 4335 3058 4407 πατρικῶν
3080 4336 3330 4410 Γραφῶν,
3352 4337 3426 4401 ὡς
3450 4339 3579 4409 μηδὲ
3602 4339 3885 4408 φαίνεσθαι

651 4445 768 4483 rum
790 4429 1192 4499 Seripturarum
1216 4433 1542 4488 oblivionem
1571 4446 1854 4502 venerunt,
1875 4453 2044 4506 usque
2073 4439 2208 4494 adeo

651 4531 706 4573 nt
751 4536 818 4574 ne
846 4521 1092 4576 Mosaica:
1123 4523 1338 4591 quidem
1371 4523 1504 4594 legis
1538 4525 1674 4579 liber
1706 4537 2043 4595 compareret
2064 4571 2077 4593 ,
2111 4544 2208 4583 nec

646 4612 921 4682 quidpiam
941 4621 1174 4681 paternae
1196 4614 1407 4683 pietatis
1428 4631 1589 4684 penes
1608 4615 1752 4685 ipsos
1765 4617 2025 4686 reliquum
2041 4628 2204 4673 esset.

645 4703 780 4756 Cum
801 4704 982 4773 itaque
998 4706 1722 4773 prophetasinteremissent,
1748 4709 1890 4776 quod
1913 4723 2098 4762 eorum
2117 4709 2208 4762 im-

647 4795 870 4863 pietates
897 4805 1270 4865 eoacguerent,
1311 4814 1374 4850 ae
1398 4809 1679 4868 propterea
1720 4799 1770 4852 in
1800 4815 1994 4853 manus
2043 4801 2207 4870 Assy-

646 4885 850 4940 riorum
871 4885 1071 4953 traditi,
1095 4889 1148 4942 in
1170 4890 1532 4957 captivitatem
1565 4892 1777 4945 abducti
1804 4891 2070 4958 fuissent;
2100 4893 2201 4947 sub

647 4977 757 5032 hinc
770 4977 986 5046 quidam
1008 4982 1289 5050 prephela,
1310 4983 1399 5050 qui
1421 4979 1758 5052 Synagosam
1777 4999 1965 5038 eorum
1986 4994 2204 5039 strenue

643 5070 885 5135 curabat,
927 5088 1050 5127 cum
1085 5073 1206 5128 aliis
1236 5073 1530 5144 Seripturis
1566 5077 1761 5129 librum
1802 5094 2019 5147 quoque
2051 5079 2203 5133 Psal-

645 5177 855 5216 morum
879 5162 1093 5232 collegit
1121 5179 1135 5216 :
1167 5181 1274 5218 non
1300 5165 1442 5234 quod
1489 5166 1650 5220 simul
1698 5183 1913 5238 unoque
1966 5179 2204 5238 tempore

644 5253 884 5321 psalmos
927 5270 1114 5310 omnes
1150 5258 1427 5326 repererit.
1460 5261 1551 5312 sed
1573 5259 1803 5313 diversis
1836 5262 2202 5328 temporibus;

644 5360 705 5399 ac
723 5345 925 5414 primos
943 5348 1132 5402 ordine
1150 5351 1435 5417 pos-nitens
1449 5353 1539 5419 qui
1565 5351 1723 5420 primi
1744 5353 1937 5420 reperti
1957 5351 2198 5406 fuerant:

645 5453 751 5505 quo
803 5437 1004 5494 factum
1046 5450 1131 5495 est
1167 5452 1306 5496 utne
1345 5459 1534 5495 omnes
1568 5443 1784 5512 quidem
1842 5444 2012 5512 ipsius
2045 5443 2204 5497 Davi-

642 5528 726 5582 dis
762 5530 954 5598 psalmi
999 5535 1188 5588 ordine
1229 5546 1518 5604 ponantur.
1549 5544 1710 5603 atque
1750 5536 1939 5604 psalmi
1971 5537 2200 5589 lilinrum

644 5617 800 5682 Core,
822 5631 875 5676 et
900 5622 1080 5694 Asaph
1112 5635 1164 5678 et
1191 5625 1516 5688 Salomonis,
1543 5624 1705 5678 Musis
1722 5644 1956 5696 quoque,
1981 5625 2198 5680 tEtham

707 5781 775 5846 (cz)
797 5781 918 5835 Vide
943 5795 1056 5833 tom.
1103 5787 1218 5848 XV,
1280 5789 1406 5838 inter
1431 5785 1803 5850 Prolegomena.
1833 5788 1963 5837 Eutr.
1996 5789 2142 5838 Pus.

2311 4427 2489 4496 βίϐλον
2517 4427 2610 4480 τοῦ
2640 4427 2879 4492 Μωσέως
2908 4427 3072 4498 νόμον
3097 4467 3110 4491 ,
3167 4429 3299 4499 μηδὲ
3335 4431 3440 4500 μὴν
3467 4431 3565 4501 τῆς
3587 4431 3692 4484 τῶν
3719 4433 3886 4486 πατέ-

2313 4536 2418 4589 ρων
2448 4519 2726 4582 εὐσεϐείας
2758 4536 2808 4570 τι
2846 4517 3110 4583 σώζεσθαι
3169 4522 3295 4592 παρ’
3335 4523 3535 4586 αὐτοῖς.
3595 4525 3720 4576 Ὅτε
3752 4525 3884 4592 γοῦν

2309 4610 2400 4662 καὶ
2426 4610 2551 4672 τοὺς
2584 4611 2866 4681 προφήτας
2898 4611 3131 4682 ἀνῄρουν
3149 4653 3164 4677 ,
3187 4613 3560 4686 διελέγχοντας
3589 4617 3763 4670 αὐτῶν
3784 4617 3884 4683 τὰς

2305 4697 2652 4764 δυσσεϐείας,
2704 4700 2798 4753 καὶ
2851 4701 3052 4754 τούτων
3102 4701 3262 4756 ἕνεκα
3312 4705 3370 4756 τὸ
3407 4705 3618 4774 πρῶτον
3653 4708 3716 4776 τῇ
3772 4706 3882 4760 τῶν

2306 4773 2615 4860 ’Ἀσσυρίων
2649 4791 3020 4862 παρεδόθησαν
3051 4795 3395 4868 αἰχμαλωσίᾳ
3415 4813 3427 4825 ο
3478 4797 3614 4868 μετὰ
3634 4797 3688 4849 δὲ
3713 4798 3882 4853 ταῦτά

2305 4901 2430 4937 τινα
2474 4882 2580 4936 τῶν
2631 4886 2958 4956 προρητῶν,
3014 4890 3141 4960 περὶ
3197 4889 3295 4958 τῆς
3341 4893 3656 4961 συναγωξῆς
3703 4893 3882 4948 αὐτῶν

2306 4975 2692 5040 ἐσπουδακότα,
2724 4980 2863 5048 μετά
2884 4997 2943 5048 γε
2966 4980 3074 5033 τῶν
3101 4980 3301 5035 λοιπῶν
3335 4984 3426 5035 καὶ
3443 4983 3540 5054 τὴν
3571 4984 3747 5054 βίϐλον
3770 4986 3880 5040 τῶν

2306 5070 2549 5141 Ψαλμῶν
2601 5075 3025 5144 συναγηοχέναι·
3067 5076 3165 5128 οὐκ
3219 5075 3428 5145 ἀθρόως
3481 5077 3706 5148 εὑρόντα
3757 5081 3880 5143 τοὺς

2306 5165 2512 5225 πάντας
2533 5203 2545 5225 ,
2574 5165 2705 5220 ἀλλὰ
2739 5166 2880 5218 κατὰ
2911 5166 3197 5237 διατόρους
3224 5168 3445 5238 χρόνους
3466 5185 3479 5197 ο
3527 5170 3880 5225 κατατάττειν

2303 5254 2358 5307 δὲ
2383 5257 2441 5306 ἐν
2466 5255 2701 5326 πρώτοις
2731 5259 2855 5320 τους
2893 5256 3138 5328 πρώτους
3160 5259 3571 5330 εὑρισκομένους
3591 5279 3603 5290 ·
3635 5261 3715 5315 διὸ
3747 5263 3881 5334 μηδὲ

2301 5348 2395 5401 τοῦ
2428 5348 2586 5400 Δαυῒδ
2615 5349 2812 5418 ἑφεξῆς
2838 5350 3186 5402 εὑρίσκεσθαι
3221 5351 3343 5413 τοὺς
3370 5351 3593 5416 πάντας,
3626 5353 3681 5404 ὲν
3713 5352 3768 5405 δὲ
3803 5354 3880 5423 τῷ

2306 5443 2505 5514 μεταξὺ
2537 5447 2629 5496 καὶ
2659 5443 2764 5497 τῶν
2786 5445 2916 5496 υἱῶν
2946 5445 3107 5506 Κορὲ,
3140 5443 3232 5497 καὶ
3255 5445 3346 5498 τοῦ
3385 5446 3575 5513 Ἀσὰφ,
3605 5447 3697 5498 καὶ
3727 5446 3880 5498 Σολο-

2306 5537 2530 5606 μῶντος,
2563 5538 2655 5590 καὶ
2678 5536 2938 5600 Μωσέως,
2969 5537 3148 5606 Λίθάμ.
3185 5554 3242 5588 τε
3276 5536 3366 5589 τοῦ
3405 5537 3754 5609 Ἰσραηλίτου,
3787 5540 3879 5593 καὶ

2302 5628 2511 5699 Αἰμὰν,
2545 5629 2636 5681 καὶ
2667 5627 2822 5683 πάλιν
2857 5627 2947 5680 τοῦ
2977 5627 3175 5691 Atinio,
3209 5628 3555 5698 εὑρίσκεσθαι
3592 5629 3789 5703 ἀναμὶξ
3817 5632 3876 5684 ἐν
