4122 6548
202 471 258 530 57
1270 461 1752 522 ARCUMENTUM
1796 462 1865 518 lN
1903 467 2238 526 PSALMOS.

3306 475 3375 532 58

204 596 254 663 τῇ
290 589 436 661 βίϐλῳ
471 587 832 657 τεταγμένους
855 603 868 616 ’
897 585 957 638 οὗ
992 584 1112 639 καθ’
1144 585 1236 648 οὓς
1270 584 1563 655 ἐλέχθησαν
1588 581 1715 654 χρό-
1746 614 1756 641 λ

1852 585 2095 650 sraelitae,
2129 587 2348 651 Eman,
2382 603 2706 658 rursumque
2724 587 2940 646 Davidis
2963 594 3260 661 permistim
3289 608 3387 664 po.

202 700 319 746 νους,
349 681 476 737 ἀλλὰ
510 680 628 733 καθ’
652 679 746 742 οὓς
778 678 1022 750 εὕραντο.
1081 677 1154 730 Τὸ
1193 677 1235 729 δ’
1260 677 1391 730 αὐτὸ
1417 675 1595 745 εὕροις
1633 692 1726 745 γε-

1857 674 1916 730 iti
1949 676 2002 730 in
2037 675 2174 729 libro
2225 687 2550 742 occurrant;
2583 694 2689 732 non
2723 695 2832 748 quo
2858 690 3094 750 tempore
3119 684 3266 748 editi,
3292 686 3387 740 sed

202 777 458 847 γενημένον
480 775 567 828 καὶ
598 775 653 827 ἐν
673 775 792 836 ταῖς
819 773 927 826 τῶν
954 770 1243 844 προφητῶν
1272 774 1614 842 περικοπαῖς.

260 957 378 1019 Τοὺς
396 956 448 1009 δὲ
477 954 611 1026 μετὰ
638 954 730 1006 τὸν
766 951 978 1023 πρῶτον
1003 951 1094 1004 καὶ
1114 950 1409 1003 δωδέκατον
1433 949 1728 1020 ἀνεπιγρά-

203 1065 311 1116 φους
335 1046 565 1117 ψαλμοὺς
585 1085 600 1111 ,
633 1046 728 1097 καί⁵
756 1046 878 1106 τοὺς
915 1043 1226 1113 ἐπιγραφὴν
1258 1041 1507 1111 ἔχοντας,
1542 1041 1602 1092 οὐ
1636 1041 1729 1110 δη-

202 1138 391 1202 λοῦντας
429 1138 564 1201 τίνος
591 1137 756 1199 εἰσὶν,
801 1136 1018 1190 ἐκείνων
1045 1132 1185 1188 εἶναι
1234 1134 1417 1196 παῖδες
1460 1132 1728 1202 Ἐϐραίων

201 1231 326 1299 φασὶ,
366 1224 433 1283 ὧν
458 1229 690 1300 τοῦνομα
728 1229 948 1298 φέρεται
977 1230 1032 1280 ἐν
1063 1230 1180 1290 ταῖς
1211 1227 1316 1278 τῶν
1347 1225 1728 1296 ἁνεπιγράφων

202 1324 642 1394 προτεταγμέναις.
699 1321 801 1374 Τὸν
846 1321 903 1374 δὲ
949 1320 1165 1389 πρῶτον
1197 1319 1289 1372 καὶ
1317 1318 1566 1388 δεύτερον
1589 1357 1602 1379 ,
1635 1317 1730 1368 ἕνα

199 1415 330 1477 ὄντας
349 1415 520 1485 άμιρω,
544 1412 640 1466 τοῦ
664 1412 826 1465 Δαυῖδ
847 1413 1108 1482 ὑπάρχειν
1128 1409 1261 1481 ἡγοῦ
1271 1427 1386 1479 μαι,
1410 1408 1496 1461 διὰ
1519 1408 1578 1460 τὸ
1601 1408 1734 1460 πάν-

200 1523 278 1567 τας
317 1509 426 1569 τοὺς
458 1507 513 1558 ἐν
560 1505 640 1576 τῷ
673 1504 870 1576 πρώτῳ
920 1506 1074 1575 μέρει
1107 1503 1211 1556 τῶν
1245 1502 1489 1572 Ψαλμῶν
1535 1499 1733 1568 ἐφεξῆς

200 1597 336 1650 αὑτοῦ
363 1593 510 1651 εἶναι.
555 1598 688 1650 Ἀπὸ
722 1595 849 1666 γοῦν
875 1596 966 1649 τοῦ
992 1596 1174 1666 τρίτου
1211 1595 1368 1665 μέχρι
1401 1591 1495 1645 τοῦ
1535 1599 1599 1662 μ’
1637 1589 1732 1643 τοῦ

199 1688 333 1741 Δαυῖδ
352 1690 732 1761 ἐπιγράφονται
753 1692 801 1742 oi
826 1690 1021 1751 πάντες
1037 1705 1048 1718 ·
1073 1687 1152 1740 διό
1181 1704 1268 1758 μοι
1291 1685 1537 1740 δοκοῦσιν
1561 1683 1736 1754 ὑπάρ-

198 1797 294 1850 χειν
319 1780 402 1833 τοῦ
432 1781 592 1836 αξιτοῦ
619 1782 647 1834 ὃ
670 1798 729 1833 τε
759 1780 970 1850 πρῶτος
998 1779 1088 1832 καὶ
1118 1781 1145 1833 ὁ
1169 1778 1441 1848 δεύτερος.
1503 1773 1732 1829 llas-:05-

195 1887 271 1923 ται
296 1871 346 1924 δὲ
369 1871 516 1940 λόγον
550 1873 584 1942 ὴ
620 1871 726 1923 τῶν
757 1870 1012 1941 Πράξεων
1049 1868 1156 1922 τῶν
1189 1867 1502 1921 ἀποστόλων
1539 1865 1734 1936 βίϐλος,

1825 781 1933 836 quo
1978 767 2180 822 inventi
2233 765 2385 822 {uere
2428 770 2619 838 :quod
2668 771 2843 840 ipsum
2898 773 2952 826 in
3004 778 3384 845 praplietarum

1824 856 2062 928 periodis
2097 866 2152 912 et
2188 858 2448 914 clausulis
2496 862 2755 931 reperias.

1896 949 2000 1017 Qui
2045 951 2236 1021 psalmi
2285 967 2413 1008 vero
2471 963 2595 1023 post
2630 955 2865 1024 primum
2918 963 2973 1011 et
3012 957 3389 1013 duodecimum

1827 1055 2234 1114 consequuntur
2267 1046 2384 1102 siue
2417 1047 2594 1112 titulo,
2644 1064 2853 1103 necnon
2886 1050 2921 1103 ii
2967 1051 3166 1120 quibus
3204 1053 3394 1108 titulus

1828 1137 2044 1207 quidem
2077 1138 2436 1208 praemittitur,
2485 1155 2584 1194 nec
2625 1149 2800 1195 tamen
2848 1140 3118 1195 indicatur
3152 1159 3260 1212 quo
3288 1145 3396 1198 sint

1830 1236 2052 1283 auctore
2099 1229 2249 1293 editi,
2296 1245 2484 1285 eorum
2534 1247 2656 1286 esse
2690 1232 2878 1287 dicunt
2907 1231 3136 1295 Hebraei,
3162 1249 3392 1303 quorum

1831 1335 2027 1375 nomen
2063 1319 2318 1375 scribitur
2352 1321 2405 1376 in
2449 1323 2672 1392 psalmis
2723 1323 2815 1392 qui
2863 1323 3017 1377 titulo
3068 1339 3266 1379 vacuos
3295 1340 3393 1378 an-

1833 1410 2101 1464 tecedunt.
2127 1406 2368 1465 Estimo
2399 1419 2582 1465 autem
2611 1413 2846 1481 primum
2876 1421 2930 1465 ct
2952 1413 3272 1478 secundum,
3303 1414 3399 1484 qui

1835 1514 2001 1553 unum
2055 1503 2390 1556 constituunt
2430 1503 2734 1573 psalmum,
2806 1503 3024 1559 Davidis
3073 1520 3221 1572 esse;
3273 1506 3399 1575 quia

1835 1600 2100 1659 quotquot
2131 1593 2183 1646 in
2219 1596 2393 1663 prima
2417 1605 2566 1664 parte
2590 1596 3022 1665 subsequuntur,
3056 1597 3227 1666 ipsius
3251 1609 3397 1654 sunt.

1835 1681 1877 1734 A
1917 1684 2073 1737 tertio
2115 1685 2261 1738 enim
2309 1686 2376 1739 ad
2421 1686 2896 1755 quadragesimum
2943 1703 3133 1743 omnes
3186 1688 3403 1742 Davidis

1839 1773 2229 1838 inscribuntur,
2275 1777 2626 1846 quamobrem
2664 1779 2793 1831 mihi
2845 1779 2911 1833 ad
2943 1781 3119 1850 ipsum
3155 1782 3406 1834 videntur

1839 1868 2106 1935 pertinere
2129 1869 2334 1938 primus
2357 1878 2517 1939 atque
2553 1871 2842 1925 secundus.
2875 1870 3049 1937 Quam
3084 1874 3404 1927 sententiam

1770 1928 1813 1982 Β

197 1964 245 2017 ὲν
324 1967 522 2036 εῐρηται
543 1982 555 1994 ·
596 1963 885 2025 Δέσποτα,
920 1962 1000 2016 σὺ
1040 1961 1332 2029 ἐποίησας
1361 1960 1467 2013 τὸν
1485 1957 1741 2026 οὐρανὸν

1852 1959 2130 2012 eontirmat
2155 1961 2290 2014 liber
2328 1961 2560 2016 Actuum
2593 1964 2983 2031 apostolorum,
3019 1965 3069 2016 in
3112 1980 3222 2033 quo
3265 1965 3406 2019 dici-

198 2057 280 2108 ααὶ
308 2056 411 2122 τὴν
436 2054 582 2123 γῆν,
615 2055 712 2108 καί
749 2055 861 2122 τὴν
885 2054 1206 2108 θάλασσαν
1230 2094 1243 2117 ,
1284 2053 1381 2106 καὶ
1423 2052 1618 2105 πάντα
1670 2051 1741 2104 τὰ

197 2144 255 2200 ἐν
282 2146 468 2211 αὐτοῖς
491 2164 505 2177 ο
570 2149 605 2201 ὁ
651 2145 755 2200 τοῦ
795 2145 1016 2212 πατρὸς
1054 2143 1220 2213 ἡμῶν
1255 2142 1353 2197 διὰ
1402 2145 1743 2211 Πνεύματος

198 2238 343 2306 ἁγίου
368 2239 658 2307 στόματος
683 2237 895 2303 παιδός
929 2251 1045 2290 σου
1075 2235 1256 2291 Δαυῒδ
1280 2233 1464 2288 εἰπών
1483 2250 1496 2264 ο
1527 2234 1652 2286 Ἵνα
1689 2233 1744 2285 τί

201 2327 475 2395 ὲρρύαξαν
500 2311 644 2393 ἔθνη
671 2369 686 2392 ,
716 2328 812 2381 καὶ
837 2329 971 2381 λαοὶ
996 2326 1368 2397 ἐμελέτησαν
1395 2323 1576 2387 κενάς
1635 2325 1742 2378 Σα-

203 2418 299 2486 φῶς
329 2421 429 2490 γὰρ
453 2420 536 2474 διά
563 2419 766 2474 τούτων
793 2421 883 2473 τὸν
913 2420 965 2490 β’
992 2419 1203 2489 ψαλμὸν
1234 2417 1326 2471 τοῦ
1357 2416 1516 2471 Δαυῖδ
1547 2415 1744 2486 ἔφησεν

199 2508 333 2566 εἶναι.
400 2513 908 2584 ’Δποσεσιωπῆσθαι
951 2513 1008 2566 δὲ
1034 2513 1177 2576 εἰκὸς
1212 2513 1299 2564 ἐπ’
1341 2511 1500 2564 αὑτὸν
1525 2509 1621 2579 τὴν
1650 2507 1743 2561 τοῦ

199 2604 337 2658 Δαυῖδ
365 2606 686 2676 προγραφὴν
709 2645 724 2667 ,
755 2603 843 2658 διὰ
866 2604 926 2656 τὸ
957 2603 1169 2673 γυμνὴν
1195 2602 1338 2671 ἔχειν
1368 2601 1494 2672 περὶ
1514 2599 1608 2653 τοῦ
1632 2601 1745 2652 Κυ-

201 2695 300 2767 ρίου
347 2697 712 2768 προφητείαν,
759 2695 814 2747 ὲν
919 2695 1132 2765 εἴρηται
1152 2711 1166 2724 ο
1197 2697 1356 2747 Κατὰ
1389 2690 1495 2746 toﬁ
1525 2691 1746 2759 Κυρίου

198 2787 442 2843 καὶκατὰ
470 2789 576 2843 τοῦ
608 2788 862 2856 Χριστοῦ
893 2786 1097 2840 αὑτοῦ.
1162 2780 1256 2849 Οἷς
1286 2785 1595 2847 ἀκολούθως
1624 2786 1747 2836 ἑπι-

199 2880 321 2949 λέγει
343 2881 398 2946 ἐξ
422 2881 586 2936 αὐτοῦ
609 2880 702 2935 τοῦ
727 2879 1015 2947 προσώπου
1038 2878 1130 2931 τοῦ
1155 2877 1386 2948 Χριστοῦ
1416 2877 1475 2928 τό
1493 2891 1505 2904 ·
1535 2877 1747 2942 Κύριος

196 2969 308 3028 εἷπε
325 2973 466 3042 πρὸς
492 2973 570 3043 μέ
588 2991 601 3003 ο
634 2973 762 3036 Υἱός
785 2989 900 3040 μου
925 2967 983 3024 εἴ
1002 2972 1104 3023 σύ.
1131 2969 1387 3039 Φέρονται
1413 2968 1588 3021 τοίνυν
1615 2965 1748 3036 ψαλ-

200 3066 277 3135 μοὶ
301 3066 345 3116 οί
375 3065 576 3126 πάντες
617 3069 723 3134 ρν’.
759 3060 915 3124 Τινὲς
955 3059 1010 3113 δὲ
1058 3057 1340 3130 νομίζουσι
1377 3058 1502 3120 τοὺς
1542 3055 1749 3118 πάντας

195 3150 314 3207 εἶναι
339 3153 428 3207 τοῦ
465 3151 739 3223 μακαρίου
775 3148 967 3203 Δαυῖδο
1002 3149 1063 3202 οὐ
1101 3147 1422 3219 σημαίνεται
1471 3145 1527 3197 δὲ
1573 3144 1744 3196 τοῦτο.

1840 2060 1927 2102 tur
1960 2050 2004 2081 ⁸⁸
2032 2068 2044 2104 :
2084 2049 2302 2103 Domine
2335 2060 2388 2103 tu
2421 2051 2593 2120 fecisti
2623 2051 2802 2105 certum
2839 2062 2886 2105 et
2912 2062 3127 2116 terram,
3150 2061 3198 2105 ct
3239 2068 3405 2116 mare,

1840 2151 1890 2194 ct
1921 2143 2100 2194 omnia
2126 2158 2244 2210 qua:
2281 2142 2338 2196 in
2399 2143 2472 2196 eis
2507 2152 2648 2197 sunt.
2681 2142 2819 2197 Dcus
2863 2155 3075 2214 patrum
3111 2154 3409 2198 nostrorum

1840 2233 1928 2301 qui
1969 2232 2156 2285 dixisti
2196 2249 2287 2301 per
2313 2230 2571 2302 Spiritum
2595 2245 2833 2288 sanctum
2859 2252 2952 2304 per
2980 2253 3038 2290 es
3073 2237 3238 2290 David
3263 2235 3410 2305 pueri

1844 2325 1920 2374 tui
1940 2337 1956 2373 :
1977 2322 2153 2389 Quare
2185 2324 2513 2392 fremuerunt
2534 2336 2705 2396 gentes
2731 2337 2780 2380 et
2803 2327 2982 2396 populi
3015 2327 3258 2380 meditati
3288 2337 3410 2380 sunt

1843 2413 2067 2469 inania?
2095 2412 2187 2468 llis
2214 2414 2359 2468 enim
2397 2416 2681 2484 perspicue
2711 2416 2869 2481 dixit,
2911 2417 3179 2485 psalmum
3213 2429 3411 2469 secun-

1843 2504 1973 2557 dum
2017 2502 2236 2558 Davidis
2266 2520 2407 2559 csse.
2441 2503 2751 2560 Verisimile
2777 2517 2957 2561 autem
2991 2516 3093 2571 est,
3134 2508 3256 2562 ideo
3289 2508 3416 2561 titu-

1847 2597 1978 2657 ltun,
2010 2596 2248 2663 Davidis,
2296 2599 2559 2652 omissum
2594 2598 2760 2654 fuisse
2808 2602 2859 2652 in
2905 2616 2971 2654 eo
3018 2601 3246 2670 psalmo,
3287 2602 3416 2669 quia

1847 2689 2047 2741 nudam
2076 2699 2127 2742 et
2160 2701 2398 2758 apertam
2433 2688 2810 2758 complectitur
2844 2691 3182 2759 prapltctiam
3221 2691 3286 2745 de
3312 2689 3419 2745 Do-

1849 2781 2016 2844 mino,
2067 2796 2173 2848 qua
2215 2781 2436 2844 dicitur,
2468 2781 2726 2834 Adversus
2766 2782 3046 2834 Dominum
3091 2793 3137 2835 et
3173 2781 3418 2836 adt-crtus

1849 2870 2115 2924 Christum
2151 2870 2286 2938 ejus.
2323 2870 2535 2936 Quibus
2571 2882 2967 2940 consequenter
3000 2873 3187 2942 adjicit
3207 2888 3271 2926 ex
3305 2874 3418 2943 ipsa

1849 2965 2047 3022 Christi
2083 2981 2311 3035 persona
2339 2985 2350 3020 :
2376 2965 2625 3018 Dominus
2655 2966 2792 3020 dixit
2824 2966 2892 3019 ad
2919 2983 2996 3020 me
3028 2982 3046 3019 :
3077 2965 3252 3020 Filius
3276 2984 3420 3020 meus

1849 3075 1902 3111 es
1932 3068 1988 3111 tu
2021 3059 2089 3112 ".
2115 3056 2316 3112 Omnes
2341 3059 2520 3128 itaque
2554 3059 2770 3129 psalmi,
2792 3069 3006 3112 centum
3031 3060 3420 3130 quinquaginta

1852 3147 2120 3203 feruntur.
2175 3147 2404 3214 Quidam
2460 3165 2622 3218 porro
2669 3151 3002 3204 arbitrantur
3046 3166 3237 3205 omnes
3280 3152 3423 3206 beati

195 3249 250 3300 οἱ
272 3249 359 3319 μὲν
387 3247 491 3318 γάρ
521 3247 723 3309 πάντες
746 3244 1102 3314 ἀναφέρονται
1127 3241 1220 3295 τοῦ
1243 3239 1405 3293 Δαυῖδ
1431 3257 1441 3267 ’
1473 3239 1530 3291 ὲν
1550 3237 1604 3290 δὲ
1631 3239 1747 3299 ταῖς

1859 3237 2076 3294 υινὶἁίε
2108 3254 2227 3294 esse
2257 3255 2271 3292 :
2318 3255 2491 3310 neque
2527 3249 2706 3294 tamen
2754 3241 2804 3295 id
2839 3241 3019 3310 aliqua
3061 3251 3188 3296 nota
3219 3242 3427 3310 signiﬁ-

197 3342 509 3411 ἐπιγραφαῖς
564 3338 841 3391 δείκνυται
873 3336 956 3397 τίς
1002 3334 1144 3396 τίνος
1190 3332 1401 3401 ψαλμὸς
1444 3329 1750 3398 γεγένηται.

194 3431 447 3503 τέσσαρες
484 3433 593 3502 γὰρ
624 3431 880 3498 ἄρχοντες
903 3426 1054 3496 ᾠδῶν
1085 3424 1426 3493 ὲξελέγηταν,
1462 3427 1598 3490 σπη’
1628 3419 1754 3471 ἀκό-

195 3523 370 3581 λουθοι.
422 3524 544 3576 Τῶν
593 3517 686 3575 οὖν
740 3519 1017 3589 τεσσάρων
1067 3515 1341 3586 ἀρχόντων
1396 3512 1753 3584 παράκεινται

192 3614 410 3686 ψαλμοὶ,
441 3616 516 3680 ὡς
555 3615 650 3669 καὶ
680 3615 735 3666 αἱ
771 3609 1074 3683 ἐπιγραφαὶ
1104 3609 1461 3662 διδάσκουσιν.
1526 3604 1756 3660 Ὀπόταν

196 3706 290 3779 γὰρ
310 3708 433 3779 λέγῃ
454 3727 468 3740 ο
503 3707 750 3775 Ψαλμὸς
776 3705 899 3770 τοῖς
920 3703 1072 3766 υἱοῖς
1100 3700 1270 3769 Κορὲ,
1299 3701 1502 3762 Αὶθὰν,
1543 3696 1753 3766 Ἀσάφ,

197 3798 282 3850 καί
323 3798 545 3868 Λιμόν·
582 3796 734 3848 αὐτοὶ
765 3794 1057 3862 ψάλλουσιν
1097 3793 1146 3844 ot
1186 3792 1291 3844 υἱοὶ
1336 3792 1514 3860 Κορὲ,
1564 3789 1755 3853 Αίθάν,

208 3886 381 3956 ’Δσάφ,
411 3887 506 3940 καὶ
535 3882 735 3955 Αίμάν.
759 3883 928 3936 Ὅταν
951 3880 1100 3954 εἴπῃ,
1131 3879 1373 3949 Ψανιμὸς
1402 3878 1506 3933 τοῦ
1545 3879 1756 3946 Ἀσάφ,

195 3980 339 4043 αὐτὸς
363 3976 517 4032 εἶπεν
555 3979 583 4030 ὁ
625 3976 828 4045 Ἀσάφ·
856 3975 982 4028 ὅταν
1016 3974 1142 4045 εἴπῃ
1168 4011 1182 4036 ,
1214 3968 1458 4040 Ψαλμὸς
1478 3969 1583 4023 τοῦ
1623 3967 1756 4022 Ἰδι-

198 4071 364 4141 θοὺμ,
417 4073 586 4132 αὐτὸς
636 4068 826 4138 ψάλλει
874 4065 1144 4135 ἰδιθούμ⁸
1199 4062 1399 4118 ὁπόταν
1451 4060 1603 4134 εἴπῃ,
1653 4057 1759 4112 τοῦ

197 4162 391 4227 Δαυῒδ,
424 4163 592 4225 αὐτὸς
622 4160 796 4227 λέγων
828 4155 896 4229 ἦν
946 4157 1108 4210 Δαυῖδ
1128 4172 1142 4185 ·
1192 4154 1330 4208 ἐπάν
1370 4153 1425 4206 δὲ
1460 4153 1593 4225 λέγῃ
1614 4194 1626 4217 ,
1682 4150 1761 4217 τῷ

199 4254 390 4317 Δαυῒδ,
428 4257 519 4324 ὑφ’
564 4252 763 4324 ἑτέρων
791 4249 1007 4318 λέγεται
1041 4249 1118 4310 είς
1147 4248 1237 4300 τὸν
1276 4245 1459 4299 Δαυΐδ.
1514 4244 1634 4297 Εἰσὶ
1665 4245 1762 4315 μὲν

198 4349 242 4400 oi
269 4349 462 4411 πάντες
490 4351 571 4418 ρν¹
594 4384 608 4408 ,
642 4338 716 4396 ὧν
742 4342 826 4412 οβ’
853 4341 956 4395 eici
982 4340 1075 4394 τοῦ
1105 4338 1284 4402 Δαυῒδ,
1315 4336 1358 4390 Θ’
1385 4337 1440 4390 δὲ
1467 4336 1545 4407 τῷ
1578 4335 1760 4400 Δαυῒδ,

203 4440 273 4511 ιβ’
295 4441 384 4494 τοῦ
420 4439 598 4508 ’Δσάφ
625 4478 638 4502 ,
671 4437 748 4507 ιβ’
777 4438 887 4498 τοῖς
920 4437 1054 4497 υἱοῖς
1079 4432 1243 4504 Κορὲ,
1276 4425 1356 4494 εἷς
1380 4429 1472 4484 τοῦ
1511 4428 1760 4500 ’Ῑδιοοὺμ,

200 4529 271 4596 εἷς
300 4532 387 4586 τοῦ
416 4530 626 4602 Αίθὰμ,
657 4523 735 4592 εἷς
767 4525 860 4580 τοῦ
888 4524 1084 4596 Αἰμὰν,
1124 4519 1202 4587 εἷς
1240 4523 1331 4576 τοῦ
1356 4521 1637 4592 Σαλομὼν,
1670 4520 1763 4573 δύο

1860 3341 2040 3386 catur.
2073 3329 2136 3386 Et
2168 3347 2355 3386 verum
2387 3332 2604 3400 quidem
2633 3341 2712 3387 est
2750 3334 3032 3387 universos
3054 3331 3426 3388 Davidiascri-

1857 3423 1937 3488 bi;
1967 3432 2023 3476 at
2048 3423 2100 3476 in
2135 3422 2306 3478 titulis
2337 3425 2605 3478 indicatur
2634 3438 2742 3493 quo
2765 3435 2984 3478 auctore
3019 3425 3250 3494 quiSque
3280 3425 3426 3495 psal-

1856 3529 1978 3569 mus
2006 3514 2183 3570 editus
2213 3515 2301 3569 sit.
2329 3513 2462 3569 Nam
2495 3526 2732 3585 quatuor
2762 3515 3098 3570 canticorum
3128 3517 3424 3586 principes,

1858 3607 2089 3663 ministri
2131 3621 2259 3662 vero
2291 3606 2510 3661 ducenti
2558 3608 2830 3678 octoginta
2864 3618 3007 3674 octo,
3038 3609 3195 3663 electi
3255 3608 3423 3663 luere.

1861 3699 2065 3753 Horum
2103 3709 2340 3769 quatuor
2383 3700 2686 3769 principum
2713 3701 2908 3771 psalmi
2944 3701 3150 3770 aliquot
3188 3701 3428 3757 circum-

1862 3791 2130 3855 feruntur,
2169 3800 2227 3847 ut
2271 3791 2352 3846 vel
2391 3792 2522 3861 ipsis
2550 3793 2776 3846 docetur
2813 3793 3001 3847 titulis.
3032 3792 3260 3858 Quando
3285 3795 3428 3847 enim

1859 3879 2290 3935 dicitzPsalmus
2328 3882 2457 3950 ﬁliis
2477 3882 2630 3946 Core,
2661 3881 2887 3948 Ait/mn,
2922 3882 3095 3951 Amph
3120 3892 3168 3935 et
3207 3880 3429 3946 zEman,

1860 3971 1930 4025 ab
1959 3972 2091 4042 ipsis
2112 3971 2337 4037 Etlian,
2364 3974 2570 4043 Asaph,
2592 3971 2811 4036 Eman,
2832 3973 2958 4028 liliis
2987 3973 3125 4028 Core
3161 3974 3429 4043 psallitur.

1860 4063 1996 4117 Cum
2029 4064 2178 4129 dicit,
2219 4064 2468 4118 Psalmus
2515 4065 2732 4134 Asaph;
2784 4065 2897 4136 ipse
2940 4067 3119 4136 Asaplt
3156 4066 3432 4135 recitavit;

1863 4171 1986 4211 cum
2017 4156 2168 4220 dicit,
2203 4156 2454 4211 Psalmus
2489 4155 2750 4223 ldithum,
2796 4158 2909 4228 ipse
2945 4158 3178 4213 lditltum
3213 4159 3429 4228 psallit:

1863 4247 1954 4303 ubi
1987 4248 2141 4314 dicit,
2174 4248 2418 4314 Davidis,
2452 4249 2567 4319 ipse
2600 4247 2767 4303 David
2802 4260 2884 4303 est
2908 4251 3000 4319 qui
3043 4251 3432 4318 pronuntiavit.

1862 4339 1998 4395 Cum
2023 4351 2201 4396 autem
2222 4341 2372 4408 dicit,
2409 4340 2620 4408 Davidi,
2652 4340 2720 4396 ab
2752 4341 2872 4396 aliis
2905 4342 3163 4396 recitatur
3196 4341 3440 4412 psalmus

1865 4433 1919 4488 in
1949 4433 2224 4489 Davidem.
2258 4432 2398 4488 Sunt
2441 4434 2658 4504 quidem
2690 4450 2881 4490 omnes
2904 4442 3122 4490 centum
3161 4435 3436 4504 quinqua-

1867 4527 2036 4596 ginta,
2064 4540 2296 4595 quorum
2333 4527 2674 4598 septuaginta
2692 4524 2799 4582 duo
2823 4525 3044 4581 Davidis
3068 4536 3213 4589 sunt,
3244 4540 3441 4580 novent

210 4623 448 4693 ⁹Ᾱγγαίου
476 4623 574 4677 καὶ
599 4620 889 4692 Ζαχαρίου,
911 4617 1268 4689 άνεπίγραφοι
1294 4614 1355 4668 λθ
1372 4622 1383 4642 ’
1412 4615 1507 4668 καὶ
1532 4609 1613 4679 εἷς
1642 4616 1756 4668 Mur

1870 4617 2078 4686 Davidi,
2105 4618 2389 4674 duodecim
2417 4620 2640 4690 Asaphi,
2659 4619 2940 4673 duodecim
2970 4618 3092 4672 ﬁliis
3109 4616 3266 4682 Core,
3296 4631 3440 4670 unus

198 4719 325 4781 σέως
344 4733 359 4749 ο
393 4718 599 4777 πάντες
626 4719 729 4786 ρν’.

202 4809 386 4870 monis,
417 4808 530 4862 duo
568 4803 746 4874 Δείξαιί
785 4811 838 4856 et
877 4799 1187 4867 Zacliarize;
1214 4799 1332 4853 sine
1399 4799 1557 4854 titulo
1609 4801 1826 4871 triginta
1862 4822 2079 4872 novem,
2110 4821 2359 4875 unusque
2402 4805 2566 4860 Mosis
2612 4823 2627 4860 ε

200 4901 356 4969 ginta.

260 4996 347 5048 Δεῖ
379 4994 562 5048 τοίνυν
589 4992 858 5062 Θεωρῆσαι
890 4989 950 5043 τὸ
980 4989 1272 5061 μυστήριον
1304 4986 1410 5041 τίνι
1445 4986 1615 5059 λόγῳ,
1647 4989 1761 5043 δια-

201 5087 368 5158 φόρων
409 5085 566 5158 ᾠδῶν
610 5083 982 5154 ὑπαρχόντων,
1014 5083 1107 5135 καὶ
1143 5082 1216 5152 μὴ
1244 5081 1464 5134 πάντων
1496 5081 1602 5135 τῶν
1631 5081 1762 5153 ψαλ-

205 5180 310 5248 μῶν
331 5180 500 5233 ὄντων
525 5176 708 5240 Δαυῒδ,
739 5177 1062 5246 ἀναφέρεται
1090 5176 1168 5237 είς
1191 5172 1281 5225 τὸν
1306 5172 1468 5226 Δαυϊδ
1488 5189 1499 5200 ·
1528 5175 1619 5226 καὶ
1649 5174 1766 5228 τοῦ·

199 5287 255 5324 το
281 5273 338 5325 οὐ
365 5267 892 5344 παραδραμοὺμεθα.
917 5265 1114 5320 Τούτου
1138 5263 1246 5336 γὰρ
1270 5264 1428 5335 χάριν
1451 5265 1734 5336 ἐπεγράφη
1751 5306 1765 5327 ,

203 5364 315 5416 ἐπεὶ
340 5364 503 5427 αὐτὸς
533 5361 702 5425 αίτιος
751 5359 1037 5429 γεγένηται
1060 5356 1153 5410 τοῦ
1187 5353 1323 5411 εἶναι
1354 5355 1520 5410 ταῦτα
1541 5371 1554 5385 ·
1610 5358 1770 5420 αὐτὸς

200 5455 303 5527 γάρ
328 5455 539 5521 ἐξέλεξε
563 5455 685 5516 τοὺς
701 5453 887 5524 ᾠδούς.
914 5451 1081 5514 Αὑτὺς
1103 5450 1277 5502 τοίνυν
1295 5451 1462 5512 αἴτιος
1486 5450 1771 5518 γενόμενος

202 5545 396 5618 ἠξιώθη
428 5547 531 5616 τῆς
566 5544 729 5614 τιμῆς
749 5542 947 5613 ταύτης
973 5581 988 5605 ,
1026 5542 1110 5594 ἴνα
1144 5540 1341 5603 πάντες
1391 5541 1488 5594 ὅσα
1520 5537 1673 5596 εἶπαν
1720 5543 1769 5594 οἱ

203 5637 319 5709 ᾠδοί
349 5643 428 5702 εἰς
463 5641 553 5694 τὸν
573 5637 732 5692 Δαυῒδ
759 5634 1139 5709 καταλογισθῇ.

272 5865 311 5899 ⁵⁸
353 5867 475 5922 Act.
511 5883 580 5928 ιν,
610 5864 702 5931 αι,
727 5863 830 5930 25;
860 5862 1080 5932 Psal.n,
1112 5861 1158 5918 Ι.
1237 5862 1280 5896 ¹¹
1318 5859 1459 5918 Psal.
1501 5876 1561 5930 ιι,
1605 5861 1660 5932 2,
1687 5860 1738 5918 7.

1868 4711 2125 4780 ldithum,
2173 4728 2314 4768 unus
2352 4711 2597 4774 Etham.
2645 4727 2788 4766 unus
2831 4709 3054 4776 Eman,
3105 4725 3243 4764 unus
3285 4706 3439 4762 Salo-

2678 4820 2868 4859 omnes
2911 4813 3126 4858 centum
3171 4802 3439 4874 quinqua-

1946 4991 2494 5049 Animadvertendum
2520 4991 2702 5060 itaque
2720 4986 3059 5059 mysterium,
3083 4998 3204 5054 quae
3232 4975 3438 5038 scilice‘

1873 5101 2039 5141 causa
2084 5088 2154 5141 sit
2199 5102 2316 5149 cur,
2351 5101 2474 5140 cum
2524 5083 2724 5138 diversi
2779 5082 2890 5136 sint
2935 5086 3205 5141 (autores,
3261 5090 3438 5145 neque

1873 5196 2064 5236 oumcs
2102 5179 2294 5251 psalmi
2338 5178 2555 5234 Davidis
2602 5175 2734 5240 sint,
2767 5173 3086 5245 psalterium
3140 5180 3320 5224 tamen
3368 5169 3435 5223 ad

1877 5271 2128 5326 Davidem
2176 5268 2488 5324 referatur:
2541 5271 2654 5320 inec
2687 5280 2753 5318 ne
2804 5262 3021 5317 silentio
3062 5257 3438 5330 printern‘itta-

1877 5383 2019 5422 mus.
2053 5367 2180 5420 ideo
2214 5365 2293 5421 sic
2335 5363 2654 5432 inscriptum
2694 5359 2815 5422 fuit,
2868 5357 2995 5428 quia
3032 5357 3147 5428 ipse
3174 5352 3342 5407 David
3381 5353 3435 5413 iu

1877 5478 2038 5518 causa
2071 5461 2170 5516 fuit
2221 5476 2322 5514 cur
2358 5458 2505 5513 istac
2550 5455 2836 5509 ederentur
2869 5471 2881 5506 :
2918 5451 3032 5520 ipse
3053 5461 3285 5518 namque
3307 5461 3440 5501 can-

1876 5565 2021 5610 tores
2048 5553 2226 5623 elegit.
2267 5550 2319 5605 is
2348 5551 2510 5620 igitur
2538 5546 2631 5616 qui
2677 5560 2837 5600 causa
2871 5541 2994 5608 fuit,
3041 5549 3194 5595 tanto
3231 5538 3438 5593 honoro

1873 5651 2124 5720 dignatus
2143 5653 2248 5711 est,
2281 5650 2337 5697 ut
2366 5655 2702 5712 quaecunque
2730 5648 2977 5693 cantores
2998 5633 3249 5701 dixerint,
3272 5631 3429 5701 quasi

1875 5741 2090 5800 Davidis
2123 5745 2437 5810 reputentur
2470 5749 2609 5790 csse.
