4122 6510
705 418 773 477 59
1545 428 1600 483 S.
1643 429 2013 488 ATHANASII
2055 432 2204 488 OPP.
2252 433 2432 490 PARS
2471 433 2558 490 Ill.
2598 462 2669 477 -—
2704 433 3114 490 EXEGETICA.
3866 434 3931 487 60

770 540 906 595 Cum
971 542 1231 613 prOpbeta
1279 556 1423 603 esset
1484 546 1676 615 David,
1717 561 1878 622 atque
1921 553 2269 610 interioribus
2297 567 2343 618 Α

704 632 904 699 apertis
944 632 1140 699 oculis,
1175 633 1340 702 probe
1365 645 1549 691 nosset
1578 638 1845 709 malignos
1882 642 2104 710 spiritus
2137 658 2268 712 gau-

703 722 830 777 dere
859 724 923 777 de
959 723 1114 792 lapsu
1162 725 1470 791 hominum,
1530 736 1586 783 et
1627 738 1817 784 contra
1877 729 2061 785 dolere
2114 733 2266 801 quasi

702 815 876 869 victos
917 815 983 871 de
1013 816 1324 871 eorumdem
1375 820 1748 890 resipisceutia
1782 834 1835 878 et
1866 823 2267 891 emendatione,

704 908 1029 980 intelligibili
1077 926 1141 966 ac
1176 914 1448 982 spirituali
1485 916 1647 972 modo
1680 919 1955 971 orationes
1981 919 2267 972 adversum

703 1002 826 1057 illos
868 1004 1177 1071 emittebat;
1219 1022 1287 1061 ex
1332 1007 1399 1063 iis
1432 1008 1676 1064 hostibus
1715 1010 1808 1079 qui
1855 1010 1958 1063 sub
1990 1020 2267 1080 aspectum

703 1095 905 1149 cadunt
927 1106 1205 1166 assumpta
1243 1099 1578 1168 metaphora.
1614 1097 1729 1154 Nisi
1760 1099 1904 1153 enim
1938 1100 2038 1153 hac
2061 1103 2270 1154 ratione

702 1187 1086 1258 prophetarum
1145 1205 1371 1258 scopum
1423 1192 1885 1262 interpretemur,
1938 1208 2045 1247 non
2108 1193 2269 1248 modo

705 1274 903 1326 nullam
937 1276 1130 1329 animae
1158 1277 1466 1346 utilitatem,
1495 1295 1561 1334 ex
1596 1296 1782 1335 eorum
1815 1282 1994 1346 dictis,
2020 1282 2086 1336 ad
2116 1298 2270 1335 man-

705 1367 1045 1422 suetudinem
1108 1368 1551 1438 adipiscendam,
1602 1373 2017 1442 percipiemus;
2082 1390 2266 1428 verum

703 1457 866 1512 etiam
913 1460 967 1513 in
1001 1474 1247 1529 asperam
1273 1462 1562 1531 quamdam
1598 1473 1760 1532 atque
1799 1464 2123 1532 evangelicae
2168 1464 2267 1517 do-

704 1551 893 1607 ctrinae
934 1554 1218 1608 adversam
1260 1554 1429 1609 animi
1473 1556 1729 1611 duritiem
1774 1572 1840 1611 ex
1894 1556 2267 1626 frequentibus

704 1643 966 1701 adversus
983 1646 1233 1701 inimicos
1259 1648 1512 1714 precibus
1529 1650 1864 1715 delahemur,
1888 1657 2097 1702 tantum
2116 1648 2269 1705 abest

702 1746 765 1789 ut
801 1736 1094 1805 diligamus
1140 1738 1282 1793 illos.
1315 1737 1448 1793 Nam
1501 1741 1806 1795 sexcenties
1849 1738 1926 1793 ait
1969 1739 2134 1794 David
2170 1740 2216 1772 ³³
2248 1757 2262 1793 :

704 1824 1113 1895 Confundanmr
1133 1838 1179 1881 et
1195 1829 1391 1897 pudore
1409 1831 1705 1898 afﬁciantur
1724 1844 1899 1883 omnes
1919 1830 2119 1883 inimici
2144 1830 2264 1893 mei,

2444 556 2563 609 Ὀτι
2592 557 2874 627 προφήτης
2898 555 3155 625 ὑπάρχων
3178 553 3207 604 6
3225 553 3410 615 Δαυτδ,
3440 554 3534 607 καί
3563 552 3933 623 ἠνεῳγμένους

2374 646 2510 717 ἔχων
2535 649 2659 710 τοὺς
2688 647 2831 700 ἔνδον
2858 647 3167 719 ὀφθαλμοὺς
3190 688 3203 710 ,
3236 646 3329 701 καί⁷
3362 644 3514 709 εἰδὼς
3538 687 3553 710 ,
3583 646 3665 698 ὅτι
3692 645 3935 716 χαίρουσι

2372 740 2437 807 τῇ
2467 736 2667 790 πτώσει
2703 738 2812 791 τῶν
2842 737 3141 809 ἀνθρώπων
3170 736 3239 789 τά
3270 737 3483 807 πονηρά
3512 738 3816 803 πνεύματα,
3847 734 3937 787 καὶ

2374 828 2535 881 πάλιν
2562 826 2973 881 ἀντιλυποῦνται
3000 826 3286 899 ἡττώμενα
3312 827 3403 879 ἐπὶ
3436 830 3501 897 τῇ
3527 824 3806 897 διορθώσει
3833 824 3937 877 τῶν

2373 918 2691 991 ἀνθρώπων,
2711 921 2927 985 πάντως
2950 921 3031 974 ὅτι
3064 919 3267 990 νοητῶς
3293 918 3391 983 τάς
3415 922 3533 973 κατ’
3560 918 3736 974 αὐτῶν
3769 934 3935 989 προσ-

2374 1011 2536 1083 ευχὰς
2572 1015 2823 1077 ἐποιεῖτο,
2855 1014 2919 1065 ὲκ
2947 1011 3055 1065 τῶν
3086 1010 3355 1079 αἰσθητῶν
3407 1009 3612 1080 ἐχθρῶν
3644 1007 3780 1081 πρὸς
3803 1008 3939 1060 αὑτά

2376 1098 2857 1172 μεταϐαλλόμενος.
2906 1100 2969 1153 El
2999 1101 3106 1172 γάρ
3136 1100 3209 1171 μὴ
3239 1100 3378 1153 κατά
3415 1098 3599 1152 τοῦτον
3620 1098 3711 1151 τὸν
3738 1097 3937 1169 τρόπον

2373 1192 2691 1263 ὲκλάϐωμεν
2714 1194 2803 1246 τὸν
2827 1193 3025 1246 σκοπὸν
3047 1193 3154 1246 τῶν
3182 1193 3493 1264 προφητῶν,
3515 1192 3577 1246 οὐ
3607 1192 3765 1263 μόνον
3793 1190 3939 1245 οὐδε-

2378 1283 2504 1355 μίαν
2533 1284 2817 1355 οἰκοδομὴν
2858 1285 2920 1337 ἐκ
2951 1285 3057 1338 τῶν
3098 1286 3228 1363 παρῖ
3262 1284 3443 1348 αὐτοῖς
3470 1283 3770 1355 εἰρημένων
3803 1280 3937 1351 πρὸς

2373 1376 2565 1445 κτῆσιν
2619 1377 2921 1448 πραότητος
2978 1375 3203 1446 ἕξομεν,
3276 1375 3409 1428 ἀλλά
3436 1376 3527 1430 καὶ
3575 1373 3813 1445 σκληράν
3862 1388 3941 1425 τι·

2372 1482 2439 1519 να
2458 1466 2551 1519 καὶ
2572 1466 2818 1521 ἐναντίαν
2842 1468 2940 1537 τῆς
2962 1467 3320 1538 εὑαγγελικῆς
3342 1466 3682 1530 διδασκαλίας
3704 1464 3939 1519 διάθεσιν

2372 1557 2754 1629 ἀναληψόμεθα
2774 1561 2838 1612 ἐκ
2858 1559 2951 1613 τοῦ
2976 1559 3331 1630 κατεύχεσθαι
3351 1558 3556 1629 συχνῶς
3577 1557 3682 1611 τῶν
3708 1556 3938 1628 ἐχθρῶν,

2373 1649 2466 1701 καὶ
2514 1649 2587 1720 μὴ
2636 1651 2886 1721 ἀγαπᾷνο
2937 1652 3283 1723 μυριοντάκις
3315 1651 3560 1718 λέγοντος
3612 1646 3704 1700 τοῦ
3758 1646 3940 1707 Δαυῒδ,

2370 1742 2855 1810 Δὶσχυνθείησαν
2870 1743 2966 1795 καὶ
2988 1743 3424 1810 ἐντραπείησαν
3438 1738 3655 1805 πάντες
3670 1742 3723 1793 οι
3741 1738 3941 1806 ἐχθροί

2365 1848 2514 1899 μου,
2574 1831 2672 1884 καί
2702 1830 2787 1900 μὴ
2832 1832 3225 1899 αἰσχυνθείην
3258 1831 3390 1902 ἐγώ.
3428 1830 3611 1885 Ταῦτα
3633 1829 3690 1883 δὲ
3730 1828 3831 1881 οὐκ
3876 1826 3942 1880 ἂν

702 1926 753 1971 et
787 1932 890 1969 non
929 1918 1225 1986 confundar
1264 1936 1376 1989 rgo.
1424 1918 1635 1973 Similia
1675 1920 1819 1974 enim
1877 1935 1945 1974 ne
1988 1921 2270 1976 credamus

2372 1920 2720 1993 πεισθείημεν
2749 1921 2921 1985 οὕτως
2953 1921 3231 1993 εἰρηκέναι
3278 1923 3474 1993 ἄνδρας
3512 1920 3794 1992 προφήτας
3844 1918 3942 1969 καὶ

703 2008 907 2064 dixisse
952 2009 1096 2064 viros
1140 2011 1428 2078 prophetas
1471 2020 1525 2066 et
1571 2011 1776 2066 amicos
1810 2009 1902 2066 Dei
1954 2013 2062 2066 alio
2105 2028 2268 2081 quam

2376 2014 2559 2083 φίλους
2579 2014 2735 2077 Θεοῦ,
2763 2016 2811 2068 εί
2836 2014 2910 2085 μὴ
2929 2013 3007 2084 τῷ
3032 2014 3411 2086 προειρημένῳ
3428 2014 3632 2085 τρόπῳ.
3659 2010 3814 2067 Οὕτω
3833 2011 3945 2080 γὰρ

704 2102 953 2171 superius
982 2118 1009 2155 a
1040 2105 1195 2159 nobis
1218 2104 1486 2173 explicato
1512 2120 1681 2160 more.
1714 2105 1890 2173 Atque
1915 2106 1984 2160 ita
2011 2106 2270 2175 intelligat

2375 2104 2479 2175 χρὴ
2505 2107 2644 2157 νοεῖν
2672 2104 2762 2157 τὸν
2797 2104 3079 2175 φιλόπονον
3100 2144 3115 2168 ,
3163 2105 3289 2158 ἔνθα
3315 2104 3380 2159 ἂν
3412 2102 3765 2175 ἐπαρώμενον
3792 2101 3941 2172 εὖροι

704 2200 920 2259 oportet
966 2191 1047 2245 vir
1103 2194 1336 2262 quisque
1376 2194 1600 2249 sedulus
1639 2209 1704 2249 ac
1744 2193 2046 2259 studiosus,
2095 2196 2270 2251 sicubi

2376 2196 2659 2266 προφήτην
2679 2234 2694 2259 ,
2722 2196 2813 2248 ἐπὶ
2836 2197 2961 2260 τοὺς
2985 2198 3206 2268 νοητοὺς
3234 2196 3459 2268 ἐχθροὺς
3480 2195 3587 2250 ἀπὸ
3612 2195 3719 2248 τῶν
3748 2192 3940 2263 αἰσθη-

706 2286 1088 2354 imprecantem
1127 2286 1446 2355 prophetam
1490 2286 1751 2350 inveniat,
1790 2287 1857 2341 ab
1892 2287 2141 2340 hostibus
2177 2286 2269 2355 q-ui

2374 2285 2482 2338 τῶν
2514 2286 2931 2357 μεταϐάλλοντα.
2983 2287 3180 2341 Λοιπὸν
3207 2288 3271 2357 δὴ
3302 2285 3797 2357 καταηολάζεσθαι
3845 2284 3939 2340 τὸν

706 2376 807 2430 sub
838 2392 1056 2432 sensum
1099 2377 1301 2431 cadunt
1326 2376 1395 2431 ad
1442 2376 1807 2447 intelligibiles
1840 2376 2092 2431 inimicos
2128 2375 2267 2432 facta

2374 2378 2619 2450 ἀσκητὴν
2649 2380 2847 2442 παντὸς
2872 2381 3111 2452 ῥήματος
3137 2379 3235 2450 τὴν
3260 2381 3604 2450 κατανόησιν.

704 2467 1077 2523 translatione.
1124 2466 1358 2523 Demum
1391 2482 1587 2523 vacare
1617 2476 1837 2540 oportet
1882 2476 2123 2523 ascetam
2173 2466 2509 2539 singulorum
2543 2470 2833 2527 verborum
2871 2470 3255 2543 intelligentiae.

774 2634 822 2667 ⁸³
859 2634 1003 2691 Psal.
1058 2652 1245 2704 sum,
1277 2639 1334 2693 4.

1390 3002 2070 3163 SANCTI
2217 2997 3250 3160 ATHANASII

1804 3313 2331 3372 ARCHIEPISCOPI
2367 3313 2837 3371 ALEXANDRINI

1144 3514 2292 3647 EXPOSITIONES
2440 3516 2600 3639 IN
2730 3511 3490 3644 PSALMOS.

1252 3903 1671 3963 PSALHUS
1723 3902 1775 3960 1.

1311 3998 1712 4066 Argumentum.

707 4088 924 4145 initium
966 4088 1259 4158 prophetiae
1290 4087 1511 4142 Christo
1552 4089 1620 4141 ab
1664 4087 1783 4156 ipso
1816 4085 2112 4142 secundum
2152 4101 2274 4141 car-

771 4198 891 4238 nem
917 4182 1192 4236 nascituro
1222 4179 1379 4235 oﬂ‘ert
1406 4178 1593 4235 David.
1618 4178 1981 4246 Quamobrem
2008 4178 2058 4232 in
2084 4177 2276 4248 primis

773 4275 959 4329 beatos
984 4274 1113 4330 dicit
1143 4274 1233 4344 qui
1258 4281 1480 4343 sperant
1508 4273 1563 4326 in
1592 4288 1675 4327 eo.

775 4364 998 4440 [Beatos
1016 4376 1194 4420 autem
1220 4373 1382 4421 vocat
1404 4379 1499 4419 eos
1525 4364 1617 4433 qui
1650 4378 1759 4417 non
1786 4363 1990 4419 abeunt
2016 4364 2071 4418 in
2092 4364 2275 4419 consi-

703 4459 835 4514 lium
871 4459 1182 4527 impiorum,
1217 4472 1394 4528 neque
1422 4464 1569 4511 stant
1599 4456 1651 4511 in
1684 4457 1769 4511 via
1800 4466 2148 4526 peccatorum
2173 4472 2270 4512 ne-

704 4565 811 4619 que
840 4550 1027 4604 sedent
1068 4550 1120 4602 in
1162 4549 1420 4603 cathedra
1468 4546 1854 4613 pestilentium.
1879 4545 2013 4602 Nam
2044 4556 2151 4602 tres
2181 4562 2272 4602 or-

702 4638 860 4694 dines
892 4639 1032 4708 apud
1064 4636 1277 4692 Judaaos
1310 4645 1466 4690 erant
1489 4645 1679 4691 contra
1724 4636 2060 4691 Salvatorem
2090 4638 2270 4691 insur-

706 4742 912 4800 gentes.
954 4731 1144 4789 scribae
1184 4730 1411 4795 scilicet,
1456 4729 1714 4783 Phariszei
1758 4738 1811 4783 et
1833 4728 2147 4798 legisperiti,
2175 4730 2269 4798 qui

700 4821 823 4891 jure
864 4830 1023 4889 atque
1059 4822 1253 4875 merito
1303 4821 1477 4889 impii,
1510 4830 1825 4891 peccatores
1869 4828 1923 4875 et
1958 4820 2269 4888 pestilentes

706 4922 1105 4981 nuncupentur.
1138 4912 1236 4967 Via
1267 4912 1462 4967 dicitur
1504 4915 1616 4969 haec
1645 4913 1779 4977 vita,
1807 4913 1935 4984 quia
1973 4914 2008 4967 ii
2039 4913 2131 4982 qui
2171 4928 2269 4967 na-

705 5014 951 5069 scuntur,
982 5005 1047 5058 ad
1080 5003 1236 5058 linem
1262 5002 1535 5075 pergunt]

788 5096 838 5148 1.
875 5094 1071 5149 Beatus
1109 5095 1188 5148 vir
1213 5096 1301 5165 qui
1334 5112 1433 5149 non
1465 5097 1593 5149 abiit
1624 5095 1677 5149 in
1711 5096 1931 5150 consilio
1964 5097 2263 5165 impiorum.

2882 3902 3282 3955 ΨᾹΛΜΟΣ
3332 3905 3413 3954 Α’.

3000 3992 3322 4054 ’Υπόθεωςκ

2375 4086 2485 4158 Τὴν
2509 4085 2679 4157 ἀρχὴν
2707 4085 2803 4155 τῆς
2829 4082 3160 4155 προφητείας
3184 4081 3262 4154 τῷ
3288 4081 3347 4146 ἐξ
3374 4079 3535 4135 αὑτοῦ
3564 4081 3935 4156 τεχθησομένῳ

2444 4174 2662 4248 Χριστῷ
2695 4173 3007 4243 ἀνατίθησιν
3026 4174 3054 4225 6
3078 4173 3256 4226 Δαυῖδ.
3285 4172 3374 4225 Διὸ
3406 4175 3462 4225 ὲν
3492 4171 3727 4244 πρώτοις
3752 4190 3933 4245 μακε-

2446 4268 2584 4339 ρίζει
2609 4266 2731 4329 τοὺς
2760 4267 2837 4328 εἰς
2865 4264 3023 4318 αὑτὸν
3056 4263 3370 4331 ἡλπικότας.

2446 4358 2785 4436 [Μακαρίους
2810 4356 2866 4409 δὲ
2895 4355 3048 4409 καλεί
3063 4358 3186 4419 τοὺς
3210 4355 3283 4425 μὴ
3312 4354 3666 4425 πορευθέντας
3685 4356 3741 4409 ὲν
3770 4355 3932 4428 βουλῇ

2372 4448 2600 4512 ἀσεϐῶν,
2642 4448 2777 4517 μήτε
2813 4444 2921 4516 μην
2957 4446 3183 4508 στάντας
3210 4447 3265 4497 ὲν
3292 4444 3394 4515 ὀδῷ
3422 4446 3781 4517 ἁμαρτωλῶν,
3798 4448 3933 4517 μήτε

2370 4540 2462 4594 ἐπὶ
2487 4538 2749 4610 καθέδραν
2774 4536 2975 4607 λοιμῶν
3006 4535 3423 4606 καθεστηκότας.
3449 4536 3586 4603 Τρία
3615 4536 3720 4608 γάρ
3759 4533 3827 4608 ἦν
3866 4537 3934 4591 τά

2369 4634 2623 4702 τάγματα
2665 4628 2814 4700 παρὰ
2851 4628 3121 4691 Ἰουδαίοις
3150 4626 3291 4680 κατᾶ
3327 4626 3421 4680 τοῦ
3448 4629 3695 4700 Σωτῆρος
3734 4630 3933 4685 ἐπανα-

2373 4724 2587 4782 στάντα,
2620 4721 2984 4791 γραμματεῖς,
3013 4719 3314 4789 Φαρισαῖοι,
3345 4720 3438 4772 καὶ
3471 4718 3682 4789 νομικοί
3704 4736 3717 4749 ·
3758 4720 3809 4773 οἳ
3838 4721 3933 4774 καὶ

2371 4813 2614 4884 κληθεῖεν
2642 4811 2864 4874 εἰκότως
2895 4810 3109 4874 ἀσεϐεῖς
3142 4810 3234 4863 καὶ
3263 4810 3571 4881 ἁμαρτωλοὶ
3614 4812 3706 4865 καὶ
3734 4812 3929 4883 λοιμοί.

2381 4905 2526 4968 Ὁδὸς
2557 4904 2653 4975 μὲν
2681 4905 2709 4956 6
2735 4902 2848 4973 βίος
2892 4901 3105 4973 εἴρηται
3132 4898 3218 4953 διὰ
3247 4902 3341 4972 τὴν
3368 4901 3503 4972 πρὸς
3539 4902 3597 4954 τὸ
3643 4901 3793 4967 τέλος
3823 4904 3930 4958 τῶν

2367 4995 2719 5065 γεννωμένων
2750 4990 2988 5063 ἐπαξιν.]

2437 5084 2733 5153 Μακάριος
2758 5083 2911 5153 ἀνὴρ
2941 5084 3008 5149 ὃς
3032 5085 3140 5138 οὐκ
3168 5083 3453 5153 ἐπορεύθη
3480 5084 3767 5154 ἐνβουλῇ
3789 5083 3931 5141 ἀσε-

703 5183 891 5240 Potest
910 5184 1199 5239 consilium
1228 5185 1517 5254 impiorum
1550 5193 1725 5240 coetus
1748 5185 1852 5239 dici
1878 5201 1941 5239 ac
1969 5195 2267 5241 conventus

2372 5176 2503 5232 ϐῶν.
2534 5176 2767 5229 Δυνατὸν
2816 5175 2873 5228 δὲ
2916 5175 3107 5246 βουλὴν
3146 5176 3355 5230 ἀσεϐῶν
3389 5179 3558 5252 εἰπεῖν
3586 5176 3684 5247 τὴν
3716 5176 3930 5231 σύνοδον

704 5276 1093 5345 improborum.
1130 5275 1373 5346 Cumque
1424 5277 1646 5330 noxium
1694 5278 1765 5329 sit
1809 5291 1927 5331 sese
1974 5276 2263 5345 impiorum

2372 5270 2463 5323 καὶ
2501 5268 2599 5337 τὴν
2625 5266 2928 5320 συνέλευσιν
2953 5267 3057 5321 τῶν
3082 5268 3350 5339 πονηρῶν.
3377 5268 3485 5321 Καὶ
3518 5268 3638 5321 ἐπεὶ
3671 5267 3929 5341 βλαϐερὸν

705 5369 934 5424 coetibus
974 5369 1297 5432 immiscere,
1330 5370 1545 5423 heatum
1573 5368 1706 5423 dicit
1731 5386 1876 5433 eum,
1912 5368 2002 5438 qui
2039 5384 2105 5422 ne
2136 5377 2260 5422 tan-

706 5458 877 5512 tillum
901 5459 1118 5527 quidem
1144 5460 1208 5513 ad
1239 5460 1453 5513 illorum
1489 5470 1787 5514 conventus
1819 5459 2046 5514 accedit.
2064 5457 2265 5527 Hujus-

704 5548 851 5603 modi
878 5560 992 5604 erat
1012 5550 1210 5620 Joseph
1241 5552 1307 5604 ab
1330 5551 1628 5605 Arimathia
1656 5571 1668 5606 :
1701 5553 1794 5622 qui
1827 5567 2022 5621 corpus
2053 5551 2267 5605 Domini

2368 5362 2430 5414 τὸ
2461 5365 2570 5424 τοῖς
2596 5359 2921 5430 ἁθροίσμασι
2958 5358 3065 5411 τῶν
3092 5358 3302 5412 ἀσεϐῶν
3342 5358 3724 5430 παραϐάλλειν,
3756 5376 3930 5429 μακα-

2373 5453 2507 5525 ρίζει
2530 5452 2619 5505 τὸν
2652 5451 2783 5522 μηδὲ
2815 5449 2954 5504 κατὰ
2980 5450 3141 5504 ποσὸν
3169 5452 3247 5512 εἰς
3273 5450 3331 5502 τὸ
3360 5449 3518 5503 αὐτὸν
3551 5447 3731 5511 αὐτοῖς
3768 5448 3922 5519 ἐρχό-

2370 5560 2547 5614 μενον.
2577 5541 2825 5605 Τοιοῦτος
2848 5542 3088 5611 ὑπῆρχεν
3113 5542 3141 5592 6
3170 5540 3366 5611 Ἰωσὴφ
3394 5542 3422 5592 6
3450 5540 3555 5593 ἀπὸ
3583 5538 3919 5609 Ἀριμαθίας,

705 5652 769 5692 ac
798 5636 891 5691 Dei
943 5640 1206 5706 sepelivit.
1260 5638 1333 5693 De
1364 5640 1455 5693 illo
1488 5656 1720 5711 namque
1750 5641 1955 5695 dictum
1982 5640 2086 5695 fuit
2119 5640 2265 5709 quod

2372 5639 2393 5689 ό
2422 5636 2482 5689 τὸ
2511 5634 2668 5704 σῶμα
2693 5634 2784 5686 τοῦ
2819 5632 3019 5705 Κυρίου
3047 5633 3139 5685 καὶ
3163 5631 3297 5685 Θεοῦ
3325 5630 3515 5701 θάψας.
3548 5631 3775 5702 Εἴρηται
3815 5629 3921 5699 γάρ

707 5742 813 5781 non
837 5728 1215 5798 astipularetur
1235 5730 1463 5786 consilio
1500 5745 1687 5785 eorum
1724 5732 1815 5800 qui
1857 5730 2044 5787 Jesum
2090 5731 2267 5801 prodi-

706 5819 852 5875 dere.
891 5818 955 5875 Et
991 5821 1045 5875 in
1065 5822 1312 5878 cathedra
1341 5824 1693 5893 pestilentium
1724 5840 1823 5878 non
1858 5825 2013 5881 sedit.
2047 5823 2148 5879 Per
2172 5839 2261 5878 ca-

2368 5728 2493 5798 mpi.
2522 5724 2706 5791 αὐτοῦ,
2736 5725 2811 5789 ὡς
2862 5724 2960 5777 οὐκ
3003 5720 3073 5796 ἦν
3125 5722 3641 5793 συγκατατιθέμενος
3664 5724 3729 5791 τῇ
3761 5721 3919 5791 βουλῇ

2364 5819 2471 5873 τῶν
2501 5814 2672 5889 Ἰησοῦ
2705 5816 2988 5891 προδοτῶν.
3012 5813 3119 5870 Καὶ
3138 5815 3236 5868 ἐκί
3262 5812 3549 5884 καθέδραι·
3572 5810 3792 5885 λοιμῶν
3808 5813 3919 5866 οὐκ
