4122 6492
200 437 258 492 σι
1389 435 1751 496 EXPOSITIO

1846 437 1858 494 Ι
1893 436 2227 496 Ρελιιιυιι
2261 439 2303 498 l.
3359 432 3434 489 69

197 553 446 612 Wst".
473 555 580 644 Διρ
606 558 706 629 τῆς
731 556 994 629 καθέδρας
1015 556 1114 629 τὴν
1133 556 1477 614 διδασκαλίαν
1501 560 1668 631 δηλοῖ,
1693 558 1751 622 ὥς

1871 578 2137 644 thedram,
2167 576 2467 633 doctrinam
2501 575 2788 644 signiﬁcat,
2827 580 2887 628 ut
2912 572 3027 643 ipse
3058 571 3129 627 ait
3145 571 3228 625 ’δι
3262 569 3432 639 Super

198 663 383 719 φησιν·
426 641 561 703 Ἐπὶ
593 647 703 717 τῆς
730 647 1014 718 καθέδρας
1050 647 1324 716 Μωσέως.
1358 650 1608 722 Καθέδρα
1651 651 1761 704 τοί-

195 758 282 795 νυν
307 738 512 813 λοιμῶν
544 743 581 813 ή
608 741 921 796 διδασκαλία
949 743 1058 797 τῶν
1087 743 1355 814 πονηρῶν.

268 833 511 903 Ἡμέρας
546 835 648 889 καί
679 837 913 901 νυκτός.
961 836 1034 889 Τὸ
1072 835 1317 889 σύντονον
1347 833 1512 905 δηλοῖ.
1544 836 1618 888 Ού
1652 833 1760 906 7&9

193 924 550 997 ἠμελημένως
577 927 660 981 δεῖ
687 926 913 998 μελετᾷν
943 925 1035 981 τὸν
1060 928 1221 998 νόμον
1245 925 1340 980 τοῦ
1369 927 1595 998 Κυρίου.

257 1101 446 1176 [Ἀλλ’
495 1106 538 1174 ἢ
568 1107 639 1160 ἐν
671 1104 750 1171 τῷ
775 1107 934 1177 νόμῳ
960 1108 1180 1176 Κυρίου
1207 1106 1273 1161 τὸ
1297 1106 1524 1176 θέλημα
1547 1106 1755 1170 αὐτοῦ,

190 1196 281 1249 καί
305 1197 376 1251 ἐν
402 1214 488 1262 τῳ
525 1200 691 1268 νόμῳ
717 1200 901 1254 αὐτοῦ
922 1200 1239 1270 μελετήσει
1272 1199 1494 1269 ἡμέρας
1526 1199 1622 1252 καί
1649 1215 1757 1252 νυ·

1866 659 2168 724 raihedram
2194 669 2385 739 Moysi.
2441 667 2708 724 Cathedra
2740 666 2905 736 igitur
2925 664 3314 735 pestilentium,
3345 671 3432 718 cst

1857 761 2101 816 doctrina
2139 761 2470 830 iniquorum.

1927 853 1981 908 2.
2014 853 2113 907 Die
2140 870 2201 906 ac
2227 864 2393 907 nocte.
2419 850 2653 906 Fervens
2673 848 2840 903 animi
2867 846 3107 904 studium
3137 844 3428 915 signiﬁcat.

1861 943 2138 1015 Siquidem
2183 961 2292 1000 non
2339 951 2424 999 cst
2460 939 2830 997 meditandum
2881 939 3211 1010 negligenter
3256 937 3429 1007 legem

1857 1033 2094 1088 Domini.

1930 1125 2058 1197 [Sed
2096 1126 2150 1178 in
2179 1124 2289 1195 lege
2320 1123 2536 1178 Domini
2569 1122 2810 1176 voluntas
2843 1121 2980 1190 ejus,
3011 1128 3060 1174 et
3085 1118 3137 1172 in
3171 1117 3282 1188 lege
3312 1116 3428 1186 ejus

1857 1218 2199 1273 meditabitur
2225 1218 2311 1272 die
2340 1233 2401 1271 ac
2431 1224 2599 1270 nocte.
2629 1215 2684 1268 lu
2714 1214 2849 1283 lege,
2881 1211 3125 1283 angelica
3153 1208 3424 1264 videlicet.

189 1289 338 1353 κτός.
371 1289 466 1361 Τῷ
497 1291 669 1360 νόμῳ,
697 1288 775 1359 τῷ
803 1292 1071 1363 ἀγγελικῷ
1103 1292 1361 1364 δηλονότι.
1400 1291 1474 1344 Τὸ
1510 1291 1751 1344 σύντονον

1854 1311 2270 1367 Contentionem
2320 1310 2588 1379 signiﬁcat
2631 1323 2697 1362 ac
2739 1305 3076 1376 diligentiam
3103 1319 3118 1368 ;
3149 1318 3256 1356 non
3277 1299 3424 1355 enim

185 1380 356 1450 δηλοῖ⁸
390 1384 452 1437 ού
486 1385 600 1457 7&9
629 1387 984 1457 ἠμελημένως
1009 1385 1091 1437 δεῖ
1115 1383 1342 1455 μελετᾷν
1373 1383 1461 1436 τὸν
1480 1383 1641 1452 νόμον
1663 1379 1751 1434 τοῦ

1856 1403 2084 1456 remisse
2114 1416 2179 1456 ac
2200 1400 2537 1470 negligenter
2561 1405 2774 1467 oportet
2799 1396 2967 1466 legem
3003 1392 3216 1448 Domini
3253 1390 3427 1446 medi-

186 1471 401 1542 Κυρίου.
435 1475 512 1528 Οδ
567 1476 676 1547 7&9
718 1476 847 1529 ποτὲ
891 1475 969 1528 δεῖ
1011 1477 1120 1537 τοῖς
1151 1473 1396 1544 μελετᾷν,
1427 1473 1556 1524 ποτὲ
1582 1471 1638 1524 δὲ
1665 1469 1749 1537 οὒ,

1855 1493 1979 1552 tari.
2015 1489 2197 1561 Neque
2236 1492 2398 1544 modo
2430 1489 2798 1545 meditandum
2820 1525 2836 1552 ,
2871 1486 3032 1541 modo
3065 1482 3424 1555 superseden-

184 1563 289 1616 ἀλλ’
321 1565 407 1618 ἀεὶ
454 1566 560 1619 καὶ
597 1567 882 1630 διαπαντὸς
919 1567 1030 1629 τοῖς
1058 1566 1218 1628 θείοις
1251 1564 1445 1631 λογίοις
1475 1562 1751 1636 προσηλῶ-

1853 1585 1981 1640 dum
2031 1583 2422 1648 meditatione;
2465 1581 2557 1637 sed
2603 1595 2818 1649 semper
2863 1587 2917 1634 et
2957 1576 3177 1632 assidue
3227 1575 3425 1629 divinis

186 1653 331 1708 σθαι·
366 1657 538 1710 τοῦτο
569 1660 676 1730 7&9
700 1658 848 1730 δηλοῖ
873 1659 951 1718 τὸ.
984 1657 1204 1726 ἡμέρας
1247 1656 1345 1709 καί
1374 1658 1611 1721 νυκτός.
1643 1657 1755 1709 Κα-

181 1745 265 1810 λὸς
286 1746 382 1802 τοῦ
418 1749 848 1821 κατορθώματος
877 1752 904 1803 6
931 1749 1145 1821 μισθός’
1177 1751 1204 1802 ὁ
1230 1749 1337 1819 γὰρ
1367 1748 1445 1819 τῷ
1471 1747 1598 1818 θείῳ
1625 1764 1751 1818 σχο-

180 1836 349 1903 λάζων
382 1840 544 1910 νόμῳ
570 1841 661 1893 καὶ
689 1845 800 1904 τοῖς
827 1842 889 1894 ὲκ
916 1839 1103 1893 τούτου
1123 1840 1354 1910 νάμασιν
1378 1839 1746 1911 άρδευόμενος.

1853 1676 2088 1732 oraculis
2122 1689 2240 1730 sese
2278 1675 2528 1730 addicere
2559 1688 2695 1743 opus
2732 1681 2854 1727 est:
2891 1672 2939 1726 id
2974 1672 3116 1725 enim
3152 1667 3426 1738 signiﬁca-

1855 1775 1943 1822 tur
1989 1767 2093 1822 hoc
2137 1766 2302 1830 dicto,
2332 1767 2417 1818 die
2451 1782 2512 1818 ac
2541 1776 2708 1819 nocte.
2741 1763 2885 1817 Buna
2927 1772 3010 1818 est
3052 1775 3262 1816 merces
3294 1759 3421 1813 buni

1853 1861 2032 1930 operis
2061 1878 2073 1914 :
2101 1859 2193 1930 qui
2239 1861 2382 1915 enim
2433 1858 2628 1912 divina:
2673 1867 2829 1912 vacat
2870 1855 2993 1927 legi,
3039 1855 3158 1924 ejus
3205 1851 3422 1906 ﬂuentis

182 1927 282 1981 Kal
319 1927 466 2000 ὕδωρ
485 1931 586 1983 καὶ
612 1932 640 1983 6
661 1931 890 2002 Χριστὸς
930 1929 1027 2002 τὴν
1055 1929 1248 1983 ἑαυτοῦ
1278 1929 1618 1983 διδασκαλίαν
1662 1930 1751 1980 ἀν-

1855 1951 2130 2021 irrigatur.
2170 1951 2423 2005 Christus
2449 1967 2664 2020 quoque
2693 1949 2994 2003 doctrinam
3025 1961 3178 2001 suam
3209 1943 3423 1997 vocavit

181 2020 432 2073 εκάλεσεν
453 2022 657 2075 εἰπών·
682 2023 755 2076 El
773 2040 862 2086 τις
891 2020 1056 2090 διψᾷ,
1080 2020 1340 2090 ἐρχέσθω
1365 2020 1509 2088 πρὸς
1540 2021 1637 2089 μὲ,
1655 2020 1749 2073 καί

180 2108 511 2181 αινέτω.Τῷ
529 2113 656 2181 παρ’
669 2110 821 2164 ὕδασι
837 2111 1033 2181 δένδρῳ
1047 2111 1370 2164 ἀπείκασται
1386 2112 1473 2164 ἀεὶ
1484 2111 1747 2181 τεθηλότι,

179 2202 260 2253 ἀεὶ
282 2201 529 2272 βρίθοντι
549 2206 657 2266 τοῖς
683 2203 920 2274 ὡραίοις.
949 2201 1013 2256 Οἱ
1045 2202 1153 2274 7&9
1171 2205 1268 2274 τῆς
1294 2204 1491 2275 αρετῆς
1525 2203 1750 2272 ἀθληταὶ

177 2291 296 2354 τοὺς
345 2292 445 2362 μὲν
493 2292 605 2345 τῶν
636 2293 811 2347 πόνων
844 2294 1084 2364 καρποὺς
1113 2293 1253 2345 κατὰ
1289 2292 1350 2345 τὸ
1379 2291 1567 2362 μέλλον
1592 2292 1740 2362 κομί·

176 2396 386 2437 οονται·
415 2379 536 2439 οἷον
563 2385 620 2438 δέ
653 2403 763 2439 τισι
805 2385 1021 2454 φύλλοις
1050 2383 1337 2438 κάντεῦθεν
1361 2387 1425 2455 τῇ
1457 2383 1631 2454 ἀγαθῇ
1662 2383 1748 2436 ἑλ-

179 2475 282 2528 πίδι
333 2477 813 2542 χατασκιάζονται,
842 2457 932 2531 καὶ
982 2477 1269 2529 κλέπτουσι
1315 2478 1380 2547 τῇ
1425 2475 1748 2546 ψυχαγωγία

176 2569 268 2638 τὴν
290 2568 399 2621 τῶν
435 2569 617 2621 πόνων
641 2567 933 2638 βαρύτητα.
967 2567 1056 2639 Τῷ
1087 2567 1312 2638 τοιούτῳ
1344 2569 1520 2621 πάντα
1556 2567 1748 2622 sintita-

177 2655 415 2726 θήσεται.
437 2657 604 2710 Οὐδὲν
632 2657 739 2727 γὰρ
763 2657 1000 2711 ἐναντίον
1025 2661 1138 2720 τοῖς
1164 2656 1326 2721 θείοις
1349 2657 1530 2728 νόμοις
1553 2658 1746 2728 διενερ-

176 2747 347 2818 γήσει,
380 2746 468 2818 τῷ
498 2747 591 2800 τοῦ
637 2748 800 2817 νόμου
830 2747 1125 2818 βουλήματι
1157 2747 1538 2818 συναρμόττων
1562 2748 1624 2799 τὸ
1655 2745 1742 2798 θὲ-

175 2835 315 2907 λημα
331 2855 345 2870 ’
387 2834 656 2911 πρότερον
679 2841 890 2893 ἅπαντα
918 2838 1016 2908 τῆς
1041 2839 1237 2901 κακίας
1263 2836 1643 2909 ἀπαγορεύσας
1671 2837 1739 2891 τὰ

179 2929 308 3002 είδη,
342 2933 444 2984 καὶ
471 2930 579 2983 τῶν
605 2930 761 2983 θείων
788 2930 962 2999 νόμων
984 2927 1264 2992 ὑποδείξας
1285 2929 1384 3000 τὴν
1406 2927 1736 3000 τελειότητα,

179 3020 339 3085 οὕτως
370 3022 645 3092 ἐπήγαγε·
677 3020 878 3076 Πάντα
908 3019 1024 3075 ὅσα
1054 3020 1131 3075 ἂν
1153 3019 1342 3093 ποιῇ]

1855 2059 2073 2112 aquam,
2099 2058 2220 2098 cum
2253 2043 2427 2097 ait":
2459 2042 2517 2098 Si
2550 2044 2664 2112 quis
2683 2043 2820 2105 sitit,
2853 2040 3022 2094 veniat
3049 2037 3116 2090 ad
3149 2051 3226 2089 me
3261 2045 3308 2089 et
3338 2035 3421 2087 bi-

1855 2133 1962 2187 bat.
2017 2131 2187 2202 Ligno
2227 2132 2292 2186 ad
2332 2148 2503 2202 aquas
2543 2132 2721 2201 posito
2753 2136 3100 2198 comparatus
3135 2134 3238 2191 est,
3277 2123 3422 2193 quod

1855 2239 2064 2292 semper
2090 2223 2264 2290 ﬁoret,
2284 2239 2496 2293 semper
2518 2222 2784 2278 fructibus
2811 2217 3144 2288 tempestivis
3161 2226 3420 2271 onustum

1854 2324 1956 2370 est.
1981 2313 2115 2369 Nam
2151 2316 2368 2370 virtutis
2406 2315 2622 2370 athletae.
2665 2313 2912 2368 laborum
2951 2309 3167 2379 quidem
3209 2306 3421 2361 fructus

1852 2405 1906 2459 in
1941 2404 2127 2461 futuro
2163 2417 2460 2476 reportant,
2500 2415 2573 2469 et,
2609 2421 2706 2460 ceu
2740 2403 3065 2474 quibusdam
3104 2398 3248 2453 loliis
3295 2397 3420 2450 inde

1848 2496 2092 2560 emissis,
2121 2511 2217 2566 spe
2260 2497 2400 2550 bona
2439 2497 2854 2556 adumbrantur,
2888 2492 3245 2557 laborumque
3290 2503 3418 2557 gra-

1845 2587 2065 2642 vitatem
2115 2587 2428 2657 hujusmodi
2491 2588 2825 2641 recreatione
2890 2583 3248 2638 suﬁ‘urantur.
3298 2575 3418 2630 Tali

1843 2680 1962 2735 viro
1993 2681 2174 2736 omnia
2199 2696 2412 2751 semper
2445 2694 2700 2750 prospere
2726 2685 2953 2732 vertent.
2977 2673 3122 2728 Nihil
3160 2671 3302 2728 enim
3329 2670 3416 2723 di-

1846 2769 1988 2822 vinis
2034 2769 2242 2839 legibus
2290 2770 2662 2825 adversarium
2708 2768 2976 2833 admittet,
3012 2765 3104 2835 qui
3153 2762 3418 2818 voluntati

1849 2859 1984 2929 legis
2019 2875 2174 2915 suam
2222 2859 2601 2916 accommodat
2637 2849 3006 2913 voluntatem:
3043 2854 3170 2924 quia
3203 2869 3232 2908 a
3269 2853 3420 2923 prin-

1847 2950 1991 3021 cipio
2018 2950 2107 3006 ille
2136 2967 2328 3008 omnes
2368 2951 2588 3006 malitiae
2630 2951 2840 3021 species
2879 2946 3201 3011 eliminavit,
3229 2955 3280 3000 et
3322 2945 3418 2999 de-

1847 3041 2047 3095 clarata
2074 3041 2378 3095 divinarum
2398 3042 2575 3112 legum
2601 3040 2951 3112 perfectione,
2977 3039 3048 3093 ita
3076 3035 3265 3091 infert:
3284 3032 3417 3090 0m-

1845 3134 1936 3186 uia
1965 3149 2284 3203 quiscunque
2314 3131 2519 3205 [πίει]

248 3244 343 3300 llis
373 3247 565 3315 adjicit
603 3244 738 3300 Dan.
762 3245 1028 3299 Barbarus
1052 3259 1070 3298 :
1090 3242 1186 3298 Dic
1203 3251 1380 3298 autem
1413 3240 1700 3295 meditatur
1723 3242 1817 3312 qui
1843 3243 1895 3298 in
1923 3245 2215 3300 virtutibus
2245 3244 2480 3316 proiicit,
2507 3253 2665 3299 nocte
2690 3257 2840 3307 vero,
2859 3243 2952 3313 qui
2976 3258 3099 3298 cum
3128 3244 3416 3314 perturba-

178 3338 350 3394 tiones
392 3338 706 3407 insurgunt,
736 3335 1015 3388 immotam
1043 3343 1223 3389 servat
1252 3333 1422 3388 animi
1450 3333 1886 3404 generositatem.

243 3451 352 3506 Kal
397 3451 570 3506 ἔσται
601 3449 682 3514 ὡς
709 3448 772 3502 τὸ
799 3449 989 3513 ξύλον
1017 3446 1081 3501 τὸ
1114 3448 1562 3517 πεφυτευμένον
1585 3445 1742 3514 παρὰ

1915 3450 1968 3505 5.
1989 3455 2056 3506 Et
2079 3454 2179 3507 erit
2197 3465 2447 3526 tauquam
2477 3458 2676 3526 lignum
2701 3456 2841 3526 quod
2860 3455 3158 3525 plumatum
3181 3466 3280 3520 est,
3309 3467 3414 3515 etc.

178 3541 278 3608 τὰς
313 3541 626 3606 διεξόδους
670 3530 786 3592 τῶν
832 3538 1588 3609 ὺδάτων.Ἐξομολογήσεως,
1625 3538 1742 3608 ήτοι

178 3631 486 3705 παρασολῆς
510 3627 663 3695 ξύλον
690 3631 719 3682 6
748 3627 979 3699 Χριστὸς
1008 3629 1416 3697 ἀναγέγραπται
1449 3629 1505 3678 ὲν
1534 3631 1596 3698 τῇ
1629 3627 1745 3683 οεο-

180 3723 424 3794 πνεύστῳ
449 3722 674 3794 Τραφῇ.
704 3721 843 3775 κατὰ
881 3721 940 3774 τὸ
991 3718 1274 3791 εἰρημένον
1298 3736 1311 3748 ·
1359 3719 1558 3773 Ξύλον
1598 3720 1744 3790 ζωῆς

176 3816 300 3870 ἐστι
330 3815 482 3873 πᾶσι
512 3815 634 3881 τοῖς
653 3813 1067 3883 ἀντεχομένοις
1093 3812 1299 3880 αὐτῆς.
1333 3814 1491 3882 Λέγει
1519 3810 1630 3878 οὖν,
1662 3815 1741 3868 ὃτι

177 3909 225 3960 οἱ
253 3907 641 3970 πιστεύσαντες
665 3906 740 3975 τῷ
771 3905 988 3978 Χριστῷ
1018 3907 1175 3976 σῶμα
1204 3905 1365 3958 αὑτοῦ
1389 3905 1627 3961 ἔσονται·
1655 3925 1743 3978 με·

177 4001 570 4072 τασχηματίσει
613 3997 721 4070 7&9
764 3999 823 4052 τὸ
868 3999 1027 4069 σῶμα
1055 3998 1154 4069 τῆς
1183 3997 1556 4061 ταπεινώσεως
1586 3999 1742 4068 ἡμῶν

180 4091 305 4162 πρὸς
349 4090 413 4142 τὸ
459 4088 712 4158 γενέσθαι
744 4088 1062 4160 σύμμοριρον
1091 4088 1168 4158 τῷ
1202 4086 1412 4158 σώματι
1449 4088 1548 4158 τῆς
1585 4088 1742 4157 δόξης

179 4179 354 4233 αὑτοῦ.
408 4179 722 4244 Διεξόδοινς
765 4179 822 4232 δὲ
864 4179 981 4232 τῶν
1032 4178 1264 4234 ὑδάτων
1299 4178 1398 4244 τὰς
1428 4179 1576 4242 θείας
1608 4180 1740 4249 φησὶ

169 4270 413 4342 Τραφάς·
447 4273 506 4324 ὲν
538 4265 624 4334 αῖς
654 4269 962 4340 ἁπανταχοῦ
998 4270 1143 4323 ἔστιν
1175 4270 1352 4342 εύρείν
1383 4270 1614 4342 Χριστὸν
1636 4287 1748 4342 κη-,

180 4366 524 4435 ρυστόμενον.
571 4361 778 4435 [Ξύλον
805 4361 948 4432 ζωῆς
976 4364 1005 4415 6
1035 4362 1288 4433 Χριστὸς,
1317 4361 1496 4416 κλάδοι
1524 4362 1569 4414 oi
1606 4362 1740 4415 ἀπόο

180 4456 366 4520 στολοι,
396 4455 606 4527 καρπὸς
632 4449 769 4524 αἷμα
797 4455 888 4507 καὶ
916 4453 1058 4524 ὕδωρ
1079 4454 1142 4506 ἐκ
1164 4455 1263 4524 τῆς
1293 4453 1554 4524 πλευρᾶς·
1581 4446 1654 4508 ὧν
1682 4454 1741 4507 τὸ

181 4550 271 4619 μὲν
316 4549 399 4609 είς
433 4547 783 4601 ὑποτύπωσιν
816 4546 1133 4619 μαρτυρίου,
1163 4545 1223 4598 τὸ
1256 4544 1312 4598 δὲ
1347 4545 1735 4623 βαπτίσματος.

176 4639 345 4693 eam
371 4640 422 4692 ὀί
444 4637 592 4706 λόγοι
617 4654 628 4668 ’
663 4637 872 4709 καρπὸν
901 4635 994 4690 τοῦ
1029 4635 1185 4702 ξύλου
1219 4637 1428 4707 νοήσεις
1453 4635 1549 4706 τὴν
1576 4634 1740 4708 ὀρθὴν

177 4730 378 4784 πίστινο
413 4729 585 4800 φύλλα
632 4729 687 4783 δὲ
730 4726 892 4782 αὐτοῦ
922 4729 1020 4800 τὴν
1049 4727 1324 4798 πλήρωσιν
1361 4726 1467 4781 τῶν
1491 4727 1737 4782 ἐντολῶν.

179 4822 397 4894 Καρπὺς
426 4823 522 4875 καὶ
557 4823 608 4874 οί
644 4821 954 4891 σωζόμενοι,
987 4820 1112 4892 ῥίζα
1142 4818 1203 4874 τὺ
1231 4820 1541 4891 βάπτισμα’
1567 4837 1740 4894 γεωρ-
1769 4800 1813 4856 θ

177 4915 264 4982 76;
290 4919 319 4970 6
350 4913 592 4986 Πατήρ.]
628 4916 688 4966 Ὃ
711 4917 816 4968 τὸν
848 4913 1078 4982 καρπὸν
1103 4913 1288 4968 αὐτοῦ
1316 4912 1489 4966 δώσει
1511 4912 1580 4965 ἐν
1613 4930 1740 4967 και-

171 5003 251 5072 ρῷ
275 5004 484 5059 αὐτοῦ.
510 5004 735 5074 Καρπδν
775 5002 869 5057 τοῦ
919 5001 1074 5067 ξύλου
1120 5003 1330 5075 νοήσεις
1371 5002 1470 5072 τὴν
1515 5002 1736 5056 πίστιν⁹

179 5094 343 5164 φύλλα
388 5094 444 5148 δὲ
490 5094 652 5148 αὐτοῦ
683 5093 782 5166 τὴν
811 5095 1086 5168 πλήρωσιν
1115 5092 1223 5145 τῶν
1257 5092 1504 5146 ἐντολῶν.
1536 5092 1644 5146 Kal
1675 5092 1736 5145 τὸ

176 5190 410 5256 φύλλον
437 5188 623 5242 αὐτοῦ
651 5190 762 5242 οὐκ
789 5186 1224 5256 ἀπορῤυήσεται
1243 5226 1258 5252 ,
1303 5185 1402 5238 οὐκ
1451 5185 1741 5238 ἀποπεσεῖ-

179 5297 281 5333 ται.
315 5281 424 5337 Καὶ
448 5279 644 5333 πάντα
665 5279 782 5334 ὅσα
801 5278 880 5334 ἂν
903 5277 1043 5348 ,ποιῇ
1070 5275 1629 5344 κατευοδωθήσεται.
1664 5276 1738 5330 Ού

178 5374 280 5446 γάρ
306 5376 420 5428 ἐστι
449 5372 647 5444 πρᾶξις
669 5372 776 5425 τῶν
804 5372 942 5426 κατὰ
965 5371 1094 5425 Θεὸν
1114 5370 1411 5441 γινομένων
1436 5370 1736 5441 ἀνωφελής.

180 5465 398 5539 ῘΚαιρδς
430 5466 525 5520 τοῦ
555 5466 750 5519 διδόναι
779 5467 814 5536 ή
846 5464 939 5518 τοῦ
978 5463 1340 5535 λαμϐάνοντος
1372 5463 1739 5535 ἐπιτηδειότης

180 5557 363 5631 ἐστίν]

246 5651 340 5706 Διὰ
357 5652 534 5708 τοῦτο
559 5651 672 5705 οὐκ
691 5649 1139 5719 ἀναστήσονται
1168 5648 1401 5716 ἀσεϐεῖς
1427 5649 1498 5703 ἐν
1523 5649 1734 5716 κρίσει.

179 5743 270 5798 Διὰ
294 5741 450 5799 τοῦτο
472 5745 594 5816 μὲν,
625 5742 714 5797 διὰ
736 5743 798 5796 τὸ
825 5743 898 5815 μή
920 5743 1005 5814 ἔχε
1015 5761 1060 5798 ιν
1088 5742 1260 5816 ῥίζαν,
1287 5743 1400 5796 ἀλλ’
1421 5742 1638 5813 ὁμοίους
1659 5737 1734 5795 εί-

1843 3539 2217 3598 Coul‘essionis
2256 3546 2370 3600 sive
2420 3546 2584 3599 etiam
2628 3545 2902 3612 parabole
2933 3544 3137 3614 lignum
3165 3543 3418 3602 Christus

1843 3649 1965 3688 esse
1980 3634 2304 3689 describitur
2324 3636 2376 3688 in
2391 3634 2649 3689 divinitus
2666 3634 2927 3704 inspirata
2945 3630 3246 3702 Scriptura,
3261 3635 3416 3703 juxta

1843 3725 1975 3780 illud
2002 3723 2255 3796 :Liguum
2284 3726 2406 3779 vita:
2426 3734 2500 3778 est
2526 3725 2764 3778 omnibus
2795 3724 3200 3793 suscipientibus
3216 3724 3415 3780 eam".

1842 3816 1932 3870 Ait
1974 3816 2136 3887 igitur
2179 3831 2275 3872 eos
2305 3818 2397 3887 qui
2432 3817 2486 3870 in
2523 3816 2802 3870 Christum
2835 3815 3182 3876 crediderint,
3217 3830 3418 3885 corpus

1842 3907 1962 3977 ejus
1993 3907 2207 3964 futuros
2249 3924 2391 3964 esse.
2433 3906 2872 3961 Transl‘ormabit
2899 3907 3045 3962 enim
3075 3921 3275 3977 corpus
3312 3901 3415 3962 hu-

1842 4001 2087 4054 militatis
2109 4008 2326 4063 nostrae,
2343 3997 2677 4067 conﬁguratu
2688 4013 2736 4051 ιιι
2763 3998 2977 4067 corpori
2996 3998 3261 4054 claritatis
3277 4014 3411 4057 sua.

1844 4093 2102 4146 Decursus
2141 4106 2305 4160 porro
2358 4106 2638 4161 aquarum,
2691 4090 2908 4146 divinas
2963 4099 3123 4145 vocat
3171 4090 3418 4160 Scriptu-

1842 4199 1932 4238 ras
1961 4202 1973 4236 :
2009 4184 2061 4236 iu
2094 4183 2294 4252 quibus
2329 4183 2534 4251 passim
2575 4181 2854 4237 Christum
2889 4181 3127 4250 reperire
3165 4189 3249 4236 est
3279 4196 3418 4251 prius

1841 4275 2098 4329 dieatum.
2132 4274 2283 4338 Quod
2319 4274 2550 4344 fructum
2594 4288 2749 4326 suum
2790 4273 2938 4326 dabit
2962 4274 3018 4326 in
3047 4283 3273 4343 tempore
3294 4291 3411 4329 suo.

1843 4366 2094 4440 [Lignum
2121 4366 2244 4420 vitae
2276 4364 2552 4428 Christus,
2581 4365 2718 4416 rami
2764 4364 3018 4434 apostoli,
3047 4362 3255 4418 fructus
3286 4379 3415 4420 san-

1841 4459 1961 4530 guis
1990 4467 2043 4510 et
2064 4471 2204 4527 aqua
2238 4473 2304 4511 ex
2344 4456 2513 4509 latere
2546 4452 2758 4510 ﬂuens:
2792 4470 3026 4524 quormn
3063 4455 3151 4509 ille
3192 4454 3412 4524 quidem

1841 4551 1896 4604 in
1920 4548 2148 4604 formam
2188 4558 2241 4602 et
2277 4547 2585 4617 exemplum
2611 4548 2879 4618 martyrii,
2906 4547 2996 4599 illa
3022 4555 3201 4599 autem
3235 4546 3413 4616 bapti-

1840 4642 2051 4698 sinatis.
2095 4640 2241 4694 Folia
2283 4649 2410 4695 sunt
2437 4654 2747 4704 sermones;
2785 4638 3020 4693 fructum
3059 4637 3186 4707 ligni
3215 4637 3412 4691 intelli-

1841 4748 1937 4802 gas
1967 4749 2087 4790 esse
2113 4742 2311 4787 rectam
2345 4733 2532 4797 ﬁdem;
2560 4731 2690 4785 folia
2727 4733 2853 4786 item
2888 4731 3081 4801 ipsius,
3115 4739 3413 4800 praecepto-

1842 4842 1962 4881 rum
2003 4825 2471 4880 observationem:
2509 4823 2720 4878 fructus
2751 4823 2913 4878 etiam
2947 4830 3075 4876 sunt
3108 4821 3168 4878 ii.
3197 4821 3290 4890 qui
3322 4835 3411 4874 sa-

1840 4917 2005 4971 lutem
2052 4925 2492 4986 consequuntur;
2545 4916 2734 4981 radix,
2780 4914 3082 4984 baptisma;
3134 4911 3408 4983 agricola,

1838 5008 2043 5081 Pater.]
2077 5007 2333 5064 Fructum
2369 5009 2496 5078 ligni
2529 5007 2799 5078 intelligas
2834 5017 3037 5061 rectam
3066 5003 3227 5059 ﬁdem
3269 5021 3282 5057 :
3327 5003 3414 5058 [οι

1839 5101 1971 5156 lium
2005 5113 2183 5156 autem
2209 5101 2348 5170 ejus,
2381 5111 2464 5155 est
2490 5101 2646 5169 plena
2671 5099 2979 5156 observatio
3002 5098 3407 5152 mandatorum.

1840 5191 1910 5244 Et
1945 5191 2130 5260 {alium
2161 5190 2274 5258 ejus
2319 5207 2421 5243 non
2460 5190 2673 5259 deﬂuet,
2704 5205 2811 5243 non
2847 5187 3081 5242 decidet.
3117 5184 3183 5239 Et
3234 5187 3411 5238 omnia

1840 5300 2160 5355 qua'cunque
2192 5284 2346 5348 faciet
2376 5283 2840 5352 prosperabuntur.
2863 5277 3022 5334 Nulla
3052 5277 3197 5332 enim
3223 5293 3414 5332 secun-

1839 5378 1969 5432 dum
2000 5374 2168 5430 Deum
2192 5375 2334 5430 actio
2363 5373 2597 5428 utilitate
2622 5381 2791 5428 caret.
2816 5370 3079 5444 [Tempus
3112 5369 3300 5434 dandi,
3326 5384 3414 5424 ac-

1839 5469 2087 5541 cipientis
2111 5469 2484 5539 opportunitas
2508 5465 2635 5538 est.]

1913 5649 1964 5703 5.
2004 5646 2131 5702 Ideo
2159 5665 2262 5702 non
2291 5656 2556 5719 resurgeut
2598 5648 2747 5718 impii
2789 5648 2844 5700 iit
2874 5643 3093 5713 iudicio.
3139 5638 3408 5695 Nimirum

1843 5739 1969 5812 quia
2003 5756 2112 5798 non
2135 5739 2334 5798 habent
2377 5740 2636 5810 radicem,
2670 5740 2764 5797 sed
2804 5737 3010 5796 similes
3046 5741 3172 5793 sunt
3197 5730 3409 5804 pulveri

245 5857 283 5894 ⁸⁸
311 5859 496 5919 Matth,
530 5876 688 5929 niti,
720 5859 774 5917 3.
833 5859 878 5895 ⁸⁸
907 5858 1061 5917 Joan.
1101 5876 1193 5926 vn,
1227 5863 1313 5920 '57.
1390 5862 1436 5897 "
1466 5859 1624 5917 Prov.
1659 5873 1738 5927 ιιι,
1775 5857 1857 5914 l8.
