4122 6502
692 393 762 449 63
1542 398 1596 454 S.
1640 398 2003 455 ATHANASII
2044 399 2193 455 OPP.
2236 398 2414 454 PARS
2452 399 2536 456 Ill.
2578 430 2643 441 -ο
2684 401 3091 458 EXECETICA.
3844 402 3911 459 ϐλ

695 520 853 567 κει-τε
882 526 913 567 a
948 515 1123 571 ventis
1148 516 1369 587 agitato.
1393 516 1623 574 Ventum
1656 529 1833 575 autem
1871 522 2138 593 intelligas
2168 521 2249 575 Dei

2362 540 2447 575 ναι
2476 522 2559 592 χοῖ
2597 524 2697 593 γῆς
2732 524 2835 577 ὑπὸ
2857 524 3055 595 ἀνέμου
3091 524 3419 596 ῥιπιζομένῳ
3439 541 3452 555 ο
3486 524 3680 594 ἄνεμον
3707 522 3765 578 δὲ
3791 526 3911 596 νοή-

695 605 1191 675 comminationcm,
1225 626 1331 679 qua
1358 612 1490 665 dicit
1515 612 1557 642 ⁸⁷
1584 632 1596 666 :
1620 610 1881 667 Discedite
1909 631 1941 667 α
1970 630 2068 674 me,
2092 616 2252 669 mate-

694 695 843 759 dicti,
879 697 933 749 in
971 698 1137 768 ignem
1167 710 1437 755 azternum.
1485 701 1585 769 Qui
1618 704 1707 757 tali
1748 705 1929 759 audita
1967 721 2093 760 voce
2133 706 2254 775 jure

694 786 962 852 deeident,
999 805 1105 843 non
1136 793 1278 846 enim
1330 796 1617 850 constitere
1662 796 1714 849 in
1744 796 1980 856 Christo.
2008 796 2099 866 qui
2138 813 2256 851 cre-

693 875 935 932 dentium
982 878 1215 936 l'ulcrum
1251 893 1333 939 est
1371 900 1435 939 ac
1473 884 1902 940 fundamentum.
1929 884 2061 939 Nam
2093 886 2253 957 inju-

693 964 838 1022 dicio
856 970 950 1032 ait,
974 987 1081 1026 non
1108 974 1157 1027 in
1182 974 1620 1043 interrogatione.
1644 976 1710 1031 In
1731 977 2251 1045 conciliojustorum,

694 1061 789 1114 ait.
808 1058 941 1117 Nam
963 1066 1421 1137 separabitjustos
1446 1086 1474 1125 a
1501 1073 1896 1141 peccatoribus.

766 1317 817 1374 6.
840 1320 1099 1386 Quoniam
1114 1329 1249 1381 norit
1272 1328 1521 1387 Dominus
1540 1335 2163 1405 t'iantjustorum.Novit,
2183 1343 2254 1398 ibi

694 1410 930 1500 positum
959 1424 1041 1469 est
1067 1432 1185 1484 pro,
1217 1420 1787 1484 Itonorat;secundum
1812 1430 1860 1484 id
1888 1432 2031 1500 quod
2050 1434 2254 1489 dictum

697 1515 731 1554 a
754 1499 863 1556 Deo
892 1515 972 1560 est
995 1510 1059 1563 ad
1092 1510 1290 1566 Mosem
1315 1515 1359 1546 ⁸⁸
1386 1534 1399 1569 :
1431 1514 1568 1570 Novi
1599 1528 1645 1571 te
1675 1536 1786 1588 pra:
1819 1499 2078 1588 omnibus,
2102 1527 2255 1594 quasi

695 1592 837 1647 dicat
872 1614 884 1648 :
918 1596 1127 1651 honoro
1152 1611 1221 1662 te,
1271 1614 1323 1659 et
1366 1606 1617 1663 invenisti
1658 1613 1887 1680 gratiam
1932 1592 2253 1674 coramﬁme.

772 1681 1009 1742 PSALM
1019 1688 1105 1746 US
1141 1691 1201 1748 II
1233 1694 1613 1754 Daridi:caret
1640 1703 1974 1773 inscriptione
2012 1706 2153 1777 apud

1343 1789 1613 1847 Hebrreos.

1279 1879 1317 1931 A
1328 1894 1672 1951 rgumentum.

698 1954 988 2028 Postquam
1014 1962 1065 2016 in
1091 1965 1266 2034 primo
1294 1970 1501 2037 psalmo
1524 1972 1760 2029 Jutlaicte
1781 1979 1955 2044 gentis
1987 1981 2255 2052 principes

767 2052 980 2106 vocavit
1013 2054 1229 2124 impios,
1266 2072 1578 2127 peccatores
1608 2075 1661 2121 et
1700 2069 2042 2137 pestilentes;
2068 2072 2119 2126 in
2152 2075 2257 2130 hoc

768 2138 962 2195 iterum
989 2158 1173 2201 eorum
1209 2164 1370 2218 Opera
1400 2166 1643 2211 recenset
1665 2157 1973 2227 hujusmodi
2002 2178 2133 2219 usus
2158 2180 2256 2219 no-

764 2232 1021 2299 minibus,
1049 2236 1180 2306 ipsis
1218 2241 1421 2309 optime
1450 2251 1892 2316 congruentibus.
1930 2253 2253 2325 [Postquam

764 2321 996 2391 primum
1022 2329 1287 2395 psalmum
1323 2349 1419 2402 per
1445 2336 1734 2405 impiorum
1767 2345 2083 2401 memoriam
2127 2364 2255 2403 con-

766 2416 1037 2482 cluserat.
1088 2429 1401 2483 eorumdem
1457 2434 1729 2488 mentione
1784 2440 2083 2495 secundum
2136 2443 2254 2499 iniit

767 2507 1058 2577 psalmum,
1094 2512 1292 2570 docens
1337 2535 1497 2588 supra
1552 2536 1910 2581 memoratum
1962 2530 2250 2601 impiorum

765 2597 926 2652 linem
953 2616 1066 2664 eos,
1092 2606 1184 2673 qui
1210 2605 1391 2663 furore
1412 2610 1464 2665 in
1491 2611 1825 2672 Salvatorem
1850 2620 1955 2675 acti
1989 2597 2135 2689 sunt,
2161 2640 2254 2678 ex—

766 2695 1099 2765 ccpturum.]

770 2778 820 2834 l.
843 2777 1019 2846 Quare
1048 2787 1367 2855 fremuerunt
1393 2804 1588 2863 gentes,
1618 2805 1720 2852 etc.
1765 2798 2060 2858 Fremitum
2096 2816 2255 2861 vocat

694 2867 905 2926 brutam
927 2873 1279 2937 ferocitatem.
1308 2882 1659 2951 lllutlautem,
1681 2907 1863 2959 quare,
1893 2894 1945 2946 in
1977 2899 2249 2952 communi

693 2968 909 3035 dicitur,
947 2985 1004 3027 ut
1038 2975 1365 3045 intelligatur
1402 2982 1603 3037 etiam:
1641 2984 1817 3048 Quare
1853 2989 2032 3057 populi
2084 2994 2251 3047 medi-

698 3062 794 3111 tati
829 3074 950 3115 sunt
995 3067 1221 3121 inania?
1256 3070 1321 3125 Et
1356 3074 1471 3141 qui,
1506 3091 1711 3144 quaeso,
1743 3096 1850 3135 non
1899 3082 2075 3140 inanis
2122 3086 2253 3156 ipsis

695 3151 857 3208 fuerit
885 3155 1194 3226 hujusmodi
1245 3164 1543 3236 meditatio,
1578 3180 1761 3242 utpote
1789 3174 1882 3243 qui
1917 3151 2247 3234 Salvatorem

695 3248 908 3315 generis
932 3252 1013 3304 sui
1043 3268 1146 3307 non
1187 3259 1537 3325 acceperint?

765 3339 939 3408 mute.
974 3345 1068 3410 ait,
1100 3363 1262 3402 causa
1293 3352 1427 3404 tanti
1467 3354 1595 3417 odii,
1636 3364 1692 3409 ut
1726 3356 1777 3410 in
1817 3374 1982 3413 unum
2024 3378 2252 3420 concur-

692 3442 812 3485 rant
846 3442 1032 3503 gentes
1077 3446 1130 3490 et
1168 3440 1390 3507 populi?
1418 3438 1551 3495 lllud
1588 3444 1755 3507 enim,
1786 3448 2131 3515 fremuerunt,
2173 3454 2250 3507 si-

692 3523 930 3593 gniﬁcat,
964 3533 1168 3581 tantum
1191 3531 1593 3599 superbierunt,
1618 3536 1759 3605 quod
1785 3546 1866 3591 est
1893 3554 2013 3592 cum
2043 3549 2252 3599 tumore

689 3623 744 3668 et
772 3618 1074 3684 arrogantia
1102 3619 1287 3674 turbas
1314 3637 1528 3677 movere
1551 3633 1601 3679 et
1636 3628 1970 3683 tumultuari.
1998 3628 2250 3688 Transla-

692 3715 887 3775 tusque
915 3718 997 3762 est
1019 3709 1107 3763 hic
1136 3711 1387 3780 loquendi
1416 3714 1605 3768 modus
1625 3732 1653 3769 a
1678 3718 1838 3773 bruto
1864 3735 2125 3790 equorum
2150 3724 2249 3778 im-

691 3809 837 3869 petu,
868 3800 1072 3854 nullum
1108 3800 1355 3857 decorem
1392 3816 1661 3871 servante,
1686 3811 1828 3877 quod
1852 3808 2050 3868 Judmis
2078 3818 2251 3870 conti-

690 3888 763 3957 git
809 3890 1071 3946 adversus
1113 3893 1390 3948 Christum
1440 3894 1867 3967 insurgentibus.
1904 3900 2034 3968 Quae
2084 3920 2247 3963 causa

690 3980 935 4047 estquod
957 3980 1009 4033 in
1044 3997 1209 4035 unum
1236 3995 1764 4057 concurrantgentes
1782 4000 1834 4045 et
1859 3993 2082 4062 populi?
2111 3994 2249 4053 forte

691 4071 851 4125 etiam
889 4072 1155 4129 lsraelitas
1184 4083 1339 4127 vocat
1371 4086 1555 4145 gentes
1586 4089 1638 4131 et
1663 4082 1909 4148 p0pulos,
1944 4083 2056 4137 sive
2079 4083 2246 4142 Hero-

690 4162 809 4216 dem
841 4172 894 4216 et
920 4164 1147 4220 Pilatum
1188 4168 1344 4239 quasi
1391 4170 1659 4237 ethnicos,
1689 4170 1905 4230 Judaeos
1938 4185 1993 4230 ut
2022 4180 2248 4247 p0pulos

688 4256 997 4329 memnrat.]
1938 4254 1957 4274 ’

761 4350 1077 4423 [Αιιίιεηιιιι
1115 4370 1253 4424 reges
1285 4366 1457 4412 terra.
1487 4357 1561 4409 Ac
1592 4358 1635 4411 si
1658 4357 1879 4423 diceret,
1906 4375 2022 4416 sese
2052 4376 2247 4433 suopte

2360 631 2415 665 σε
2426 632 2468 677 ις
2501 614 2597 684 τὴν
2623 617 2846 687 ἀπειλὴν
2870 617 2960 669 τοῦ
2989 617 3120 670 Θεοῦ
3150 617 3244 688 τὴν
3266 617 3549 686 λέγουσαν
3585 618 3911 685 Πορεύεσθε

2356 705 2456 758 ἀπ’
2508 706 2673 776 ἐμοῦ,
2735 710 2788 760 οἱ
2826 708 3234 778 κατηραμένοι,
3293 711 3378 772 είς
3418 708 3534 776 πῦρ
3572 707 3637 760 τὸ
3658 705 3910 761 αἰώνιον.

2357 799 2420 851 Οἱ
2468 799 2561 869 τὴν
2605 798 2769 870 αὐτὴν
2798 800 3125 865 ἀκούσαντες
3158 800 3335 872 φωνὴν
3365 800 3793 855 καταπεσώνται
3837 799 3913 853 δι-

2358 888 2555 952 καίως·
2590 889 2649 941 οὐ
2697 888 2805 960 γὰρ
2848 892 3138 963 ἑστήκασιν
3191 894 3269 956 είς
3314 893 3562 964 Χριστὸν,
3586 892 3645 955 ὃς
3682 893 3798 945 ἐστι
3829 908 3912 944 πι-

2359 980 2648 1033 στευόντων
2682 983 2956 1055 στήριγμα
2980 985 3071 1037 καὶ
3110 984 3352 1055 θεμέλιος
3371 1002 3383 1014 ·
3415 985 3475 1037 τὸ
3499 984 3606 1055 γὰρ
3632 985 3709 1047 εἰς
3738 983 3913 1054 κρίσιι

2357 1071 2540 1140 φησὶν,
2566 1072 2663 1124 οὐκ
2686 1073 2766 1133 εὶς
2790 1074 3074 1145 ἐρώτησιν.
3093 1075 3194 1128 Ἐν
3211 1072 3285 1142 τῇ
3313 1072 3630 1144 συναγωγῇ
3648 1074 3911 1136 δικαίων,

2356 1161 2531 1230 λέγει·
2561 1164 2806 1234 ἀφορίζει
2834 1167 2943 1236 γὰρ
2982 1167 3105 1229 τοὺς
3134 1165 3369 1228 δικαίους
3394 1165 3502 1219 ἀπὸ
3529 1164 3635 1217 τῶν
3663 1164 3912 1235 ἀμαρτω-

2356 1250 2462 1305 λῶν

2428 1344 2545 1395 Ὅτι
2574 1343 2849 1412 γινώσκει
2889 1346 3100 1414 Κύριος
3128 1345 3269 1399 ὁδὸν
3296 1344 3558 1398 δικαίων.
3595 1344 3689 1408 Τὸ,
3735 1343 3913 1413 τινώ-

2357 1448 2510 1495 σκει,
2536 1434 2654 1486 ἀντί
2682 1434 2793 1496 τοῦ,
2818 1432 2972 1503 τιμᾷ,
3000 1435 3136 1488 κατά
3158 1435 3219 1486 τὸ
3243 1434 3525 1505 εἰρημένον
3551 1434 3656 1488 ὑπὸ
3678 1434 3810 1487 Θεοῦ
3836 1437 3913 1496 εἰς

2356 1524 2557 1595 Μωσῆν
2576 1542 2589 1554 ·
2624 1524 2903 1578 Γινώσκω
2935 1541 3007 1579 σε
3037 1525 3194 1593 παρὰ
3226 1524 3477 1590 πάντας
3508 1523 3627 1578 ἀντὶ
3654 1524 3748 1578 τοῦ
3774 1524 3913 1595 τιμῶ

2359 1632 2438 1677 σε,
2471 1617 2562 1669 καὶ
2594 1610 2746 1687 εὗρες
2769 1617 2926 1687 χάριν
2955 1617 3013 1668 ἐν
3044 1616 3182 1686 ἐμοί.

2362 1711 2667 1764 ΨΑΛΜΟΣ
2698 1708 2776 1776 τῷ
2801 1708 2979 1763 Δαυῒδ
3021 1709 3418 1777 ἀνεπίγραφος
3446 1709 3579 1775 παρ’
3611 1707 3912 1779 Ἑϐραίοις.

3100 1803 3180 1854 B’.

2979 1892 3297 1957 Ύπόθεσις.

2366 1983 2452 2035 Ἐν
2499 1982 2576 2053 τῷ
2622 1982 2820 2054 πρώτῳ
2863 1982 3063 2054 ψαλμῷ
3104 1983 3317 2045 ἀσεϐεῖς
3348 1999 3406 2035 τε
3437 1981 3530 2036 καὶ
3564 1981 3913 2052 ἁμαρτωλοὺς

2423 2076 2516 2129 καὶ
2551 2076 2768 2145 λοιμοὺς
2796 2077 3209 2146 ἀποφηνάμενος
3238 2074 3361 2137 τοὺς
3382 2075 3643 2145 ἄρχοντας
3672 2074 3766 2127 τοῦ
3793 2074 3914 2126 Ἰου-

2421 2164 2583 2218 δαίων
2612 2164 2816 2228 ἔθνους,
2845 2168 2902 2219 ὲν
2928 2166 3100 2237 τούτῳ
3125 2164 3282 2219 πάλιν
3307 2165 3543 2218 δείκνυσι
3567 2164 3664 2227 τὰς
3686 2162 3913 2234 πράξεις

2425 2251 2511 2305 διὰ
2549 2252 2656 2305 τῶν
2693 2252 2943 2305 τοιούτων
2968 2253 3261 2323 ὀνομάτων,
3289 2247 3364 2307 ὧν
3392 2253 3642 2323 γεγόνασι
3676 2254 3909 2324 μέτοχοι.

2426 2344 2651 2415 [Μνήμῃ
2680 2344 2786 2398 τῶν
2816 2343 3025 2399 ἀσεϐῶν
3048 2347 3395 2418 συμπεράνας
3420 2347 3508 2400 τὸν
3537 2347 3750 2418 πρῶτον
3780 2346 3913 2415 ψαλ-

2428 2439 2526 2508 μὸν
2545 2479 2557 2499 ,
2591 2439 2654 2491 ὲκ
2685 2439 2886 2507 ταύτης
2914 2438 3071 2492 πάλιν
3096 2438 3189 2490 τοῦ
3217 2437 3260 2508 β’
3285 2437 3382 2509 τὴν
3412 2438 3581 2509 ἀρχὴν
3600 2438 3909 2509 ἐποιήσατο,

2426 2528 2706 2590 διδάσκων,
2735 2529 2816 2582 ὅτι
2840 2529 2901 2581 τὸ
2945 2530 3336 2600 προειρημένον
3368 2529 3472 2582 τῶν
3517 2527 3725 2581 ἀσεϐῶν
3761 2526 3911 2590 τέλος

2427 2626 2520 2677 καὶ
2547 2629 2671 2690 τοὺς
2700 2624 2841 2678 κατὰ
2862 2622 2954 2677 τοῦ
2990 2624 3235 2696 Σωτῆρος
3260 2623 3622 2694 λυττήσαντας
3661 2620 3911 2687 ὑποδέξε-

2422 2730 2528 2766 ται.

2421 2712 2618 2853 ῖιῗέτί
2644 2799 2947 2869 ἐφρύαξαν
2970 2799 3113 2866 ἔθνη
3137 2797 3231 2854 καὶ
3254 2798 3390 2852 ,λαοὶ
3420 2798 3793 2866 ἐμελέτησαν
3818 2812 3913 2852 κει

2349 2886 2461 2951 νὰ;
2491 2888 2672 2958 Φρύαγ
2682 2906 2756 2959 μα
2785 2890 2842 2941 τὸ
2858 2889 3044 2957 ἄλογον
3070 2889 3338 2959 φρόνημα.
3357 2888 3485 2942 Ἀπὸ
3504 2886 3681 2941 κοινοῦ
3709 2887 3789 2951 τὸ,
3813 2889 3911 2941 ἵνα

2351 2980 2426 3045 τί,
2456 2981 2700 3033 τουτέστι
2720 2998 2734 3012 ο
2766 2982 2867 3036 Διὰ
2892 2982 2946 3034 τί
2971 2986 3022 3036 οἱ
3046 2980 3179 3035 λαοὶ
3203 2980 3570 3049 ἐμελέτησαν
3587 2979 3765 3043 κενά;
3790 2978 3908 3042 Πῶς

2350 3072 2456 3143 γὰρ
2487 3073 2546 3125 οὐ
2590 3072 2722 3125 κενά
2748 3072 2965 3141 γέγονεν
2997 3074 3176 3135 αὐτοῖς
3208 3075 3241 3143 ἡ
3273 3072 3463 3143 μελέτη
3497 3073 3571 3144 μὴ
3602 3072 3910 3143 δεξαμένοις

2351 3165 2439 3219 τὸν
2459 3166 2683 3237 Σωτῆρα
2706 3165 2797 3219 τοῦ
2824 3164 3011 3234 γένους
3025 3182 3040 3231 ἱ

2424 3362 2561 3435 [Τίς,
2594 3364 2773 3433 φησὶν,
2793 3364 2824 3433 ἡ
2846 3362 2993 3415 αίτία
3016 3362 3264 3416 τοσούτου
3292 3364 3477 3433 μίσους
3504 3364 3582 3427 εἰς
3608 3365 3771 3417 ταυτδ
3794 3380 3910 3415 συνο

2349 3457 2572 3526 δραμεῖν
2620 3454 2744 3527 ἔθνη
2792 3456 2882 3507 καὶ
2918 3454 3111 3518 λαούςς
3152 3454 3224 3507 Τὸ
3266 3454 3393 3527 γὰρ,
3420 3454 3741 3522 ἐφρύαξαν,
3771 3455 3909 3508 κατά

2349 3548 2569 3601 τοσοῦτο
2618 3546 3149 3619 ὑπερηφανεύσαντο,
3181 3548 3430 3617 σημαίνει
3480 3548 3541 3600 τὸ
3594 3549 3707 3618 μετ’
3738 3550 3909 3620 susp-

2351 3656 2486 3703 σεως
2524 3642 2614 3693 καὶ
2646 3640 3013 3711 μεγαλαυχίας
3039 3641 3181 3704 τινὸς
3214 3640 3572 3711 ταράσσεσθαι
3618 3641 3710 3693 καὶ
3753 3640 3907 3711 Θορυ-

2349 3730 2576 3784 ὁεῑσοαι.
2593 3732 2923 3800 Μετενιιχϐὲν
2946 3732 3051 3785 ἀπὸ
3074 3734 3170 3803 τῆς
3192 3732 3385 3799 ἀλόγου
3408 3732 3513 3784 τῶν
3539 3732 3716 3785 ἵππων
3736 3733 3909 3804 ὁρμῆς

2349 3823 2435 3874 ἐπ’
2467 3823 2638 3875 οὐδενὶ
2666 3821 2773 3874 τῶν
2802 3823 3057 3874 δεόντων·
3088 3822 3116 3874 ὃ
3149 3822 3341 3893 συνέϐη
3372 3826 3480 3886 τοῖς
3518 3823 3789 3887 Ἰουδαίοις
3819 3825 3909 3876 ἐπὶ

2348 3913 2602 3984 Χριστοῦ.
2633 3913 2696 3964 Τί
2724 3912 2781 3965 τὸ
2812 3912 2980 3965 αἴτιον
3013 3915 3089 3976 είς
3109 3913 3276 3965 ταυτὺ
3309 3914 3629 3986 συνδραμεῖν
3660 3914 3786 3986 ἔθνη
3818 3917 3910 3969 καὶ

2348 4000 2539 4067 λαούςς
2590 4000 2712 4054 Εἴτε
2764 4002 2872 4073 γὰρ
2918 4004 3043 4067 τοὺς
3088 4004 3422 4074 Ἰσραηλίτας
3470 4006 3601 4075 φησὶ
3650 4004 3774 4077 ἔθνη
3817 4008 3910 4060 καὶ

2346 4092 2525 4155 λαοὺς,
2557 4091 2665 4143 εἴτε
2694 4092 2819 4154 τοὺς
2847 4094 2974 4162 περὶ
3012 4092 3253 4163 Ἡρώδην
3289 4094 3381 4145 καὶ
3409 4093 3635 4146 Πιλᾶτον
3664 4094 3739 4158 ὡς
3770 4094 3909 4149 ὲθνιο

2348 4186 2495 4249 κους,
2525 4184 2619 4236 καὶ
2652 4182 2812 4247 λαοὺς
2840 4186 2963 4247 τοὺς
3008 4184 3333 4256 Ἰουδαίους]

2419 4353 2836 4425 [Παρέστησαν
2877 4361 2929 4411 οἱ
2965 4358 3245 4427 βασιλεῖς
3282 4362 3391 4428 τῆς
3431 4361 3560 4432 γῆς.
3607 4362 3697 4428 Τὸ,
3763 4377 3900 4434 παρ·

690 4444 921 4497 consillo
972 4445 1037 4499 ad
1071 4445 1121 4499 id
1168 4447 1364 4517 negotii
1411 4449 1752 4503 destinarunt
1793 4467 1965 4520 reges.
2006 4452 2245 4511 Herodes

2352 4449 2633 4513 ἔστησαν,
2658 4448 2777 4501 ἀντὶ
2820 4448 2938 4515 τοῦ,
2988 4452 3213 4513 ἑαυτοὺς
3250 4453 3385 4523 πρὸς
3430 4453 3585 4507 τοῦτο
3626 4453 3909 4526 ἀφώρισαν

690 4549 883 4604 nempe
907 4546 960 4589 et
987 4535 1215 4592 Pontius
1239 4537 1462 4594 Pilatus.
1492 4538 1567 4593 lta
1608 4542 1781 4595 sancti
1808 4544 2035 4612 apostoli
2061 4545 2113 4599 in
2142 4546 2246 4603 Ac-

2352 4540 2587 4610 βασιλεῖς
2623 4540 2863 4611 Ἡρώδης
2920 4559 2977 4594 τε
3030 4544 3121 4597 καὶ
3174 4545 3391 4608 Πόντιος
3444 4546 3688 4609 Πιλᾶτος.
3721 4543 3907 4611 Οὕτως

690 4628 833 4682 tibus
867 4628 1197 4697 interpretati
1228 4630 1395 4703 sunt.]

757 4719 811 4773 2.
844 4719 913 4774 Et
944 4721 1200 4791 principes
1253 4733 1592 4776 convenerunt
1631 4724 1685 4776 in
1725 4741 1903 4780 unum.
1941 4724 2246 4797 Supradicti

688 4810 895 4863 scilicet
924 4811 1139 4867 ordines
1170 4829 1182 4865 :
1222 4812 1413 4867 scriba:
1435 4813 1713 4876 nimirum,
1735 4813 1988 4872 Pharisaei
2009 4829 2062 4872 et
2089 4820 2247 4890 legis-

687 4900 861 4969 periti.
886 4900 1138 4955 Adversus
1163 4903 1441 4957 Dominum
1467 4914 1514 4958 et
1550 4907 1796 4961 adversus
1827 4908 2091 4962 Christum
2108 4910 2241 4979 ejus.

690 4993 899 5048 Insidiae
922 4994 1065 5048 enim
1092 4995 1143 5047 in
1176 4994 1450 5050 Christum
1484 5007 1700 5065 paratae,
1733 4999 1783 5050 in
1820 4999 1996 5068 ipsum
2027 5016 2244 5071 quoque

686 5085 897 5141 Patrem
941 5096 1175 5143 vertunt.
1218 5085 1351 5141 Nam
1398 5089 1442 5143 si
1482 5088 1638 5142 Pater
1664 5089 1717 5143 in
1742 5088 1875 5142 Filio
1903 5102 1956 5145 et
1990 5090 2155 5147 Filius
2186 5094 2239 5147 in

682 5177 865 5242 Patre,
892 5182 1168 5248 quomodo
1194 5196 1298 5233 non
1332 5196 1436 5235 una
1463 5181 1515 5235 in
1540 5189 1829 5251 utrumque
1865 5191 2099 5237 vertatur
2119 5200 2242 5238 con-

688 5271 945 5326 tumelia?

2352 4633 2444 4684 καὶ
2460 4633 2507 4684 ol
2525 4633 2666 4700 ἆγιοι
2695 4635 2977 4689 ἀπόστολοι
3005 4640 3062 4690 ὲν
3093 4640 3211 4701 ταῖς
3229 4639 3492 4708 Πράξεσιν
3517 4641 3905 4712 ἡρμήνευσαν.ι

2423 4728 2532 4780 Καὶ
2563 4730 2615 4780 οἱ
2647 4728 2930 4797 ἄρχοντες
2968 4731 3365 4799 συνήχθησαν
3396 4734 3495 4787 ἐπὶ
3535 4734 3601 4788 τὸ
3634 4736 3798 4789 αὐτό.
3826 4735 3905 4789 Τά

2353 4819 2714 4890 προλεχθέντα
2738 4823 3009 4892 τάγματα·
3037 4828 3379 4894 γραμματεῖς
3406 4826 3498 4878 καὶ
3512 4828 3789 4897 Φαρισαῖοι
3815 4828 3906 4879 καὶ

2351 4914 2581 4983 νομικοῐ.
2608 4915 2767 4968 Κατὰ
2801 4914 2905 4967 τοῦ
2934 4919 3153 4984 Κυρίου
3191 4919 3287 4970 καὶ
3325 4920 3473 4973 κατὰ
3503 4918 3607 4973 τοῦ
3652 4922 3905 4988 Χριστοῦ

2348 5006 2553 5058 αὑτοῦ.
2572 5006 2635 5058 Ἠ
2668 5005 2776 5077 γὰρ
2807 5008 2884 5069 εἰς
2908 5008 2999 5061 τὸν
3027 5009 3258 5078 Χριστὸν
3285 5010 3539 5082 ἐπιϐουλὴ
3569 5012 3662 5064 καὶ
3703 5014 3782 5076 είς
3810 5014 3905 5066 αὺ-

2346 5096 2435 5148 τὸν
2481 5097 2758 5169 ἀνατρέχει
2807 5097 2896 5152 τὸν
2949 5101 3184 5171 Πατέρα.
3218 5103 3411 5174 Είγάρ
3440 5106 3467 5157 ὁ
3511 5104 3697 5175 Πατὴρ
3744 5107 3802 5158 ἐν
3828 5105 3905 5174 τῷ

2348 5187 2462 5258 Υἱῷ
2493 5190 2583 5241 καὶ
2605 5192 2633 5242 ὁ
2662 5190 2786 5253 Υίδς
2816 5192 2873 5243 ὲν
2924 5192 3000 5262 τῷ
3045 5194 3239 5265 Πατρὶ,
3277 5194 3391 5258 πῶς
3416 5196 3476 5248 οὐ
3502 5198 3593 5248 καὶ
3634 5196 3730 5266 μία
3760 5198 3791 5266 ἡ
3827 5200 3905 5263 εἰς

2348 5280 2541 5343 αὐτοὺς
2573 5280 2727 5351 ὕϐρις
2750 5283 2940 5356 γένοιτ’
2972 5284 3069 5349 ἀν;

763 5386 958 5449 Adjicit
990 5385 1175 5441 Daniel
1209 5387 1478 5442 Barbarus
1512 5404 1529 5442 :
1564 5387 1697 5443 Nam
1727 5392 2138 5459 praepositiones
2157 5393 2299 5459 dum,
2327 5405 2380 5449 et
2425 5397 2635 5454 articuli
2692 5399 2819 5465 duo,
2875 5400 3012 5456 duas
3061 5418 3276 5474 quoque
3304 5419 3562 5475 personas
3596 5404 3856 5460 inducunt
3890 5426 3903 5459 :

686 5476 898 5533 Patrem
928 5482 1209 5546 nimirum,
1237 5492 1290 5537 et
1316 5483 1532 5549 Filium,
1558 5484 1711 5554 juxta
1742 5486 1891 5549 illud,
1924 5489 2067 5557 quod
2102 5505 2131 5543 a
2157 5488 2375 5547 Christo
2404 5493 2606 5549 dictum
2638 5504 2720 5550 est
2748 5498 2791 5529 ”
2819 5514 2835 5552 :
2870 5497 2973 5561 Qui
3006 5517 3083 5553 me
3120 5503 3319 5570 recipit,
3359 5502 3536 5568 recipit
3557 5517 3671 5556 eum
3703 5503 3793 5570 qui
3832 5520 3907 5557 me

687 5574 868 5638 misit;
894 5586 943 5629 et
969 5579 1056 5645 qui
1088 5593 1166 5632 me
1190 5581 1405 5647 spernit,
1437 5582 1614 5635 ambos
1642 5583 1860 5651 spernit.

759 5805 803 5839 δ’
836 5803 1022 5862 nam.
1045 5822 1167 5876 ην,
1199 5808 1287 5864 ιι.

1367 5810 1408 5843 ⁵⁸
1436 5810 1603 5867 Exod.
1637 5828 1804 5879 χχιιι,
1839 5811 1922 5866 l2.
1996 5813 2039 5847 "
2066 5810 2193 5867 Luc.
2229 5829 2279 5879 κ,
2316 5812 2397 5870 l6.
