4122 6486
199 445 262 500 05
1335 440 1687 498 exrosmo
1731 440 1765 494 ιι

1841 437 2163 496 PSALMUM
2205 437 2268 494 ll.
3344 442 3416 500 66

260 560 670 630 Δωρῤήεῳεν
722 562 860 629 τοὺς
906 560 1164 634 δεσμοὺς
1206 565 1418 619 αὐτῶν.
1447 564 1634 616 Λείπει
1665 561 1745 625 τὸ,

1919 559 1972 614 3.
2003 557 2378 628 Dirurnpantus
2403 559 2608 612 uincula
2642 575 2843 613 eorum.
2875 556 3033 614 Deest
3055 558 3204 622 illud,
3236 559 3413 616 dicen-

197 649 460 720 λέγοντες
478 667 491 680 ·
527 651 618 704 ἵνα
721 653 755 723 ή
785 651 990 706 διάνοια
1032 651 1169 724 αὕτη
1195 669 1209 684 ·
1236 652 1580 724 Συνήχθησαν
1611 651 1749 704 κατά

196 739 279 793 τοῦ
308 739 506 811 Κυρίου
553 742 652 794 καὶ
695 740 833 795 κατά
861 741 954 794 τοῦ
986 743 1220 814 Χριστοῦ
1253 743 1436 806 αὑτοῦ,
1462 741 1705 809 λέγοντες
1732 755 1746 770 ο

197 830 570 905 Διιρρήξωμεν
603 832 729 896 τοὺς
755 831 982 902 δεσμοὺς
1012 833 1208 886 αὐτῶν.
1233 833 1434 905 Οὑ,γάρ
1457 831 1643 904 ήθελον
1675 831 1750 883 εἶ·-

200 939 267 976 σω
289 923 382 994 τῆς
413 924 566 994 ἱερᾶς
600 922 852 992 γενέσθαι
881 925 1138 994 σαγήνης,
1164 925 1289 996 περὶ
1311 921 1380 997 ἧς
1407 924 1712 994 γέγραπται
1730 938 1744 952 ο

208 1015 385 1082 Ὁμοία
423 1013 604 1067 ἐστίν
649 1015 687 1082 ἡ
720 1015 1005 1080 ,ϐασιλεία
1047 1013 1165 1068 τῶν
1192 1014 1463 1084 οὐρανῶν
1489 1013 1746 1083 σαγήνῃ.

195 1107 291 1159 Καὶ
320 1107 746 1178 ἀπορῤίψωμεν
768 1108 866 1177 ἀφ’
891 1108 1060 1176 ἡμῶν
1079 1108 1185 1162 τὸν
1205 1107 1380 1179 ζυγὸν
1399 1106 1617 1162 αὐτῶν.
1639 1107 1749 1177 Τὴν

197 1197 458 1270 βαρύτητα
493 1197 593 1252 τοῦ
637 1199 822 1269 νόμου,
853 1199 980 1270 περὶ
1003 1191 1065 1252 οὗ
1092 1200 1278 1270 εἴρηκε
1299 1216 1312 1230 ο
1351 1199 1402 1252 '0
1437 1201 1545 1268 γὰρ
1578 1197 1750 1266 ζυγός

189 1307 298 1360 μου
315 1291 602 1360 χρηστὸς.
635 1292 731 1346 καὶ
770 1290 836 1346 τὸ
867 1293 1110 1361 φορτίον
1130 1308 1248 1362 μου
1272 1292 1534 1361 ἐλαφρόν
1557 1291 1745 1346 ἐστιν.

255 1403 388 1478 [τὸν
410 1403 592 1474 ζυγὸν
614 1404 833 1461 αὐτῶν·
869 1407 902 1477 ὴ
946 1406 1054 1476 γὰρ
1095 1406 1174 1468 είς
1211 1405 1302 1457 τὸν
1345 1403 1577 1475 Χριστὸν
1631 1403 1750 1455 ἐπι-

193 1496 344 1567 ϐουλὴ
365 1497 459 1549 καὶ
487 1499 570 1560 είς
599 1497 760 1551 αὐτὸν
786 1496 1072 1569 ἀνατρέχει
1103 1495 1194 1549 τὸν
1216 1493 1452 1557 Πατέρα.
1485 1493 1548 1546 Ei
1584 1491 1692 1564 γὰρ
1719 1493 1748 1545 6

194 1587 366 1658 Πατὴρ
395 1589 452 1641 ἐν
483 1588 567 1660 τῷ
601 1587 732 1658 Υίῴ,
759 1591 849 1642 καὶ
878 1590 907 1642 6
931 1589 1056 1652 Υἱὸς
1088 1588 1146 1642 ἐν
1177 1587 1254 1659 τῷ
1279 1589 1472 1660 Πατρὶ,
1505 1586 1622 1650 πῶς
1647 1586 1746 1640 οὐκ

195 1679 252 1732 ἂν
282 1681 375 1751 μία
401 1698 487 1745 τις
516 1682 604 1753 εἴη
637 1682 772 1754 ήείς
798 1681 989 1745 αὐτοὺς
1017 1679 1172 1753 ὕϐρις
1192 1678 1234 1753 ς]

267 1793 316 1845 Ὀ
353 1791 652 1847 κατοικῶν
681 1794 751 1847 ἐν
772 1792 1047 1861 οὐρανοῖς
1083 1791 1466 1862 ἐκγελάσεται
1503 1791 1741 1856 αὐτούς.

205 1885 280 1949 '0;
303 1886 501 1958 ἀνόητα
527 1885 979 1956 βουλευσαμένους
999 1902 1012 1916 ⁸
1046 1888 1074 1939 6
1115 1885 1224 1956 γὰρ
1251 1885 1341 1937 ὑπ’
1365 1883 1540 1937 αὐτῶν
1571 1900 1738 1954 προσο
1775 1917 1816 1973 Β

191 1977 423 2047 ηλωθεὶς,
449 1978 548 2031 καὶ
577 1976 786 2047 Θανάτῳ
817 1975 1156 2049 παραδοθεὶς,
1185 1978 1242 2029 ἐν
1279 1976 1525 2047 οὐρανοῖς
1551 1974 1626 2027 ὢν
1651 1976 1744 2028 καὶ

191 2071 253 2124 τά
277 2069 445 2122 πάντα
471 2069 761 2142 περιέχων,
784 2069 942 2134 κενὰς
966 2069 1144 2123 αὐτῶν
1173 2069 1266 2123 καὶ
1292 2068 1521 2140 ματαίας
1546 2067 1746 2121 δείκνυ·

193 2177 239 2214 σι
266 2161 360 2224 τὰς
387 2160 604 2231 βουλάς.
635 2162 744 2214 Καὶ
767 2163 795 2214 6
817 2160 1006 2214 τούτου
1033 2160 1088 2214 δὲ
1110 2159 1297 2231 Πατὴρ
1327 2161 1418 2214 καὶ
1445 2159 1550 2212 τῶν
1572 2158 1742 2212 ἁπάνς

191 2268 286 2305 των
331 2253 610 2324 Δεσπότης
655 2253 752 2326 τήν
798 2253 955 2320 ἀξίαν
996 2251 1159 2306 αὐτοῦ
1193 2251 1537 2322 εἰσπράξεται
1565 2251 1738 2319 δίκην.

190 2342 290 2396 Καὶ
342 2347 375 2398 ὀ
422 2346 643 2413 Κύριος
687 2343 1068 2414 ἐκμυκτηριεῖ
1109 2344 1343 2408 αὐτούς.
1373 2339 1744 2408 Ἐξουδενώσει

189 2438 288 2508 γὰρ
308 2437 528 2501 αὐτοὺς,
562 2437 716 2507 φησὶ,
745 2435 836 2489 καὶ
872 2437 1090 2505 μισήσει
1127 2436 1220 2488 καὶ
1246 2434 1741 2504 ἀποστραφήσεται.

254 2527 699 2600 [Καταγελάσεῃ
729 2527 848 2580 ἀντὶ
875 2525 990 2588 τοῦ,
1030 2529 1246 2598 μισήσει
1276 2526 1368 2578 καὶ
1395 2525 1744 2596 ἀποστραφή-

190 2636 344 2674 σεται.
364 2621 504 2673 ’Λλλ“
528 2623 555 2674 6
577 2620 685 2674 τῶν
711 2617 1180 2684 ἐπιϐουλευόντων,
1205 2617 1388 2690 φησιν,
1419 2617 1745 2688 ὑψηλότερος

190 2712 562 2782 καταγελάσει,
597 2714 714 2785 ήτοι
767 2711 978 2781 γέλωτα
1029 2710 1125 2782 τὴν
1182 2710 1401 2764 ἐκείνων
1455 2709 1743 2779 ἐπιδουλὴν

191 2805 460 2873 ἀποφανεῖ,
491 2804 569 2870 ὡς
613 2806 856 2878 ἀνοήτοις
887 2804 1319 2877 ἐπιχειρούντων.
1349 2804 1457 2858 Καὶ
1488 2802 1593 2873 γὰρ
1639 2819 1742 2872 μυ-

191 2899 474 2968 κτηρισμός
508 2899 626 2950 ἐστι
657 2898 869 2968 πνεῦμα
886 2897 972 2950 διὰ
1003 2897 1160 2968 ῥινῶν
1182 2895 1471 2965 ἀφιέμενον
1499 2897 1578 2958 είς
1601 2895 1746 2961 ἐξου-

189 2986 392 3039 δένωτιν
413 2987 528 3040 τῶν
555 2986 760 3057 μεγάλα
786 2985 1222 3057 φρυαττομένων.
1257 2984 1364 3037 Καὶ
1384 2984 1445 3037 τὸ
1475 2986 1612 3055 μετά
1635 2983 1744 3038 τῶν

191 3081 483 3149 προθέσεων
536 3080 592 3134 δὲ
636 3079 806 3134 ταῦτα
851 3077 1097 3151 είρῆσθαι
1143 3077 1592 3149 ἐπιτατικὼτερον
1633 3078 1744 3148 ἔχει

189 3175 268 3229 τὸν
299 3176 530 3244 γέλωτα.
555 3173 667 3228 Καὶ
697 3173 758 3226 οὐ
790 3173 966 3244 μόνον,
999 3172 1148 3242 φησὶ,
1175 3170 1350 3233 τοῦτο,
1377 3169 1511 3224 ἀλλά
1538 3171 1628 3223 καὶ
1652 3170 1744 3240 69-

189 3268 280 3339 γῆς
307 3265 770 3340 πειραθήσονται]

257 3383 384 3435 Τότε
405 3380 672 3447 λαλήσει
704 3377 852 3447 πρὸς
875 3375 1094 3441 αὐτοὺς
1112 3375 1182 3429 ἐν
1207 3372 1352 3446 ὀργῇ
1373 3371 1738 3438 αὑτοῦ.Τότε,

192 3472 326 3533 πότε,
361 3473 394 3541 ἢ
441 3473 535 3526 ὅτε
585 3469 765 3535 ελεγον
791 3484 806 3498 ·
856 3466 1266 3536 Δισρῤήξωμεν
1311 3464 1450 3531 τοὺς
1481 3463 1742 3534 δεσμοὺς

189 3561 404 3626 «utar;
431 3563 498 3613 Ti
518 3561 574 3613 δέ
600 3561 715 3612 ἐστι
734 3557 801 3612 τά
828 3561 884 3613 ὲν
910 3559 1044 3630 ὀργῇ
1072 3557 1200 3628 παρ’
1223 3555 1384 3611 αὑτοῦ
1410 3555 1738 3627 λαληθέντας

190 3654 331 3724 ἦτόο
376 3651 528 3708 Οὐαὶ
557 3649 716 3722 ὑμῖν,
747 3650 1097 3722 γραμματεῖς
1147 3648 1241 3702 καί
1276 3647 1579 3717 Φαρισαῖοι
1602 3663 1615 3674 °
1650 3648 1742 3700 καὶ

188 3745 242 3798 τό
259 3763 271 3775 ·
305 3746 644 3815 Ἀρθήσεται
663 3744 760 3814 ἀφ’
793 3743 958 3812 ὑμῶν
981 3743 1019 3810 ἠ
1037 3741 1322 3807 ,ϐασιλεία
1343 3756 1355 3769 ·
1391 3739 1480 3792 καὶ
1508 3738 1598 3792 τι·
1631 3738 1738 3793 Καὶ

189 3836 315 3908 ὑμῖν
349 3837 490 3894 οὐαί
524 3836 648 3903 τοῖς
669 3833 950 3905 νομικοῖς.

251 3929 509 4004 [Στρατιά
536 3929 644 4000 γὰρ
680 3927 874 3988 αὐτοὺς
911 3924 1189 3998 Ῥωμαῖκὴ
1238 3922 1737 3996 ἐξηνδραποδίσατο.

189 4025 432 4093 Διαφέρει
460 4021 518 4075 δέ
547 4020 716 4091 θυμὸς
739 4019 925 4090 ὀργῆς,
957 4015 1034 4089 τῷ
1075 4017 1244 4087 θυμὸν
1275 4016 1372 4088 μὲν
1404 4011 1542 4068 εἶναι
1571 4015 1740 4087 ὀργὴν

188 4111 630 4185 ἀναθυμιωμένην
653 4111 745 4164 καὶ
771 4109 849 4162 ἔτι
877 4107 1256 4178 ἐκκαιομένην,
1284 4105 1450 4178 ὀργὴν
1481 4105 1537 4159 δέ
1564 4104 1738 4177 ὄρεξιν

188 4202 986 4277 ἀντιλυπήσεως.⁹Ατελέστερος
1023 4195 1114 4253 οὖν
1159 4199 1256 4270 τῆς
1297 4197 1465 4270 ὀργῆς
1493 4198 1522 4251 6
1549 4196 1736 4269 θυμὸς,

189 4297 525 4369 ἀποτέλεσμά
551 4311 612 4348 τε
642 4297 676 4365 ή
710 4292 864 4365 ὀργή.
897 4293 1006 4347 Καὶ
1033 4290 1286 4347 τοιούτων
1322 4291 1378 4346 δέ
1422 4289 1528 4343 τῶν
1559 4289 1736 4362 ῥημά-

187 4406 283 4444 των
321 4391 424 4462 τὴν
463 4385 754 4460 ἑρμηνείαν
789 4386 1024 4440 διδάσκει
1058 4386 1120 4438 1:6
1148 4385 1302 4448 τέλος
1333 4381 1440 4437 τῶν
1469 4383 1739 4454 πραγμά-

191 4499 301 4537 των.
327 4481 569 4552 Σίτρατιά
593 4479 700 4552 γάρ
725 4479 903 4542 αὐτοῖς
935 4479 1199 4532 ἐπιστᾶσα
1237 4475 1516 4548 Ῥωμαϊκὴ
1546 4476 1646 4546 τήν
1675 4492 1735 4529 τε

191 4575 328 4629 πόλιν
368 4573 638 4645 ἐπόρθησε
682 4573 773 4626 καὶ
816 4571 1080 4643 ἐνέπρησε
1106 4569 1196 4622 τὸν
1229 4567 1386 4633 νεὼν,
1425 4568 1516 4622 καὶ
1559 4565 1736 4621 αὐτῶν
1768 4598 1812 4654 D

189 4666 301 4730 τοὺς
333 4667 434 4738 μὲν
463 4663 744 4726 πλείστους
768 4661 979 4733 θανάτῳ
1012 4659 1364 4732 παρέπεμψε·
1399 4661 1525 4723 τοὺς
1550 4658 1606 4712 δέ
1637 4659 1736 4731 τὴν

191 4756 391 4828 σφαγὴν
416 4751 749 4823 ἐκφυγόντας
790 4749 1300 4822 ἐξανδραποδίσασα,
1343 4749 1555 4820 δουλείᾳ
1599 4766 1736 4821 παρ-

190 4843 729 4914 έδωκεν.Ἐπιστῆσαι
768 4841 825 4894 δὲ
865 4841 1126 4912 προσήκει
1156 4839 1244 4893 τὸν
1288 4839 1494 4902 πιστὸν,
1520 4838 1595 4901 ὼς
1644 4839 1737 4892 δύο

189 4935 481 5011 προσώπων
516 4933 709 5004 ἐφεξῆς
739 4931 1023 5004 μέμνηται,
1048 4929 1140 4984 καὶ
1164 4929 1374 5001 πρῶτον
1405 4929 1502 5002 μὲν
1529 4929 1734 5001 Κυρίου

188 5031 269 5086 τοῦ
297 5029 534 5103 Χριστοῦ
554 5046 567 5060 ο
603 5028 761 5084 Κατὰ
787 5025 892 5081 τοῦ
921 5027 1138 5096 Kvpiov
1165 5025 1292 5099 γὰρ.
1326 5027 1448 5098 εφη,
1467 5025 1564 5080 καί
1588 5027 1735 5082 κατὰ

188 5121 284 5177 τοῦ
312 5119 569 5190 Χριστοῦ
595 5117 805 5175 αὑτοῦ·
852 5111 968 5171 εἶτα
1000 5116 1373 5180 κατοικοῦντος
1402 5119 1458 5170 ἐν
1489 5117 1737 5189 οὐρανοῖς

188 5215 272 5268 καὶ
299 5213 531 5287 Κυρίουο
564 5213 617 5266 '0
640 5209 928 5268 κατοικῶν
953 5211 1024 5265 ἐν
1050 5208 1324 5279 οὐρανοῖς
1349 5207 1735 5279 animum

187 5307 416 5375 αὐτοὺς,
465 5304 563 5359 καί
604 5307 636 5359 d
682 5305 892 5372 Κύριος
937 5301 1316 5372 ἐκμυκτηριεῖ
1361 5302 1606 5368 αὐτούς’
1643 5301 1736 5356 καὶ

189 5394 328 5462 αὖθις
363 5398 421 5454 δέ
444 5398 506 5452 τὸ
529 5395 658 5452 αὐτὸ
684 5395 967 5468 διετήρησε
1001 5393 1230 5469 σχῆμα.]

260 5572 394 5640 Ἐγὼ
430 5570 496 5624 δέ
536 5568 910 5639 κατεστάθηγ
942 5569 1238 5637 ,ϐασιλεὺς
1285 5571 1384 5625 ὑπ’
1405 5570 1588 5626 αὐτοῦ
1633 5572 1730 5627 ἐπί

189 5662 340 5718 Σιὼν.
359 5663 443 5729 Ὠς
465 5663 860 5734 ἀποδληθέντος
897 5661 990 5716 τοῦ
1015 5661 1074 5728 ἐξ
1105 5661 1318 5733 ⁹ισραὴλ
1346 5660 1496 5729 λαοῦ,
1526 5664 1622 5734 τὴν
1655 5665 1734 5728 είς

243 5828 284 5859 ⁸⁸
305 5827 490 5887 lauti.
515 5842 638 5896 xm,
671 5825 760 5882 Π.

1851 661 1960 718 tes;
1992 661 2050 705 ut
2090 652 2205 705 haec
2235 663 2304 704 su
2333 650 2599 705 sententia
2629 669 2640 704 :
2673 659 3046 703 convenerunt
3075 657 3262 702 contra
3304 647 3413 702 Du-

1849 745 2056 798 minum
2085 753 2139 799 et
2167 754 2354 799 contra
2389 743 2689 807 Christum,
2719 742 2958 797 dicentes
2987 759 3002 797 :
3034 739 3414 811 Dirumpantus

1848 837 2064 891 vincula
2107 851 2317 890 eorum.
2350 833 2654 890 Noluerunt
2691 834 2835 890 enim
2881 835 3021 890 intra
3056 850 3267 892 sacram
3293 849 3415 890 esse

1847 942 2126 997 sagenam,
2157 928 2223 982 de
2261 941 2366 996 qua
2415 928 2674 996 scriptum
2715 937 2833 982 est:
2863 924 3047 980 Simile
3081 937 3158 981 est
3201 943 3413 998 regnum

1848 1019 2094 1072 calorum
2145 1035 2347 1090 sugente
2370 1018 2436 1072 “.
2488 1018 2557 1073 Et
2592 1020 2935 1090 projiciamus
2971 1037 3002 1074 α
3035 1020 3184 1074 nobis
3225 1021 3414 1092 jugum

1847 1112 2101 1181 ipsorum.
2131 1111 2459 1167 Gravitatem
2505 1112 2659 1182 legis,
2687 1113 2753 1168 de
2797 1129 2905 1183 qua
2951 1113 3088 1172 dixit
3108 1111 3415 1184 “:Jugam

1845 1206 1985 1259 enim
2016 1221 2185 1260 meum
2211 1221 2368 1260 suave
2399 1217 2498 1273 est,
2530 1217 2578 1259 et
2604 1222 2734 1261 onus
2761 1222 2929 1261 meum
2965 1207 3090 1263 lese.

1919 1398 2138 1474 [Iugum
2181 1402 2435 1472 ipsorum.
2467 1401 2602 1459 Nam
2652 1404 2862 1460 insidia:
2905 1415 3094 1460 contra
3137 1405 3411 1461 Christum

1846 1494 1912 1548 ad
1954 1495 2128 1564 ipsum
2175 1506 2464 1552 recurrunt
2510 1496 2748 1554 Patrem.
2797 1497 2853 1553 Si
2903 1516 3136 1570 namque
3167 1499 3328 1554 Pater
3359 1501 3411 1555 in

1844 1584 2003 1652 Filio,
2042 1595 2096 1642 et
2125 1586 2294 1644 Filius
2322 1589 2376 1644 in
2415 1587 2575 1644 Patre
2607 1600 2708 1655 est,
2735 1593 3007 1662 quomodo
3032 1607 3140 1646 non
3173 1608 3279 1646 una
3304 1591 3416 1646 fue-

1844 1677 1914 1732 rit
1941 1678 2008 1732 iis
2042 1678 2188 1734 illata
2214 1682 2542 1734 contumelia
2560 1679 2613 1754 Ἰ]

1912 1787 1965 1843 ι.
2002 1788 2106 1854 Qui
2149 1790 2352 1844 habitat
2405 1793 2460 1846 in
2503 1794 2642 1847 caelis
2688 1795 2928 1850 irridebit
2969 1811 3074 1849 eos.
3130 1793 3411 1865 Tanquam

1846 1883 2006 1936 stulta
2064 1884 2409 1940 consulentes
2451 1905 2463 1940 :
2500 1887 2594 1956 qui
2633 1887 2776 1942 enim
2827 1888 2895 1942 ab
2930 1888 3036 1944 illis
3060 1891 3302 1944 conlisus
3331 1897 3413 1943 est

1843 1983 1896 2027 et
1923 1973 2081 2028 morti
2115 1975 2363 2042 traditus,
2393 1993 2516 2032 cum
2560 1979 2614 2032 in
2654 1981 2806 2035 ccehs
2846 1981 2917 2035 sit
2943 1990 2996 2034 et
3023 1979 3204 2034 omnia
3237 1980 3412 2035 couti-

1843 2075 1984 2131 neat,
2011 2082 2150 2122 vana
2182 2068 2473 2138 inaniaque
2497 2070 2738 2125 declarat
2766 2087 2955 2125 eorum
2983 2072 3234 2126 consilia.
3259 2070 3414 2143 Ejus-

1841 2172 1947 2226 que
1969 2156 2146 2225 Pater,
2176 2161 2529 2231 omniumque
2553 2161 2833 2227 Dominus,
2855 2162 3047 2232 dignas
3080 2164 3303 2232 hujusce
3333 2169 3410 2222 rei

1841 2260 2102 2318 exposcet
2133 2267 2341 2321 poenas.
2366 2250 2434 2305 Et
2459 2253 2713 2307 Dominus
2742 2255 3088 2308 subsannabit
3113 2272 3217 2310 eos.
3243 2256 3408 2323 Quasi

1845 2340 2073 2395 nihilum
2105 2343 2384 2413 despiciet,
2418 2345 2546 2399 odio
2569 2345 2807 2412 habebit,
2836 2347 3197 2402 aversabitur.

1917 2516 2210 2591 [Irridebit,
2237 2537 2302 2578 ac
2327 2521 2372 2576 si
2394 2520 2616 2585 diceret,
2639 2523 2764 2578 odio
2783 2523 3022 2587 habebit.
3051 2527 3410 2582 aversabitur.

1845 2611 1951 2667 Sed
1983 2612 2073 2683 qui
2109 2614 2542 2682 insidiatoribus,
2573 2616 2769 2686 inquit,
2798 2617 3064 2672 excelsior
3088 2627 3194 2685 est,
3224 2618 3414 2674 irride-

1845 2701 1925 2755 bit
1955 2717 2073 2769 eos,
2104 2705 2221 2759 sive
2251 2707 2362 2761 risu
2398 2708 2591 2777 dignas
2619 2724 2810 2764 eorutn
2844 2710 3071 2766 insidias
3095 2711 3411 2778 declarabit,

1843 2799 2028 2860 utpote
2053 2795 2145 2861 qui
2179 2793 2346 2848 stulto
2379 2796 2597 2864 negotio
2643 2812 2863 2852 manum
2891 2799 3250 2854 admoverint.
3275 2800 3411 2856 Nam

1843 2881 2196 2936 subsannatio
2223 2893 2308 2938 est
2335 2883 2496 2940 ﬂatus
2525 2900 2620 2955 per
2653 2903 2811 2942 nares
2843 2888 3100 2956 emissus,
3127 2890 3193 2944 ad
3217 2891 3410 2961 despe-

1843 2979 1990 3027 ctum
2035 2989 2224 3029 eorum
2251 2977 2345 3046 qui
2387 2977 2659 3048 ingentem
2707 2978 2981 3034 fremitum
3029 2981 3216 3036 edunt.
3256 2981 3410 3049 Quod

1844 3072 2026 3118 autem
2071 3067 2373 3134 praepositis
2421 3069 2794 3137 superioribus
2837 3070 2950 3124 lucc
2992 3068 3268 3137 dicantur,
3296 3087 3412 3125 am»

1845 3154 2068 3223 piinrem
2097 3157 2334 3224 praebent
2365 3158 2508 3213 risus
2550 3161 2854 3214 materiam.
2889 3159 3074 3231 Neque
3112 3161 3166 3216 id
3207 3163 3414 3217 solum-

1768 3261 1814 3325 ς
1845 3243 2024 3308 modo,
2055 3246 2246 3316 inquit,
2279 3247 2372 3302 sed
2395 3249 2528 3302 iram
2553 3251 2824 3319 experturi
2851 3249 3022 3322 sunt.]

1912 3363 1964 3419 5.
1993 3361 2136 3416 Tunc
2173 3361 2412 3433 loquetur
2443 3363 2512 3416 ad
2546 3381 2630 3418 eos
2671 3365 2723 3419 in
2749 3367 2831 3420 ira
2863 3383 2980 3421 sua.
3007 3367 3197 3438 Tunc;
3238 3387 3411 3440 quan-

1842 3455 2060 3511 donam.
2103 3455 2204 3508 nisi
2233 3470 2356 3509 cum
2393 3457 2656 3518 dicereut,
2689 3456 3064 3528 Dirumpamus
3090 3463 3299 3517 uincula
3326 3481 3413 3518 eo-

1842 3547 2003 3600 rttm.’
2042 3545 2178 3611 Quid
2228 3555 2406 3599 autem
2458 3555 2540 3600 est
2583 3548 2726 3616 quod
2776 3549 2937 3603 inira
2982 3566 3080 3606 sua
3122 3553 3412 3623 loquetur?

1841 3635 1973 3691 ωιιά
2009 3653 2022 3690 :
2061 3634 2148 3690 Vc
2171 3637 2334 3700 vobis,
2367 3637 2552 3692 scriba:
2582 3648 2628 3692 et
2667 3637 3025 3710 Phariswi";
3059 3653 3114 3700 et
3145 3644 3274 3701 illud
3301 3665 3314 3702 :
3342 3646 3407 3701 Et

1840 3727 1980 3782 vobis
2004 3744 2205 3800 quoque
2236 3728 2572 3800 legisperitis,
2601 3747 2677 3785 me
2712 3732 2777 3788 ⁸³.

1912 3926 2068 4002 [Nam
2102 3927 2379 3986 Romanus
2405 3931 2676 3986 exercitus
2703 3931 2754 3987 in
2779 3934 3147 4006 captivitatem
3173 3938 3294 3994 illos
3317 3939 3408 3998 ab-

1839 4017 2012 4074 duxit.
2041 4017 2212 4072 Furor
2243 4028 2421 4075 autem
2444 4021 2606 4076 abira
2627 4022 2826 4090 ditl‘ert,
2853 4026 2996 4096 quod
3024 4026 3177 4084 [uror
3206 4031 3276 4085 sit
3300 4031 3408 4087 vel-

1840 4119 1900 4164 ut
1947 4110 2023 4164 ira
2049 4108 2314 4165 ebulliens
2343 4122 2396 4166 et
2442 4112 2622 4168 adhuc
2665 4128 2928 4182 accensa;
2961 4117 3038 4172 ira
3076 4128 3279 4185 autem,
3312 4137 3407 4192 ap-

1839 4202 2035 4274 petitus
2061 4201 2326 4260 vindictrc.
2352 4203 2723 4276 lmperiectior
2746 4207 2928 4278 itaque
2957 4209 3110 4266 furor
3137 4223 3220 4269 est
3241 4230 3404 4286 quam

1837 4292 1916 4347 ira
1945 4310 1957 4346 :
1989 4303 2179 4364 estque
2218 4293 2297 4348 ira
2340 4307 2437 4348 ceu
2469 4295 2949 4365 complementum.
2995 4297 3406 4375 Verberuuique

1838 4382 2149 4452 huiusmodi
2188 4384 2691 4454 interpretationem
2721 4387 2898 4458 palam
2930 4387 3063 4446 facit
3083 4393 3166 4447 vel
3186 4392 3299 4465 ipse
3322 4412 3406 4451 re-

1841 4487 1957 4526 rum
1997 4475 2190 4529 exitus.
2237 4471 2518 4532 Exercitus
2557 4493 2792 4548 namque
2839 4479 3202 4537 Romanorum
3255 4485 3404 4556 ipsos

1839 4562 2099 4620 invadens
2139 4564 2327 4620 urbem
2374 4567 2624 4634 vastavit,
2652 4577 2814 4640 atque
2855 4573 3114 4642 templum
3141 4574 3400 4645 incendit,

1838 4663 1893 4708 et
1933 4671 2180 4726 magnam
2227 4665 2433 4728 partem
2467 4659 2707 4728 ipsorum
2750 4661 3123 4721 internecione
3163 4666 3399 4737 delevit;

1840 4745 1961 4803 illos
1986 4756 2164 4801 autem
2200 4748 2294 4818 qui
2325 4757 2552 4804 mortem
2583 4749 2908 4824 eﬂugerunt,
2939 4767 3126 4828 captos
3154 4763 3399 4818 seriituti

1839 4838 2079 4894 tradidit.
2136 4839 2545 4896 Animadvertat
2583 4843 2743 4899 velim
2798 4845 3033 4917 quisque
3077 4850 3160 4904 vir
3205 4851 3397 4917 ﬁdelis,

1838 4931 1981 5001 quod
2004 4933 2402 5002 quasiduarum
2420 4949 2776 5005 personarum
2798 4941 3124 4998 mentionem
3147 4945 3401 5017 deinceps

1837 5020 2035 5090 faciat;
2083 5025 2260 5094 primu
2301 5027 2517 5097 quidem
2564 5027 2778 5085 Domini
2828 5030 3067 5102 Christi;
3108 5036 3396 5106 siquidem,

1839 5115 2086 5170 adversus
2107 5115 2404 5181 Dominum,
2426 5117 2622 5189 inquit,
2633 5129 2684 5176 et
2702 5121 2950 5178 adversus
2969 5124 3233 5182 Christum
3249 5130 3398 5198 eius;

1840 5207 2035 5263 deinde
2073 5223 2223 5274 Vero,
2253 5209 2371 5279 eius
2415 5213 2508 5283 qtti
2547 5212 2756 5270 habitat
2786 5217 2838 5271 in
2868 5218 3020 5273 ctelis
3049 5230 3103 5275 et
3135 5218 3399 5279 Dominus

1835 5307 1952 5353 est:
1983 5296 2088 5362 Qui
2121 5300 2323 5353 habitat
2353 5301 2406 5356 in
2446 5303 2589 5357 caelis
2633 5304 2876 5360 irridebit
2904 5324 2992 5363 eos
3014 5351 3029 5374 ,
3060 5320 3109 5364 et
3143 5311 3396 5369 Dominus

1835 5389 2178 5443 subsannabit
2208 5405 2291 5443 eos
2307 5406 2326 5455 ,'
2353 5407 2416 5448 ac
2438 5408 2655 5449 rursum
2691 5397 2878 5452 eodem
2909 5401 3068 5457 modo
3092 5403 3312 5461 assidue
3339 5415 3395 5461 et

1836 5488 2231 5548 consequenter
2264 5482 2551 5555 procedit.)

1903 5567 1955 5622 6.
2003 5567 2112 5639 Ego
2145 5581 2319 5625 autem
2348 5576 2668 5632 constitutas
2713 5593 2804 5633 rea:
2839 5578 2904 5634 ob
2946 5597 3006 5636 eo
3042 5594 3198 5653 super
3239 5581 3391 5641 Sion.

1836 5657 2114 5730 Tanquam
2157 5665 2444 5732 reprobate
2486 5667 2782 5728 Israelitico
2817 5675 3037 5746 populo,
3066 5675 3226 5732 ﬁdem
3268 5691 3398 5749 qua

864 5826 906 5859 “
937 5823 1124 5882 Βοιώ.
1152 5838 1231 5892 ιι,
1263 5822 1351 5880 47.
1431 5823 1474 5857 ⁶⁹
1503 5819 1689 5878 llatth.
1730 5837 1888 5891 astu,
1917 5821 2000 5879 13.
2078 5822 2122 5857 ⁸³
2147 5821 2278 5883 Luc.
2315 5840 2390 5893 at,
2419 5821 2514 5882 ιθ.
