4122 6492
677 443 745 499 6⁸1
1507 426 1569 484 S.
1606 418 1974 481 ATIIANASII
2013 416 2164 475 OPP.
2205 412 2386 471 PARS
2429 411 2516 469 III.
2556 441 2624 452 —
2662 408 3076 467 EXEGETICA.
3839 410 3908 467 σε

680 558 823 633 apud
854 564 1041 631 gentes
1075 552 1256 609 futura
1277 557 1413 617 erat,
1440 554 1680 605 enarrat.
1717 544 1849 599 Sion
1878 556 2027 609 vero,
2050 537 2233 595 Eccle-

2358 535 2400 590 τὰ
2444 533 2573 603 ἔθνη
2615 529 2912 601 γενομένην
2960 527 3122 592 αὐτὸς
3169 526 3350 582 πίστιν
3405 528 3587 594 αὐτοις
3616 529 3905 601 διηγεῖται·

680 654 816 709 siam
849 648 1136 721 signillcat.
1534 685 1541 691 .

751 720 1031 814 [Dominus
1056 734 1192 789 dixit
1219 730 1288 785 ad
1313 745 1413 793 me,
1451 725 1625 781 Filius
1651 741 1816 789 meus,
1838 732 1969 785 etc.,
1994 737 2059 779 ac
2090 720 2138 778 si
2160 720 2244 776 di-

680 843 848 897 ceret,
868 831 984 901 Ipsa
1015 844 1101 883 me
1131 824 1308 881 Patris
1333 830 1525 876 natura
1553 818 1747 872 Filium
1777 814 2104 872 declaravit:
2132 829 2243 869 non

2344 625 2481 681 Σιὼν
2504 625 2561 678 δὲ
2582 624 2679 695 τὴν
2714 620 3036 691 Ἐκκλησίαν
3063 617 3228 689 δηλοῖ.

2416 718 2655 792 [Κύριος
2686 714 2817 772 εἶπε
2848 714 2997 783 πρὸς
3029 713 3122 784 μὲν
3166 716 3299 779 Υἱός
3334 732 3473 783 μου,
3503 715 3598 769 καὶ
3641 714 3711 769 τὰ
3745 715 3871 788 ιξῆς
3892 732 3907 748 ο

2342 812 2463 867 ἀντὶ
2490 811 2603 877 τοῦ,
2622 808 2961 880 ’Δπεφήνατό
2996 824 3063 877 με
3094 809 3128 878 ἠ
3173 806 3266 859 τοῦ
3312 806 3527 879 Πατρδς
3557 808 3717 877 φύσις
3744 808 3873 863 Υίάν
3892 824 3910 840 ·

679 928 835 997 jussu
877 899 1107 995 quodam
1154 920 1206 974 id
1246 915 1581 989 perliciente;
1614 911 1707 968 sed
1745 908 1982 965 essentia
2011 908 2126 978 ipsa
2156 921 2246 961 me

2358 906 2403 959 »ὑ
2450 903 2872 975 προστάγματος
2923 899 3349 970 ὲνεργήσαντος·
3399 899 3533 953 ἀλλὰ
3581 899 3682 971 τῆς
3725 900 3915 964 οὐσίας

683 1020 909 1088 ﬁguram
942 1012 1257 1070 substantia
1288 1006 1464 1061 Patris
1492 1018 1613 1059 esse
1640 1006 2120 1057 commonstrante.
2146 997 2250 1066 Ap-

684 1085 856 1178 piisite
895 1102 1131 1166 additur,
1161 1117 1234 1162 es,
1266 1096 1411 1167 quod
1448 1093 1851 1166 generationem
1892 1097 2016 1143 ante
2050 1085 2247 1142 saecula

685 1198 961 1254 declarat:
994 1205 1109 1250 erat
1151 1192 1294 1245 cnim
1345 1202 1556 1257 semper
1596 1183 1788 1238 Filius.
1819 1181 2033 1250 Adjecit
2068 1188 2246 1234 autem

686 1287 842 1350 illud.
865 1285 1016 1340 hodie
1040 1283 1192 1354 genui
1211 1290 1278 1339 te.
1296 1287 1355 1334 ut
1379 1276 1783 1347 generationem
1808 1271 2104 1328 secundum
2132 1286 2250 1325 ear-

685 1394 811 1434 nem
843 1379 1297 1433 commonstraret
1322 1389 1336 1425 :
1366 1367 1497 1423 illud
1530 1367 1700 1431 enim,
1728 1365 1902 1431 hodie,
1928 1374 2139 1434 tempus
2168 1363 2251 1417 in-

686 1472 867 1527 dicat:
893 1486 1063 1540 quare
1088 1482 1185 1538 pro
1209 1461 1489 1534 temporali
1516 1459 1863 1531 generatione
1886 1457 2120 1527 positum
2146 1464 2248 1509 est.

687 1560 1097 1631 Consequenter
1146 1558 1273 1613 item
1317 1568 1415 1624 pro
1462 1552 1701 1606 humana
1739 1547 2087 1619 generatione
2115 1546 2250 1615 adji-

687 1655 906 1709 ciuntur
940 1654 1107 1714 istaec,
1140 1650 1293 1721 genui
1332 1656 1401 1701 te.
1431 1644 1528 1698 Hic
1578 1642 1733 1704 mihi,
1777 1654 1981 1709 quaeso,
2010 1637 2254 1692 animad-

686 1756 888 1807 vertas.
910 1760 1017 1814 quo
1038 1751 1193 1812 pacto
1213 1738 1611 1809 generationem
1636 1731 1896 1805 unigeniti
1920 1729 2125 1787 Christi
2149 1730 2253 1786 sibi

688 1838 964 1911 propriam
999 1835 1157 1889 Pater
1187 1829 1397 1903 Iaciat.]

2344 994 2705 1063 ἁποδειξάσης
2728 992 2828 1062 ἐμὲ
2857 990 3178 1062 χαρακτῆρα
3207 988 3308 1059 τῆς
3329 988 3423 1042 τοῦ
3448 990 3657 1061 [ἰατρὸς
3679 989 3917 1063 ὑποστά-

2347 1104 2499 1149 σεως.
2536 1058 2728 1147 Καλῶς
2759 1058 3212 1154 γὰρήπρόσκῖιται
3242 1058 3322 1146 τὸ,
3346 1076 3417 1146 εἴ,
3445 1081 3541 1153 τὴν
3705 1058 3916 1135 αίώνων

2345 1179 2536 1251 δηλοῦν
2577 1179 2857 1249 γέννησιν·
2885 1171 2953 1248 ἦν
2994 1174 3101 1247 γὰρ
3141 1175 3230 1229 ἀεὶ
3272 1174 3729 1245 Υίός·.Ἐπήνεγκε
3753 1175 3915 1244 δὶτδ,

2347 1270 2611 1341 σήμερον
2641 1266 2971 1340 γεγέννηκά
2993 1282 3086 1329 σε,
3115 1266 3203 1319 ῐνα
3230 1265 3327 1338 τὴν
3350 1266 3488 1321 κατὰ
3517 1266 3695 1337 σάρκα
3722 1267 3917 1338 γεννη-

2350 1380 2432 1416 σιν
2460 1361 2606 1434 δείξῃ
2623 1379 2636 1392 ·
2668 1361 2729 1415 τὸ
2755 1359 2885 1431 γὰρ,
2912 1358 3196 1429 σήμερον,
3222 1359 3410 1431 χρόνου
3437 1359 3579 1413 ἔστί·
3607 1359 3688 1413 διὸ
3720 1360 3815 1414 καὶ
3837 1360 3920 1414 τι·

2348 1454 2522 1508 θειται
2568 1456 2696 1525 περὶ
2730 1453 2826 1524 τῆς
2855 1452 3110 1524 χρονικῆς
3152 1450 3821 1524 γεννήσεως.Ἀκολούθως
3861 1451 3918 1506 δὲ

2347 1546 2428 1619 τῷ
2477 1546 2798 1617 ἀνθρωπίνῳ
2841 1545 2935 1598 καὶ
2980 1546 3047 1598 τὰ
3096 1544 3427 1614 ἑπαγόμενα,
3462 1543 3793 1614 γεγέννηκά
3821 1560 3916 1599 σε.

2352 1640 2496 1710 Ὅρα
2522 1638 2635 1701 πῶς
2670 1636 2766 1708 τὴν
2792 1637 2933 1692 κατὰ
2956 1637 3134 1709 σάρκα
3152 1636 3401 1705 γέννησιν
3423 1635 3717 1691 οἰκειοῦται
3745 1638 3776 1692 6
3806 1636 3921 1691 Πα-

2348 1733 2452 1805 τὴρ
2478 1730 2571 1786 τοῦ
2612 1729 2932 1803 μονογενοῦς
2955 1729 3047 1783 τοῦ
3076 1727 3359 1802 Χριστοῦ]

762 1925 828 1983 Et
863 1927 1234 1998 possessionem
1266 1934 1409 1976 luant
1440 1920 1687 1974 terminos
1717 1927 1892 1983 τευ-α’,
1922 1934 2063 1987 reges
2088 1932 2173 1972 eos
2196 1916 2251 1970 in

2425 1911 2534 1966 Καὶ
2575 1909 2688 1979 τὴν
2721 1910 3091 1980 κατάσχεσιν
3128 1926 3244 1966 σου
3282 1911 3354 1965 τὰ
3386 1909 3610 1980 πέρατα
3642 1907 3753 1979 τῆς
3785 1904 3918 1980 τῆς,

689 2020 835 2087 uirga
869 2018 1059 2086 ferrea.
1092 2015 1147 2069 Id
1179 2022 1262 2069 est
1292 2014 1345 2067 in
1370 2026 1550 2073 cruce,
1586 2010 1742 2079 cujus
1771 2008 1992 2062 materia
2023 2008 2248 2078 lignum,

691 2107 847 2177 cujus
876 2106 1047 2160 virtus
1078 2101 1295 2157 ferrum.
1318 2098 1480 2155 Juxta
1501 2100 1790 2171 quosdam,
1814 2096 2122 2152 Romanum
2147 2097 2251 2151 im-

691 2199 901 2269 perium
932 2194 1220 2267 signiﬁcat.

2354 2004 2659 2073 ποιμανεῖς
2687 2005 2907 2071 αὐτοὺς
2954 2004 3023 2058 ἐν
3055 2003 3253 2073 ῥάϐδῳ
3284 2001 3518 2073 σιδηρᾷ.
3545 2002 3832 2056 Τουτέστιν
3864 2002 3923 2055 εν

2354 2093 2431 2164 τῷ
2462 2094 2676 2166 σταυρῷ
2700 2112 2713 2125 ·
2747 2096 2909 2165 ήιμὲν
2955 2094 3063 2167 γὰρ
3110 2094 3209 2165 ῦλη
3237 2094 3414 2160 ξύλου,
3446 2095 3479 2167 η
3506 2093 3562 2147 δὲ
3596 2094 3747 2163 ἰσχὺς
3777 2090 3926 2163 σιδή-

2357 2202 2471 2255 ρου.
2502 2185 2657 2249 Τινὲς
2689 2185 2745 2239 δὲ
2778 2186 2876 2255 τὴν
2901 2184 3009 2238 τῶν
3047 2187 3329 2257 Ῥωμαίων
3356 2184 3529 2259 ἀρχὴν
3559 2182 3830 2257 δηλοῦσιν.

764 2310 959 2379 Adjicit
1005 2306 1146 2361 Dan.
1179 2303 1448 2358 Barbarus
1476 2318 1494 2355 :
1514 2299 1761 2356 Conterit
1807 2298 2002 2367 ﬁgulus
2047 2312 2163 2362 vas,
2193 2296 2340 2369 quod
2367 2314 2397 2351 e
2428 2298 2679 2353 manibus
2712 2298 2855 2352 cadit
2882 2316 2896 2352 :
2929 2314 3037 2353 non
3076 2299 3261 2355 deleus
3304 2298 3400 2355 sed
3432 2298 3743 2355 reformans
3773 2314 3787 2351 :
3813 2311 3924 2352 non

694 2401 839 2457 aliud
867 2401 1061 2459 lutum.
1092 2410 1254 2467 quam
1287 2403 1463 2455 vetus,
1498 2407 1695 2464 aquam
1734 2398 1943 2446 tantum
1976 2390 2205 2455 addens,
2235 2391 2378 2461 quod
2408 2398 2465 2444 et
2495 2388 2749 2445 Christus
2782 2388 2924 2444 fecit.

765 2492 850 2548 i0.
887 2490 955 2546 Et
985 2504 1319 2560 nunc,reges,
1348 2485 1647 2555 intelligite.
1678 2485 1736 2539 Id
1763 2491 1867 2546 est,
1899 2480 2259 2547 considerate,

696 2584 764 2640 ad
797 2582 1166 2655 paenitentiam
1213 2576 1612 2633 convertimini.
1651 2571 1976 2634 Erudimini,
1998 2570 2087 2639 qui
2106 2570 2261 2640 μιαί.-

697 2677 830 2730 cotis
857 2684 1070 2727 terram.
1098 2669 1201 2724 Per
1224 2668 1375 2731 illud,
1396 2664 1698 2725 erudimini.
1718 2660 2019 2734 profectum
2042 2660 2250 2731 signiﬁ-

696 2776 817 2831 cat;
842 2780 936 2836 per
969 2762 1101 2819 illud
1127 2771 1331 2825 autem,
1354 2754 1735 2828 Appreltendile
1755 2752 2112 2823 disciplinam,
2139 2767 2261 2823 per-

698 2859 984 2914 fectionem
996 2895 1010 2909 .

2430 2481 2541 2535 Καὶ
2582 2480 2718 2547 νῦν,
2747 2480 3047 2547 βασιλεῖς,
3094 2480 3327 2535 σύνετε.
3358 2476 3633 2541 Τουτὲστι,
3670 2478 3925 2549 νοήσατε,

2358 2572 2494 2644 πρὸς
2546 2572 2832 2643 μετάνοιαν
2865 2572 3250 2643 επιστράφητε.
3294 2570 3670 2639 Παιδεύθητε,
3702 2568 3927 2637 πάντες

2358 2666 2411 2718 οι
2441 2664 2750 2732 κρίνοντες
2795 2663 2909 2734 τὴν
2952 2662 3088 2734 γῆν.
3121 2662 3230 2734 Τὴν
3257 2662 3354 2733 μὲν
3381 2662 3662 2735 προκοπὴν
3690 2661 3779 2717 διὰ
3807 2660 3925 2728 τοῦ,

2357 2754 2714 2825 παιδεύθητε
2749 2756 3009 2831 παριστᾷ,
3039 2754 3136 2826 τὴν
3165 2753 3221 2807 δι
3242 2751 3517 2806 τελείωσιν
3535 2751 3623 2807 διὰ
3642 2751 3760 2819 τοῦ,
3786 2750 3929 2823 Δρό-

2358 2846 2546 2912 ξασθε
2569 2850 2861 2916 παιδείας.

770 2949 908 3003 Dan.
946 2946 1217 3002 Barbarus
1244 2960 1262 2998 :
1297 2942 1374 2996 De
1400 2942 1485 2995 uia
1505 2941 1677 3009 justo,
1712 2953 1742 2992 a
1768 2952 1875 3008 qua
1897 2936 1993 3007 qui
2024 2936 2279 2991 aberrant
2304 2940 2509 2997 cadunt
2533 2960 2561 2997 a
2588 2945 2670 2998 uia
2692 2945 2861 3012 justo.

772 3039 858 3094 12.
888 3035 1266 3106 Apprehsndite
1305 3030 1661 3101 disciplinam.
1705 3027 2083 3099 Evangelicam
2110 3026 2259 3082 vide-

699 3132 865 3187 licet:
893 3128 960 3182 Et
1003 3144 1063 3180 ne
1100 3125 1321 3195 pereatis
1364 3122 1428 3179 de
1463 3124 1547 3177 uio
1574 3122 1745 3192 justo.
1781 3119 1913 3191 Ejus
1934 3118 2141 3175 scilicet
2165 3117 2260 3189 qui

699 3223 833 3277 dixit
856 3220 937 3265 ⁸δέ
967 3218 1076 3290 Ego
1098 3234 1213 3272 sum
1243 3219 1346 3272 uia.

702 3311 940 3369 PSALM
951 3309 1039 3367 US
1067 3310 1233 3364 David
1254 3308 1463 3379 quando
1490 3304 1718 3413 {uqi'e'bat
1740 3320 1772 3356 a
1796 3303 1931 3373 {acie
1961 3302 2263 3357 Abessalom
2290 3357 2332 3413 ϐ

1292 3400 1392 3469 ﬁlii
1418 3399 1521 3452 ius.
1548 3394 1669 3452 ιιι.

1285 3491 1679 3561 Argumentum.

701 3584 985 3658 Proposita
1014 3581 1209 3655 psalmi
1241 3579 1521 3649 inscriptio
1552 3579 1626 3632 ita
1665 3576 1844 3631 habet.
1879 3573 2015 3630 Nam
2051 3574 2156 3631 hoc
2183 3583 2267 3630 est

772 3678 915 3748 quod
956 3675 1197 3746 psalmus
1242 3670 1509 3734 enuntiat,
1536 3667 1680 3737 quod
1733 3666 1937 3721 scllicet
1978 3680 2011 3719 a
2042 3662 2267 3720 Iudaico

775 3767 975 3841 popqu
1006 3771 1227 3820 vexetur
1258 3761 1642 3833 prophetarum
1668 3757 1890 3812 chorus.
1925 3755 2091 3810 David
2121 3756 2265 3811 enim

773 3860 1043 3933 signiﬁcat
1068 3855 1423 3918 desideratus;
1456 3852 1601 3923 quod
1639 3865 1825 3906 revera
1853 3849 2109 3920 competit
2141 3862 2268 3919 pro-

776 3954 1061 4023 plietarum
1094 3949 1280 4003 choro.
1317 3942 1468 3999 Sicut
1507 3958 1636 4013 ergo
1663 3942 1979 3998 Abessalom
2018 3941 2268 3997 rebellio-

781 4057 901 4099 nem
929 4041 1165 4097 excitare
1188 4037 1422 4093 tentabat
1451 4035 1712 4089 adversus
1736 4043 1942 4104 patrem
1964 4048 2145 4099 suum,
2171 4047 2268 4088 seu

782 4134 1074 4199 Davidem;
1107 4131 1181 4185 ita
1220 4137 1274 4185 et
1298 4126 1477 4183 .Judai
1522 4134 1711 4182 contra
1746 4134 1928 4196 patres
1975 4139 2107 4181 suos
2138 4138 2267 4195 pro-

777 4227 969 4299 phetas
998 4223 1431 4285 insurrexerunt,
1458 4232 1567 4275 non
1616 4216 1957 4272 admittentes
1986 4214 2079 4270 Dei
2111 4230 2268 4270 man-

780 4318 929 4384 data,
968 4316 1078 4371 imo
1104 4329 1231 4370 vero
1260 4313 1589 4369 obsistentes
1621 4308 1749 4365 illis.

784 4524 1020 4589 Domine,
1058 4522 1183 4593 quid
1224 4515 1560 4588 multiplicati
1583 4514 1815 4584 suntqui
1846 4512 2099 4567 tribulant
2145 4514 2272 4567 me!

708 4618 843 4673 Illud
871 4616 998 4686 quid
1024 4630 1121 4686 pro
1150 4612 1467 4668 vehementer
1497 4608 1734 4679 positum
1760 4614 1863 4660 est.

2435 3032 2739 3102 Δράξασθε
2781 3032 3070 3098 παιδείας.
3100 3032 3212 3102 Τῆς
3262 3028 3620 3100 εὐαγγελικῆς
3662 3028 3925 3100 δηλονότι.

2365 3124 2477 3180 Καὶ
2523 3124 2841 3180 ἀπολεῖσθε
2882 3124 2951 3189 ἐξ
2987 3122 3129 3178 ὁδοῦ
3165 3123 3414 3189 δικαίας.
3447 3119 3552 3174 Τοῦ
3605 3122 3925 3193 εἰρηκότος·

2379 3216 2518 3285 Ἐγώ
2542 3218 2657 3284 ειμι
2688 3217 2725 3285 ἠ
2760 3216 2917 3283 ὁδός.

2374 3309 2678 3361 ΨΑΛΜΟΣ
2706 3306 2786 3373 τῷ
2811 3307 2990 3361 Δαυῒδ
3011 3307 3188 3361 ὁπότε
3212 3304 3649 3374 ἀπεδίδρασκεν
3672 3304 3790 3360 ἀπὸ
3819 3304 3930 3363 τοῦ

2634 3395 3005 3466 Ἀϐεσσαλὼμ
3043 3396 3147 3450 τοῦ
3177 3396 3309 3451 υιοῦ
3337 3395 3542 3451 αὐτοῦ.
3578 3397 3661 3450 ι’ν.

2989 3489 3313 3555 Ὺπόθεσις.

2375 3581 2439 3635 Ἦ
2456 3581 2547 3635 τοῦ
2570 3581 2784 3655 ψαλμοῦ
2809 3580 3142 3654 προκειμένη
3163 3576 3441 3651 ἐπιγραφὴ
3466 3577 3710 3651 περιέχει
3734 3577 3928 3644 οὕτως.

2434 3675 2601 3729 Τοῦτο
2627 3676 2735 3748 γάρ
2778 3678 2921 3729 ἐστιν
2947 3673 2976 3727 ὃ
2993 3664 3145 3743 ’λέγει
3170 3674 3199 3726 6
3222 3671 3451 3744 ψαλμὸς,
3499 3672 3687 3742 ὅτιπερ
3717 3673 3746 3724 6
3772 3670 3930 3743 χορὸς

2433 3766 2540 3819 τῶν
2581 3766 2873 3839 προφητῶν
2904 3764 3157 3819 διώκεται
3207 3764 3310 3817 ὑπὸ
3359 3763 3453 3817 τοῦ
3500 3762 3629 3819 λαοῦ
3655 3761 3762 3816 τῶν
3803 3763 3933 3817 Ἰου-

2436 3858 2617 3914 δαίων.
2652 3858 2812 3911 Δαυῒδ
2839 3857 2947 3928 γὰρ
2979 3856 3338 3930 ἑρμηνεύεται
3363 3855 3767 3927 πεποθημένος·
3793 3856 3932 3926 ὅπερ

2434 3953 2581 4006 ἐστὶν
2614 3952 2642 4005 6
2669 3952 2825 4023 χορὸς
2854 3951 2962 4003 τῶν
2996 3950 3525 4021 προφητῶν.”οσπερ
3557 3944 3651 4002 οὗν
3678 3950 3705 4002 6
3745 3948 3932 4001 ’Δσεσ-

2438 4043 2628 4114 σαλὼμ
2654 4042 2943 4115 ἀνταρσίαν
2968 4041 3201 4113 διεζήτει
3235 4040 3374 4096 κατὰ
3410 4040 3503 4095 τοῦ
3536 4040 3664 4094 ἰδίου
3693 4039 3929 4112 Πατρὸς,

2436 4135 2681 4189 τουτέστι
2713 4133 2807 4188 τοῦ
2848 4133 3029 4197 Δαυῒδ,
3073 4133 3215 4187 οὓτω
3254 4134 3348 4189 καὶ
3389 4134 3439 4187 oi
3480 4132 3717 4187 Ἰουδαῖοι
3766 4133 3933 4187 επανε-

2439 4226 2671 4297 ἔστησαν
2704 4225 2846 4280 κατά
2880 4225 2986 4279 τῶν
3029 4226 3278 4297 πατέρων
3302 4224 3478 4279 αὐτῶν
3506 4223 3818 4295 προφητῶν,
3855 4223 3933 4295 μὴ

2436 4317 2713 4389 δεχόμενοι
2760 4317 2829 4372 τὰ
2870 4318 3263 4391 προστάγματα
3290 4316 3385 4372 τοῦ
3420 4316 3576 4385 Θεοῦ,
3630 4316 3764 4372 ἀλλὰ
3804 4317 3933 4372 ἀνθ-

2439 4413 2708 4481 ιστάμενοι
2738 4412 2943 4475 αὐτοῖς.

2437 4503 2634 4570 Κύριε,
2680 4502 2737 4555 τί
2780 4501 3252 4570 ἐπληθύνθησαν
3280 4501 3335 4555 οι
3365 4499 3670 4565 θλίϐονεές
3693 4514 3799 4569 pe;
3836 4499 3931 4563 Τὸ,

2368 4593 2447 4657 τί,
2477 4593 2598 4646 ἀντὶ
2618 4592 2711 4646 τοῦ
2742 4591 2976 4662 σφόδρα
3001 4594 3194 4646 κεῖται.

777 4711 831 4765 '5.
868 4683 987 4762 Non
1014 4683 1090 4761 est
1120 4703 1265 4758 salus
1315 4701 1415 4769 ipsi
1455 4701 1513 4753 in
1554 4698 1658 4752 Deo
1697 4696 1830 4765 ejus.
1865 4693 2027 4760 Deus,
2068 4693 2259 4764 inquit,

2442 4687 2562 4740 οὐκ
2587 4684 2717 4740 ἔστι
2745 4686 3008 4753 σωτηρία
3034 4684 3192 4751 αὐτῷ
3210 4686 3280 4739 ἐν
3308 4684 3429 4752 Θεῷ
3463 4686 3668 4741 αὐτοῦ.
3700 4686 3757 4739 Ὀ
3776 4683 3919 4747 Θεὸς,

707 4803 847 4873 ejus,
870 4815 977 4856 non
1007 4798 1214 4854 salvum
1246 4793 1407 4848 faciet
1430 4807 1575 4847 eum.
1602 4789 1878 4859 Siquidem
1902 4787 1955 4841 in
1987 4795 2266 4857 peccatum

707 4896 827 4966 ejus
853 4901 1060 4947 tantum
1095 4888 1235 4960 quod
1265 4892 1603 4958 perpetrarat
1640 4882 2016 4946 intuebantur,
2043 4880 2269 4950 ejusque

709 4984 1081 5057 pmnitentiam
1112 4978 1453 5049 ignorabant.
1480 4973 1595 5030 Hoc
1624 4981 1804 5028 autem
1835 4970 2112 5042 prapalam
2144 4968 2270 5052 facit

710 5078 777 5133 de
802 5074 1000 5129 Davide
1019 5073 1221 5126 dictum
1246 5068 1515 5138 psalmum
1541 5063 1729 5119 fuisse.
1759 5060 1894 5116 Illud
1923 5060 2067 5115 enim
2096 5060 2271 5115 insur-

708 5182 855 5237 gere,
884 5163 1100 5236 praprie
1138 5160 1337 5216 dicitur
1364 5158 1430 5213 de.
1460 5158 1527 5213 iis
1561 5156 1656 5227 qui
1691 5164 1847 5210 antea
1874 5167 1905 5208 e
1926 5150 2265 5207 subditorum

704 5267 862 5315 erant
896 5255 1225 5319 comlitione,
1260 5250 1355 5309 sed
1386 5261 1573 5322 postea
1601 5247 1801 5303 bellum
1831 5244 2159 5301 excitarunt.

774 5440 828 5495 ι.
865 5437 975 5509 (ιι)
1006 5436 1083 5491 Tu
1106 5443 1299 5499 autem,
1335 5431 1571 5497 Domine,
1597 5437 1862 5499 susceptor
1881 5442 2023 5482 meus
2047 5441 2122 5491 es,
2154 5422 2267 5495 glo-

707 5549 788 5585 fta
823 5547 951 5585 mea.
991 5527 1129 5596 Quia
1172 5526 1373 5582 dictum
1418 5524 1531 5595 jam
1578 5531 1694 5589 est,
1725 5522 1869 5577 hunc
1897 5520 2163 5591 psalmum
2201 5531 2265 5572 ex

711 5636 939 5691 persona
961 5617 1174 5674 Domini
1221 5615 1580 5688 pronuntiari,
1600 5612 1712 5683 jam
1736 5611 2021 5668 dicendum
2042 5617 2127 5666 est
2149 5606 2269 5679 ejus

787 5738 832 5767 “
864 5734 1023 5791 Joan.
1059 5749 1171 5799 xlv,
1202 5732 1254 5787 6.

777 5854 888 5923 (l6)
921 5851 1040 5909 Hec
1062 5863 1169 5907 non
1194 5858 1321 5908 sunt
1357 5849 1655 5921 Athanasii,
1686 5846 1778 5907 sed
1809 5847 2035 5923 Didymi.

2371 4780 2554 4849 φησιν,
2602 4778 2763 4831 αὐτοῦ
2804 4778 2864 4831 οὑ
2906 4777 3069 4831 σώσει
3117 4779 3277 4832 αὐτόν
3302 4796 3314 4809 ο
3349 4779 3429 4842 είς
3474 4777 3581 4849 γὰρ
3624 4778 3791 4849 μόνην
3834 4775 3926 4847 τὴν

2369 4867 2641 4939 ἁμαρτίαν
2670 4866 2893 4922 ἔϐλεπον
2939 4868 3004 4940 ἢν
3046 4870 3383 4939 ἐπεποιήκει,
3405 4867 3734 4935 ἀγνοοῦντες
3764 4864 3931 4921 αὑτοῦ

2368 4960 2466 5030 τὴν
2496 4960 2798 5031 μετάνοιαν.
2826 4960 2994 5014 Τοῦτο
3035 4960 3093 5015 δὲ
3135 4960 3504 5033 φανερώτερον
3544 4958 3811 5013 δείκνυσιν
3841 4959 3934 5013 ιπι

2368 5050 2460 5105 τοῦ
2490 5052 2649 5107 Δαυῒδ
2679 5051 2930 5121 λέγεσθαι
2960 5053 3048 5106 τὸν
3070 5051 3377 5123 ψαλμόν.Τδ
3404 5052 3511 5125 7&9
3543 5049 3934 5105 ἐπανίστασθαι

2370 5144 2573 5215 κυρίως
2622 5144 2834 5213 λέγεται
2884 5145 2977 5198 επὶ
3020 5142 3128 5197 τῶν
3172 5143 3431 5217 πρότερον
3472 5143 3569 5214 μὶν
3597 5144 3653 5197 ιν
3678 5140 3934 5212 ὑπηκόων

2366 5234 2518 5300 τάξει
2551 5234 2981 5308 καθεστηκότων,
3019 5234 3156 5306 μετὰ
3181 5234 3236 5288 δὲ
3267 5234 3437 5289 ταῦτα
3468 5234 3699 5306 πόλεμον
3725 5232 3936 5306 ἀραμέ-

2367 5343 2491 5381 νων.

2445 5419 2555 5493 (i6)
2594 5418 2677 5474 Σὺ
2725 5419 2814 5484 δὲ,
2864 5419 3059 5488 Κύριε,
3087 5416 3459 5487 ἁντιλήπτωρ
3504 5433 3623 5486 μου
3671 5411 3745 5479 εἷ,
3787 5414 3936 5481 δόξα

2368 5528 2507 5581 μου.
2526 5509 2739 5581 Ἐπειδὴ
2765 5508 2977 5579 ἐλέχθη,
3004 5508 3080 5572 ὡς
3106 5508 3170 5560 ὲκ
3199 5506 3487 5579 προσώπου
3520 5506 3724 5579 Κυρίου
3753 5505 3784 5559 6
3808 5504 3940 5576 ψαλρ

2377 5601 2476 5674 μὸς
2506 5600 2920 5671 ἀπαγγέλλεται,
2950 5597 3137 5671 ῥητέον
3174 5596 3249 5662 ὡς
3297 5597 3392 5653 καὶ
3433 5594 3597 5651 αὐτοῦ
3647 5594 3877 5667 ὑψοῦται
3902 5594 3937 5666 ἡ
