4122 6488
185 460 245 514 69
1309 447 1674 506 EXPOSITIO
1713 447 1779 502 IN
1831 447 2158 503 ΡδΑιιιυιι
2197 450 2285 506 Ill.
3353 445 3422 501 70

183 572 400 645 κεφαλὴ,
431 572 462 625 ό
484 571 626 634 Θεὸς
651 565 804 633 οῦσα,
831 571 958 624 ὅταν
985 570 1020 642 ἡ
1052 568 1240 638 θεός-ης
1268 566 1432 620 αὑτοῦ
1460 564 1666 636 φανερὰ
1692 563 1751 617 δι¹

1861 575 2051 633 caput,
2085 566 2229 635 quod
2260 563 2403 618 Dcus
2425 571 2505 618 est
2527 604 2542 629 ,
2576 561 2826 622 exaltari,
2868 575 2991 616 cum
3021 558 3276 614 divinitas
3304 557 3424 628 ejus

183 664 500 728 ἀποδείξεως
531 665 650 727 τοῖς
685 665 890 725 πιστοῖς
916 661 1161 733 γένηται.

247 753 349 828 [Σὺ
386 754 476 818 δὲ,
501 755 706 823 Κύριε,
729 748 1100 821 ἀντιλήπτωρ
1121 769 1240 822 μου
1275 747 1348 806 εἴ.
1375 749 1664 818 Πρέπουσα
1689 750 1754 820 τῇ

185 847 350 900 πίστει
383 843 482 898 τοῦ
515 846 798 916 προφήτου
816 843 984 915 φωνὴ,
1014 843 1278 904 ἀσείστως
1311 843 1560 913 φέροντος
1602 839 1754 910 τηλι-

185 935 377 996 tanta;
424 934 802 1004 περιστάσεις,
838 935 931 988 καὶ
978 933 1294 997 πεποιθότος
1339 933 1412 1004 μὴ
1442 933 1755 1001 ἐγκαταλει-

185 1026 473 1097 φθὴσεσθαι
495 1043 510 1056 ·
544 1025 684 1080 ἀλλά
711 1025 842 1099 πρὸς
871 1026 932 1079 τὸ
958 1025 1214 1098 βοηθῆναι
1247 1026 1339 1078 καὶ
1375 1023 1750 1094 ῦψωθήσεσθαι

185 1120 269 1174 xal.
300 1118 394 1190 τὴν
439 1117 720 1188 βασιλείαν
746 1117 1139 1188 ἀπολήψεσθαι·
1170 1117 1326 1170 τοῦτο
1352 1115 1459 1186 γὰρ
1491 1112 1640 1167 εἶπόν
1665 1131 1750 1166 τι-

183 1229 282 1274 νες,
315 1209 492 1279 ὑψῶν
519 1209 640 1278 τὴν
673 1208 960 1278 κεφαλήν.
997 1209 1131 1275 Δόξα
1159 1208 1336 1261 τοίνυν
1362 1206 1457 1260 τοῦ
1485 1205 1693 1260 δικαίου
1721 1207 1750 1258 ὁ

183 1302 324 1364 Θεὸς,
358 1294 404 1368 ᾧ
448 1299 740 1354 πέποιθεν·
769 1293 812 1368 ᾧ
847 1299 904 1353 δὲ
934 1298 1059 1363 δόξα
1100 1298 1129 1350 ὁ
1157 1297 1306 1362 Θεὸς,
1340 1290 1494 1360 οὗτος
1525 1296 1748 1366 ὑψοῦται

184 1394 272 1464 τὴν
303 1390 605 1463 κεφαλήνο]

247 1562 416 1632 Φωνῇ
432 1582 558 1633 μου
583 1565 732 1632 πρὸς
756 1564 977 1631 Κύρων
997 1560 1303 1630 ἐκέκραξα.
1336 1562 1581 1616 Διδάσκει
1607 1566 1635 1618 ό
1662 1564 1750 1620 λό-

183 1669 291 1722 γος,
322 1655 399 1717 ὡς
447 1656 508 1708 ἑν
544 1659 667 1719 ταῖς
706 1655 1052 1726 περιστάσεσι
1083 1654 1180 1707 οὐκ
1209 1652 1350 1723 ἄλλῳ
1383 1654 1416 1724 ἢ
1445 1653 1563 1724 Θεῷ
1605 1657 1748 1728 μόνῳ

183 1745 458 1816 προσιέναι
483 1746 590 1801 δεῖ.

1857 654 2108 710 ﬁdelibus
2146 657 2432 726 perspicue
2459 663 2945 711 commonstratur.

1928 745 2032 818 [Tu
2058 759 2251 809 autem,
2286 746 2528 812 Domine,
2553 757 2821 814 susceptor
2866 760 3011 798 meus
3055 760 3126 797 es.
3157 741 3282 798 Hac
3316 756 3424 797 vox

1854 836 2134 907 PrOphetae
2180 839 2300 893 ﬁdei
2336 841 2578 908 apprime
2621 837 2895 901 convenit,
2929 837 3021 906 qni
3066 837 3201 889 tales
3243 849 3420 888 rerum

1853 930 2195 984 conditiones
2242 931 2398 984 ﬁrmo
2431 940 2594 999 atque
2646 927 2916 996 intrepido
2965 929 3149 980 animo
3197 925 3419 990 ferebat,

1852 1019 2260 1089 conﬁdebatque
2283 1036 2341 1076 se
2374 1019 2594 1073 minime
2621 1020 2866 1072 relictum
2898 1018 2992 1081 iri;
3021 1019 3128 1070 imo
3157 1033 3283 1071 vero
3313 1031 3420 1069 non

1850 1114 2110 1166 auxilium
2141 1115 2302 1167 modo
2333 1113 2665 1176 adfuturum,
2697 1126 2884 1165 verum
2912 1110 3071 1164 etiam
3105 1109 3422 1181 erigendum

1851 1217 1909 1256 se
1940 1201 2054 1258 fore
2097 1213 2260 1272 atque
2295 1219 2516 1272 regnum
2563 1210 2950 1271 accepturum:
2986 1201 3037 1254 id
3074 1201 3218 1254 enim
3272 1201 3424 1255 aiunt

1849 1294 2069 1361 quidam
2104 1293 2410 1361 signiﬁcare
2436 1293 2587 1356 illud,
2619 1291 2861 1346 exultans
2892 1305 3067 1359 capu'.
3103 1289 3286 1346 Gloria
3316 1292 3423 1345 ita-

1847 1399 1955 1455 que
1992 1385 2124 1454 justi
2163 1384 2300 1439 Deus
2333 1395 2435 1444 est.
2464 1386 2516 1439 in
2555 1400 2714 1455 quem
2755 1399 2903 1452 spem
2950 1383 3192 1450 reposuit
3220 1403 3232 1436 -.
3264 1382 3424 1453 cujus

1850 1487 2027 1532 autem
2057 1479 2226 1549 gloria
2265 1489 2349 1536 est
2378 1479 2541 1543 Deus,
2577 1478 2738 1546 hujus
2771 1484 2934 1545 caput
2963 1471 3280 1547 exaltatum]

1921 1571 1974 1626 5.
2021 1569 2152 1625 Voce
2176 1588 2287 1624 mea
2317 1572 2386 1623 ad
2416 1571 2693 1625 Dominum
2722 1567 2964 1622 clamari.
2997 1565 3227 1622 [locetur
3252 1567 3305 1620 in
3331 1581 3424 1622 oc-

1853 1665 2197 1717 currentibus
2237 1664 2477 1730 casibus,
2505 1676 2613 1717 uon
2642 1667 2710 1716 ad
2747 1661 2915 1715 alium
2945 1675 3107 1730 quam
3147 1659 3215 1713 ad
3249 1655 3418 1714 Deum

1853 1751 2302 1824 confugiendum.

252 1855 446 1926 Adjicit
477 1855 628 1910 Dan.
659 1854 928 1908 Barbarus
954 1868 972 1907 :
1014 1853 1090 1908 De
1118 1863 1289 1909 monte
1318 1863 1521 1918 sancto,
1555 1854 1605 1910 id
1635 1866 1719 1913 est
1746 1859 1812 1914 de
1837 1864 1996 1918 calo.

247 1969 461 2043 [Φωνῇ
507 1989 631 2039 μου
676 1969 824 2040 πρὸς
869 1971 1086 2038 Κύριον
1115 1967 1426 2037 ἐκέκραξα.
1473 1971 1741 2042 Προέταξε

1916 1975 2082 2049 [Voce
2105 1994 2218 2031 mea
2243 1977 2312 2030 ad
2343 1975 2622 2030 Dominum
2651 1975 2891 2032 clamavi.
2927 1973 3198 2030 Pramisit
3227 1990 3418 2046 preca-

187 2065 279 2135 μὲν
307 2065 404 2135 τὴν
453 2063 644 2134 εὐχὴν,
678 2060 795 2116 εἶτα
827 2063 962 2132 μετὰ
1003 2063 1064 2116 τὸ
1096 2063 1368 2134 διάψαλμα
1397 2065 1494 2136 τὴν
1533 2067 1751 2136 εὐχαρι-

187 2157 352 2221 στίαν,
377 2157 474 2208 ὲπὶ
496 2156 562 2209 τὸ
595 2155 947 2225 τετυχηκέναι
971 2147 1044 2209 ὧν
1070 2156 1254 2226 ᾔτησε.
1281 2155 1393 2210 Νῦν
1425 2156 1605 2227 μέντοι
1625 2157 1754 2210 ἁπο-

185 2246 393 2316 στρέφει
425 2246 488 2299 τδ
521 2246 812 2318 πρόσωπον
860 2246 992 2317 πρὸς
1024 2248 1190 2317 ἡμᾶς,
1223 2249 1315 2300 καὶ
1342 2248 1606 2320 διηγεῖται
1637 2248 1752 2312 πῶς

185 2336 470 2407 εὐξάμενος
515 2335 851 2406 ὲπηιιούσθη,
896 2335 988 2388 καί
1033 2353 1197 2406 φησι·
1235 2337 1407 2407 Φωνῇ
1447 2357 1564 2409 μου
1608 2341 1754 2407 πρὸς

184 2429 400 2495 Κύριον
435 2425 756 2494 ἐκέκραξα.
789 2427 899 2479 Kal.
939 2426 1118 2498 φωνὴν
1153 2427 1251 2498 μὲν
1293 2428 1627 2498 ὑποληπτέον
1657 2428 1754 2499 τὴν

187 2518 365 2590 νοερὰν
389 2519 491 2589 τῆς
520 2518 761 2582 διανοίας
791 2518 927 2589 πρὸς
949 2517 1038 2571 τὸν
1065 2517 1172 2571 τῶν
1196 2519 1330 2572 ὅλων
1355 2519 1486 2573 Θεδν
1513 2520 1750 2572 ἱκεσίαν·

183 2615 240 2666 οὐ
274 2613 379 2683 γὰρ
400 2612 501 2682 τὴν
525 2613 773 2683 κραυγὴν
803 2611 970 2681 λέγει,
992 2610 1126 2665 ἁλλὰ
1148 2613 1245 2682 τὴν
1274 2612 1498 2669 αὑδαίαν
1524 2613 1622 2684 τῆς
1644 2612 1758 2667 δια-

185 2707 322 2770 νοίας
355 2706 549 2776 εὐχήν.

247 2800 316 2852 Τὸ
346 2800 402 2853 δέ
425 2817 439 2831 ·
467 2796 779 2866 ἐπήκουσέ
804 2815 923 2867 μου
962 2797 1030 2862 ἐξ
1082 2797 1285 2864 ὅρους,
1325 2794 1464 2848 κατὰ
1493 2793 1590 2864 τὴν
1625 2809 1758 2845 κατ-

183 2889 399 2961 έχουσαν
447 2892 666 2963 εῖρηται
711 2890 886 2954 δόξαν.
906 2886 1213 2959 Ἐνομίζετο
1239 2887 1348 2958 γὰρ
1380 2888 1436 2939 ὲν
1477 2889 1542 2957 τῇ
1578 2886 1756 2956 Σκηνῇ

183 2987 466 3046 κατοικεῖν,
503 2981 693 3051 ἐπειδὴ
720 2979 926 3032 εκεῖθεν
952 2979 1046 3032 καὶ
1075 2979 1124 3031 oi
1147 2977 1384 3050 χρησμοὶ
1410 2979 1522 3040 τοῖς
1552 2975 1759 3047 ἱερεῦσι

186 3075 508 3130 Hiberni“
535 3074 620 3133 τὸ.
641 3073 708 3137 ἐξ
731 3072 907 3141 ὅρους
929 3072 1123 3142 ἁγίου,
1145 3071 1266 3124 ἀντὶ
1288 3068 1475 3135 τοῦ,ὲξ
1494 3068 1721 3142 οὐρανοῦ
1743 3086 1756 3099 ·

183 3167 252 3232 ὡς
276 3169 365 3221 καὶ
387 3167 482 3220 τό·
527 3167 628 3218 Ἑν
659 3165 777 3233 ὄρει
799 3164 944 3232 ἁγίῳ
975 3177 1092 3217 σου
1117 3179 1129 3192 ·
1165 3163 1279 3226 καὶ,
1298 3163 1597 3232 Ἐγγίσατε
1633 3161 1758 3228 ὄρε-

185 3275 281 3312 σιν
308 3259 572 3324 αίωνιοις
591 3296 608 3321 ,
640 3256 859 3309 δύναται
908 3255 1032 3326 ὅρος
1086 3255 1239 3322 ἁγιον
1279 3249 1414 3305 εἶναι
1442 3250 1575 3304 Θεοῦ
1606 3250 1662 3316 ἐξ
1689 3243 1749 3303 οὗ

183 3351 445 3406 είσακούει
492 3323 603 3404 «risv
637 3323 994 3418 εὐχομένων-ό
1019 3345 1150 3408 Θεὸς
1183 3345 1211 3396 ό
1241 3343 1528 3414 μονογενὴς
1561 3342 1746 3408 αὑτοῦ,
1775 3323 1817 3380 C

184 3440 302 3510 περὶ
323 3431 381 3490 οῦ
410 3438 630 3509 εῖρηται
650 3451 664 3465 ·
701 3437 903 3488 Ἔσται
933 3433 1194 3503 ἐμφανὲς
1226 3435 1292 3486 τὸ
1328 3434 1465 3502 ὅρος
1497 3433 1599 3486 τοῦ
1631 3437 1745 3486 Κυ-

180 3531 304 3596 ρίου
329 3529 420 3581 ἐπ⁹
443 3526 687 3597 ἐσχάτῳ
707 3525 824 3580 τῶν
850 3525 1083 3596 ἡμερῶν
1106 3543 1119 3556 ·
1145 3525 1411 3597 δηλούσης
1433 3527 1530 3596 τῆς
1555 3524 1750 3590 λέξεως

183 3620 372 3692 ταύτης
423 3621 530 3692 τὴν
583 3619 880 3689 γενομένην
931 3616 1096 3671 αὑτοῦ
1133 3617 1457 3688 φανέρωσιν,
1488 3615 1627 3669 κατὰ
1651 3616 1749 3686 τὴν

184 3711 463 3782 ἰπιδημίαν
515 3709 611 3761 ἐπὶ
646 3706 923 3777 συντελείᾳ
967 3705 1076 3758 τῶν
1117 3707 1355 3758 αίώνων·
1404 3705 1462 3775 ἢ,
1496 3703 1556 3769 ἐξ
1593 3706 1750 3776 δρους

185 3804 350 3870 ἁγίου,
381 3805 448 3856 ὲκ
469 3800 570 3855 τοῦ
605 3798 1026 3873 οὐρανοῦ.”ορος
1053 3798 1208 3868 ἁγιον
1242 3795 1376 3850 Θεοῦ
1408 3797 1441 3868 ἡ
1469 3795 1749 3868 ὑπερφυὴς

184 3895 372 3964 γνῶσις
397 3893 596 3948 αὐτοῦ.

248 3986 318 4039 Τὸ
359 3985 666 4055 διὰψαλμα,
699 3982 959 4052 μουσικοῦ
995 3982 1188 4054 μέλους
1222 3981 1254 4053 ἢ
1286 3981 1494 4054 τροπῆς
1521 3981 1748 4052 γενομέ-

185 4094 272 4148 νης
295 4077 328 4146 ἢ
354 4077 596 4139 διανοίας
629 4075 723 4129 καὶ
751 4075 1028 4145 δυνάμεως
1052 4074 1210 4141 λόγου
1236 4072 1554 4142 ίναλλαγῆς.

249 4165 337 4231 Τδ,
364 4165 722 4235 ἐξητέρθην,
741 4163 898 4217 τοῦτο
923 4162 1090 4234 δηλοῖ,
1108 4163 1210 4224 ὅτι,
1231 4164 1330 4236 τῆς
1352 4161 1499 4226 Θείας
1522 4162 1754 4216 ἀπολαύ-

189 4271 276 4318 σας
304 4259 538 4328 τροπῆς,
573 4255 830 4328 κρείττων
875 4254 1140 4326 ίγενόμην
1188 4252 1297 4308 τῶν
1339 4252 1750 4325 προσπεσόντων

186 4342 411 4420 κακῶν]

259 4437 394 4508 ἐτ-ὼ
419 4435 749 4507 ἐκοιμήθην
791 4436 888 4490 καί
931 4436 1200 4490 ὕπνωσα.
1231 4435 1336 4488 Τὸν
1374 4433 1500 4506 περὶ
1537 4433 1631 4488 τοῦ
1659 4432 1750 4488 νοῦ

185 4526 341 4582 ὕπνον
367 4529 530 4600 φησὶ,
557 4529 624 4582 δι’
653 4523 714 4583 οὗ
739 4529 831 4581 καὶ
869 4529 950 4591 είς
977 4527 1076 4599 τὴν
1111 4529 1385 4599 ἁμαρτίαν
1431 4528 1747 4582 κατέπεσεν.

1852 2069 2072 2131 tionem,
2103 2069 2321 2132 dehinc,
2343 2067 2800 2137 posttliapsalma,
2826 2067 3120 2138 gratiarum
3153 2066 3418 2122 actionem

1850 2161 1998 2215 addit
2024 2161 2091 2216 de
2118 2175 2380 2216 concesso
2410 2160 2699 2229 postulato.
2723 2160 2918 2229 Atjam
2942 2159 3007 2214 ad
3029 2173 3129 2213 nos
3155 2175 3421 2214 converso

1850 2253 2022 2315 vultu,
2058 2262 2238 2306 naurat
2277 2267 2386 2322 quo
2420 2260 2576 2321 pacto
2615 2266 2800 2320 preces
2835 2250 2954 2319 ejus
2993 2249 3244 2305 admissa:
3289 2252 3419 2316 sint,

1852 2345 2033 2414 aitque
2058 2363 2072 2398 :
2119 2343 2248 2396 Voce
2275 2360 2387 2396 mea
2417 2344 2486 2396 ad
2521 2343 2799 2396 Dominum
2829 2343 3073 2397 clamavi.
3125 2341 3223 2396 Per
3248 2358 3420 2396 vocem

1853 2435 2118 2504 intelligas
2137 2434 2522 2503 intelligibilem
2547 2435 2742 2488 mentis
2765 2434 2874 2488 Deo
2895 2435 3271 2491 universorum
3292 2449 3422 2504 sup-

1853 2526 2198 2598 plicationem
2231 2545 2243 2580 :
2276 2541 2383 2581 non
2415 2527 2557 2580 enim
2581 2526 2647 2582 de
2675 2529 2912 2584 clamore
2942 2529 3202 2600 loquitur,
3234 2530 3328 2586 sed
3353 2530 3421 2586 de

1853 2617 2063 2687 prolata
2097 2633 2192 2688 per
2223 2625 2455 2672 mentem
2495 2618 2761 2675 oratione.

1926 2793 2060 2849 lllud
2110 2810 2315 2865 porro:
2342 2798 2613 2852 exaudivit
2652 2814 2732 2852 me
2771 2797 2835 2852 de
2870 2808 3062 2864 monte,
3097 2799 3295 2857 dicitur
3332 2817 3420 2858 se-

1856 2889 2090 2943 cundum
2138 2889 2408 2960 vulgarem
2462 2890 2792 2961 opinionem.
2838 2890 3136 2948 Putabatur
3170 2893 3314 2948 enim
3361 2895 3416 2948 in

1858 2979 2206 3034 tabernaculo
2231 2979 2491 3046 habitare,
2509 2981 2635 3050 quia
2662 2981 2785 3037 inde
2803 2982 3021 3037 oracula
3043 2983 3418 3040 sacerdotibus

1857 3070 2144 3124 dabantur.
2162 3069 2279 3136 Vel,
2302 3071 2365 3124 de
2396 3083 2568 3126 monte
2592 3086 2794 3136 sancto,
2813 3074 2967 3143 quasi
2995 3073 3145 3129 dicas
3159 3075 3225 3128 de
3245 3075 3416 3140 caelo;

1859 3167 1918 3213 ut
1947 3159 2106 3213 etiam
2149 3158 2298 3221 illud,
2336 3157 2399 3211 In
2431 3171 2600 3213 monte
2634 3171 2812 3214 sancto
2838 3172 2926 3216 tuo
2952 3161 3015 3226 ",
3049 3171 3103 3217 et
3122 3163 3418 3233 Appropin-

1859 3261 2014 3321 quate
2043 3250 2300 3304 montibus
2328 3252 2537 3304 teterm's
2561 3251 2626 3306 “.
2670 3250 2850 3307 Potest
2883 3267 3038 3308 mons
3066 3263 3287 3310 sanctus
3321 3252 3418 3310 Dei

1848 3355 1967 3395 esse
1995 3357 2060 3395 ex
2092 3357 2201 3410 quo
2227 3343 2680 3396 exauditorantes
2711 3341 2853 3398 Deus
2882 3342 3212 3413 unigenitus,
3248 3345 3414 3407 illius,

1847 3429 1912 3483 de
1956 3445 2064 3496 quo
2093 3430 2295 3484 dictum
2325 3443 2426 3497 est,
2454 3431 2567 3484 Erit
2592 3433 2900 3499 conspicuus
2946 3448 3091 3486 mons
3118 3431 3330 3488 Domini
3360 3435 3418 3488 in

1848 3521 2126 3576 novissimo
2169 3522 2393 3577 dierum.
2446 3521 2601 3588 Quod
2654 3522 2862 3576 dictum
2923 3523 3415 3581 manifestationem

1849 3613 1966 3683 ejus
2017 3612 2302 3683 signiﬁcat,
2348 3629 2470 3684 qua:
2520 3612 2700 3669 futura
2729 3623 2813 3670 est
2851 3615 2903 3669 in
2941 3617 3174 3672 adventu
3207 3617 3328 3687 ejus
3358 3619 3415 3672 in

1847 3703 2314 3759 consummatione
2346 3705 2666 3761 seculorum
2693 3724 2708 3761 :
2739 3714 2854 3770 aut,
2885 3721 2952 3761 ex
2991 3717 3175 3762 monte
3200 3717 3413 3773 sancto,

1848 3795 1902 3850 id
1930 3806 2010 3850 est
2036 3811 2102 3850 ex
2130 3797 2288 3850 caelo.
2324 3794 2476 3850 Mons
2507 3807 2731 3853 sanctus
2759 3797 2851 3853 Dei
2870 3808 2952 3854 est
2981 3802 3414 3870 supernaturalis

1846 3887 1966 3958 ejus
1997 3888 2255 3958 cognitio.

1915 3978 2217 4048 Diapsalma
2252 3977 2538 4033 adhibetur
2565 3995 2686 4035 cum
2721 3979 2916 4034 musici
2946 3990 3144 4036 cantus
3177 3983 3413 4038 mutatio

1849 4069 1927 4135 ﬁt,
1960 4079 2050 4124 aut
2076 4086 2198 4126 cum
2232 4075 2493 4129 sententia
2517 4079 2571 4126 et
2591 4071 2672 4127 vis
2701 4072 2969 4128 sermonis
3011 4074 3120 4128 alio
3151 4075 3404 4129 vertitur.

1919 4160 2089 4226 Illud,
2133 4160 2454 4229 Exsnrrexi,
2497 4161 2795 4232 signiﬁcat,
2823 4162 3003 4216 divina
3053 4165 3412 4220 conversione

1848 4251 2119 4324 dignatus,
2152 4253 2523 4323 ingruentibus
2553 4254 2609 4307 in
2643 4267 2728 4307 me
2754 4253 2910 4309 malis
2937 4256 3188 4325 superior
3212 4255 3408 4331 evasi.]

1920 4431 1972 4486 6.
2012 4431 2121 4501 Ego
2147 4430 2368 4485 dormivi
2395 4438 2444 4485 et
2466 4440 2743 4493 separatus
2767 4446 2905 4487 sum.
2934 4429 3126 4485 ﬂentis
3155 4445 3409 4488 somnum

1850 4524 1997 4588 dicit,
2026 4537 2121 4593 per
2149 4539 2308 4592 quem
2337 4523 2527 4578 incidit
2563 4523 2615 4576 in
2647 4531 2951 4591 peccatum.

251 4615 391 4689 [Ὅτι
571 4615 870 4682 ἐπάταξας
901 4615 1131 4681 πάντας
1162 4615 1302 4680 τοὺς
1331 4613 1749 4685 ἐχθραίνοντὰς

1915 4614 2100 4688 [Vens
2129 4617 2180 4668 8.
2216 4613 2475 4679 Quoniam
2503 4623 2560 4667 ιιι
2594 4615 2896 4683 percussisti
2923 4629 3096 4667 omnes
3125 4615 3399 4669 aduersan-

180 4722 292 4774 μοι.
341 4697 613 4771 Πάταξον,
666 4705 971 4777 σύντριψον,
1012 4704 1046 4775 ἢ
1100 4705 1746 4771 πατάξεις.Ἐπισπεύδει

185 4797 274 4868 τὴν
304 4797 661 4863 ἐξανάστασιν
691 4796 789 4869 τὴν
827 4798 946 4851 κατ’
976 4796 1154 4852 αὑτῶν
1183 4796 1277 4850 τοῦ
1310 4796 1466 4862 Θεοῦ,
1500 4799 1617 4870 ἦτοι
1647 4798 1745 4869 τὴν

186 4889 403 4956 ἁμυναν.
436 4888 716 4955 Matuta);-
760 4888 872 4960 εχει
915 4889 1039 4952 τοὺς
1089 4889 1314 4960 ἐχθροὺς
1337 4891 1364 4942 ό
1393 4889 1465 4960 μὴ
1492 4889 1744 4960 παρέχων

187 4978 443 5046 πρόφασιν
504 4979 712 5049 μίσους.
751 4977 1021 5043 Ὁὸόντας
1067 4976 1124 5030 δὲ
1167 4976 1524 5047 ἁμαρτών
1569 4979 1600 5050 ἢ
1648 4979 1744 5050 τὴν

192 5068 330 5137 ίηὺν
357 5070 509 5138 λέγει
540 5069 648 5121 τῶν
681 5069 758 5131 εις
786 5068 947 5122 αὐτὸν
973 5069 1407 5140 ἁμαρτανόντων,
1432 5069 1465 5140 ἢ
1501 5071 1624 5134 τοὺς
1655 5070 1742 5124 λό-

188 5173 304 5226 γους
347 5162 474 5223 τοὺς
511 5160 629 5212 κατ’
657 5158 840 5224 αὑτοῦ,
871 5160 966 5213 καὶ
996 5159 1091 5223 τὰς
1127 5160 1501 5231 βλασφημίας·
1529 5161 1561 5233 ἢ
1593 5161 1742 5215 ὀδόν-

188 5265 270 5314 τες
291 5251 627 5324 ἁμαρτωλῶν
651 5255 754 5306 είσι
777 5251 1024 5321 λογισμοὶ
1051 5251 1231 5320 ἄλογοι
1261 5251 1408 5324 παρὰ
1431 5251 1589 5320 φύσιν
1612 5255 1740 5323 ἡμῖν

190 5340 679 5414 ίπισυμδαίνοντες.
709 5343 832 5407 Τοῖς
860 5343 967 5415 γὰρ
997 5342 1274 5413 λογισμοῖς
1297 5343 1372 5407 ὡς
1401 5341 1578 5396 ὀδοῦσι
1607 5343 1744 5415 χρώ-

195 5448 330 5500 μενοι
380 5433 641 5497 πολλάκις
681 5434 1042 5506 ἀντικείμενοι
1095 5434 1544 5507 προσεγγίζουσιν
1591 5437 1739 5506 ημῖν,

192 5522 275 5577 τοῦ
301 5527 491 5594 φαγεῖν
514 5525 616 5586 τὰς
640 5525 845 5594 σάρκας
871 5523 1043 5594 ἡμῶν,
1063 5525 1390 5579 τουτέστιτὰ
1415 5526 1478 5578 ἐκ
1502 5524 1597 5596 τῆς
1620 5540 1744 5594 σαρ-

194 5615 278 5679 κὸς
310 5618 568 5690 φυόμενα.
597 5615 826 5685 Φανερὰ
850 5615 938 5681 δὲ,
969 5617 1152 5688 φησιν,
1181 5615 1314 5670 ἐστί
1358 5616 1431 5671 τὰ
1457 5615 1600 5686 ἔργα
1631 5614 1736 5684 τῆς

262 5813 305 5849 ⁸⁸
334 5815 475 5874 Psal.
503 5833 616 5884 xlv,
646 5815 698 5872 l.
774 5815 820 5848 “
852 5813 995 5870 Psal.
1028 5829 1190 5882 usv,
1223 5815 1275 5870 5.

1853 4718 1925 4762 tes
1960 4706 2107 4762 mihi.
2142 4705 2388 4772 Percute,
2422 4714 2660 4769 contere,
2691 4715 2785 4760 aut
2815 4706 3100 4771 percuties.
3143 4705 3408 4762 Sollicitat

1850 4797 2016 4854 Deum
2052 4807 2111 4854 ut
2139 4809 2326 4854 contra
2361 4798 2610 4856 inimicos
2651 4799 2913 4868 insurgat,
2947 4799 3012 4852 ad
3036 4814 3094 4854 se
3138 4801 3405 4853 ulciscen-

1849 4891 2000 4944 dum.
2047 4889 2170 4944 Sine
2208 4907 2366 4944 causa
2397 4890 2650 4945 inimicos
2679 4890 2856 4955 habet,
2893 4893 2986 4961 qui
3033 4891 3231 4945 nullam
3274 4907 3405 4960 pm-

1848 4979 1966 5034 buit
1997 4980 2104 5033 odii
2151 4981 2454 5035 materiam.
2495 4980 2684 5034 Dentes
2712 4993 2890 5036 autem
2929 4990 3276 5048 peccatorum,
3311 4992 3407 5035 aut

1848 5072 1954 5126 vim
1977 5072 2052 5126 ait
2077 5086 2196 5127 esse
2224 5073 2560 5143 peccantium
2592 5074 2854 5128 adversus
2887 5071 3076 5137 Deum,
3119 5081 3213 5126 aut
3242 5073 3404 5128 verba

1847 5163 1901 5218 in
1949 5164 2123 5232 ipsum
2176 5165 2400 5234 prolata.
2427 5173 2482 5220 et
2513 5165 2825 5235 blasphema
2871 5165 3036 5219 dicta.
3069 5163 3176 5217 Ant
3212 5161 3403 5220 dentes

1845 5262 2184 5324 peccatorum
2227 5264 2352 5310 sunt
2401 5257 2752 5326 cogitationes
2802 5254 3228 5317 irrationabiles,
3281 5271 3404 5325 quae

1844 5354 2036 5415 preter
2058 5355 2305 5400 naturam
2335 5347 2490 5403 nobis
2529 5349 2789 5403 incidunt.
2829 5345 2962 5401 Nam
2993 5348 3404 5417 cogitationibus

1845 5437 1987 5490 velut
2012 5437 2261 5492 dentibus
2289 5439 2370 5492 usi
2396 5439 2728 5506 adversarii,
2755 5438 3072 5510 plerumque
3111 5435 3402 5508 appmpin-

1845 5533 2013 5595 quant
2056 5526 2232 5590 nobis,
2277 5537 2336 5581 ut
2360 5529 2519 5582 edant
2557 5543 2748 5583 carnes
2781 5536 3034 5594 nostras;
3069 5527 3314 5581 videlicet
3335 5541 3401 5581 ea

1845 5631 1966 5687 qua:
1985 5631 2050 5672 ex
2072 5632 2234 5675 carne
2260 5628 2571 5673 nascuntur.
2605 5615 2881 5688 Manifesta
2903 5627 3075 5672 autem
3102 5629 3222 5675 sunt
3246 5632 3402 5687 opera
