4122 6498
735 421 795 475 71
1544 417 1600 472 S.
1643 416 2008 472 ATHANASII
2050 416 2199 473 OPP.
2244 413 2423 468 PARS
2461 412 2549 466 lli.
2592 442 2659 451 —
2700 411 3105 467 EXEGETICA.
3881 411 3947 464 72

718 535 916 598 carnis,
954 532 1029 589 ait
1075 531 1287 587 divinus
1324 528 1611 599 Apostolus
1644 529 1708 583 "’.
1746 528 1940 584 Dentes
1981 542 2140 597 porro
2188 526 2277 592 ait,

2387 522 2630 592 σαρκὸς,
2664 527 2691 577 ὁ
2722 524 2859 587 θεῖος
2889 523 3219 588 ’Δπόστολος.
3240 524 3483 587 Ὀδόντας
3518 524 3663 593 λέγει
3682 539 3694 552 ⁸
3724 523 3830 580 ἀπὸ
3858 539 3921 593 με

720 633 935 694 sumpta
967 639 998 679 a
1032 622 1160 677 feris
1212 622 1557 691 metaphora.
1587 635 1708 690 qua:
1748 620 1799 673 in
1831 620 2081 674 dentibus
2114 620 2277 673 robur

2378 618 2616 685 ταφορᾶς
2638 615 2744 668 τῶν
2778 615 2978 686 θηρίων
3002 616 3157 669 τοῦτο
3190 633 3373 687 φησιν,
3390 616 3425 671 ἃ.
3451 616 3648 687 μᾶλλον
3672 618 3784 679 τοῖς
3805 613 3949 669 ὀδοῦ·

719 716 937 779 ltabent,
967 714 1165 785 quibus
1209 712 1393 767 fractis
1426 711 1701 779 despectui
1744 711 2025 764 habentur.
2068 708 2276 764 Etenim

2380 723 2461 759 σιν
2490 707 2679 779 ἰσχύει,
2711 707 3253 779 καὶ.συνθλωμένων,
3284 708 3728 779 εύκαταψρόνητα
3769 707 3944 776 γίνον-

721 805 1003 861 homicida:
1042 820 1107 860 ac
1148 803 1480 873 sanguinarii
1526 802 1793 867 homines,
1820 802 1949 870 ipsis
1983 800 2279 855 carnivoris

719 897 847 953 feris
878 896 1088 966 pejores
1116 904 1261 959 sunt,
1292 901 1453 963 atque
1481 891 1669 946 iisdem
1697 886 2125 959 comparautur.]

786 1077 837 1132 9.
873 1076 1082 1129 Domini
1128 1086 1202 1131 est
1238 1076 1403 1132 salus.
1439 1074 1654 1129 Salvum
1692 1090 1777 1129 me
1807 1072 1915 1137 fac,
1944 1074 2141 1142 inquit,
2174 1071 2280 1126 Do~

718 1166 879 1223 mine.
902 1167 1053 1239 Rogo
1087 1178 1365 1231 autem,ut
1397 1168 1546 1223 salus
1605 1168 1751 1221 istaec
1788 1167 1840 1221 iu
1874 1176 2044 1221 totum
2077 1166 2278 1221 feratur

716 1261 993 1329 populum.
1042 1260 1331 1315 Sciendum
1374 1275 1533 1329 porro
1562 1268 1666 1326 est,
1703 1265 1874 1313 totum
1912 1259 2178 1328 psalmum
2210 1258 2276 1312 ad

716 1351 1012 1406 humanum
1057 1352 1244 1407 referri
1288 1369 1477 1422 genus,
1503 1352 1645 1421 quod
1686 1367 1805 1404 cum
1843 1363 2137 1421 peccasset,
2167 1360 2278 1405 tra-

716 1441 889 1496 ditum
933 1442 1051 1497 ideo
1085 1442 1184 1497 luit
1217 1444 1589 1513 spiritualibus
1641 1442 1877 1496 inimicis
1906 1460 1918 1495 :
1956 1440 2047 1495 sed
2080 1442 2278 1496 clamat

718 1533 770 1587 in
805 1535 1149 1590 tribulatione
1177 1546 1231 1590 et
1251 1536 1537 1590 exauditur
1563 1550 1593 1588 a
1624 1533 1752 1596 Deo,
1789 1534 2122 1605 salutemque
2146 1551 2278 1588 eon-

718 1634 960 1678 sccutum
988 1634 1089 1691 est,
1121 1642 1184 1681 eo
1206 1626 1349 1695 quod
1376 1640 1566 1694 nempe
1597 1625 1848 1680 Christus
1877 1640 1906 1679 a
1936 1627 2165 1681 mortuis
2193 1641 2276 1681 re-

717 1718 1033 1783 surrexerit,
1058 1733 1121 1772 ac
1144 1728 1359 1772 nostros
1376 1718 1701 1786 percusserit
1720 1717 1987 1781 inimicos,
2004 1716 2277 1771 daemones

717 1808 941 1861 scilicet.
965 1806 1082 1877 Ipse
1111 1824 1344 1878 namque
1378 1818 1459 1862 est
1482 1809 1571 1877 qui
1596 1814 1759 1861 molas
1782 1808 1997 1861 leonum
2021 1809 2274 1879 confregit

716 1897 969 1952 Dominus
994 1899 1061 1955 θ’.
1090 1898 1263 1969 Atque
1296 1899 1462 1963 illius,
1496 1901 1608 1954 sive
1640 1900 1707 1954 ab
1742 1900 1834 1954 illo
1865 1910 1947 1956 est
1969 1900 2137 1957 salus.

785 2050 1021 2123 [Domini
1062 2062 1138 2106 est
1182 2054 1347 2107 salus.
1390 2053 1504 2109 Non
1532 2064 1615 2111 est
1650 2056 1802 2120 mihi,
1838 2056 2032 2127 inquit,
2066 2072 2189 2126 spes
2219 2058 2271 2112 in

717 2143 934 2198 homine
968 2164 979 2198 :
1014 2146 1105 2200 sed
1137 2146 1231 2202 abs
1281 2156 1331 2201 te
1377 2148 1604 2202 salutem
1649 2157 1937 2217 exspecto,
1968 2151 2275 2221 pariterque

716 2236 945 2306 populus
978 2246 1102 2293 tuus
1135 2240 1228 2308 qui
1256 2255 1464 2293 mecum
1491 2240 1631 2296 bello
1661 2241 1956 2310 impetitur.

931 2329 977 2382 Ι.
1017 2327 1083 2383 In
1113 2331 1267 2399 ﬁnem
1300 2334 1353 2385 in
1382 2333 1699 2387 carminibus
1732 2333 2069 2390 PSALMUS

1342 2422 1511 2477 David
1558 2422 1660 2479 ιγ.

1297 2518 1692 2585 Argumentum.

718 2599 873 2657 Hunc
901 2600 1174 2657 Psalmum
1208 2614 1330 2673 post
1373 2615 1699 2675 reportatam
1742 2607 2048 2670 victoriam.
2082 2608 2273 2663 victori

1383 2697 1550 2754 dicat.

788 2784 917 2857 [Pro
950 2785 1064 2851 illo,
1094 2787 1148 2840 in
1173 2788 1351 2856 ﬁnem,
1380 2790 1572 2861 Aquila
1601 2801 1656 2847 et
1683 2790 1981 2848 Theodotio
2010 2793 2275 2864 interpre-

716 2878 811 2931 tati
864 2886 1022 2945 sunt,
1064 2880 1283 2934 victori:
1332 2880 1694 2952 Symmachus
1745 2898 1893 2949 vero,
1950 2882 2270 2952 Epinicium,

716 2971 831 3026 sive
859 2971 1094 3027 victoria:
1122 2971 1389 3043 carmen.]

784 3063 837 3118 2.
868 3062 1000 3116 Cum
1017 3064 1309 3117 invocarem
1347 3065 1547 3120 audivit
1582 3083 1661 3121 me
1706 3065 1845 3122 Deus
1865 3065 2095 3138 justitia:
2124 3086 2269 3124 mete.

718 3151 906 3207 Simile
934 3161 1018 3207 est
1050 3153 1124 3206 illi
1152 3171 1165 3206 :
1202 3152 1272 3208 Te
1300 3155 1472 3209 adhuc
1517 3156 1754 3227 loquente
1795 3159 1971 3213 dicet:
2004 3160 2135 3214 Ecce
2177 3161 2273 3212 ad-

2378 815 2485 851 ται.
2528 802 2636 853 Καὶ
2661 801 2767 872 γὰρ
2802 803 2851 852 οἱ
2897 803 3073 869 φονεῖς
3110 802 3203 854 καὶ
3252 804 3568 872 αἱμοχαρεῖς
3629 799 3725 852 καὶ
3768 800 3946 852 αὐτῶν

2377 890 2483 942 τῶν
2511 892 2817 963 αἱμοϐόρων
2847 892 3048 964 θηρίων
3071 894 3283 965 χείρους
3321 895 3475 955 εἰσιν,
3506 891 3770 963 ἢτούτοις
3802 908 3943 963 παρ-

2380 982 2667 1054 ισοῦνται.]

2454 1072 2561 1125 Τοῦ
2586 1074 2805 1140 Κυρίου
2831 1075 2869 1142 ἡ
2896 1074 3176 1142 σωτηρία.
3218 1075 3396 1128 Σῶσόν
3427 1092 3515 1145 με,
3540 1076 3721 1147 φησὶν,
3750 1074 3941 1146 Κύριε.

2380 1161 2617 1234 Εῦχομαι
2639 1166 2695 1218 δὲ
2720 1167 2810 1219 καὶ
2840 1166 2997 1221 τοῦτο
3021 1170 3099 1231 εἰς
3126 1169 3301 1222 πάντα
3321 1168 3657 1239 ἐξενεχθῆναι
3682 1168 3773 1220 τὸν
3795 1168 3940 1220 λαόν.

2391 1255 2581 1309 ’ἰστέον
2610 1257 2687 1322 δὲ,
2721 1257 2795 1321 ὡς
2831 1258 2975 1323 ἄπας
3007 1261 3034 1312 ὁ
3058 1258 3269 1330 ψαλμὸς
3298 1260 3573 1331 ἀναφορὰν
3600 1260 3712 1329 ἔχει
3742 1260 3821 1322 ei;
3847 1258 3944 1329 τὴν

2382 1346 2793 1418 ἁνθρωπότητα,
2825 1349 3174 1420 ἁμαρτοῦσαν
3224 1350 3323 1421 μὲν
3375 1352 3467 1404 καὶ
3514 1352 3581 1404 δι’
3610 1350 3742 1403 αὐτὸ
3786 1349 3942 1403 τοῦτο

2378 1438 2815 1511 παραδεδομένην
2863 1444 2973 1504 τοῖς
3027 1444 3232 1512 νοητοῖς
3266 1440 3495 1513 ἐχθροῖς,
3534 1441 3740 1511 βοῶσαν
3782 1440 3837 1493 δὲ
3888 1440 3943 1492 ὲν

2378 1529 2549 1599 θλίψει
2598 1532 2691 1583 καί
2737 1530 3165 1584 ὲπακουσθεῖσαν
3206 1530 3355 1602 παρὰ
3383 1530 3476 1584 τοῦ
3511 1530 3665 1593 Θεοῦ,
3700 1530 3793 1584 καὶ
3842 1529 3945 1601 μὴν

2378 1622 2470 1673 καὶ
2504 1619 2761 1673 σωθεῖσαν
2789 1620 2877 1673 διὰ
2902 1620 2993 1673 τοῦ
3020 1622 3313 1691 ἀναστῆναι
3342 1619 3501 1673 αὐτὸν
3529 1624 3592 1675 ὲκ
3618 1618 3827 1689 νεκρῶν
3859 1619 3948 1689 δη-

2376 1709 2566 1772 λονότι,
2618 1712 2708 1764 καὶ
2747 1712 2978 1779 πατάξαι
3021 1716 3146 1777 τοὺς
3178 1714 3553 1785 ἐχθραίνοντας
3582 1716 3710 1783 ἡμῖν
3757 1712 3945 1782 δαίμο-

2378 1816 2489 1861 νας.
2525 1800 2693 1864 Αὐτὸς
2741 1801 2867 1871 γὰρ,
2899 1805 2930 1857 ό
2972 1803 3075 1868 τὰς
3113 1805 3314 1872 μύλας
3347 1802 3464 1857 τῶν
3494 1806 3755 1857 λεόντων
3791 1820 3943 1856 συν-

2310 1882 2351 1937 Β
2378 1890 2608 1958 θλάσας
2653 1896 2883 1962 Κύριος.
2922 1897 3028 1948 Καὶ
3073 1897 3234 1950 αὑτοῦ
3268 1896 3488 1968 [αὐτὸς,
3521 1896 3739 1969 .·ὶιιιίιγ.]
3774 1900 3941 1959 ἐστιν,

2375 1984 2491 2055 ἤτοι
2521 1987 2649 2058 παρ’
2677 1988 2861 2053 αὐτοῦ,
2893 1990 2924 2060 ἡ
2954 1990 3211 2061 σωτηρία.

2448 2076 2582 2149 [Τοῦ
2632 2080 2849 2147 Κυρίου
2900 2083 2937 2149 ὴ
2989 2082 3268 2147 σωτηρία.
3312 2082 3425 2133 Οῦκ
3472 2079 3597 2150 ἔχω,
3646 2080 3831 2150 φησιν,
3866 2081 3943 2141 είς

2376 2168 2655 2239 ἄνθρωπον
2688 2171 2785 2240 τὴν
2812 2170 3019 2234 ἐλπίδα,
3048 2172 3181 2225 ἀλλὰ
3210 2173 3357 2243 παρὰ
3386 2171 3476 2225 σοῦ
3524 2172 3621 2243 τὴν
3669 2172 3943 2242 σωτηρίαν

2376 2258 2685 2328 προσμένω,
2719 2262 2811 2313 καὶ
2836 2263 2863 2313 ὁ
2893 2261 2980 2323 σὸς
3007 2261 3130 2324 λαὸς
3162 2264 3256 2314 σὺν
3290 2262 3413 2331 ἐμοὶ
3448 2261 3871 2331 πολεμούμενος.
3900 2260 3919 2332 ]

2478 2356 2581 2419 Είς
2613 2354 2677 2407 τὸ
2709 2354 2878 2420 τέλος
2915 2358 3219 2409 ΨΛΛΜΟΣ
3244 2355 3402 2423 ᾠδῆς
3426 2355 3503 2422 τῷ
3532 2356 3725 2410 Δαυΐδ.
3762 2359 3837 2411 Δ’.

2930 2446 3042 2518 (l5)
3060 2448 3381 2515 Ὑπόθεσις.

2375 2603 2574 2659 Τοῦτον
2628 2606 2719 2659 τὸν
2769 2605 2981 2677 ψαλμὸν
3036 2608 3172 2677 μετὰ
3234 2608 3293 2661 τὸ
3325 2610 3538 2679 νικῆσαι
3586 2610 3673 2662 τὸν
3713 2608 3947 2681 πόλεμον

2811 2696 3091 2766 ἀνατίθησι
3122 2695 3197 2765 τῷ
3228 2697 3481 2767 νικοποιῷ

2444 2784 2621 2856 [Ἃντὶ
2662 2785 2777 2853 τοῦ,
2823 2789 2910 2851 είς
2934 2786 2997 2840 τὸ
3024 2787 3217 2854 τέλος,
3252 2790 3280 2841 ὁ
3323 2787 3549 2853 ’Δκύλας
3580 2791 3671 2844 καὶ
3710 2790 3739 2842 ὁ
3762 2790 3948 2844 Θεοδο-

2372 2874 2522 2940 τίων,
2550 2875 2630 2942 τῷ
2678 2877 2980 2945 νικοποιῷ,
3026 2880 3409 2951 ἡρμήνευσανο
3457 2884 3486 2936 ὁ
3527 2882 3583 2935 δὲ
3628 2881 3945 2953 Σύμμαχος,

2387 2964 2757 3040 Ἐπινίκιον.]

2458 3060 2553 3111 Ἐν
2585 3058 2663 3125 τῷ
2677 3060 3095 3118 ἐπικαλεῖσθαί
3115 3081 3191 3131 με
3214 3064 3541 3133 είσήκουσέ
3578 3082 3699 3134 μου
3731 3067 3765 3120 d
3804 3066 3949 3131 Θεὸς

2376 3150 2483 3217 τῆς
2508 3150 2899 3217 δικαιοσύνης
2915 3170 3052 3220 μου.
3083 3154 3309 3223 Ὅμοιον
3331 3156 3427 3223 τῷ,
3463 3155 3583 3206 Ἔτι
3610 3153 3952 3220 λαιοῦντός

717 3260 832 3298 sum
855 3245 920 3297 ".
959 3242 1023 3299 In
1060 3246 1398 3301 tribulatione
1417 3220 1661 3303 dilatdsti
1692 3251 1839 3304 mihi.
1875 3250 1991 3306 Non
2020 3250 2180 3305 modo
2208 3251 2276 3305 ab

2376 3257 2512 3307 σου,
2536 3240 2689 3311 ἐρεῖ·
2746 3242 2888 3296 Ἰδοὺ
2922 3220 3176 3312 πάρειμι.
3231 3244 3332 3298 Ἐν
3366 3220 3565 3313 θλίψει
3600 3244 3949 3313 ἐπλάτυνάς

719 3334 1084 3392 incidentibus
1116 3339 1377 3393 aerumnis
1424 3337 1686 3405 liberasti,
1719 3340 1811 3395 sed
1859 3341 2022 3394 etiam
2059 3340 2112 3393 in
2164 3355 2277 3394 ma-

718 3440 880 3496 gnam
919 3426 1260 3482 latitudinem
1303 3436 1356 3481 et
1402 3428 1708 3485 libertatem
1765 3430 2039 3503 posuisti]
2072 3432 2199 3487 Siba
2225 3442 2278 3487 et

718 3514 903 3569 Berzel
931 3516 1187 3570 alimenta
1221 3518 1386 3571 multa
1412 3530 1465 3573 et
1488 3528 1691 3588 tapetes
1722 3519 1910 3575 Davidi
1940 3522 2273 3584 obtulerunt,

718 3605 937 3674 quando
976 3602 1188 3673 fugiens
1220 3604 1569 3670 Ahsalonem,
1605 3608 1659 3660 in
1690 3608 1916 3662 desertis
1951 3608 2084 3663 locis
2116 3617 2275 3678 atque

720 3693 774 3748 in
804 3694 1079 3750 montibus
1105 3694 1442 3759 versabatur,
1493 3696 1649 3767 quasi
1707 3706 1817 3752 tres
1863 3698 2015 3767 pueri
2064 3699 2118 3752 in
2166 3697 2277 3752 lor-

720 3802 874 3853 nace,
912 3796 967 3842 et
998 3785 1188 3842 Daniel
1223 3803 1347 3842 cum
1397 3788 1665 3845 leonibus.
1696 3787 1925 3856 Quando
1974 3790 2277 3846 tribulatio-

722 3893 851 3931 num
904 3884 959 3932 et
1011 3878 1369 3932 tentationum
1422 3880 1683 3934 rationem
1744 3880 2093 3950 intelligimus
2152 3891 2280 3939 tunc

720 3970 956 4024 maxime
986 3970 1295 4023 dilatamur.
1323 3969 1444 4024 Alio
1490 3970 1615 4024 item
1649 3980 1805 4040 pacto
1839 3981 2015 4041 potest
2054 3972 2279 4028 latitudo

721 4058 1001 4129 explicari.
1026 4056 1046 4130 ]
1076 4057 1324 4112 Miserere
1347 4060 1466 4123 mei,
1494 4068 1542 4113 et
1563 4060 1756 4112 exaudi
1778 4062 2063 4114 orationem
2088 4077 2276 4117 meam.

721 4149 987 4219 Quoniam
1024 4150 1237 4205 dixerat
1272 4166 1330 4206 se
1358 4160 1574 4221 propter
1609 4151 1873 4221 justitiam
1905 4167 2059 4208 suam
2109 4170 2277 4210 exau-

721 4242 918 4308 ditum,
949 4250 1233 4312 propterea
1269 4240 1512 4313 confugit
1543 4241 1609 4297 ad
1640 4240 1734 4297 Dei
1774 4242 2224 4299 misericordiam.

791 4421 845 4475 ὃ.
881 4417 1011 4473 Filii
1035 4419 1327 4483 hominum,
1361 4434 1621 4489 usquequo
1644 4418 1789 4488 gravi
1822 4418 1995 4474 corde.
2039 4419 2164 4476 Haec
2214 4421 2278 4477 iis

2372 3350 2494 3401 μοι.
2546 3334 2621 3386 Οὐ
2659 3332 2836 3404 μόνον,
2889 3334 3043 3405 φησι,
3089 3334 3197 3387 τῶν
3230 3334 3599 3409 περιστάσεων
3654 3332 3947 3407 ἐξήγαγες,

2376 3423 2510 3478 ἀλλὰ
2528 3424 2618 3478 καὶ
2640 3426 2718 3487 τίς
2735 3425 3069 3497 εὐρυχωρίαν
3086 3425 3284 3495 πολλὴν
3305 3426 3493 3495 στῆναι
3511 3426 3946 3497 παρεσκεύασας.

2379 3514 2573 3584 [Σιϐὰς
2597 3518 2688 3569 καὶ
2712 3516 2910 3587 Βερζὲλ
2940 3518 3145 3587 τροφὰς
3168 3516 3367 3579 πολλὰς
3392 3516 3485 3568 καὶ
3510 3516 3757 3587 τάπητας
3780 3532 3951 3586 προσο

2377 3606 2581 3675 ήγαγον
2609 3607 2685 3678 τῷ
2719 3608 2900 3671 Δαυῖδ,
2929 3610 3016 3663 ὅτε
3044 3610 3128 3681 δὴ,
3161 3608 3344 3678 φυγὼν
3376 3606 3948 3679 τὸν⁹Α6εσσαλὼμ,δι·

2378 3694 2587 3767 ἐτριϐεν
2611 3699 2668 3751 ὲν
2692 3702 2802 3763 τοῖς
2828 3701 3056 3771 ἐρήμοις
3074 3700 3164 3753 καὶ
3187 3700 3243 3752 ὲν
3260 3701 3368 3761 τοῖς
3390 3699 3589 3771 δρεσιν,
3613 3698 3799 3772 ὥσπερ
3823 3701 3950 3763 τοὺς

2376 3792 2524 3859 τρεῖς
2556 3790 2750 3855 παῖδας
2780 3793 2837 3845 ὲν
2867 3794 2932 3862 τῇ
2966 3791 3201 3867 καμίνῳ,
3231 3791 3323 3843 καὶ
3343 3790 3540 3860 Δανιὴλ
3567 3792 3623 3843 ὲν
3649 3794 3761 3853 τοῖς
3798 3790 3952 3844 Mou-

2380 3895 2481 3931 σιν.
2512 3879 2680 3933 Ὅταν
2710 3880 2940 3950 θλίψεων
2972 3882 3192 3935 καὶτῶν
3234 3880 3556 3951 πειρασμῶν
3592 3882 3718 3943 τοὺς
3754 3879 3948 3949 λόγους

2378 3970 2841 4041 ὶπιγινὼσκωμεν,
2863 3972 2981 4024 τότε
3019 3972 3247 4042 μάλιστα
3277 3970 3669 4042 πλατυνόμεθα.
3712 3971 3866 4024 Ἐστι
3893 3972 3950 4024 δὲ

2378 4060 2469 4113 καὶ
2496 4060 2696 4132 ἑτέρως
2752 4062 3093 4133 εὐρυχωρίαν
3143 4060 3363 4135 alterm]
3417 4060 3805 4129 οίκτείρησόν
3849 4076 3947 4129 με,

2379 4153 2476 4206 καί
2510 4151 2880 4208 είσάκουσον
2917 4153 3022 4222 τῆς
3051 4154 3397 4225 προσευχῆς
3417 4170 3556 4223 μου.
3605 4152 3819 4224 Ἐπειδὴ
3860 4152 3949 4218 ἐξ·

2378 4243 2638 4315 ηκούσθη.
2662 4244 2765 4315 ἔφη
2783 4287 2798 4309 ,
2827 4247 2891 4299 ἐκ
2919 4246 3020 4315 τῆς
3048 4246 3389 4317 δικαιοσύνης
3428 4243 3613 4307 αὑτοῦ,
3636 4243 3827 4297 τούτου
3853 4245 3951 4314 χά-

2381 4354 2464 4411 ριν
2488 4337 2580 4390 ἐπὶ
2609 4337 2733 4399 τοὺς
2759 4340 3075 4409 οίκτιρμοὺς
3104 4339 3386 4411 ἀνατρέχει
3411 4336 3502 4391 τοῦ
3532 4334 3686 4390 Θεοῦ.

2456 4425 2574 4480 Υίοί
2605 4425 2947 4495 ἀνθρώπων,
2984 4430 3094 4495 ἕως
3116 4432 3259 4484 πότε
3304 4426 3715 4497 βαρυκὰρδιοι.
3761 4425 3948 4480 Ταῦτα

721 4510 865 4565 dicta
914 4520 1064 4575 sunt,
1097 4510 1189 4579 qui
1245 4510 1424 4579 magni
1472 4510 1742 4565 exercitus
1772 4523 1908 4580 ope,
1936 4511 2142 4581 justum
2176 4526 2276 4581 op-

2378 4515 2453 4579 ὡς
2486 4515 2633 4588 «ps:
2655 4516 2782 4579 τοὺς
2821 4518 3217 4582 πιστεύσαντας
3242 4518 3318 4589 τῷ
3346 4515 3536 4587 πλήθει
3577 4513 3670 4568 τοῦ
3718 4514 3947 4587 στρατοῦ

721 4599 881 4671 primi
908 4614 1070 4670 posse
1095 4599 1456 4655 conﬁdebant.
1493 4598 1619 4654 Haec
1656 4608 1834 4655 autem
1884 4615 2031 4673 spes,
2082 4604 2276 4673 inquit,

2384 4582 2642 4661 EXEIV'TDV
2662 4607 2885 4663 δίκαιον.
2914 4610 3060 4681 Αῦτη
3088 4608 3199 4681 δὲή
3230 4582 3402 4672 ἐλπὶς,
3432 4582 3589 4677 (priet,
3621 4582 3823 4677 ματαία
3855 4608 3949 4662 καὶ

719 4699 776 4748 et
799 4706 936 4746 vana
974 4700 1028 4745 et
1062 4690 1289 4744 mendax
1318 4702 1424 4749 est.

794 4780 848 4835 ι.
882 4778 949 4834 Et
986 4781 1169 4834 scitote
1210 4783 1461 4851 quoniam
1505 4784 1805 4855 miriﬁcavit
1854 4783 2107 4839 Dominus
2156 4799 2280 4837 san-

724 4885 867 4931 ctum
900 4889 1072 4928 suum.
1104 4872 1220 4929 Hoc
1265 4883 1372 4938 est,
1420 4876 1633 4943 scitote,
1683 4879 1776 4947 qui
1832 4878 1884 4933 in
1935 4878 2280 4934 multitudine

726 4965 1022 5031 conlidilis,
1053 4966 1196 5035 quod
1230 4965 1372 5022 Deus
1413 4969 1783 5025 admirabilem
1830 4970 2133 5025 exhibuerit
2156 4986 2278 5026 eum

726 5058 820 5127 qui
848 5057 1068 5113 conlidit
1104 5057 1159 5112 in
1187 5058 1327 5128 ipso.
1356 5058 1614 5116 Dominus
1641 5063 1884 5117 exaudiet
1914 5078 1993 5115 me
2031 5078 2147 5115 cum
2170 5061 2283 5116 cla-

728 5162 952 5201 mavero.
990 5146 1225 5218 Tempus
1267 5163 1371 5217 pro
1403 5158 1647 5220 tempore
1696 5152 1804 5207 alio
1846 5152 2118 5209 sumitur:
2155 5168 2280 5207 nam

724 5253 844 5310 pro,
874 5238 1169 5305 exaudivit,
1198 5239 1355 5304 dixit,
1388 5240 1661 5296 exaudiet.

794 5328 850 5386 5.
904 5326 1209 5383 Irascimini
1248 5339 1299 5384 et
1348 5331 1507 5385 nolite
1546 5348 1777 5400 peccare.
1832 5333 1962 5399 Quae
2000 5334 2179 5389 dicitis
2225 5336 2281 5390 in

725 5419 968 5475 cordibus
1014 5421 1197 5475 vestris
1245 5422 1300 5475 in
1334 5422 1592 5478 cubilibus
1634 5426 1817 5480 vestris
1856 5427 2282 5496 compungimini.

724 5509 892 5578 Quasi
926 5512 1041 5567 suis
1069 5512 1216 5568 istac
1234 5512 1493 5585 loquitur,
1527 5525 1587 5571 ut
1607 5525 1661 5571 et
1681 5518 1934 5575 omnibus
1952 5517 2281 5573 hominibus.

792 5688 839 5721 "
863 5688 1035 5746 Galat.
1067 5708 1121 5760 ν,
1159 5692 1242 5748 t9.
1318 5696 1362 5727 “
1400 5693 1541 5750 Psal.
1576 5712 1703 5763 ινιι,
1739 5697 1790 5751 7.
1871 5698 1913 5731 ⁸³
1954 5698 2052 5756 lsa.
2089 5713 2237 5766 Lrttt,
2278 5700 2328 5755 9.

796 5782 906 5855 (l5)
938 5786 1327 5857 Argumentum
1365 5791 1554 5847 incerti
1592 5792 1849 5847 auctoris.

2382 4699 2585 4769 ψευδής
2612 4701 2776 4753 ἔστιν.

2454 4792 2561 4846 Καὶ
2601 4789 2807 4860 γνῶτε,
2839 4788 2929 4843 ὅτι
2954 4787 3380 4858 ἐθαυμάστωσε
3407 4789 3620 4858 Κύριος
3638 4788 3744 4843 τὸν
3773 4787 3949 4843 ὅσιον

2384 4879 2589 4936 αὐτοῦ.
2633 4881 2777 4934 ’Λντὶ
2808 4878 2903 4933 τοῦ
2928 4919 2943 4939 ,
2979 4879 3018 4931 Γ
3022 4879 3154 4931 νῶτε
3194 4878 3475 4949 τοιγαροῦν
3499 4919 3514 4943 ,
3549 4881 3597 4932 οἱ
3630 4878 3946 4945 πεποιθότες

2383 4971 2476 5024 ἐπὶ
2522 4970 2731 5042 πλήθει,
2764 4969 2839 5033 ὡς
2883 4968 3193 5039 θαυμαστὸν
3243 4968 3491 5035 ἀπέδειξε
3522 4968 3612 5021 τὸν
3651 4966 3946 5023 πεποιθότα

2384 5065 2468 5116 ἐπ’
2499 5063 2665 5133 αὐτῷ.
2698 5064 2913 5133 Κύριος
2950 5061 3371 5116 εισακούσεταί
3388 5078 3506 5130 μου
3530 5060 3599 5114 ἐν
3623 5057 3699 5127 τῷ
3736 5077 3946 5130 κεκρα-

2384 5155 2547 5225 γέναι
2572 5171 2667 5225 με.
2698 5156 2901 5227 Χρόνος
2947 5154 3067 5208 ἀντὶ
3112 5154 3304 5224 χρόνον
3336 5152 3582 5223 εἴληπται
3606 5168 3621 5183 ⁶
3677 5153 3799 5207 ἀντὶ
3828 5152 3942 5216 τοῦ,

2384 5248 2688 5318 ιῑσήκουσε,
2714 5246 2822 5317 γὰρ
2847 5244 2951 5315 ἔφη
2980 5245 3059 5306 τδ,
3089 5244 3484 5307 εῖσακούσεται,
3516 5245 3667 5315 ῥῆμα

2463 5336 2788 5409 Ὀργίζεσθε
2818 5336 2915 5391 καὶ
2956 5337 3041 5407 μὴ
3086 5334 3464 5405 ἁμαρτάνετε.
3512 5339 3579 5393 Ἀ
3624 5336 3829 5407 λέγετε
3874 5334 3944 5388 ἐν

2382 5432 2510 5498 ταῖς
2540 5430 2809 5499 καρδίαις
2839 5426 3024 5498 ὑμῶν,
3050 5428 3146 5482 ἐπὶ
3175 5426 3306 5494 ταῖς
3337 5428 3561 5496 κοίταις
3584 5426 3748 5497 ὑμῶν
3774 5442 3945 5481 κατα-

2382 5524 2621 5592 γύγητε.
2666 5522 2750 5585 Ὠς
2780 5520 2915 5593 πρὸς
2945 5518 3070 5583 τοὺς
3116 5518 3275 5583 ἰδίους
3322 5518 3483 5573 αὑτοῦ
3527 5518 3699 5572 ταῦτα
3742 5532 3942 5590 φησιν,
