4122 6486
709 422 779 479 75
1534 416 1589 472 S.
1620 413 1988 470 ATllANASll
2026 412 2176 469 OPP.
2217 410 2396 467 PARS
2436 412 2523 469 ΙΙΙ.
2565 445 2632 454 -
2670 412 3081 471 EXEGETICA.
3849 415 3920 470 76

714 541 1019 590 aversatur.
1050 529 1161 600 Ego
1202 541 1376 583 autent
1414 528 1467 581 in
1511 528 1851 581 multitudine
1884 525 2256 579 misericordia

2358 544 2465 580 ται.
2515 527 2651 596 Ἐγὼ
2675 527 2741 580 δὲ
2764 528 2832 581 ἐν
2858 526 3073 591 πλήθει
3099 525 3202 581 τοῦ
3233 525 3447 593 ἐλέους
3490 538 3606 579 σου
3653 526 3922 580 8&7er-

712 640 814 681 tua:
844 624 1069 680 introibo
1097 625 1151 676 in
1175 623 1386 675 domum
1432 629 1595 675 tuam.
1622 620 1905 676 leestem
1943 620 2074 674 dicit
2101 618 2256 673 .leru-

2364 633 2543 686 σομαι
2562 620 2648 685 είς
2679 618 2785 670 τὸν
2812 612 2980 671 οἶκόν
3007 630 3143 671 σου.
3163 616 3272 687 Τὴν
3300 614 3618 687 ἐπουράνιον
3662 615 3924 687 Ἰερουσα-

710 722 878 776 salem
912 717 1395 788 primogenitorum
1443 723 1691 767 matrem.
1746 712 1989 766 Adorabo
2033 711 2101 764 ad
2135 720 2256 764 tem-

2362 709 2472 780 λὴμ
2501 710 2598 780 τὴν
2650 710 3005 781 πρωτοτόκων
3048 708 3277 779 μητέρα.
3311 706 3722 776 Προσκυνήσω
3770 708 3923 775 πρὸς

708 813 853 882 plum
894 818 1132 863 sanctum
1178 816 1324 859 tuum
1369 805 1421 858 in
1463 806 1649 857 timore
1692 812 1800 857 tuo.
1872 801 2149 872 Templum
2182 809 2256 856 esl

2358 803 2508 856 ναὸν
2528 802 2696 871 ἅγιόν
2725 817 2840 855 σου
2868 802 2937 854 ἐν
2956 802 3116 869 φόϐῳ
3147 816 3281 855 σου.
3320 800 3464 863 Ναὸς
3491 798 3693 869 Θεοῦ-ἡ
3730 798 3920 869 ἐνάρε-

711 912 885 957 status
923 900 1114 954 anima:
1141 907 1339 951 sancta:
1368 905 1421 950 et
1448 896 1644 949 virtute
1682 893 1943 958 florentis,
1973 907 2134 963 quem
2169 890 2256 960 qui

2360 910 2449 955 τος
2483 893 2576 945 καὶ
2605 893 2734 961 ἁγία
2757 892 3113 954 κατάστασις,
3136 891 3201 959 ἢν
3226 892 3273 943 οἱ
3297 889 3508 959 ἔχοντες
3538 889 3672 960 μετὰ
3704 891 3919 961 παρρη-

709 994 956 1049 obtinent
988 989 1213 1044 ﬁdenter
1246 996 1432 1058 agunt.
1463 984 1713 1041 Christus
1746 992 1925 1039 autem
1957 992 2141 1052 utpOte
2172 980 2263 1034 Fi-

709 1085 816 1139 lius
849 1082 902 1137 in
941 1081 1103 1135 domo
1154 1078 1273 1147 ejus
1326 1076 1648 1145 requiescet,
1697 1076 1857 1145 cujus
1890 1088 1991 1128 nos
2042 1073 2259 1127 domus.

706 1175 841 1230 Nam
871 1184 963 1229 tua
994 1172 1177 1227 fruens
1216 1168 1524 1233 clementia,
1575 1175 1774 1237 tuaque
1820 1166 2040 1221 dextera
2084 1173 2265 1234 prote-

708 1276 884 1338 gente,
918 1262 1172 1319 continua
1204 1260 1256 1313 in
1286 1274 1443 1313 sacro
1473 1258 1656 1327 gloria:
1684 1269 1789 1311 tua:
1825 1256 2023 1326 templo
2050 1263 2103 1310 te
2138 1268 2261 1323 pro-

708 1374 905 1429 sequor
933 1356 1266 1418 adoratione,
1298 1352 1373 1406 ait
1400 1359 1580 1405 sancta
1612 1358 1666 1404 et
1697 1364 1827 1419 pura
1873 1348 2089 1411 anima;
2138 1360 2259 1401 cum

712 1451 857 1506 enim
894 1451 1141 1502 timorem
1187 1444 1264 1498 tui
1308 1442 1508 1510 ubique
1546 1439 1947 1503 circumferam,
1983 1451 2258 1507 nunquam

707 1544 878 1612 patiar
908 1548 967 1593 ut
996 1552 1119 1592 eum
1149 1536 1416 1599 amittam,
1474 1541 1577 1587 tua:
1619 1532 1893 1587 confidens
1940 1528 2257 1585 clementiae.

707 1633 930 1700 Propter
948 1629 1189 1683 inimicos
1220 1642 1357 1678 meos
1387 1625 1554 1693 dirige
1592 1624 1649 1677 in
1680 1624 1955 1691 conspectu
2002 1631 2091 1674 tuo
2120 1621 2258 1675 viam

705 1739 891 1778 meam.
927 1719 1247 1790 Spirituales
1276 1717 1545 1771 videlicet.
1590 1713 1694 1769 Cor
1724 1730 1901 1768 eorum
1936 1731 2126 1768 vanum
2156 1723 2255 1768 est.

704 1815 762 1870 ld
789 1822 891 1878 est,
917 1828 1012 1867 cor
1045 1810 1367 1879 sapientium
1400 1807 1563 1877 hujus
1591 1806 1773 1862 saeculi
1804 1824 1818 1872 ;
1849 1814 1942 1860 aut
1968 1806 2131 1861 etiam
2157 1805 2259 1859 hae-

2362 984 2481 1046 σίας
2512 985 2660 1053 φησί.
2696 984 2922 1054 Χριστὸς
2968 983 3021 1035 δὲ
3063 981 3139 1043 ὡς
3188 981 3315 1044 Υἱὸς
3341 982 3433 1034 ἐπὶ
3463 982 3554 1034 τὸν
3582 977 3727 1034 οἷκον
3750 980 3916 1034 αὑτοῦ

2360 1076 2825 1138 ἐπαναπαύσεται,
2852 1067 2910 1127 οὗ
2945 1069 3091 1135 οἶκός
3118 1075 3282 1143 ἐσμεν
3312 1074 3491 1143 ἡμεῖς.
3529 1073 3638 1142 Τῆς
3675 1070 3784 1143 γὰρ
3819 1070 3921 1140 σῆς

2359 1169 2702 1224 ἀπολαύουσα
2745 1165 3146 1237 φιλανθρωπίας
3176 1165 3265 1218 καὶ
3287 1166 3353 1234 τῇ
3386 1167 3451 1235 σῇ
3476 1162 3623 1233 δεξιᾷ
3654 1179 3921 1232 φρουρου-

2362 1262 2494 1333 μένη
2530 1261 2625 1332 τὴν
2652 1262 2867 1331 διηνεκῆ
2920 1274 3000 1311 σοι
3047 1256 3341 1327 προσφέρω
3367 1253 3731 1326 προσκύνησιν
3758 1255 3816 1306 ὲν
3841 1253 3919 1324 τῷ

2359 1352 2715 1424 ἀφιερωμένῳ
2742 1353 2840 1422 τῆς
2870 1350 2969 1420 σῆς
2995 1350 3150 1419 δόξης
3180 1348 3291 1418 ναῷ
3310 1389 3324 1413 ,
3367 1349 3530 1418 φησὶν
3572 1349 3606 1413 ἡ
3666 1346 3791 1415 ἁγία
3822 1345 3919 1399 καὶ

2359 1443 2571 1514 καθαρὰ
2591 1443 2733 1513 ψυχή
2753 1460 2765 1473 ο
2796 1443 2887 1495 τὸν
2914 1442 3000 1494 σὺν
3028 1441 3134 1511 γὰρ
3184 1440 3268 1493 ἀεὶ
3311 1439 3677 1509 περιφέρουσα
3729 1436 3915 1505 φόϐον,

2358 1537 2456 1590 ούκ
2476 1536 2732 1605 ἀνέξομαι
2763 1533 2950 1587 τοῦτον
2975 1532 3265 1586 ἀποϐαλεῖν
3297 1534 3364 1601 τῇ
3409 1529 3791 1601 φιλανθρωπίᾳ
3822 1545 3919 1582 σου

2359 1626 2652 1700 θαρροῦσα.
2697 1627 2909 1678 Ἕνεκα
2957 1623 3076 1677 τῶν
3122 1622 3352 1690 ἐχθρῶν
3393 1638 3510 1690 μου
3551 1622 3921 1674 κεκεύθυνον

2357 1718 2611 1771 ἐνώπιόν
2635 1733 2750 1770 σου
2774 1716 2888 1783 τὴν
2918 1714 3061 1768 ὀδόν
3090 1731 3228 1783 μου.
3259 1712 3380 1764 Τῶν
3418 1711 3620 1781 νοητῶν
3654 1710 3917 1780 δηλονότι.

2370 1806 2442 1859 ’11
2487 1804 2697 1874 καρδία
2743 1801 2939 1857 αὐτῶν
2970 1803 3209 1872 ματαία.
3245 1800 3365 1854 Τῶν
3394 1800 3570 1870 σοφῶν
3599 1799 3691 1853 τοῦ
3726 1801 3921 1864 αἰῶνος

701 1907 1015 1963 reticorum.
1047 1902 1127 1957 llli
1159 1902 1304 1957 enim
1346 1900 1590 1955 veritatis
1635 1912 1945 1954 sermonem
1986 1898 2256 1968 ignorant.

2361 1872 2629 1966 τούτου,ἢ
2666 1895 2758 1948 καὶ
2800 1895 2905 1947 τῶν
2957 1892 3263 1965 αἱρετικῶν.
3314 1887 3469 1947 Οὗτοι
3526 1892 3633 1962 γὰρ
3662 1891 3921 1963 ἀληθείας

775 2084 858 2135 ll.
908 2080 1212 2151 Sepulcrum
1252 2086 1433 2145 patens
1472 2082 1547 2128 est
1582 2083 1762 2144 guttur
1802 2087 2020 2127 eorum:
2065 2072 2258 2142 linguis

705 2174 817 2227 suis
844 2171 1020 2224 dolose
1053 2168 1299 2239 agebant.
1331 2165 1567 2235 Linguas
1596 2179 1723 2218 suas
1750 2163 1980 2228 leniunt,
2025 2169 2079 2215 et
2110 2174 2257 2214 mor-

704 2266 859 2321 tifera
892 2273 1140 2318 eructant
1168 2260 1441 2329 dogmata.

776 2359 861 2411 12.
897 2353 1151 2407 Decidant
1171 2367 1203 2403 a
1229 2348 1630 2419 cogitationibus
1654 2346 1784 2399 suis.
1810 2345 1891 2398 Ab
1923 2342 2027 2406 his,
2062 2342 2254 2412 inquit,

706 2445 1140 2518 cogitationibus,
1169 2458 1306 2513 quas
1337 2448 1525 2495 contra
1554 2454 1638 2493 me
1671 2438 1985 2501 admittunt,
2015 2434 2258 2490 inviden-

705 2551 783 2595 tes
810 2551 932 2591 meo
959 2534 1255 2589 secundum
1284 2531 1451 2584 Deum
1479 2528 1767 2599 profectui.

776 2626 1097 2701 [Secundum
1129 2622 1512 2675 multitudinem
1543 2620 1871 2686 impietatum
1894 2615 2090 2685 expelle
2114 2615 2253 2677 illos,

705 2719 826 2789 pios
858 2715 1065 2772 scilicet
1091 2712 1347 2767 ellieiens.
1379 2707 1512 2762 Nam
1538 2708 1630 2777 qui
1656 2708 1889 2761 animam
1922 2720 2256 2775 persequun-

707 2825 793 2866 tur
825 2808 933 2863 Deo
972 2817 1123 2877 grata
1180 2817 1341 2872 opera
1391 2801 1671 2865 edentem,
1721 2800 1887 2853 Deum
1935 2806 2257 2865 exasperant

704 2908 993 2971 aperteque
1027 2894 1165 2948 bello
1190 2898 1521 2960 Oppugnant.

774 2989 863 3043 13.
903 2986 971 3039 Et
1005 2983 1266 3036 habitabis
1314 2980 1366 3031 in
1416 2981 1510 3032 eis.
1567 2976 1685 3046 Ipse
1734 2990 1964 3045 namque
2017 2983 2071 3029 et
2102 2972 2257 3028 Pater

703 3078 821 3147 ejus
847 3075 1083 3138 venient,
1114 3079 1165 3124 et
1198 3068 1533 3123 mansionem
1564 3065 1700 3135 apud
1732 3081 1855 3121 eum
1884 3064 2098 3118 facient.

774 3168 861 3222 H.
896 3166 963 3219 Et
996 3162 1359 3235 gloriabuntur
1408 3161 1463 3213 in
1491 3170 1537 3213 te
1564 3176 1737 3213 omnes
1772 3160 1861 3228 qui
1901 3158 2125 3227 diligunt
2160 3174 2255 3211 no-

702 3273 819 3311 men
846 3264 1014 3317 tuum,
1044 3254 1289 3322 quoniam
1319 3259 1373 3302 tu
1400 3248 1663 3301 benedices
1688 3248 1854 3316 justo.
1884 3246 2019 3310 Tua,
2060 3247 2253 3316 inquit,

704 3347 1078 3401 benedictione
1107 3352 1160 3396 et
1192 3339 1528 3410 providentia
1570 3338 1676 3391 tuis
1726 3352 1983 3393 concessa
2017 3335 2253 3403 famulis,

704 3439 796 3506 qui
835 3451 893 3493 se
928 3436 1006 3489 tui
1038 3431 1273 3487 nominis
1310 3430 1480 3483 amori
1519 3429 1789 3495 dedidere,
1835 3430 1905 3483 ob
1950 3438 2095 3483 tuam
2128 3445 2255 3500 erga

706 3530 850 3597 ipsos
876 3523 1294 3580 sollicitudinem
1320 3520 1599 3588 magnifice
1626 3521 1857 3575 sentient
1882 3521 1947 3573 de
1976 3530 2065 3574 tua
2092 3536 2253 3589 quam

701 3619 1032 3672 enarrabunt
1088 3622 1373 3681 potestate.
1432 3611 1605 3678 Atque
1656 3610 1727 3663 ita
1780 3611 2018 3679 loquitur
2069 3612 2256 3665 beatus

702 3708 942 3763 Paulus:
985 3705 1086 3769 Qui
1131 3704 1417 3775 gloriatur,
1458 3702 1513 3753 in
1554 3701 1776 3755 Domino
1820 3700 2157 3771 glorietur“.
2186 3700 2253 3756 Ut

703 3810 850 3857 scuto
873 3801 1018 3855 bona
1046 3799 1331 3853 voluntatis
1362 3805 1463 3851 tua:
1504 3796 1766 3849 coronasti
1819 3812 1931 3875 nos.
1964 3797 2252 3862 Coronam,

704 3895 899 3964 inquit,
949 3907 1047 3962 pro
1081 3890 1354 3945 laboribus
1386 3888 1540 3943 dabis
1575 3889 1627 3941 in
1674 3887 1799 3952 fine,
1846 3903 1953 3958 qua
1997 3895 2253 3957 tanquam

705 3993 857 4039 scuto
884 3998 985 4037 nos
1013 3991 1282 4051 proteges.

984 4159 1048 4216 In
1081 4161 1255 4229 ﬁnem,
1284 4162 1337 4212 in
1373 4160 1597 4229 hymnis,
1628 4176 1722 4229 pro
1755 4167 1959 4225 octava,

1120 4251 1453 4306 PSALMUS
1490 4251 1681 4307 David.
1722 4249 1817 4308 Vl.

1276 4347 1668 4416 Argumentum.

705 4441 907 4513 Ecquid
942 4453 1106 4510 porro
1144 4438 1287 4492 aliud
1318 4436 1482 4492 fuerit
1520 4444 1729 4502 octava,
1761 4438 1865 4493 nisi
1902 4440 2253 4494 resurrectio-

2360 1987 2516 2057 λόγον
2543 1988 2641 2040 ούκ
2669 1989 2866 2041 ἴσασιν.

2434 2076 2619 2145 Τάφος
2634 2074 3003 2144 ἀνεῳγμένος
3023 2077 3054 2127 ό
3077 2074 3307 2142 λάρυγξ
3327 2072 3522 2127 αὐτῶν
3541 2090 3554 2103 ·
3576 2072 3705 2137 ταῖς
3726 2071 3921 2141 γλώσ-

2348 2186 2497 2237 σαις
2516 2169 2712 2223 αὐτῶν
2734 2167 3111 2224 ἐδολιοῦσαν.
3142 2166 3249 2237 Τὴν
3286 2166 3533 2235 γλῶσσαν
3576 2165 3753 2219 αὐτῶν
3777 2164 3919 2219 λεαί-

2356 2281 2524 2328 νουσι,
2554 2263 2647 2315 καὶ
2669 2262 2736 2316 τὰ
2770 2262 2933 2335 νεκρὰ
2961 2260 3274 2332 ἐρεύγονται
3293 2260 3555 2330 δόγματα.

2440 2354 2933 2408 Ἀποπεσέτωσαν
2984 2351 3101 2405 ἀπὸ
3148 2351 3264 2404 τῶν
3297 2349 3651 2404 διαϐουλιῶν
3698 2347 3917 2404 αὐτῶν.

2358 2443 2544 2497 Ταῦτα
2580 2442 2708 2513 γὰρ,
2746 2442 2899 2513 φησὶ,
2950 2442 3019 2494 τὰ
3060 2440 3337 2495 διαδούλια
3383 2441 3562 2494 πάντα
3611 2440 3731 2493 κατ’
3786 2438 3919 2509 ἐμοῦ

2357 2535 2632 2588 ἐποιοῦντο
2658 2537 2722 2605 τῇ
2755 2534 2893 2587 κατὰ
2922 2533 3053 2586 Θεόν
3076 2550 3174 2603 μου
3216 2533 3463 2603 προκοπῇ
3495 2530 3913 2601 ἐναντιούμενοι.

2428 2625 2617 2698 [Κατὰ
2638 2626 2703 2679 τὸ
2728 2625 2958 2694 πλῆθος
2976 2625 3095 2678 τῶν
3117 2623 3402 2679 ἀσεϐειῶν
3420 2624 3651 2688 ἐξωσον
3672 2624 3916 2690 αὐτοὺς,

2357 2717 2598 2779 εὐσεϐεῖς
2630 2718 2823 2780 αὐτοὺς
2847 2718 3238 2787 ἐργασάμενος.
3276 2718 3337 2768 Ol
3368 2714 3475 2785 γὰρ
3504 2713 3787 2777 διώκοντες
3819 2715 3918 2786 τὴν

2358 2811 2484 2879 φίλα
2535 2808 2612 2881 τῷ
2642 2809 2759 2880 Θεῷ
2789 2810 3130 2880 πράττουσαν
3181 2806 3359 2878 ψυχὴν
3411 2805 3541 2859 Θεὸν
3574 2807 3917 2877 πικραίνουσι

2357 2900 2749 2971 θεομαχοῦντες
2779 2899 3008 2971 σαφῶς]

2426 2990 2536 3043 Καὶ
2569 2990 3052 3057 κατασκηνώσεις
3083 2990 3152 3043 ἐν
3176 2988 3399 3056 αὐτοῖς.
3430 2988 3599 3052 sors;
3629 2987 3736 3060 γὰρ
3767 2987 3917 3041 ἐλεύ-

2358 3101 2507 3136 σεται
2538 3086 2630 3136 καὶ
2657 3086 2685 3135 ὀ
2712 3083 2924 3152 Πατὴρ,
2954 3083 3048 3134 καὶ
3069 3082 3233 3152 μονὴν
3264 3081 3391 3151 παρ’
3413 3081 3559 3152 αὐτῷ
3581 3083 3915 3152 ποιήσονται.

2424 3173 2533 3227 Καὶ
2558 3172 2963 3242 καυχήσονται
2993 3172 3062 3226 ἐν
3082 3173 3177 3226 σοὶ
3204 3174 3257 3225 ol
3278 3169 3618 3241 ἀγαπῶντες
3642 3172 3708 3225 τὸ
3731 3170 3920 3241 ὄνομά

2356 3284 2490 3330 σου,
2523 3265 2609 3318 ὅτι
2640 3264 2720 3318 σὺ
2739 3264 3095 3333 εὐλογήσεις
3141 3262 3395 3326 δίκαιον,
3429 3263 3624 3331 Κύριε.
3667 3263 3777 3333 Τῆς
3809 3264 3919 3335 γὰρ

2358 3360 2453 3429 σῆς
2490 3356 2734 3424 εὐλογίας
2764 3373 2823 3407 τε
2853 3356 2945 3409 καὶ
2979 3355 3233 3427 προνοίας
3276 3358 3386 3419 τοῖς
3420 3358 3533 3417 σοῖς
3574 3355 3916 3426 χορηγουμέ-

2355 3465 2449 3515 νης
2486 3447 2865 3517 θεραπευταῖς,
2898 3445 2971 3511 οἳ,
3013 3447 3148 3514 σφᾶς
3180 3446 3374 3509 αὐτοὺς
3414 3445 3649 3517 ἐραστὰς
3692 3445 3786 3499 τοῦ
3822 3444 3916 3498 σοῦ

2354 3539 2609 3608 ὀνόματος
2642 3540 3099 3609 καταστήσαντες,
3128 3538 3219 3590 ἐπὶ
3257 3541 3323 3609 τῇ
3362 3541 3426 3608 σῇ
3475 3538 3770 3609 κηδεμονίᾳ
3814 3556 3914 3609 μεί-

2354 3632 2491 3701 γάλα
2519 3634 2841 3702 φρονήσουσι
2867 3632 2964 3704 τὴν
2991 3632 3087 3703 σὴν
3117 3631 3459 3703 διηγούμενοι
3482 3631 3727 3701 δύναμιν.
3761 3630 3917 3685 Οὕτω

2354 3725 2447 3777 καὶ
2475 3726 2502 3777 ὀ
2532 3724 2799 3794 μακάριος
2848 3722 2997 3791 λέγει
3028 3721 3237 3785 Παῦλος
3259 3739 3271 3752 ·
3318 3723 3379 3775 '0
3431 3720 3811 3791 καυχώμενος
3846 3723 3916 3776 ἐν

2354 3818 2545 3884 Κυρίῳ
2578 3816 2912 3885 καυχάσθω.
2951 3816 3041 3881 Ὠς
3062 3815 3255 3868 ὅπλον
3284 3814 3562 3879 εὐδοκίας
3588 3814 3919 3884 ἐστεφάνω-

2354 3926 2468 3976 σας
2512 3907 2685 3978 ὴμᾶς.
2748 3908 3031 3976 Στέφανος.
3067 3906 3250 3977 φησὶν,
3274 3905 3428 3977 ἡμῶν
3458 3906 3565 3959 τῶν
3593 3908 3769 3960 πόνων
3816 3924 3914 3977 χα-

2355 4003 2478 4073 ρίσῃ
2512 4001 2572 4054 τὸ
2600 4000 2769 4064 τέλος,
2802 3999 2974 4070 τούτῳ
3002 3997 3250 4069 καθάπερ
3275 3998 3422 4069 ὅπλῳ
3469 3998 3575 4050 τινὶ
3608 3998 3914 4069 περιφράτ-

2353 4110 2518 4147 τουσα
2550 4095 2715 4163 ἡμᾶς.

2478 4186 2578 4248 Εις
2610 4182 2675 4235 τὸ
2710 4181 2903 4247 τέλος,
2937 4182 3006 4235 ἐν
3028 4182 3253 4251 ὕμνοις,
3278 4181 3428 4250 ὑπὲρ
3449 4180 3559 4250 τῆς
3573 4180 3807 4252 ὀγδόης,

2762 4275 3067 4329 ΨΑΛΜΟΣ
3090 4272 3169 4338 τῷ
3190 4272 3389 4328 Δαυτδ.
3422 4275 3514 4340 ς’.

2970 4365 3292 4431 ’Υπόθεσις.

2354 4455 2463 4508 Καὶ
2485 4455 2566 4517 τίς
2605 4453 2671 4506 ἂν
2696 4452 2781 4523 εἴη
2806 4454 2838 4525 ἡ
2866 4452 3046 4525 ὀγδόη,
3079 4454 3112 4525 ἢ
3144 4457 3178 4525 ἡ
3230 4453 3323 4507 τοῦ
3355 4454 3588 4526 Χριστοῦ
3624 4456 3912 4510 ἀναστάσι-

776 4535 859 4588 nis
886 4532 1087 4587 Christi
1117 4532 1252 4595 dies,
1283 4546 1389 4599 qua
1430 4530 1677 4584 laborum
1712 4529 1920 4586 fructus
1950 4532 2249 4602 percepturi

2426 4565 2522 4619 μσς
2546 4546 2746 4618 ἡμέρα,
2778 4545 2896 4597 καθ’
2922 4547 2988 4617 ῆν
3012 4544 3118 4599 τῶν
3161 4545 3443 4617 ἡμετέρων
3484 4546 3666 4599 κόπων
3713 4546 3910 4617 ἀπολη-

775 4641 964 4682 sumus
992 4643 1005 4689 ;
1055 4622 1290 4677 inimicis
1328 4621 1535 4676 scilicet
1582 4623 1783 4677 nostris
1812 4639 1938 4677 cum
1969 4624 2175 4692 pudore
2201 4632 2254 4679 et

776 4715 1179 4787 perturbatione
1238 4722 1537 4767 retrorsum
1590 4714 1814 4768 abactis.
1891 4713 2045 4769 Hunc
2092 4731 2253 4784 porro

775 4810 921 4864 canit
947 4808 1236 4877 psalmum,
1277 4815 1460 4875 utpote
1488 4804 1745 4859 diuturno
1784 4815 2022 4874 tempore
2054 4807 2105 4859 in
2141 4821 2253 4875 pm-

774 4902 998 4955 nitentia
1026 4909 1292 4959 versatus,
1322 4912 1483 4966 quam
1521 4896 1715 4950 obtulit
1753 4912 1850 4966 pro
1878 4909 2118 4967 peccato.

771 4992 826 5045 2.
866 4992 1104 5055 Domine,
1128 5007 1190 5043 ne
1219 4992 1271 5042 in
1296 4990 1467 5057 furore
1496 4999 1583 5041 tuo
1624 5005 1813 5057 arguas
1852 5006 1949 5043 me.
1982 4989 2093 5045 Non
2119 4992 2248 5046 sim-

704 5083 932 5151 pliciter.
964 5082 1056 5135 sed
1086 5096 1210 5134 cum
1251 5079 1433 5133 furore
1459 5079 1609 5148 argui
1639 5088 1868 5133 recusat.
1898 5079 2081 5150 Neque
2125 5098 2247 5137 cor-

702 5175 1001 5243 reptionem
1032 5172 1239 5237 abnuit,
1272 5172 1363 5224 sed
1400 5185 1518 5223 eam
1551 5185 1671 5239 qua:
1703 5185 1826 5225 cum
1856 5171 1934 5225 ira
1963 5172 2072 5225 ﬁat.

775 5266 829 5317 5.
868 5262 1115 5316 Miserere
1138 5263 1257 5324 mei,
1286 5260 1525 5321 Domine,
1556 5261 1802 5328 quoniam
1834 5262 2074 5330 infirmus
2110 5281 2247 5318 sum.

702 5354 856 5407 Nulla
879 5354 1021 5406 enim
1055 5352 1233 5405 anima
1271 5360 1395 5405 ante
1442 5351 1638 5405 labitur
1671 5354 1723 5406 in
1758 5365 2058 5423 peccatum,
2088 5374 2249 5428 quam

701 5463 768 5503 ex
798 5446 1003 5499 viribus
1040 5445 1313 5513 quidpiam
1344 5446 1605 5501 amiserit.

772 5537 1162 5609 [Inﬁrmitatem
1196 5537 1499 5599 adumbrat,
1535 5553 1654 5606 qua:
1686 5554 1749 5593 ex
1782 5540 2101 5606 aegritudine
2134 5544 2248 5599 ani-

704 5629 776 5683 mi
809 5638 858 5683 et
888 5644 952 5682 ex
988 5628 1201 5681 ﬂetibus
1226 5626 1516 5697 provenit.]

774 5720 826 5773 4.
851 5721 918 5770 Et
946 5721 1122 5771 mima
1152 5736 1263 5771 mea
1288 5720 1496 5773 turbata
1529 5728 1602 5773 est
1639 5721 1803 5773 valde.
1859 5721 2064 5778 Anima
2100 5725 2246 5779 scili-

774 5827 879 5884 ἰιι
921 5828 1045 5884 Cor.
1078 5845 1129 5895 ιι,
1175 5828 1255 5881 l7.

2417 4636 2627 4710 ᾠόμεθα
2654 4636 2930 4708 καρπούς;
2962 4636 3069 4690 τῶν
3102 4634 3310 4708 ἐχθρῶν
3333 4636 3531 4707 δηλαδὴ
3570 4638 3910 4708 ἀποστρεφο-

2422 4731 2592 4801 μένων
2631 4731 2708 4791 sic
2734 4730 2801 4783 τὰ
2824 4729 2999 4782 ὀπίσω
3023 4768 3037 4792 ,
3091 4729 3206 4799 μετ’
3240 4728 3496 4800 αἰσχύνης
3525 4728 3766 4799 δηλονότι
3816 4730 3909 4782 καὶ

2416 4820 2679 4892 ταραχῆς.
2744 4820 2890 4890 ’ᾼδει
2925 4821 2981 4873 δὲ
3010 4820 3099 4873 τὸν
3123 4820 3336 4890 ψαλμὸν
3358 4820 3432 4883 ὡς
3468 4820 3678 4891 μακρὸν
3719 4822 3910 4891 χρόνον

2414 4912 2549 4983 ἔχων
2565 4913 2622 4964 ἐν
2643 4914 2707 4982 τῇ
2728 4912 3003 4982 μετανοίᾳ.
3022 4912 3087 4981 ἣν
3105 4912 3241 4981 ὑπὲρ
3256 4911 3524 4982 ἁμαρτίας
3552 4912 3902 4983 προσέφερεν.

2422 5002 2615 5069 Κύριε,
2660 4999 2744 5069 μὴ
2790 4997 2869 5062 τῷ
2916 4996 3077 5067 θυμῷ
3114 5011 3227 5051 σου
3271 4996 3525 5066 ἐλέγξῃς
3556 5014 3651 5067 με.
3698 4997 3773 5049 υύ
3817 4998 3907 5049 τὸν

2351 5092 2566 5159 ἔλεγχον
2600 5091 2966 5159 παραιτεῖται,
3015 5086 3150 5139 ἀλλὰ
3191 5088 3281 5140 τὸν
3334 5087 3473 5158 μετὰ
3522 5087 3732 5158 θυμού’
3784 5087 3905 5139 οὐδὲ

2350 5184 2447 5253 τὴν
2475 5181 2737 5242 παιδείαν,
2776 5178 2909 5232 ἀλλὰ
2941 5180 3038 5249 τὴν
3072 5179 3185 5246 μετ’
3219 5179 3407 5249 ὀργῆς.

2436 5270 2718 5336 Ἐλέησόν
2736 5286 2830 5338 με,
2860 5271 3052 5337 Κύριε,
3078 5267 3163 5319 ὅτι
3182 5269 3442 5335 ἀσθενής
3466 5270 3597 5335 ειμι.
3627 5268 3781 5320 Πᾶσα
3799 5265 3904 5336 γὰρ

2352 5362 2495 5431 ψυχὴ
2552 5361 2610 5412 ού
2666 5361 2923 5431 πρότερον
2987 5360 3063 5420 είς
3105 5358 3372 5428 ἁμαρτίαν
3414 5358 3595 5410 πίπτει
3652 5356 3778 5427 πρὶν
3807 5358 3904 5425 τῆς

2358 5454 2537 5523 ἰσχύος
2575 5451 2724 5521 ἐνδῷ.

2426 5543 2762 5615 [Ἀσθὼιειαν
2786 5542 3073 5595 αἰνίττεται
3117 5543 3215 5611 τὴν
3248 5540 3354 5594 ἀπὸ
3399 5542 3495 5608 τῆς
3540 5536 3777 5605 ἀθυμίας
3811 5534 3905 5589 καὶ

2355 5636 2459 5688 τῶν
2480 5634 2721 5704 ὀδυρμῶν
2748 5632 3139 5704 ἐγγινομένην.]

2426 5726 2531 5778 Kal
2563 5725 2600 5791 ἠ
2628 5724 2795 5793 ψυχή
2812 5742 2929 5792 μου
2963 5723 3254 5792 ἐταράχθη
3281 5722 3531 5792 σφόδρα.
3571 5723 3636 5775 Αἱ
3676 5722 3775 5795 τῆς
3804 5720 3903 5790 ψυ-
