4122 6526
218 457 273 511 ’Π
1311 445 1670 504 EXPOSITIO
1708 442 1774 498 IN
1814 440 2140 498 PSALMUM
2188 440 2295 494 Vll.
3361 435 3430 492 78

216 573 304 645 χῆς
349 569 584 638 δηλονότι
623 567 899 639 δυνάμεις.
927 563 1038 619 Καὶ
1061 561 1165 628 σὺ,
1195 563 1392 630 Κύριε,
1439 561 1550 627 ἕως
1581 560 1759 622 ad“;

1868 567 1947 611 cet
1988 555 2294 610 facultates.
2342 551 2406 607 Et
2454 561 2531 617 tu,
2585 551 2830 614 Domine,
2875 551 3182 621 usqueqno.’
3213 549 3432 608 Diutur-

215 663 312 733 Τῆς
335 660 657 731 πολυχρόνου
687 655 973 730 μετανοίας
987 653 1049 708 τὺ
1084 654 1234 725 ῥῆμα
1263 650 1689 724 παραστατικόν.

285 751 687 819 Ἐπίστρεψον,
714 749 914 817 Κύριε,
934 745 1122 815 ῥῦσαι
1141 744 1255 812 τὴν
1277 743 1488 814 ψυχήν
1504 759 1642 812 μου.
1678 740 1763 802 Ὠς

215 841 646 914 ἀπεστραμμένου
703 838 870 894 αὑτοῦ
922 839 1161 910 δηλονότι
1195 836 1282 892 διά
1325 836 1424 907 τὴν
1467 832 1759 906 ἁμαρτίαν.

215 934 404 990 Σῶσόν
421 950 496 1002 με
511 932 722 986 ἕνεκεν
749 932 855 987 τοῦ
877 932 1088 997 ἐλέους
1110 949 1247 986 σου.
1299 931 1413 983 Πᾶν
1437 932 1545 998 γὰρ
1574 926 1634 979 τὸ
1665 926 1764 996 τῆς

217 1027 462 1099 σωτηρίας
485 1025 645 1097 ἡμῶν
673 1025 751 1096 τῷ
777 1025 910 1095 ἐλέῳ
940 1023 1224 1078 ἀναθετέον
1251 1021 1346 1075 τοῦ
1376 1020 1534 1075 Θεοῦ.

275 1119 393 1173 ὀτι
439 1121 550 1173 οὐκ
601 1117 774 1172 ἐστιν
804 1116 873 1170 ἐν
901 1114 982 1181 τῷ
1008 1114 1241 1182 θανάτῳ
1293 1117 1327 1168 ὀ
1369 1111 1765 1182 μνημονεύων

213 1223 334 1264 σου.
385 1207 598 1277 Ἐπειδὴ
630 1207 843 1278 μακρός
853 1222 942 1277 μοι
973 1205 1183 1274 γέγονε,
1210 1204 1393 1274 φησὶν,
1419 1205 1447 1256 6
1465 1203 1563 1272 τῆς
1594 1216 1762 1271 μετα-

213 1300 342 1363 νοίας
372 1299 580 1370 καιρὸς,
615 1297 826 1351 δέδοικα
865 1297 938 1368 μὴ
972 1295 1153 1369 φθάσῃ
1185 1296 1277 1349 τὸν
1307 1293 1460 1366 παρὰ
1492 1292 1586 1346 σοῦ
1615 1293 1764 1345 ἔλεον

211 1396 238 1448 6
261 1394 493 1456 Θάνατος,
524 1392 584 1444 ἐν
616 1383 660 1458 ᾧ
690 1390 756 1444 τὰ
778 1392 875 1461 τῆς
896 1389 1332 1460 ἐξομολογήσεως
1352 1388 1451 1440 οὐκ
1477 1385 1613 1440 ἔστι.
1632 1385 1766 1438 Τού-

212 1501 293 1538 του
323 1487 475 1556 χάριν
503 1481 827 1553 ὲπιταχύναι
851 1481 944 1534 τὸν
983 1480 1130 1533 ἔλεον
1161 1479 1316 1534 αἰτῶ.

285 1577 597 1630 ἐκοπίασα
639 1575 710 1629 ἐν
741 1573 820 1639 τῷ
863 1572 1174 1644 στεναγμῷ
1225 1590 1364 1642 μου.
1420 1570 1764 1640 Ἀκούσωμεν

211 1670 312 1724 οἷαν
341 1673 368 1723 6
404 1669 661 1741 βασιλεὺς
709 1667 995 1739 μετάνοιαν
1037 1664 1371 1731 ἐπεδείξατο.
1424 1664 1536 1733 υύχ
1579 1659 1764 1724 ἁπλῶς

213 1761 415 1832 ἔκαμεν,
446 1761 562 1814 ἀλλ’
591 1760 848 1813 ἐκοπίασε
882 1759 1156 1823 στενάζων
1173 1774 1188 1788 °
1214 1757 1312 1828 οὐχ
1333 1755 1518 1819 ἁπλῶς
1541 1756 1764 1826 ἐδάκρυ-

213 1869 312 1917 σεν,
338 1852 468 1906 ἀλλά
493 1854 593 1926 τὴν
612 1853 799 1921 κλίνην
819 1851 1026 1916 ἔλουσε,
1043 1853 1137 1904 καὶ
1166 1849 1286 1904 καθ’
1317 1848 1551 1918 ἑκάστην
1572 1846 1759 1901 νύκτα.

1865 664 1990 703 nam
2014 646 2390 718 paenitentiam
2422 644 2660 699 declarat
2685 643 2789 699 hoc
2817 642 3043 698 dictum.

1933 740 1988 795 5.
2021 739 2350 803 Convertere,
2377 737 2614 801 Domine,
2665 737 2804 806 eripe
2847 737 3078 791 animam
3111 753 3300 791 meam.
3333 734 3430 807 (Id

1865 833 1981 904 ait)
2010 835 2166 904 quasi
2197 832 2427 887 Domino
2456 831 2524 886 ob
2553 838 2829 900 peccatum
2860 843 3076 884 averso.
3104 827 3322 882 Salvum
3351 844 3432 882 me

1867 926 1952 988 (ac
1978 933 2188 993 propter
2214 922 2631 975 misericordiam
2664 930 2829 974 tuam.
2875 917 3072 973 Totum
3105 918 3296 972 salutis
3327 931 3429 972 no-

1866 1025 1990 1070 stra:
2020 1015 2296 1087 negotium
2327 1013 2714 1069 misericordia:
2749 1010 2840 1066 Dei
2872 1012 3274 1066 ascribendum.

1932 1107 1984 1160 6.
2020 1106 2282 1172 Quoniam
2319 1123 2420 1160 non
2468 1115 2544 1160 est
2589 1106 2647 1158 in
2689 1113 2853 1158 morte
2875 1104 2964 1174 qui
3009 1119 3206 1157 memor
3226 1104 3299 1156 sit
3332 1103 3426 1154 tui.

1865 1195 2158 1263 Quoniam,
2195 1198 2391 1268 inquit,
2435 1197 2756 1251 diuturnum
2813 1195 2945 1250 mihi
2976 1204 3059 1250 est
3101 1195 3432 1264 panitentize

1865 1299 2103 1360 tempus,
2136 1289 2304 1344 timeo
2340 1304 2408 1343 ne
2449 1303 2598 1342 mors
2629 1297 2779 1342 tuam
2833 1286 3260 1342 misericordiam
3294 1301 3432 1356 pra:-

1869 1391 2064 1444 verlat,
2095 1381 2185 1436 ubi
2217 1381 2400 1436 nullus
2423 1381 2523 1434 erit
2555 1378 2882 1434 confessioni
2911 1379 3086 1434 locus.
3121 1377 3291 1449 Cujus
3317 1393 3432 1448 gra-

1866 1473 1961 1538 tia,
1995 1485 2269 1527 maturare
2297 1470 2730 1526 misericordiam
2763 1479 2910 1523 tuam
2946 1470 3180 1538 postulo.

1933 1562 1984 1614 7.
2023 1560 2288 1615 Laboravi
2317 1562 2371 1613 in
2400 1561 2596 1630 gemitu
2623 1551 2756 1615 meo.
2784 1558 3084 1614 Audiamus
3117 1561 3257 1630 regis
3288 1561 3430 1615 illius

1864 1635 2257 1724 pénitentiam,
2290 1651 2381 1722 qui
2430 1667 2535 1706 non
2572 1651 2749 1706 solum
2791 1651 3074 1716 laboravit,
3122 1651 3215 1704 sed
3262 1650 3422 1706 etiam

1865 1742 2272 1816 ingemiscenda
2290 1757 2483 1813 magno
2513 1741 2732 1796 affectus
2763 1748 2846 1795 est
2871 1741 3086 1806 dolore;
3120 1755 3225 1794 non
3257 1741 3428 1796 solum

1865 1835 2286 1905 collaCrymatus
2321 1842 2446 1896 est,
2501 1832 2592 1886 sed
2640 1831 2770 1886 lavit
2825 1846 2918 1900 per
2956 1830 3196 1901 singulas
3248 1845 3434 1887 noctes

211 1907 311 1997 Καὶ
350 1945 408 1998 οὐ
446 1944 509 1997 τὸ
539 1907 811 2015 παρελθδν
836 1907 1046 2006 σκοπεί,
1080 1941 1214 1995 ἀλλά
1254 1941 1348 1994 καὶ
1375 1907 1765 2008 ἐπαχγέλλεται

1868 1929 2061 1983 lectum
2112 1943 2292 1981 suum.
2333 1924 2516 1995 Neque
2580 1934 2756 1978 tamen
2808 1923 2859 1977 id
2900 1924 2987 1978 ille
3036 1924 3253 1992 respicit
3287 1924 3433 1994 quod

210 2039 312 2100 τοῖς
339 2037 472 2108 πρὸς
489 2036 552 2090 τὺ
589 2035 782 2107 μέλλον
809 2034 896 2088 διὰ
927 2035 1107 2106 πάσης
1137 2033 1237 2103 τῆς
1271 2031 1417 2102 ζωῆς
1439 2048 1454 2062 θ
1497 2031 1592 2084 καὶ
1629 2031 1687 2085 ὃν
1717 2032 1766 2084 οἰ

217 2127 385 2181 πολλοὶ
410 2128 692 2182 ποιοῦνται
727 2127 981 2190 αἰνέσεως
1012 2122 1292 2198 [ἀνέσεως]
1321 2122 1540 2194 καιρὸν,
1581 2121 1767 2176 τοῦτον

211 2221 397 2284 ἐκεῖνος
427 2220 884 2291 ἐξομολογήσεως.
904 2219 1117 2273 Λούσω
1136 2217 1263 2271 καθ’
1289 2215 1558 2284 ἑκάστην
1582 2217 1769 2269 νύκτα

211 2311 314 2380 τὴν
344 2313 560 2380 κλίνην
601 2330 744 2382 μου.
785 2311 930 2365 ’Δντὶ
979 2311 1128 2382 μιᾶς,
1181 2309 1333 2380 φησὶ,
1380 2308 1590 2373 νυκτὸς,
1646 2306 1767 2360 καθ’

209 2403 269 2474 ἣν
310 2404 403 2474 τὴν
433 2404 714 2478 ἁμαρτίαν
751 2404 1002 2473 ἐποίησα,
1044 2401 1241 2464 πολλὰς
1269 2401 1540 2454 διετέλεσα
1568 2398 1769 2461 νύκτας

207 2493 420 2566 δάκρυσι
446 2494 657 2567 βρέχων
678 2494 775 2565 τὴν
810 2494 1099 2564 στρωμνήν
1141 2508 1266 2562 μου.

272 2584 588 2655 Έταρὰχθη
614 2585 729 2638 ἀπὸ
751 2583 941 2653 θυμοῦ
973 2586 1006 2636 ό
1035 2584 1340 2652 ὀφθαλμός
1362 2598 1503 2650 μου.
1542 2579 1770 2650 Ὀφθαλ-

212 2677 300 2746 μὸν
324 2677 379 2731 δὲ
403 2678 496 2731 τὸν
524 2675 654 2731 νοῦν
681 2676 850 2746 λέγει,
884 2676 1069 2747 ἐπειδὴ
1095 2677 1124 2728 6
1151 2674 1427 2746 ὀφθαλμὸς
1467 2674 1565 2745 τῆς
1590 2672 1770 2742 ψυχῆς

209 2770 341 2823 ἐστιν
369 2772 399 2824 6
424 2769 573 2834 νοῦς.
620 2767 1026 2838 Ἐπαλαιώθην
1072 2768 1142 2822 ἐν
1182 2765 1334 2822 πᾶσι
1366 2764 1491 2829 τοῖς
1535 2762 1768 2831 ἐχθροῖς

205 2882 331 2935 μου.
365 2866 632 2921 Ἐνταῦθα
653 2867 744 2920 τὸν
773 2866 961 2938 χρόνον
987 2864 1138 2934 δηλοῖ
1155 2864 1254 2932 τῆς
1283 2860 1672 2922 κακοπαθείας.

272 2956 388 3030 [Ὃν
421 2960 518 3012 καὶ
539 2960 602 3011 ἐν
624 2957 774 3025 τάξει
798 2955 1219 3027 κατορθώματος
1247 2954 1513 3024 κέκτηται
1538 2993 1553 3018 ,
1584 2951 1672 3005 διὰ
1708 2950 1771 3004 τδ

209 3049 362 3102 πολὺν
386 3045 578 3121 dum]

271 3141 383 3196 Ὅτι
407 3140 740 3210 dminost
755 3141 968 3210 Κύριος
980 3138 1092 3209 τῆς
1110 3137 1316 3209 φωνῆς
1336 3138 1441 3193 τοῦ
1461 3136 1769 3207 κλαυθμοῦ

203 3252 328 3304 μου.
361 3237 446 3300 Ὠς
471 3236 577 3307 ἤδη
609 3234 979 3298 εἰσακουσθεὶς
1009 3233 1217 3304 μακρὸν
1245 3230 1388 3284 κατὰ
1412 3231 1521 3285 τῶν
1558 3229 1769 3302 ἐχθρῶν
1793 3263 1837 3321 C

207 3328 427 3402 συνείρει
452 3328 638 3398 λόγον.
663 3328 740 3380 Ού
775 3326 946 3397 μικρά
979 3323 1036 3377 δὲ
1063 3323 1158 3376 καὶ
1191 3322 1330 3393 αὕτη
1385 3323 1522 3394 πρὸς
1567 3321 1767 3393 ἀρετὴν

204 3418 331 3483 ὁδὸς,
355 3420 414 3473 τὸ
441 3418 671 3490 φεύγειν
700 3418 794 3471 καὶ
827 3413 1210 3486 διακρούεσθαι
1252 3413 1352 3478 τὰς
1375 3413 1483 3466 τῶν
1516 3412 1766 3484 πονηρῶν

205 3515 495 3580 συνουσίας.
538 3509 704 3577 Οὗτος
732 3513 841 3585 γὰρ
860 3512 960 3582 τῆς
991 3510 1276 3582 μετανοίας
1303 3511 1516 3582 καρπὸς
1547 3510 1641 3564 καὶ
1660 3509 1769 3564 τῶν

204 3605 438 3680 δακρύων
494 3605 570 3659 τὸ
599 3603 806 3676 κέρδος.
845 3605 915 3657 Ἦ
971 3602 1202 3667 ἐλλιπῶς
1255 3601 1437 3669 τοῦτο,
1472 3601 1592 3656 ἀντὶ
1637 3601 1766 3655 τοῦθ

203 3696 294 3761 Δὸς
335 3699 514 3751 εἰπεῖν
559 3698 671 3760 τοῖς
713 3694 1132 3767 ἐπεμϐαίνουσιν
1157 3693 1372 3767 ἐχθροῖς
1395 3711 1410 3725 ·
1450 3694 1769 3766 ’Δπόστητε,

204 3790 277 3843 δτι
297 3788 686 3863 εἰσηκούσθην,
715 3789 794 3843 ὃτι
825 3786 1191 3862 προσεδέχθην
1213 3789 1242 3841 6
1264 3787 1352 3843 διὰ
1376 3788 1474 3858 τῆς
1499 3787 1772 3860 ἁμαρτίας

204 3880 490 3946 ἀπωσθείς.

211 4059 511 4115 ῩΔΛΜΟΣ
536 4053 618 4122 τῷ
645 4055 843 4121 Acuta,
879 4054 953 4110 ὃν
982 4051 1098 4128 ᾖσε
1123 4053 1201 4121 τῷ
1232 4054 1428 4123 Κυρίῳ
1453 4053 1606 4123 ὑπὲρ
1654 4053 1773 4108 τῶν

500 4152 705 4223 λόγων
733 4149 921 4204 Χουσὶ
946 4149 1080 4204 υἱοῦ
1115 4147 1359 4219 Ἰεμινεῖ.
1387 4150 1466 4202 Z’.

829 4240 1153 4305 Ὑπόθεσις.

214 4335 582 4408 ’Δρχιεταῖρος
625 4331 719 4386 τοῦ
768 4331 928 4385 Δαυῒδ
958 4333 988 4385 6
1022 4330 1229 4394 Χουσὶ,
1279 4329 1337 4394 ὃς
1387 4327 1772 4383 ἀποστέλλεται

269 4428 415 4498 παρά
451 4423 554 4480 τοῦ
582 4422 740 4476 Δαυτδ
769 4423 904 4491 πρὸς
924 4420 1273 4491 Ἀσεσσαλὼμ
1296 4421 1386 4474 ἐπὶ
1411 4418 1487 4490 τῷ
1513 4421 1774 4492 ἀντιπρᾶ-

269 4517 350 4582 ξαι
395 4516 477 4589 τῷ
539 4514 816 4586 Ἀχιτόφελ
859 4513 1052 4585 βουλὰς
1091 4511 1462 4582 εἰσηγουμένῳ
1501 4510 1643 4566 κατά
1679 4511 1770 4564 τοῦ

1862 2019 1974 2089 jam
2008 2017 2290 2087 praeteriit,
2342 2018 2434 2071 sed
2485 2016 2682 2071 similia
2727 2015 2996 2070 facturum
3044 2031 3102 2070 se
3147 2014 3435 2085 pollicetur

1867 2126 1962 2179 per
1986 2119 2156 2163 totum
2193 2109 2315 2162 vitae
2347 2119 2558 2177 tempus
2587 2128 2599 2162 :
2635 2118 2688 2163 et
2717 2108 2862 2178 quod
2898 2108 2991 2162 alii
3017 2119 3229 2178 tempus
3255 2106 3433 2162 laudi-

1867 2201 1968 2255 bus
1996 2201 2299 2266 insumunt,
2333 2199 2383 2254 id
2436 2201 2524 2253 ille
2560 2200 2890 2255 confessioni
2926 2201 3167 2270 deputat.
3220 2199 3431 2255 Lavabo

1866 2309 1956 2361 per
2001 2293 2238 2363 singulas
2277 2302 2448 2346 noctes
2495 2292 2682 2345 lectum
2712 2307 2902 2345 meum.
2951 2291 3056 2346 Pro
3088 2300 3247 2346 nocte
3296 2308 3426 2358 una,

1869 2383 2067 2452 inquit,
2098 2399 2263 2454 quam
2294 2384 2567 2454 peccando
2608 2383 2864 2454 transegi,
2899 2383 3100 2437 multas
3146 2383 3299 2452 exegi
3331 2400 3433 2436 uo~

1867 2482 1981 2529 etes
2013 2474 2238 2544 rigando
2269 2452 2523 2545 lacryinis
2554 2475 2752 2529 lectum
2780 2490 2984 2529 meum.

1948 2566 2001 2620 8.
2037 2565 2299 2621 Turbatus
2323 2577 2400 2621 est
2425 2585 2456 2620 a
2478 2568 2657 2637 furore
2679 2568 2858 2622 oculus
2880 2584 3041 2622 meus.
3066 2566 3298 2623 Mentem
3324 2569 3432 2635 ait;

1869 2658 1984 2727 ipsa
2016 2658 2212 2728 quippe
2239 2669 2322 2713 est
2360 2660 2554 2714 animae
2591 2661 2803 2715 oculus.
2840 2661 3127 2714 lnveteravi
3159 2662 3294 2714 inter
3320 2678 3433 2715 om-

1868 2765 1956 2801 nes
1987 2750 2227 2803 inimicos
2273 2767 2431 2804 meos.
2485 2750 2584 2805 llic
2608 2761 2819 2822 tempus
2847 2767 3100 2806 aerumna:
3124 2753 3357 2808 declarat

1941 2839 2116 2912 [Quod
2149 2842 2201 2895 in
2258 2852 2403 2897 recte
2451 2842 2714 2898 factorum
2769 2859 2994 2898 numero
3044 2843 3276 2914 reponit,
3307 2845 3433 2916 quia

1870 2935 2098 2989 multum
2134 2933 2281 3005 fuit.]

1933 3143 1988 3197 9.
2022 3141 2284 3207 Quoniam
2316 3144 2586 3198 exaudivit
2623 3144 2876 3200 Dominus
2910 3164 3082 3201 vocem
3113 3149 3268 3216 ﬂetus
3314 3146 3433 3205 mei.

1871 3230 2039 3298 Quasi
2093 3232 2207 3301 jam
2266 3234 2557 3288 exauditus
2617 3234 2840 3304 longum
2915 3247 3105 3291 contra
3182 3237 3435 3294 inimicos

1871 3321 2111 3376 contexit
2140 3337 2467 3377 sermonem.
2504 3321 2614 3378 Nec
2651 3324 2875 3379 minima
2911 3324 3001 3379 illa
3051 3334 3133 3382 est
3167 3326 3236 3381 ad
3265 3329 3436 3384 virtu-

1868 3422 1976 3468 tem
2004 3415 2114 3481 via,
2137 3414 2322 3485 fugere
2342 3423 2394 3469 et
2421 3415 2657 3484 abjicere
2680 3417 3050 3486 improborum
3075 3420 3432 3476 consortium.

1870 3501 1969 3558 llic
1992 3505 2137 3558 enim
2188 3513 2274 3559 est
2324 3507 2657 3574 poenitentia:
2707 3505 2917 3563 fructus
2968 3521 3022 3565 ct
3070 3512 3434 3583 lacrymarum

1870 3593 2108 3651 lucrum.
2134 3593 2242 3648 Aut
2265 3593 2517 3650 fortassis
2551 3596 2681 3651 illud
2723 3613 2819 3667 per
2844 3599 3057 3669 ellipsin
3101 3602 3304 3657 dictum
3329 3616 3433 3668 est,

1871 3695 1932 3742 ut
1958 3687 2294 3758 intelligatur
2327 3707 2341 3744 :
2374 3689 2622 3745 Concede
2668 3691 2826 3747 nobis
2852 3703 2909 3747 ut
2953 3694 3199 3753 dicamus
3228 3697 3294 3754 iis
3340 3698 3435 3767 qui

1871 3779 1926 3834 in
1965 3795 2066 3834 nos
2097 3780 2659 3836 irruuntadversariis
2685 3801 2698 3836 :
2733 3782 3040 3848 Abscedite,
3067 3788 3326 3856 quoniam
3348 3802 3436 3843 ex-

1870 3871 2078 3927 audivit
2104 3888 2208 3928 me.
2248 3872 2517 3938 Quoniam
2548 3876 2663 3944 ipse
2684 3885 2970 3945 susceptus
3002 3892 3145 3945 sum,
3179 3880 3272 3948 qui
3305 3894 3433 3950 pec-

1870 3962 1976 4018 cati
2010 3978 2176 4017 causa
2206 3965 2467 4032 expulsus
2501 3964 2732 4020 fueram.

2011 4050 2256 4108 PSALM
2265 4053 2352 4110 US
2383 4055 2591 4120 Dnvidi,
2635 4074 2786 4127 quem
2813 4063 3041 4115 cantavit
3077 4060 3294 4116 Domino

2122 4164 2216 4217 pro
2246 4149 2412 4203 verbis
2437 4148 2620 4214 Cltusi,
2657 4151 2758 4220 ﬁlii
2785 4151 3001 4208 Jemini.
3052 4154 3179 4209 γη.

2452 4241 2849 4309 Argumentum.

1869 4331 2248 4387 Amicissimus
2273 4331 2458 4385 Davidi
2489 4341 2607 4385 erat
2627 4315 2820 4398 Clausi,
2872 4335 2964 4404 qui
3017 4336 3248 4391 mittitur
3274 4353 3303 4391 a
3339 4337 3437 4392 Da-

1944 4423 2064 4476 vide
2111 4421 2178 4474 ad
2211 4421 2549 4485 Abessalom,
2580 4432 2638 4476 ut
2663 4422 3007 4496 Achitopheli
3033 4467 3047 4491 ,
3080 4429 3434 4484 consiliorum

1942 4525 2129 4567 contra
2181 4511 2435 4566 Davidcm
2464 4514 2695 4582 auctori,
2730 4516 3130 4573 adversaretur.
3174 4518 3276 4586 Qui
3309 4535 3432 4575 cum

267 4610 456 4664 Δαυῖδ·
492 4609 555 4671 ὃς
587 4607 679 4661 καὶ
702 4605 950 4659 ἀπελθὼν
969 4645 984 4671 ,
1019 4605 1112 4657 καὶ
1144 4603 1435 4676 προδοσίαν
1475 4603 1768 4674 ὑποκρινά-

1938 4606 2310 4674 abscessisset,
2337 4621 2401 4662 ac
2422 4607 2783 4676 proditionem
2814 4609 3120 4675 simularet,
3146 4612 3434 4667 consilium

268 4719 444 4773 μενος,
463 4698 664 4770 βουλῆς
686 4697 1078 4771 προστεθείσης
1101 4696 1250 4767 παρά
1267 4695 1359 4748 τοῦ
1391 4692 1764 4765 ’Λδεσσαλὼμ,

265 4792 409 4864 αὐτῷ
430 4808 494 4846 τε
530 4789 608 4861 τῷ
627 4791 797 4844 Χουσὶ
822 4790 916 4844 καὶ
948 4788 1025 4860 τῷ
1064 4787 1374 4860 Ἀχιτόφελ·
1415 4789 1508 4841 καὶ
1544 4786 1636 4841 τοῦ
1671 4787 1768 4858 μὲν

266 4885 580 4947 κελεύοντος
618 4880 948 4945 ἐπιδιώκειν,
978 4881 1073 4935 τοῦ
1118 4879 1420 4952 ’Δχιτόςρελ,
1447 4879 1540 4934 τοῦ
1578 4879 1633 4933 δὲ
1670 4879 1765 4950 μὴ,

263 4976 356 5030 τοῦ
379 4975 553 5031 Χουσί
576 4991 590 5005 ·
621 4973 682 5028 οὐ
713 4973 823 5046 γὰρ
853 4974 935 5028 δεῖ
953 4972 1250 5046 ἀπράκτως
1269 5012 1284 5036 ,
1319 4973 1482 5043 φησὶν
1502 5015 1516 5040 ,
1559 4971 1767 5026 ἐπιέναι

265 5067 415 5140 ἀνδρὶ
441 5063 792 5136 ἐπισταμένῳ
819 5064 888 5118 τὰ
911 5063 1170 5134 πολέμια·
1202 5064 1297 5116 καὶ
1321 5063 1496 5133 τούτῳ
1518 5062 1596 5133 τῷ
1627 5062 1769 5134 λόγῳ

266 5153 631 5216 διασώσαντος
655 5153 744 5207 τὸν
767 5152 926 5206 Δαυῖδ
946 5169 960 5183 ο
993 5152 1067 5214 ὡς
1094 5152 1160 5206 ἂν
1180 5153 1253 5223 μὴ
1282 5151 1626 5224 ἀνθρωπίνης
1648 5154 1770 5206 ἐπι-

266 5247 492 5320 κουρίας
518 5246 841 5317 σωζόμενος,
881 5245 958 5316 τῷ
995 5243 1112 5315 Θεῷ
1143 5245 1242 5315 τὴν
1277 5245 1416 5316 ὑπὲρ
1448 5244 1650 5298 τούτων
1679 5246 1769 5300 εὐ-

268 5339 620 5410 χαριστήριον
653 5336 795 5409 ᾠδὴν
821 5336 1170 5407 ἀναπέμπει,
1203 5336 1266 5388 τὸ
1299 5337 1407 5390 πᾶν
1451 5336 1660 5391 ἐκείνου
1701 5339 1765 5408 τῇ

268 5431 452 5501 χάριτι
475 5426 774 5491 ἀνατιθεὶς,
804 5425 1106 5499 ἀνθρώπων
1138 5425 1195 5479 δὲ
1219 5427 1408 5480 οὐδενί.

267 5522 444 5588 Κύριε
463 5523 496 5575 ὀ
529 5520 674 5585 Θεός
695 5535 830 5586 μου,
856 5519 953 5573 ἐπὶ
984 5520 1084 5574 σοί
1126 5518 1382 5588 ἤλπισα.
1430 5520 1646 5591 Ἐπειδὴ
1675 5521 1768 5574 ἀν-

206 5611 424 5684 θρώπῳ,
452 5614 626 5684 φησὶ,
663 5611 790 5686 περὶ
821 5613 1093 5684 σωτηρίας
1115 5613 1176 5666 ού
1210 5611 1419 5685 saepe,
1474 5615 1522 5665 εἰ
1554 5613 1648 5666 καὶ
1675 5613 1768 5667 τοῦ

208 5703 371 5758 Χουσὶ
393 5707 442 5758 οἰ
468 5704 618 5772 λόγοι
643 5702 818 5770 καλοὶ,
847 5703 1017 5758 σῶσόν
1044 5722 1112 5776 με
1137 5705 1231 5759 καὶ
1262 5707 1327 5759 ἐκ
1349 5705 1459 5759 τῶν
1488 5706 1770 5779 παρόντων

207 5793 302 5864 μὲν
329 5796 562 5870 ἐχθρῶν,
595 5795 830 5867 μάλιστα
854 5795 910 5849 δὲ
932 5797 1039 5851 ἀπὸ
1061 5797 1153 5852 τοῦ
1175 5796 1554 5871 ἐφεδρεύοντος
1580 5798 1768 5870 νοητοῦ

205 5883 410 5950 κοντος
429 5890 495 5959 τῇ
523 5884 768 5959 ἡμετέρᾳ
798 5885 965 5958 ψυχῇ-

1938 4699 2247 4768 postulante
2274 4699 2626 4754 Abessalome
2646 4699 2811 4754 Cbusi
2827 4708 2880 4754 et
2896 4701 3257 4771 Achitopbeli,
3275 4714 3436 4776 atque

1939 4791 2226 4846 consilium
2251 4791 2413 4846 dante
2432 4790 2807 4861 Acbitopbele,
2828 4803 2889 4847 ut
2905 4791 3161 4848 Davidem
3183 4795 3436 4864 inseque-

1941 4891 2125 4945 retur;
2163 4880 2332 4935 Cliusi
2361 4891 2541 4935 autem
2567 4895 2726 4936 secus
2750 4883 3032 4949 suadente,
3054 4897 3162 4937 non
3186 4895 3437 4953 oportere

1942 4973 2168 5038 scilicet,
2211 4989 2311 5028 nec
2354 4989 2385 5029 e
2414 4990 2474 5028 re
2518 4972 2655 5037 fore,
2704 4974 2919 5046 insequi
2965 4975 3142 5030 virum
3201 4977 3434 5047 peritum

1941 5067 2066 5123 belli
2099 5087 2114 5135 ;
2144 5069 2210 5122 iis
2239 5067 2421 5123 verbis
2452 5066 2709 5123 Davidezn
2739 5069 2995 5124 servavit.
3029 5069 3079 5124 ls
3110 5084 3236 5124 vero
3280 5074 3436 5141 quasi

1948 5176 2056 5216 non
2086 5161 2326 5216 humano
2362 5169 2610 5216 servatus
2636 5161 2864 5228 auxilio,
2893 5161 3002 5216 Deo
3035 5163 3304 5218 canticum
3332 5164 3436 5219 hoc

1941 5253 1996 5308 in
2023 5253 2317 5325 gratiarum
2359 5253 2624 5307 actionem
2668 5252 2824 5308 orfert
2843 5273 2854 5307 :
2876 5252 3104 5322 ejusque
3126 5254 3314 5323 gratia:
3345 5265 3432 5310 to-

1943 5355 2078 5410 tum,
2114 5359 2178 5398 ac
2208 5344 2341 5398 nulli
2365 5345 2648 5400 hominum
2681 5344 2923 5400 ascribit.

1941 5522 1996 5578 2.
2018 5522 2239 5577 Domine
2269 5521 2406 5576 Deus
2440 5537 2603 5586 meus,
2637 5521 2691 5573 in
2722 5533 2770 5576 te
2794 5521 3019 5592 speravi.
3041 5518 3330 5586 Quoniam,
3361 5521 3436 5574 in-

1872 5615 2010 5684 quit,
2045 5615 2112 5669 de
2150 5629 2270 5669 mea
2318 5614 2492 5669 salute
2547 5615 2680 5668 nihil
2725 5615 2792 5670 ab
2839 5615 3059 5669 homine
3106 5612 3434 5683 sperandum

1872 5713 2026 5776 puto,
2061 5705 2189 5760 licet
2212 5703 2380 5761 Cbusi
2410 5707 2640 5762 consilia
2671 5708 2810 5761 bona
2838 5707 2948 5761 sint
2977 5725 2990 5773 ;
3024 5715 3082 5760 tu
3113 5718 3291 5761 tamen
3322 5705 3434 5760 sal-

1873 5809 1999 5849 vum
2040 5809 2127 5848 me
2163 5791 2273 5863 fac,
2325 5795 2628 5866 etquidem
2677 5811 2744 5850 ex
2795 5795 3124 5850 innatantibus
3175 5794 3434 5859 inimicis,

1875 5886 1969 5944 sed
1992 5886 2228 5940 maxime
2258 5901 2288 5942 a
2317 5887 2585 5959 spirituali
2613 5888 2793 5956 leone,
2825 5886 2918 5957 qui
2954 5887 3151 5942 animae
3181 5900 3314 5942 mea:
3351 5886 3434 5944 in-

1877 5979 2044 6037 sidias
2073 5985 2246 6047 parat.
