4122 6504
671 412 738 469 79
1513 411 1571 467 S.
1610 407 1978 465 ATHANASU
2019 407 2171 465 OPP.
2211 407 2391 464 PARS
2428 407 2514 465 ill.
2555 438 2625 451 —
2661 406 3074 465 EXEGETICA.
3820 401 3894 460 80

739 531 790 585 5.
840 531 899 588 Si
935 534 1139 588 reddidi
1188 533 1589 589 retribuentibus
1620 534 1748 585 mihi
1781 532 1940 587 mala.
1988 531 2224 602 lnjuria-

2390 532 2458 586 El
2484 530 2874 586 ἀντπέὸωκα
2918 530 3042 597 τοῖς
3075 525 3544 584 ἀνταποδιδοῦσι
3587 543 3687 598 μοι
3716 523 3892 580 κακά.

669 629 788 677 ru'm
817 625 1144 680 oblivionem
1195 625 1432 695 praefert,
1476 640 1585 695 qua
1617 624 1785 679 Deum
1819 625 1884 678 ad
1917 624 2229 678 misericor-

669 713 812 766 diam
862 723 1142 783 provocat.
1201 714 1448 768 Decidam
1484 714 1668 766 merito
1723 714 1786 767 ab
1838 712 2066 766 inimicis
2100 713 2230 765 meis

670 801 864 854 inanis.
897 798 1084 857 Justus
1114 811 1238 871 post
1263 803 1544 856 victoriam
1568 803 1756 870 plenus
1803 811 2141 870 onustusque
2163 801 2230 854 ab

672 891 910 948 inimicis
952 895 1221 950 abscedit:
1256 894 1534 962 improbus
1560 903 1738 948 autem
1783 894 1873 948 ubi
1916 894 2091 947 victus
2123 901 2228 959 est,

672 983 741 1038 iis
769 999 972 1039 vacuus
993 986 1214 1048 excidit,
1250 986 1451 1040 nullam
1481 989 1686 1042 habens
1709 1000 1887 1041 rerum
1916 985 2148 1053 copiam.

743 1073 796 1127 6.
830 1073 1182 1145 Persequalur
1219 1076 1464 1130 inimicus
1491 1080 1724 1131 animam
1754 1091 1941 1129 meam.
1971 1074 2127 1140 Quod
2156 1073 2232 1127 ait

673 1175 756 1221 est
785 1166 1094 1236 hujusmodi
1123 1185 1136 1222 :
1175 1169 1408 1223 incidam
1457 1171 1513 1223 in
1544 1183 1740 1224 manus
1796 1167 1993 1222 diaboli
2027 1167 2070 1220 si
2101 1166 2230 1235 quid

674 1272 739 1312 ex
769 1259 1095 1328 supradictis
1123 1261 1341 1315 admisi.
1375 1266 1394 1330 (
1421 1261 1539 1316 Alio
1569 1261 1739 1314 modo.
1767 1261 1784 1328 )
1824 1259 1879 1312 Id
1913 1267 2016 1322 est,
2054 1258 2101 1312 si
2132 1258 2233 1312 hoc

674 1352 873 1407 illudve
904 1351 1026 1417 l‘eci,
1069 1369 1133 1406 ne
1185 1369 1214 1406 a
1269 1363 1491 1422 peccato
1543 1353 1742 1406 liberer
1798 1361 1920 1404 ante
1977 1356 2228 1403 mortem.

675 1443 933 1498 Exallare
962 1447 1016 1498 in
1066 1446 1258 1514 ﬁnibus
1290 1446 1617 1499 inimicorum
1647 1459 1895 1498 meorum.
1943 1441 1996 1497 Id
2023 1450 2126 1504 est,
2177 1440 2231 1493 in

671 1536 912 1591 robustis
957 1536 1302 1591 inimicorum
1339 1551 1605 1591 meorum.
1640 1535 1772 1589 Nam
1818 1534 1953 1588 lines
2000 1532 2230 1588 summi-

675 1635 813 1680 tates
849 1626 1177 1696 signilicant.

749 1717 798 1770 7.
828 1715 896 1770 Et
934 1732 1179 1787 exsurge,
1215 1717 1432 1772 Domine
1465 1717 1600 1772 Deus
1650 1734 1812 1780 meus,
1849 1717 1902 1769 in
1947 1722 2221 1783 pmcepto.

679 1804 865 1862 Palam
892 1807 978 1864 his
1009 1809 1188 1862 verbis
1236 1807 1524 1863 adventum
1576 1807 1860 1862 annuntiat
1914 1803 2226 1859 Salvatoris.

2331 623 2403 676 Τὸ
2423 624 2793 694 ἀμνησικακον
2817 621 3174 694 προϐάλλεται
3217 620 3609 691 ἐκκαλούμενος
3638 618 3704 671 δι’
3731 615 3895 671 αὐτοῦ

2331 716 2410 777 εἰς
2442 715 2588 766 ἔλεον
2619 714 2708 767 τὸν
2734 714 2886 768 Θεόν.
2913 714 3298 781 Ἀποπέσοιμι
3342 712 3455 779 ἄρα
3487 709 3605 765 ἀπὸ
3649 708 3767 762 τῶν
3797 708 3898 776 ἐχ-

2330 804 2484 872 θρῶν
2494 822 2613 874 μου
2641 806 2836 869 κενός.
2876 803 2934 857 Ὀ
2961 805 3058 874 μὲν
3086 803 3286 864 δίκαιος
3303 803 3530 871 νικήσας
3554 798 3764 870 πλήρης
3788 797 3898 850 ἀπὸ

2330 896 2436 949 τῶν
2482 895 2690 966 ἐχθρῶν
2732 895 3043 967 ἐξέρχεται·
3079 897 3108 949 ὁ
3159 893 3216 947 δὲ
3266 893 3467 963 φαῦλος
3517 892 3609 945 καὶ⁸
3653 890 3897 961 νικηθεὶς

2330 991 2626 1043 ἀποπίπτει
2653 983 2828 1041 αὐτῶν
2850 990 3023 1051 κενὸς,
3047 989 3141 1040 καὶ
3169 987 3318 1039 οὐδὲν
3346 985 3484 1056 ἔχων
3511 983 3894 1056 πληρώματος.

2401 1081 2758 1145 Καταδιώξαι
2800 1081 2915 1149 ἄρα
2958 1083 2989 1132 ό
3021 1079 3232 1146 ἐχθρὸς
3267 1075 3380 1143 τὴν
3405 1074 3615 1144 ψυχήν
3655 1090 3795 1142 μου.
3834 1073 3899 1124 Ὀ

2330 1173 2477 1241 λέγει
2501 1173 2738 1226 τοιοῦτόν
2786 1174 2965 1224 ἐστιν’
3012 1169 3265 1240 Ἐμπέσω
3306 1169 3388 1230 et;
3417 1166 3512 1228 τὰς
3565 1166 3752 1235 χεῖρας
3801 1160 3896 1216 τοῦ

2330 1264 2597 1326 διαϐόλου,
2636 1265 2684 1316 εἰ
2712 1262 2950 1315 τοιοῦτόν
2977 1279 3027 1314 τι
3055 1261 3286 1331 ἐποίησα
3318 1257 3425 1310 τῶν
3455 1254 3861 1328 προλεχθέντων
3881 1269 3894 1284 ·

2332 1358 2380 1408 εἰ
2404 1356 2495 1409 καὶ
2519 1355 2578 1408 τὸ
2598 1353 2765 1408 καὶτὸ
2787 1353 3037 1422 ἐποίησα,
3065 1351 3138 1422 μὴ
3160 1349 3577 1420 ὲλευθερωθείην
3601 1349 3698 1418 τῆς
3719 1348 3899 1416 ἀμαρ-

2331 1447 2451 1510 τίας
2496 1445 2601 1516 πρὸ
2637 1443 2729 1498 τοῦ
2789 1443 3040 1497 θανάτου.
3081 1441 3365 1508 Turbam;
3400 1441 3469 1493 ὲν
3519 1437 3643 1504 τοῖς
3679 1436 3899 1505 πέρασι

2332 1536 2452 1592 τῶν
2469 1533 2696 1605 ἐχθρῶν
2715 1553 2855 1604 μου.
2895 1533 3200 1596 Τουτέστιν,
3246 1534 3303 1585 ὲν
3332 1535 3444 1594 τοῖς
3471 1531 3746 1602 κραταιοῖς
3791 1526 3899 1580 τῶν

2332 1629 2538 1702 ἐχθρῶν
2567 1646 2686 1699 μου.
2719 1628 2936 1698 Πέρατα
2963 1625 3069 1696 γὰρ
3095 1625 3162 1678 τὰ
3193 1625 3337 1694 ἄκρα
3358 1623 3524 1692 δηλοῖ.

2402 1719 2511 1773 Καὶ
2543 1716 2894 1787 ἐξεγέρθητι,
2924 1717 3099 1783 Κύριε
3119 1717 3151 1768 ὁ
3185 1716 3330 1779 Θεός
3348 1729 3490 1781 μου,
3522 1711 3591 1764 ἐν
3635 1709 3899 1777 προστά-

2336 1826 2506 1880 γματι
2529 1801 2577 1874 ᾧ
2603 1807 2897 1861 ἐνετείλω.
2932 1805 3125 1874 Σαφῶς
3156 1803 3285 1876 περὶ
3310 1803 3408 1874 τῆς
3454 1800 3770 1871 θεοφανείας
3803 1799 3899 1854 τοῦ

683 1896 753 1951 Et
782 1913 1044 1968 synagoga
1073 1897 1383 1967 populorum
1417 1897 1760 1951 circumdabit
1794 1905 1859 1950 te.
1909 1894 2006 1949 His
2051 1901 2234 1964 aperte

2342 1877 2583 1970 έωτῆρος
2606 1899 2694 1953 διὰ
2720 1897 2825 1952 τῶν
2855 1898 3136 1968 παρόντων
3167 1893 3596 1963 εὐαγγελίζεται.
3628 1895 3736 1948 Καὶ
3760 1908 3904 1947 συν-

679 1987 917 2044 declarat
943 1986 1196 2043 Ecclesia:
1227 1988 1385 2042 ﬁdem
1409 1989 1463 2043 in
1497 1987 1698 2058 ipsum.

751 2163 804 2219 8.
831 2163 899 2218 Et
925 2175 1134 2234 propter
1173 2165 1306 2218 hanc
1353 2164 1409 2216 in
1453 2164 1619 2217 altum
1665 2162 1950 2232 regredere.
1993 2160 2238 2233 Synago-

681 2271 804 2328 gam
844 2258 1108 2329 videlicet.
1151 2257 1286 2312 Illud
1329 2272 1477 2321 vero,
1513 2259 1567 2311 in
1603 2256 1768 2309 auum
1797 2295 1812 2320 ,
1846 2265 1940 2310 aut
1978 2269 2237 2310 veneran-

682 2349 804 2402 dam
860 2347 1130 2418 signilicat
1179 2362 1417 2413 crucem,
1458 2348 1524 2402 ad
1575 2362 1739 2416 quam
1790 2347 1967 2401 attulit
2014 2354 2232 2417 peccata

682 2446 884 2503 nostra,
919 2448 1012 2493 aut
1041 2439 1269 2494 reditum
1306 2439 1358 2494 in
1388 2439 1608 2495 celum.
1645 2438 1792 2492 Abiit
1828 2438 1972 2492 enim
2027 2446 2087 2492 ut
2137 2451 2236 2507 pro

685 2530 842 2586 nobis
870 2545 989 2587 sese
1012 2532 1229 2586 sisteret
1254 2532 1321 2586 ad
1347 2538 1700 2600 conspectum
1731 2529 1928 2583 Patris.

758 2714 811 2769 9.
832 2711 1027 2768 Judica
1059 2729 1157 2777 me,
1184 2711 1423 2778 Domine,
1448 2710 1730 2765 secundum
1759 2709 2032 2779 justitiam
2050 2721 2237 2761 meam.

685 2805 860 2876 Rogat
891 2805 1083 2860 iterum
1115 2821 1150 2861 ι
1176 2803 1289 2861 suis
1336 2804 1474 2873 eripi
1512 2802 1770 2864 inimicis,
1817 2817 1882 2855 ex
1938 2800 2093 2854 malis
2133 2798 2238 2854 sibi

687 2897 850 2951 illatis
873 2896 940 2951 ad
971 2895 1396 2951 misericordiam
1427 2907 1747 2964 provocans.

2335 1989 2531 2061 αγωγὴ
2551 1989 2716 2044 λαῶν
2735 1987 3030 2043 κυκλώσει
3050 2003 3144 2042 σε.
3164 1987 3356 2056 Σαφῶς
3377 1987 3464 2039 διὰ
3484 1985 3592 2038 τῶν
3619 1984 3902 2055 παρόντων

2335 2083 2434 2153 τῆς
2475 2081 2798 2152 Ἐκκλησίας
2824 2081 2922 2152 τὴν
2947 2082 3024 2144 εἰς
3058 2080 3218 2133 αὑτὸν
3241 2079 3420 2131 πίστιν
3448 2077 3616 2145 δηλοῖ.

2409 2173 2520 2228 Καὶ
2549 2172 2699 2240 ὑπὲρ
2727 2173 2946 2238 ταύτης
2962 2175 3050 2237 εὶς
3077 2171 3234 2238 ὕψος
3272 2170 3657 2237 ἐπέστρεφον.
3687 2163 3905 2234 Ταύτης

2341 2267 2440 2339 μὲν
2471 2267 2570 2336 τῆς
2610 2264 2928 2333 συναγωγῆς
2957 2261 3216 2332 δηλονότι.
3249 2260 3320 2313 Τὸ
3343 2261 3418 2322 δὲ,
3453 2261 3538 2323 εἰς
3560 2256 3787 2327 abegi}
3815 2255 3906 2308 τὸν

2338 2357 2514 2429 τίμιον
2542 2356 2831 2410 αἰνίττεται
2858 2352 3106 2424 σταυρὸν,
3128 2352 3205 2414 εἰς
3234 2349 3291 2402 ὃν
3306 2349 3597 2419 ἀνήνεγκεν
3619 2346 3774 2416 ἡμῶν
3807 2345 3906 2408 τὰς

2343 2446 2637 2518 ἁμαρτιας,
2661 2447 2694 2516 ἢ
2723 2446 2819 2516 τὴν
2836 2445 2914 2507 εἰς
2937 2442 3162 2513 οὐρανὸν
3192 2439 3563 2508 άναφοίτησιν.
3604 2433 3904 2505 Ἐπορεύθη

2344 2538 2452 2608 γάρ
2503 2537 2899 2607 ἐμφανισθῆναι
2939 2534 3015 2605 τῷ
3057 2531 3331 2603 προσώπῳ
3381 2530 3474 2584 τοῦ
3523 2527 3736 2599 [ἰατρὸς
3766 2526 3906 2596 ὑπὲρ

2347 2631 2523 2700 ὴμῶνο

2415 2719 2634 2788 Κρῖνόν
2656 2735 2752 2787 με,
2776 2719 2968 2787 Κύριε,
3016 2717 3164 2770 κατὰ
3193 2715 3307 2783 τὴν
3347 2714 3738 2778 δικαιοσύνην
3764 2727 3884 2779 μου

2359 2813 2522 2879 Ἀξιοί
2552 2811 2709 2866 πάλιν
2737 2812 2843 2865 ἀπὸ
2866 2809 2972 2864 τῶν
3003 2807 3211 2880 ἐχθρῶν
3242 2807 3498 2878 σωθῆναι,
3533 2797 3714 2873 ἀφ’ὦν
3739 2803 3904 2873 ἐπρα-

2348 2905 2440 2969 ξαν
2473 2906 2563 2958 τὸν
2587 2905 2734 2958 ἔλεον
2758 2905 2988 2959 ὲκκαλού
2999 2921 3178 2975 μενος.

759 3031 948 3086 Daniel
997 3028 1265 3084 Barbarus
1306 3041 1324 3080 :
1365 3024 1580 3079 Iustum
1625 3023 1948 3091 adjutorium
1997 3036 2165 3074 meum
2215 3036 2248 3072 a
2286 3016 2530 3070 Domino.
2577 3013 2731 3069 Justa
2768 3019 2993 3085 petenda
3037 3027 3184 3079 sunt,
3236 3025 3295 3069 ut
3348 3013 3467 3084 ipsa
3518 3012 3796 3083 petitionis
3858 3010 3906 3063 vi

686 3135 739 3182 et
767 3134 980 3188 natura,
1011 3125 1341 3174 momentum
1369 3117 1487 3187 ejus
1515 3115 1608 3186 qui
1649 3123 1829 3170 servat
1859 3123 2036 3170 rectos
2069 3111 2234 3168 corde
2272 3107 2428 3163 facile
2458 3107 2784 3161 attrahendo
2813 3109 3160 3161 inclinemus.

761 3240 846 3294 il.
885 3235 986 3302 Qui
1017 3233 1184 3287 salvos
1233 3231 1362 3301 facit
1394 3239 1557 3282 rectos
1589 3229 1761 3281 corde.
1806 3225 1978 3292 Nosti,
2038 3223 2236 3293 inquit,

2415 3217 2523 3272 Τοῦ
2545 3216 2838 3284 σώζοντος
2867 3217 3006 3284 τοὺς
3050 3216 3243 3282 εὐθεῒς
3292 3214 3368 3283 τῇ
3401 3213 3641 3284 καρδίᾳ.
3691 3217 3908 3289 Ἐπειδὴ

687 3331 867 3389 cordis
884 3328 1054 3384 nostri
1083 3324 1434 3394 cogitationes
1452 3339 1466 3386 ;
1485 3328 1814 3390 quapropter
1830 3327 1983 3371 tuum
2015 3316 2243 3385 imploro

689 3423 1021 3569 “gingiuis
1042 3507 1208 3577 judex
1223 3504 1424 3575 justus,
1447 3502 1602 3572 [ortis
1629 3507 1676 3555 et
1704 3500 1928 3568 patiens.
1946 3493 2042 3551 His
2067 3492 2246 3549 verbis

691 3616 873 3680 aperte
925 3602 1165 3657 declarat
1211 3597 1303 3650 Dei
1356 3592 1856 3664 longanimitatem,
1907 3587 2001 3657 qui
2046 3585 2247 3654 suppli-

691 3700 834 3754 cium
865 3693 1061 3755 dill'ert,
1101 3689 1200 3744 etsi
1232 3702 1340 3740 non
1371 3682 1594 3737 omnino
1624 3688 1832 3750 parcat.

767 3878 854 3934 14.
887 3873 1122 3945 Sagittae
1159 3886 1281 3924 suus
1316 3864 1620 3921 ardentibus
1665 3861 1852 3930 eﬂ'ecit.
1905 3857 2142 3928 Sagittas
2169 3854 2251 3910 di-

694 3972 768 4027 cit
796 3969 1119 4040 supplicium
1163 3983 1175 4018 :
1219 3961 1540 4026 ardentibus,
1573 3959 1640 4013 iis
1673 3955 1880 4012 scilicet
1907 3955 1998 4025 qui
2031 3967 2248 4023 poenam

695 4062 834 4134 ignis
860 4066 1190 4114 meruerunt.

769 4152 856 4207 15.
891 4149 1022 4204 Ecce
1050 4146 1297 4216 parturiit
1332 4140 1674 4211 injustitiam.
1710 4137 1968 4190 Inimicus
2003 4134 2253 4188 videlicet

696 4243 818 4299 vita:
834 4251 1050 4297 nostras.
1084 4238 1329 4306 Concepit
1350 4235 1582 4287 dolorem
1601 4241 1649 4285 et
1680 4232 1873 4299 peperit
1899 4229 2250 4297 iniquitatem.

697 4333 810 4390 Hoc
832 4341 936 4396 est,
965 4341 1017 4385 et
1041 4327 1374 4389 deliberavit,
1393 4334 1447 4380 et
1478 4323 1621 4394 quod
1643 4323 1959 4376 decreverat
1986 4320 2036 4371 in
2072 4327 2251 4372 actum

699 4423 938 4480 deduxit.

771 4515 858 4570 16.
896 4512 1093 4569 Lacum
1145 4512 1348 4582 aperuit
1375 4520 1423 4563 et
1475 4509 1657 4578 effodit
1706 4521 1844 4570 eum,
1878 4515 1981 4559 etc.
2019 4500 2154 4555 Cum
2197 4500 2252 4554 in

2344 3306 2512 3375 οἶδας,
2544 3311 2697 3382 φησὶ,
2724 3311 2820 3382 τῆς
2843 3310 3113 3382 ἡμετέρας
3138 3308 3360 3379 καρδίας
3393 3307 3458 3361 τὰ
3486 3307 3749 3378 νοήματα,
3790 3309 3910 3362 τού-

2346 3419 2438 3454 του
2479 3404 2636 3475 χάριν
2662 3404 2758 3473 τὴν
2790 3403 3040 3473 βοήθειαν
3074 3401 3289 3466 ὲξαιτῶ.

2430 3495 2492 3548 '0
2521 3499 2663 3560 Θεὸς
2694 3495 2897 3563 κριτὴς
2920 3495 3149 3559 δίκαιος
3179 3495 3276 3547 καὶ
3303 3494 3549 3562 ἰσχυρὸς
3582 3493 3675 3546 καὶ
3697 3495 3912 3562 μακρό-

2348 3589 2552 3656 θυμος.
2602 3587 2794 3655 Σαφῶς
2825 3585 2915 3638 διὰ
2939 3585 3047 3638 τῶν
3076 3585 3328 3638 τοιούτων
3361 3584 3657 3657 παρίστησι
3698 3582 3758 3636 τὸ
3805 3600 3908 3653 μα-

2350 3675 2623 3747 κρόθυμον
2642 3676 2734 3729 τοῦ
2761 3675 2916 3741 Θεοῦ,
2964 3658 3228 3746 ἀναϐολὴν
3265 3677 3363 3746 μὲν
3398 3675 3611 3746 ἔχοντος
3640 3674 3740 3744 τῆς
3773 3676 3911 3744 ἡμε-

2352 3769 2515 3840 τέρας
2540 3770 2829 3833 κολάσεως,
2865 3771 2924 3822 οὐ
2962 3771 3068 3840 μὴν
3095 3767 3331 3838 παντελῆ
3357 3766 3703 3839 συγγνώμην.

2429 3861 2502 3914 Τὰ
2534 3861 2691 3928 ,ϐέλη
2730 3861 2914 3915 αὐτοῦ
2968 3860 3088 3925 τοῖς
3137 3859 3471 3929 καιομένοις
3501 3856 3906 3926 ἐξειργάσατο.

2355 3954 2491 4026 Βέλη
2535 3954 2632 4026 μὲν
2665 3955 2764 4025 τὴν
2803 3952 3069 4024 τιμωρίαν
3111 3952 3305 4023 φησὶν,
3336 3950 3669 4022 καιομένοις
3710 3949 3766 4003 δὲ
3802 3952 3913 4014 τοῖς

2355 4046 2521 4114 ἀξίοις
2558 4045 2746 4115 πυρός.

2437 4137 2579 4191 Ἰδοὺ
2605 4135 2901 4203 ὼδίνησεν
2927 4135 3183 4190 ἀδικίαν.
3223 4135 3280 4189 '0
3297 4135 3490 4206 ἐχθρὸς
3511 4135 3610 4204 τῆς
3640 4135 3912 4207 ἡμετέρας

2357 4230 2516 4299 ζωῆς.
2552 4226 2849 4282 Συνέλαϐε
2878 4231 3067 4282 πόνον
3091 4227 3189 4281 καὶ
3208 4227 3409 4280 ἔτεκεν
3435 4227 3708 4295 ἀνομίαν.
3744 4227 3882 4279 Τουτ
3906 4257 3911 4262 ~

2356 4318 2470 4371 ἐστι
2501 4319 2593 4371 καὶ
2621 4318 2964 4389 βεϐούλευται
2993 4321 3085 4372 καὶ
3113 4320 3363 4392 εἱςέργον
3397 4321 3630 4393 ἐξήγαγε
3659 4309 3728 4373 τὰ
3751 4319 3917 4391 σκέμ-

2362 4424 2524 4479 ματα.

2430 4498 2668 4554 Λάκκον
2693 4497 2882 4567 ὤρυξε
2906 4500 3001 4552 καὶ
3044 4500 3394 4568 ἀνέσκαψεν
3434 4499 3641 4553 αὐτόν.
3681 4498 3916 4553 Θάνατον

701 4608 1033 4664 Salvatorem
1078 4604 1350 4658 Christum
1381 4609 1611 4656 mortem
1645 4605 1912 4670 parasset,
1943 4594 2104 4647 morti
2141 4593 2239 4662 ipse

2362 4595 2470 4665 γὰρ
2497 4592 2912 4655 κατασκευάσας
2945 4592 3082 4644 κατᾶ
3121 4593 3213 4646 τοῦ
3254 4593 3500 4663 Σωτῆρος
3529 4590 3763 4662 Χριστοῦ
3785 4632 3799 4656 ,
3829 4591 3919 4644 θα-

703 4700 934 4756 traditus
964 4707 1044 4753 εει
1057 4736 1069 4750 .

887 4790 950 4844 In
979 4791 1152 4854 ﬁnem,
1185 4805 1276 4857 pro
1302 4785 1672 4849 torcularibus,
1703 4777 1937 4833 PSALM
1951 4774 2062 4830 US.

1268 4879 1454 4932 David.
1500 4875 1665 4929 VIII.

1260 4969 1659 5038 Argumentum.

702 5065 841 5123 Olim
874 5065 925 5119 in
956 5064 1108 5135 legali
1136 5065 1280 5118 cultu
1301 5101 1313 5125 ,
1342 5061 1395 5112 in
1427 5057 1626 5125 templo
1657 5064 1771 5110 erat
1802 5052 2088 5124 προλήνιον
2117 5065 2170 5118 q.
2204 5047 2258 5101 d.

773 5156 1143 5226 protorcular,
1196 5154 1246 5207 id
1300 5162 1383 5204 est
1440 5150 1652 5203 altare:
1708 5145 1800 5198 sed
1851 5151 1973 5215 post
2019 5140 2258 5211 gentium

773 5249 1128 5310 vocationem,
1160 5245 1324 5299 multa
1374 5249 1502 5296 sunt
1545 5237 1860 5299 toreularia,
1891 5236 2021 5304 ipsa:
2051 5233 2259 5287 scilicet

771 5339 1044 5404 Ecclesiae,
1097 5336 1303 5390 fructus
1348 5347 1537 5388 eorum
1586 5331 1679 5400 qui
1733 5331 1818 5397 pie
1848 5329 2038 5380 vivunt
2086 5325 2261 5394 perci-

773 5429 1001 5498 pientes.

772 5517 862 5592 [In
908 5520 1062 5588 ﬁnem
1104 5517 1308 5573 dictum
1357 5522 1459 5577 est,
1512 5511 1640 5580 quia
1690 5510 1743 5561 in
1797 5509 1902 5562 (ine
1932 5505 2253 5562 saeculorum

700 5609 990 5665 terminum
1044 5608 1245 5665 habent
1292 5619 1350 5658 ea
1393 5619 1510 5672 qua:
1545 5601 1860 5670 prophetico
1897 5599 2088 5667 spiritu
2120 5611 2258 5664 pra:-

702 5702 843 5755 dicta
873 5709 1016 5755 sunt.
1045 5697 1120 5752 De
1151 5699 1365 5754 Christo
1393 5707 1625 5763 namque
1659 5702 1713 5747 et
1746 5692 1812 5745 de
1848 5689 2101 5744 Ecclesiis
2137 5701 2259 5757 qua:

703 5793 995 5848 secundum
1059 5789 1486 5846 incarnationem
1543 5785 1897 5846 exstiterunt,
1955 5795 2258 5836 sermonem

2362 4684 2507 4754 νάτῳ
2539 4683 2910 4755 παραδίδοται.

2537 4777 2641 4840 Εἰς
2666 4775 2727 4828 τὸ
2755 4774 2948 4846 τέλος,
2982 4772 3133 4844 ὑπὲρ
3164 4773 3716 4845 ληνῶν,ξΨΑΛΜοΣ

2936 4867 3015 4934 τῷ
3045 4866 3243 4920 Δαυτδ.
3275 4869 3360 4920 Η’.

2994 4959 3311 5022 Ὑπόθεσις.

2365 5055 2536 5108 Πάλαι
2572 5053 2669 5125 μὲν
2704 5053 2761 5104 ὲν
2791 5053 2856 5121 τῇ
2887 5051 3084 5119 νομικῇ
3118 5047 3344 5118 λατρεία
3391 5042 3458 5119 ἦν
3504 5046 3560 5098 ἓν
3600 5043 3920 5116 προλήνιον,

2429 5145 2489 5198 τὸ
2513 5143 2890 5212 θυσιαστήριον
2921 5139 3158 5209 δηλονότι
3179 5140 3237 5192 τὸ
3259 5142 3314 5193 ἐν
3332 5139 3407 5210 τῷ
3433 5137 3563 5207 ναῷ·
3595 5136 3731 5207 μετὰ
3755 5135 3808 5188 δὲ
3829 5135 3921 5204 τὴν

2434 5236 2540 5290 τῶν
2572 5233 2736 5288 ἐθνῶν
2763 5234 2953 5302 κλῆσιν
2992 5232 3173 5284 πολλοὶ
3201 5232 3347 5303 ληνοὶ
3372 5248 3385 5260 ·
3413 5227 3570 5284 αῦται
3602 5229 3657 5280 δὲ
3714 5227 3778 5281 ἂν
3818 5222 3921 5278 εἷεν

2436 5325 2492 5379 αἱ
2536 5323 2868 5392 Ἑκκλησίαι,
2904 5324 2958 5374 αἱ
2991 5322 3116 5384 τοὺς
3144 5319 3684 5390 τῶνοκατορθοῦντων
3728 5319 3784 5370 ὲν
3811 5316 3920 5369 οεο-

2438 5413 2620 5483 σεϐείᾳ
2651 5412 2932 5481 δεχόμεναι
2959 5411 3224 5482 καρπούς.

2437 5506 2566 5578 [Εἰς
2587 5507 2649 5557 τὸ
2668 5503 2840 5571 τέλος
2873 5505 3106 5575 εἴρηται,
3124 5503 3210 5557 διὰ
3225 5503 3283 5556 τὸ
3299 5503 3390 5556 ἐπὶ
3415 5501 3557 5554 τέλει
3586 5499 3692 5553 τῶν
3719 5497 3922 5552 αἰώνων

2365 5597 2536 5666 πέρας
2581 5599 2724 5664 σχεῖν
2775 5595 2842 5648 τὰ
2882 5595 3352 5666 προφητευόμενα.
3382 5594 3515 5663 Περὶ
3544 5591 3777 5662 Χριστοῦ
3820 5589 3922 5659 γὰρ

2370 5687 2465 5740 καὶ
2498 5685 2604 5738 τῶν
2651 5684 2786 5755 μετὰ
2801 5686 2900 5756 τὴν
2943 5683 3351 5755 ὲνανθρώπησιν
3384 5681 3532 5751 λέγει
3570 5679 3918 5749 Ἐκκλησιῶν.

2383 5778 2533 5832 Ἐπεί
2584 5794 2645 5839 γε
2683 5778 2775 5848 κα)
2818 5779 2848 5830 ὁ
2899 5775 3206 5836 Μονογενὴς
3245 5775 3485 5832 ἄμπελος
3531 5772 3825 5834 κέκληται,
3850 5769 3920 5848 .oi
