4122 6500
174 471 232 530 81
1295 479 1653 539 EXPOSITIO
1693 485 1756 539 IN
1795 484 2123 540 PSALSIUM
2172 484 2300 541 VIII.
3319 497 3389 550 82

174 593 224 646 δὲ
250 593 422 646 πιστοὶ
462 594 743 665 κλήματα.
777 595 838 647 Εἰ
875 595 928 648 δὲ
973 597 1215 666 βιάζεται
1261 601 1289 652 6
1341 603 1611 672 Ἰουδαῖος,
1653 608 1729 669 εἰς

1835 607 2012 662 habet.
2076 605 2524 676 Quandoquidem
2590 605 2915 677 Unigenitus
2980 608 3147 672 vitis,
3203 609 3386 668 fideles

175 683 254 738 τὸν
298 685 471 738 κοινὸν
524 687 619 739 τὸν
669 687 879 758 ψαλμὸν
943 689 1196 757 λέγεσθαι
1253 693 1574 764 ἄνθρωπον·
1643 699 1736 751 κα)⁸

173 774 330 837 οὓτως
378 779 627 843 γνωστὸν
677 779 851 845 ἔστω,
899 781 974 846 ὡς
1014 783 1101 837 δια
1145 784 1302 837 τοῦτο
1350 787 1524 839 πάντα
1589 789 1737 859 αὐτῷ

177 866 427 936 ὑπετάγη.
476 867 556 931 ὡς
612 871 669 920 ὲν
712 871 878 924 εἰκόνι
914 872 1047 925 Θεοῦ
1083 875 1328 942 γεγονότι
1370 875 1461 929 τοῦ
1522 877 1738 947 μέλλον-

173 974 254 1020 τος
280 959 754 1034 ἑνανθρωπῆσαι.]

234 1136 404 1202 Κύριε
433 1139 466 1189 ό
497 1139 716 1205 Κύριος
748 1140 912 1207 ἡμῶν
930 1179 944 1203 ,
976 1142 1056 1207 ὠς
1082 1145 1425 1212 θαυμαστὸν
1451 1147 1514 1198 τὸ
1550 1146 1736 1216 ὄνομά

173 1242 276 1278 σου
306 1227 373 1279 ἐν
400 1230 572 1296 πάσῃ
602 1228 676 1296 τῇ
714 1229 828 1298 τῇ]
861 1232 1250 1305 Ἐκπλήττεται
1281 1237 1381 1307 τὴν
1417 1239 1496 1300 εἰς
1531 1238 1736 1309 ἀνθρὼ-

175 1333 296 1378 πους
344 1316 598 1371 δοθεῖσαν
651 1321 852 1388 γνῶσιν
892 1323 985 1376 τοῦ
1015 1326 1275 1396 ὀνόματος
1299 1327 1393 1380 τοῦ
1430 1327 1585 1384 Θεοῦ.
1622 1331 1734 1384 Οὐκ

173 1407 243 1458 lt:
273 1407 378 1478 γὰρ
415 1409 607 1478 μόνοις
634 1415 746 1475 τοῖς
777 1415 833 1465 ἐν
859 1416 923 1484 τῇ
968 1415 1195 1485 Ἰουδαία
1224 1419 1462 1486 γνωστὸς
1492 1420 1519 1470 6
1545 1420 1688 1483 Θεός.

246 1497 340 1549 Ἐκ
379 1500 686 1567 στόματος
726 1503 955 1569 νηπίων
986 1504 1083 1556 καὶ
1128 1505 1501 1572 θηλαζόντων
1525 1525 1735 1576 κατηρ-

172 1585 304 1638 τίσω
333 1583 528 1640 αἶνον.
568 1589 690 1641 Τῶν
724 1591 861 1643 κατὰ
895 1591 1025 1644 Θεὸν
1058 1594 1426 1662 νηπιαζόντων
1447 1600 1510 1668 τῇ
1544 1600 1730 1670 κακίᾳ.

174 1671 328 1728 Τοῦτο
358 1676 414 1729 δὲ
447 1678 546 1730 καὶ
575 1683 634 1733 ἐν
665 1683 775 1743 τοῖς
802 1681 1152 1750 Εὑαγγελίοις
1190 1685 1375 1754 σαφῶς
1422 1689 1734 1762 ἀναγέγρα-

175 1783 291 1820 πται
316 1769 558 1840 εἰρηκὼς
585 1772 614 1824 6
641 1772 848 1844 Σωτὴρ,
883 1775 970 1827 ὅτε
997 1777 1122 1839 τοὺς
1156 1778 1350 1842 παῖδας
1380 1782 1429 1832 ol
1450 1781 1733 1852 Φαρισαῖοι

1838 712 1965 751 vero
2003 696 2251 766 palmites
2285 703 2546 749 vocantur
2575 694 2663 748 ⁷⁸⁸.
2699 692 2851 759 Quod
2898 695 2942 749 si
2977 695 3264 750 contendat
3290 695 3387 752 Ju-

1836 790 2007 851 daeus,
2038 789 2304 856 psalmum
2338 787 2390 840 iu
2424 786 2698 840 communi
2723 786 2789 840 de
2817 786 3032 841 homine
3057 787 3159 841 dici
3187 805 3202 853 ;
3229 789 3390 842 etiam

1837 880 1940 934 hoc
1962 889 2116 948 pacto
2149 889 2331 933 notum
2360 878 2450 940 sit,
2477 877 2619 947 quod
2648 878 2770 932 ideo
2798 880 2978 932 omnia
3014 879 3115 948 ipsi
3147 879 3384 947 subjecta

1837 981 1987 1036 sunt,
2026 971 2152 1040 quia
2191 970 2255 1024 ad
2309 970 2594 1039 imaginem
2629 968 2745 1034 Dei,
2789 969 2882 1038 qui
2930 985 3143 1024 carnem
3180 986 3392 1025 assum-

1837 1076 2025 1133 plurus
2047 1072 2184 1125 erat,
2222 1061 2396 1117 factus
2424 1061 2551 1132 ρει]

1904 1155 1958 1208 ‘2.
2006 1155 2225 1207 Domine
2263 1153 2519 1207 Dominus
2568 1163 2760 1218 noster,
2785 1168 2938 1222 quant
2974 1149 3284 1204 admirabile
3314 1159 3389 1204 est

1835 1264 2018 1302 nomen
2049 1257 2195 1300 tuum
2239 1248 2292 1300 in
2340 1248 2583 1299 universa
2614 1255 2754 1298 terra
2778 1245 2797 1297 .'
2826 1244 3171 1312 Obstupescit
3199 1244 3270 1296 ob
3297 1241 3393 1296 da-

1836 1349 1943 1393 tam
1995 1339 2229 1393 nominis
2282 1337 2374 1392 Dei
2425 1337 2736 1390 hominibus
2778 1336 3047 1390 notitiam.
3086 1333 3203 1387 Non
3252 1333 3391 1389 ultra

1835 1432 1978 1485 enim
2011 1430 2144 1484 solis
2174 1430 2241 1483 iis
2270 1429 2362 1498 qui
2396 1429 2448 1481 in
2487 1427 2670 1481 Iudaea
2700 1438 2828 1481 sunt
2859 1438 3020 1481 notus
3056 1434 3139 1479 est
3171 1424 3330 1479 Deus.

1905 1523 1957 1575 '5.
1995 1520 2077 1573 Ex
2103 1538 2191 1575 ore
2233 1521 2518 1590 infantium
2544 1530 2593 1572 et
2637 1519 2939 1572 lactentium
2977 1517 3242 1587 perlecisti
3271 1515 3391 1569 lau-

1834 1613 1971 1666 dem.
2004 1611 2202 1666 Eorum
2243 1613 2449 1666 scilicet
2493 1611 2587 1680 qui
2634 1625 2814 1665 coram
2852 1608 2960 1662 Deo
3005 1607 3237 1662 infantes
3267 1615 3395 1662 sunt

1835 1705 2013 1775 quoad
2065 1703 2348 1758 malitiam.
2403 1701 2514 1756 Iloc
2558 1712 2736 1756 autem
2776 1702 2828 1755 iu
2879 1699 3178 1771 Evangeliis
3228 1698 3389 1753 etiam

1835 1796 2095 1864 scriptum
2130 1803 2213 1850 est
2239 1793 2524 1863 perspicue
2557 1793 2763 1847 dixisse
2811 1791 3228 1856 Salvatorem",
3267 1805 3388 1844 cum

174 1858 518 1930 ἑπεστόμιξρν
544 1862 898 1931 εὐλογοῦντας
920 1865 1100 1919 αὐτόν.
1127 1868 1342 1921 Ἕνεκα
1369 1869 1486 1922 τῶν
1509 1871 1729 1940 ἐχθρῶν

1835 1858 2016 1956 pueiis
2061 1858 2252 1955 ipsum‘
2280 1858 2624 1938 laudantibus
2650 1899 2711 1938 os
2748 1881 3004 1936 Pharisaei
3043 1881 3387 1936 obturabant.

173 1967 278 2004 σου
301 1952 403 2006 τοῦ
434 1953 775 2008 καταλῦσαι
803 1957 1020 2026 ἐχθρὸν
1057 1959 1150 2012 καὶ
1178 1961 1518 2028 ἐκδικητὴν.
1547 1965 1615 2015 ‘II
1644 1962 1729 2016 τὸν

1835 1949 2058 2040 Propter
2083 1949 2330 2024 inimicos
2362 1981 2498 2035 tuos,
2527 1981 2582 2024 ut
2615 1971 2854 2024 destruas
2885 1969 3151 2023 inimicum
3179 1978 3227 2021 et
3257 1967 3392 2023 ulto-

173 2041 436 2112 αἰσθητὸν,
465 2045 499 2113 ἢ
535 2045 628 2098 τὸν
660 2048 866 2117 νοητὸν,
903 2049 935 2119 ἢ
965 2049 1055 2101 τὸν
1107 2050 1231 2103 λαὸν
1275 2052 1366 2105 τὸν
1403 2054 1688 2108 Ἰουδαϊκόν
1716 2071 1730 2084 ⁸

173 2132 386 2201 ἦλαυνον
415 2135 529 2206 γὰρ
553 2135 630 2200 ῶς
651 2137 840 2208 ἐχθρὸν
883 2139 973 2192 τὸν
1019 2141 1280 2212 Χριστὸνσ
1315 2144 1734 2215 προσεποιοῦντο

172 2221 223 2274 δὲ
241 2223 326 2275 τὸν
355 2225 582 2297 Πατέρα
625 2226 961 2292 ἐκδικοῦντες
994 2229 1150 2284 τοῦτο
1183 2235 1375 2288 ποιεῖν.
1422 2235 1519 2288 Διὰ
1552 2235 1729 2300 τοῦτο,

172 2310 274 2365 ἂνω
305 2315 396 2366 καὶ⁵
418 2315 574 2369 κάτω
607 2317 808 2388 ταύτης
837 2321 1032 2384 αὐτοὺς
1059 2325 1374 2394 ἀποστερῶν
1411 2327 1510 2397 τῆς
1539 2328 1731 2381 ἀπολο-

172 2404 306 2469 γίας.
335 2407 525 2475 ἔλεγεν
546 2425 560 2439 ο
616 2408 679 2461 '0
710 2410 812 2478 ἐμὲ
838 2411 1034 2480 μισῶν
1081 2414 1179 2466 καὶ
1222 2416 1327 2467 τὸν
1351 2418 1580 2486 Πατέρα
1613 2437 1732 2488 μου

167 2494 336 2559 μισεῖ.
380 2496 631 2563 Ἐχθρὸν
656 2500 754 2552 καὶ
787 2500 1130 2569 ἐκδικητὴν,
1159 2503 1248 2556 τὸν
1281 2505 1521 2560 διάϐολον
1543 2508 1730 2578 δηλον-

171 2583 264 2635 ότι.
325 2584 584 2658 Ἐπειδὴ,
643 2589 780 2660 μετὰ
839 2591 899 2644 τὸ
947 2594 1248 2661 ἀναγκάσαι
1295 2596 1581 2668 πληρῶσαι
1634 2599 1731 2671 τὴν

172 2676 452 2747 ἁμαρτίαν,
494 2683 588 2734 καὶ
641 2686 960 2754 τιμωρεῖται
1012 2689 1136 2749 τοὺς
1186 2688 1631 2759 ἁμαρτάνοντας,
1670 2693 1732 2745 τὸ

176 2767 390 2853 μέγεθος
427 2773 615 2836 αὐτοῖς
638 2773 728 2826 τοῦ
765 2775 1154 2848 ἁμαρτήματος
1177 2780 1233 2830 ὲν
1260 2779 1554 2851 ὀφθαλμοῖς
1590 2801 1729 2856 παρ-

175 2859 344 2915 ιστὼν.
386 2863 459 2915 Ἢ
496 2864 587 2916 τὸν
617 2864 743 2918 λαὸν
772 2865 878 2919 τῶν
921 2868 1204 2933 Ἰουδαίων,
1246 2870 1442 2942 ἐχθρὸν
1490 2876 1587 2945 μὲν
1632 2877 1730 2947 τῆς

173 2949 432 3018 ἀληθείας,
460 2954 754 3025 ἐκδικητὴν
781 2957 835 3010 δὲ
857 2958 933 3028 τῷ
954 2959 1126 3013 δοκεῖν
1153 2961 1385 3016 ἐκδικεῖν
1420 2965 1509 3018 τὸν
1543 2967 1726 3037 νόμον.

239 3042 351 3095 Ὀτι
380 3044 602 3113 ὄψομαι
631 3047 771 3112 τοὺς
796 3050 1088 3116 οἱιρανοὺς
1108 3051 1250 3120 ἔργα
1279 3050 1395 3104 τῶν
1421 3053 1730 3108 δακτύλων

173 3147 297 3189 σου.
338 3136 565 3190 Ἐκεῖνοι
600 3139 698 3207 μὲν
749 3140 1111 3206 ἀγανακτοῦσι
1154 3142 1263 3195 τῶν
1283 3145 1490 3214 νηπίων
1523 3162 1727 3220 καταρ-

173 3223 412 3309 τιζόντων
437 3223 620 3280 αἶνον·
657 3228 766 3295 ἐγὼ
795 3229 851 3282 δὲ
883 3230 944 3284 τὸ
989 3231 1132 3285 οὕτω
1165 3234 1307 3303 μέγα
1345 3235 1436 3287 καὶ
1471 3238 1728 3309 περικαλ-

173 3308 274 3377 λὲς,
301 3315 427 3376 τοὺς
459 3314 722 3385 οὐρανούς
756 3334 920 3387 φημι,
971 3319 1165 3392 μικρόν
1208 3338 1260 3373 τι
1309 3322 1468 3394 ἔργον
1496 3308 1592 3394 τῆς
1625 3327 1724 3396 σῆς

173 3400 544 3475 δημ.ο.›ργίας,
577 3405 783 3478 θεωρῶ.

243 3494 299 3546 Τί
335 3495 511 3548 ἐστιν
559 3497 866 3566 ἅνθρωπος
890 3541 904 3565 ,
949 3499 1038 3555 ὅτι
1083 3504 1392 3572 μιμνήσκῃ
1428 3505 1644 3570 αὐτοῦ;
1684 3507 1723 3577 ἢ

175 3582 291 3647 υἱὸς
319 3584 656 3653 ἀνθρώπου,
692 3587 779 3640 ὅτι
816 3589 1146 3659 ἐπισκέπτῃ
1178 3594 1364 3646 αὐτόν
1384 3610 1403 3656 ;
1446 3594 1723 3649 Ὴλάττω-

175 3685 280 3739 σας
327 3676 519 3730 αὑτὸν
564 3677 766 3746 βραχύ
801 3696 854 3732 τι
906 3684 1041 3748 παρ’
1079 3682 1389 3752 ἀγγέλους.
1417 3685 1596 3738 Ταῦτα
1628 3686 1722 3741 τοῦ

175 3763 373 3819 Παύλου
426 3769 617 3838 σαφῶς
657 3771 747 3822 ἐπὶ
796 3770 885 3823 τὸν
917 3771 1144 3843 Σωτῆρα
1169 3775 1324 3845 ἡμῶν
1351 3776 1720 3847 ὲξειληφότος,

175 3855 446 3927 ἀρκεῖσθαι
480 3865 546 3931 τῇ
571 3862 776 3915 ἐκδόσει
809 3864 932 3935 χρή.

238 3953 435 4009 Πάντα
475 3956 775 4023 ὑπέταξας
803 3959 1082 4014 ὑποκάτω
1116 3959 1236 4015 τῶν
1274 3963 1474 4018 ποδῶν
1515 3967 1720 4023 αὐτοῦ.

173 4041 342 4097 Εἰπὼν
370 4048 398 4098 6
433 4045 566 4108 Θεός
587 4064 600 4076 °
632 4049 981 4118 Ποιήσωμεν
1013 4053 1323 4120 ἄνθρωπον
1365 4058 1492 4111 κατ’
1523 4061 1725 4114 εἰκόνα

176 4133 452 4204 ἡμετέραν
482 4138 578 4191 καὶ
606 4140 910 4207 ὁμοίωσιν,
941 4143 1214 4214 ἐπήγαγε·
1241 4146 1350 4199 Kal
1377 4149 1724 4218 ἀρχέτωσαν

174 4223 281 4278 τῶν
306 4230 527 4296 ἰχθύων
567 4229 675 4297 τῆς
705 4231 1039 4302 θαλάσσης,
1069 4236 1161 4288 καὶ
1203 4240 1312 4301 τοῖς
1346 4237 1551 4303 λοιποῖς
1583 4242 1723 4297 κατὰ

178 4318 327 4390 μέρος
357 4320 729 4392 ἐπεξέρχεται,
786 4317 867 4386 οἷς
924 4326 1197 4394 ἐπιλέγειο
1245 4328 1589 4393 Αὺξάνεσθε
1627 4333 1724 4386 καὶ

175 4412 540 4475 πληθύνεσθε
563 4412 658 4466 καὶ
706 4413 1056 4480 πληρώσατε
1081 4417 1194 4486 τὴν
1225 4419 1362 4489 γῆν,
1401 4422 1499 4474 καὶ
1541 4439 1722 4478 κατα-

177 4502 514 4565 κυριεύσατε
555 4500 769 4569 αὐτῆς·
819 4507 884 4575 τῇ
932 4505 1037 4577 γὰρ
1087 4507 1272 4581 λογικῇ
1315 4511 1492 4579 φύσει,
1534 4514 1607 4578 ὡς
1657 4514 1723 4568 ἂν

1836 2077 1962 2113 rem.
2008 2060 2117 2114 Aut
2151 2061 2486 2125 seusibilem,
2529 2071 2618 2114 aut
2671 2059 3057 2130 iutelligibilem
3113 2058 3389 2112 inimicum

1831 2152 1927 2216 ail,
1976 2161 2070 2205 aut
2104 2152 2362 2221 populum
2422 2151 2728 2207 Iudaicum.
2773 2151 3049 2206 Christum
3099 2152 3241 2205 enim
3291 2164 3390 2205 ceu

1834 2243 2115 2295 inimicum
2153 2243 2444 2312 pellebant,
2493 2253 2547 2297 et
2583 2242 2909 2298 simulabant
2940 2258 2998 2298 se
3045 2241 3220 2299 Patris
3267 2243 3396 2298 ulci-

1833 2332 2015 2385 scendi
2069 2333 2252 2386 animo
2305 2333 2356 2386 id
2391 2348 2583 2403 agere;
2632 2333 2983 2402 quamobrem
3037 2343 3094 2387 ut
3129 2349 3246 2386 eam
3284 2333 3390 2387 illis

1831 2422 2201 2477 defensionem
2254 2423 2467 2492 penitus
2516 2423 2776 2476 adimeret
2806 2424 2880 2476 ait
2901 2423 2984 2476 "z
3017 2421 3118 2488 Qui
3151 2423 3258 2476 odit
3288 2439 3386 2487 me,

1831 2516 1939 2568 odit
1967 2523 2015 2569 et
2063 2513 2274 2568 Patrem
2307 2531 2493 2568 meum.
2528 2513 2807 2568 Inimicum
2837 2524 2885 2568 et
2919 2513 3163 2581 ultorem,
3198 2513 3387 2568 diabo-

1831 2607 1940 2660 lum
1978 2607 2126 2660 dicit.
2174 2605 2275 2671 Qui
2329 2617 2611 2675 postquam
2666 2605 2924 2676 compulit
2973 2605 3036 2659 ad
3080 2616 3385 2675 peccatum,

1831 2712 2022 2767 pinnas
2075 2697 2454 2765 peccatoribus
2489 2696 2700 2766 inﬂigit,
2759 2696 2963 2766 peccati
3010 2696 3269 2765 gravitate
3315 2696 3386 2750 ob

1830 2788 2020 2844 oculos
2049 2787 2181 2856 ipsis
2210 2787 2405 2857 posita.
2438 2787 2546 2840 Aut
2572 2788 2827 2856 populum
2883 2785 3216 2852 Judzeorum,
3248 2787 3389 2841 veri-

1830 2881 1955 2935 tatis
1986 2879 2204 2950 quidem
2228 2876 2536 2945 inimicum;
2567 2879 2795 2934 ultorem
2825 2894 2974 2945 vero,
3001 2879 3129 2949 quia
3167 2878 3377 2933 videba-

1829 2980 1919 3026 tur
1947 2972 2120 3042 legem
2153 2971 2446 3026 vindicare.

1897 3062 1950 3115 ι.
1990 3061 2251 3126 Quoniam
2301 3059 2480 3114 videbo
2530 3060 2685 3114 cmlos
2732 3069 2868 3124 tuos,
2897 3076 3051 3128 opera
3101 3059 3389 3130 digitorum

1832 3163 2062 3211 tuorum.
2114 3153 2469 3224 Indignamur
2518 3153 2596 3206 illi
2650 3150 2944 3207 infantibus
2977 3151 3185 3207 laudem
3225 3152 3386 3222 perfl-

1829 3245 2119 3301 cientibus.
2174 3242 2311 3300 Illud
2356 3253 2537 3300 autem
2585 3250 2793 3299 tantum
2837 3250 3054 3312 tamque
3098 3242 3384 3312 pulchrum

1826 3335 2126 3404 Opiﬁcium,
2177 3335 2347 3390 caelos
2378 3349 2590 3404 nempe.
2638 3349 2737 3402 ego
2789 3334 2880 3403 qui
2925 3349 3045 3388 sum
3091 3332 3383 3388 creatiouis

1826 3435 1930 3481 tuae
1953 3427 2207 3496 pusillum
2254 3442 2414 3496 opus,
2451 3427 2805 3493 contemplor.

1898 3519 1948 3573 5.
1985 3517 2123 3582 Quid
2153 3526 2231 3571 est
2270 3517 2440 3581 homo,
2469 3518 2604 3588 quod
2635 3533 2830 3570 memor
2853 3532 2905 3569 es
2933 3516 3081 3585 ejus;
3115 3527 3205 3570 aut
3237 3513 3382 3585 ﬁlius

1825 3612 2071 3675 hominis,
2109 3613 2361 3682 quoniam
2389 3612 2570 3665 eisitas
2600 3627 2715 3665 eum
2739 3610 2764 3662 ?
2799 3608 3039 3663 Minuisti
3065 3624 3181 3662 eum
3225 3607 3382 3678 paulo

1825 3704 1997 3757 minus
2033 3704 2096 3756 ab
2135 3703 2356 3774 angelis.
2400 3702 2589 3758 lsthaec
2610 3701 2779 3755 Paulo
2811 3701 2874 3755 ad
2915 3698 3246 3754 Salvatorem
3285 3714 3384 3753 nov

1825 3803 2000 3849 strum
2035 3793 2306 3848 referente
2329 3795 2394 3858 ⁷⁵,
2426 3793 2474 3846 id
2503 3794 2570 3846 ad
2606 3790 2996 3859 expositionem
3025 3789 3155 3842 satis
3192 3799 3330 3841 esto.

1897 3969 1950 4024 8.
1987 3969 2180 4025 Omnia
2212 3967 2479 4037 subjecisti
2516 3967 2610 4020 sub
2648 3964 2863 4034 pedibus
2901 3962 3011 4024 eius
3045 3961 3176 4032 (I7).
3224 3959 3380 4015 Post-

1825 4075 1986 4131 quam
2019 4060 2156 4114 disit
2182 4061 2325 4115 Deus
2345 4060 2390 4092 "
2419 4077 2431 4113 :
2470 4056 2753 4111 Faciamus
2792 4055 3048 4108 hominem
3077 4051 3144 4105 ad
3190 4051 3379 4121 imagi-

1824 4170 1938 4208 nem
1962 4165 2011 4207 et
2044 4153 2443 4207 similitudinem
2477 4158 2729 4212 nostram,
2754 4144 2949 4216 adjecit
2975 4162 2987 4197 :
3019 4142 3086 4197 Et
3111 4143 3382 4197 dominan-

1826 4253 1914 4296 tur
1947 4241 2177 4310 piscibus
2207 4241 2392 4302 maris,
2428 4245 2482 4292 et
2529 4235 2774 4304 reliquis,
2823 4247 2944 4303 quin
2990 4241 3241 4286 accurate
3291 4245 3377 4286 re-

1825 4342 2025 4389 censet.
2059 4331 2266 4399 Quibus
2293 4331 2456 4386 etiam
2483 4328 2677 4383 dicit"
2706 4345 2718 4380 :
2757 4323 2983 4379 Crescite
3012 4331 3061 4376 et
3121 4320 3378 4390 multipli-

1822 4426 2015 4481 camini
2044 4435 2094 4479 et
2121 4425 2307 4493 replete
2337 4433 2553 4487 terram,
2589 4429 2637 4474 et
2665 4416 3010 4472 dominamini
3055 4414 3157 4468 illi.
3190 4413 3376 4469 Ratio-

1824 4517 1988 4572 nabili
2025 4517 2222 4587 quippe
2261 4526 2488 4577 natum,
2519 4519 2705 4582 utpote
2731 4510 2796 4564 ad
2840 4507 3249 4562 similitudinem
3283 4505 3376 4562 Dei

511 4592 765 4694 Θεῷἒτὴν
786 4598 923 4650 κατὰ
945 4598 1160 4652 πάντων
1190 4602 1363 4672 ἀρχὴν
1391 4589 1716 4677 ἐδωρήσατο.

1829 4586 2073 4671 conditae,
2107 4607 2348 4662 omnium
2383 4619 2564 4659 rerum
2602 4600 2886 4670 imperium
2936 4596 3174 4651 tradidit.
3209 4596 3377 4650 Acce-

177 4681 273 4733 Καὶ
304 4682 530 4754 δύναμιν
574 4687 603 4737 6
629 4685 912 4759 ἄνθρωπος
952 4690 1127 4744 λαϐὼν
1152 4693 1251 4763 τῆς
1283 4694 1468 4768 θεῖκῆς
1491 4699 1716 4765 εἰκόνος,

176 4771 242 4836 ὡς
280 4773 527 4844 βασιλεὺς
571 4778 823 4832 ἁπάντων
865 4782 1012 4834 ἐστὶν
1039 4785 1068 4836 ὁ
1098 4784 1260 4853 Θεὸς,
1310 4787 1482 4853 οὕτως
1533 4792 1718 4863 ἄρχων

177 4863 395 4935 κατέστη
426 4865 535 4918 τῶν
565 4868 656 4920 ἐπὶ
687 4869 808 4939 γῆς.
843 4870 903 4922 Et
923 4871 979 4923 δὲ
1014 4873 1314 4939 καθολικῶς
1337 4879 1575 4950 εἴρηται·
1607 4883 1719 4936 Kal

178 4957 533 5042 κατέστησας
558 4959 744 5014 αὐτὸν
769 4961 864 5015 ἐπὶ
900 4961 972 5015 τὰ
996 4965 1140 5033 ἔργα
1178 4966 1294 5020 τῶν
1326 4971 1537 5038 χειρῶν
1565 4990 1680 5028 σου
1703 5017 1718 5042 ,

177 5041 310 5113 λέγει
331 5048 666 5120 δὲὰλλαχοῦ,
699 5051 811 5104 Kal
842 5052 983 5124 ἔργα
1019 5055 1139 5109 τῶν
1166 5059 1378 5127 χειρῶν
1402 5078 1516 5117 σου
1561 5066 1720 5120 εἰσιν

178 5137 226 5228 ol
247 5139 509 5207 οὐρανοί·
534 5141 692 5211 δῆλον
731 5141 806 5206 ὡς
830 5145 919 5197 ἐπὶ
937 5147 1062 5210 τοὺς
1089 5149 1352 5218 οὐρανοὺς
1387 5155 1715 5228 κατέστησεν

179 5227 341 5297 αὐτὸν,
374 5233 467 5286 καὶ
499 5235 705 5305 μήποτε
747 5236 1073 5308 ἀπορρήτως
1110 5242 1208 5319 τῂν
1255 5245 1312 5296 ὲν
1344 5247 1588 5316 οὐρανοῖς
1617 5266 1715 5319 ση-

181 5323 342 5411 μαίνει
367 5325 646 5398 διατριὸὴν
677 5327 785 5381 τῶν
813 5329 1042 5401 ἀπὸςγῆς
1076 5315 1252 5388 ἐκεῖσε
1287 5315 1715 5411 μεθισταμένων,

178 5407 256 5498 δτι
297 5414 542 5483 μέλλουσι
592 5415 860 5484 βασιλείαν
911 5418 1153 5490 οῦρανῶν
1195 5407 1582 5498 κληρονομεῖν,
1638 5407 1715 5497 ὡς

179 5497 510 5571 ὶκήγγελται.
541 5507 700 5574 Λέγει
721 5506 778 5559 δὲ
803 5507 896 5561 καὶ
929 5509 1136 5576 Παῦλος
1156 5529 1170 5542 ·
1213 5497 1576 5588 κληρονόμοι
1603 5521 1716 5591 μὲν

1825 4708 2021 4768 ptaque
2055 4700 2215 4752 homo
2245 4696 2440 4750 divinae
2469 4692 2718 4761 imaginis
2747 4690 2962 4756 virtute,
3003 4697 3060 4742 ut
3108 4701 3199 4741 rex
3253 4701 3376 4740 om~

1825 4792 1972 4845 nium
2031 4803 2114 4844 est
2178 4787 2342 4850 Deus,
2407 4789 2479 4842 ita
2541 4787 2703 4840 homo
2753 4793 3086 4861 terrenorum
3132 4781 3372 4835 omnium

1825 4884 2156 4939 constitutus
2174 4892 2257 4938 est
2285 4883 2554 4953 princeps.
2591 4880 2745 4947 Quod
2780 4879 2827 4934 si
2856 4878 2909 4932 in
2955 4877 3262 4931 universum
3292 4876 3374 4929 di-

1823 4986 2015 5032 catur:
2045 4974 2111 5029 Et
2141 4973 2458 5029 constituisti
2489 4989 2604 5027 eum
2625 4986 2779 5040 super
2802 4985 2958 5039 opera
2985 4983 3229 5021 manuum
3260 4976 3374 5018 tua-

1825 5086 1980 5132 rum;
2015 5071 2248 5139 itemque
2280 5068 2386 5122 alio
2409 5067 2528 5121 loco
2555 5065 2700 5119 dicat
2723 5064 2766 5094 ⁷⁷
2793 5081 2809 5118 :
2842 5061 2909 5116 Et
2934 5077 3089 5130 opera
3125 5073 3370 5112 manuum

1826 5168 2030 5214 tuarum
2064 5169 2185 5212 sunt
2217 5158 2354 5222 caeli,
2379 5158 2551 5227 palam
2580 5167 2661 5212 est
2686 5153 2829 5224 quod
2855 5167 3017 5223 super
3057 5150 3222 5206 caelos
3250 5164 3374 5205 con-

1823 5251 2060 5307 stituerit
2088 5266 2235 5315 eum,
2263 5265 2361 5305 nec
2389 5249 2616 5304 latenter
2647 5245 2822 5301 innuit
2860 5245 2914 5298 in
2949 5240 3100 5298 cmlis
3133 5254 3367 5296 commoo

1822 5344 2087 5398 rationem
2119 5341 2234 5398 fore
2265 5357 2453 5398 eorum
2478 5341 2570 5411 qui
2617 5354 2647 5393 a
2693 5346 2834 5393 terra
2868 5335 2994 5389 illuc
3035 5329 3368 5388 transferun-

1825 5442 1932 5499 tur,
1958 5436 2175 5505 quando
2207 5433 2355 5504 regni
2390 5432 2652 5488 cmlorum
2697 5427 3061 5484 hareditatem
3098 5423 3368 5492 accepturi

1823 5536 1970 5590 sunt,
2024 5527 2100 5582 uti
2151 5527 2478 5597 promissum
2529 5523 2649 5579 fuit.
2697 5520 2834 5576 Dicit
2877 5532 3004 5574 vero
3055 5514 3251 5570 Paulus
3278 5511 3362 5563 "z

310 5677 774 5770 ξρεξλινιβλ
811 5685 1318 5770 "Matth._x_xt.16.
1394 5693 1612 5753 "Joan.
1663 5715 1754 5766 xv,
1789 5699 1876 5756 23.
1960 5703 2006 5734 ⁷⁸
2026 5687 2186 5759 Hebr.
2227 5719 2287 5770 tt,
2319 5702 2372 5768 6,
2409 5703 2462 5760 7.
2536 5702 2582 5735 "
2603 5699 2736 5758 Gen.
2799 5717 2838 5766 ι,
2865 5697 2954 5752 26.
3029 5695 3076 5728 "
3097 5689 3231 5750 ibid.
3271 5688 3365 5748 28·

181 5740 368 5803 "Psal.
390 5764 463 5813 cr,
501 5751 591 5807 26.
661 5740 710 5786 δ’
736 5755 892 5811 Rom.
927 5740 1158 5825 ἓῆίζιῆ.

245 5856 348 5929 (l7)
379 5858 499 5918 Hac
529 5866 793 5936 expositio
817 5868 958 5940 apud
988 5869 1120 5927 Dan.
1145 5870 1463 5939 Barbarum,
1494 5870 1714 5929 Eusebii
1752 5874 1969 5930 dicitur.
