  <div class='ocr_page' id='page_1' title='image "/cluster/home/n/w/nwhite01/storage/ocr_20150623/27/uva.x030474749/052.png"; bbox 0 0 4122 6498; ppageno 0'>
   <div class='ocr_carea' id='block_1_1' title="bbox 201 428 3444 529">
    <p class='ocr_par' dir='ltr' id='par_1_1' title="bbox 201 428 3444 529">
     <span class='ocr_line' id='line_1_1' title="bbox 201 428 3444 529; baseline -0.017 1"><span class='ocrx_word' id='word_1_1' title='bbox 201 469 266 529; x_wconf 77' lang='lat'><strong>85</strong></span> <span class='ocrx_word' id='word_1_2' title='bbox 1327 450 1689 511; x_wconf 83' lang='lat' dir='ltr'><strong>EXPOSITIO</strong></span> <span class='ocrx_word' id='word_1_3' title='bbox 1727 448 1792 503; x_wconf 83' lang='grc' dir='ltr'><strong>ΙΝ</strong></span> <span class='ocrx_word' id='word_1_4' title='bbox 1834 444 2164 503; x_wconf 74' lang='lat' dir='ltr'><strong>PSALMUM</strong></span> <span class='ocrx_word' id='word_1_5' title='bbox 2206 441 2295 496; x_wconf 75' lang='lat' dir='ltr'><strong>IX.</strong></span> <span class='ocrx_word' id='word_1_6' title='bbox 3373 428 3444 486; x_wconf 81' lang='lat'><strong>86</strong></span> 
     </span>
    </p>
   </div>
   <div class='ocr_carea' id='block_1_2' title="bbox 198 550 1759 662">
    <p class='ocr_par' dir='ltr' id='par_1_2' title="bbox 198 569 1759 662">
     <span class='ocr_line' id='line_1_2' title="bbox 198 569 1759 662; baseline -0.013 -22"><span class='ocrx_word' id='word_1_7' title='bbox 198 585 452 657; x_wconf 75' lang='grc' dir='ltr'>θονμένων</span> <span class='ocrx_word' id='word_1_8' title='bbox 483 583 598 637; x_wconf 86' lang='grc' dir='ltr'><strong>τῶν</strong></span> <span class='ocrx_word' id='word_1_9' title='bbox 633 583 806 637; x_wconf 77' lang='grc' dir='ltr'>ἐθνῶν</span> <span class='ocrx_word' id='word_1_10' title='bbox 831 579 934 634; x_wconf 73' lang='grc' dir='ltr'>ὑπὸ</span> <span class='ocrx_word' id='word_1_11' title='bbox 959 577 1067 662; x_wconf 78' lang='grc' dir='ltr'><strong>τῶν</strong></span> <span class='ocrx_word' id='word_1_12' title='bbox 1101 574 1434 637; x_wconf 84' lang='grc' dir='ltr'>ἀποστόλων,</span> <span class='ocrx_word' id='word_1_13' title='bbox 1465 569 1759 626; x_wconf 78' lang='grc' dir='ltr'><strong>ἀπολέσθαι</strong></span> 
     </span>
    </p>
   </div>
   <div class='ocr_carea' id='block_1_3' title="bbox 1861 550 3444 662">
    <p class='ocr_par' dir='ltr' id='par_1_3' title="bbox 1864 550 3444 662">
     <span class='ocr_line' id='line_1_3' title="bbox 1864 550 3444 636; baseline -0.009 -17"><span class='ocrx_word' id='word_1_14' title='bbox 1864 565 1948 619; x_wconf 86' lang='lat' dir='ltr'><strong>los</strong></span> <span class='ocrx_word' id='word_1_15' title='bbox 1987 560 2299 636; x_wconf 70' lang='lat' dir='ltr'><strong>gentilibus,</strong></span> <span class='ocrx_word' id='word_1_16' title='bbox 2342 555 2569 629; x_wconf 84' lang='lat' dir='ltr'><strong>periisse</strong></span> <span class='ocrx_word' id='word_1_17' title='bbox 2604 551 2858 624; x_wconf 91' lang='lat' dir='ltr'><strong>impium,</strong></span> <span class='ocrx_word' id='word_1_18' title='bbox 2896 550 3165 606; x_wconf 77' lang='lat' dir='ltr'><strong>exstincto</strong></span> <span class='ocrx_word' id='word_1_19' title='bbox 3215 562 3444 620; x_wconf 76' lang='lat' dir='ltr'><strong>prorsus</strong></span> 
     </span>
     <span class='ocr_line' id='line_1_4' title="bbox 2081 640 3436 662; baseline -0.01 8"><span class='ocrx_word' id='word_1_20' title='bbox 2081 653 2144 662; x_wconf 84' lang='lat'><strong>..</strong></span> <span class='ocrx_word' id='word_1_21' title='bbox 2318 650 2350 662; x_wconf 58' lang='grc' dir='ltr'><strong>μ</strong></span> <span class='ocrx_word' id='word_1_22' title='bbox 2426 650 2436 661; x_wconf 94' lang='grc'><strong>.</strong></span> <span class='ocrx_word' id='word_1_23' title='bbox 2605 648 2617 659; x_wconf 88' lang='grc'><strong>.</strong></span> <span class='ocrx_word' id='word_1_24' title='bbox 2957 640 3249 662; x_wconf 40' lang='grc' dir='ltr'>..ω-,η-</span> <span class='ocrx_word' id='word_1_25' title='bbox 3298 640 3436 662; x_wconf 42' lang='grc' dir='ltr'><strong>ημ,</strong></span> 
     </span>
    </p>
   </div>
   <div class='ocr_carea' id='block_1_4' title="bbox 196 665 1767 747">
    <p class='ocr_par' dir='ltr' id='par_1_4' title="bbox 196 665 1767 747">
     <span class='ocr_line' id='line_1_5' title="bbox 196 665 1767 747; baseline -0.01 -15"><span class='ocrx_word' id='word_1_26' title='bbox 196 680 277 732; x_wconf 77' lang='grc' dir='ltr'><strong>τὸν</strong></span> <span class='ocrx_word' id='word_1_27' title='bbox 305 675 492 747; x_wconf 83' lang='grc' dir='ltr'>ἀσεϐῆ,</span> <span class='ocrx_word' id='word_1_28' title='bbox 527 674 856 746; x_wconf 86' lang='grc' dir='ltr'>σϐεσθείσης</span> <span class='ocrx_word' id='word_1_29' title='bbox 879 670 1045 727; x_wconf 74' lang='grc' dir='ltr'>αὑτοῦ</span> <span class='ocrx_word' id='word_1_30' title='bbox 1077 671 1176 742; x_wconf 83' lang='grc' dir='ltr'>τῆς</span> <span class='ocrx_word' id='word_1_31' title='bbox 1201 667 1502 739; x_wconf 86' lang='grc' dir='ltr'>ἐπιϐωμίου</span> <span class='ocrx_word' id='word_1_32' title='bbox 1540 665 1767 735; x_wconf 82' lang='grc' dir='ltr'>κνίσσης</span> 
     </span>
    </p>
   </div>
   <div class='ocr_carea' id='block_1_5' title="bbox 197 759 1768 840">
    <p class='ocr_par' dir='ltr' id='par_1_5' title="bbox 197 759 1768 840">
     <span class='ocr_line' id='line_1_6' title="bbox 197 759 1768 840; baseline -0.009 -16"><span class='ocrx_word' id='word_1_33' title='bbox 197 771 282 824; x_wconf 76' lang='grc' dir='ltr'>καὶ</span> <span class='ocrx_word' id='word_1_34' title='bbox 307 763 633 840; x_wconf 74' lang='grc' dir='ltr'>παυθὲίσης.</span> <span class='ocrx_word' id='word_1_35' title='bbox 686 765 1147 837; x_wconf 81' lang='grc' dir='ltr'>Ἐπιτιμηθέντων</span> <span class='ocrx_word' id='word_1_36' title='bbox 1169 762 1278 834; x_wconf 73' lang='grc' dir='ltr'>γὰρ</span> <span class='ocrx_word' id='word_1_37' title='bbox 1310 761 1419 814; x_wconf 88' lang='grc' dir='ltr'><strong>τῶν</strong></span> <span class='ocrx_word' id='word_1_38' title='bbox 1449 759 1639 825; x_wconf 79' lang='grc' dir='ltr'>ἐθνῶν,</span> <span class='ocrx_word' id='word_1_39' title='bbox 1673 759 1768 811; x_wconf 81' lang='grc' dir='ltr'>καὶ</span> 
     </span>
    </p>
   </div>
   <div class='ocr_carea' id='block_1_6' title="bbox 197 850 1762 931">
    <p class='ocr_par' dir='ltr' id='par_1_6' title="bbox 197 850 1762 931">
     <span class='ocr_line' id='line_1_7' title="bbox 197 850 1762 931; baseline -0.006 -19"><span class='ocrx_word' id='word_1_40' title='bbox 197 861 321 931; x_wconf 79' lang='grc' dir='ltr'>πρὸς</span> <span class='ocrx_word' id='word_1_41' title='bbox 349 859 556 930; x_wconf 76' lang='grc' dir='ltr'>Κύριον</span> <span class='ocrx_word' id='word_1_42' title='bbox 582 858 1032 930; x_wconf 74' lang='grc' dir='ltr'><strong>ἐπιστρεψάντων</strong></span> <span class='ocrx_word' id='word_1_43' title='bbox 1057 898 1072 921; x_wconf 85' lang='grc'><strong>,</strong></span> <span class='ocrx_word' id='word_1_44' title='bbox 1105 857 1134 907; x_wconf 73' lang='grc' dir='ltr'>ὁ</span> <span class='ocrx_word' id='word_1_45' title='bbox 1179 855 1236 907; x_wconf 83' lang='grc' dir='ltr'><strong>ἐν</strong></span> <span class='ocrx_word' id='word_1_46' title='bbox 1270 853 1452 916; x_wconf 77' lang='grc' dir='ltr'>αὐτοῖς</span> <span class='ocrx_word' id='word_1_47' title='bbox 1503 850 1762 921; x_wconf 75' lang='grc' dir='ltr'><strong>ἐνεργῶν,</strong></span> 
     </span>
    </p>
   </div>
   <div class='ocr_carea' id='block_1_7' title="bbox 195 941 1766 1014">
    <p class='ocr_par' dir='ltr' id='par_1_7' title="bbox 195 941 1766 1014">
     <span class='ocr_line' id='line_1_8' title="bbox 195 941 1766 1014; baseline -0.006 -10"><span class='ocrx_word' id='word_1_48' title='bbox 195 950 280 1004; x_wconf 78' lang='grc' dir='ltr'>ἅτε</span> <span class='ocrx_word' id='word_1_49' title='bbox 311 951 445 1014; x_wconf 85' lang='grc' dir='ltr'>υίοῖς</span> <span class='ocrx_word' id='word_1_50' title='bbox 501 944 662 1003; x_wconf 74' lang='grc' dir='ltr'>οὖσιν</span> <span class='ocrx_word' id='word_1_51' title='bbox 690 948 993 1012; x_wconf 83' lang='grc' dir='ltr'>ἀπειθείας,</span> <span class='ocrx_word' id='word_1_52' title='bbox 1045 946 1309 1008; x_wconf 79' lang='grc' dir='ltr'>διάϐολος,</span> <span class='ocrx_word' id='word_1_53' title='bbox 1347 942 1594 999; x_wconf 83' lang='grc' dir='ltr'>ἀπώλετο</span> <span class='ocrx_word' id='word_1_54' title='bbox 1629 941 1766 1011; x_wconf 84' lang='grc' dir='ltr'><strong>μετά</strong></span> 
     </span>
    </p>
   </div>
   <div class='ocr_carea' id='block_1_8' title="bbox 193 1033 1767 1106">
    <p class='ocr_par' dir='ltr' id='par_1_8' title="bbox 193 1033 1767 1106">
     <span class='ocr_line' id='line_1_9' title="bbox 193 1033 1767 1106; baseline -0.006 -11"><span class='ocrx_word' id='word_1_55' title='bbox 193 1042 290 1095; x_wconf 84' lang='grc' dir='ltr'><strong>τῶν</strong></span> <span class='ocrx_word' id='word_1_56' title='bbox 309 1041 440 1093; x_wconf 85' lang='grc' dir='ltr'>νεῶν</span> <span class='ocrx_word' id='word_1_57' title='bbox 457 1041 570 1093; x_wconf 88' lang='grc' dir='ltr'><strong>τῶν</strong></span> <span class='ocrx_word' id='word_1_58' title='bbox 605 1039 902 1095; x_wconf 86' lang='grc' dir='ltr'>είδωλικῶν</span> <span class='ocrx_word' id='word_1_59' title='bbox 927 1055 942 1070; x_wconf 76' lang='grc' dir='ltr'><strong>ο</strong></span> <span class='ocrx_word' id='word_1_60' title='bbox 975 1039 1024 1092; x_wconf 82' lang='grc' dir='ltr'><strong>οἳ</strong></span> <span class='ocrx_word' id='word_1_61' title='bbox 1044 1039 1120 1102; x_wconf 87' lang='grc' dir='ltr'><strong>ώς</strong></span> <span class='ocrx_word' id='word_1_62' title='bbox 1147 1037 1331 1100; x_wconf 86' lang='grc' dir='ltr'>πόλεις</span> <span class='ocrx_word' id='word_1_63' title='bbox 1370 1038 1609 1106; x_wconf 78' lang='grc' dir='ltr'><strong>συνεῖχον</strong></span> <span class='ocrx_word' id='word_1_64' title='bbox 1641 1033 1767 1097; x_wconf 80' lang='grc' dir='ltr'>τοὺς</span> 
     </span>
    </p>
   </div>
   <div class='ocr_carea' id='block_1_9' title="bbox 194 1122 1763 1200">
    <p class='ocr_par' dir='ltr' id='par_1_9' title="bbox 194 1122 1763 1200">
     <span class='ocr_line' id='line_1_10' title="bbox 194 1122 1763 1200; baseline -0.003 -21"><span class='ocrx_word' id='word_1_65' title='bbox 194 1128 318 1200; x_wconf 70' lang='grc' dir='ltr'>πρὸς</span> <span class='ocrx_word' id='word_1_66' title='bbox 346 1127 675 1181; x_wconf 77' lang='grc' dir='ltr'>δυσσέϐειαν</span> <span class='ocrx_word' id='word_1_67' title='bbox 718 1127 1054 1199; x_wconf 83' lang='grc' dir='ltr'>ἀφορῶντας.</span> <span class='ocrx_word' id='word_1_68' title='bbox 1105 1126 1215 1180; x_wconf 76' lang='grc' dir='ltr'><strong>Καὶ</strong></span> <span class='ocrx_word' id='word_1_69' title='bbox 1260 1125 1433 1188; x_wconf 85' lang='grc' dir='ltr'>οὓτως</span> <span class='ocrx_word' id='word_1_70' title='bbox 1464 1122 1763 1189; x_wconf 88' lang='grc' dir='ltr'>ἀπώλοντο,</span> 
     </span>
    </p>
   </div>
   <div class='ocr_carea' id='block_1_10' title="bbox 191 1215 1764 1291">
    <p class='ocr_par' dir='ltr' id='par_1_10' title="bbox 191 1215 1764 1291">
     <span class='ocr_line' id='line_1_11' title="bbox 191 1215 1764 1291; baseline -0.003 -18"><span class='ocrx_word' id='word_1_71' title='bbox 191 1220 259 1285; x_wconf 84' lang='grc' dir='ltr'><strong>ὡς</strong></span> <span class='ocrx_word' id='word_1_72' title='bbox 285 1219 413 1291; x_wconf 80' lang='grc' dir='ltr'>μηδέ</span> <span class='ocrx_word' id='word_1_73' title='bbox 442 1221 593 1291; x_wconf 85' lang='grc' dir='ltr'>ῐχνος</span> <span class='ocrx_word' id='word_1_74' title='bbox 628 1218 1041 1291; x_wconf 71' lang='grc' dir='ltr'>ὑπολειφθῆναι.</span> <span class='ocrx_word' id='word_1_75' title='bbox 1097 1220 1285 1272; x_wconf 84' lang='grc' dir='ltr'>Ἔστιν</span> <span class='ocrx_word' id='word_1_76' title='bbox 1328 1215 1576 1270; x_wconf 76' lang='grc' dir='ltr'>ἐκλαϐεῖν</span> <span class='ocrx_word' id='word_1_77' title='bbox 1609 1215 1764 1269; x_wconf 80' lang='grc' dir='ltr'>τοῦτο</span> 
     </span>
    </p>
   </div>
   <div class='ocr_carea' id='block_1_11' title="bbox 194 1307 1766 1381">
    <p class='ocr_par' dir='ltr' id='par_1_11' title="bbox 194 1307 1766 1381">
     <span class='ocr_line' id='line_1_12' title="bbox 194 1307 1766 1381; baseline 0 -20"><span class='ocrx_word' id='word_1_78' title='bbox 194 1309 278 1364; x_wconf 76' lang='grc' dir='ltr'><strong>καὶ</strong></span> <span class='ocrx_word' id='word_1_79' title='bbox 300 1310 438 1363; x_wconf 84' lang='grc' dir='ltr'><strong>κατά</strong></span> <span class='ocrx_word' id='word_1_80' title='bbox 457 1311 562 1381; x_wconf 77' lang='grc' dir='ltr'>τὴν</span> <span class='ocrx_word' id='word_1_81' title='bbox 587 1310 906 1364; x_wconf 77' lang='grc' dir='ltr'><strong>τελευταίαν</strong></span> <span class='ocrx_word' id='word_1_82' title='bbox 929 1310 1110 1381; x_wconf 83' lang='grc' dir='ltr'>κρίσιν</span> <span class='ocrx_word' id='word_1_83' title='bbox 1129 1326 1143 1340; x_wconf 87' lang='grc'><strong>·</strong></span> <span class='ocrx_word' id='word_1_84' title='bbox 1178 1310 1298 1362; x_wconf 88' lang='grc' dir='ltr'>τότε</span> <span class='ocrx_word' id='word_1_85' title='bbox 1318 1309 1426 1378; x_wconf 84' lang='grc' dir='ltr'><strong>γὰρ</strong></span> <span class='ocrx_word' id='word_1_86' title='bbox 1452 1307 1560 1361; x_wconf 88' lang='grc' dir='ltr'><strong>τῶν</strong></span> <span class='ocrx_word' id='word_1_87' title='bbox 1589 1308 1766 1378; x_wconf 85' lang='grc' dir='ltr'>ἀμαρ-</span> 
     </span>
    </p>
   </div>
   <div class='ocr_carea' id='block_1_12' title="bbox 190 1401 1763 1475">
    <p class='ocr_par' dir='ltr' id='par_1_12' title="bbox 190 1401 1763 1475">
     <span class='ocr_line' id='line_1_13' title="bbox 190 1401 1763 1475; baseline -0.002 -19"><span class='ocrx_word' id='word_1_88' title='bbox 190 1403 362 1456; x_wconf 87' lang='grc' dir='ltr'>τωλῶν</span> <span class='ocrx_word' id='word_1_89' title='bbox 392 1403 845 1474; x_wconf 84' lang='grc' dir='ltr'>ἐπιτιμωμένων,</span> <span class='ocrx_word' id='word_1_90' title='bbox 869 1404 961 1457; x_wconf 74' lang='grc' dir='ltr'>καὶ</span> <span class='ocrx_word' id='word_1_91' title='bbox 982 1404 1011 1456; x_wconf 84' lang='grc' dir='ltr'><strong>ὁ</strong></span> <span class='ocrx_word' id='word_1_92' title='bbox 1040 1402 1304 1465; x_wconf 72' lang='grc' dir='ltr'>διάϐολος,</span> <span class='ocrx_word' id='word_1_93' title='bbox 1338 1402 1368 1453; x_wconf 86' lang='grc' dir='ltr'><strong>δ</strong></span> <span class='ocrx_word' id='word_1_94' title='bbox 1395 1402 1600 1475; x_wconf 89' lang='grc' dir='ltr'>κυρίως</span> <span class='ocrx_word' id='word_1_95' title='bbox 1634 1401 1763 1453; x_wconf 89' lang='grc' dir='ltr'>ἀσε-</span> 
     </span>
    </p>
   </div>
   <div class='ocr_carea' id='block_1_13' title="bbox 192 1493 1765 1566">
    <p class='ocr_par' dir='ltr' id='par_1_13' title="bbox 192 1493 1765 1566">
     <span class='ocr_line' id='line_1_14' title="bbox 192 1493 1765 1566; baseline -0.001 -19"><span class='ocrx_word' id='word_1_96' title='bbox 192 1493 302 1566; x_wconf 78' lang='grc' dir='ltr'>ϐὴς,</span> <span class='ocrx_word' id='word_1_97' title='bbox 333 1493 684 1563; x_wconf 75' lang='grc' dir='ltr'>ἀφανίζεται.</span> <span class='ocrx_word' id='word_1_98' title='bbox 714 1495 779 1547; x_wconf 82' lang='grc' dir='ltr'>Δί</span> <span class='ocrx_word' id='word_1_99' title='bbox 813 1495 1018 1558; x_wconf 82' lang='grc' dir='ltr'>πόλεις,</span> <span class='ocrx_word' id='word_1_100' title='bbox 1039 1495 1138 1565; x_wconf 83' lang='grc' dir='ltr'>τῆς</span> <span class='ocrx_word' id='word_1_101' title='bbox 1167 1495 1222 1547; x_wconf 80' lang='grc' dir='ltr'>ὲν</span> <span class='ocrx_word' id='word_1_102' title='bbox 1249 1494 1439 1558; x_wconf 78' lang='grc' dir='ltr'>αὑταῖς</span> <span class='ocrx_word' id='word_1_103' title='bbox 1473 1493 1640 1547; x_wconf 85' lang='grc' dir='ltr'>πάλαι</span> <span class='ocrx_word' id='word_1_104' title='bbox 1668 1510 1765 1546; x_wconf 87' lang='grc' dir='ltr'><strong>πο-</strong></span> 
     </span>
    </p>
   </div>
   <div class='ocr_carea' id='block_1_14' title="bbox 190 1585 1763 1658">
    <p class='ocr_par' dir='ltr' id='par_1_14' title="bbox 190 1585 1763 1658">
     <span class='ocr_line' id='line_1_15' title="bbox 190 1585 1763 1658; baseline -0.001 -18"><span class='ocrx_word' id='word_1_105' title='bbox 190 1586 532 1656; x_wconf 83' lang='grc' dir='ltr'>λιτευομένης</span> <span class='ocrx_word' id='word_1_106' title='bbox 569 1587 828 1651; x_wconf 88' lang='grc' dir='ltr'>ἀσεϐείας</span> <span class='ocrx_word' id='word_1_107' title='bbox 853 1586 1246 1658; x_wconf 82' lang='grc' dir='ltr'>καταλυθείσης</span> <span class='ocrx_word' id='word_1_108' title='bbox 1267 1625 1281 1649; x_wconf 96' lang='grc'><strong>,</strong></span> <span class='ocrx_word' id='word_1_109' title='bbox 1314 1585 1411 1656; x_wconf 79' lang='grc' dir='ltr'><strong>τὴν</strong></span> <span class='ocrx_word' id='word_1_110' title='bbox 1449 1585 1763 1656; x_wconf 80' lang='grc' dir='ltr'>οἰκοδομίαν</span> 
     </span>
    </p>
   </div>
   <div class='ocr_carea' id='block_1_15' title="bbox 191 1671 918 1747">
    <p class='ocr_par' dir='ltr' id='par_1_15' title="bbox 191 1671 918 1747">
     <span class='ocr_line' id='line_1_16' title="bbox 191 1671 918 1747; baseline 0.001 -20"><span class='ocrx_word' id='word_1_111' title='bbox 191 1675 280 1746; x_wconf 82' lang='grc' dir='ltr'>τῆς</span> <span class='ocrx_word' id='word_1_112' title='bbox 303 1675 592 1739; x_wconf 76' lang='grc' dir='ltr'>εὐσεϐείας</span> <span class='ocrx_word' id='word_1_113' title='bbox 627 1671 918 1747; x_wconf 60' lang='grc' dir='ltr'>ἐδέξαντο]</span> 
     </span>
    </p>
   </div>
   <div class='ocr_carea' id='block_1_16' title="bbox 257 1765 1755 1838">
    <p class='ocr_par' dir='ltr' id='par_1_16' title="bbox 257 1765 1755 1838">
     <span class='ocr_line' id='line_1_17' title="bbox 257 1765 1755 1838; baseline -0.002 -16"><span class='ocrx_word' id='word_1_114' title='bbox 257 1768 364 1823; x_wconf 82' lang='grc' dir='ltr'><strong>Τοῦ</strong></span> <span class='ocrx_word' id='word_1_115' title='bbox 387 1767 615 1838; x_wconf 82' lang='grc' dir='ltr'>ἐχθροῦ</span> <span class='ocrx_word' id='word_1_116' title='bbox 666 1767 951 1832; x_wconf 73' lang='grc' dir='ltr'><strong>ἐξέλιπον</strong></span> <span class='ocrx_word' id='word_1_117' title='bbox 998 1770 1058 1821; x_wconf 79' lang='grc' dir='ltr'>αι</span> <span class='ocrx_word' id='word_1_118' title='bbox 1082 1765 1369 1836; x_wconf 79' lang='grc' dir='ltr'>ρομςραῖαι</span> <span class='ocrx_word' id='word_1_119' title='bbox 1425 1767 1512 1832; x_wconf 81' lang='grc' dir='ltr'><strong>είς</strong></span> <span class='ocrx_word' id='word_1_120' title='bbox 1560 1765 1755 1831; x_wconf 76' lang='grc' dir='ltr'>τέλος.</span> 
     </span>
    </p>
   </div>
   <div class='ocr_carea' id='block_1_17' title="bbox 197 1856 1760 1929">
    <p class='ocr_par' dir='ltr' id='par_1_17' title="bbox 197 1856 1760 1929">
     <span class='ocr_line' id='line_1_18' title="bbox 197 1856 1760 1929; baseline -0.003 -17"><span class='ocrx_word' id='word_1_121' title='bbox 197 1858 487 1929; x_wconf 72' lang='grc' dir='ltr'>Ῥομφαίας</span> <span class='ocrx_word' id='word_1_122' title='bbox 535 1858 638 1913; x_wconf 82' lang='grc' dir='ltr'>τοῦ</span> <span class='ocrx_word' id='word_1_123' title='bbox 667 1858 916 1912; x_wconf 81' lang='grc' dir='ltr'>διαϐόλου</span> <span class='ocrx_word' id='word_1_124' title='bbox 944 1859 1042 1921; x_wconf 89' lang='grc' dir='ltr'><strong>τάς</strong></span> <span class='ocrx_word' id='word_1_125' title='bbox 1084 1856 1467 1928; x_wconf 82' lang='grc' dir='ltr'>ἀντικειμένας</span> <span class='ocrx_word' id='word_1_126' title='bbox 1501 1857 1760 1926; x_wconf 84' lang='grc' dir='ltr'>δυνάμεις</span> 
     </span>
    </p>
   </div>
   <div class='ocr_carea' id='block_1_18' title="bbox 189 1949 1758 2026">
    <p class='ocr_par' dir='ltr' id='par_1_18' title="bbox 189 1949 1758 2026">
     <span class='ocr_line' id='line_1_19' title="bbox 189 1949 1758 2026; baseline -0.001 -19"><span class='ocrx_word' id='word_1_127' title='bbox 189 1956 328 2025; x_wconf 72' lang='grc' dir='ltr'>φησὶ,</span> <span class='ocrx_word' id='word_1_128' title='bbox 351 1954 419 2008; x_wconf 78' lang='grc' dir='ltr'><strong>δι’</strong></span> <span class='ocrx_word' id='word_1_129' title='bbox 453 1949 530 2009; x_wconf 79' lang='grc' dir='ltr'><strong>ὧν</strong></span> <span class='ocrx_word' id='word_1_130' title='bbox 559 1950 632 2026; x_wconf 75' lang='grc' dir='ltr'>ἦν</span> <span class='ocrx_word' id='word_1_131' title='bbox 661 1954 898 2026; x_wconf 72' lang='grc' dir='ltr'>ἰσχυρός.</span> <span class='ocrx_word' id='word_1_132' title='bbox 935 1953 1039 2025; x_wconf 75' lang='grc' dir='ltr'><strong>[Δί</strong></span> <span class='ocrx_word' id='word_1_133' title='bbox 1078 1953 1263 2017; x_wconf 85' lang='grc' dir='ltr'>πόλεις</span> <span class='ocrx_word' id='word_1_134' title='bbox 1297 1953 1355 2006; x_wconf 79' lang='lat' dir='ltr'><strong>al</strong></span> <span class='ocrx_word' id='word_1_135' title='bbox 1388 1953 1758 2022; x_wconf 87' lang='grc' dir='ltr'>ἀντικείμεναι</span> 
     </span>
    </p>
   </div>
   <div class='ocr_carea' id='block_1_19' title="bbox 185 2043 1757 2115">
    <p class='ocr_par' dir='ltr' id='par_1_19' title="bbox 185 2043 1757 2115">
     <span class='ocr_line' id='line_1_20' title="bbox 185 2043 1757 2115; baseline -0.001 -19"><span class='ocrx_word' id='word_1_136' title='bbox 185 2044 449 2114; x_wconf 78' lang='grc' dir='ltr'>δυνάμεις,</span> <span class='ocrx_word' id='word_1_137' title='bbox 494 2045 588 2110; x_wconf 74' lang='grc' dir='ltr'>αἳ,</span> <span class='ocrx_word' id='word_1_138' title='bbox 621 2045 809 2115; x_wconf 88' lang='grc' dir='ltr'>ῶσπερ</span> <span class='ocrx_word' id='word_1_139' title='bbox 849 2043 1030 2108; x_wconf 80' lang='grc' dir='ltr'>πόλεις</span> <span class='ocrx_word' id='word_1_140' title='bbox 1079 2043 1296 2115; x_wconf 75' lang='grc' dir='ltr'>ἰσχυραὶ</span> <span class='ocrx_word' id='word_1_141' title='bbox 1335 2043 1757 2114; x_wconf 83' lang='grc' dir='ltr'>τετειχισμέναι,</span> 
     </span>
    </p>
   </div>
   <div class='ocr_carea' id='block_1_20' title="bbox 185 2133 1759 2206">
    <p class='ocr_par' dir='ltr' id='par_1_20' title="bbox 185 2133 1759 2206">
     <span class='ocr_line' id='line_1_21' title="bbox 185 2133 1759 2206; baseline 0 -20"><span class='ocrx_word' id='word_1_142' title='bbox 185 2135 301 2197; x_wconf 73' lang='grc' dir='ltr'>τοὺς</span> <span class='ocrx_word' id='word_1_143' title='bbox 345 2135 576 2199; x_wconf 81' lang='grc' dir='ltr'>ἁλόντας</span> <span class='ocrx_word' id='word_1_144' title='bbox 628 2135 804 2188; x_wconf 75' lang='grc' dir='ltr'>αὐτῶν</span> <span class='ocrx_word' id='word_1_145' title='bbox 835 2135 1016 2206; x_wconf 79' lang='grc' dir='ltr'>ἀπάτῃ</span> <span class='ocrx_word' id='word_1_146' title='bbox 1065 2136 1123 2188; x_wconf 87' lang='grc' dir='ltr'><strong>ἐν</strong></span> <span class='ocrx_word' id='word_1_147' title='bbox 1157 2135 1347 2198; x_wconf 78' lang='grc' dir='ltr'>αὑταῖς</span> <span class='ocrx_word' id='word_1_148' title='bbox 1401 2133 1759 2187; x_wconf 80' lang='grc' dir='ltr'>συλλαϐοῦσαι</span> 
     </span>
    </p>
   </div>
   <div class='ocr_carea' id='block_1_21' title="bbox 187 2219 1760 2296">
    <p class='ocr_par' dir='ltr' id='par_1_21' title="bbox 187 2219 1760 2296">
     <span class='ocr_line' id='line_1_22' title="bbox 187 2219 1760 2296; baseline 0 -19"><span class='ocrx_word' id='word_1_149' title='bbox 187 2229 441 2295; x_wconf 84' lang='grc' dir='ltr'>κατεῖχον.</span> <span class='ocrx_word' id='word_1_150' title='bbox 475 2227 591 2279; x_wconf 74' lang='grc' dir='ltr'><strong>Καὶ</strong></span> <span class='ocrx_word' id='word_1_151' title='bbox 627 2226 809 2290; x_wconf 84' lang='grc' dir='ltr'>πόλεις</span> <span class='ocrx_word' id='word_1_152' title='bbox 841 2226 1000 2288; x_wconf 89' lang='grc' dir='ltr'>ποίας</span> <span class='ocrx_word' id='word_1_153' title='bbox 1019 2226 1166 2294; x_wconf 81' lang='grc' dir='ltr'>λέγει</span> <span class='ocrx_word' id='word_1_154' title='bbox 1200 2225 1232 2296; x_wconf 74' lang='grc' dir='ltr'>ἢ</span> <span class='ocrx_word' id='word_1_155' title='bbox 1264 2224 1468 2288; x_wconf 82' lang='grc' dir='ltr'>ταύτας</span> <span class='ocrx_word' id='word_1_156' title='bbox 1515 2227 1642 2296; x_wconf 79' lang='grc' dir='ltr'>περὶ</span> <span class='ocrx_word' id='word_1_157' title='bbox 1685 2219 1760 2278; x_wconf 82' lang='grc' dir='ltr'>ὧν</span> 
     </span>
    </p>
   </div>
   <div class='ocr_carea' id='block_1_22' title="bbox 186 2315 1756 2392">
    <p class='ocr_par' dir='ltr' id='par_1_22' title="bbox 186 2315 1756 2392">
     <span class='ocr_line' id='line_1_23' title="bbox 186 2315 1756 2392; baseline 0.008 -21"><span class='ocrx_word' id='word_1_158' title='bbox 186 2317 408 2387; x_wconf 77' lang='grc' dir='ltr'>ἀλλαχοῦ</span> <span class='ocrx_word' id='word_1_159' title='bbox 437 2319 663 2388; x_wconf 86' lang='grc' dir='ltr'>λέγεται</span> <span class='ocrx_word' id='word_1_160' title='bbox 681 2335 693 2347; x_wconf 88' lang='grc'><strong>·</strong></span> <span class='ocrx_word' id='word_1_161' title='bbox 714 2320 970 2392; x_wconf 77' lang='grc' dir='ltr'>Ἕθῃκας</span> <span class='ocrx_word' id='word_1_162' title='bbox 995 2320 1082 2382; x_wconf 80' lang='grc' dir='ltr'>εἰς</span> <span class='ocrx_word' id='word_1_163' title='bbox 1099 2315 1265 2385; x_wconf 83' lang='grc' dir='ltr'>χῶμα</span> <span class='ocrx_word' id='word_1_164' title='bbox 1285 2317 1495 2381; x_wconf 78' lang='grc' dir='ltr'>πόλεις</span> <span class='ocrx_word' id='word_1_165' title='bbox 1515 2315 1756 2382; x_wconf 63' lang='grc' dir='ltr'>ὀχυρὰς,</span> 
     </span>
    </p>
   </div>
   <div class='ocr_carea' id='block_1_23' title="bbox 185 2405 1758 2476">
    <p class='ocr_par' dir='ltr' id='par_1_23' title="bbox 185 2405 1758 2476">
     <span class='ocr_line' id='line_1_24' title="bbox 185 2405 1758 2476; baseline -0.001 -16"><span class='ocrx_word' id='word_1_166' title='bbox 185 2406 283 2460; x_wconf 78' lang='grc' dir='ltr'><strong>τοῦ</strong></span> <span class='ocrx_word' id='word_1_167' title='bbox 309 2408 522 2462; x_wconf 76' lang='grc' dir='ltr'>πεσεῖν</span> <span class='ocrx_word' id='word_1_168' title='bbox 550 2408 752 2463; x_wconf 85' lang='grc' dir='ltr'>αὐτῶν</span> <span class='ocrx_word' id='word_1_169' title='bbox 781 2409 852 2462; x_wconf 83' lang='grc' dir='ltr'>τὰ</span> <span class='ocrx_word' id='word_1_170' title='bbox 879 2407 1120 2476; x_wconf 78' lang='grc' dir='ltr'>θεμέλια</span> <span class='ocrx_word' id='word_1_171' title='bbox 1137 2422 1156 2471; x_wconf 84' lang='grc'><strong><em>;</em></strong></span> <span class='ocrx_word' id='word_1_172' title='bbox 1184 2406 1243 2459; x_wconf 82' lang='grc' dir='ltr'>αἴ</span> <span class='ocrx_word' id='word_1_173' title='bbox 1283 2409 1444 2471; x_wconf 84' lang='grc' dir='ltr'>είσιν,</span> <span class='ocrx_word' id='word_1_174' title='bbox 1498 2406 1575 2469; x_wconf 87' lang='grc' dir='ltr'><strong>ώς</strong></span> <span class='ocrx_word' id='word_1_175' title='bbox 1603 2405 1758 2476; x_wconf 82' lang='grc' dir='ltr'>δεδή-</span> 
     </span>
    </p>
   </div>
   <div class='ocr_carea' id='block_1_24' title="bbox 186 2495 1761 2569">
    <p class='ocr_par' dir='ltr' id='par_1_24' title="bbox 186 2495 1761 2569">
     <span class='ocr_line' id='line_1_25' title="bbox 186 2495 1761 2569; baseline 0 -18"><span class='ocrx_word' id='word_1_176' title='bbox 186 2495 357 2563; x_wconf 83' lang='grc' dir='ltr'>λωται,</span> <span class='ocrx_word' id='word_1_177' title='bbox 383 2502 438 2552; x_wconf 82' lang='lat' dir='ltr'><strong>al</strong></span> <span class='ocrx_word' id='word_1_178' title='bbox 475 2499 852 2568; x_wconf 83' lang='grc' dir='ltr'>ἀντικείμεναι</span> <span class='ocrx_word' id='word_1_179' title='bbox 879 2496 1184 2569; x_wconf 64' lang='grc' dir='ltr'>δυνάμεις]</span> <span class='ocrx_word' id='word_1_180' title='bbox 1219 2497 1505 2552; x_wconf 76' lang='grc' dir='ltr'>Ἀπώλετο</span> <span class='ocrx_word' id='word_1_181' title='bbox 1527 2498 1594 2551; x_wconf 81' lang='grc' dir='ltr'>τὸ</span> <span class='ocrx_word' id='word_1_182' title='bbox 1610 2515 1761 2567; x_wconf 86' lang='grc' dir='ltr'>μνη-</span> 
     </span>
    </p>
   </div>
   <div class='ocr_carea' id='block_1_25' title="bbox 179 2587 1758 2663">
    <p class='ocr_par' dir='ltr' id='par_1_25' title="bbox 179 2587 1758 2663">
     <span class='ocr_line' id='line_1_26' title="bbox 179 2587 1758 2663; baseline 0.001 -21"><span class='ocrx_word' id='word_1_183' title='bbox 179 2589 445 2657; x_wconf 75' lang='grc' dir='ltr'>μόσυνον</span> <span class='ocrx_word' id='word_1_184' title='bbox 473 2587 680 2644; x_wconf 80' lang='grc' dir='ltr'>αὐτῶν</span> <span class='ocrx_word' id='word_1_185' title='bbox 692 2591 816 2659; x_wconf 84' lang='grc' dir='ltr'>μετ’</span> <span class='ocrx_word' id='word_1_186' title='bbox 841 2588 1016 2658; x_wconf 78' lang='grc' dir='ltr'>ἤχου.</span> <span class='ocrx_word' id='word_1_187' title='bbox 1041 2588 1232 2663; x_wconf 77' lang='grc' dir='ltr'>[Ὥστε</span> <span class='ocrx_word' id='word_1_188' title='bbox 1259 2588 1583 2653; x_wconf 78' lang='grc' dir='ltr'>ἐξάκουστον</span> <span class='ocrx_word' id='word_1_189' title='bbox 1604 2591 1758 2658; x_wconf 84' lang='grc' dir='ltr'>γενέ-</span> 
     </span>
    </p>
   </div>
   <div class='ocr_carea' id='block_1_26' title="bbox 186 2679 1756 2754">
    <p class='ocr_par' dir='ltr' id='par_1_26' title="bbox 186 2679 1756 2754">
     <span class='ocr_line' id='line_1_27' title="bbox 186 2679 1756 2754; baseline 0.003 -22"><span class='ocrx_word' id='word_1_190' title='bbox 186 2679 298 2733; x_wconf 81' lang='grc' dir='ltr'>σθαι</span> <span class='ocrx_word' id='word_1_191' title='bbox 320 2681 502 2734; x_wconf 75' lang='grc' dir='ltr'>αὐτῶν</span> <span class='ocrx_word' id='word_1_192' title='bbox 531 2682 629 2753; x_wconf 76' lang='grc' dir='ltr'>τὴν</span> <span class='ocrx_word' id='word_1_193' title='bbox 651 2680 944 2736; x_wconf 84' lang='grc' dir='ltr'>ἀπώλειαν.</span> <span class='ocrx_word' id='word_1_194' title='bbox 982 2683 1052 2738; x_wconf 80' lang='grc' dir='ltr'><em>’Ἡ</em></span> <span class='ocrx_word' id='word_1_195' title='bbox 1067 2682 1165 2752; x_wconf 81' lang='grc' dir='ltr'>τὴν</span> <span class='ocrx_word' id='word_1_196' title='bbox 1190 2681 1416 2735; x_wconf 85' lang='grc' dir='ltr'>πανολεθ</span> <span class='ocrx_word' id='word_1_197' title='bbox 1425 2681 1547 2754; x_wconf 87' lang='grc' dir='ltr'>ρίαν</span> <span class='ocrx_word' id='word_1_198' title='bbox 1571 2683 1756 2752; x_wconf 76' lang='grc' dir='ltr'>φησὶν,</span> 
     </span>
    </p>
   </div>
   <div class='ocr_carea' id='block_1_27' title="bbox 186 2770 1759 2844">
    <p class='ocr_par' dir='ltr' id='par_1_27' title="bbox 186 2770 1759 2844">
     <span class='ocr_line' id='line_1_28' title="bbox 186 2770 1759 2844; baseline 0.002 -21"><span class='ocrx_word' id='word_1_199' title='bbox 186 2770 299 2840; x_wconf 55' lang='lat' dir='ltr'><strong>te</strong></span> <span class='ocrx_word' id='word_1_200' title='bbox 330 2771 620 2842; x_wconf 83' lang='grc' dir='ltr'>διωλύγιον</span> <span class='ocrx_word' id='word_1_201' title='bbox 668 2773 774 2826; x_wconf 86' lang='grc' dir='ltr'><strong>τῶν</strong></span> <span class='ocrx_word' id='word_1_202' title='bbox 820 2773 1037 2838; x_wconf 83' lang='grc' dir='ltr'>κακῶν,</span> <span class='ocrx_word' id='word_1_203' title='bbox 1100 2773 1192 2824; x_wconf 78' lang='grc' dir='ltr'>καὶ</span> <span class='ocrx_word' id='word_1_204' title='bbox 1230 2773 1291 2824; x_wconf 82' lang='grc' dir='ltr'>τὸ</span> <span class='ocrx_word' id='word_1_205' title='bbox 1329 2773 1627 2843; x_wconf 81' lang='grc' dir='ltr'>περιφανὲς</span> <span class='ocrx_word' id='word_1_206' title='bbox 1662 2774 1759 2844; x_wconf 80' lang='grc' dir='ltr'>τῆς</span> 
     </span>
    </p>
   </div>
   <div class='ocr_carea' id='block_1_28' title="bbox 186 2864 1756 2938">
    <p class='ocr_par' dir='ltr' id='par_1_28' title="bbox 186 2864 1756 2938">
     <span class='ocr_line' id='line_1_29' title="bbox 186 2864 1756 2938; baseline 0.002 -21"><span class='ocrx_word' id='word_1_207' title='bbox 186 2865 500 2938; x_wconf 78' lang='grc' dir='ltr'>ἀπωλείας.]</span> <span class='ocrx_word' id='word_1_208' title='bbox 519 2865 870 2931; x_wconf 73' lang='grc' dir='ltr'>Ἐξάκουστος</span> <span class='ocrx_word' id='word_1_209' title='bbox 892 2865 1001 2936; x_wconf 76' lang='grc' dir='ltr'><strong>γὰρ</strong></span> <span class='ocrx_word' id='word_1_210' title='bbox 1016 2865 1192 2918; x_wconf 82' lang='grc' dir='ltr'>αὐτῶν</span> <span class='ocrx_word' id='word_1_211' title='bbox 1215 2865 1432 2933; x_wconf 78' lang='grc' dir='ltr'>γέγονεν</span> <span class='ocrx_word' id='word_1_212' title='bbox 1448 2866 1479 2935; x_wconf 78' lang='grc' dir='ltr'>ἡ</span> <span class='ocrx_word' id='word_1_213' title='bbox 1493 2864 1756 2920; x_wconf 82' lang='grc' dir='ltr'>ἀπώλεια.</span> 
     </span>
    </p>
   </div>
   <div class='ocr_carea' id='block_1_29' title="bbox 251 2956 1754 3030">
    <p class='ocr_par' dir='ltr' id='par_1_29' title="bbox 251 2956 1754 3030">
     <span class='ocr_line' id='line_1_30' title="bbox 251 2956 1754 3030; baseline -0.001 -18"><span class='ocrx_word' id='word_1_214' title='bbox 251 2959 350 3012; x_wconf 81' lang='lat' dir='ltr'><strong>Kal</strong></span> <span class='ocrx_word' id='word_1_215' title='bbox 377 2959 622 3027; x_wconf 75' lang='grc' dir='ltr'>ἐγένετο</span> <span class='ocrx_word' id='word_1_216' title='bbox 647 2959 862 3025; x_wconf 79' lang='grc' dir='ltr'>Κύριος</span> <span class='ocrx_word' id='word_1_217' title='bbox 890 2956 1201 3026; x_wconf 60' lang='grc' dir='ltr'>καταφυγὴ</span> <span class='ocrx_word' id='word_1_218' title='bbox 1229 2956 1308 3021; x_wconf 85' lang='grc' dir='ltr'>τῷ</span> <span class='ocrx_word' id='word_1_219' title='bbox 1337 2956 1564 3024; x_wconf 75' lang='grc' dir='ltr'>πένητι.</span> <span class='ocrx_word' id='word_1_220' title='bbox 1601 2957 1754 3030; x_wconf 82' lang='grc' dir='ltr'>[Συν-</span> 
     </span>
    </p>
   </div>
   <div class='ocr_carea' id='block_1_30' title="bbox 186 3049 1758 3121">
    <p class='ocr_par' dir='ltr' id='par_1_30' title="bbox 186 3049 1758 3121">
     <span class='ocr_line' id='line_1_31' title="bbox 186 3049 1758 3121; baseline 0.002 -20"><span class='ocrx_word' id='word_1_221' title='bbox 186 3049 314 3120; x_wconf 80' lang='grc' dir='ltr'>εχῶς</span> <span class='ocrx_word' id='word_1_222' title='bbox 339 3053 536 3104; x_wconf 78' lang='grc' dir='ltr'>ἑαυτὸν</span> <span class='ocrx_word' id='word_1_223' title='bbox 567 3050 726 3103; x_wconf 85' lang='grc' dir='ltr'>καλεῖ</span> <span class='ocrx_word' id='word_1_224' title='bbox 774 3052 979 3121; x_wconf 79' lang='grc' dir='ltr'>πένητα</span> <span class='ocrx_word' id='word_1_225' title='bbox 1018 3050 1112 3103; x_wconf 71' lang='grc' dir='ltr'>καὶ</span> <span class='ocrx_word' id='word_1_226' title='bbox 1142 3050 1375 3121; x_wconf 83' lang='grc' dir='ltr'>πτωχὸν,</span> <span class='ocrx_word' id='word_1_227' title='bbox 1401 3052 1576 3103; x_wconf 89' lang='grc' dir='ltr'>καίτοι</span> <span class='ocrx_word' id='word_1_228' title='bbox 1597 3068 1660 3119; x_wconf 89' lang='grc' dir='ltr'><strong>γε</strong></span> <span class='ocrx_word' id='word_1_229' title='bbox 1701 3053 1758 3104; x_wconf 78' lang='grc' dir='ltr'>ὲν</span> 
     </span>
    </p>
   </div>
   <div class='ocr_carea' id='block_1_31' title="bbox 188 3141 1760 3214">
    <p class='ocr_par' dir='ltr' id='par_1_31' title="bbox 188 3141 1760 3214">
     <span class='ocr_line' id='line_1_32' title="bbox 188 3141 1760 3214; baseline 0.001 -18"><span class='ocrx_word' id='word_1_230' title='bbox 188 3141 488 3212; x_wconf 82' lang='grc' dir='ltr'>βασιλείοις.</span> <span class='ocrx_word' id='word_1_231' title='bbox 555 3142 712 3214; x_wconf 79' lang='grc' dir='ltr'>’ῌδει</span> <span class='ocrx_word' id='word_1_232' title='bbox 745 3143 852 3214; x_wconf 86' lang='grc' dir='ltr'><strong>γάρ</strong></span> <span class='ocrx_word' id='word_1_233' title='bbox 898 3143 967 3196; x_wconf 83' lang='grc' dir='ltr'><strong>τά</strong></span> <span class='ocrx_word' id='word_1_234' title='bbox 1016 3143 1329 3214; x_wconf 83' lang='grc' dir='ltr'>ἀνθρώπινα</span> <span class='ocrx_word' id='word_1_235' title='bbox 1381 3143 1558 3205; x_wconf 80' lang='grc' dir='ltr'>πάντα</span> <span class='ocrx_word' id='word_1_236' title='bbox 1600 3145 1760 3207; x_wconf 79' lang='grc' dir='ltr'>σκιᾶς</span> 
     </span>
    </p>
   </div>
   <div class='ocr_carea' id='block_1_32' title="bbox 185 3231 1828 3319">
    <p class='ocr_par' dir='ltr' id='par_1_32' title="bbox 185 3231 1828 3319">
     <span class='ocr_line' id='line_1_33' title="bbox 185 3231 1828 3319; baseline 0.002 -33"><span class='ocrx_word' id='word_1_237' title='bbox 185 3231 568 3306; x_wconf 85' lang='grc' dir='ltr'>ἀδρανέστερα.</span> <span class='ocrx_word' id='word_1_238' title='bbox 595 3236 924 3302; x_wconf 78' lang='grc' dir='ltr'>Εὑκαιρίαν</span> <span class='ocrx_word' id='word_1_239' title='bbox 955 3233 1102 3303; x_wconf 66' lang='grc' dir='ltr'>λέγει</span> <span class='ocrx_word' id='word_1_240' title='bbox 1127 3234 1218 3287; x_wconf 74' lang='grc' dir='ltr'>τὸν</span> <span class='ocrx_word' id='word_1_241' title='bbox 1251 3235 1352 3305; x_wconf 78' lang='grc' dir='ltr'>τῆς</span> <span class='ocrx_word' id='word_1_242' title='bbox 1373 3234 1758 3305; x_wconf 61' lang='grc' dir='ltr'>θλίψεωςτκαι-</span> <span class='ocrx_word' id='word_1_243' title='bbox 1787 3261 1828 3319; x_wconf 78' lang='lat' dir='ltr'><strong><em>C</em></strong></span> 
     </span>
    </p>
   </div>
   <div class='ocr_carea' id='block_1_33' title="bbox 189 3324 1752 3399">
    <p class='ocr_par' dir='ltr' id='par_1_33' title="bbox 189 3324 1752 3399">
     <span class='ocr_line' id='line_1_34' title="bbox 189 3324 1752 3399; baseline 0.003 -20"><span class='ocrx_word' id='word_1_244' title='bbox 189 3327 304 3396; x_wconf 77' lang='grc' dir='ltr'>ρόνο</span> <span class='ocrx_word' id='word_1_245' title='bbox 337 3329 422 3382; x_wconf 78' lang='grc' dir='ltr'>ἀεὶ</span> <span class='ocrx_word' id='word_1_246' title='bbox 458 3328 559 3399; x_wconf 78' lang='grc' dir='ltr'>μὲν</span> <span class='ocrx_word' id='word_1_247' title='bbox 589 3326 698 3397; x_wconf 84' lang='grc' dir='ltr'><strong>γάρ</strong></span> <span class='ocrx_word' id='word_1_248' title='bbox 727 3328 826 3397; x_wconf 79' lang='grc' dir='ltr'>τῆς</span> <span class='ocrx_word' id='word_1_249' title='bbox 865 3324 1116 3398; x_wconf 76' lang='grc' dir='ltr'>βοηθείας</span> <span class='ocrx_word' id='word_1_250' title='bbox 1168 3326 1519 3395; x_wconf 85' lang='grc' dir='ltr'>ἐπιδεόμεθα,</span> <span class='ocrx_word' id='word_1_251' title='bbox 1568 3329 1660 3381; x_wconf 79' lang='grc' dir='ltr'>καὶ</span> <span class='ocrx_word' id='word_1_252' title='bbox 1695 3332 1752 3384; x_wconf 86' lang='grc' dir='ltr'><strong>ἐν</strong></span> 
     </span>
    </p>
   </div>
   <div class='ocr_carea' id='block_1_34' title="bbox 186 3413 1754 3490">
    <p class='ocr_par' dir='ltr' id='par_1_34' title="bbox 186 3413 1754 3490">
     <span class='ocr_line' id='line_1_35' title="bbox 186 3413 1754 3490; baseline 0 -22"><span class='ocrx_word' id='word_1_253' title='bbox 186 3417 534 3490; x_wconf 75' lang='grc' dir='ltr'>εὐημερίαις’</span> <span class='ocrx_word' id='word_1_254' title='bbox 587 3414 722 3468; x_wconf 89' lang='grc' dir='ltr'><strong>ἀλλά</strong></span> <span class='ocrx_word' id='word_1_255' title='bbox 752 3415 912 3468; x_wconf 77' lang='grc' dir='ltr'>πλέον</span> <span class='ocrx_word' id='word_1_256' title='bbox 963 3417 1021 3470; x_wconf 82' lang='grc' dir='ltr'><strong>ἐν</strong></span> <span class='ocrx_word' id='word_1_257' title='bbox 1062 3413 1238 3484; x_wconf 72' lang='grc' dir='ltr'>θλίψει</span> <span class='ocrx_word' id='word_1_258' title='bbox 1286 3413 1385 3484; x_wconf 84' lang='grc' dir='ltr'>τῆς</span> <span class='ocrx_word' id='word_1_259' title='bbox 1439 3414 1754 3485; x_wconf 84' lang='grc' dir='ltr'>συμμαχίας</span> 
     </span>
    </p>
   </div>
   <div class='ocr_carea' id='block_1_35' title="bbox 185 3507 1753 3580">
    <p class='ocr_par' dir='ltr' id='par_1_35' title="bbox 185 3507 1753 3580">
     <span class='ocr_line' id='line_1_36' title="bbox 185 3507 1753 3580; baseline -0.001 -18"><span class='ocrx_word' id='word_1_260' title='bbox 185 3507 667 3580; x_wconf 82' lang='grc' dir='ltr'>ἐπαισθανόμεθα.]</span> <span class='ocrx_word' id='word_1_261' title='bbox 701 3507 789 3578; x_wconf 81' lang='grc' dir='ltr'><strong>Τῷ</strong></span> <span class='ocrx_word' id='word_1_262' title='bbox 823 3507 1055 3580; x_wconf 82' lang='grc' dir='ltr'>πτωχῷ,</span> <span class='ocrx_word' id='word_1_263' title='bbox 1112 3507 1189 3579; x_wconf 81' lang='grc' dir='ltr'><strong>τῷ</strong></span> <span class='ocrx_word' id='word_1_264' title='bbox 1241 3507 1591 3580; x_wconf 88' lang='grc' dir='ltr'>πνευματικῷ</span> <span class='ocrx_word' id='word_1_265' title='bbox 1640 3507 1753 3580; x_wconf 88' lang='grc' dir='ltr'>λαῷ</span> 
     </span>
    </p>
   </div>
   <div class='ocr_carea' id='block_1_36' title="bbox 187 3600 1754 3672">
    <p class='ocr_par' dir='ltr' id='par_1_36' title="bbox 187 3600 1754 3672">
     <span class='ocr_line' id='line_1_37' title="bbox 187 3600 1754 3672; baseline 0.001 -19"><span class='ocrx_word' id='word_1_266' title='bbox 187 3617 326 3672; x_wconf 77' lang='grc' dir='ltr'>φησι.</span> <span class='ocrx_word' id='word_1_267' title='bbox 359 3600 592 3668; x_wconf 74' lang='grc' dir='ltr'>Βοηθὸς</span> <span class='ocrx_word' id='word_1_268' title='bbox 617 3601 688 3653; x_wconf 83' lang='grc' dir='ltr'>ἐν</span> <span class='ocrx_word' id='word_1_269' title='bbox 712 3601 1037 3669; x_wconf 81' lang='grc' dir='ltr'>εὐκαιρίαις</span> <span class='ocrx_word' id='word_1_270' title='bbox 1064 3600 1134 3652; x_wconf 88' lang='grc' dir='ltr'>ἐν</span> <span class='ocrx_word' id='word_1_271' title='bbox 1158 3600 1460 3669; x_wconf 71' lang='grc' dir='ltr'>θλίψεσιν.</span> <span class='ocrx_word' id='word_1_272' title='bbox 1497 3602 1585 3666; x_wconf 85' lang='grc' dir='ltr'>Ὠς</span> <span class='ocrx_word' id='word_1_273' title='bbox 1605 3619 1617 3632; x_wconf 87' lang='grc'><strong>·</strong></span> <span class='ocrx_word' id='word_1_274' title='bbox 1652 3603 1754 3656; x_wconf 85' lang='grc' dir='ltr'>Ἐν</span> 
     </span>
    </p>
   </div>
   <div class='ocr_carea' id='block_1_37' title="bbox 187 3685 1080 3756">
    <p class='ocr_par' dir='ltr' id='par_1_37' title="bbox 187 3685 1080 3756">
     <span class='ocr_line' id='line_1_38' title="bbox 187 3685 1080 3756; baseline -0.001 -15"><span class='ocrx_word' id='word_1_275' title='bbox 187 3686 353 3756; x_wconf 78' lang='grc' dir='ltr'>καιρῷ</span> <span class='ocrx_word' id='word_1_276' title='bbox 374 3685 568 3752; x_wconf 81' lang='grc' dir='ltr'>δεκτῷ</span> <span class='ocrx_word' id='word_1_277' title='bbox 599 3687 914 3756; x_wconf 79' lang='grc' dir='ltr'>ἐπήκουσὰ</span> <span class='ocrx_word' id='word_1_278' title='bbox 943 3704 1080 3741; x_wconf 91' lang='grc' dir='ltr'>σου.</span> 
     </span>
    </p>
   </div>
   <div class='ocr_carea' id='block_1_38' title="bbox 254 3861 1747 3932">
    <p class='ocr_par' dir='ltr' id='par_1_38' title="bbox 254 3861 1747 3932">
     <span class='ocr_line' id='line_1_39' title="bbox 254 3861 1747 3932; baseline 0.003 -15"><span class='ocrx_word' id='word_1_279' title='bbox 254 3864 493 3918; x_wconf 60' lang='lat' dir='ltr'><strong>Vitare</strong></span> <span class='ocrx_word' id='word_1_280' title='bbox 551 3861 630 3928; x_wconf 84' lang='grc' dir='ltr'>τῷ</span> <span class='ocrx_word' id='word_1_281' title='bbox 684 3865 877 3932; x_wconf 81' lang='grc' dir='ltr'>Κυρίῳ</span> <span class='ocrx_word' id='word_1_282' title='bbox 928 3862 1008 3929; x_wconf 83' lang='grc' dir='ltr'>τῷ</span> <span class='ocrx_word' id='word_1_283' title='bbox 1048 3864 1423 3919; x_wconf 77' lang='grc' dir='ltr'>κατοικοῦντι</span> <span class='ocrx_word' id='word_1_284' title='bbox 1474 3865 1544 3918; x_wconf 83' lang='grc' dir='ltr'><strong>ἐν</strong></span> <span class='ocrx_word' id='word_1_285' title='bbox 1578 3865 1747 3921; x_wconf 87' lang='grc' dir='ltr'>Σιών.</span> 
     </span>
    </p>
   </div>
   <div class='ocr_carea' id='block_1_39' title="bbox 187 3954 1753 4027">
    <p class='ocr_par' dir='ltr' id='par_1_39' title="bbox 187 3954 1753 4027">
     <span class='ocr_line' id='line_1_40' title="bbox 187 3954 1753 4027; baseline 0.004 -21"><span class='ocrx_word' id='word_1_286' title='bbox 187 3954 258 4024; x_wconf 76' lang='grc' dir='ltr'><strong>Τῇ</strong></span> <span class='ocrx_word' id='word_1_287' title='bbox 287 3955 619 4026; x_wconf 85' lang='grc' dir='ltr'>ἐπουρανίῳ,</span> <span class='ocrx_word' id='word_1_288' title='bbox 652 3956 804 4026; x_wconf 75' lang='grc' dir='ltr'>φησὶ,</span> <span class='ocrx_word' id='word_1_289' title='bbox 844 3955 1217 4027; x_wconf 81' lang='grc' dir='ltr'>Ἰερουσαλήμ.</span> <span class='ocrx_word' id='word_1_290' title='bbox 1262 3957 1753 4026; x_wconf 75' lang='grc' dir='ltr'>Ἀναγγείλατεέν</span> 
     </span>
    </p>
   </div>
   <div class='ocr_carea' id='block_1_40' title="bbox 186 4045 1752 4117">
    <p class='ocr_par' dir='ltr' id='par_1_40' title="bbox 186 4045 1752 4117">
     <span class='ocr_line' id='line_1_41' title="bbox 186 4045 1752 4117; baseline 0.004 -19"><span class='ocrx_word' id='word_1_291' title='bbox 186 4045 300 4112; x_wconf 84' lang='grc' dir='ltr'>τοῖς</span> <span class='ocrx_word' id='word_1_292' title='bbox 328 4047 538 4102; x_wconf 80' lang='grc' dir='ltr'>ἔθνεσι</span> <span class='ocrx_word' id='word_1_293' title='bbox 577 4047 650 4100; x_wconf 84' lang='grc' dir='ltr'>τὰ</span> <span class='ocrx_word' id='word_1_294' title='bbox 703 4046 1138 4117; x_wconf 77' lang='grc' dir='ltr'>ἐπιτηδεύματα</span> <span class='ocrx_word' id='word_1_295' title='bbox 1195 4049 1402 4103; x_wconf 86' lang='grc' dir='ltr'>αὑτοῦ.</span> <span class='ocrx_word' id='word_1_296' title='bbox 1444 4049 1628 4104; x_wconf 79' lang='grc' dir='ltr'>Ταῦτα</span> <span class='ocrx_word' id='word_1_297' title='bbox 1677 4051 1752 4116; x_wconf 86' lang='grc' dir='ltr'><strong>ὡς</strong></span> 
     </span>
    </p>
   </div>
   <div class='ocr_carea' id='block_1_41' title="bbox 188 4135 1751 4208">
    <p class='ocr_par' dir='ltr' id='par_1_41' title="bbox 188 4135 1751 4208">
     <span class='ocr_line' id='line_1_42' title="bbox 188 4135 1751 4208; baseline 0.004 -19"><span class='ocrx_word' id='word_1_298' title='bbox 188 4135 314 4207; x_wconf 75' lang='grc' dir='ltr'>πρὸς</span> <span class='ocrx_word' id='word_1_299' title='bbox 363 4138 496 4200; x_wconf 78' lang='grc' dir='ltr'>τοὺς</span> <span class='ocrx_word' id='word_1_300' title='bbox 545 4138 873 4202; x_wconf 77' lang='grc' dir='ltr'>ἀποστόλους</span> <span class='ocrx_word' id='word_1_301' title='bbox 910 4139 1005 4192; x_wconf 78' lang='grc' dir='ltr'>καὶ</span> <span class='ocrx_word' id='word_1_302' title='bbox 1059 4139 1188 4202; x_wconf 78' lang='grc' dir='ltr'>τοὺς</span> <span class='ocrx_word' id='word_1_303' title='bbox 1244 4139 1350 4193; x_wconf 88' lang='grc' dir='ltr'><strong>τῶν</strong></span> <span class='ocrx_word' id='word_1_304' title='bbox 1406 4140 1751 4208; x_wconf 84' lang='grc' dir='ltr'>Εὑαγγελίων</span> 
     </span>
    </p>
   </div>
   <div class='ocr_carea' id='block_1_42' title="bbox 186 4223 1752 4302">
    <p class='ocr_par' dir='ltr' id='par_1_42' title="bbox 186 4223 1752 4302">
     <span class='ocr_line' id='line_1_43' title="bbox 186 4223 1752 4302; baseline 0.007 -27"><span class='ocrx_word' id='word_1_305' title='bbox 186 4223 426 4296; x_wconf 74' lang='grc' dir='ltr'>κήρυκάς</span> <span class='ocrx_word' id='word_1_306' title='bbox 450 4241 635 4295; x_wconf 78' lang='grc' dir='ltr'>φησιν.</span> <span class='ocrx_word' id='word_1_307' title='bbox 687 4227 819 4280; x_wconf 87' lang='grc' dir='ltr'>Τίνα</span> <span class='ocrx_word' id='word_1_308' title='bbox 849 4227 906 4280; x_wconf 86' lang='grc' dir='ltr'>δὲ</span> <span class='ocrx_word' id='word_1_309' title='bbox 951 4227 1021 4281; x_wconf 89' lang='grc' dir='ltr'><strong>τά</strong></span> <span class='ocrx_word' id='word_1_310' title='bbox 1079 4228 1483 4302; x_wconf 83' lang='grc' dir='ltr'>ἐπιτηδεύματα</span> <span class='ocrx_word' id='word_1_311' title='bbox 1523 4230 1609 4285; x_wconf 73' lang='grc' dir='ltr'>διὰ</span> <span class='ocrx_word' id='word_1_312' title='bbox 1643 4232 1752 4286; x_wconf 91' lang='grc' dir='ltr'><strong>τῶν</strong></span> 
     </span>
    </p>
   </div>
   <div class='ocr_carea' id='block_1_43' title="bbox 185 4314 1105 4388">
    <p class='ocr_par' dir='ltr' id='par_1_43' title="bbox 185 4314 1105 4388">
     <span class='ocr_line' id='line_1_44' title="bbox 185 4314 1105 4388; baseline 0.005 -22"><span class='ocrx_word' id='word_1_313' title='bbox 185 4314 301 4386; x_wconf 69' lang='grc' dir='ltr'><strong>ἑξῆς</strong></span> <span class='ocrx_word' id='word_1_314' title='bbox 319 4317 599 4388; x_wconf 78' lang='grc' dir='ltr'>σημαίνει.</span> <span class='ocrx_word' id='word_1_315' title='bbox 1103 4361 1105 4363; x_wconf 86' lang='grc'><strong>.</strong></span> 
     </span>
    </p>
   </div>
   <div class='ocr_carea' id='block_1_44' title="bbox 249 4407 1752 4486">
    <p class='ocr_par' dir='ltr' id='par_1_44' title="bbox 249 4407 1752 4486">
     <span class='ocr_line' id='line_1_45' title="bbox 249 4407 1752 4486; baseline 0.007 -24"><span class='ocrx_word' id='word_1_316' title='bbox 249 4407 367 4462; x_wconf 80' lang='grc' dir='ltr'>Ὀτι</span> <span class='ocrx_word' id='word_1_317' title='bbox 389 4411 423 4462; x_wconf 86' lang='grc' dir='ltr'><strong><em>ό</em></strong></span> <span class='ocrx_word' id='word_1_318' title='bbox 452 4407 710 4478; x_wconf 78' lang='grc' dir='ltr'>ἐκζητῶν</span> <span class='ocrx_word' id='word_1_319' title='bbox 737 4410 809 4464; x_wconf 84' lang='grc' dir='ltr'>τὰ</span> <span class='ocrx_word' id='word_1_320' title='bbox 835 4411 1055 4480; x_wconf 78' lang='grc' dir='ltr'>αἵματα</span> <span class='ocrx_word' id='word_1_321' title='bbox 1090 4410 1290 4467; x_wconf 82' lang='grc' dir='ltr'>αὐτῶν</span> <span class='ocrx_word' id='word_1_322' title='bbox 1315 4414 1606 4486; x_wconf 79' lang='grc' dir='ltr'><strong>ἐμνήσθη.</strong></span> <span class='ocrx_word' id='word_1_323' title='bbox 1671 4418 1752 4472; x_wconf 68' lang='lat' dir='ltr'><strong>ra</strong></span> 
     </span>
    </p>
   </div>
   <div class='ocr_carea' id='block_1_45' title="bbox 184 4498 1748 4584">
    <p class='ocr_par' dir='ltr' id='par_1_45' title="bbox 184 4498 1748 4584">
     <span class='ocr_line' id='line_1_46' title="bbox 184 4498 1748 4584; baseline 0.01 -34"><span class='ocrx_word' id='word_1_324' title='bbox 184 4498 400 4568; x_wconf 77' lang='grc' dir='ltr'>αἵματα,</span> <span class='ocrx_word' id='word_1_325' title='bbox 435 4502 591 4572; x_wconf 76' lang='grc' dir='ltr'>φησὶ,</span> <span class='ocrx_word' id='word_1_326' title='bbox 619 4501 687 4555; x_wconf 73' lang='grc' dir='ltr'><strong>τὰ</strong></span> <span class='ocrx_word' id='word_1_327' title='bbox 711 4502 851 4574; x_wconf 76' lang='grc' dir='ltr'>ὑπὲρ</span> <span class='ocrx_word' id='word_1_328' title='bbox 883 4503 1048 4559; x_wconf 72' lang='grc' dir='ltr'>αὑτοῦ</span> <span class='ocrx_word' id='word_1_329' title='bbox 1080 4507 1419 4577; x_wconf 83' lang='grc' dir='ltr'>ἐκκεχυμένα</span> <span class='ocrx_word' id='word_1_330' title='bbox 1461 4509 1748 4584; x_wconf 77' lang='grc' dir='ltr'>ἐκζητήσει</span> 
     </span>
    </p>
   </div>
   <div class='ocr_carea' id='block_1_46' title="bbox 183 4587 898 4658">
    <p class='ocr_par' dir='ltr' id='par_1_46' title="bbox 183 4587 898 4658">
     <span class='ocr_line' id='line_1_47' title="bbox 183 4587 898 4658; baseline 0.013 -19"><span class='ocrx_word' id='word_1_331' title='bbox 183 4587 268 4642; x_wconf 75' lang='grc' dir='ltr'><strong>ἐπὶ</strong></span> <span class='ocrx_word' id='word_1_332' title='bbox 296 4591 358 4643; x_wconf 74' lang='grc' dir='ltr'><strong>τὸ</strong></span> <span class='ocrx_word' id='word_1_333' title='bbox 380 4593 626 4656; x_wconf 82' lang='grc' dir='ltr'>ἐκδικίας</span> <span class='ocrx_word' id='word_1_334' title='bbox 649 4594 898 4658; x_wconf 83' lang='grc' dir='ltr'>ἀξιῶσαι.</span> 
     </span>
    </p>
   </div>
   <div class='ocr_carea' id='block_1_47' title="bbox 247 4678 1748 4759">
    <p class='ocr_par' dir='ltr' id='par_1_47' title="bbox 247 4678 1748 4759">
     <span class='ocr_line' id='line_1_48' title="bbox 247 4678 1748 4759; baseline 0.009 -25"><span class='ocrx_word' id='word_1_335' title='bbox 247 4678 405 4752; x_wconf 80' lang='grc' dir='ltr'><strong>[Οὐκ</strong></span> <span class='ocrx_word' id='word_1_336' title='bbox 441 4681 767 4738; x_wconf 77' lang='grc' dir='ltr'>ἐπελάθετο</span> <span class='ocrx_word' id='word_1_337' title='bbox 823 4683 934 4752; x_wconf 83' lang='grc' dir='ltr'>τῆς</span> <span class='ocrx_word' id='word_1_338' title='bbox 983 4684 1246 4754; x_wconf 79' lang='grc' dir='ltr'>δεήσεως</span> <span class='ocrx_word' id='word_1_339' title='bbox 1294 4687 1411 4742; x_wconf 84' lang='grc' dir='ltr'><strong>τῶν</strong></span> <span class='ocrx_word' id='word_1_340' title='bbox 1456 4692 1748 4759; x_wconf 72' lang='grc' dir='ltr'>πενήτων.</span> 
     </span>
    </p>
   </div>
   <div class='ocr_carea' id='block_1_48' title="bbox 184 4773 1751 4855">
    <p class='ocr_par' dir='ltr' id='par_1_48' title="bbox 184 4773 1751 4855">
     <span class='ocr_line' id='line_1_49' title="bbox 184 4773 1751 4855; baseline 0.01 -30"><span class='ocrx_word' id='word_1_341' title='bbox 184 4773 421 4844; x_wconf 82' lang='grc' dir='ltr'>Πένητας</span> <span class='ocrx_word' id='word_1_342' title='bbox 443 4773 605 4827; x_wconf 79' lang='grc' dir='ltr'>πάλιν</span> <span class='ocrx_word' id='word_1_343' title='bbox 630 4776 755 4839; x_wconf 72' lang='grc' dir='ltr'>τοὺς</span> <span class='ocrx_word' id='word_1_344' title='bbox 783 4774 850 4829; x_wconf 87' lang='grc' dir='ltr'><strong>δι’</strong></span> <span class='ocrx_word' id='word_1_345' title='bbox 881 4777 1042 4829; x_wconf 82' lang='grc' dir='ltr'>αὑτὸν</span> <span class='ocrx_word' id='word_1_346' title='bbox 1069 4779 1448 4849; x_wconf 69' lang='grc' dir='ltr'><strong>¹ιι-τωχειέοντόις</strong></span> <span class='ocrx_word' id='word_1_347' title='bbox 1486 4802 1669 4855; x_wconf 79' lang='grc' dir='ltr'>φησιν,</span> <span class='ocrx_word' id='word_1_348' title='bbox 1701 4789 1751 4841; x_wconf 85' lang='grc' dir='ltr'>οἳ</span> 
     </span>
    </p>
   </div>
   <div class='ocr_carea' id='block_1_49' title="bbox 185 4863 1747 4944">
    <p class='ocr_par' dir='ltr' id='par_1_49' title="bbox 185 4863 1747 4944">
     <span class='ocr_line' id='line_1_50' title="bbox 185 4863 1747 4944; baseline 0.01 -28"><span class='ocrx_word' id='word_1_349' title='bbox 185 4863 270 4917; x_wconf 77' lang='grc' dir='ltr'>καὶ</span> <span class='ocrx_word' id='word_1_350' title='bbox 302 4865 390 4918; x_wconf 90' lang='grc' dir='ltr'><strong>διά</strong></span> <span class='ocrx_word' id='word_1_351' title='bbox 440 4865 641 4929; x_wconf 82' lang='grc' dir='ltr'>παντὸς</span> <span class='ocrx_word' id='word_1_352' title='bbox 695 4865 793 4931; x_wconf 85' lang='grc' dir='ltr'><strong>τάς</strong></span> <span class='ocrx_word' id='word_1_353' title='bbox 849 4868 986 4939; x_wconf 76' lang='grc' dir='ltr'>πρὸς</span> <span class='ocrx_word' id='word_1_354' title='bbox 1008 4869 1168 4923; x_wconf 79' lang='grc' dir='ltr'>αὐτὸν</span> <span class='ocrx_word' id='word_1_355' title='bbox 1214 4872 1420 4936; x_wconf 89' lang='grc' dir='ltr'>ίκεσίας</span> <span class='ocrx_word' id='word_1_356' title='bbox 1451 4877 1747 4944; x_wconf 76' lang='grc' dir='ltr'>ποιοῦντες,</span> 
     </span>
    </p>
   </div>
   <div class='ocr_carea' id='block_1_50' title="bbox 183 4952 1751 5040">
    <p class='ocr_par' dir='ltr' id='par_1_50' title="bbox 183 4952 1751 5040">
     <span class='ocr_line' id='line_1_51' title="bbox 183 4952 1751 5040; baseline 0.011 -34"><span class='ocrx_word' id='word_1_357' title='bbox 183 4952 452 5027; x_wconf 66' lang='grc' dir='ltr'>ἐκδίκησιν</span> <span class='ocrx_word' id='word_1_358' title='bbox 479 4956 588 5008; x_wconf 87' lang='grc' dir='ltr'><strong>τῶν</strong></span> <span class='ocrx_word' id='word_1_359' title='bbox 627 4959 747 5010; x_wconf 82' lang='grc' dir='ltr'>κατ’</span> <span class='ocrx_word' id='word_1_360' title='bbox 770 4958 950 5012; x_wconf 79' lang='grc' dir='ltr'>αὐτῶν</span> <span class='ocrx_word' id='word_1_361' title='bbox 983 4961 1290 5031; x_wconf 86' lang='grc' dir='ltr'>γενομένων</span> <span class='ocrx_word' id='word_1_362' title='bbox 1341 4964 1562 5020; x_wconf 84' lang='grc' dir='ltr'>ἀδικιῶν</span> <span class='ocrx_word' id='word_1_363' title='bbox 1601 4972 1751 5040; x_wconf 73' lang='grc' dir='ltr'>παρὰ</span> 
     </span>
    </p>
   </div>
   <div class='ocr_carea' id='block_1_51' title="bbox 183 5044 931 5122">
    <p class='ocr_par' dir='ltr' id='par_1_51' title="bbox 183 5044 931 5122">
     <span class='ocr_line' id='line_1_52' title="bbox 183 5044 931 5122; baseline 0.011 -27"><span class='ocrx_word' id='word_1_364' title='bbox 183 5044 281 5097; x_wconf 85' lang='grc' dir='ltr'><strong>τῶν</strong></span> <span class='ocrx_word' id='word_1_365' title='bbox 308 5046 581 5118; x_wconf 83' lang='grc' dir='ltr'>δαιμόνων</span> <span class='ocrx_word' id='word_1_366' title='bbox 607 5047 931 5122; x_wconf 82' lang='grc' dir='ltr'>αἰτοῦντες.]</span> 
     </span>
    </p>
   </div>
   <div class='ocr_carea' id='block_1_52' title="bbox 258 5139 1746 5213">
    <p class='ocr_par' dir='ltr' id='par_1_52' title="bbox 258 5139 1746 5213">
     <span class='ocr_line' id='line_1_53' title="bbox 258 5139 1746 5213; baseline 0.014 -21"><span class='ocrx_word' id='word_1_367' title='bbox 258 5139 318 5192; x_wconf 89' lang='lat'><strong>&#39;0</strong></span> <span class='ocrx_word' id='word_1_368' title='bbox 349 5141 527 5209; x_wconf 63' lang='grc' dir='ltr'>ὑψῶν</span> <span class='ocrx_word' id='word_1_369' title='bbox 551 5160 628 5212; x_wconf 82' lang='grc' dir='ltr'><strong>με</strong></span> <span class='ocrx_word' id='word_1_370' title='bbox 669 5143 736 5196; x_wconf 82' lang='grc' dir='ltr'><strong>ἐκ</strong></span> <span class='ocrx_word' id='word_1_371' title='bbox 767 5143 885 5197; x_wconf 86' lang='grc' dir='ltr'><strong>τῶν</strong></span> <span class='ocrx_word' id='word_1_372' title='bbox 935 5145 1146 5200; x_wconf 74' lang='grc' dir='ltr'>πυλών</span> <span class='ocrx_word' id='word_1_373' title='bbox 1189 5149 1296 5203; x_wconf 85' lang='grc' dir='ltr'><strong>τοῦ</strong></span> <span class='ocrx_word' id='word_1_374' title='bbox 1337 5153 1614 5210; x_wconf 80' lang='grc' dir='ltr'>θανάτου.</span> <span class='ocrx_word' id='word_1_375' title='bbox 1649 5159 1746 5213; x_wconf 81' lang='grc' dir='ltr'>Διά</span> 
     </span>
    </p>
   </div>
   <div class='ocr_carea' id='block_1_53' title="bbox 182 5228 1746 5323">
    <p class='ocr_par' dir='ltr' id='par_1_53' title="bbox 182 5228 1746 5323">
     <span class='ocr_line' id='line_1_54' title="bbox 182 5228 1746 5323; baseline 0.015 -42"><span class='ocrx_word' id='word_1_376' title='bbox 182 5228 328 5323; x_wconf 82' lang='grc' dir='ltr'>τοῦτο</span> <span class='ocrx_word' id='word_1_377' title='bbox 357 5231 593 5323; x_wconf 80' lang='grc' dir='ltr'>ἐγείρεις</span> <span class='ocrx_word' id='word_1_378' title='bbox 615 5235 679 5286; x_wconf 81' lang='grc' dir='ltr'><strong>ἐκ</strong></span> <span class='ocrx_word' id='word_1_379' title='bbox 709 5233 813 5306; x_wconf 84' lang='grc' dir='ltr'>γῆς</span> <span class='ocrx_word' id='word_1_380' title='bbox 835 5237 1238 5306; x_wconf 73' lang='grc' dir='ltr'>ταπεινώσεως,</span> <span class='ocrx_word' id='word_1_381' title='bbox 1281 5242 1367 5297; x_wconf 87' lang='grc' dir='ltr'><strong>ῖνα</strong></span> <span class='ocrx_word' id='word_1_382' title='bbox 1395 5247 1461 5316; x_wconf 77' lang='grc' dir='ltr'>τῇ</span> <span class='ocrx_word' id='word_1_383' title='bbox 1511 5249 1746 5323; x_wconf 87' lang='grc' dir='ltr'>ἐπουρα-</span> 
     </span>
    </p>
   </div>
   <div class='ocr_carea' id='block_1_54' title="bbox 183 5321 827 5394">
    <p class='ocr_par' dir='ltr' id='par_1_54' title="bbox 183 5321 827 5394">
     <span class='ocr_line' id='line_1_55' title="bbox 183 5321 827 5394; baseline 0.012 -23"><span class='ocrx_word' id='word_1_384' title='bbox 183 5322 271 5390; x_wconf 81' lang='grc' dir='ltr'><strong>νίῳ</strong></span> <span class='ocrx_word' id='word_1_385' title='bbox 297 5321 646 5394; x_wconf 71' lang='grc' dir='ltr'>συγχορειὸσω</span> <span class='ocrx_word' id='word_1_386' title='bbox 666 5325 827 5379; x_wconf 86' lang='grc' dir='ltr'>Σιών.</span> 
     </span>
    </p>
   </div>
   <div class='ocr_carea' id='block_1_55' title="bbox 250 5411 1744 5499">
    <p class='ocr_par' dir='ltr' id='par_1_55' title="bbox 250 5411 1744 5499">
     <span class='ocr_line' id='line_1_56' title="bbox 250 5411 1744 5499; baseline 0.013 -36"><span class='ocrx_word' id='word_1_387' title='bbox 250 5411 266 5484; x_wconf 94' lang='grc'>[</span> <span class='ocrx_word' id='word_1_388' title='bbox 293 5415 388 5464; x_wconf 82' lang='grc' dir='ltr'>Ἐν</span> <span class='ocrx_word' id='word_1_389' title='bbox 443 5417 663 5482; x_wconf 65' lang='grc' dir='ltr'>πύλαις</span> <span class='ocrx_word' id='word_1_390' title='bbox 703 5415 812 5484; x_wconf 82' lang='grc' dir='ltr'>τῆς</span> <span class='ocrx_word' id='word_1_391' title='bbox 838 5419 1128 5487; x_wconf 76' lang='grc' dir='ltr'>θυγατρὸς</span> <span class='ocrx_word' id='word_1_392' title='bbox 1154 5422 1324 5477; x_wconf 83' lang='grc' dir='ltr'>Σιών.</span> <span class='ocrx_word' id='word_1_393' title='bbox 1376 5425 1462 5478; x_wconf 81' lang='grc' dir='ltr'>Ἑν</span> <span class='ocrx_word' id='word_1_394' title='bbox 1491 5432 1556 5499; x_wconf 80' lang='grc' dir='ltr'>τῇ</span> <span class='ocrx_word' id='word_1_395' title='bbox 1587 5431 1744 5483; x_wconf 82' lang='grc' dir='ltr'>ἐπου-</span> 
     </span>
    </p>
   </div>
   <div class='ocr_carea' id='block_1_56' title="bbox 187 5507 1749 5593">
    <p class='ocr_par' dir='ltr' id='par_1_56' title="bbox 187 5507 1749 5593">
     <span class='ocr_line' id='line_1_57' title="bbox 187 5507 1749 5593; baseline 0.014 -38"><span class='ocrx_word' id='word_1_396' title='bbox 187 5507 342 5575; x_wconf 80' lang='grc' dir='ltr'>ρανίῳ</span> <span class='ocrx_word' id='word_1_397' title='bbox 376 5507 750 5581; x_wconf 86' lang='grc' dir='ltr'>Ἰερουσαλήμ.</span> <span class='ocrx_word' id='word_1_398' title='bbox 794 5510 886 5579; x_wconf 82' lang='grc' dir='ltr'><strong>Τὸ,</strong></span> <span class='ocrx_word' id='word_1_399' title='bbox 911 5511 1264 5583; x_wconf 60' lang='lat' dir='ltr'><strong>istan-alla),</strong></span> <span class='ocrx_word' id='word_1_400' title='bbox 1300 5518 1420 5572; x_wconf 78' lang='grc' dir='ltr'>ἀντὶ</span> <span class='ocrx_word' id='word_1_401' title='bbox 1457 5519 1551 5573; x_wconf 81' lang='grc' dir='ltr'><strong>τοῦ</strong></span> <span class='ocrx_word' id='word_1_402' title='bbox 1573 5562 1586 5587; x_wconf 91' lang='grc'><strong>,</strong></span> <span class='ocrx_word' id='word_1_403' title='bbox 1625 5539 1749 5593; x_wconf 86' lang='grc' dir='ltr'>χρο-</span> 
     </span>
    </p>
   </div>
   <div class='ocr_carea' id='block_1_57' title="bbox 183 5595 749 5680">
    <p class='ocr_par' dir='ltr' id='par_1_57' title="bbox 183 5595 749 5680">
     <span class='ocr_line' id='line_1_58' title="bbox 183 5595 749 5680; baseline 0.002 -29"><span class='ocrx_word' id='word_1_404' title='bbox 183 5595 298 5661; x_wconf 83' lang='grc' dir='ltr'>νῐως</span> <span class='ocrx_word' id='word_1_405' title='bbox 337 5597 589 5672; x_wconf 59' lang='grc' dir='ltr'>ᾄσομαι]</span> <span class='ocrx_word' id='word_1_406' title='bbox 744 5672 749 5680; x_wconf 35' lang='grc'><strong>1</strong></span> 
     </span>
    </p>
   </div>
   <div class='ocr_carea' id='block_1_58' title="bbox 247 5689 1748 5780">
    <p class='ocr_par' dir='ltr' id='par_1_58' title="bbox 247 5689 1748 5780">
     <span class='ocr_line' id='line_1_59' title="bbox 247 5689 1748 5780; baseline 0.014 -39"><span class='ocrx_word' id='word_1_407' title='bbox 247 5689 607 5744; x_wconf 78' lang='grc' dir='ltr'>Γινώσκεται</span> <span class='ocrx_word' id='word_1_408' title='bbox 636 5693 852 5761; x_wconf 82' lang='grc' dir='ltr'>Κύριος</span> <span class='ocrx_word' id='word_1_409' title='bbox 877 5695 1129 5765; x_wconf 78' lang='grc' dir='ltr'>κρίματα</span> <span class='ocrx_word' id='word_1_410' title='bbox 1167 5699 1368 5755; x_wconf 82' lang='grc' dir='ltr'>ποιῶν.</span> <span class='ocrx_word' id='word_1_411' title='bbox 1409 5703 1600 5775; x_wconf 81' lang='grc' dir='ltr'>Κρίμα</span> <span class='ocrx_word' id='word_1_412' title='bbox 1641 5706 1748 5780; x_wconf 80' lang='grc' dir='ltr'><strong>γὰρ</strong></span> 
     </span>
    </p>
   </div>
   <div class='ocr_carea' id='block_1_59' title="bbox 184 5776 1748 5863">
    <p class='ocr_par' dir='ltr' id='par_1_59' title="bbox 184 5776 1748 5863">
     <span class='ocr_line' id='line_1_60' title="bbox 184 5776 1748 5863; baseline 0.013 -29"><span class='ocrx_word' id='word_1_413' title='bbox 184 5776 387 5852; x_wconf 70' lang='grc' dir='ltr'>ἀληθῶς</span> <span class='ocrx_word' id='word_1_414' title='bbox 419 5783 631 5838; x_wconf 83' lang='grc' dir='ltr'>δίκαιον</span> <span class='ocrx_word' id='word_1_415' title='bbox 671 5785 732 5838; x_wconf 80' lang='grc' dir='ltr'>τὸ</span> <span class='ocrx_word' id='word_1_416' title='bbox 759 5787 883 5850; x_wconf 82' lang='grc' dir='ltr'>τοὺς</span> <span class='ocrx_word' id='word_1_417' title='bbox 919 5792 1432 5858; x_wconf 80' lang='grc' dir='ltr'>κατασκευάσαντας</span> <span class='ocrx_word' id='word_1_418' title='bbox 1479 5776 1748 5863; x_wconf 81' lang='grc' dir='ltr'>ἀνθρώπω</span> 
     </span>
    </p>
   </div>
   <div class='ocr_carea' id='block_1_60' title="bbox 250 5895 1220 5970">
    <p class='ocr_par' dir='ltr' id='par_1_60' title="bbox 250 5895 1220 5970">
     <span class='ocr_line' id='line_1_61' title="bbox 250 5895 1220 5970; baseline 0.012 -21"><span class='ocrx_word' id='word_1_419' title='bbox 250 5895 407 5952; x_wconf 81' lang='lat' dir='ltr'><strong>&quot;lsa.</strong></span> <span class='ocrx_word' id='word_1_420' title='bbox 453 5913 581 5964; x_wconf 76' lang='lat' dir='ltr'><strong>xxv,</strong></span> <span class='ocrx_word' id='word_1_421' title='bbox 621 5899 678 5956; x_wconf 77' lang='grc'>2.</span> <span class='ocrx_word' id='word_1_422' title='bbox 755 5903 824 5936; x_wconf 73' lang='grc'><strong>⁸⁸⁸</strong></span> <span class='ocrx_word' id='word_1_423' title='bbox 857 5900 959 5958; x_wconf 87' lang='lat' dir='ltr'><strong>lsa.</strong></span> <span class='ocrx_word' id='word_1_424' title='bbox 988 5920 1136 5970; x_wconf 71' lang='grc' dir='ltr'>ιιη,</span> <span class='ocrx_word' id='word_1_425' title='bbox 1167 5906 1220 5961; x_wconf 75' lang='lat'><strong>2.</strong></span> 
     </span>
    </p>
   </div>
   <div class='ocr_carea' id='block_1_61' title="bbox 1870 640 3439 728">
    <p class='ocr_par' dir='ltr' id='par_1_61' title="bbox 1870 640 3439 728">
     <span class='ocr_line' id='line_1_62' title="bbox 1870 640 3439 728; baseline -0.012 -16"><span class='ocrx_word' id='word_1_426' title='bbox 1870 667 2034 728; x_wconf 91' lang='lat' dir='ltr'><strong>atque</strong></span> <span class='ocrx_word' id='word_1_427' title='bbox 2062 653 2238 710; x_wconf 91' lang='lat' dir='ltr'><strong>deleto</strong></span> <span class='ocrx_word' id='word_1_428' title='bbox 2283 650 2535 706; x_wconf 85' lang='lat' dir='ltr'><strong>altarium</strong></span> <span class='ocrx_word' id='word_1_429' title='bbox 2571 648 2691 718; x_wconf 84' lang='lat' dir='ltr'><strong>ejus</strong></span> <span class='ocrx_word' id='word_1_430' title='bbox 2715 644 2924 699; x_wconf 87' lang='lat' dir='ltr'><strong>nidore.</strong></span> <span class='ocrx_word' id='word_1_431' title='bbox 2957 640 3254 712; x_wconf 84' lang='lat' dir='ltr'><strong>Postquam</strong></span> <span class='ocrx_word' id='word_1_432' title='bbox 3293 640 3439 695; x_wconf 87' lang='lat' dir='ltr'><strong>enim</strong></span> 
     </span>
    </p>
   </div>
   <div class='ocr_carea' id='block_1_62' title="bbox 1870 738 3439 821">
    <p class='ocr_par' dir='ltr' id='par_1_62' title="bbox 1870 738 3439 821">
     <span class='ocr_line' id='line_1_63' title="bbox 1870 738 3439 821; baseline -0.01 -16"><span class='ocrx_word' id='word_1_433' title='bbox 1870 748 2402 821; x_wconf 31' lang='lat' dir='ltr'><strong>gentes&#39;increpataa,</strong></span> <span class='ocrx_word' id='word_1_434' title='bbox 2439 750 2494 796; x_wconf 84' lang='lat' dir='ltr'><strong>et</strong></span> <span class='ocrx_word' id='word_1_435' title='bbox 2539 739 2606 795; x_wconf 91' lang='lat' dir='ltr'><strong>ad</strong></span> <span class='ocrx_word' id='word_1_436' title='bbox 2639 738 2929 794; x_wconf 88' lang='lat' dir='ltr'><strong>Dominum</strong></span> <span class='ocrx_word' id='word_1_437' title='bbox 2966 749 3242 790; x_wconf 59' lang='lat' dir='ltr'><strong>conversa</strong></span> <span class='ocrx_word' id='word_1_438' title='bbox 3287 743 3439 789; x_wconf 87' lang='lat' dir='ltr'><strong>sunt.</strong></span> 
     </span>
    </p>
   </div>
   <div class='ocr_carea' id='block_1_63' title="bbox 1867 827 3438 911">
    <p class='ocr_par' dir='ltr' id='par_1_63' title="bbox 1867 827 3438 911">
     <span class='ocr_line' id='line_1_64' title="bbox 1867 827 3438 911; baseline -0.011 -17"><span class='ocrx_word' id='word_1_439' title='bbox 1867 841 1958 911; x_wconf 86' lang='lat' dir='ltr'><strong>qui</strong></span> <span class='ocrx_word' id='word_1_440' title='bbox 1999 840 2053 894; x_wconf 91' lang='lat' dir='ltr'><strong>in</strong></span> <span class='ocrx_word' id='word_1_441' title='bbox 2088 838 2224 908; x_wconf 86' lang='lat' dir='ltr'><strong>ipsis</strong></span> <span class='ocrx_word' id='word_1_442' title='bbox 2273 841 2457 904; x_wconf 90' lang='lat' dir='ltr'><strong>utpote</strong></span> <span class='ocrx_word' id='word_1_443' title='bbox 2501 828 2937 900; x_wconf 76' lang='lat' dir='ltr'><strong>inobsequentia:</strong></span> <span class='ocrx_word' id='word_1_444' title='bbox 2983 827 3109 880; x_wconf 80' lang='lat' dir='ltr'><strong>[iliis</strong></span> <span class='ocrx_word' id='word_1_445' title='bbox 3141 827 3250 880; x_wconf 91' lang='lat' dir='ltr'><strong>vim</strong></span> <span class='ocrx_word' id='word_1_446' title='bbox 3281 840 3438 880; x_wconf 89' lang='lat' dir='ltr'><strong>suam</strong></span> 
     </span>
    </p>
   </div>
   <div class='ocr_carea' id='block_1_64' title="bbox 1866 919 3437 996">
    <p class='ocr_par' dir='ltr' id='par_1_64' title="bbox 1866 919 3437 996">
     <span class='ocr_line' id='line_1_65' title="bbox 1866 919 3437 996; baseline -0.011 -8"><span class='ocrx_word' id='word_1_447' title='bbox 1866 933 2175 996; x_wconf 81' lang='lat' dir='ltr'><strong>exercebat,</strong></span> <span class='ocrx_word' id='word_1_448' title='bbox 2234 928 2485 984; x_wconf 89' lang='lat' dir='ltr'><strong>diabolus</strong></span> <span class='ocrx_word' id='word_1_449' title='bbox 2542 925 2774 987; x_wconf 85' lang='lat' dir='ltr'><strong>scilicet,</strong></span> <span class='ocrx_word' id='word_1_450' title='bbox 2829 937 2936 977; x_wconf 88' lang='lat' dir='ltr'><strong>una</strong></span> <span class='ocrx_word' id='word_1_451' title='bbox 2993 935 3118 975; x_wconf 92' lang='lat' dir='ltr'><strong>cum</strong></span> <span class='ocrx_word' id='word_1_452' title='bbox 3167 919 3437 974; x_wconf 85' lang='lat' dir='ltr'><strong>idolorum</strong></span> 
     </span>
    </p>
   </div>
   <div class='ocr_carea' id='block_1_65' title="bbox 1866 1009 3440 1094">
    <p class='ocr_par' dir='ltr' id='par_1_65' title="bbox 1866 1009 3440 1094">
     <span class='ocr_line' id='line_1_66' title="bbox 1866 1009 3440 1094; baseline -0.011 -14"><span class='ocrx_word' id='word_1_453' title='bbox 1866 1024 2084 1094; x_wconf 86' lang='lat' dir='ltr'><strong>templis</strong></span> <span class='ocrx_word' id='word_1_454' title='bbox 2124 1021 2305 1093; x_wconf 88' lang='lat' dir='ltr'><strong>periit,</strong></span> <span class='ocrx_word' id='word_1_455' title='bbox 2354 1034 2476 1090; x_wconf 66' lang='lat' dir='ltr'><strong>qum</strong></span> <span class='ocrx_word' id='word_1_456' title='bbox 2516 1033 2617 1072; x_wconf 90' lang='lat' dir='ltr'><strong>ceu</strong></span> <span class='ocrx_word' id='word_1_457' title='bbox 2662 1016 2912 1071; x_wconf 83' lang='lat' dir='ltr'><strong>civitates</strong></span> <span class='ocrx_word' id='word_1_458' title='bbox 2942 1011 3210 1083; x_wconf 70' lang='lat' dir='ltr'><strong>quaedam,</strong></span> <span class='ocrx_word' id='word_1_459' title='bbox 3265 1009 3440 1064; x_wconf 85' lang='lat' dir='ltr'><strong>conti-</strong></span> 
     </span>
    </p>
   </div>
   <div class='ocr_carea' id='block_1_66' title="bbox 1866 1100 3436 1183">
    <p class='ocr_par' dir='ltr' id='par_1_66' title="bbox 1866 1100 3436 1183">
     <span class='ocr_line' id='line_1_67' title="bbox 1866 1100 3436 1183; baseline -0.012 -11"><span class='ocrx_word' id='word_1_460' title='bbox 1866 1117 2071 1172; x_wconf 91' lang='lat' dir='ltr'><strong>nebant</strong></span> <span class='ocrx_word' id='word_1_461' title='bbox 2101 1129 2198 1169; x_wconf 90' lang='lat' dir='ltr'><strong>eos</strong></span> <span class='ocrx_word' id='word_1_462' title='bbox 2223 1114 2318 1183; x_wconf 87' lang='lat' dir='ltr'><strong>qui</strong></span> <span class='ocrx_word' id='word_1_463' title='bbox 2355 1110 2690 1182; x_wconf 84' lang='lat' dir='ltr'><strong>impietatem</strong></span> <span class='ocrx_word' id='word_1_464' title='bbox 2735 1106 3106 1163; x_wconf 87' lang='lat' dir='ltr'><strong>sectabamur.</strong></span> <span class='ocrx_word' id='word_1_465' title='bbox 3134 1100 3313 1171; x_wconf 79' lang='lat' dir='ltr'><strong>Atque</strong></span> <span class='ocrx_word' id='word_1_466' title='bbox 3363 1101 3436 1154; x_wconf 87' lang='lat' dir='ltr'><strong>ita</strong></span> 
     </span>
    </p>
   </div>
   <div class='ocr_carea' id='block_1_67' title="bbox 1864 1201 3440 1276">
    <p class='ocr_par' dir='ltr' id='par_1_67' title="bbox 1864 1201 3440 1276">
     <span class='ocr_line' id='line_1_68' title="bbox 1864 1201 3440 1276; baseline -0.014 -9"><span class='ocrx_word' id='word_1_467' title='bbox 1864 1212 2040 1268; x_wconf 89' lang='lat' dir='ltr'><strong>deleta</strong></span> <span class='ocrx_word' id='word_1_468' title='bbox 2071 1218 2222 1276; x_wconf 89' lang='lat' dir='ltr'><strong>sunt,</strong></span> <span class='ocrx_word' id='word_1_469' title='bbox 2252 1217 2314 1263; x_wconf 88' lang='lat' dir='ltr'><strong>ut</strong></span> <span class='ocrx_word' id='word_1_470' title='bbox 2340 1223 2408 1262; x_wconf 90' lang='lat' dir='ltr'><strong>ne</strong></span> <span class='ocrx_word' id='word_1_471' title='bbox 2432 1205 2722 1275; x_wconf 76' lang='lat' dir='ltr'><strong>vestigium</strong></span> <span class='ocrx_word' id='word_1_472' title='bbox 2745 1201 2966 1272; x_wconf 84' lang='lat' dir='ltr'><strong>quidem</strong></span> <span class='ocrx_word' id='word_1_473' title='bbox 2998 1213 3188 1254; x_wconf 90' lang='lat' dir='ltr'><strong>eorum</strong></span> <span class='ocrx_word' id='word_1_474' title='bbox 3222 1209 3440 1251; x_wconf 88' lang='lat' dir='ltr'><strong>reman-</strong></span> 
     </span>
    </p>
   </div>
   <div class='ocr_carea' id='block_1_68' title="bbox 1865 1287 3437 1366">
    <p class='ocr_par' dir='ltr' id='par_1_68' title="bbox 1865 1287 3437 1366">
     <span class='ocr_line' id='line_1_69' title="bbox 1865 1287 3437 1366; baseline -0.013 -9"><span class='ocrx_word' id='word_1_475' title='bbox 1865 1302 2017 1357; x_wconf 86' lang='lat' dir='ltr'><strong>serit.</strong></span> <span class='ocrx_word' id='word_1_476' title='bbox 2051 1299 2236 1354; x_wconf 88' lang='lat' dir='ltr'><strong>Potest</strong></span> <span class='ocrx_word' id='word_1_477' title='bbox 2267 1298 2401 1352; x_wconf 90' lang='lat' dir='ltr'><strong>illud</strong></span> <span class='ocrx_word' id='word_1_478' title='bbox 2435 1296 2503 1351; x_wconf 92' lang='lat' dir='ltr'><strong>de</strong></span> <span class='ocrx_word' id='word_1_479' title='bbox 2538 1303 2815 1366; x_wconf 89' lang='lat' dir='ltr'><strong>postremo</strong></span> <span class='ocrx_word' id='word_1_480' title='bbox 2850 1303 3070 1360; x_wconf 89' lang='lat' dir='ltr'><strong>quoque</strong></span> <span class='ocrx_word' id='word_1_481' title='bbox 3097 1287 3306 1358; x_wconf 80' lang='lat' dir='ltr'><strong>judicio</strong></span> <span class='ocrx_word' id='word_1_482' title='bbox 3338 1300 3437 1339; x_wconf 73' lang='lat' dir='ltr'><strong>ex-</strong></span> 
     </span>
    </p>
   </div>
   <div class='ocr_carea' id='block_1_69' title="bbox 1866 1376 3434 1462">
    <p class='ocr_par' dir='ltr' id='par_1_69' title="bbox 1866 1376 3434 1462">
     <span class='ocr_line' id='line_1_70' title="bbox 1866 1376 3434 1462; baseline -0.01 -17"><span class='ocrx_word' id='word_1_483' title='bbox 1866 1392 2052 1462; x_wconf 90' lang='lat' dir='ltr'><strong>plicari</strong></span> <span class='ocrx_word' id='word_1_484' title='bbox 2084 1408 2099 1458; x_wconf 89' lang='lat'>;</span> <span class='ocrx_word' id='word_1_485' title='bbox 2136 1400 2264 1445; x_wconf 91' lang='lat' dir='ltr'><strong>tunc</strong></span> <span class='ocrx_word' id='word_1_486' title='bbox 2295 1391 2440 1444; x_wconf 89' lang='lat' dir='ltr'><strong>enim</strong></span> <span class='ocrx_word' id='word_1_487' title='bbox 2485 1383 2780 1454; x_wconf 87' lang='lat' dir='ltr'><strong>increpatis</strong></span> <span class='ocrx_word' id='word_1_488' title='bbox 2809 1379 3208 1452; x_wconf 86' lang='lat' dir='ltr'><strong>peccatoribus,</strong></span> <span class='ocrx_word' id='word_1_489' title='bbox 3239 1376 3434 1451; x_wconf 86' lang='lat' dir='ltr'><strong>diabo-</strong></span> 
     </span>
    </p>
   </div>
   <div class='ocr_carea' id='block_1_70' title="bbox 1865 1466 3438 1552">
    <p class='ocr_par' dir='ltr' id='par_1_70' title="bbox 1865 1466 3438 1552">
     <span class='ocr_line' id='line_1_71' title="bbox 1865 1466 3438 1552; baseline -0.011 -15"><span class='ocrx_word' id='word_1_490' title='bbox 1865 1484 1974 1548; x_wconf 89' lang='lat' dir='ltr'><strong>lus,</strong></span> <span class='ocrx_word' id='word_1_491' title='bbox 2001 1483 2095 1552; x_wconf 89' lang='lat' dir='ltr'><strong>qui</strong></span> <span class='ocrx_word' id='word_1_492' title='bbox 2123 1480 2344 1551; x_wconf 85' lang='lat' dir='ltr'><strong>proprie</strong></span> <span class='ocrx_word' id='word_1_493' title='bbox 2379 1477 2580 1547; x_wconf 89' lang='lat' dir='ltr'><strong>impius</strong></span> <span class='ocrx_word' id='word_1_494' title='bbox 2619 1474 2792 1538; x_wconf 89' lang='lat' dir='ltr'><strong>audit,</strong></span> <span class='ocrx_word' id='word_1_495' title='bbox 2823 1471 3066 1526; x_wconf 82' lang='lat' dir='ltr'><strong>funditus</strong></span> <span class='ocrx_word' id='word_1_496' title='bbox 3098 1468 3313 1539; x_wconf 85' lang='lat' dir='ltr'><strong>peribit.</strong></span> <span class='ocrx_word' id='word_1_497' title='bbox 3341 1466 3438 1522; x_wconf 68' lang='grc'><strong>(31·-</strong></span> 
     </span>
    </p>
   </div>
   <div class='ocr_carea' id='block_1_71' title="bbox 1863 1558 3439 1640">
    <p class='ocr_par' dir='ltr' id='par_1_71' title="bbox 1863 1558 3439 1640">
     <span class='ocr_line' id='line_1_72' title="bbox 1863 1558 3439 1640; baseline -0.011 -12"><span class='ocrx_word' id='word_1_498' title='bbox 1863 1573 2061 1628; x_wconf 89' lang='lat' dir='ltr'><strong>vitates</strong></span> <span class='ocrx_word' id='word_1_499' title='bbox 2093 1585 2280 1640; x_wconf 90' lang='lat' dir='ltr'><strong>porro,</strong></span> <span class='ocrx_word' id='word_1_500' title='bbox 2316 1568 2604 1632; x_wconf 84' lang='lat' dir='ltr'><strong>exstincta,</strong></span> <span class='ocrx_word' id='word_1_501' title='bbox 2656 1579 2779 1634; x_wconf 63' lang='lat' dir='ltr'><strong>quae</strong></span> <span class='ocrx_word' id='word_1_502' title='bbox 2819 1564 2874 1616; x_wconf 90' lang='lat' dir='ltr'><strong>in</strong></span> <span class='ocrx_word' id='word_1_503' title='bbox 2929 1561 3062 1631; x_wconf 89' lang='lat' dir='ltr'><strong>ipsis</strong></span> <span class='ocrx_word' id='word_1_504' title='bbox 3109 1567 3235 1614; x_wconf 88' lang='lat' dir='ltr'><strong>ante</strong></span> <span class='ocrx_word' id='word_1_505' title='bbox 3259 1558 3439 1613; x_wconf 86' lang='lat' dir='ltr'><strong>domi-</strong></span> 
     </span>
    </p>
   </div>
   <div class='ocr_carea' id='block_1_72' title="bbox 1864 1649 3435 1733">
    <p class='ocr_par' dir='ltr' id='par_1_72' title="bbox 1864 1649 3435 1733">
     <span class='ocr_line' id='line_1_73' title="bbox 1864 1649 3435 1733; baseline -0.011 -12"><span class='ocrx_word' id='word_1_506' title='bbox 1864 1667 2120 1729; x_wconf 87' lang='lat' dir='ltr'><strong>nabatur,</strong></span> <span class='ocrx_word' id='word_1_507' title='bbox 2149 1663 2448 1733; x_wconf 85' lang='lat' dir='ltr'><strong>impietate,</strong></span> <span class='ocrx_word' id='word_1_508' title='bbox 2472 1658 2760 1714; x_wconf 66' lang='lat' dir='ltr'><strong>aedilicium</strong></span> <span class='ocrx_word' id='word_1_509' title='bbox 2785 1655 3004 1725; x_wconf 87' lang='lat' dir='ltr'><strong>pietatis</strong></span> <span class='ocrx_word' id='word_1_510' title='bbox 3027 1649 3435 1721; x_wconf 86' lang='lat' dir='ltr'><strong>susceperunt.]</strong></span> 
     </span>
    </p>
   </div>
   <div class='ocr_carea' id='block_1_73' title="bbox 1935 1743 3438 1823">
    <p class='ocr_par' dir='ltr' id='par_1_73' title="bbox 1935 1743 3438 1823">
     <span class='ocr_line' id='line_1_74' title="bbox 1935 1743 3438 1823; baseline -0.007 -12"><span class='ocrx_word' id='word_1_511' title='bbox 1935 1759 1986 1812; x_wconf 85' lang='lat'><strong>7.</strong></span> <span class='ocrx_word' id='word_1_512' title='bbox 2019 1756 2234 1811; x_wconf 77' lang='lat' dir='ltr'><strong>Inimici</strong></span> <span class='ocrx_word' id='word_1_513' title='bbox 2269 1754 2573 1823; x_wconf 83' lang='lat' dir='ltr'><strong>defecerunt</strong></span> <span class='ocrx_word' id='word_1_514' title='bbox 2621 1752 2837 1820; x_wconf 71' lang='lat' dir='ltr'><strong>framea:</strong></span> <span class='ocrx_word' id='word_1_515' title='bbox 2867 1750 2923 1801; x_wconf 89' lang='lat' dir='ltr'><strong>in</strong></span> <span class='ocrx_word' id='word_1_516' title='bbox 2968 1748 3145 1816; x_wconf 79' lang='lat' dir='ltr'><strong>ﬁnem.</strong></span> <span class='ocrx_word' id='word_1_517' title='bbox 3179 1743 3438 1809; x_wconf 64' lang='lat' dir='ltr'><strong>[frameas</strong></span> 
     </span>
    </p>
   </div>
   <div class='ocr_carea' id='block_1_74' title="bbox 1862 1839 3437 1912">
    <p class='ocr_par' dir='ltr' id='par_1_74' title="bbox 1862 1839 3437 1912">
     <span class='ocr_line' id='line_1_75' title="bbox 1862 1839 3437 1912; baseline -0.01 -6"><span class='ocrx_word' id='word_1_518' title='bbox 1862 1850 2064 1906; x_wconf 91' lang='lat' dir='ltr'><strong>diaboli</strong></span> <span class='ocrx_word' id='word_1_519' title='bbox 2091 1847 2438 1903; x_wconf 85' lang='lat' dir='ltr'><strong>adversarias</strong></span> <span class='ocrx_word' id='word_1_520' title='bbox 2467 1843 2601 1899; x_wconf 88' lang='lat' dir='ltr'><strong>dicit</strong></span> <span class='ocrx_word' id='word_1_521' title='bbox 2629 1851 2947 1912; x_wconf 88' lang='lat' dir='ltr'><strong>potestates,</strong></span> <span class='ocrx_word' id='word_1_522' title='bbox 2990 1839 3194 1909; x_wconf 84' lang='lat' dir='ltr'><strong>quibus</strong></span> <span class='ocrx_word' id='word_1_523' title='bbox 3242 1844 3437 1906; x_wconf 85' lang='lat' dir='ltr'><strong>potens</strong></span> 
     </span>
    </p>
   </div>
   <div class='ocr_carea' id='block_1_75' title="bbox 1863 1934 3438 2011">
    <p class='ocr_par' dir='ltr' id='par_1_75' title="bbox 1863 1934 3438 2011">
     <span class='ocr_line' id='line_1_76' title="bbox 1863 1934 3438 2011; baseline -0.008 -17"><span class='ocrx_word' id='word_1_524' title='bbox 1863 1941 1951 1995; x_wconf 91' lang='lat' dir='ltr'><strong>ille</strong></span> <span class='ocrx_word' id='word_1_525' title='bbox 1978 1949 2082 1996; x_wconf 89' lang='lat' dir='ltr'><strong>est.</strong></span> <span class='ocrx_word' id='word_1_526' title='bbox 2117 1937 2399 2011; x_wconf 82' lang='lat' dir='ltr'><strong>[Civitates</strong></span> <span class='ocrx_word' id='word_1_527' title='bbox 2427 1946 2556 1990; x_wconf 89' lang='lat' dir='ltr'><strong>sunt</strong></span> <span class='ocrx_word' id='word_1_528' title='bbox 2581 1934 2906 1989; x_wconf 65' lang='lat' dir='ltr'><strong>adversariae</strong></span> <span class='ocrx_word' id='word_1_529' title='bbox 2950 1938 3270 2001; x_wconf 84' lang='lat' dir='ltr'><strong>potestates,</strong></span> <span class='ocrx_word' id='word_1_530' title='bbox 3315 1941 3438 1998; x_wconf 69' lang='lat' dir='ltr'><strong>quae</strong></span> 
     </span>
    </p>
   </div>
   <div class='ocr_carea' id='block_1_76' title="bbox 1861 2021 3438 2099">
    <p class='ocr_par' dir='ltr' id='par_1_76' title="bbox 1861 2021 3438 2099">
     <span class='ocr_line' id='line_1_77' title="bbox 1861 2021 3438 2099; baseline -0.008 -16"><span class='ocrx_word' id='word_1_531' title='bbox 1861 2029 2024 2099; x_wconf 89' lang='lat' dir='ltr'><strong>quasi</strong></span> <span class='ocrx_word' id='word_1_532' title='bbox 2063 2027 2317 2081; x_wconf 73' lang='lat' dir='ltr'><strong>civitates</strong></span> <span class='ocrx_word' id='word_1_533' title='bbox 2348 2023 2653 2095; x_wconf 65' lang='lat' dir='ltr'><strong>praevalidae</strong></span> <span class='ocrx_word' id='word_1_534' title='bbox 2683 2021 2854 2077; x_wconf 86' lang='lat' dir='ltr'><strong>muris</strong></span> <span class='ocrx_word' id='word_1_535' title='bbox 2904 2022 3203 2082; x_wconf 69' lang='lat' dir='ltr'><strong>instructae,</strong></span> <span class='ocrx_word' id='word_1_536' title='bbox 3251 2031 3438 2073; x_wconf 86' lang='lat' dir='ltr'><strong>errore</strong></span> 
     </span>
    </p>
   </div>
   <div class='ocr_carea' id='block_1_77' title="bbox 1861 2112 3437 2190">
    <p class='ocr_par' dir='ltr' id='par_1_77' title="bbox 1861 2112 3437 2190">
     <span class='ocr_line' id='line_1_78' title="bbox 1861 2112 3437 2190; baseline -0.008 -13"><span class='ocrx_word' id='word_1_537' title='bbox 1861 2122 2118 2190; x_wconf 85' lang='lat' dir='ltr'><strong>deceptos</strong></span> <span class='ocrx_word' id='word_1_538' title='bbox 2180 2119 2706 2188; x_wconf 89' lang='lat' dir='ltr'><strong>complectebantur.</strong></span> <span class='ocrx_word' id='word_1_539' title='bbox 2763 2113 2828 2169; x_wconf 85' lang='lat' dir='ltr'><strong>Et</strong></span> <span class='ocrx_word' id='word_1_540' title='bbox 2884 2112 3191 2184; x_wconf 74' lang='lat' dir='ltr'><strong>cuiusmodi</strong></span> <span class='ocrx_word' id='word_1_541' title='bbox 3249 2126 3437 2182; x_wconf 64' lang='lat' dir='ltr'><strong>quaso</strong></span> 
     </span>
    </p>
   </div>
   <div class='ocr_carea' id='block_1_78' title="bbox 1863 2203 3435 2274">
    <p class='ocr_par' dir='ltr' id='par_1_78' title="bbox 1863 2203 3435 2274">
     <span class='ocr_line' id='line_1_79' title="bbox 1863 2203 3435 2274; baseline -0.005 -10"><span class='ocrx_word' id='word_1_542' title='bbox 1863 2209 2111 2264; x_wconf 85' lang='lat' dir='ltr'><strong>civitates</strong></span> <span class='ocrx_word' id='word_1_543' title='bbox 2166 2207 2263 2272; x_wconf 88' lang='lat' dir='ltr'><strong>ait,</strong></span> <span class='ocrx_word' id='word_1_544' title='bbox 2311 2207 2415 2261; x_wconf 89' lang='lat' dir='ltr'><strong>nisi</strong></span> <span class='ocrx_word' id='word_1_545' title='bbox 2453 2221 2547 2261; x_wconf 92' lang='lat' dir='ltr'><strong>eas</strong></span> <span class='ocrx_word' id='word_1_546' title='bbox 2599 2206 2666 2260; x_wconf 89' lang='lat' dir='ltr'><strong>de</strong></span> <span class='ocrx_word' id='word_1_547' title='bbox 2712 2204 2912 2274; x_wconf 89' lang='lat' dir='ltr'><strong>quibus</strong></span> <span class='ocrx_word' id='word_1_548' title='bbox 2971 2203 3100 2258; x_wconf 89' lang='lat' dir='ltr'><strong>alibi</strong></span> <span class='ocrx_word' id='word_1_549' title='bbox 3144 2203 3345 2258; x_wconf 88' lang='lat' dir='ltr'><strong>dicitur</strong></span> <span class='ocrx_word' id='word_1_550' title='bbox 3368 2203 3435 2267; x_wconf 80' lang='lat'><strong>”,</strong></span> 
     </span>
    </p>
   </div>
   <div class='ocr_carea' id='block_1_79' title="bbox 1867 2293 3438 2368">
    <p class='ocr_par' dir='ltr' id='par_1_79' title="bbox 1867 2293 3438 2368">
     <span class='ocr_line' id='line_1_80' title="bbox 1867 2293 3438 2368; baseline -0.004 -18"><span class='ocrx_word' id='word_1_551' title='bbox 1867 2297 2130 2368; x_wconf 82' lang='lat' dir='ltr'><strong>Redegisli</strong></span> <span class='ocrx_word' id='word_1_552' title='bbox 2166 2298 2221 2351; x_wconf 83' lang='lat' dir='ltr'><strong>in</strong></span> <span class='ocrx_word' id='word_1_553' title='bbox 2253 2297 2522 2367; x_wconf 79' lang='lat' dir='ltr'><strong>pulverem</strong></span> <span class='ocrx_word' id='word_1_554' title='bbox 2567 2295 2804 2348; x_wconf 80' lang='lat' dir='ltr'><strong>civitates</strong></span> <span class='ocrx_word' id='word_1_555' title='bbox 2834 2303 3089 2362; x_wconf 84' lang='lat' dir='ltr'><strong>potentes,</strong></span> <span class='ocrx_word' id='word_1_556' title='bbox 3140 2293 3218 2345; x_wconf 88' lang='lat' dir='ltr'><strong>ita</strong></span> <span class='ocrx_word' id='word_1_557' title='bbox 3262 2302 3320 2344; x_wconf 88' lang='lat' dir='ltr'><strong>ut</strong></span> <span class='ocrx_word' id='word_1_558' title='bbox 3349 2308 3438 2344; x_wconf 84' lang='lat' dir='ltr'><strong>ca-</strong></span> 
     </span>
    </p>
   </div>
   <div class='ocr_carea' id='block_1_80' title="bbox 1861 2382 3433 2457">
    <p class='ocr_par' dir='ltr' id='par_1_80' title="bbox 1861 2382 3433 2457">
     <span class='ocr_line' id='line_1_81' title="bbox 1861 2382 3433 2457; baseline -0.004 -17"><span class='ocrx_word' id='word_1_559' title='bbox 1861 2388 1990 2440; x_wconf 82' lang='lat' dir='ltr'><strong>dant</strong></span> <span class='ocrx_word' id='word_1_560' title='bbox 2024 2389 2263 2457; x_wconf 85' lang='lat' dir='ltr'><strong>ipsarum</strong></span> <span class='ocrx_word' id='word_1_561' title='bbox 2297 2387 2646 2456; x_wconf 77' lang='lat' dir='ltr'><strong>fundamenta</strong></span> <span class='ocrx_word' id='word_1_562' title='bbox 2670 2385 2695 2437; x_wconf 85' lang='lat'><strong><em>?</em></strong></span> <span class='ocrx_word' id='word_1_563' title='bbox 2716 2400 2839 2455; x_wconf 68' lang='lat' dir='ltr'><strong>quae</strong></span> <span class='ocrx_word' id='word_1_564' title='bbox 2867 2383 2943 2437; x_wconf 90' lang='lat' dir='ltr'><strong>uti</strong></span> <span class='ocrx_word' id='word_1_565' title='bbox 2974 2382 3305 2438; x_wconf 83' lang='lat' dir='ltr'><strong>declaratum</strong></span> <span class='ocrx_word' id='word_1_566' title='bbox 3328 2390 3433 2445; x_wconf 90' lang='lat' dir='ltr'><strong>est,</strong></span> 
     </span>
    </p>
   </div>
   <div class='ocr_carea' id='block_1_81' title="bbox 1862 2459 3436 2547">
    <p class='ocr_par' dir='ltr' id='par_1_81' title="bbox 1862 2459 3436 2547">
     <span class='ocr_line' id='line_1_82' title="bbox 1862 2459 3436 2547; baseline -0.004 -13"><span class='ocrx_word' id='word_1_567' title='bbox 1862 2488 1992 2534; x_wconf 88' lang='lat' dir='ltr'><strong>sunt</strong></span> <span class='ocrx_word' id='word_1_568' title='bbox 2021 2478 2349 2534; x_wconf 73' lang='lat' dir='ltr'><strong>adversariae</strong></span> <span class='ocrx_word' id='word_1_569' title='bbox 2377 2474 2720 2547; x_wconf 85' lang='lat' dir='ltr'><strong>potestates.]</strong></span> <span class='ocrx_word' id='word_1_570' title='bbox 2761 2474 2931 2529; x_wconf 80' lang='lat' dir='ltr'><strong>Periit</strong></span> <span class='ocrx_word' id='word_1_571' title='bbox 2973 2459 3228 2529; x_wconf 51' lang='lat' dir='ltr'><strong>memori}:</strong></span> <span class='ocrx_word' id='word_1_572' title='bbox 3255 2489 3436 2529; x_wconf 83' lang='lat' dir='ltr'><strong>eorum</strong></span> 
     </span>
    </p>
   </div>
   <div class='ocr_carea' id='block_1_82' title="bbox 1864 2566 3434 2641">
    <p class='ocr_par' dir='ltr' id='par_1_82' title="bbox 1864 2566 3434 2641">
     <span class='ocr_line' id='line_1_83' title="bbox 1864 2566 3434 2641; baseline -0.003 -19"><span class='ocrx_word' id='word_1_573' title='bbox 1864 2587 1982 2624; x_wconf 81' lang='lat' dir='ltr'><strong>cum</strong></span> <span class='ocrx_word' id='word_1_574' title='bbox 2025 2572 2222 2624; x_wconf 88' lang='lat' dir='ltr'><strong>sonitu.</strong></span> <span class='ocrx_word' id='word_1_575' title='bbox 2259 2567 2358 2641; x_wconf 88' lang='lat' dir='ltr'><strong>[lta</strong></span> <span class='ocrx_word' id='word_1_576' title='bbox 2388 2577 2448 2622; x_wconf 91' lang='lat' dir='ltr'><strong>ut</strong></span> <span class='ocrx_word' id='word_1_577' title='bbox 2476 2582 2665 2623; x_wconf 89' lang='lat' dir='ltr'><strong>eorum</strong></span> <span class='ocrx_word' id='word_1_578' title='bbox 2697 2566 2965 2638; x_wconf 82' lang='lat' dir='ltr'><strong>pernicies</strong></span> <span class='ocrx_word' id='word_1_579' title='bbox 2995 2566 3196 2637; x_wconf 86' lang='lat' dir='ltr'><strong>ubique</strong></span> <span class='ocrx_word' id='word_1_580' title='bbox 3220 2566 3434 2636; x_wconf 85' lang='lat' dir='ltr'><strong>pervul-</strong></span> 
     </span>
    </p>
   </div>
   <div class='ocr_carea' id='block_1_83' title="bbox 1861 2660 3436 2733">
    <p class='ocr_par' dir='ltr' id='par_1_83' title="bbox 1861 2660 3436 2733">
     <span class='ocr_line' id='line_1_84' title="bbox 1861 2660 3436 2733; baseline -0.002 -17"><span class='ocrx_word' id='word_1_581' title='bbox 1861 2671 2038 2733; x_wconf 67' lang='lat' dir='ltr'><strong>getur.</strong></span> <span class='ocrx_word' id='word_1_582' title='bbox 2072 2663 2181 2716; x_wconf 80' lang='lat' dir='ltr'><strong>Aut</strong></span> <span class='ocrx_word' id='word_1_583' title='bbox 2206 2663 2432 2716; x_wconf 79' lang='lat' dir='ltr'><strong>exitium</strong></span> <span class='ocrx_word' id='word_1_584' title='bbox 2477 2677 2792 2732; x_wconf 88' lang='lat' dir='ltr'><strong>supremum</strong></span> <span class='ocrx_word' id='word_1_585' title='bbox 2835 2660 2986 2726; x_wconf 89' lang='lat' dir='ltr'><strong>dicit,</strong></span> <span class='ocrx_word' id='word_1_586' title='bbox 3020 2660 3135 2716; x_wconf 84' lang='lat' dir='ltr'><strong>sive</strong></span> <span class='ocrx_word' id='word_1_587' title='bbox 3165 2660 3436 2714; x_wconf 89' lang='lat' dir='ltr'><strong>malorum</strong></span> 
     </span>
    </p>
   </div>
   <div class='ocr_carea' id='block_1_84' title="bbox 1861 2748 3435 2822">
    <p class='ocr_par' dir='ltr' id='par_1_84' title="bbox 1861 2748 3435 2822">
     <span class='ocr_line' id='line_1_85' title="bbox 1861 2748 3435 2822; baseline 0.002 -19"><span class='ocrx_word' id='word_1_588' title='bbox 1861 2753 2283 2818; x_wconf 79' lang='lat' dir='ltr'><strong>vehementiam,</strong></span> <span class='ocrx_word' id='word_1_589' title='bbox 2339 2763 2391 2807; x_wconf 89' lang='lat' dir='ltr'><strong>et</strong></span> <span class='ocrx_word' id='word_1_590' title='bbox 2439 2753 2698 2822; x_wconf 86' lang='lat' dir='ltr'><strong>perniciei</strong></span> <span class='ocrx_word' id='word_1_591' title='bbox 2745 2748 3246 2820; x_wconf 75' lang='lat' dir='ltr'><strong>conspicuitatem.)</strong></span> <span class='ocrx_word' id='word_1_592' title='bbox 3303 2748 3435 2820; x_wconf 84' lang='lat' dir='ltr'><strong>Ejus</strong></span> 
     </span>
    </p>
   </div>
   <div class='ocr_carea' id='block_1_85' title="bbox 1862 2840 3198 2912">
    <p class='ocr_par' dir='ltr' id='par_1_85' title="bbox 1862 2840 3198 2912">
     <span class='ocr_line' id='line_1_86' title="bbox 1862 2840 3198 2912; baseline 0.001 -18"><span class='ocrx_word' id='word_1_593' title='bbox 1862 2856 2098 2912; x_wconf 84' lang='lat' dir='ltr'><strong>namque</strong></span> <span class='ocrx_word' id='word_1_594' title='bbox 2127 2842 2394 2912; x_wconf 87' lang='lat' dir='ltr'><strong>pernicies</strong></span> <span class='ocrx_word' id='word_1_595' title='bbox 2426 2842 2570 2896; x_wconf 89' lang='lat' dir='ltr'><strong>ultro</strong></span> <span class='ocrx_word' id='word_1_596' title='bbox 2595 2844 2842 2912; x_wconf 79' lang='lat' dir='ltr'><strong>citroque</strong></span> <span class='ocrx_word' id='word_1_597' title='bbox 2868 2843 3051 2896; x_wconf 89' lang='lat' dir='ltr'><strong>audita</strong></span> <span class='ocrx_word' id='word_1_598' title='bbox 3080 2840 3198 2896; x_wconf 77' lang='lat' dir='ltr'><strong>fuit.</strong></span> 
     </span>
    </p>
   </div>
   <div class='ocr_carea' id='block_1_86' title="bbox 1937 2932 3432 3005">
    <p class='ocr_par' dir='ltr' id='par_1_86' title="bbox 1937 2932 3432 3005">
     <span class='ocr_line' id='line_1_87' title="bbox 1937 2932 3432 3005; baseline 0.003 -19"><span class='ocrx_word' id='word_1_599' title='bbox 1937 2932 2022 2988; x_wconf 87' lang='grc'><strong>10.</strong></span> <span class='ocrx_word' id='word_1_600' title='bbox 2066 2934 2134 2986; x_wconf 79' lang='lat' dir='ltr'><strong>Et</strong></span> <span class='ocrx_word' id='word_1_601' title='bbox 2190 2938 2363 3002; x_wconf 75' lang='lat' dir='ltr'><strong>[actus</strong></span> <span class='ocrx_word' id='word_1_602' title='bbox 2422 2944 2501 2989; x_wconf 87' lang='lat' dir='ltr'><strong>est</strong></span> <span class='ocrx_word' id='word_1_603' title='bbox 2561 2933 2819 2988; x_wconf 78' lang='lat' dir='ltr'><strong>Dominus</strong></span> <span class='ocrx_word' id='word_1_604' title='bbox 2868 2935 3134 3004; x_wconf 79' lang='lat' dir='ltr'><strong>refugium</strong></span> <span class='ocrx_word' id='word_1_605' title='bbox 3193 2937 3432 3005; x_wconf 81' lang='lat' dir='ltr'><strong>pauperi.</strong></span> 
     </span>
    </p>
   </div>
   <div class='ocr_carea' id='block_1_87' title="bbox 1862 3026 3432 3099">
    <p class='ocr_par' dir='ltr' id='par_1_87' title="bbox 1862 3026 3432 3099">
     <span class='ocr_line' id='line_1_88' title="bbox 1862 3026 3432 3099; baseline 0.001 -16"><span class='ocrx_word' id='word_1_606' title='bbox 1862 3026 2020 3098; x_wconf 82' lang='lat' dir='ltr'><strong>[Sese</strong></span> <span class='ocrx_word' id='word_1_607' title='bbox 2057 3027 2374 3097; x_wconf 84' lang='lat' dir='ltr'><strong>frequenter</strong></span> <span class='ocrx_word' id='word_1_608' title='bbox 2420 3044 2713 3099; x_wconf 88' lang='lat' dir='ltr'><strong>pauperem</strong></span> <span class='ocrx_word' id='word_1_609' title='bbox 2769 3044 2832 3083; x_wconf 90' lang='lat' dir='ltr'><strong>ac</strong></span> <span class='ocrx_word' id='word_1_610' title='bbox 2869 3029 3178 3083; x_wconf 87' lang='lat' dir='ltr'><strong>mendicum</strong></span> <span class='ocrx_word' id='word_1_611' title='bbox 3233 3039 3432 3097; x_wconf 76' lang='lat' dir='ltr'><strong>vocat,</strong></span> 
     </span>
    </p>
   </div>
   <div class='ocr_carea' id='block_1_88' title="bbox 1859 3119 3434 3190">
    <p class='ocr_par' dir='ltr' id='par_1_88' title="bbox 1859 3119 3434 3190">
     <span class='ocr_line' id='line_1_89' title="bbox 1859 3119 3434 3190; baseline 0.002 -16"><span class='ocrx_word' id='word_1_612' title='bbox 1859 3119 2074 3174; x_wconf 88' lang='lat' dir='ltr'><strong>etiamsi</strong></span> <span class='ocrx_word' id='word_1_613' title='bbox 2104 3121 2158 3174; x_wconf 90' lang='lat' dir='ltr'><strong>in</strong></span> <span class='ocrx_word' id='word_1_614' title='bbox 2186 3121 2333 3190; x_wconf 74' lang='lat' dir='ltr'><strong>regia</strong></span> <span class='ocrx_word' id='word_1_615' title='bbox 2370 3131 2705 3176; x_wconf 86' lang='lat' dir='ltr'><strong>versaretur.</strong></span> <span class='ocrx_word' id='word_1_616' title='bbox 2733 3120 2968 3176; x_wconf 84' lang='lat' dir='ltr'><strong>Noverat</strong></span> <span class='ocrx_word' id='word_1_617' title='bbox 3009 3123 3153 3176; x_wconf 91' lang='lat' dir='ltr'><strong>enim</strong></span> <span class='ocrx_word' id='word_1_618' title='bbox 3194 3122 3434 3178; x_wconf 86' lang='lat' dir='ltr'><strong>humana</strong></span> 
     </span>
    </p>
   </div>
   <div class='ocr_carea' id='block_1_89' title="bbox 1862 3209 3434 3280">
    <p class='ocr_par' dir='ltr' id='par_1_89' title="bbox 1862 3209 3434 3280">
     <span class='ocr_line' id='line_1_90' title="bbox 1862 3209 3434 3280; baseline 0.001 -17"><span class='ocrx_word' id='word_1_619' title='bbox 1862 3209 2047 3264; x_wconf 92' lang='lat' dir='ltr'><strong>omnia</strong></span> <span class='ocrx_word' id='word_1_620' title='bbox 2091 3210 2175 3264; x_wconf 89' lang='lat' dir='ltr'><strong>vel</strong></span> <span class='ocrx_word' id='word_1_621' title='bbox 2217 3209 2429 3265; x_wconf 82' lang='lat' dir='ltr'><strong>umbris</strong></span> <span class='ocrx_word' id='word_1_622' title='bbox 2475 3211 2828 3264; x_wconf 81' lang='lat' dir='ltr'><strong>imbecilliora</strong></span> <span class='ocrx_word' id='word_1_623' title='bbox 2864 3227 3005 3266; x_wconf 90' lang='lat' dir='ltr'><strong>esse.</strong></span> <span class='ocrx_word' id='word_1_624' title='bbox 3052 3211 3434 3280; x_wconf 84' lang='lat' dir='ltr'><strong>Opportunita-</strong></span> 
     </span>
    </p>
   </div>
   <div class='ocr_carea' id='block_1_90' title="bbox 1869 3301 3436 3372">
    <p class='ocr_par' dir='ltr' id='par_1_90' title="bbox 1869 3301 3436 3372">
     <span class='ocr_line' id='line_1_91' title="bbox 1869 3301 3436 3372; baseline 0 -16"><span class='ocrx_word' id='word_1_625' title='bbox 1869 3313 1971 3357; x_wconf 85' lang='lat' dir='ltr'><strong>tem</strong></span> <span class='ocrx_word' id='word_1_626' title='bbox 2009 3313 2169 3358; x_wconf 86' lang='lat' dir='ltr'><strong>vocat</strong></span> <span class='ocrx_word' id='word_1_627' title='bbox 2209 3309 2428 3372; x_wconf 82' lang='lat' dir='ltr'><strong>tempus</strong></span> <span class='ocrx_word' id='word_1_628' title='bbox 2455 3301 2870 3357; x_wconf 87' lang='lat' dir='ltr'><strong>tribulationis:</strong></span> <span class='ocrx_word' id='word_1_629' title='bbox 2909 3317 3123 3372; x_wconf 88' lang='lat' dir='ltr'><strong>semper</strong></span> <span class='ocrx_word' id='word_1_630' title='bbox 3161 3302 3305 3356; x_wconf 89' lang='lat' dir='ltr'><strong>enim</strong></span> <span class='ocrx_word' id='word_1_631' title='bbox 3335 3318 3436 3356; x_wconf 86' lang='lat' dir='ltr'><strong>au-</strong></span> 
     </span>
    </p>
   </div>
   <div class='ocr_carea' id='block_1_91' title="bbox 1859 3375 3432 3465">
    <p class='ocr_par' dir='ltr' id='par_1_91' title="bbox 1859 3375 3432 3465">
     <span class='ocr_line' id='line_1_92' title="bbox 1859 3375 3432 3465; baseline 0.002 -18"><span class='ocrx_word' id='word_1_632' title='bbox 1859 3375 1992 3448; x_wconf 69' lang='lat' dir='ltr'><strong>xilio</strong></span> <span class='ocrx_word' id='word_1_633' title='bbox 2043 3410 2288 3465; x_wconf 78' lang='lat' dir='ltr'><strong>egemus,</strong></span> <span class='ocrx_word' id='word_1_634' title='bbox 2341 3395 2508 3449; x_wconf 89' lang='lat' dir='ltr'><strong>etiam</strong></span> <span class='ocrx_word' id='word_1_635' title='bbox 2555 3395 2610 3448; x_wconf 91' lang='lat' dir='ltr'><strong>in</strong></span> <span class='ocrx_word' id='word_1_636' title='bbox 2668 3394 3066 3464; x_wconf 84' lang='lat' dir='ltr'><strong>prosperitate:</strong></span> <span class='ocrx_word' id='word_1_637' title='bbox 3126 3409 3317 3449; x_wconf 89' lang='lat' dir='ltr'><strong>verum</strong></span> <span class='ocrx_word' id='word_1_638' title='bbox 3377 3395 3432 3450; x_wconf 89' lang='lat' dir='ltr'><strong>in</strong></span> 
     </span>
    </p>
   </div>
   <div class='ocr_carea' id='block_1_92' title="bbox 1857 3485 3432 3561">
    <p class='ocr_par' dir='ltr' id='par_1_92' title="bbox 1857 3485 3432 3561">
     <span class='ocr_line' id='line_1_93' title="bbox 1857 3485 3432 3561; baseline 0.001 -19"><span class='ocrx_word' id='word_1_639' title='bbox 1857 3486 2157 3555; x_wconf 63' lang='lat' dir='ltr'><strong>aerumnis,</strong></span> <span class='ocrx_word' id='word_1_640' title='bbox 2225 3487 2556 3542; x_wconf 84' lang='lat' dir='ltr'><strong>auxiliorum</strong></span> <span class='ocrx_word' id='word_1_641' title='bbox 2607 3502 2764 3541; x_wconf 88' lang='lat' dir='ltr'><strong>usum</strong></span> <span class='ocrx_word' id='word_1_642' title='bbox 2841 3489 3015 3558; x_wconf 71' lang='lat' dir='ltr'><strong>magis</strong></span> <span class='ocrx_word' id='word_1_643' title='bbox 3069 3485 3432 3561; x_wconf 73' lang='lat' dir='ltr'><strong>experimur.)</strong></span> 
     </span>
    </p>
   </div>
   <div class='ocr_carea' id='block_1_93' title="bbox 1857 3565 3435 3648">
    <p class='ocr_par' dir='ltr' id='par_1_93' title="bbox 1857 3565 3435 3648">
     <span class='ocr_line' id='line_1_94' title="bbox 1857 3565 3435 3648; baseline 0 -16"><span class='ocrx_word' id='word_1_644' title='bbox 1857 3565 2130 3642; x_wconf 41' lang='lat' dir='ltr'><strong>Me&#39;ndico,</strong></span> <span class='ocrx_word' id='word_1_645' title='bbox 2163 3577 2374 3632; x_wconf 89' lang='lat' dir='ltr'><strong>scilicet</strong></span> <span class='ocrx_word' id='word_1_646' title='bbox 2403 3577 2672 3647; x_wconf 88' lang='lat' dir='ltr'><strong>spirituali</strong></span> <span class='ocrx_word' id='word_1_647' title='bbox 2710 3578 2912 3648; x_wconf 90' lang='lat' dir='ltr'><strong>populo</strong></span> <span class='ocrx_word' id='word_1_648' title='bbox 2953 3578 3051 3632; x_wconf 84' lang='lat' dir='ltr'><strong>ait.</strong></span> <span class='ocrx_word' id='word_1_649' title='bbox 3098 3579 3332 3647; x_wconf 78' lang='lat' dir='ltr'><strong>Adjutor</strong></span> <span class='ocrx_word' id='word_1_650' title='bbox 3379 3580 3435 3633; x_wconf 87' lang='lat' dir='ltr'><strong>in</strong></span> 
     </span>
    </p>
   </div>
   <div class='ocr_carea' id='block_1_94' title="bbox 1858 3671 3433 3743">
    <p class='ocr_par' dir='ltr' id='par_1_94' title="bbox 1858 3671 3433 3743">
     <span class='ocr_line' id='line_1_95' title="bbox 1858 3671 3433 3743; baseline 0.003 -17"><span class='ocrx_word' id='word_1_651' title='bbox 1858 3671 2340 3743; x_wconf 78' lang='lat' dir='ltr'><strong>opportunitatibus</strong></span> <span class='ocrx_word' id='word_1_652' title='bbox 2393 3673 2450 3726; x_wconf 85' lang='lat' dir='ltr'><strong>in</strong></span> <span class='ocrx_word' id='word_1_653' title='bbox 2507 3672 2959 3728; x_wconf 74' lang='lat' dir='ltr'><strong>tribulationibus.</strong></span> <span class='ocrx_word' id='word_1_654' title='bbox 3017 3671 3087 3728; x_wconf 91' lang='lat' dir='ltr'><strong>Ut</strong></span> <span class='ocrx_word' id='word_1_655' title='bbox 3135 3673 3313 3730; x_wconf 87' lang='lat' dir='ltr'><strong>illud:</strong></span> <span class='ocrx_word' id='word_1_656' title='bbox 3365 3672 3433 3730; x_wconf 81' lang='lat' dir='ltr'><strong>In</strong></span> 
     </span>
    </p>
   </div>
   <div class='ocr_carea' id='block_1_95' title="bbox 1859 3765 2801 3835">
    <p class='ocr_par' dir='ltr' id='par_1_95' title="bbox 1859 3765 2801 3835">
     <span class='ocr_line' id='line_1_96' title="bbox 1859 3765 2801 3835; baseline 0.002 -17"><span class='ocrx_word' id='word_1_657' title='bbox 1859 3775 2087 3834; x_wconf 84' lang='lat' dir='ltr'><strong>tempore</strong></span> <span class='ocrx_word' id='word_1_658' title='bbox 2111 3775 2322 3835; x_wconf 84' lang='lat' dir='ltr'><strong>accepto</strong></span> <span class='ocrx_word' id='word_1_659' title='bbox 2349 3765 2598 3820; x_wconf 75' lang='lat' dir='ltr'><strong>exaudiui</strong></span> <span class='ocrx_word' id='word_1_660' title='bbox 2629 3777 2677 3819; x_wconf 88' lang='lat' dir='ltr'><strong>te</strong></span> <span class='ocrx_word' id='word_1_661' title='bbox 2713 3767 2801 3820; x_wconf 83' lang='grc'><strong>⁸¹⁹.</strong></span> 
     </span>
    </p>
   </div>
   <div class='ocr_carea' id='block_1_96' title="bbox 1927 3855 3428 3928">
    <p class='ocr_par' dir='ltr' id='par_1_96' title="bbox 1927 3855 3428 3928">
     <span class='ocr_line' id='line_1_97' title="bbox 1927 3855 3428 3928; baseline 0.005 -18"><span class='ocrx_word' id='word_1_662' title='bbox 1927 3856 2016 3911; x_wconf 74' lang='grc'>12.</span> <span class='ocrx_word' id='word_1_663' title='bbox 2055 3855 2281 3912; x_wconf 85' lang='lat' dir='ltr'><strong>Psallite</strong></span> <span class='ocrx_word' id='word_1_664' title='bbox 2303 3857 2529 3911; x_wconf 81' lang='lat' dir='ltr'><strong>Domino</strong></span> <span class='ocrx_word' id='word_1_665' title='bbox 2563 3859 2654 3928; x_wconf 84' lang='lat' dir='ltr'><strong>qui</strong></span> <span class='ocrx_word' id='word_1_666' title='bbox 2682 3859 2889 3912; x_wconf 84' lang='lat' dir='ltr'><strong>habitat</strong></span> <span class='ocrx_word' id='word_1_667' title='bbox 2932 3860 2986 3912; x_wconf 90' lang='lat' dir='ltr'><strong>in</strong></span> <span class='ocrx_word' id='word_1_668' title='bbox 3023 3858 3174 3914; x_wconf 84' lang='lat' dir='ltr'><strong>Sion.</strong></span> <span class='ocrx_word' id='word_1_669' title='bbox 3223 3861 3283 3914; x_wconf 80' lang='lat' dir='ltr'><strong>In</strong></span> <span class='ocrx_word' id='word_1_670' title='bbox 3319 3876 3428 3917; x_wconf 69' lang='lat' dir='ltr'><strong>ca:-</strong></span> 
     </span>
    </p>
   </div>
   <div class='ocr_carea' id='block_1_97' title="bbox 1857 3948 3430 4024">
    <p class='ocr_par' dir='ltr' id='par_1_97' title="bbox 1857 3948 3430 4024">
     <span class='ocr_line' id='line_1_98' title="bbox 1857 3948 3430 4024; baseline 0.003 -20"><span class='ocrx_word' id='word_1_671' title='bbox 1857 3950 1998 4014; x_wconf 89' lang='lat' dir='ltr'><strong>lesti,</strong></span> <span class='ocrx_word' id='word_1_672' title='bbox 2054 3950 2262 4019; x_wconf 86' lang='lat' dir='ltr'><strong>inquit,</strong></span> <span class='ocrx_word' id='word_1_673' title='bbox 2310 3948 2636 4005; x_wconf 81' lang='lat' dir='ltr'><strong>Jerusalem.</strong></span> <span class='ocrx_word' id='word_1_674' title='bbox 2686 3950 3012 4005; x_wconf 79' lang='lat' dir='ltr'><strong>Annuntiate</strong></span> <span class='ocrx_word' id='word_1_675' title='bbox 3060 3953 3199 4006; x_wconf 86' lang='lat' dir='ltr'><strong>inter</strong></span> <span class='ocrx_word' id='word_1_676' title='bbox 3256 3964 3430 4024; x_wconf 83' lang='lat' dir='ltr'><strong>gentes</strong></span> 
     </span>
    </p>
   </div>
   <div class='ocr_carea' id='block_1_98' title="bbox 1856 4042 3434 4118">
    <p class='ocr_par' dir='ltr' id='par_1_98' title="bbox 1856 4042 3434 4118">
     <span class='ocr_line' id='line_1_99' title="bbox 1856 4042 3434 4118; baseline 0.005 -22"><span class='ocrx_word' id='word_1_677' title='bbox 1856 4042 2036 4097; x_wconf 86' lang='lat' dir='ltr'><strong>studia</strong></span> <span class='ocrx_word' id='word_1_678' title='bbox 2073 4042 2212 4111; x_wconf 89' lang='lat' dir='ltr'><strong>ejus.</strong></span> <span class='ocrx_word' id='word_1_679' title='bbox 2261 4043 2388 4097; x_wconf 66' lang='lat' dir='ltr'><strong>Haec</strong></span> <span class='ocrx_word' id='word_1_680' title='bbox 2420 4043 2578 4113; x_wconf 87' lang='lat' dir='ltr'><strong>quasi</strong></span> <span class='ocrx_word' id='word_1_681' title='bbox 2609 4043 2674 4098; x_wconf 87' lang='lat' dir='ltr'><strong>ad</strong></span> <span class='ocrx_word' id='word_1_682' title='bbox 2719 4047 2996 4114; x_wconf 88' lang='lat' dir='ltr'><strong>apostolos</strong></span> <span class='ocrx_word' id='word_1_683' title='bbox 3029 4054 3080 4100; x_wconf 88' lang='lat' dir='ltr'><strong>et</strong></span> <span class='ocrx_word' id='word_1_684' title='bbox 3109 4043 3434 4118; x_wconf 76' lang='lat' dir='ltr'><strong>Evangelio-</strong></span> 
     </span>
    </p>
   </div>
   <div class='ocr_carea' id='block_1_99' title="bbox 1856 4135 3430 4210">
    <p class='ocr_par' dir='ltr' id='par_1_99' title="bbox 1856 4135 3430 4210">
     <span class='ocr_line' id='line_1_100' title="bbox 1856 4135 3430 4210; baseline 0.006 -22"><span class='ocrx_word' id='word_1_685' title='bbox 1856 4149 1977 4188; x_wconf 88' lang='lat' dir='ltr'><strong>rum</strong></span> <span class='ocrx_word' id='word_1_686' title='bbox 2010 4148 2292 4204; x_wconf 72' lang='lat' dir='ltr'><strong>praecones</strong></span> <span class='ocrx_word' id='word_1_687' title='bbox 2333 4135 2594 4206; x_wconf 90' lang='lat' dir='ltr'><strong>loquitur.</strong></span> <span class='ocrx_word' id='word_1_688' title='bbox 2646 4136 2778 4202; x_wconf 68' lang='lat' dir='ltr'><strong>Quae</strong></span> <span class='ocrx_word' id='word_1_689' title='bbox 2810 4151 2974 4206; x_wconf 88' lang='lat' dir='ltr'><strong>porro</strong></span> <span class='ocrx_word' id='word_1_690' title='bbox 3023 4137 3132 4194; x_wconf 90' lang='lat' dir='ltr'><strong>sint</strong></span> <span class='ocrx_word' id='word_1_691' title='bbox 3161 4140 3430 4210; x_wconf 84' lang='lat' dir='ltr'><strong>ejusmodi</strong></span> 
     </span>
    </p>
   </div>
   <div class='ocr_carea' id='block_1_100' title="bbox 1857 4230 2764 4302">
    <p class='ocr_par' dir='ltr' id='par_1_100' title="bbox 1857 4230 2764 4302">
     <span class='ocr_line' id='line_1_101' title="bbox 1857 4230 2764 4302; baseline 0.002 -17"><span class='ocrx_word' id='word_1_692' title='bbox 1857 4230 2034 4286; x_wconf 87' lang='lat' dir='ltr'><strong>studia</strong></span> <span class='ocrx_word' id='word_1_693' title='bbox 2064 4230 2118 4285; x_wconf 91' lang='lat' dir='ltr'><strong>in</strong></span> <span class='ocrx_word' id='word_1_694' title='bbox 2155 4232 2512 4302; x_wconf 89' lang='lat' dir='ltr'><strong>sequentibus</strong></span> <span class='ocrx_word' id='word_1_695' title='bbox 2541 4233 2764 4288; x_wconf 87' lang='lat' dir='ltr'><strong>indicat.</strong></span> 
     </span>
    </p>
   </div>
   <div class='ocr_carea' id='block_1_101' title="bbox 1929 4415 3432 4487">
    <p class='ocr_par' dir='ltr' id='par_1_101' title="bbox 1929 4415 3432 4487">
     <span class='ocr_line' id='line_1_102' title="bbox 1929 4415 3432 4487; baseline 0.004 -18"><span class='ocrx_word' id='word_1_696' title='bbox 1929 4415 2014 4470; x_wconf 78' lang='grc'>13.</span> <span class='ocrx_word' id='word_1_697' title='bbox 2049 4415 2313 4482; x_wconf 77' lang='lat' dir='ltr'><strong>Quoniam</strong></span> <span class='ocrx_word' id='word_1_698' title='bbox 2347 4417 2614 4487; x_wconf 87' lang='lat' dir='ltr'><strong>requirens</strong></span> <span class='ocrx_word' id='word_1_699' title='bbox 2638 4417 2948 4487; x_wconf 83' lang='lat' dir='ltr'><strong>sanguinem</strong></span> <span class='ocrx_word' id='word_1_700' title='bbox 2976 4435 3154 4473; x_wconf 87' lang='lat' dir='ltr'><strong>eorum</strong></span> <span class='ocrx_word' id='word_1_701' title='bbox 3184 4421 3432 4475; x_wconf 79' lang='lat' dir='ltr'><strong>recorda-</strong></span> 
     </span>
    </p>
   </div>
   <div class='ocr_carea' id='block_1_102' title="bbox 1858 4506 3428 4583">
    <p class='ocr_par' dir='ltr' id='par_1_102' title="bbox 1858 4506 3428 4583">
     <span class='ocr_line' id='line_1_103' title="bbox 1858 4506 3428 4583; baseline 0.006 -23"><span class='ocrx_word' id='word_1_702' title='bbox 1858 4516 1942 4562; x_wconf 89' lang='lat' dir='ltr'><strong>tus</strong></span> <span class='ocrx_word' id='word_1_703' title='bbox 1981 4520 2075 4563; x_wconf 85' lang='lat' dir='ltr'><strong>est.</strong></span> <span class='ocrx_word' id='word_1_704' title='bbox 2110 4506 2468 4580; x_wconf 82' lang='lat' dir='ltr'><strong>Sanguinem,</strong></span> <span class='ocrx_word' id='word_1_705' title='bbox 2502 4509 2596 4575; x_wconf 86' lang='lat' dir='ltr'><strong>ait,</strong></span> <span class='ocrx_word' id='word_1_706' title='bbox 2627 4525 2727 4580; x_wconf 89' lang='lat' dir='ltr'><strong>pro</strong></span> <span class='ocrx_word' id='word_1_707' title='bbox 2761 4510 2854 4566; x_wconf 89' lang='lat' dir='ltr'><strong>illo</strong></span> <span class='ocrx_word' id='word_1_708' title='bbox 2892 4511 3122 4568; x_wconf 79' lang='lat' dir='ltr'><strong>eﬂ&#39;usum</strong></span> <span class='ocrx_word' id='word_1_709' title='bbox 3152 4513 3428 4583; x_wconf 89' lang='lat' dir='ltr'><strong>requiret,</strong></span> 
     </span>
    </p>
   </div>
   <div class='ocr_carea' id='block_1_103' title="bbox 1785 4597 2536 4678">
    <p class='ocr_par' dir='ltr' id='par_1_103' title="bbox 1785 4597 2536 4678">
     <span class='ocr_line' id='line_1_104' title="bbox 1785 4597 2536 4678; baseline 0.001 -28"><span class='ocrx_word' id='word_1_710' title='bbox 1785 4625 1828 4678; x_wconf 74' lang='grc' dir='ltr'><strong>ι)</strong></span> <span class='ocrx_word' id='word_1_711' title='bbox 1857 4606 1916 4651; x_wconf 93' lang='lat' dir='ltr'><strong>ut</strong></span> <span class='ocrx_word' id='word_1_712' title='bbox 1947 4597 2242 4652; x_wconf 90' lang='lat' dir='ltr'><strong>vindictam</strong></span> <span class='ocrx_word' id='word_1_713' title='bbox 2281 4598 2536 4668; x_wconf 90' lang='lat' dir='ltr'><strong>postulet.</strong></span> 
     </span>
    </p>
   </div>
   <div class='ocr_carea' id='block_1_104' title="bbox 1933 4689 3430 4763">
    <p class='ocr_par' dir='ltr' id='par_1_104' title="bbox 1933 4689 3430 4763">
     <span class='ocr_line' id='line_1_105' title="bbox 1933 4689 3430 4763; baseline 0.004 -20"><span class='ocrx_word' id='word_1_714' title='bbox 1933 4689 2082 4763; x_wconf 83' lang='lat' dir='ltr'><strong>[Non</strong></span> <span class='ocrx_word' id='word_1_715' title='bbox 2119 4701 2196 4744; x_wconf 86' lang='lat' dir='ltr'><strong>est</strong></span> <span class='ocrx_word' id='word_1_716' title='bbox 2232 4691 2426 4744; x_wconf 86' lang='lat' dir='ltr'><strong>oblitus</strong></span> <span class='ocrx_word' id='word_1_717' title='bbox 2472 4691 2757 4744; x_wconf 87' lang='lat' dir='ltr'><strong>clamorem</strong></span> <span class='ocrx_word' id='word_1_718' title='bbox 2795 4707 3104 4762; x_wconf 83' lang='lat' dir='ltr'><strong>pauperum.</strong></span> <span class='ocrx_word' id='word_1_719' title='bbox 3155 4691 3430 4763; x_wconf 83' lang='lat' dir='ltr'><strong>Pauperes</strong></span> 
     </span>
    </p>
   </div>
   <div class='ocr_carea' id='block_1_105' title="bbox 1857 4781 3426 4852">
    <p class='ocr_par' dir='ltr' id='par_1_105' title="bbox 1857 4781 3426 4852">
     <span class='ocr_line' id='line_1_106' title="bbox 1857 4781 3426 4852; baseline 0.003 -17"><span class='ocrx_word' id='word_1_720' title='bbox 1857 4797 2076 4836; x_wconf 87' lang='lat' dir='ltr'><strong>rursum</strong></span> <span class='ocrx_word' id='word_1_721' title='bbox 2128 4791 2292 4837; x_wconf 88' lang='lat' dir='ltr'><strong>vocat</strong></span> <span class='ocrx_word' id='word_1_722' title='bbox 2333 4797 2428 4836; x_wconf 89' lang='lat' dir='ltr'><strong>eos</strong></span> <span class='ocrx_word' id='word_1_723' title='bbox 2463 4781 2557 4851; x_wconf 87' lang='lat' dir='ltr'><strong>qui</strong></span> <span class='ocrx_word' id='word_1_724' title='bbox 2599 4791 2818 4852; x_wconf 88' lang='lat' dir='ltr'><strong>propter</strong></span> <span class='ocrx_word' id='word_1_725' title='bbox 2858 4783 3035 4851; x_wconf 87' lang='lat' dir='ltr'><strong>ipsum</strong></span> <span class='ocrx_word' id='word_1_726' title='bbox 3092 4784 3426 4850; x_wconf 88' lang='lat' dir='ltr'><strong>mendicant,</strong></span> 
     </span>
    </p>
   </div>
   <div class='ocr_carea' id='block_1_106' title="bbox 1855 4875 3429 4948">
    <p class='ocr_par' dir='ltr' id='par_1_106' title="bbox 1855 4875 3429 4948">
     <span class='ocr_line' id='line_1_107' title="bbox 1855 4875 3429 4948; baseline 0.002 -17"><span class='ocrx_word' id='word_1_727' title='bbox 1855 4877 1949 4946; x_wconf 90' lang='lat' dir='ltr'><strong>qui</strong></span> <span class='ocrx_word' id='word_1_728' title='bbox 2000 4875 2220 4931; x_wconf 89' lang='lat' dir='ltr'><strong>assidue</strong></span> <span class='ocrx_word' id='word_1_729' title='bbox 2269 4877 2445 4946; x_wconf 84' lang='lat' dir='ltr'><strong>ipsum</strong></span> <span class='ocrx_word' id='word_1_730' title='bbox 2475 4876 2752 4945; x_wconf 88' lang='lat' dir='ltr'><strong>supplices</strong></span> <span class='ocrx_word' id='word_1_731' title='bbox 2782 4885 2998 4947; x_wconf 79' lang='lat' dir='ltr'><strong>rogant,</strong></span> <span class='ocrx_word' id='word_1_732' title='bbox 3042 4879 3429 4948; x_wconf 83' lang='lat' dir='ltr'><strong>postulantque</strong></span> 
     </span>
    </p>
   </div>
   <div class='ocr_carea' id='block_1_107' title="bbox 1857 4968 3427 5038">
    <p class='ocr_par' dir='ltr' id='par_1_107' title="bbox 1857 4968 3427 5038">
     <span class='ocr_line' id='line_1_108' title="bbox 1857 4968 3427 5038; baseline 0.002 -15"><span class='ocrx_word' id='word_1_733' title='bbox 1857 4969 2124 5023; x_wconf 89' lang='lat' dir='ltr'><strong>ultionem</strong></span> <span class='ocrx_word' id='word_1_734' title='bbox 2177 4969 2502 5038; x_wconf 87' lang='lat' dir='ltr'><strong>injuriarum</strong></span> <span class='ocrx_word' id='word_1_735' title='bbox 2553 4968 2658 5024; x_wconf 86' lang='lat' dir='ltr'><strong>sibi</strong></span> <span class='ocrx_word' id='word_1_736' title='bbox 2722 4969 2791 5022; x_wconf 90' lang='lat' dir='ltr'><strong>ab</strong></span> <span class='ocrx_word' id='word_1_737' title='bbox 2840 4968 3182 5025; x_wconf 68' lang='lat' dir='ltr'><strong>daemonibus</strong></span> <span class='ocrx_word' id='word_1_738' title='bbox 3248 4970 3427 5026; x_wconf 84' lang='lat' dir='ltr'><strong>illata-</strong></span> 
     </span>
    </p>
   </div>
   <div class='ocr_carea' id='block_1_108' title="bbox 1854 5065 2024 5133">
    <p class='ocr_par' dir='ltr' id='par_1_108' title="bbox 1854 5065 2024 5133">
     <span class='ocr_line' id='line_1_109' title="bbox 1854 5065 2024 5133; baseline -0.006 -16"><span class='ocrx_word' id='word_1_739' title='bbox 1854 5065 2024 5133; x_wconf 89' lang='lat' dir='ltr'><strong>rum.]</strong></span> 
     </span>
    </p>
   </div>
   <div class='ocr_carea' id='block_1_109' title="bbox 1929 5153 3426 5224">
    <p class='ocr_par' dir='ltr' id='par_1_109' title="bbox 1929 5153 3426 5224">
     <span class='ocr_line' id='line_1_110' title="bbox 1929 5153 3426 5224; baseline 0.003 -16"><span class='ocrx_word' id='word_1_740' title='bbox 1929 5155 2024 5208; x_wconf 82' lang='grc'>15.</span> <span class='ocrx_word' id='word_1_741' title='bbox 2061 5153 2166 5220; x_wconf 83' lang='lat' dir='ltr'><strong>Qui</strong></span> <span class='ocrx_word' id='word_1_742' title='bbox 2193 5155 2399 5208; x_wconf 70' lang='lat' dir='ltr'><strong>exultas</strong></span> <span class='ocrx_word' id='word_1_743' title='bbox 2424 5172 2502 5208; x_wconf 85' lang='lat' dir='ltr'><strong>me</strong></span> <span class='ocrx_word' id='word_1_744' title='bbox 2535 5155 2597 5209; x_wconf 85' lang='lat' dir='ltr'><strong>de</strong></span> <span class='ocrx_word' id='word_1_745' title='bbox 2628 5156 2795 5224; x_wconf 84' lang='lat' dir='ltr'><strong>portis</strong></span> <span class='ocrx_word' id='word_1_746' title='bbox 2826 5157 3035 5209; x_wconf 87' lang='lat' dir='ltr'><strong>mortis.</strong></span> <span class='ocrx_word' id='word_1_747' title='bbox 3065 5153 3188 5211; x_wconf 87' lang='lat' dir='ltr'><strong>Ideo</strong></span> <span class='ocrx_word' id='word_1_748' title='bbox 3217 5156 3426 5212; x_wconf 75' lang='lat' dir='ltr'><strong>excita:</strong></span> 
     </span>
    </p>
   </div>
   <div class='ocr_carea' id='block_1_110' title="bbox 1854 5247 3424 5319">
    <p class='ocr_par' dir='ltr' id='par_1_110' title="bbox 1854 5247 3424 5319">
     <span class='ocr_line' id='line_1_111' title="bbox 1854 5247 3424 5319; baseline 0.001 -17"><span class='ocrx_word' id='word_1_749' title='bbox 1854 5263 1940 5302; x_wconf 93' lang='lat' dir='ltr'><strong>me</strong></span> <span class='ocrx_word' id='word_1_750' title='bbox 1995 5264 2061 5302; x_wconf 81' lang='lat' dir='ltr'><strong>ex</strong></span> <span class='ocrx_word' id='word_1_751' title='bbox 2097 5257 2237 5303; x_wconf 87' lang='lat' dir='ltr'><strong>terra</strong></span> <span class='ocrx_word' id='word_1_752' title='bbox 2292 5248 2732 5312; x_wconf 80' lang='lat' dir='ltr'><strong>liumiliationis,</strong></span> <span class='ocrx_word' id='word_1_753' title='bbox 2783 5256 2843 5302; x_wconf 92' lang='lat' dir='ltr'><strong>ut</strong></span> <span class='ocrx_word' id='word_1_754' title='bbox 2891 5247 3123 5303; x_wconf 88' lang='lat' dir='ltr'><strong>choreas</strong></span> <span class='ocrx_word' id='word_1_755' title='bbox 3161 5261 3317 5319; x_wconf 74' lang='lat' dir='ltr'><strong>agam</strong></span> <span class='ocrx_word' id='word_1_756' title='bbox 3369 5249 3424 5304; x_wconf 92' lang='lat' dir='ltr'><strong>in</strong></span> 
     </span>
    </p>
   </div>
   <div class='ocr_carea' id='block_1_111' title="bbox 1853 5340 2249 5395">
    <p class='ocr_par' dir='ltr' id='par_1_111' title="bbox 1853 5340 2249 5395">
     <span class='ocr_line' id='line_1_112' title="bbox 1853 5340 2249 5395; baseline 0.008 -3"><span class='ocrx_word' id='word_1_757' title='bbox 1853 5340 2059 5395; x_wconf 71' lang='lat' dir='ltr'><strong>cmlcsti</strong></span> <span class='ocrx_word' id='word_1_758' title='bbox 2095 5340 2249 5395; x_wconf 91' lang='lat' dir='ltr'><strong>Sion.</strong></span> 
     </span>
    </p>
   </div>
   <div class='ocr_carea' id='block_1_112' title="bbox 1923 5428 3420 5503">
    <p class='ocr_par' dir='ltr' id='par_1_112' title="bbox 1923 5428 3420 5503">
     <span class='ocr_line' id='line_1_113' title="bbox 1923 5428 3420 5503; baseline 0.002 -18"><span class='ocrx_word' id='word_1_759' title='bbox 1923 5428 2030 5502; x_wconf 88' lang='lat' dir='ltr'><strong>[In</strong></span> <span class='ocrx_word' id='word_1_760' title='bbox 2092 5433 2258 5502; x_wconf 86' lang='lat' dir='ltr'><strong>portis</strong></span> <span class='ocrx_word' id='word_1_761' title='bbox 2321 5433 2448 5503; x_wconf 78' lang='lat' dir='ltr'><strong>ﬁlice</strong></span> <span class='ocrx_word' id='word_1_762' title='bbox 2500 5431 2648 5487; x_wconf 91' lang='lat' dir='ltr'><strong>Sion.</strong></span> <span class='ocrx_word' id='word_1_763' title='bbox 2707 5431 2764 5486; x_wconf 93' lang='lat' dir='ltr'><strong>ln</strong></span> <span class='ocrx_word' id='word_1_764' title='bbox 2821 5432 3027 5487; x_wconf 64' lang='lat' dir='ltr'><strong>caelesti</strong></span> <span class='ocrx_word' id='word_1_765' title='bbox 3097 5429 3420 5488; x_wconf 84' lang='lat' dir='ltr'><strong>Jerusalem.</strong></span> 
     </span>
    </p>
   </div>
   <div class='ocr_carea' id='block_1_113' title="bbox 1852 5523 3421 5596">
    <p class='ocr_par' dir='ltr' id='par_1_113' title="bbox 1852 5523 3421 5596">
     <span class='ocr_line' id='line_1_114' title="bbox 1852 5523 3421 5596; baseline 0.001 -18"><span class='ocrx_word' id='word_1_766' title='bbox 1852 5524 1990 5579; x_wconf 84' lang='lat' dir='ltr'><strong>illud</strong></span> <span class='ocrx_word' id='word_1_767' title='bbox 2046 5541 2243 5596; x_wconf 88' lang='lat' dir='ltr'><strong>porro,</strong></span> <span class='ocrx_word' id='word_1_768' title='bbox 2308 5528 2646 5589; x_wconf 85' lang='lat' dir='ltr'><strong>annuntiem,</strong></span> <span class='ocrx_word' id='word_1_769' title='bbox 2703 5525 2995 5596; x_wconf 73' lang='lat' dir='ltr'><strong>intelligas,</strong></span> <span class='ocrx_word' id='word_1_770' title='bbox 3054 5523 3274 5580; x_wconf 87' lang='lat' dir='ltr'><strong>assidue</strong></span> <span class='ocrx_word' id='word_1_771' title='bbox 3332 5539 3421 5580; x_wconf 86' lang='lat' dir='ltr'><strong>ca-</strong></span> 
     </span>
    </p>
   </div>
   <div class='ocr_carea' id='block_1_114' title="bbox 1856 5616 2030 5691">
    <p class='ocr_par' dir='ltr' id='par_1_114' title="bbox 1856 5616 2030 5691">
     <span class='ocr_line' id='line_1_115' title="bbox 1856 5616 2030 5691; baseline -0.011 -19"><span class='ocrx_word' id='word_1_772' title='bbox 1856 5616 2030 5691; x_wconf 89' lang='lat' dir='ltr'><strong>nam.]</strong></span> 
     </span>
    </p>
   </div>
   <div class='ocr_carea' id='block_1_115' title="bbox 1928 5707 3425 5782">
    <p class='ocr_par' dir='ltr' id='par_1_115' title="bbox 1928 5707 3425 5782">
     <span class='ocr_line' id='line_1_116' title="bbox 1928 5707 3425 5782; baseline -0.001 -18"><span class='ocrx_word' id='word_1_773' title='bbox 1928 5710 2014 5765; x_wconf 86' lang='grc'><strong>17.</strong></span> <span class='ocrx_word' id='word_1_774' title='bbox 2048 5710 2396 5782; x_wconf 83' lang='lat' dir='ltr'><strong>Cognoscitur</strong></span> <span class='ocrx_word' id='word_1_775' title='bbox 2423 5711 2681 5766; x_wconf 87' lang='lat' dir='ltr'><strong>Dominus</strong></span> <span class='ocrx_word' id='word_1_776' title='bbox 2713 5711 2922 5781; x_wconf 81' lang='lat' dir='ltr'><strong>judicia</strong></span> <span class='ocrx_word' id='word_1_777' title='bbox 2952 5709 3172 5780; x_wconf 77' lang='lat' dir='ltr'><strong>faciens,</strong></span> <span class='ocrx_word' id='word_1_778' title='bbox 3196 5718 3300 5765; x_wconf 85' lang='lat' dir='ltr'><strong>etc.</strong></span> <span class='ocrx_word' id='word_1_779' title='bbox 3329 5707 3425 5763; x_wconf 79' lang='lat' dir='ltr'><strong>Ju-</strong></span> 
     </span>
    </p>
   </div>
   <div class='ocr_carea' id='block_1_116' title="bbox 1854 5803 3421 5876">
    <p class='ocr_par' dir='ltr' id='par_1_116' title="bbox 1854 5803 3421 5876">
     <span class='ocr_line' id='line_1_117' title="bbox 1854 5803 3421 5876; baseline -0.001 -17"><span class='ocrx_word' id='word_1_780' title='bbox 1854 5803 2057 5861; x_wconf 87' lang='lat' dir='ltr'><strong>dicium</strong></span> <span class='ocrx_word' id='word_1_781' title='bbox 2092 5819 2328 5876; x_wconf 89' lang='lat' dir='ltr'><strong>namque</strong></span> <span class='ocrx_word' id='word_1_782' title='bbox 2357 5804 2516 5875; x_wconf 83' lang='lat' dir='ltr'><strong>plane</strong></span> <span class='ocrx_word' id='word_1_783' title='bbox 2541 5803 2748 5874; x_wconf 85' lang='lat' dir='ltr'><strong>justum</strong></span> <span class='ocrx_word' id='word_1_784' title='bbox 2782 5810 2895 5867; x_wconf 80' lang='lat' dir='ltr'><strong>est;</strong></span> <span class='ocrx_word' id='word_1_785' title='bbox 2916 5811 2973 5858; x_wconf 90' lang='lat' dir='ltr'><strong>ut</strong></span> <span class='ocrx_word' id='word_1_786' title='bbox 3008 5803 3043 5857; x_wconf 91' lang='lat' dir='ltr'><strong>ii</strong></span> <span class='ocrx_word' id='word_1_787' title='bbox 3075 5803 3168 5873; x_wconf 91' lang='lat' dir='ltr'><strong>qui</strong></span> <span class='ocrx_word' id='word_1_788' title='bbox 3193 5811 3421 5859; x_wconf 88' lang='lat' dir='ltr'><strong>mortem</strong></span> 
     </span>
    </p>
   </div>
  </div>
