4122 6492
700 418 765 472 87
1532 416 1590 474 S.
1629 416 1999 473 ATHANASII
2039 417 2187 473 Ol’P.
2232 418 2410 472 PARS
2451 418 2536 472 Ill.
2581 451 2640 459 -—
2683 420 3092 478 EXEGETICA.
3840 425 3911 481 88

699 525 907 589 bomini
941 541 1209 596 struxere,
1241 533 1292 586 in
1347 549 1409 587 ea
1465 534 1579 604 ipsa
1614 550 1674 590 re
1708 537 2251 604 comprehendantur.

2359 537 2583 590 θάνατον
2623 541 2678 590 ἐν
2711 539 2854 610 αὐτῷ
2889 540 3303 610 περιληφθῆναι.
3351 542 3501 612 Τάχα
3548 541 3669 596 ἐπεὶ
3703 543 3796 597 καὶ
3829 539 3915 607 οἷς

700 619 951 680 Fortasse
978 625 995 692 (
1024 624 1075 677 id
1109 624 1224 694 ait)
1260 625 1388 693 quia
1423 624 1458 678 ii
1489 625 1544 679 in
1593 641 1732 695 quos
1763 624 1933 680 fertur
1963 627 2249 696 judicium,

700 713 928 780 iudicem
965 726 1292 784 cognoscent
1323 723 1564 785 tempore
1589 715 1801 785 judicii.

2356 630 2414 681 τὸ
2441 630 2613 700 κρίμα
2634 631 2854 698 γίνεται,
2881 630 3174 700 γνώσονται
3200 633 3288 686 τὸν
3331 634 3580 704 κρίνοντα
3632 636 3690 687 ὲν
3737 634 3914 708 καιρῷ

2355 721 2604 791 κρίσεως.

767 805 852 860 18,
897 805 1084 858 Daniel
1115 805 1383 860 Barbarus
1411 806 1832 862 :Convertantur
1866 819 2155 877 peccatores
2194 812 2246 862 in
2304 812 2584 880 infernum.
2625 814 2902 871 Dminones
2945 817 3170 884 scilicet,
3219 824 3272 872 et
3301 818 3612 886 quicunque
3663 817 3771 871 illis
3802 831 3916 871 ser.

698 898 928 951 tierunt.
969 895 1157 952 Omnes
1184 907 1353 967 gentes
1392 915 1506 969 qua!
1541 899 1914 954 obliviscuntur
1957 904 2139 954 Deum.
2180 901 2373 967 Grzrci,
2412 904 2669 971 haeretici,
2704 905 2892 961 .lnd:ei.

766 986 856 1040 20.
889 985 1145 1058 Exsurge,
1177 988 1417 1053 Domine,
1447 1007 1547 1043 non
1573 990 1896 1058 confortatur
1923 993 2095 1046 homo.
2128 991 2254 1047 Pre-

697 1086 849 1131 catur
868 1075 1214 1146 Unigenitum
1240 1080 1292 1134 in
1325 1082 1485 1136 terris
1511 1083 1824 1138 illucescere
1848 1100 1861 1148 ;
1893 1100 1959 1138 ne
1983 1087 2254 1154 superbus

699 1167 788 1220 ille
817 1167 1084 1233 diabolus,
1121 1186 1281 1238 quem
1337 1171 1389 1224 in
1443 1175 1696 1241 praesenti
1749 1186 1906 1229 vocat
1955 1175 2254 1239 hominem,

699 1259 1046 1327 supercilium
1080 1262 1219 1315 ultra
1256 1263 1424 1318 tollat.
1468 1263 1785 1318 Judicentur
1812 1275 1984 1335 gentes
2023 1267 2077 1318 in
2127 1283 2253 1320 con-

698 1357 871 1416 spectu
925 1359 1033 1402 tuo.
1078 1350 1379 1407 Salutarem
1432 1358 1670 1422 gentium
1715 1355 2053 1410 vocationem
2103 1366 2255 1427 rogat

700 1439 863 1495 citius
891 1441 1100 1497 adesse.

769 1618 852 1672 2|.
885 1617 1176 1682 Constitue.
1210 1623 1444 1688 Domine,
1465 1623 1813 1692 legislatorem
1840 1641 1992 1692 super
2021 1642 2125 1678 eos.
2158 1624 2257 1678 Ec-

2437 997 2772 1063 Ἀνάστηθι,
2804 1001 3000 1066 Κύριε,
3040 1001 3125 1070 μὴ
3157 1001 3562 1067 κραταιούσθω
3585 1000 3914 1068 ἅνθρωπος.

2368 1086 2721 1156 Ἐπιλάμψειν
2769 1091 2880 1152 τοῖς
2929 1091 3018 1141 ἐπὶ
3047 1090 3147 1159 γῆς
3185 1089 3402 1159 εὔχεται
3462 1089 3552 1142 τὸν
3605 1090 3914 1160 Μονογενῆ·

2355 1179 2503 1242 ὅπως
2530 1182 2558 1233 ό
2579 1180 2901 1252 ὑψηλόφρων
2929 1183 3128 1245 ἐκεῖνος
3151 1182 3413 1245 διάϐολος,
3435 1182 3493 1234 ὃν
3522 1182 3612 1234 καὶ
3634 1181 3919 1254 ἄνθρωπον

2356 1270 2448 1322 ἐπὶ
2471 1270 2564 1322 τοῦ
2595 1273 2856 1342 παρόντος
2902 1273 3071 1333 καλεῖ,
3108 1272 3198 1324 ἐπὶ
3254 1273 3420 1326 πλείω
3458 1272 3531 1343 μὴ
3561 1273 3764 1345 ὲπαίρῃ
3819 1273 3919 1346 τὴν

2357 1358 2546 1429 ὀφρύν.
2572 1358 2952 1426 Κριθήτωσαν
2971 1361 3113 1426 ἔθνη
3133 1361 3386 1413 ἐνώπιόν
3410 1377 3543 1414 σου.
3572 1362 3681 1432 Τὴν
3703 1362 3796 1416 ἐπὶ
3822 1378 3920 1416 σω-

2357 1449 2520 1520 τηρίᾳ
2544 1450 2836 1522 γενομένην
2866 1451 2969 1504 τῶν
2998 1451 3162 1504 ἐθνῶν
3187 1453 3375 1522 κλῆσιν
3403 1453 3739 1507 ἐπισπεύδων
3769 1452 3923 1525 εὔχε-

2360 1559 2462 1593 ται.

2430 1632 2842 1698 Κατάστησον,
2879 1635 3067 1700 Κύριε,
3094 1635 3420 1702 νομοθέτην
3441 1635 3531 1688 ἐπ’
3554 1637 3793 1702 αὐτούς.
3812 1637 3924 1690 Καὶ

699 1709 822 1777 quis
855 1709 1131 1779 legislator
1165 1714 1273 1776 ille,
1310 1714 1413 1768 nisi
1444 1713 1534 1783 qni
1571 1712 1703 1768 Novi
1725 1713 2053 1770 Testamenti
2087 1718 2255 1786 legem

2360 1724 2440 1787 τίς
2469 1725 2496 1776 ὁ
2519 1724 2813 1793 νομοθέτης
2839 1724 2870 1795 ἢ
2900 1726 2927 1777 ὁ
2957 1726 3046 1777 τὸν
3077 1726 3176 1795 τῆς
3223 1727 3427 1796 Καινῆς
3457 1726 3729 1797 Διαθήκης
3757 1727 3920 1798 νόμον

700 1800 861 1854 nobis
893 1801 1142 1856 induxit?
1169 1802 1348 1856 Sciant
1379 1815 1549 1874 gentes
1579 1807 1824 1874 quoniam
1853 1808 2083 1860 homines
2114 1817 2253 1860 sunt.

700 1887 802 1943 Per
829 1889 1100 1961 ingentem
1126 1891 1432 1947 drcmonnni
1477 1893 1770 1958 fallaciam,
1805 1896 1858 1948 in
1886 1896 2257 1964 iumentorum

701 1996 907 2036 morem
961 1985 1276 2039 commutati
1328 1995 1524 2047 erant,
1577 1997 1638 2040 ut
1680 1987 1746 2042 de
1789 1987 1896 2042 illis
1950 1988 2254 2044 diceretur:

703 2072 1053 2142 Comparatus
1100 2086 1177 2129 est
1213 2077 1468 2144 jumentis
1519 2077 1918 2147 insipientibus,
1973 2091 2021 2132 et
2071 2082 2259 2135 similis

702 2163 877 2231 factus
901 2175 975 2217 est
1008 2166 1117 2218 illis
1148 2166 1214 2219 ⁸³.

976 2275 1314 2333 ΡεΑιΜυε
1343 2279 1389 2332 Χ
1423 2281 1705 2334 secundum
1744 2281 2011 2335 Hebrreos.

773 2365 825 2418 1.
865 2365 1092 2437 thuid,
1125 2369 1362 2432 Domine,
1397 2372 1658 2424 recessisti
1697 2371 1865 2442 longe.
1902 2371 2073 2443 Rogat
2108 2390 2260 2428 acce-

701 2457 862 2511 lerari
897 2462 1134 2527 gentium
1184 2463 1523 2514 vocationem
1579 2463 1793 2516 modico
1850 2473 1970 2532 post
2019 2473 2260 2533 tempore

702 2545 964 2601 futuram.
1003 2547 1239 2617 ldipsum
1277 2557 1456 2604 autem
1492 2549 1668 2605 ell‘ecit
1705 2552 1909 2606 diaboli
1947 2555 2220 2622 superbia.

768 2721 822 2775 2.
841 2719 979 2774 Dum
1007 2721 1236 2791 superbit
1261 2723 1472 2791 impius,
1491 2724 1788 2777 incenditur
1811 2741 2028 2796 panper.
2058 2725 2258 2796 Supero

703 2813 813 2878 hia,
849 2813 1047 2882 inquit,
1084 2813 1340 2883 improbi,
1369 2815 1526 2884 quasi
1561 2815 1870 2870 incendium
1904 2827 1986 2872 est
2013 2818 2257 2887 pauperi,

702 2904 905 2974 populo
951 2907 1160 2961 scilicet
1190 2917 1304 2961 tuo.
1362 2907 1886 2976 Comprehenduntur
1922 2911 1975 2963 in
2023 2910 2256 2964 consiliis

700 2995 887 3065 quibus
949 2998 1199 3066 cogitant.
1260 2997 1313 3051 Id
1371 3007 1474 3061 est,
1525 2999 2070 3068 comprehendentur.
2118 2999 2252 3056 Nam

701 3095 760 3141 tu
778 3101 860 3149 es,
879 3087 1077 3156 inquit,
1107 3087 1200 3156 qui
1229 3089 1646 3158 eomprehendis
1678 3093 1948 3160 sapientes
1974 3092 2027 3146 in
2059 3093 2255 3147 astutia

701 3191 889 3234 eorum
912 3178 979 3234 “.

772 3272 826 3326 5.
854 3270 1114 3335 Quoniam
1143 3272 1396 3327 laudatur
1422 3283 1662 3343 peccator
1689 3276 1743 3326 in
1768 3274 2041 3329 desideriis
2069 3275 2258 3330 animi:

701 3376 832 3414 sure.
863 3361 1058 3425 Tanta,
1113 3364 1306 3432 inquit,
1353 3363 1452 3417 fuit
1484 3364 1602 3432 ejus
1654 3363 1962 3427 clementia,
2013 3374 2090 3432 ut,
2132 3369 2256 3436 quia

705 3453 856 3523 impii
887 3454 1134 3524 impuniti
1171 3457 1541 3521 remanebant,
1567 3457 1786 3511 demum
1821 3458 1961 3526 apud
1991 3460 2254 3528 quosdam

703 3546 1057 3602 stultissimos
1107 3549 1354 3605 homines
1392 3564 1581 3604 eorum
1627 3550 1737 3603 vita
1790 3558 2008 3619 accepta
2035 3561 2176 3605 esset
2206 3561 2259 3606 et

703 3636 1038 3692 laudaretur.

774 3726 826 3781 4.
870 3725 1218 3782 Exacerbavit
1266 3729 1551 3783 Dominum
1599 3740 1861 3800 peccator.
1906 3729 2261 3787 Exacerbavit

703 3816 920 3886 quidem
952 3818 1228 3874 irridendo
1256 3821 1401 3876 illius
1425 3821 1489 3876 de
1515 3821 1850 3891 providentia
1875 3832 1927 3878 et
1953 3823 2018 3877 de
2054 3822 2258 3891 judicio

702 3909 887 3965 verba.
924 3909 1076 3966 Multi
1103 3928 1336 3982 namque
1376 3929 1500 3968 cum
1549 3914 1925 3983 hujuscemodi
1978 3914 2257 3985 quidpiam

704 4000 954 4069 audiunt,
980 4003 1166 4058 statim
1184 4004 1380 4058 rident.
1403 4002 1513 4058 Hoc
1541 4016 1724 4060 autem
1751 4005 2130 4075 subiungitur:
2167 4003 2260 4069 Se-

704 4097 938 4153 cundum
970 4095 1356 4149 multitudinem
1388 4097 1481 4148 ira:
1527 4112 1653 4150 suae.
1713 4095 1783 4150 Ut
1827 4097 1902 4151 ita
1961 4112 2018 4152 se
2065 4098 2261 4152 habeat

705 4199 813 4247 tota
847 4187 1142 4241 sententia:
1176 4185 1531 4240 Exaccrbavit
1563 4185 1873 4251 Dominum,
1907 4185 2098 4255 inquit,
2133 4203 2259 4255 pec-

703 4290 878 4344 cator,
927 4278 1331 4333 multitudinem
1376 4279 1468 4333 irze
1519 4278 1622 4332 sibi
1672 4279 2069 4332 thesaurizans.
2123 4276 2257 4332 lllud

2361 1817 2487 1886 ἡμῖν
2512 1816 2969 1886 εἰσηγησάμενος;
2997 1816 3330 1870 Γνὼτωσαν
3355 1817 3498 1885 ἔθνη
3522 1859 3536 1883 ,
3569 1819 3656 1872 ὅτι
3694 1819 3921 1888 ἄνθρω-

2359 1908 2460 1960 ποί
2509 1910 2643 1962 εἰσι.
2671 1909 2746 1979 Τῇ
2795 1909 3062 1981 ὑπερϐολῇ
3093 1911 3190 1979 τῆς
3236 1909 3343 1963 τῶν
3390 1909 3678 1980 δαιμονίων
3704 1911 3922 1982 ἀπάτης

2359 1999 2436 2062 εἰς
2470 1999 2677 2069 κτηνῶν
2714 1998 2853 2070 ἦσαν
2877 2002 3285 2072 μετενεχθέντες
3307 2003 3503 2074 τρόπον
3521 2019 3533 2032 ·
3566 2002 3640 2065 ὡς
3665 2000 3922 2069 λέγεσθαι

2360 2093 2488 2162 περὶ
2523 2092 2733 2144 αὐτῶν·
2773 2093 3281 2161 "(macrus-86.122011
3337 2093 3459 2160 τοῖς
3491 2093 3742 2162 κτήνεσι
3793 2092 3923 2160 τοῖς

2359 2183 2634 2252 ἀνοήτοις
2659 2184 2754 2237 καὶ
2782 2183 3044 2254 ὡμοιώθη
3073 2184 3295 2249 αὐτοῖς.

2946 2273 3250 2325 ΨΑΛΜΟΣ
3286 2275 3349 2326 I'.

2430 2363 2560 2416 Ἵνα
2586 2362 2662 2425 tl,
2683 2364 2877 2428 Κύριε,
2903 2362 3250 2430 ἀφέστηκας
3273 2367 3568 2433 μακρόθεν
3583 2381 3601 2429 ;
3629 2364 3921 2435 Ἐπιταχῦ-

2360 2469 2445 2506 va:
2477 2451 2570 2521 τὴν
2621 2451 2824 2522 μακρὸν
2884 2451 3108 2522 ὕστερον
3153 2455 3521 2524 γενησομένην
3581 2455 3772 2525 κλῆσιν
3807 2455 3922 2507 τῶν

2360 2542 2526 2595 ὲθνῶν
2564 2541 2799 2611 εὔχεται.
2833 2543 3000 2596 Τοῦτο
3024 2543 3080 2595 δὲ
3118 2544 3248 2598 αὐτὸ
3280 2544 3574 2616 πεποίηκεν
3609 2547 3643 2613 ἡ
3669 2542 3762 2597 τοῦ
3807 2543 3924 2596 δια-

2361 2633 2511 2687 δόλου
2552 2633 2835 2704 ὑπεροψία.

2441 2730 2535 2782 Ἐν
2561 2726 2636 2793 τῷ
2661 2729 3208 2796 ὐπερηφανεύεσθαι
3250 2728 3357 2781 τὸν
3398 2728 3588 2796 ἀσεϐῆ
3617 2727 3924 2798 ἐμπυρίζε-

2359 2837 2451 2874 ται
2472 2824 2503 2874 ό
2531 2821 2798 2889 πτωχός.-
2819 2821 2880 2872 Ἡ
2914 2820 3200 2891 ὑπεροψία,
3229 2821 3382 2892 φησὶ,
3416 2819 3510 2873 τοῦ
3535 2818 3791 2891 πονηροῦ,
3815 2819 3922 2873 πύ-

2365 2929 2523 2985 ρωσις
2555 2913 2631 2983 τῷ
2666 2912 2862 2983 πτωχῷ
2899 2929 2989 2965 σου
3023 2912 3227 2980 γίνεται
3267 2912 3406 2982 λαῷ·
3454 2912 3922 2978 Συλλαμόἁνον·

2361 3021 2452 3057 ται
2493 3004 2562 3057 ἐν
2593 3003 2970 3068 διαϐουλίοις,
3003 2999 3091 3068 οἷς
3128 3003 3574 3073 διαλογίζονται.
3619 3004 3761 3056 Ἀντὶ
3802 3002 3918 3068 τοῦ,

2360 3094 2840 3166 συλληφθήσονται.
2885 3095 2955 3147 Σὺ
2999 3096 3106 3165 γὰρ
3143 3090 3223 3155 εἷ,
3253 3096 3436 3163 φησιν,
3480 3095 3508 3146 ὁ
3553 3093 3922 3165 δρασσόμενος

2357 3188 2481 3249 τοὺς
2514 3187 2709 3254 σοφοὺς
2739 3187 2794 3238 ὲν
2815 3189 2878 3256 τῇ
2912 3186 3210 3258 πανουργίᾳ
3236 3185 3434 3241 αὐτῶν.

2431 3274 2548 3326 Ὅτι
2570 3274 2889 3328 ἐπαινεῖται
2904 3278 2936 3328 ὁ
2964 3275 3306 3344 ἁμαρτωλός
3329 3276 3398 3329 ἐν
3420 3275 3547 3343 ταῖς
3583 3277 3922 3348 ἐπιθυμίαις

2357 3363 2467 3431 τῆς
2497 3364 2706 3434 ψυχῆς
2733 3365 2937 3418 αὑτοῦ.
2967 3365 3232 3436 Τοσαύτη,
3271 3367 3403 3437 φησὶ
3426 3406 3441 3428 ,
3478 3367 3699 3435 γέγονεν
3745 3369 3780 3440 ἡ
3801 3368 3922 3422 ev-

2357 3457 2626 3523 ιξικακία,
2681 3457 2755 3520 ὡς
2789 3458 2898 3521 καὶ,
2943 3457 3029 3509 διὰ
3059 3457 3116 3510 τὸ
3167 3458 3542 3529 ἀτιμωρήτους
3581 3458 3761 3528 μένειν
3792 3461 3922 3522 τοὺς

2358 3545 2591 3614 ἀσεϐεῖς,
2623 3546 2804 3600 λοιπὸν
2833 3547 2925 3599 καὶ
2954 3546 3104 3618 παρὰ
3125 3564 3231 3600 τισι
3261 3546 3370 3600 τῶν
3390 3547 3755 3620 ἀνοητοτέρων
3783 3548 3922 3602 ἁπό-

2356 3637 2540 3690 δεκτον
2571 3638 2749 3700 αὐτοῖς
2777 3632 2913 3689 εἶναι
2939 3638 3026 3690 τὸν
3055 3637 3187 3708 βίον.

2427 3725 2744 3794 Παρώξυνε
2774 3727 2877 3780 τὸν
2902 3729 3117 3795 Κύριον
3142 3731 3174 3781 ό
3206 3728 3569 3797 ἁμαρτωλός.
3619 3728 3915 3800 Παρώξυνε

2361 3819 2458 3890 μὲν
2487 3819 2756 3890 χλευάζων
2797 3820 2921 3882 τοὺς
2950 3820 3076 3890 περὶ
3111 3820 3361 3890 προνοίας
3413 3820 3504 3873 καὶ
3543 3820 3639 3890 τῆς
3682 3821 3922 3892 κρίσεως

2359 3909 2520 3963 αὑτοῦ
2549 3909 2756 3977 λόγους.
2784 3911 2972 3965 Πολλοὶ
3003 3911 3100 3982 μὲν
3123 3911 3230 3982 γὰρ
3254 3911 3543 3975 ἀκούοντες
3584 3910 3828 3966 τοιοῦτόν
3865 3931 3920 3968 τι

2358 4000 2584 4070 γελῶσιν
2617 3999 2814 4064 εὐθέως
2834 4019 2846 4030 ·
2875 4001 3032 4054 τοῦτο
3065 4002 3121 4055 δὲ
3158 4003 3482 4056 συνάπτεται
3505 4042 3520 4062 ,
3563 4002 3623 4055 τὸ
3662 4002 3827 4057 Κατὰ
3851 4003 3920 4058 τὸ

2358 4092 2588 4159 πλῆθος
2634 4089 2742 4158 τῆς
2779 4090 2960 4160 ὀργῆς
2990 4093 3172 4146 αὑτοῦ
3197 4109 3210 4122 ·
3241 4093 3324 4145 ἵνα
3431 4091 3490 4144 τὺ
3539 4091 3658 4145 ὅλον
3711 4091 3916 4157 οὕτως’

2358 4181 2647 4253 Παρώξυνε
2683 4182 2771 4235 τὸν
2797 4182 3018 4253 Κύριον,
3057 4183 3238 4254 φησὶν.
3265 4184 3293 4235 ὁ
3328 4183 3678 4256 ἁμαρτωλὸς,
3712 4183 3920 4252 πλῆθος

2357 4271 2524 4344 ὀργῆς
2577 4270 2750 4342 ἑαυτῷ
2777 4271 3138 4342 θησαυρίζων.
3191 4274 3264 4326 Τὸ
3307 4274 3434 4345 γὰρ,
3466 4273 3672 4337 αὐτοῦ,
3701 4274 3796 4328 ἐπὶ
3821 4273 3919 4327 τοῦ

701 4371 870 4434 enim,
904 4386 1033 4433 suis,
1062 4369 1127 4423 de
1150 4369 1512 4423 exacerbante
1534 4378 1617 4423 est
1639 4368 2034 4437 accipiendum.
2056 4367 2255 4423 Deinde

2362 4360 2757 4432 παροξύναντος
2785 4361 3038 4432 ληπτέον.
3072 4358 3200 4415 Εἶτα
3224 4363 3283 4416 τὸ
3318 4363 3706 4434 ἐπιφερόμενον
3735 4362 3919 4426 τοῦτο,

702 4462 848 4533 quod
887 4461 1090 4516 dicitur
1120 4480 1131 4514 :
1166 4477 1268 4512 non
1306 4469 1521 4529 queret,
1555 4476 1678 4512 cum
1717 4460 2150 4528 interpunctione
2186 4459 2260 4515 le-

703 4553 959 4624 gendum,
983 4562 1041 4605 ut
1069 4553 1140 4604 ita
1182 4552 1627 4619 intelligaturzAn
1665 4550 1752 4605 ille
1778 4552 1939 4605 homo
1967 4549 2133 4604 Deum
2166 4566 2255 4604 ex-

701 4642 940 4701 aeerbat,
974 4641 1066 4695 irae
1097 4641 1199 4694 sibi
1229 4641 1657 4711 magnitudinem
1689 4641 2011 4706 accendens,
2040 4649 2095 4694 et
2117 4638 2258 4694 Deus

702 4749 810 4788 non
851 4734 1092 4802 quiet-et?
1119 4733 1253 4786 Cum
1280 4732 1716 4800 interpunCtione
1745 4731 1927 4800 itaque
1949 4730 2256 4801 legendum,

702 4837 761 4882 ut
792 4827 863 4882 sit
887 4826 975 4880 hic
1010 4840 1203 4879 sensus
1231 4842 1245 4878 :
1275 4823 1471 4875 Annon
1505 4830 1708 4890 quaeret
1745 4822 1884 4876 Deus
1904 4821 1926 4874 ?
1946 4837 2126 4876 annon
2159 4820 2258 4874 tri-

700 4919 828 4973 buet
857 4918 956 4986 ipsi
990 4916 1287 4973 secundum
1321 4915 1480 4979 iram,
1528 4929 1691 4984 quam
1738 4913 1839 4969 sibi
1871 4913 2259 4968 thesaurizavit

700 5011 754 5066 in
787 5011 874 5066 die
900 5010 993 5064 irm
1019 5025 1129 5065 suae
1160 5008 1183 5061 ?

770 5101 823 5154 5.
861 5097 981 5152 Non
1010 5111 1084 5151 est
1110 5097 1247 5151 Deus
1276 5097 1328 5149 in
1356 5105 1630 5164 conspectu
1660 5094 1794 5162 ejus.
1832 5093 2047 5146 Initium
2079 5094 2257 5148 omnis

701 5191 927 5258 improbi
975 5190 1152 5259 operis
1204 5201 1286 5243 est
1331 5186 1498 5241 Deum
1552 5201 1658 5241 non
1711 5187 1947 5256 cogitare
1993 5183 2252 5253 judicent.

701 5282 1028 5350 Auferuntur
1055 5282 1262 5349 judicia
1295 5291 1385 5333 tua
1423 5298 1455 5332 a
1482 5279 1617 5347 [acie
1653 5277 1786 5346 ejus.
1821 5275 1953 5330 Nam
1979 5276 2071 5345 qui
2101 5277 2254 5344 igno-

699 5386 781 5427 rat
809 5388 926 5428 esse
946 5372 1134 5437 Deum,
1166 5373 1378 5441 ignorat
1410 5371 1534 5424 item
1567 5384 1687 5424 esse
1711 5368 1972 5435 jndicem.
2008 5365 2252 5420 Omnium

697 5463 1030 5517 inimicorum
1065 5478 1280 5515 suorum
1329 5458 1708 5514 dominabitur.
1763 5457 1949 5511 Simile
2003 5467 2084 5510 est
2133 5455 2252 5510 illi:

700 5553 1008 5609 Universum
1055 5552 1228 5606 orbem
1288 5569 1445 5605 manu
1492 5549 1920 5619 comprehendam
1972 5549 2125 5617 quasi
2175 5548 2255 5600 ni—

694 5646 820 5697 dum
836 5645 880 5675 ⁸⁸
933 5643 1081 5697 Dixit
1111 5645 1248 5696 enim
1282 5645 1333 5696 in
1373 5642 1527 5695 corde
1553 5657 1680 5695 suo:
1709 5639 1829 5694 Non
1861 5639 2118 5705 movebar,
2146 5647 2249 5694 etc.

2362 4456 2472 4507 οὐκ
2508 4451 2834 4520 ἐκᾷῃτήσει,
2871 4453 2989 4519 καθ’
3020 4455 3357 4525 ὑποστιγμὴν
3388 4455 3788 4523 ἀναγνωστέονο
3829 4455 3920 4510 ἵνα

2360 4543 2393 4620 ᾖ
2421 4545 2480 4597 τὸ
2508 4545 2789 4614 νοούμενον
2814 4545 2984 4607 οὕτως
3008 4561 3020 4575 ·
3056 4542 3179 4616 'Ap’
3218 4542 3309 4599 οὖν
3339 4548 3366 4598 ό
3396 4545 3492 4617 μὲν
3516 4543 3804 4616 παροξύνει
3827 4545 3920 4601 τὸν

2359 4635 2510 4700 Θεὸν,
2541 4636 2715 4689 καίτοι
2747 4636 2947 4706 πλῆθος
2987 4637 3135 4708 αὐτῷ
3164 4637 3396 4691 ἐκκαίων
3430 4637 3633 4708 ὀργῆς,
3672 4636 3784 4709 δ’δὲ
3816 4636 3920 4692 οὐκ

2359 4727 2682 4798 ἐκζητήσει;
2733 4728 2868 4781 Καθ’
2907 4729 3246 4798 ὑποστιγμῆν
3289 4731 3322 4799 ἡ
3351 4729 3686 4796 ﬂavum"
3728 4729 3815 4781 ἵνα
3899 4743 3916 4758 .

2359 4819 2471 4873 Οὐκ
2519 4816 2828 4887 ἐπιζητήσει,
2873 4819 3056 4889 φησὶν,
3084 4818 3286 4881 ὁΘεδς,
3313 4819 3407 4871 καὶ
3453 4816 3719 4870 ἀποδώσει
3768 4816 3920 4888 αὺτῷ

2359 4910 2496 4966 κατὰ
2525 4912 2623 4981 τὴν
2672 4908 2869 4980 ὀργὴν,
2910 4911 2973 4980 ἢν
3021 4910 3197 4980 ἑαυτῷ
3229 4908 3583 4980 ὲθησαύρισεν
3627 4909 3686 4962 ὲν
3734 4907 3920 4980 ἡμέρᾳ

2356 5002 2524 5074 ὀργῆς
2558 4996 2751 5061 αὐτοῦς
3449 4988 3457 4998 ’

2421 5096 2542 5148 Οὐκ
2569 5096 2737 5150 ἔστιν
2765 5096 2797 5148 ό
2837 5092 2977 5157 θεὸς
3013 5092 3264 5145 ἐνώπιον
3298 5091 3501 5146 αὐτοῦ.
3539 5088 3703 5161 Ἀρχὴ
3736 5087 3919 5158 πάσης

2359 5188 2598 5257 πονηρᾶς
2626 5186 2871 5256 πράξεως
2909 5184 2970 5236 τὺ
2996 5184 3070 5255 μὴ
3099 5183 3404 5252 λογίζεσθαι
3428 5181 3615 5254 κριτὴν
3643 5179 3880 5234 τὸνθεόν
3897 5194 3915 5212 ⁸

2369 5277 2789 5343 Ἆνταναίρεται
2814 5276 2884 5329 τὰ
2911 5274 3159 5343 κρίματά
3179 5290 3293 5327 σου
3316 5273 3430 5327 ἀπὸ
3461 5269 3782 5341 προσώπου
3806 5271 3917 5324 αὐ-

2357 5369 2481 5423 τοῦ.
2523 5369 2580 5422 Ὁ
2613 5369 2720 5439 γὰρ
2752 5369 2824 5440 μὴ
2851 5367 3230 5438 ἐπιστάμενος,
3259 5367 3339 5419 ὅτι
3361 5365 3474 5418 ἔστι
3508 5364 3657 5427 Θεὸς,
3682 5362 3801 5416 οὐδὲ
3834 5363 3915 5416 ὃτι

2357 5461 2549 5535 κριτής
2585 5464 2726 5514 ἐστιν
2759 5456 2888 5515 οἶδε.
2923 5459 3168 5514 Πάντων
3197 5458 3313 5514 τῶν
3343 5457 3568 5529 ἐχθρῶν
3598 5455 3782 5511 αὐτοῦ
3809 5471 3914 5510 κα-

2356 5553 2750 5618 τακυριεύσει.
2804 5553 3026 5622 Ὅμοιον
3073 5551 3134 5605 τὸ
3161 5591 3176 5613 ,
3233 5551 3355 5618 Τὴν
3383 5547 3737 5619 οὶκουμένην
3764 5546 3917 5617 ὅλην

2356 5642 2774 5711 καταλήψομαι
2796 5643 2869 5714 τῇ
2893 5644 3044 5715 χειρί
3068 5661 3184 5713 μου
3211 5646 3289 5710 ὡς
3316 5641 3593 5697 νοσσιὰν.
3637 5635 3782 5695 Εἶπε
3808 5639 3916 5710 γὰρ

774 5795 968 5854 “Psal.
997 5813 1182 5865 sum,
1218 5797 1304 5851 l3.
1381 5794 1545 5852 “Job
1577 5812 1630 5860 ν,
1671 5796 1754 5850 l3.
1832 5797 1876 5828 "
1902 5793 2006 5849 lsa.
2039 5812 2090 5858 ι,
2129 5793 2217 5858 lt,
2250 5795 2405 5864 juxta
2436 5793 2598 5850 LXX.
