4122 6502
207 443 269 500 89
1340 448 1702 506 EXPOSITIO
1742 450 1808 505 IN
1847 451 2180 512 PSALMUM
2219 457 2282 514 Χ.
3354 478 3425 534 90

203 565 267 616 ἐν
298 559 368 629 τῇ
397 563 620 630 καρδίᾳ
645 561 831 618 αὑτοῦ
850 579 863 594 ·
901 563 984 618 Οὐ
1006 564 1092 633 μὴ
1121 564 1416 620 σαλευθῶ.
1463 567 1604 619 Ἀντί⁵
1628 566 1722 621 τοῦ
1749 585 1753 597 ί

1869 568 1923 624 ld
1953 582 2073 626 est:
2111 572 2226 628 Non
2281 575 2511 630 inducar
2551 577 2602 630 in
2653 594 2916 660 errorem,
2973 600 3078 640 non
3111 598 3323 645 evertar
3368 592 3423 648 in

204 655 269 709 οὐ
308 654 379 726 μὴ
417 655 632 724 σφάλω,
668 656 728 710 οὐ
773 657 846 728 μὴ
893 659 1372 729 περιτραπὴσομαι
1413 661 1490 723 είς
1523 662 1710 729 γενεάν
1738 677 1750 690 ·

201 742 253 799 ού
277 743 380 812 γὰρ
404 742 603 812 ἔσομαι
641 747 698 798 ἐν
728 744 983 799 κακώσει.

1863 666 2281 733 generationem,
2309 684 2411 721 non
2444 669 2494 722 in
2526 671 2686 726 malis
2716 689 2830 729 ero.

271 835 460 902 Adjicit
496 824 636 887 Dan.
687 834 850 889 Barb.
895 835 1027 889 Nam
1060 835 1368 905 quicunque
1405 837 1514 890 vitii
1552 838 1820 907 particeps
1843 847 1944 900 est,
1981 838 2110 891 nihil
2141 854 2303 909 grave
2332 855 2390 893 se
2417 841 2724 897 subiturum
2762 856 2930 914 putat.

269 925 417 997 [00x
444 927 624 980 ἐστιν
661 930 692 981 ό
733 926 874 992 Θεὸς
918 926 1172 981 ἐνώπιον
1216 929 1424 983 αὑτοῦ.
1489 931 1762 985 Ἐκϐαλὼν

1937 929 2080 1002 [Non
2113 943 2188 986 est
2219 931 2357 986 Deus
2382 935 2435 986 in
2465 947 2742 1005 conspectu
2775 940 2907 1007 ejus.
2943 941 3178 1012 Expulso
3209 963 3272 1001 ex
3306 949 3424 1002 ani-

204 1018 282 1070 τὸν
315 1015 452 1070 θεῖον
477 1017 645 1087 φόϐον
673 1020 736 1071 ὲκ
777 1021 872 1088 τῆς
931 1017 1125 1088 ψυχῆς,
1177 1020 1466 1084 διαπαντὸς
1496 1025 1553 1075 ἐν
1601 1023 1753 1094 κακίᾳ

1864 1039 1952 1077 ma
1981 1040 2078 1079 sua
2115 1023 2206 1078 Dei
2252 1026 2447 1081 timore
2471 1070 2486 1093 ,
2515 1044 2730 1099 semper
2774 1035 2826 1086 in
2860 1035 3061 1089 malitia
3095 1049 3420 1106 perseverat.

203 1107 472 1178 διατρίϐει.
522 1109 694 1180 Ἀρχὴ
715 1109 891 1181 πάσης
917 1112 1156 1180 πονηρᾶς
1183 1111 1433 1182 πράξεως
1467 1112 1527 1165 τὸ
1555 1112 1629 1184 μὴ
1679 1113 1753 1166 λο-

1863 1115 2198 1185 Principium
2227 1121 2406 1175 omnis
2447 1124 2600 1177 malm
2643 1125 2874 1180 actionis
2903 1137 3014 1194 est,
3042 1145 3147 1184 non
3186 1134 3426 1202 cogitare

199 1199 430 1266 γίζεσθαι
452 1202 651 1273 κριτὴν
678 1203 764 1253 τὸν
777 1201 922 1254 Θεόν.
956 1202 1393 1270 Ἀνταναῲεται
1415 1204 1486 1256 τὰ
1505 1204 1755 1272 χρίματὰ

196 1307 302 1346 σου
330 1292 448 1346 ἀπὸ
493 1291 820 1361 προσώπου
857 1291 1061 1346 αὑτοῦ.
1113 1294 1187 1345 Ού
1252 1294 1497 1364 βούλεται
1530 1295 1748 1360 εἰδέναι,

195 1385 266 1435 ὅτι
295 1383 486 1454 κριτὴς
525 1380 577 1436 εἷ
617 1384 842 1446 δίκαιος·
892 1385 920 1436 ὁ
953 1383 1061 1454 γὰρ
1119 1386 1190 1456 μὴ
1241 1387 1620 1457 ἐπιστάμενος,
1671 1388 1752 1440 ὅτι

195 1475 299 1526 ἔστι
326 1475 478 1540 Θεὸς,
507 1475 631 1528 οὐδὲ
651 1477 730 1528 ὅτι
757 1479 946 1546 κριτής
992 1477 1137 1528 ἐστιν
1176 1475 1304 1530 οἶδε.
1363 1477 1610 1532 Πάντων
1637 1477 1754 1532 τῶν

195 1564 408 1634 ἐχθρῶν
437 1565 631 1620 αὐτοῦ
686 1568 1158 1634 κατακτιριεύσει.
1191 1567 1312 1620 Τῶν
1356 1570 1674 1640 πειρασμῶν
1707 1572 1756 1624 οἱ

199 1655 286 1724 μὲν
313 1658 679 1727 προσάγονται
701 1659 766 1728 τῇ
792 1657 1016 1727 ψυχῇ,οί
1039 1658 1094 1710 δὲ
1115 1657 1193 1727 τῷ
1219 1658 1447 1729 σώματι,
1481 1661 1529 1712 oi
1561 1661 1616 1713 δὲ
1642 1665 1755 1726 τοῖς

197 1743 340 1816 πέριξ
369 1744 465 1798 τοῦ
499 1745 773 1817 σώματος.
795 1747 901 1800 Καὶ
935 1749 983 1799 οί
1041 1748 1138 1817 μὲν
1169 1749 1312 1820 ψυχῇ
1362 1752 1756 1822 προσαγόμενοι

1860 1205 2098 1275 judicent
2131 1206 2320 1264 Deum.
2372 1212 2696 1280 Aufer-untur
2729 1215 2936 1283 judicia
2965 1228 3057 1272 tua
3079 1239 3110 1273 a
3133 1221 3268 1290 {acie
3286 1225 3421 1292 ejus.

1860 1296 2032 1353 Nosse
2065 1315 2176 1354 non
2208 1301 2320 1354 vult
2350 1311 2402 1355 te
2434 1303 2675 1372 judicent
2720 1323 2839 1362 esse
2861 1309 3070 1378 justum
3108 1331 3121 1368 ι
3154 1315 3246 1383 qni
3279 1315 3422 1368 enim

1865 1403 1973 1440 non
2018 1390 2170 1443 novit
2208 1404 2328 1444 esse
2368 1389 2537 1446 Deum
2567 1435 2582 1458 ,
2620 1410 2794 1464 neque
2838 1397 3075 1466 judicem
3107 1416 3227 1456 esse
3254 1404 3422 1460 novit.

1869 1476 2118 1532 Omnium
2143 1480 2474 1534 inimicorum
2503 1499 2717 1537 suorum
2738 1486 3112 1542 dominabitur.
3146 1489 3426 1546 Tentatio-

1863 1581 1960 1621 nes
1991 1567 2107 1621 alite
2139 1569 2324 1622 animo
2350 1609 2363 1634 ,
2411 1573 2624 1640 corpori
2663 1575 2783 1628 alia:
2810 1576 3167 1645 objiciuntur;
3213 1581 3332 1634 alite
3357 1582 3427 1637 iis

1865 1671 1984 1725 qua:
2015 1657 2218 1711 circum
2257 1673 2454 1727 corpus
2485 1669 2788 1714 versantur.
2820 1661 2948 1727 Qnae
2975 1665 3159 1719 animo
3188 1664 3426 1720 oll'erun-

1863 1755 1972 1808 tur,
2019 1747 2377 1817 cogitationes
2428 1749 2652 1818 impura:
2698 1762 3101 1822 nuncupantur,
3141 1771 3263 1825 quae
3303 1771 3425 1825 pec-

193 1832 427 1903 λογισμοὶ
487 1834 789 1907 ἀκάθαρτοι
837 1835 1100 1904 λέγονται,
1159 1839 1430 1910 ἁμαρτίας
1455 1841 1752 1907 γεννῶντες

1859 1845 1980 1891 cata
2014 1845 2067 1890 et
2117 1838 2368 1908 dogmata
2405 1837 2542 1894 falsa
2579 1849 2868 1909 generant;
2905 1857 3027 1911 qua:
3075 1844 3289 1912 corpori
3327 1845 3426 1899 ad-

195 1926 276 1977 καὶ
309 1924 558 1998 δόγματα
586 1925 778 1997 ψευδῆ⁹
832 1928 964 1989 οἶδὲ
1007 1927 1082 1998 τῷ
1134 1928 1342 1998 σώματι
1377 1931 1758 2001 προσφερόμε-

192 2030 263 2067 νοι
302 2015 531 2086 πληγῶν
563 2018 657 2070 καὶ
716 2016 1093 2090 στρεϐλώσεων
1118 2019 1210 2070 καὶ
1237 2018 1490 2088 διωγμῶν
1529 2021 1624 2073 καὶ
1655 2038 1751 2090 φυ-

193 2105 361 2158 λακῶν
385 2109 480 2160 καὶ
526 2107 772 2162 θανάτων
800 2109 957 2161 αῐτιοι
1004 2109 1259 2176 γίνονται·
1288 2111 1337 2162 οἱ
1382 2111 1438 2164 δὲ
1477 2111 1583 2166 τῶν
1630 2113 1760 2184 περὶ

192 2192 278 2246 τοῦ
315 2193 569 2266 σώματος
619 2195 910 2266 πειρασμοὶ
943 2195 1254 2266 περιέχουσι
1300 2194 1499 2267 ζημίας
1542 2198 1758 2268 χρημά-

192 2301 289 2339 των
310 2287 404 2339 xui.
429 2287 728 2358 κτημάτων
757 2287 850 2339 καὶ
874 2285 1145 2348 ἀποϐολὰς
1161 2287 1362 2338 τέκνων
1381 2288 1758 2355 καὶγυναικῶν

192 2376 527 2448 ἀφαιρέσεις.
557 2377 724 2448 Δῆλον
767 2373 858 2430 οὖν
882 2378 1027 2428 ἐστιν
1060 2377 1124 2429 ὲκ
1155 2376 1380 2439 τούτων,
1427 2377 1506 2428 ὅτι
1543 2379 1757 2443 παντως

191 2465 270 2520 διά
294 2485 439 2531 τινος
469 2467 582 2520 τῶν
633 2468 1062 2538 κατειλεγμένων
1108 2469 1426 2538 πειρασμῶν
1478 2469 1758 2539 ἐκυρίευσε

193 2560 380 2622 παντὸς
412 2559 630 2612 δικαίου
659 2561 688 2612 ό
712 2560 971 2622 Σατανᾶς·
1001 2560 1158 2630 μόνος
1187 2561 1295 2631 γὰρ
1323 2561 1365 2612 Χ
1375 2561 1552 2631 ριστδς
1585 2562 1760 2630 ἀμαρ-

191 2650 316 2705 τίαν
347 2653 457 2705 οὐκ
514 2652 782 2720 ἐποίησε,
829 2654 926 2706 καὶ
961 2655 1072 2723 οὐχ
1117 2651 1326 2721 εὑρέθη
1380 2652 1559 2719 δόλος
1583 2654 1652 2706 ἐν
1680 2653 1758 2720 τῷ

191 2745 430 2811 στόματι
459 2743 697 2816 αὑτοῦ]

250 2830 515 2903 Οὗάρᾶς
545 2835 609 2888 τὸ
640 2837 831 2904 στόμα
849 2835 1032 2889 αὑτοῦ
1060 2835 1236 2904 γέμει.
1276 2835 1615 2905 Παραμονον,
1650 2852 1755 2908 φη-

195 2925 289 2986 σὶν,
318 2925 460 2990 ’ἐξειν
483 2925 582 2996 τὴν
609 2925 903 2994 εὐημερίαν
922 2925 1244 2994 λελόγισται.
1276 2927 1366 2979 Διὸ
1407 2926 1500 2979 καὶ
1535 2929 1756 2999 πικρίας

194 3015 279 3067 καὶ
311 3015 462 3070 δόλου
486 3016 548 3069 τὸ
575 3015 748 3086 στόμα
801 3017 1173 3089 πεπλήρωται’
1207 3019 1299 3072 καὶ
1347 3020 1452 3090 μὴν
1492 3021 1756 3090 ὲνεδρεύει

194 3108 428 3176 πτωχοὺς
457 3108 596 3179 πρὸς
625 3108 687 3160 τὸ
706 3109 1018 3162 ἀποκτεῖναι
1051 3109 1136 3163 διὰ
1183 3110 1291 3164 τῶν
1328 3111 1470 3164 ἰδίων
1493 3113 1752 3181 παγίδων.

1859 1937 2182 1994 moventur,
2245 1937 2372 1982 sunt
2431 1945 2613 1985 causa:
2665 1931 2987 2001 plagarum,
3039 1935 3422 2002 cruciatuum,

1858 2017 2298 2086 persecutionum
2324 2056 2339 2080 ,
2369 2034 2673 2084 carcerum,
2705 2024 2932 2091 mortis;
2965 2040 3086 2094 quas
3123 2026 3264 2080 circa
3297 2041 3423 2082 cor-

1857 2122 1959 2178 pus
2016 2116 2301 2163 versantur
2355 2112 2716 2176 tentationes,
2784 2127 2913 2168 sunt
2968 2117 3322 2185 pecuniarum
3369 2129 3426 2174 et

1857 2199 2264 2267 possessionum
2297 2201 2531 2264 mulctze,
2563 2202 2797 2257 ﬁliorum
2829 2215 2882 2258 et
2909 2222 3139 2261 uxorum
3171 2200 3420 2278 jactura.

1856 2288 2041 2343 Palam
2063 2291 2246 2359 itaque
2274 2299 2359 2344 cst
2389 2305 2453 2345 ex
2489 2291 2818 2361 supradictis
2856 2293 3110 2349 Satanam
3144 2298 3328 2367 aliquo
3357 2314 3421 2352 ex

1858 2381 2173 2436 memoratis
2206 2383 2567 2437 tentationum
2605 2385 2918 2454 generibus,
2950 2387 3002 2440 in
3032 2387 3210 2457 justos
3235 2405 3424 2444 omnes

1856 2472 2198 2526 dominatum
2245 2473 2502 2528 habuisse
2536 2493 2550 2528 :
2596 2475 2745 2530 solus
2779 2478 2978 2545 quippe
3009 2478 3262 2537 Christus
3303 2495 3424 2552 pec-

1857 2573 2035 2616 catum
2081 2581 2182 2618 non
2229 2565 2396 2634 fecit,
2441 2583 2603 2636 neque
2649 2567 2803 2623 dolus
2849 2569 3086 2624 inventus
3127 2581 3204 2624 est
3244 2577 3299 2628 in
3338 2589 3428 2630 ore

1855 2654 1970 2723 ejus
2000 2654 2066 2706 ιι.
2084 2653 2105 2726 ]

1929 2849 1978 2905 7.
2021 2850 2188 2921 Cujus
2233 2855 2594 2911 maledictione
2638 2875 2694 2912 os
2734 2860 2945 2926 plenum
2973 2874 3068 2918 est.
3101 2864 3428 2924 Permanet)-

1857 2955 1986 3010 tem,
2015 2944 2297 3015 inquit,se
2327 2947 2633 3004 felicitatem
2668 2951 2974 3006 habiturum
3017 2965 3201 3024 putat,
3232 2972 3425 3026 quam-

1855 3037 2041 3091 obrem
2089 3048 2141 3090 rt
2196 3041 2557 3097 amaritudine
2582 3053 2636 3097 ct
2668 3044 2795 3097 dolo
2822 3060 2883 3099 os
2911 3045 3030 3115 ejus
3055 3048 3268 3115 plenum
3298 3057 3379 3104 est
3404 3089 3420 3115 ,

1857 3133 2019 3194 atque
2065 3126 2290 3181 insidias
2338 3138 2490 3198 parat
2522 3133 2891 3199 pauperibus,
2940 3146 2998 3187 ut
3044 3136 3257 3204 laqueis
3308 3141 3423 3194 suis

193 3199 232 3249 Τ
234 3198 260 3250 ὸ
281 3199 353 3262 δὲ,
377 3201 531 3270 μετὰ
557 3204 886 3266 πλουσίων,
917 3205 968 3256 τί
1016 3202 1081 3256 ἂν
1112 3204 1296 3274 ἕτερον
1339 3203 1558 3275 νοηθείη
1585 3207 1618 3275 ἢ
1648 3206 1753 3261 τῶν

1859 3215 2148 3270 interﬁciat
2172 3233 2288 3274 cos.
2314 3217 2445 3272 Illud
2477 3198 2661 3290 porro,
2686 3235 2806 3275 cum
2831 3198 3251 3297 divitibus.quid
3276 3228 3421 3283 aliud

192 3286 556 3344 πλουτούντων
588 3292 646 3344 ὲν
678 3294 865 3355 κακοῖς
889 3309 903 3358 ;
941 3289 1098 3348 Οὗτοι
1127 3294 1236 3364 γὰρ
1260 3289 1344 3364 τῷ
1365 3293 1593 3367 διαϐόλῳ
1614 3297 1753 3351 κατὰ

192 3377 292 3432 τῶν
336 3380 571 3451 πτωχῶν
600 3380 680 3451 τῷ
709 3382 873 3454 πατρὶ
897 3383 1073 3436 αὐτῶν
1107 3384 1547 3456 συμπράττουσιν

268 3559 616 3628 Ἔγκάθηται
677 3561 745 3615 ἐν
796 3562 1005 3632 ἐνέδρᾳ
1051 3565 1201 3634 μετὰ
1265 3566 1594 3621 πλουσίων.
1677 3567 1750 3620 Εν

196 3651 463 3720 συλλόγοις
491 3651 546 3705 δὲ
574 3654 669 3707 καὶ
699 3655 756 3707 ὲν
800 3655 1096 3726 συνεδρίοις
1151 3655 1476 3728 καθήμενος,
1531 3657 1751 3731 ἐνέδρας

193 3743 331 3806 τινὰς
364 3745 462 3797 καὶ
500 3745 745 3815 μηχανὰς
767 3748 876 3808 τοῖς
903 3748 1160 3809 ἀναιτίοις
1192 3750 1607 3814 κατασκευάζει.

257 3836 447 3904 nos;
499 3837 595 3889 καί
637 3837 921 3890 πεσεῖται.
957 3838 1122 3891 Ὅταν
1156 3838 1283 3910 εἴπῃ
1318 3839 1523 3912 [Αηιὺν.
1563 3843 1686 3897 add.
1721 3847 1750 3898 ὁ

191 3923 424 3990 διάϐολος
517 3927 810 3999 Νενίκηκα,
849 3927 968 3981 τότε
999 3927 1176 3982 πεσὼν
1209 3931 1538 4000 αἰσχύνεται.

255 4013 401 4070 Has
459 4016 571 4086 γὰρ
631 4019 700 4069 ἐν
747 4017 959 4086 καρδίᾳ
1009 4019 1213 4073 αὐτοῦ’
1250 4021 1666 4089 Ἐπιλέλησται
1716 4025 1749 4078 ὁ

195 4107 346 4173 Θεός.
377 4107 538 4176 Λέγει
569 4107 740 4161 ταῦτα
793 4110 822 4161 ό
847 4110 1086 4173 διάϐολος
1114 4112 1210 4182 οὐχ
1239 4112 1410 4178 οὕτως
1456 4115 1611 4185 ἔχων,
1634 4114 1748 4168 ἀλλ’

193 4197 328 4269 ἡμᾶς
370 4199 648 4270 ἀπατῆσαι
675 4199 1008 4272 βουλόμενος,
1055 4203 1142 4258 ἵνα
1181 4205 1566 4278 σκελισθῶμεν,
1614 4211 1750 4280 ἁμε-

193 4287 295 4344 λεῖν
317 4292 410 4345 τὸν
439 4292 572 4345 Θεὸν
600 4292 707 4345 τῶν
739 4292 1090 4366 ἀνθρωπίνων
1127 4297 1453 4368 νομίζοντες.

266 4383 606 4451 Ἀνάστηθι,
637 4385 814 4453 Κύριε
846 4389 878 4440 ό
909 4389 1051 4453 Θεός
1093 4405 1229 4456 μου.
1259 4388 1487 4460 Εὔχεται
1528 4389 1626 4463 τὴν
1662 4393 1749 4448 ἁν-

192 4473 310 4545 οχὴν
331 4473 427 4529 τοῦ
455 4474 590 4528 Θεοῦ
617 4476 710 4528 καὶ
727 4476 824 4545 τὴν
845 4479 1182 4550 χρηστότητα
1215 4482 1450 4552 κινῆσαιλ
1483 4484 1556 4554 μὴ
1585 4484 1748 4554 ὑψου-

1856 3307 1961 3361 sibi
2011 3310 2278 3374 voluerit,
2315 3327 2512 3382 quam,
2552 3328 2676 3369 cum
2709 3315 2777 3372 iis
2817 3317 2910 3388 qui
2945 3317 3136 3373 divites
3177 3319 3230 3372 in
3262 3321 3422 3376 malis

1856 3401 2023 3454 sunt?
2075 3399 2149 3455 Illi
2187 3419 2422 3473 namque
2473 3421 2598 3460 cum
2646 3408 2864 3464 diabolo
2897 3420 3049 3480 patre
3091 3427 3193 3468 suo
3232 3423 3421 3468 contra

1855 3505 2121 3560 pauperes
2151 3509 2253 3547 una
2288 3495 2568 3550 machinas
2603 3508 2817 3566 parant.

1921 3583 1974 3637 8.
2017 3583 2168 3638 Sedet
2205 3586 2257 3638 in
2283 3586 2488 3640 insidiis
2519 3604 2636 3640 cum
2660 3589 2929 3645 divitibus.
2964 3591 3021 3646 lu
3049 3596 3412 3652 conventibus

1854 3682 1909 3727 et
1936 3675 2168 3730 canibus
2196 3677 2390 3731 sedens
2411 3719 2425 3743 ,
2458 3678 2685 3735 insidias
2717 3689 2770 3734 et
2800 3682 3082 3738 machinas
3111 3683 3420 3743 insontibus

1853 3771 2028 3832 parat.

1925 3853 2010 3907 10.
2056 3851 2344 3908 Inclinabit
2368 3872 2421 3908 se
2449 3865 2498 3910 et
2525 3857 2695 3911 cadet.
2732 3857 3024 3931 Postquam
3053 3861 3230 3918 dixit:
3265 3861 3415 3930 Vici,

1855 3953 1983 3998 tunc
2011 3945 2197 4015 lapsus
2233 3948 2524 4004 erubescit.

1924 4034 2011 4088 il.
2028 4034 2175 4089 Dixit
2197 4039 2330 4090 enim
2355 4038 2408 4091 in
2437 4040 2590 4094 corde
2615 4057 2709 4094 suo
2731 4055 2751 4095 .°
2780 4041 2987 4099 Oblitus
3007 4055 3082 4098 est
3107 4044 3269 4100 Deus.
3294 4044 3418 4102 Hec

1851 4126 1982 4182 dicit
2020 4127 2288 4196 diabolus,
2317 4146 2424 4184 non
2450 4133 2593 4200 quod
2638 4132 2712 4186 ita
2744 4149 2802 4187 se
2828 4150 2915 4189 res
2949 4135 3164 4203 habeat,
3189 4137 3281 4191 sed
3306 4153 3416 4208 quo

1851 4235 1953 4275 nos
1984 4221 2240 4292 decipiat,
2276 4233 2438 4290 atque
2491 4233 2548 4276 ut
2601 4224 3030 4294 supplantemur,
3091 4229 3195 4282 rati
3244 4227 3412 4284 Deum

1851 4311 2089 4367 humana
2109 4313 2398 4382 negligere.

1923 4402 2009 4456 12.
2059 4402 2334 4472 Exsurge,
2378 4402 2599 4458 Domine
2647 4404 2784 4460 Deus
2833 4423 2994 4462 meus.
3040 4406 3301 4464 Precatur
3354 4420 3416 4467 ut

1852 4493 1946 4551 Dei
1975 4496 2027 4550 in
2063 4496 2338 4564 puniendo
2368 4512 2519 4550 mora
2549 4506 2602 4552 et
2625 4498 2908 4553 clementia
2940 4511 3254 4556 moveatur:
3285 4518 3415 4557 nam

197 4564 353 4638 μένης
393 4565 504 4636 γὰρ
530 4566 622 4616 ἐπὶ
642 4569 706 4636 τῇ
736 4569 913 4640 μωρίᾳ
943 4568 1046 4624 τῶν
1074 4570 1285 4625 ἀσεϐῶν
1317 4574 1417 4644 τῆς
1444 4576 1622 4646 χειρὸς
1650 4575 1743 4630 τοῦ

1856 4595 1977 4635 cum
2010 4580 2104 4636 Dei
2154 4596 2347 4635 manus
2395 4590 2584 4634 contra
2626 4581 2915 4651 impiorum
2966 4585 3249 4639 stultitiam
3303 4601 3415 4641 non

193 4653 342 4713 Deo-3.
377 4657 800 4727 προπετέστεροι
824 4657 1081 4725 γίνονται.

259 4743 280 4815 ί
305 4744 624 4813 Ὑψωθήτω
725 4748 852 4816 χείρ
883 4764 1019 4803 σου.
1052 4751 1292 4823 Ἐπαρον
1312 4755 1410 4826 τὴν
1430 4757 1587 4828 χεῖρά
1634 4776 1747 4824 σου,

198 4837 284 4887 καὶ
313 4835 520 4900 δίδαξον
547 4838 762 4901 αὐτοὺς,
798 4839 872 4903 ὡς
894 4840 1002 4895 τῶν
1024 4842 1388 4915 ἀδικουμένων
1412 4853 1630 4922 προνοῇο
1658 4853 1751 4906 καὶ

198 4923 263 4988 ὡς
283 4926 338 4993 ἐξ
371 4925 540 4980 ὕπνου
574 4928 827 4992 ἀναστὰς,
856 4931 1132 5004 ἀνωτέραν
1186 4933 1355 5002 δεῖξον
1400 4938 1498 5008 τῆς
1530 4941 1750 4996 ἐκείνων

198 5017 410 5089 γνώμης
461 5019 559 5091 τὴν
614 5021 720 5073 ἀπὸ
777 5021 869 5075 σοῦ
917 5026 1201 5096 τιμωρίαν.
1247 5029 1354 5082 Καὶ
1397 5031 1620 5086 κόλασον
1654 5035 1751 5104 μὲν

198 5107 450 5172 ἐκείνους.
487 5113 668 5179 φεῖσαι
715 5111 771 5165 δὲ
832 5113 923 5166 τὸν
976 5115 1348 5187 ἀδικούμενον,
1405 5123 1751 5198 σφοδρότερον

199 5199 472 5269 ἀχθεσθεὶς
520 5205 639 5265 ταῖς
691 5204 911 5260 ἐκείνων
960 5207 1183 5279 τόλμαις
1225 5212 1319 5264 καὶ
1365 5213 1747 5286 βλασφημίαις.

201 5292 441 5348 Ἕνεκεν
483 5296 667 5360 τινος,
709 5300 862 5369 φησὶ,
889 5300 1260 5372 παρώργισεν
1292 5307 1325 5358 ό
1371 5306 1598 5376 ἀσεϐὴς
1649 5310 1752 5363 τὸν

201 5386 337 5440 Θεόν
357 5402 378 5451 ;
404 5388 422 5460 ]

256 5475 398 5531 Εἶπε
444 5479 554 5548 γὰρ
603 5481 674 5534 ἐν
709 5482 922 5551 καρδίᾳ
974 5485 1182 5540 αὐτοῦ·
1247 5490 1367 5542 Οὐκ
1419 5489 1746 5562 ἐκζητήσει.

201 5565 358 5622 Τοῦτο
403 5572 574 5624 αἴτιον
631 5574 725 5626 καὶ
769 5574 862 5627 τοῦ
915 5576 1220 5648 ὲπαρθῆναι
1268 5581 1359 5635 καὶ
1418 5582 1511 5637 τοῦ
1568 5588 1750 5638 πεσεῖν

199 5658 365 5716 αὐτόν.

263 5821 306 5855 ³⁸
331 5823 349 5880 l
373 5822 514 5881 Pctr.
556 5841 616 5886 ιι.
655 5825 748 5879 22.

1850 4674 2137 4739 attollitur,
2168 4684 2297 4728 tunc
2333 4674 2724 4744 petulantiores
2755 4678 3010 4732 evadunt.

1925 4764 2232 4838 [Exaltetur
2269 4781 2452 4818 manus
2510 4775 2624 4820 tua.
2656 4765 2816 4838 Erige
2868 4784 3089 4823 manum
3148 4779 3296 4824 tuam
3354 4781 3415 4825 ut

1849 4857 2044 4912 doceas
2094 4857 2246 4923 illos,
2301 4865 2353 4911 te
2389 4872 2577 4912 eorum
2618 4861 2710 4928 qui
2745 4860 2960 4929 injuriis
2991 4860 3294 4916 aﬂiciuntur
3316 4877 3412 4918 cu-

1850 4965 1967 5004 ram
1999 4965 2184 5020 gerere
2217 4969 2231 5004 :
2271 4958 2321 5004 et
2366 4952 2521 5020 quasi
2556 4967 2618 5005 cx
2652 4967 2844 5007 somno
2883 4969 3144 5024 surgens,
3185 4955 3411 5011 ostende

1850 5043 2108 5096 ultionem
2159 5052 2303 5097 tuam
2357 5058 2547 5096 eorum
2587 5045 2828 5099 consiliis
2881 5047 3216 5115 superiorem
3267 5063 3409 5105 esse.

1849 5137 2024 5206 Atque
2066 5137 2188 5192 illos
2233 5137 2451 5206 quidem
2509 5139 2789 5208 corrigas,
2854 5141 2946 5193 sed
2990 5140 3187 5209 injuria
3237 5141 3411 5198 allecti

1851 5223 2279 5278 misericordiam
2325 5226 2548 5295 capias.
2600 5228 2946 5282 vehementer
2993 5239 3301 5285 commotus
3361 5243 3415 5285 ct

1850 5315 2156 5372 concitatus
2184 5333 2371 5371 eorum
2402 5317 2735 5374 facinoribus
2766 5334 2829 5373 ac
2866 5321 3199 5390 blasphemis
3225 5324 3410 5380 dictis.

1853 5404 2077 5475 Propter
2101 5408 2248 5476 quid,
2288 5408 2484 5477 inquit,
2523 5411 2748 5464 irritavit
2774 5412 2966 5480 impius
3004 5412 3170 5467 Deum
3186 5414 3232 5488 .°]

1920 5497 2007 5551 l3.
2032 5497 2181 5552 Dixit
2206 5500 2341 5553 enim
2366 5501 2418 5554 in
2450 5501 2602 5554 corde
2626 5518 2762 5557 suo:
2795 5502 2915 5558 Non
2948 5507 3191 5576 requiret.
3232 5508 3410 5579 Atque

1851 5589 1901 5644 id
1928 5589 1980 5644 in
2011 5605 2172 5647 causa
2198 5600 2303 5656 est,
2340 5594 2484 5662 quod
2520 5593 2608 5650 ille
2636 5594 2902 5650 exaltetur
2929 5608 2983 5652 et
3002 5597 3236 5656 labatur.
