4122 6504
666 444 728 500 91
1523 443 1578 497 S.
1612 440 1989 497 ATHANASII
2030 441 2180 498 OPP.
2222 440 2404 498 PARS
2444 440 2534 496 111.
2576 470 2642 483 -
2680 436 3093 497 EXEGETICA.
3831 443 3900 498 92

737 561 824 617 Η.
857 559 1030 626 Vides,
1055 567 1303 633 quoniam
1327 573 1383 617 tu
1406 566 1634 619 laborem
1660 576 1707 620 ct
1734 568 1966 621 dolorem
1991 567 2229 620 conside-

2399 564 2671 629 Βλέπεις,
2715 562 2805 615 ὅτι
2853 560 2937 615 σὺ
2973 562 3164 614 πόνον
3209 559 3305 613 καὶ
3360 556 3548 627 θυμὸν
3570 558 3897 624 κατανοεῖς.

667 666 776 708 τοι.
818 650 921 719 Τιι,
955 652 1150 723 inquit,
1186 669 1219 708 ο
1246 653 1508 721 Domine,
1541 658 1724 712 omnia
1754 658 1926 724 nosti,
1966 657 2095 711 nihil
2133 672 2228 712 eo-

668 756 788 797 rum
837 757 958 812 qua
997 743 1132 797 fiunt
1175 745 1413 814 ignoras,
1471 746 1581 801 imo
1624 763 1724 803 nec
1774 764 1961 803 eorum
2008 764 2129 818 qua:
2176 750 2229 802 in

666 842 903 888 mentem
951 840 1006 888 et
1048 835 1432 905 cogitationem
1472 839 1715 894 veniunt.
1751 839 1890 906 Quin
1922 850 1975 895 et
2016 840 2232 897 labores

666 922 994 989 hominum,
1044 924 1283 980 furorem
1333 938 1386 983 et
1432 929 1851 999 indignationem
1901 948 2087 986 eorum
2137 933 2232 1002 qui

666 1016 914 1071 molestia
942 1015 1183 1074 alliciunt
1205 1030 1459 1075 accurate
1487 1022 1651 1077 nosti.
1682 1021 1949 1088 Quoniam
1986 1025 2230 1078 omnium

665 1108 1024 1177 cogitationes
1050 1112 1388 1181 consideras,
1418 1122 1471 1168 et
1502 1123 1557 1167 tu
1588 1131 1648 1169 es
1680 1116 1771 1185 qui
1797 1117 1960 1171 corda
1992 1127 2043 1171 et
2074 1132 2233 1173 renes

664 1200 951 1255 scrutaris.
987 1200 1047 1254 Et
1073 1218 1195 1256 cum
1227 1203 1339 1257 haec
1362 1204 1565 1271 rideas,
1597 1206 1921 1275 longanimis
1946 1217 2122 1261 tamen
2152 1223 2230 1274 es,

664 1306 867 1361 gnarus
894 1296 1000 1364 βιιι)
1034 1312 1193 1349 manu
1225 1306 1315 1352 tua
1364 1314 1554 1353 omnes
1583 1313 1734 1364 esse,
1770 1315 1869 1354 IIBC
1903 1316 2231 1370 quemquam

662 1396 825 1453 posse
849 1385 1033 1453 aliquo
1069 1388 1272 1458 fugere.
1309 1388 1426 1443 Tibi
1453 1391 1733 1446 derelictus
1778 1402 1854 1445 est
1892 1409 2109 1461 pauper,
2148 1409 2232 1446 or-

661 1477 836 1547 phano
860 1488 912 1531 tu
939 1479 1089 1549 fuisti
1110 1483 1344 1551 adjutor.
1379 1481 1493 1539 Hoc
1521 1495 1623 1549 est,
1654 1493 1808 1539 tuum
1839 1485 1928 1539 ille
1957 1495 2234 1555 exspectat

660 1572 949 1627 auxilium.

736 1663 822 1717 15.
864 1663 1082 1719 Contere
1117 1666 1390 1721 brae/tium
1424 1670 1713 1738 peccatoris
1754 1682 1803 1724 et
1834 1670 2075 1739 maligni.
2119 1667 2234 1725 Hoc

658 1763 767 1816 est,
796 1759 1089 1823 potentiam
1122 1760 1347 1816 inimici.
1386 1761 1668 1827 Quwretttr
1698 1775 1969 1834 peccatum
2007 1763 2149 1817 illius
2183 1771 2233 1817 et

662 1862 765 1899 non
817 1849 1124 1905 invenietur.
1182 1852 1406 1921 Propter
1456 1855 1634 1924 ipsum
1671 1856 1877 1910 scilicet
1923 1866 2227 1925 peccatum.

661 1935 798 1991 Tota
827 1943 1095 1996 sententia
1130 1944 1211 1997 sic
1238 1944 1402 1999 habet
1427 1964 1441 2001 :
1474 1946 1530 1999 Si
1559 1948 1861 2016 quzesieris,
1887 1948 2083 2018 inquit,
2109 1964 2234 2017 pec-

659 2042 843 2085 catum
886 2035 1128 2103 maligni,
1161 2052 1268 2091 non
1302 2038 1626 2105 invenietur,
1658 2040 1709 2095 id
1739 2048 1840 2105 est,
1882 2040 2080 2109 peribit
2104 2054 2232 2110 pec-

659 2131 814 2175 cator
843 2130 1066 2191 propter
1091 2124 1267 2193 ipsum
1291 2139 1594 2197 peccatum.

731 2210 1112 2282 [Inveniuntur
1152 2220 1245 2287 qui
1294 2220 1526 2273 salutem
1576 2235 1605 2273 a
1654 2218 1765 2274 Deo
1798 2227 2232 2289 consequuntur,

656 2305 958 2360 secundum
997 2309 1126 2363 illud
1164 2328 1177 2363 :
1225 2309 1406 2364 Inveni
1440 2311 1607 2365 David
1635 2328 1837 2366 servum
1868 2327 2039 2364 meum
2064 2310 2131 2377 ",
2179 2318 2234 2364 et

661 2399 882 2453 inventa
915 2408 999 2454 est
1038 2401 1298 2455 drachma
1332 2404 1541 2473 perdita
1574 2404 1655 2471 ⁸⁸;
1692 2419 1756 2458 ac
1803 2403 1848 2458 si
1879 2404 2098 2457 inventa
2130 2418 2239 2456 non

659 2489 876 2553 fuisset,
909 2493 1179 2560 periisset.
1206 2493 1308 2559 Qui
1353 2504 1600 2564 pereunt,
1633 2511 1743 2549 non
1794 2494 2140 2548 invenientur
2184 2494 2238 2546 in

661 2580 893 2647 secula;
951 2592 1135 2638 manet
1180 2587 1382 2654 quippe
1428 2586 1632 2655 judex,
1688 2600 1752 2640 ac
1798 2593 1991 2656 regnat
2027 2600 2240 2654 semper

660 2671 715 2725 in
742 2670 929 2728 futuro
954 2691 1017 2729 ac
1046 2692 1189 2730 novo
1220 2678 1466 2752 szcculo.]

734 2764 821 2818 16.
860 2766 1118 2823 Dominus
1175 2772 1412 2839 regnabit
1454 2773 1509 2825 in
1551 2781 1824 2829 internum.
1862 2772 1922 2827 In
1963 2770 2149 2825 futuro
2184 2777 2238 2825 et

664 2869 809 2911 novo
835 2860 1056 2915 saeculo.

2331 658 2425 723 Σὺ,
2462 657 2646 727 φησὶν,
2679 649 2725 708 ὧ
2776 652 2969 724 Κύριε,
3018 651 3196 705 πάντα
3251 649 3558 718 γινώσκεις,
3612 652 3706 703 καὶ
3752 649 3903 704 οὐδέν

2332 767 2391 802 σε
2420 748 2527 801 τῶν
2548 746 2934 826 πραττομένων
2962 744 3238 808 λανθάνει,
3292 742 3411 795 οὐδὲ
3458 741 3567 795 τῶν
3614 742 3671 793 ἐν
3696 740 3905 811 διανοίᾳ

2331 842 2423 894 καὶ
2450 840 2726 908 λογισμοῖς
2752 837 3029 891 ἀνιόντων.
3075 835 3233 888 Ἀλλὰ
3272 834 3364 887 καὶ
3417 834 3541 895 τοὺς
3572 832 3769 893 πόνους
3801 829 3901 883 αὐ-

2330 929 2437 983 τῶν
2490 929 2583 982 καὶ
2632 928 2760 990 τοὺς
2807 926 3012 997 θυμοὺς
3044 925 3152 978 τῶν
3197 921 3608 994 ἐπηρεαζόντων
3636 920 3725 973 καὶ
3775 920 3903 983 τοὺς

2332 1020 2745 1092 παροργισμοὺς
2764 1018 2873 1071 τῶν
2904 1018 2999 1071 ἀνθ
3010 1017 3204 1089 ρώπων
3231 1012 3375 1079 οἶδας
3394 1012 3653 1083 ἀκριϐῶς.
3683 1010 3903 1083 Ἐπειδὴ

2331 1114 2549 1167 πάντων
2578 1114 2703 1174 τοὺς
2732 1111 3022 1180 λογισμοὺς
3075 1110 3375 1170 κατανοεῖς,
3419 1106 3513 1159 καὶ
3544 1107 3607 1159 σὺ
3636 1106 3665 1157 ὁ
3698 1101 3907 1167 ἑτάζων

2331 1205 2555 1277 καρδίας
2573 1205 2669 1257 καὶ
2697 1202 2943 1273 νεφρούς,
2997 1201 3108 1254 Καὶ
3136 1199 3308 1253 ταῦτα
3351 1202 3527 1252 πάντα
3562 1194 3774 1267 ἐφορῶν
3800 1212 3906 1265 pa-

2334 1296 2642 1368 κροθυμείς,
2674 1293 2847 1358 εἰδὼς,
2878 1295 2959 1347 ὅτι
2994 1292 3097 1345 ὑπὸ
3142 1291 3237 1354 τὰς
3269 1290 3366 1354 σὰς
3414 1293 3597 1360 χεῖρας
3629 1289 3677 1340 οἱ
3705 1287 3907 1351 πάντες

2329 1390 2676 1459 τυγχάνουσι,
2708 1389 2801 1441 καὶ
2826 1388 2925 1440 οὐκ
2955 1386 3068 1439 ἔστι
3089 1402 3190 1437 που
3210 1383 3383 1437 οὐδενὶ
3416 1383 3570 1446 ἐκτὸς
3598 1380 3902 1450 διαδράναι.

2331 1482 2429 1535 Σοὶ
2460 1480 2985 1550 ἐγκαταλέλειπται
3017 1482 3049 1533 d
3078 1478 3329 1545 πτωχός,
3363 1475 3599 1545 ὀρφανῷ
3638 1474 3719 1528 σὺ
3746 1469 3908 1543 ἦσθα

2326 1574 2574 1641 βοηθός.
2630 1574 2888 1626 Τουτέστι
2923 1571 3020 1642 τὴν
3059 1569 3210 1640 παρά
3250 1568 3345 1622 σοῦ
3390 1567 3539 1639 μένει
3586 1566 3857 1637 βοήθειαν.

2402 1669 2742 1735 Σύντριψον
2780 1666 2887 1719 τὸν
2908 1666 3208 1733 βραχίονα
3253 1662 3359 1715 τοῦ
3417 1658 3764 1729 ἁμαρτωλοῦ
3806 1655 3907 1710 καὶ

2333 1759 2617 1827 πονηροῦ.
2685 1759 2830 1810 Ἀντὶ
2882 1757 2998 1823 τοῦ,
3046 1757 3144 1828 τὴν
3191 1752 3505 1808 δυναστείαν
3549 1752 3641 1805 τοῦ
3686 1747 3905 1821 ἐχθροῦ.

2332 1849 2739 1919 Ζητηθήσεται
2763 1850 2800 1916 ἡ
2820 1848 3070 1917 ἁμαρτία
3090 1846 3296 1910 αὐτοῦ,
3335 1845 3433 1899 καὶ
3464 1847 3536 1899 οὺ
3550 1844 3636 1914 μὴ
3669 1838 3906 1911 εὑρεθῆ.

2262 1921 2304 1975 Β
2333 1945 2409 1997 Δι’
2434 1942 2603 2014 αὐτὴν
2636 1942 2734 2013 μὲν
2756 1942 2851 2013 τὴν
2875 1942 3167 2014 ἁμαρτίαν.
3201 1940 3273 1993 Τὸ
3298 1939 3353 1992 δὲ
3383 1938 3500 1991 ὅλον
3522 1938 3712 2000 οὕτως’
3755 1934 3909 2001 Ἐὰν,

2334 2036 2518 2107 φησὶν,
2542 2032 2849 2106 ὲκζητήσῃς
2869 2032 2964 2105 τὴν
2995 2032 3267 2103 ἁμαρτίαν
3300 2029 3394 2083 τοῦ
3434 2027 3693 2100 πονηροῦ,
3725 2027 3785 2081 οῦ
3832 2026 3909 2099 μὴ

2334 2126 2551 2199 εὑρεθῇ·
2581 2126 2876 2189 τουτέστιν,
2908 2124 3187 2177 ἀπολεῖται
3221 2126 3249 2177 ὁ
3283 2121 3516 2193 πονηρὸς
3543 2122 3609 2174 δι’
3638 2120 3834 2190 αὑτήν.

2405 2218 2798 2292 [Εὑρίσκονται
2824 2219 2873 2271 οἱ
2899 2216 3191 2287 σωζόμενοι
3244 2215 3394 2287 παρὰ
3424 2213 3517 2267 τοῦ
3545 2213 3701 2275 θεοῦ,
3726 2211 3803 2274 ὡς
3824 2209 3909 2281 τό·

2338 2308 2532 2380 Εὗρον
2554 2311 2732 2365 Δαυῒδ
2764 2310 2869 2365 τὸν
2898 2309 3123 2363 δοῦλόν
3134 2326 3274 2378 μου,
3302 2310 3415 2371 καὶ,
3453 2303 3661 2375 Εὑρέθη
3683 2305 3716 2373 ἡ
3744 2300 3911 2355 ἀπολ-

2335 2404 2539 2476 λυμένη
2569 2404 2806 2474 δραχμή·
2844 2404 2937 2455 καὶ
2975 2402 3097 2454 ἐπεὶ
3150 2402 3226 2472 μὴ
3277 2398 3493 2469 εὑρέθη,
3542 2394 3788 2450 ἀπώλετο
3820 2391 3909 2445 ἄν.

2336 2499 2399 2549 Ol
2426 2496 2782 2566 ἀπολλύμενοι
2811 2496 2908 2563 οὐχ
2941 2494 3282 2565 εὑρίσκονται
3305 2494 3385 2556 εἰς
3407 2490 3497 2543 τὸν
3528 2487 3716 2542 αἰῶνω
3759 2483 3914 2555 μένει

2334 2588 2442 2661 γὰρ
2463 2590 2491 2641 ὁ
2517 2587 2791 2658 δικαστὴς,
2822 2587 2912 2640 καὶ
2944 2584 3215 2655 βασιλεύει
3271 2581 3558 2644 διαπαντὸς
3587 2582 3643 2633 ὲν
3674 2577 3753 2649 τῷ
3784 2574 3917 2648 μὲλ-

2334 2680 2479 2734 λοντι
2515 2680 2607 2733 καὶ
2628 2680 2732 2749 νέῳ
2766 2678 2968 2750 αἱῶνι.]

2413 2775 2626 2841 Κύριος
2652 2773 3012 2837 βασιλεύσει
3061 2772 3148 2836 εἷς
3182 2767 3288 2822 τὸν
3312 2765 3513 2821 αἱῶνα.
3555 2764 3642 2816 Ἐν
3680 2761 3757 2833 τῷ
3784 2761 3917 2833 μιλ-

2342 2865 2484 2918 λοντι
2506 2866 2600 2919 καὶ
2623 2864 2727 2935 νέῳ
2755 2864 2929 2919 αἰῶνι.

732 2973 926 3032 Daniel
982 2980 1276 3035 Barbarus.
1330 2982 1455 3037 Hmc
1502 2983 1633 3038 dicit
1691 2984 1755 3038 ad
1811 2984 2208 3041 ostendendum
2253 2999 2494 3053 praesens
2546 2994 2602 3038 et
2650 2981 2895 3038 futurum
2929 2996 3157 3053 regnum
3181 2980 3345 3034 illius.
3391 2975 3544 3043 Quod
3597 2974 3643 3029 si
3698 2970 3917 3026 Domini

664 3082 892 3137 regnum
924 3069 1029 3123 fine
1057 3082 1226 3137 caret,
1276 3075 1419 3142 quod
1455 3074 1636 3129 nullus
1661 3075 1810 3145 regni
1844 3075 1991 3131 illius
2032 3074 2156 3130 linis
2184 3073 2402 3129 futurus
2436 3076 2540 3141 sit;
2574 3073 2708 3143 justi
2752 3075 2845 3137 qui
2876 3073 2997 3143 ejus
3052 3072 3343 3141 participes
3390 3076 3551 3132 sunt,
3600 3076 3919 3137 perpetuam

664 3162 818 3232 regni
844 3165 1245 3231 possessionem
1272 3165 1654 3236 adipiscentur.

738 3252 1009 3321 Peribitis,
1040 3268 1235 3328 gentes,
1270 3260 1334 3312 de
1377 3268 1515 3313 terra
1541 3261 1711 3313 illius.
1742 3259 1797 3313 In
1830 3272 2071 3331 tempore
2100 3260 2244 3316 enim
2272 3263 2315 3321 C

671 3348 823 3418 regni
849 3349 969 3418 ejus
1002 3350 1354 3419 projicientur
1384 3351 1437 3404 in
1472 3350 1648 3421 ignem
1676 3362 1961 3408 internum.

748 3436 974 3511 [Gentes
1016 3448 1173 3493 vocat
1212 3440 1433 3509 iniquos
1468 3440 1719 3499 homines
1742 3485 1757 3508 ,
1793 3453 1977 3513 utpote
2006 3444 2101 3514 qui
2139 3458 2247 3498 non

668 3529 852 3583 vivant
891 3530 1192 3584 secundum
1248 3532 1441 3601 legem,
1473 3535 1566 3587 sed
1598 3535 1920 3603 gentilitiam
1963 3546 2019 3589 et
2047 3536 2240 3589 barba-

669 3637 789 3678 ram
825 3623 1216 3676 immanitatem
1250 3634 1546 3681 sectentur.
1580 3625 1686 3680 Eos
1712 3627 1878 3681 deleri
1911 3637 2112 3697 rogat:
2150 3626 2252 3682 Pe-

676 3713 876 3777 ribitis,
914 3714 1122 3783 inquit,
1157 3724 1210 3768 et
1249 3716 1476 3769 exitium
1521 3717 1653 3786 ipsis
1678 3718 2076 3785 comminatur;
2114 3730 2172 3773 ut
2197 3728 2252 3774 et

676 3806 754 3861 illi
797 3807 1069 3876 respirare
1108 3810 1362 3877 possint,
1388 3818 1443 3862 et
1470 3809 1522 3863 hi
1550 3809 1616 3865 ad
1650 3810 1928 3864 meliorem
1958 3825 2015 3865 se
2045 3810 2252 3882 frugem

681 3899 974 3971 recipere]

749 3989 837 4042 17.
884 3988 1214 4043 Desiderium
1241 4006 1527 4059 pauperum
1551 3992 1838 4058 exaudiui,
1868 3991 2103 4045 Domine.
2130 3990 2255 4045 Hinc

679 4096 919 4151 namque
967 4081 1182 4135 illorum
1229 4094 1346 4137 erat
1392 4084 1873 4153 concupiscentia,
1906 4084 2012 4138 hoc
2039 4083 2253 4138 deside-

2434 3255 2801 3319 ’Δπολεῖσθε,
2826 3253 2995 3320 ἔθνη,
3022 3253 3089 3306 ἐκ
3115 3251 3223 3320 τῆς
3242 3249 3353 3321 γῆς
3369 3247 3574 3303 αὐτοῦ.
3607 3246 3694 3299 Ἐν
3713 3243 3824 3315 γὰρ
3852 3245 3923 3314 τῇ

2351 3350 2597 3423 βασιλείᾳ
2626 3348 2791 3402 αὑτοῦ
2844 3348 3198 3419 βληθήσονται
3248 3346 3328 3406 εἰς
3350 3342 3410 3396 τὸ
3442 3339 3552 3411 πῦρ
3583 3339 3643 3391 τὸ
3679 3336 3921 3389 αἰώνιον.

2422 3441 2628 3513 [Ἔονη
2678 3438 2831 3491 καλεί
2890 3439 3014 3499 τοὺς
3068 3435 3302 3495 ἀδίκους,
3346 3431 3420 3494 ὡς
3457 3430 3530 3500 μὴ
3572 3426 3711 3481 κατά
3758 3424 3925 3495 νόμον

2352 3533 2580 3598 ζῶντας,
2608 3529 2744 3583 ἀλλὰ
2772 3530 2865 3583 καὶ
2889 3527 3105 3597 ὲθνικὴν
3131 3525 3225 3579 καὶ
3273 3521 3612 3593 βαρδαρικὴν
3640 3517 3921 3587 ὠμότητα.

2352 3622 2569 3677 Τούτων
2587 3623 2727 3675 αἰτεῖ
2757 3619 3019 3689 ἐκκοπὴν,
3062 3614 3420 3676 Ἄπολεῑσθε,
3439 3612 3631 3680 λέγων,
3662 3608 3757 3662 καὶ
3787 3624 3925 3661 παν-

2351 3712 2615 3785 ωλεθρίαν
2649 3711 2833 3771 αὐτοῖς
2892 3706 3149 3760 ἀπειλῶνο
3209 3704 3347 3757 ὥστε
3396 3702 3490 3755 καὶ
3531 3699 3748 3761 τούτους
3788 3698 3923 3750 ἀνα-

2354 3791 2599 3867 πνεῦσαι,
2627 3800 2910 3862 κὰκείνους
2939 3792 3413 3869 σωφρονισθῆναι.]

2431 3976 2880 4046 Τὴνὲπιθυμίαν
2904 3972 3023 4027 τῶν
3065 3970 3337 4038 πενήτων
3385 3967 3775 4036 εὶσήκουσας,
3809 3963 3927 4018 Κύ-

2348 4087 2461 4141 ριε.
2494 4068 2641 4140 Δῦτη
2672 4067 2781 4138 γὰρ
2835 4061 2903 4136 ἦν
2933 4063 3111 4118 αὐτῶν
3157 4065 3192 4134 ἡ
3238 4060 3523 4131 ἐπιθυμία,
3563 4058 3659 4111 καὶ
3700 4050 3854 4117 οὗτος
3900 4055 3930 4107 ὁ

680 4174 847 4239 rium,
876 4181 934 4227 ut
967 4171 1167 4229 futuris
1205 4175 1543 4229 donarentur
1583 4175 1762 4231 bonis.
1808 4174 2240 4245 Praeparationen

2355 4161 2518 4224 πόθος
2546 4158 2607 4212 τὸ
2656 4158 2763 4211 τῶν
2798 4156 3098 4228 μελλόντων
3153 4151 3447 4221 ἀξιωθῆναι
3497 4146 3736 4245 ἀγαθῶν.
3765 4234 3776 4245 ι
3804 4142 3931 4245 Tilr

681 4264 854 4319 cordis
882 4280 1061 4317 eorum
1099 4266 1299 4318 audivit
1333 4268 1477 4319 auris
1506 4276 1617 4319 tua.
1649 4267 1727 4321 Ad
1763 4269 1867 4322 hoc
1894 4283 2129 4333 namque
2159 4283 2253 4337 pa-

682 4357 809 4423 rati,
830 4355 899 4410 ad
921 4356 1105 4409 omnia
1138 4357 1454 4411 sustinenda
1482 4358 1646 4411 corde
1676 4360 1911 4428 prompti
1945 4368 2093 4413 sunt.

755 4529 1112 4605 [Praeparatio
1165 4533 1348 4589 cordis
1379 4541 1462 4587 est
1497 4533 1656 4603 quasi
1704 4534 1997 4603 promissio
2035 4533 2175 4588 facta
2225 4549 2257 4589 a

2355 4252 2704 4323 ἑτοιμασίαν
2730 4248 2841 4317 τῆς
2870 4246 3113 4314 καρδίας
3142 4242 3339 4297 αὐτῶν
3363 4238 3665 4311 προσέσχε
3716 4234 3784 4290 τὸ
3822 4230 3932 4301 οὖς

2357 4359 2493 4398 σου.
2520 4342 2611 4403 Εἰς
2644 4338 2799 4392 τοῦτο
2836 4338 2943 4409 γὰρ
2975 4334 3405 4406 ἐτοιμαζόμενοι,
3441 4329 3614 4383 πάντα
3642 4324 3932 4396 ὑπομένειν

2357 4436 2423 4505 τῇ
2462 4431 2659 4504 καρδίᾳ
2688 4427 3115 4499 εὑτρεπίζονται.

2430 4525 2799 4597 [Ἑτοιμασία
2858 4521 3087 4591 καρδίας
3134 4514 3308 4589 ήόἷον
3360 4513 3651 4583 ὑπόσχεσις
3682 4506 3792 4562 τῶν
3835 4507 3935 4577 τῆς

686 4599 926 4676 motibus
951 4632 1006 4677 et
1048 4624 1330 4680 affectibus
1375 4599 1542 4681 animi
1588 4627 1654 4681 ad
1701 4599 2109 4694 obsequentiam
2147 4623 2240 4679 Det

2359 4619 2538 4692 ψυχῆς
2585 4616 2897 4688 κινημάτων
2928 4614 3063 4683 πρὸς
3090 4606 3541 4677 συνακολούθησιν
3572 4602 3665 4657 τοῦ
3681 4599 3864 4673 Θεοῦ]

689 4714 1062 4789 reddendam]

762 4807 849 4862 18.
888 4807 1143 4864 Judicare
1184 4810 1386 4882 pupillo
1425 4821 1475 4865 et
1518 4814 1744 4880 humili;
1788 4822 1845 4867 ut
1890 4829 1992 4865 non
2030 4818 2258 4882 apponat

2436 4801 2641 4870 Κρῖναι
2692 4796 2929 4867 ὀρφανῷ
2982 4793 3080 4849 καὶ
3133 4786 3408 4854 ταπεινῷ,
3446 4788 3546 4841 ἶνα
3587 4782 3671 4854 μὴ
3702 4779 3938 4851 προσθῇ

692 4898 875 4966 ultra,
919 4911 1021 4956 etc.
1060 4873 1220 4966 Cuni,
1256 4873 1468 4973 inquit.
1493 4919 1757 4974 pauperes
1791 4906 2103 4973 ulciscetur,
2132 4914 2240 4958 tunc

2365 4894 2473 4948 ἔτι.
2504 4893 2656 4954 Ὅτε,
2686 4889 2840 4959 φησὶ,
2871 4885 2968 4957 τὴν
3003 4883 3279 4953 ἐκδίκησιν
3307 4879 3411 4932 τῶν
3443 4873 3670 4945 πτωχῶν
3701 4873 3935 4974 ποιήσει,

694 5006 805 5047 non
830 5003 1065 5063 apponet
1098 4994 1237 5050 ultra
1266 4996 1614 5065 magniﬁcare
1650 5012 1709 5051 se
1740 4997 1925 5052 homo.

1012 5174 1077 5228 In
1112 5176 1267 5245 ﬁnem
1294 5174 1634 5233 PSALMUS
1674 5175 1865 5231 David.
1895 5175 1969 5231 Χ.

1284 5269 1683 5337 Argumentum.

2368 4984 2489 5040 τότε
2555 4983 2656 5035 οὑκ
2719 4979 2799 5032 ἐτι
2869 4976 3167 5049 προσθήσει
3248 4971 3343 5025 τοῦ
3412 4966 3773 5040 μεγαλαυχεῖν
3844 4962 3938 5017 ἄν·

2367 5076 2647 5229 θρωποὲίς
2680 5160 2746 5215 τὸ
2786 5159 2980 5223 τέλος,
3020 5156 3326 5210 ΨΑΛΜΟΣ
3360 5150 3440 5217 τῷ
3470 5148 3667 5204 Δαυΐδ.
3700 5151 3764 5203 I'.

3008 5248 3021 5266 '
3036 5248 3344 5311 Υπόθεσις.

701 5349 856 5407 Hunc
906 5368 1123 5425 quoque
1178 5329 1449 5424 psalmum
1490 5356 1637 5409 canit
1685 5362 1976 5425 postquam
2011 5352 2240 5409 inimico:

2370 5351 2483 5407 Καὶ
2506 5347 2690 5402 τοῦτον
2728 5343 2865 5414 μετὰ
2909 5340 2971 5391 τὸ
3027 5337 3404 5410 περιγενέσθαι
3455 5334 3563 5388 τῶν
3595 5330 3805 5403 ἐχθρῶν
3831 5329 3943 5425 ᾄδει

770 5441 1057 5500 devicerat.
1090 5441 1187 5497 Hic
1209 5443 1351 5512 piam
1377 5444 1701 5500 sententiam
1746 5454 2092 5514 mentemque
2128 5460 2267 5515 prie-

775 5533 897 5588 fert.

775 5675 820 5707 ⁶⁷
864 5674 1005 5731 Psal.
1035 5693 1300 5737 Lnxvut.
1336 5678 1387 5732 1.
1459 5677 1505 5710 ⁸³
1544 5676 1675 5735 Luc.
1711 5693 1802 5740 xv,
1833 5677 1885 5731 9.

788 5832 860 5905 (α)
917 5836 1129 5904 Ambr.,
1162 5838 1560 5907 παραστατικός
1593 5836 1822 5901 melius;
1851 5831 2038 5899 supple
2071 5828 2299 5897 ψαλαός.

2444 5443 2534 5497 τὸν
2580 5437 2813 5511 ψαλμόν.
2878 5438 3032 5491 Ἔστι
3084 5433 3142 5485 δὲ
3195 5432 3359 5503 φρονῆ
3371 5444 3533 5491 ιιατος
3580 5420 3943 5496 ἁγιοπρετιοῦς

2447 5528 2849 5605 παραστατικόν
2874 5526 2950 5599 (a)
