4122 6498
215 486 276 545 93
1336 463 1698 523 EXPOSITIO
1737 459 1802 515 IN
1839 449 2170 513 PSALMUM
2211 447 2300 505 XI.
3371 427 3440 482 94

284 603 402 658 Ἐπὶ
424 601 506 668 τῷ
529 601 730 669 Κυρίῳ
772 596 1044 657 πέποιθα,
1086 591 1211 658 πῶς
1249 589 1432 659 ἐρεῖτε

209 715 350 769 μου;
374 695 499 760 Πῶς
528 711 623 765 μοι
653 694 846 763 ἐρεῖτε,
878 688 1031 759 φησὶ,
1065 685 1284 756 φεύγειν
1339 681 1432 736 ἐπὶ
1463 680 1532 733 τὰ
1559 680 1660 751 ὅρη
1696 677 1772 729 δί-

212 806 305 860 κην
330 785 641 858 στρουθίου,
691 782 864 835 καίτοι
925 776 1202 832 πεποιθότι
1247 775 1340 826 ἐπὶ
1394 771 1546 843 Θεῷς
1578 773 1769 823 Μετα-

212 880 494 935 ναστεύου
520 877 624 930 ἐπὶ
655 877 724 929 τὰ
751 874 855 942 ὄρη
878 873 958 938 ὡς
983 867 1316 938 στρουθίον.
1336 861 1612 927 Μετοίκει,
1643 877 1770 931 μετ-

212 973 380 1043 ιρχου,
410 967 583 1040 φεῦγε
623 967 716 1020 ἐπὶ
739 963 806 1018 τὰ
834 964 956 1036 ὄρη,
983 959 1224 1014 τουτέστι
1252 956 1350 1019 τὰς
1377 954 1594 1025 ἀρετάς.

278 1065 400 1118 Ὀτι
430 1061 562 1116 ἰδοὺ
580 1064 638 1114 οἱ
658 1058 986 1129 ἁμαρτωλοὶ
1001 1053 1306 1109 ἐνέτειναν
1325 1049 1524 1113 τόξον,
1542 1043 1774 1114 ήτοίμαρ

211 1168 324 1206 σαν
353 1148 512 1216 ,βέλη
539 1152 630 1215 εὶς
665 1147 979 1217 φαρέτραν.
1032 1141 1252 1203 Τούτοις
1307 1140 1414 1201 τοῖς
1462 1135 1640 1203 λόγοις
1690 1133 1774 1194 εἰς

213 1243 378 1314 φυγὴν
425 1241 683 1313 ἠρέθιζον
728 1239 1044 1308 φάσκοντες,
1089 1235 1136 1287 εἰ
1196 1231 1269 1302 μὴ
1312 1229 1486 1300 φεύγῃ
1548 1241 1773 1280 κατατο-

214 1333 374 1400 ξεύειν
423 1332 591 1388 αὐτὸν
647 1332 772 1393 τοὺς
839 1323 1212 1398 ἁμαρτωλούς.
1275 1321 1434 1392 Δηλοί
1494 1315 1586 1373 οὖν
1648 1317 1773 1378 τοὺς

215 1427 474 1498 πονηροὺς
528 1422 825 1493 λογισμοὺς
875 1418 1003 1490 βέλη
1059 1413 1194 1470 εἶναι
1231 1414 1324 1468 τοῦ
1359 1409 1615 1483 πονηροῦ.
1664 1410 1772 1462 Τοῦ

212 1514 638 1582 κατατοξεῦσαι
652 1515 716 1567 ἐν
733 1509 1078 1580 σκοτομήνῃ
1100 1507 1241 1574 τοὺς
1253 1503 1444 1570 είνθεῖς
1455 1501 1527 1571 τῇ
1539 1500 1770 1570 καρδίᾳ,

212 1613 322 1666 ἀντὶ
349 1607 674 1679 λεληθότως.
705 1602 936 1658 Τοιαῦτα
965 1602 1072 1672 γὰρ
1098 1599 1205 1654 τῶν
1242 1595 1445 1667 νοητῶν
1479 1593 1685 1666 ἐχθρῶν
1707 1591 1774 1645 τὰ

203 1703 352 1770 sciri
361 1719 529 1773 ματα.

275 1794 393 1847 Ὀτι
441 1792 480 1846 ἃ
531 1793 618 1846 σὺ
683 1789 1014 1857 κατηρτίσω
1061 1786 1231 1841 αὐτοὶ
1287 1786 1584 1840 καθεῖλον.
1629 1781 1776 1833 Κατ-

210 1887 419 1959 ήνεγκε,
448 1886 641 1957 φησὶν,
687 1885 716 1936 6
745 1881 935 1954 ἐχθρὸς
974 1881 1063 1936 τὸν
1097 1880 1379 1952 ἄνθρωπον
1436 1879 1514 1942 εἰς
1548 1873 1772 1944 φθορὰν,

210 1980 374 2032 καίτοι
395 1977 488 2030 ἐπὶ
512 1975 790 2047 ἀφθαρσίᾳ
843 1971 1288 2045 κατηρτισμένον.
1345 1971 1398 2022 '0
1449 1968 1516 2021 δὲ
1546 1966 1774 2035 ᾂίκαιος

209 2070 616 2136 τίοέποίησεν;
677 2068 739 2120 Ei
773 2068 863 2120 καὶ
891 2067 940 2119 οἱ
992 2063 1195 2136 ἐχθροὶ,
1226 2062 1377 2132 φησὶ,
1437 2059 1506 2112 τὰ
1552 2057 1772 2112 τοιαῦτα

210 2160 448 2230 ἔδρασαν,
482 2157 651 2211 dare
700 2156 899 2228 Κύριος
945 2156 974 2206 ὁ
1028 2154 1152 2207 ναὸν
1210 2153 1348 2222 ἔχων
1401 2149 1490 2202 τδν
1522 2148 1770 2220 οὐρανὸν,

209 2252 442 2317 ἐξέτασιν
495 2251 609 2305 τῶν
654 2251 875 2304 δικαίων
936 2244 1161 2301 καὶτῶν
1199 2243 1407 2297 ἀσεὸῶν
1439 2240 1770 2311 ποιούμενος,

210 2348 312 2408 τοῖς
343 2347 440 2415 μὲν
469 2342 739 2414 ἀπονέμει
771 2341 841 2394 τὰ
885 2337 1084 2408 ἀγαθὰ,
1113 2336 1240 2399 τοὺς
1289 2334 1343 2388 δὲ
1369 2335 1487 2396 ταῖς
1527 2333 1773 2394 αἰωνίαις

213 2437 566 2508 παραπέμπει
597 2435 867 2489 κολάσεσι.
903 2433 1116 2499 Κύριος
1148 2430 1216 2482 ἐν
1243 2425 1366 2492 ναῷ
1388 2425 1531 2496 ἁγίῳ
1563 2423 1770 2479 αὑτοῦ.

276 2528 434 2600 [Ὅτι
464 2528 504 2581 ἆ
551 2526 635 2579 σὺ
694 2523 1024 2592 κατηρτίσω
1074 2520 1240 2578 αὐτοὶ
1296 2517 1590 2573 καθεῖλον.
1630 2515 1774 2569 Ἀντὶ

210 2620 315 2687 τοῦ,
339 2619 406 2674 τὰ
439 2620 512 2674 σὰ
572 2619 709 2691 ἔργα
747 2614 1035 2670 καταλύειν
1075 2613 1363 2667 σπεύδουσι
1409 2611 1474 2664 δι’
1506 2608 1659 2680 ἐμοῦ·
1715 2607 1774 2661 ὃν

211 2712 311 2785 γὰρ
357 2711 584 2784 ἔχρισας
613 2710 832 2782 βασιλέα
895 2706 1278 2770 σπουδάζουσιν
1311 2701 1589 2775 ἀκυρῶσαι
1636 2700 1774 2754 κατὰ

209 2804 300 2875 τῆς
334 2804 434 2875 σῆς
495 2803 833 2874 ὁπλιζόμενοι
868 2799 1068 2871 ψήφου.
1097 2798 1206 2850 Καὶ
1244 2795 1414 2850 ταῦτα
1471 2793 1637 2864 δρῶσι
1677 2791 1773 2855 τὰς

214 2895 345 2949 κατὰ
365 2895 531 2966 φύσιν
559 2894 725 2965 ὀρθὰς
744 2893 949 2955 ἑννοίας
1006 2889 1321 2951 καθελόντες
1346 2886 1404 2952 ἐξ
1433 2884 1660 2949 ἑαυτῶν,
1709 2882 1775 2947 ἃς

212 2987 362 3058 δῆθεν
394 2984 813 3059 κατηρτίσατοο]

273 3172 333 3224 οι
362 3168 664 3240 ὀφθαλμοὶ
697 3168 884 3223 αὐτοῦ
906 3170 992 3234 εις
1023 3167 1128 3221 τὸν
1148 3165 1374 3234 πένητα
1399 3162 1772 3219 ἀποϐλέπου-

215 3277 328 3316 σιν.
363 3262 436 3314 Τὸ
458 3260 727 3331 ἀλάθητον
755 3259 1006 3330 σημαίνει
1050 3257 1144 3312 τοῦ
1183 3256 1336 3310 Θεοῦ·
1369 3253 1675 3324 ὀφθαλμοὺς
1716 3249 1773 3302 δὲ
1800 3279 1842 3336 C

215 3353 305 3424 τὴν
350 3350 708 3425 εὐεργετικὴν
761 3351 1083 3422 ὲπισκοπήν.
1132 3348 1208 3404 Τὰ
1257 3348 1537 3416 ,ϐλέφαρα
1588 3343 1773 3398 αὐτοῦ

215 3442 457 3508 ἐξετάζει
484 3441 628 3508 τοὺς
673 3439 840 3508 υἱοὺς
884 3438 1002 3493 τῶν
1043 3437 1382 3508 ἀνθρώπων.
1439 3434 1689 3505 Βλὲφαρα
1719 3431 1774 3484 δὲ

216 3535 305 3608 τὴν
331 3535 584 3608 κριτικὴν
625 3533 789 3587 αὐτοῦ
833 3533 1085 3605 πρόνοιαν
1137 3533 1228 3585 καὶ
1276 3530 1383 3583 τῶν
1439 3526 1774 3600 πραγμάτων

217 3627 582 3697 δξεταστικήν.

215 3718 308 3786 Ely
359 3719 426 3773 τὸ
483 3716 679 3783 τέλος,
711 3715 860 3784 ὑπὲρ
912 3714 1021 3783 τῆς
1070 3713 1306 3784 ὀγδόης,
1359 3711 1664 3764 ΨΑΛΜΟΣ
1696 3705 1776 3772 τῷ

830 3807 1027 3863 Δαυΐδ.
1055 3810 1166 3862 IA'.

831 3903 1161 3965 Ὑπόθεσις.

219 4001 435 4074 Εἴρηται
458 3999 589 4068 περὶ
612 3997 712 4068 τῆς
742 3993 930 4064 ὀγδόης
952 3994 1008 4044 ὲν
1030 3990 1105 4060 τῷ
1130 3990 1273 4059 ἕκτῳ
1304 3986 1521 4060 ψαλμῷ.
1548 3985 1776 4058 Εὗχεται

280 4093 334 4148 δὲ
377 4091 642 4164 ρυσθῆναι
707 4087 806 4158 τῆς
849 4085 1041 4154 γενεᾶς
1076 4084 1175 4154 τῆς
1222 4082 1482 4152 πονηρᾶς.
1539 4079 1685 4150 Αὐτὴ
1723 4077 1778 4130 δὲ

281 4185 342 4240 ἂν
375 4185 462 4256 εἴη
505 4180 669 4251 γενεὰ
695 4181 729 4250 ἡ
752 4178 844 4232 ἐπὶ
863 4176 955 4232 τοῦ
977 4175 1228 4247 Σωτῆρος
1254 4172 1410 4244 ἡμῶν
1442 4170 1614 4243 Ἰησοῦ
1647 4170 1780 4241 Χρι-

283 4277 428 4332 στοῦο
484 4274 617 4346 περὶ
659 4267 728 4343 ἦς
755 4270 914 4335 αὐτὸς
966 4268 1170 4337 ἔλεγενο
1203 4266 1440 4334 Ἄνδρες
1483 4263 1780 4319 [Vw-evitat

280 4367 751 4434 ἀναστήσονται,
793 4363 891 4416 και
935 4358 1359 4430 κατακρινοῦσι
1409 4357 1525 4425 τὴν
1569 4356 1781 4427 ⁸χπεννεὰν

278 4463 524 4528 ταύτην.

280 4553 493 4609 Σῶσόν
527 4567 625 4622 με,
671 4552 876 4620 Κύριε,
924 4548 1014 4612 ὅτι
1062 4546 1415 4601 ἐκλέλοιπεν
1463 4540 1650 4606 ὅσιος,
1693 4538 1781 4592 ὅτι

217 4647 592 4720 ὁλιγπώθησαν
636 4648 693 4698 al
734 4642 1001 4710 ἀλήθειαι
1034 4640 1150 4696 ἀπὸ
1198 4637 1314 4692 τῶν
1345 4634 1486 4690 υἱῶν
1523 4632 1641 4686 τῶν
1675 4631 1776 4685 ἀν-

218 4743 476 4808 θρώπω.
505 4738 616 4800 Τὰς
639 4735 778 4790 κατὰ
804 4733 896 4787 τοῦ
926 4733 1171 4803 Σωτῆρος
1200 4732 1232 4800 ἠ
1242 4729 1356 4800 μῶν
1386 4726 1628 4794 συνάγων
1657 4724 1777 4775 ἑπι-

218 4831 422 4896 σουλάς.
459 4830 713 4899 Ἀφέντες
759 4827 867 4898 γὰρ
895 4826 992 4896 τὴν
1021 4824 1275 4895 ἀλήθειαν
1308 4822 1357 4874 οἱ
1399 4815 1778 4887 Ἰουδαῖοιψεῦ-

217 4922 295 4987 δος
322 4923 465 4977 κατὰ
492 4920 587 4974 τοῦ
615 4916 1218 4990 Χριστοῦ-ἐπετέλεσαν.

278 5017 461 5083 Χείλη
502 5013 677 5067 δόλια
705 5011 776 5064 ἐν
802 5007 1032 5077 καρδίᾳ.
1075 5007 1216 5071 Ὅτι,
1276 5005 1590 5060 διδάσκαλον
1618 5007 1776 5062 αὐτὸν

218 5103 611 5167 ἀποκαλοῦντες
643 5102 737 5157 καὶ
788 5098 1008 5169 ἀγαθὸν,
1044 5098 1207 5170 ἔτερα
1256 5097 1599 5152 ἐϐουλεύοντο
1649 5098 1776 5169 περὶ

219 5196 396 5252 αὑτοῦ.

296 5288 744 5358 Ἐξολοθρεύσει
774 5290 987 5356 Κύριος
1030 5283 1226 5339 πάντα
1267 5284 1339 5337 τὰ
1373 5283 1543 5352 χειλη
1571 5280 1642 5335 τὰ
1686 5279 1777 5334 δό-

217 5385 330 5446 λια,
370 5377 662 5450 γλῶσσαν
687 5376 1192 5448 ωγαλορῤήμονα.
1227 5374 1352 5438 Πῶς
1386 5373 1492 5445 γὰρ
1514 5372 1574 5426 οὐ
1608 5388 1777 5443 μεγαρ

219 5471 498 5543 λορρήμων
525 5472 558 5542 ἡ
591 5468 810 5538 γλῶσσα
841 5467 1022 5539 ἐκείνη
1058 5469 1091 5539 ἡ
1133 5465 1445 5538 τολμήσασα
1471 5463 1549 5535 τῷ
1566 5463 1774 5535 Σωτῆρι

216 5559 405 5630 λέγειν’
448 5562 545 5614 Ἑν
573 5559 719 5626 ποίᾳ
740 5557 991 5626 ἐξουσίᾳ
1023 5557 1209 5612 ταῦτα
1261 5555 1481 5621 ποιεῑς;
1530 5555 1626 5608 καὶ
1687 5556 1775 5620 τις

216 5666 309 5706 σοι
339 5652 518 5708 ἔδωκε
540 5650 658 5720 τὴν
677 5649 969 5716 ἐξουσίαν
996 5651 1252 5718 ταύτην;

287 5743 424 5811 Τοὺς
446 5745 748 5809 εἰπόντας·
775 5740 892 5808 Τὴν
920 5739 1207 5810 γλῶσσαν
1229 5739 1394 5808 ἡμῶν
1411 5737 1776 5809 “naturai?-

280 5899 321 5932 ⁸⁸
364 5901 551 5959 Matth.
584 5917 685 5966 xu,
733 5899 821 5954 41.
901 5899 948 5930 ⁹⁰
994 5896 1158 5952 Marc.
1209 5913 1283 5962 XI,
1315 5897 1404 5949 9.8.

1475 585 1549 655 τῇ
1605 583 1778 654 ψυχῇ
1808 585 1853 644 Α
1949 580 2007 632 2.
2050 574 2116 630 In
2167 570 2393 626 Domino
2423 561 2668 630 confido,
2718 553 2977 628 quomodo
3026 552 3205 607 dicitis
3247 551 3441 606 animo

1877 669 2047 725 mere?
2071 666 2182 721 Cur
2208 660 2341 716 mihi
2373 654 2640 716 suadetis,
2669 649 2866 719 inquit,
2897 655 2958 700 ιιι
2979 643 3180 715 fugiam
3210 641 3265 695 in
3291 656 3420 694 mon

1875 773 1957 818 tes
1998 761 2140 815 sicut
2169 767 2379 826 passer,
2413 746 2628 802 etiamsi
2659 744 2713 798 in
2755 741 2866 796 Deo
2905 736 3215 793 conﬁdam?
3245 733 3440 786 Trans-

1877 855 2044 923 migra
2072 852 2148 904 int
2171 823 2369 900 montes
2400 843 2534 897 sicut
2569 851 2772 907 passer.
2830 829 3090 887 Transfer
3114 836 3196 894 te,
3233 823 3437 889 transi,

1876 945 2000 1016 fuge
2031 943 2084 995 in
2111 947 2342 998 montes,
2376 933 2428 987 id
2461 940 2545 986 est
2564 929 2818 982 virtutes.

1945 1015 1998 1092 3.
2042 1032 2301 1098 Quoniam
2341 1042 2454 1081 ecce
2490 1031 2786 1094 peccatores
2842 1015 3172 1070 intenderunt
3215 1025 3439 1074 arcum,

1873 1094 2188 1189 paraverunt
2215 1111 2435 1181 sagittas
2461 1109 2514 1162 in
2545 1107 2808 1175 pharetra.
2837 1100 2934 1154 His
2957 1098 3137 1152 verbis
3167 1096 3231 1150 ad
3256 1094 3436 1162 fugam

1872 1185 1998 1268 eum
2031 1204 2376 1264 concitabant
2413 1201 2686 1257 dicentes.
2729 1194 2774 1250 si
2810 1208 2918 1247 non
2947 1191 3184 1261 fugeret,
3227 1185 3438 1256 sagittis

1874 1303 2189 1362 confossum
2216 1298 2282 1352 iri
2306 1312 2336 1350 a
2365 1289 2766 1365 peccatoribus.
2794 1286 3045 1340 Declarat
3068 1284 3248 1351 itaque
3271 1278 3443 1332 malas

1874 1391 2233 1464 cogitationes
2274 1399 2394 1440 esse
2437 1381 2657 1451 maligni
2698 1378 2822 1432 tela.
2859 1375 2928 1429 Ut
2973 1374 3224 1443 sagitteut
3265 1369 3320 1422 in
3344 1365 3440 1420 ob-

1874 1457 2026 1538 scuro
2047 1491 2214 1535 rectos
2236 1476 2410 1532 corde.
2445 1472 2613 1539 Quasi
2643 1470 2808 1528 dicat,
2836 1468 3080 1520 latenter.
3116 1457 3441 1531 Hujusmodi

1875 1586 2111 1642 namque
2145 1576 2272 1624 sunt
2304 1561 2667 1636 spiritualium
2701 1558 3046 1613 inimicorum
3077 1552 3201 1608 tela.

1943 1759 1997 1812 4.
2041 1755 2303 1822 Quoniam
2340 1766 2457 1821 qua:
2484 1745 2749 1819 perfecisti
2779 1743 3174 1796 destruxerunt.
3208 1735 3445 1804 Compu-

1875 1851 1973 1913 lit,
2029 1846 2246 1916 inquit.
2289 1841 2546 1898 inimicus
2592 1836 2865 1892 hominem
2918 1833 2972 1886 in
3017 1829 3441 1898 corruptionem,

1807 1923 1847 1977 Β
1875 1943 2004 1996 licet
2027 1941 2080 1994 in
2107 1935 2569 2004 incorruptionem
2595 1929 2846 1985 conditus
2868 1935 3029 1981 esset.
3056 1922 3242 1977 Justus
3267 1930 3442 1974 autem

1877 2030 2004 2103 quid
2034 2029 2200 2098 fecit?
2237 2024 2496 2090 Etiamsi,
2540 2021 2744 2091 inquit,
2780 2017 2986 2072 inimici
3010 2015 3137 2069 talia
3186 2011 3440 2074 fecerint;

1879 2102 1936 2178 at
1963 2121 2251 2182 Dominus,
2283 2116 2376 2187 qui
2405 2114 2664 2182 templum
2703 2111 2866 2166 habet
2890 2109 3086 2164 caelum
3107 2146 3121 2170 ,
3157 2106 3300 2158 facto
3321 2102 3440 2172 jus-

1879 2225 2058 2270 torum
2090 2220 2144 2266 et
2179 2209 2472 2279 impiorum
2502 2205 2749 2261 examine
2775 2245 2790 2268 ,
2821 2202 2943 2256 aliis
2965 2199 3181 2269 quidem
3207 2195 3446 2263 impertit

1877 2307 2042 2368 bona,
2075 2302 2212 2356 alios
2241 2301 2296 2353 in
2333 2309 2534 2353 aeterna
2565 2293 2828 2365 supplicia
2858 2291 3058 2361 dejicit.
3102 2286 3358 2342 Dominus
3389 2284 3443 2338 in

1880 2394 2068 2464 templo
2097 2400 2278 2447 sancto
2304 2404 2419 2443 suo.

1954 2484 2240 2559 [Quoniam
2280 2495 2396 2551 qua:
2432 2475 2697 2547 perfecisti
2723 2475 3118 2528 destruxerunt.
3157 2471 3324 2538 Quasi
3358 2469 3445 2526 di-

1878 2588 1996 2643 cat,
2023 2589 2186 2646 opera
2217 2582 2307 2629 tua
2345 2579 2589 2626 evertere
2630 2576 2886 2638 satagunt
2910 2574 3131 2636 propter
3161 2579 3284 2630 me,
3318 2577 3443 2618 nam

1878 2683 2039 2740 quem
2071 2665 2276 2723 unxisti
2305 2677 2509 2732 regem,
2532 2667 2721 2715 contra
2746 2659 3016 2714 calculum
3046 2666 3196 2710 tuum
3225 2654 3443 2720 armati,

1880 2759 2098 2816 student
2141 2756 2424 2824 abrogare.
2457 2749 2524 2805 Et
2574 2750 2678 2804 hoc
2724 2758 2891 2819 agunt
2933 2759 3222 2817 postquam
3271 2752 3445 2799 rectas

1877 2852 2186 2925 probasque
2233 2845 2626 2917 cogitationes,
2681 2856 2804 2911 quae
2856 2841 3153 2895 secundum
3195 2847 3443 2892 naturam

1879 2952 2042 3010 sunt,
2077 2940 2458 3002 eliminarunt,
2487 2949 2626 3006 quas
2658 2931 2866 2987 scilicet
2899 2928 3163 2983 Dominus
3199 2925 3444 2997 perfece-

1880 3033 2010 3180 "‘5’?
2047 3123 2200 3181 Oculi
2241 3123 2354 3191 ejus
2401 3121 2453 3174 in
2485 3130 2766 3188 pauperem
2804 3113 3110 3182 respiciunt.
3170 3107 3447 3180 Signiﬁcat

1879 3216 1975 3272 Dei
2007 3214 2374 3285 cognitionem
2405 3208 2493 3264 cui
2528 3205 2664 3261 nihil
2701 3205 2868 3258 latere
2896 3211 3090 3271 potest.
3118 3198 3317 3253 Oculos
3347 3213 3447 3251 au-

1877 3318 1983 3365 tem
2029 3306 2162 3362 dicit
2190 3303 2308 3373 ejus
2353 3298 2650 3356 beneficam
2686 3294 3100 3364 inspectionem.
3166 3288 3441 3359 Palpebra

1874 3401 1986 3471 ejus
2041 3399 2373 3466 interrogant
2431 3391 2571 3461 ﬁlios
2627 3389 2919 3442 hominum.
2981 3383 3269 3455 Palpebras
3316 3381 3448 3436 dicit

1874 3491 1994 3560 ejus
2023 3486 2338 3559 iudicialem
2372 3494 2664 3550 rerumque
2693 3477 3110 3548 esploratricetn
3155 3473 3446 3544 providen-

1880 3582 2031 3636 tiam.

2120 3672 2172 3726 1.
2216 3669 2282 3724 In
2317 3669 2493 3740 ﬁnem,
2526 3684 2620 3737 pro
2654 3677 2862 3731 octava,
2899 3660 3238 3718 PSALMUS

2491 3761 2683 3816 David.
2718 3757 2823 3812 ΧΙ.

2458 3852 2860 3919 Argumentum.

1879 3950 1954 4007 De
1977 3958 2164 4005 octava
2190 3946 2390 4002 dictum
2423 3941 2524 3997 fuit
2546 3942 2600 3996 in
2626 3949 2780 3996 sexto
2822 3937 3050 4009 psalmo.
3081 3935 3257 4007 Rogat
3282 3949 3445 4006 porro

1951 4043 2173 4100 liberari
2214 4057 2244 4096 a
2283 4037 2632 4111 generatione
2670 4035 2828 4090 mala.
2869 4031 2994 4088 Haec
3022 4041 3200 4087 autem
3223 4045 3445 4101 genera-

1953 4138 2028 4194 tio
2058 4137 2147 4190 illa
2179 4148 2310 4190 sane
2348 4131 2550 4195 fuerit,
2583 4143 2704 4198 qua:
2733 4136 2972 4196 tempore
2997 4135 3115 4180 erat
3150 4123 3446 4178 Salvatoris

1948 4228 2119 4284 nostri
2148 4223 2491 4280 Jeanhristi
2518 4240 2531 4276 :
2555 4221 2622 4276 de
2643 4236 2749 4286 qua
2784 4220 2895 4288 ipse
2922 4217 3059 4272 dixit
3078 4218 3122 4248 "
3151 4235 3164 4271 :
3206 4215 3317 4269 Viri
3339 4212 3434 4267 Ni-

1949 4321 2126 4374 nivitc
2195 4323 2426 4385 surgent,
2472 4323 2521 4367 et
2589 4310 3004 4366 condemnabunt
3064 4308 3443 4378 generationem

1948 4413 2129 4465 istam.

1948 4505 2001 4559 2.
2048 4502 2265 4558 Saluum
2295 4518 2376 4556 me
2400 4501 2505 4571 fac,
2543 4499 2698 4562 Deus,
2723 4497 2972 4568 quoniam
2994 4494 3180 4564 defecit
3206 4503 3441 4557 sanctus,

1807 4619 1852 4671 ι)
1879 4597 2129 4668 quoniam
2157 4595 2432 4648 diminuta:
2469 4600 2590 4648 sunt
2638 4591 2883 4644 veritates
2913 4605 2946 4640 η
2983 4586 3112 4656 ﬁliis
3152 4586 3440 4639 hominum.

1883 4687 2116 4744 insidias
2146 4687 2198 4740 in
2228 4687 2506 4741 Christum
2531 4691 2745 4754 paratas
2775 4681 2828 4735 in
2857 4693 3022 4733 unum
3047 4674 3442 4745 complectitur.

1883 4779 2117 4835 Dimissa
2146 4793 2382 4846 namque
2414 4776 2664 4837 veritate,
2691 4771 2859 4828 Judaei
2882 4767 3222 4825 mendacium
3252 4775 3442 4822 contra

1883 4870 2161 4924 Christum
2195 4867 2484 4923 commenti
2509 4874 2651 4920 sunt.

1952 5009 2003 5064 5.
2048 5007 2215 5062 Labia
2264 5007 2447 5061 dolosa
2486 5007 2540 5060 in
2586 5005 2762 5058 corde.
2813 5001 3116 5068 Quoniam,
3161 5012 3284 5053 cum
3314 5007 3470 5051 eum\

1881 5101 2199 5170 magistrum
2229 5115 2294 5154 ac
2328 5101 2528 5153 bonum
2562 5094 2925 5166 appellarent,
2966 5092 3123 5161 longe
3143 5087 3355 5143 diversa
3384 5087 3440 5141 in

1887 5207 2010 5248 eum
2038 5191 2268 5247 consilia
2300 5190 2526 5244 inibant.

1947 5286 1997 5340 4.
2043 5284 2319 5354 Disperdet
2351 5282 2604 5336 Dominus
2638 5280 2879 5332 universa
2909 5273 3052 5328 labia
3085 5272 3270 5326 dolosa
3293 5311 3308 5336 ,
3336 5270 3441 5325 lin-

1849 5380 2039 5452 ‘guam
2075 5377 2488 5449 magniloquam.
2515 5371 2800 5439 Quomodo
2825 5382 2932 5423 non
2961 5364 3312 5436 magniloqua
3334 5362 3439 5416 lin-

1880 5487 1983 5544 gua
2011 5471 2123 5536 illa,
2148 5486 2269 5541 qua:
2299 5484 2434 5524 ausa
2462 5476 2541 5520 est
2567 5461 2832 5518 Salvatori
2856 5459 3034 5514 dicere
3065 5472 3080 5510 :
3117 5454 3184 5510 In
3222 5471 3326 5527 qua
3350 5469 3439 5524 po-

1881 5573 2066 5617 testate
2111 5563 2221 5617 ha'c
2271 5561 2404 5630 facis
2429 5598 2446 5625 ,
2487 5567 2536 5612 et
2562 5556 2679 5626 quis
2711 5553 2805 5609 tibi
2832 5551 2979 5605 dedit
3027 5549 3162 5604 hanc
3203 5554 3436 5617 potesta-

1881 5665 1983 5709 tem
2014 5655 2059 5685 ’°
2081 5654 2105 5707 ?

1951 5748 2003 5801 ὕ.
2045 5747 2149 5812 Qui
2189 5746 2473 5799 dixerunt:
2513 5739 2767 5810 Linguam
2797 5746 3032 5792 nostram
3075 5729 3435 5805 magniﬁca“-
