4122 6488
690 414 759 470 95
1517 414 1573 470 S.
1617 415 1989 472 ATHANASII
2029 416 2179 472 OPP.
2213 416 2391 471 PARS
2434 413 2519 470 Ill.
2564 446 2629 455 —
2671 414 3079 472 EXEGETICA.
3846 416 3912 471 96

686 546 802 583 mut
829 571 843 595 ,
871 530 1015 583 labia
1062 542 1241 583 nostra
1274 548 1304 583 a
1347 533 1497 585 nobis
1521 542 1664 587 sunt.
1703 533 1833 598 Quis
1876 544 2050 589 noster
2079 534 2249 587 Domi-

2349 551 2481 602 μεν·
2528 532 2597 585 τὰ
2634 535 2806 602 χείλη
2874 532 3041 603 ἡμῶν
3085 534 3219 602 παρ’
3255 534 3398 603 ἡμῖν
3446 535 3594 589 ἐστι.
3628 536 3721 599 Τίς
3757 534 3915 603 ἡμῶν

685 639 781 676 nus
806 623 927 675 est?
956 621 1120 687 Quasi
1147 623 1353 677 scilicet
1384 624 1498 679 haec
1523 641 1706 679 secum
1734 636 2066 695 reputarent,
2092 626 2253 681 facul-

686 722 848 766 tatem
883 729 939 766 se
978 714 1175 768 habere
1207 714 1423 783 quidvis
1452 730 1550 783 pro
1590 716 1811 771 libidine
1841 726 2028 772 contra
2062 716 2253 771 Salva-

687 815 855 857 torcm
888 805 1211 872 proferendi.
1252 806 1385 859 Illud
1426 816 1603 861 autem
1640 826 1653 861 :
1688 808 1820 873 Qui:
1861 819 2036 863 noster
2072 809 2252 862 Domi-

686 909 783 950 nus
810 899 927 952 est?
977 897 1150 952 simile
1178 906 1262 951 est
1292 898 1365 951 illi
1393 898 1537 953 dicto
1565 918 1577 953 :
1613 898 1768 952 Hunc
1792 911 1967 954 autem
1997 903 2251 957 nescimus

686 986 820 1038 unde
844 988 909 1038 sit
942 987 1008 1039 ⁹¹.

758 1079 809 1129 (3.
852 1075 1075 1145 Propter
1118 1080 1382 1131 miseriam
1421 1080 1654 1147 inopum,
1679 1089 1781 1135 etc.
1818 1080 2008 1152 Inopes
2038 1097 2090 1138 et
2121 1100 2252 1153 pau-

685 1181 840 1235 peres
872 1170 1169 1222 secundum
1200 1172 1449 1239 spiritum
1484 1173 1749 1242 intelligit.
1780 1172 2022 1240 Quorum
2053 1180 2250 1247 gemitu

683 1262 889 1326 audito,
928 1261 1252 1331 Exsurgam,
1289 1264 1382 1317 ait.
1419 1263 1620 1316 Ponant
1658 1267 1710 1317 in
1750 1267 1997 1333 salutari,
2029 1270 2254 1337 ﬁducia-

682 1350 805 1405 titer
837 1371 989 1422 agam
1032 1356 1084 1406 in
1134 1371 1214 1408 eo.
1256 1354 1309 1408 lll
1352 1365 1468 1419 est,
1529 1355 1711 1409 Palam
1756 1359 2007 1412 ortinibus
2056 1358 2251 1414 faciam

685 1444 942 1509 salutare,
967 1449 1108 1515 quod
1135 1448 1297 1500 etiam
1324 1449 1529 1502 curabo
1555 1449 1794 1517 mulgari
1823 1450 1963 1505 ultro
1984 1452 2248 1522 citroque.

690 1531 895 1603 Ubique
928 1540 1069 1590 enim
1096 1548 1362 1591 terrarum
1396 1540 1745 1608 prxdicalum
1786 1550 1889 1595 est.

757 1710 805 1765 7.
851 1709 1071 1781 Eloquia
1100 1712 1337 1768 Domini.
1377 1715 1583 1784 eloquia
1615 1728 1767 1771 casta
1793 1758 1807 1781 ,
1838 1729 2107 1789 argentum
2137 1722 2253 1791 igne

2352 626 2566 692 Κύριός
2598 626 2803 689 ἐστιν;
2841 628 2928 690 Ὠς
2956 626 3112 680 τοῦτο
3139 626 3553 697 διανοουμένων,
3582 626 3644 679 τὺ
3675 627 3906 693 ἐξουσίαι

2353 716 2494 784 ἔχειν
2520 718 2623 767 πᾶν
2644 718 2671 768 ὃ
2702 734 2753 769 τι
2778 717 2841 769 ἂν
2865 716 3132 785 βούλοιντο
3163 719 3333 770 εἰπεῖν
3364 718 3502 771 κατά
3524 718 3616 771 τοῦ
3649 718 3898 788 Σωτῆρος

2353 806 2522 858 Τοῦτο
2580 806 2655 859 δέ’
2718 809 2811 873 Τίς
2865 807 3031 876 ἡμῶν
3087 808 3299 875 Κύριός
3356 808 3520 872 ἐστι;
3577 809 3760 879 ὅμοιον
3824 809 3898 881 τῷ

2359 897 2575 951 Τοῦτον
2605 897 2673 949 δὲ
2701 900 2810 952 οὐκ
2839 898 3083 968 οἴδαμεν
3116 901 3303 955 πόθεν
3324 901 3509 955 ἐστίν.

2425 1073 2629 1126 "Eram;
2660 1072 2768 1139 τῆς
2800 1075 3197 1142 ταλαιπωρίας
3230 1072 3347 1128 τῶν
3374 1075 3643 1143 πτωχῶν.
3667 1077 3914 1147 Πτωχοὺς

2352 1164 2522 1217 δὲκαὶ
2571 1165 2806 1235 πένητας
2850 1165 2974 1227 τοὺς
3019 1165 3161 1219 κατὰ
3223 1166 3437 1237 πνεῦμα
3494 1166 3660 1236 λέγει·
3708 1162 3783 1220 ὧν
3832 1170 3922 1222 καὶ

2351 1253 2443 1306 τοῦ
2477 1254 2778 1325 στεναγμοῦ
2817 1254 3074 1315 ἀκούσας.
3110 1258 3524 1328 ’Λναστήσομαι,
3550 1257 3701 1328 φησί.
3727 1258 3913 1325 Θήσο-

2352 1363 2452 1413 μαι
2480 1346 2549 1398 ἐν
2592 1346 2887 1412 σωτηρίῳ,
2939 1347 3419 1416 παρῤησιὰσομαι
3457 1349 3526 1401 ἐν
3547 1346 3725 1413 αὐτῷ.
3758 1349 3917 1401 Τουτ-

2354 1436 2491 1499 έστι,
2547 1437 2781 1505 Φανερὸν
2823 1439 2957 1489 πᾶσι
3008 1440 3335 1509 καταστήσω
3376 1440 3431 1492 τὸ
3468 1443 3748 1512 σωτήριον,
3775 1440 3804 1493 ὃ
3829 1440 3921 1492 καὶ

2353 1521 2674 1593 ἐξάκουστον
2700 1529 3101 1599 παρασκευάσω
3133 1530 3401 1599 γενέσθαι.
3451 1532 3758 1604 Ἐκηρύχθη
3814 1532 3920 1605 γάρ

2352 1622 2431 1683 εἰς
2458 1622 2636 1672 πᾶσαν
2661 1619 2755 1689 τὴν
2786 1620 2907 1689 γῆν.

2428 1711 2499 1765 Τὰ
2527 1713 2699 1780 λόγια
2712 1713 2930 1778 Κυρίου
2961 1714 3133 1781 λόγια
3162 1713 3331 1781 ἁγνὰ,
3348 1714 3632 1783 ἀργύριον
3652 1730 3920 1783 πεπυρω-

681 1802 1059 1855 examinatum.
1093 1802 1229 1857 Vera
1258 1845 1272 1867 ,
1320 1804 1529 1875 inquit,
1569 1818 1697 1861 sunt
1739 1808 1898 1864 verba
1936 1812 2001 1865 de
2027 1814 2249 1867 salutari

2349 1802 2553 1871 μένον.
2593 1802 2856 1871 Ἀληθείς,
2894 1804 3075 1871 φησὶν,
3108 1804 3154 1855 oi
3186 1802 3330 1871 λὸγοι
3354 1805 3402 1856 οἱ
3444 1805 3569 1874 περὶ
3616 1804 3709 1857 τοῦ
3745 1822 3920 1875 σωτη-

682 1894 962 1947 enuntiata
1004 1904 1057 1947 et
1104 1871 1410 1962 promissa,
1464 1900 1919 1965 quemadmodum
1968 1914 2249 1972 argentum

2354 1892 2467 1962 ρίου
2502 1892 2919 1964 ὲπηγγελμένοι,
2950 1892 3136 1962 ὥσπερ
3187 1894 3279 1945 καὶ
3309 1894 3369 1945 τὸ
3418 1871 3676 1966 ἀργύριον
3705 1893 3766 1947 τὸ
3795 1871 3920 1948 πολ-

682 1998 825 2051 sazpe
860 1986 912 2037 in
953 1988 1296 2039 cruciliulnm
1340 1988 1671 2043 immissum.
1724 1990 1858 2046 Illud
1913 2003 2091 2048 autem
2119 2035 2133 2054 .
2168 2014 2250 2051 te-

682 2075 917 2143 ptuplum
944 2116 957 2140 ,
1004 2093 1100 2146 pro
1142 2078 1341 2146 pluries
1367 2082 1582 2148 posuit;
1613 2082 1659 2135 is
1695 2084 1840 2137 enim
1881 2094 1964 2140 est
2015 2103 2131 2143 mos
2159 2104 2249 2141 sa-

681 2180 789 2221 crae
830 2167 1144 2237 Scripturae.

748 2256 804 2312 8.
845 2256 943 2321 Tu,
980 2258 1217 2323 Domine,
1250 2262 1482 2316 servabis
1502 2280 1615 2317 nos.
1649 2265 1792 2331 Ideo,
1827 2268 2025 2337 inquit,
2067 2286 2250 2325 serva-

685 2351 771 2404 bis
800 2366 900 2405 nos
923 2394 936 2416 ,
978 2354 1103 2420 quia
1144 2354 1487 2411 circumdant
1520 2374 1617 2413 nos
1648 2360 1822 2430 impii,
1863 2363 2021 2417 saluti
2051 2376 2251 2420 nostra:

683 2443 1029 2499 insidiantes.
1088 2443 1152 2499 Hi
1178 2455 1361 2501 autem
1398 2457 1526 2501 sunt
1570 2450 1893 2506 adversaria:
1923 2463 1975 2507 et
2005 2455 2251 2522 malignae

681 2546 995 2606 potestates.

751 2628 803 2682 9.
843 2628 1142 2684 Secundum
1172 2631 1507 2685 altitudinem
1538 2644 1680 2686 tuam
1716 2635 2083 2705 multiplicasti
2110 2639 2247 2706 [ilius

680 2719 973 2773 hominum.
1024 2720 1379 2775 Altitudinem
1416 2722 1548 2777 dicit
1587 2725 1837 2780 virtutem
1872 2745 1884 2780 :
1920 2729 2247 2797 multiplica-

683 2812 883 2867 tionem
924 2822 1101 2867 autem
1156 2816 1324 2879 illam,
1374 2818 1639 2885 temporis
1686 2818 2121 2875 diuturnitatem.
2179 2821 2250 2878 Ut

681 2904 796 2962 haec
851 2907 922 2962 sit
973 2909 1298 2962 sententia:
1346 2907 1448 2962 Per
1502 2910 1756 2965 virtutem
1817 2920 1871 2965 et
1927 2922 2245 2981 potestatem

681 3008 868 3060 tuam,
924 2999 1339 3054 diuturnitatem
1393 3001 1651 3069 temporis
1690 3011 1743 3056 et
1780 3004 1943 3058 vitam
1992 3014 2246 3060 aternam

679 3088 875 3143 dedisti
925 3091 1103 3145 nobis.
1151 3089 1283 3145 Nam
1330 3102 1452 3161 post
1503 3094 1795 3148 salutarem
1848 3097 2244 3161 ascensionem,

680 3182 736 3236 in
766 3181 976 3235 infinita
1002 3184 1200 3237 satcula
1233 3184 1341 3239 vita
1375 3194 1558 3238 nostra
1592 3186 1923 3241 extenditur.
1972 3189 2081 3242 Aut
2125 3190 2245 3243 alti-
2273 3214 2314 3272 ο

682 3274 922 3328 tudinem
975 3274 1127 3339 dicit,
1171 3276 1299 3345 quia
1349 3276 1556 3331 scilicet
1604 3277 1811 3332 similes
1861 3279 1956 3333 tibi
1996 3280 2247 3336 homines

679 3363 929 3429 effecisti,
980 3375 1251 3434 quatenus
1291 3382 1480 3421 eorum
1532 3366 1636 3422 fert
1683 3368 1955 3425 facultas:
1995 3382 2087 3427 aut
2117 3374 2245 3444 quia

681 3456 907 3512 multam
944 3472 1133 3513 eorum
1168 3474 1354 3513 curam
1388 3460 1650 3515 habuisti.

890 3550 942 3604 1.
986 3549 1049 3602 In
1081 3552 1260 3618 ﬁnem,
1298 3550 1635 3607 PSALMUS
1672 3554 2028 3609 Darid.XII.

1262 3645 1301 3694 Α
1314 3656 1661 3713 rgumentum.

680 3727 837 3786 Hunc
879 3732 1028 3787 canit
1078 3734 1391 3803 psalmum,
1451 3737 1580 3791 dum
1634 3740 2009 3808 pmnitentiam
2060 3743 2245 3799 delicti

748 3834 965 3892 ageret,
1029 3835 1081 3879 et
1131 3840 1237 3879 una
1292 3828 1530 3882 salutare
1570 3838 1817 3882 nostrum
1875 3833 2242 3889 annuntiaret.

751 3911 907 3969 Unde
948 3918 1257 3985 exemplum
1285 3922 1430 3974 nacti
1465 3937 1656 3975 sumus
1681 3964 1696 3986 ,
1740 3938 1851 3992 quo
1896 3937 2054 3993 pacto
2081 3943 2243 3997 opor~

750 4018 861 4063 teat
897 4025 1018 4072 nos,
1048 4027 1170 4065 cum
1202 4013 1568 4079 peccavimus,
1594 4014 1659 4067 ad
1700 4013 1869 4069 Deum
1899 4018 2182 4075 accedere.

758 4180 1067 4253 Usquequo,
1120 4183 1383 4253 Domine,
1432 4186 1749 4242 oblivisceris
1804 4206 1883 4245 me
1936 4192 1990 4245 in
2048 4194 2248 4262 ﬁnem!

680 4268 848 4333 Quasi
884 4278 1005 4338 post
1035 4271 1355 4325 diuturnam
1397 4287 1606 4327 moram
1649 4290 1745 4344 per
1776 4279 2152 4347 paenitentiam
2178 4284 2243 4338 ad

681 4357 851 4412 Deum
883 4362 1197 4424 accesserit,
1228 4370 1447 4431 pr0pter
1473 4364 1772 4419 admissum
1804 4381 2107 4437 peccatum.
2145 4372 2246 4428 Us-

679 4464 878 4518 quequo
905 4454 1094 4505 avertit
1127 4452 1318 4521 facient
1347 4463 1494 4509 tuam
1523 4474 1554 4510 a
1584 4458 1703 4511 me?
1741 4456 1895 4517 Hanc
1926 4462 2119 4520 faciem
2149 4481 2246 4521 an-

680 4541 785 4610 geli
808 4556 1020 4612 semper
1043 4544 1245 4599 vident.

748 4718 805 4772 2.
864 4718 1113 4783 Quandiu
1140 4736 1332 4789 ponam
1368 4722 1593 4776 consilia
1632 4725 1685 4777 in
1714 4726 1895 4781 anima
1935 4732 2095 4784 mea!
2133 4732 2245 4787 An-

679 4824 811 4880 gnre
835 4812 1075 4874 crucior.
1114 4813 1310 4883 inquit,
1341 4814 1467 4868 dum
1505 4816 1691 4872 animo
1718 4834 1930 4875 mecum
1958 4826 2144 4887 volvo.
2178 4841 2245 4881 ne

681 4899 819 4955 forte
844 4900 897 4955 in
925 4912 1146 4970 peccato
1178 4907 1381 4959 moriar
1406 4945 1421 4969 ,
1463 4917 1518 4961 et
1559 4908 1690 4963 illud
1722 4914 1959 4968 maxime
1988 4926 2071 4969 est
2095 4918 2242 4986 quod

679 4992 867 5047 animo
906 5010 1029 5049 meo
1059 4995 1275 5053 dolores
1308 5009 1479 5067 parat.
1538 5000 1781 5056 Dolorem
1834 5005 1888 5058 in
1938 5010 2090 5062 corde
2134 5026 2243 5063 meo

678 5082 765 5139 die
785 5102 846 5139 ac
872 5100 1036 5141 nocte.
1074 5087 1250 5143 Corde
1284 5092 1525 5161 quotidie
1552 5096 1882 5150 meditando.

745 5266 801 5321 3.
851 5267 1124 5339 Usquequo
1158 5272 1481 5327 exattabitur
1507 5277 1751 5331 inimicus
1776 5295 1916 5333 metu
1947 5296 2101 5348 super
2124 5285 2245 5337 me?

680 5357 815 5414 Nam
852 5362 896 5415 si
933 5362 1239 5421 colentibus
1274 5368 1435 5423 nobis
1462 5368 1653 5436 Deum,
1684 5386 1748 5425 ac
1782 5373 2033 5443 religiose
2058 5376 2243 5430 viven-

684 5451 831 5507 tibus
854 5493 868 5515 .
925 5455 1247 5523 deprimitur
1278 5459 1572 5527 inimicus;
1610 5463 1952 5519 manifestum
1984 5475 2067 5522 est
2116 5483 2241 5537 pec.

684 5546 935 5603 cantibus
965 5549 1121 5605 nobis
1150 5552 1357 5607 extolli.
1416 5552 1683 5611 Exaltatio
1732 5574 1966 5629 namque
2009 5560 2240 5631 Satanm,

682 5646 766 5691 est
798 5638 1077 5695 hominum
1098 5642 1423 5702 humiliatio.
1454 5646 1756 5719 Siquidem,
1786 5654 2240 5721 quemadmodum

754 5793 799 5826 "
829 5790 987 5850 Joan.
1018 5812 1095 5859 ix.
1138 5798 1226 5853 29.

2351 1980 2503 2043 λάκις
2534 1980 2820 2051 χωνευθέν.
2868 1981 2940 2032 Τὸ
2998 1979 3087 2041 δὲ,
3146 1980 3597 2046 ἐπταπλασίως,
3649 1980 3768 2033 ἀντὶ
3822 1978 3919 2035 τοῦ

2351 2071 2727 2134 πολυπλασίως
2778 2071 3007 2124 τέοεικε’
3066 2070 3222 2124 τοῦτο
3264 2071 3370 2142 γάρ
3406 2071 3632 2142 σύνηθες
3686 2073 3752 2142 τῇ
3802 2070 3920 2143 Θείᾳ

2350 2163 2561 2233 Γραφῇ-

2420 2254 2523 2319 Σὺ,
2568 2255 2763 2321 Κύριε,
2799 2254 3088 2322 φυλάξεις
3112 2254 3283 2323 ἡμᾶς.
3317 2256 3413 2308 Διά
3434 2255 3610 2320 τοῦτο,
3630 2256 3785 2325 φησὶ,
3818 2274 3919 2325 φυ-

2348 2343 2527 2407 λάξεις
2569 2345 2736 2413 ἡμᾶς,
2787 2343 2971 2413 ἐπειδὴ
3020 2342 3342 2407 κυκλοῦντες
3404 2346 3549 2414 ἡμᾶς
3600 2346 3648 2397 oi
3701 2345 3921 2410 ἀσεϐεῖς

2349 2435 2780 2498 ἐπιϐουλεύοντες
2808 2439 2871 2507 τῇ
2903 2436 3056 2506 ἡμῶν
3082 2436 3339 2507 σωτηρίᾳ.
3402 2430 3558 2490 Οῦτοι
3611 2437 3656 2490 δ’
3712 2438 3779 2491 ἂν
3810 2433 3918 2491 είεν

2348 2527 2405 2578 al
2436 2527 2801 2597 ἀντικείμεναι
2848 2528 2938 2580 καὶ
2970 2529 3198 2597 πονηραὶ
3227 2528 3500 2599 δυνάμεις.

2418 2619 2575 2672 Κατὰ
2608 2618 2671 2671 τὸ
2711 2620 2866 2686 ὕψος
2917 2634 3032 2673 σου
3085 2621 3515 2689 ἐπολυώρησας
3567 2619 3707 2685 τοὺς
3749 2619 3920 2686 υίοὺς

2349 2705 2467 2760 τῶν
2521 2704 2862 2774 ἀνθρώπων.
2921 2708 3089 2777 ’Ὕψος
3153 2708 3250 2779 μὲν
3310 2708 3404 2779 τὴν
3458 2707 3684 2777 δύναμιν
3748 2706 3915 2776 λέγει’

2350 2798 2655 2866 πολυωρίαν
2688 2798 2860 2869 δὲτὴν
2906 2800 3378 2870 πολυχρονιότητα.
3424 2793 3605 2873 Ἰναῇ
3667 2798 3726 2850 τὸ
3768 2798 3919 2867 λεγόο

2352 2903 2508 2955 μενον
2535 2886 2787 2939 τοιοῦτον·
2825 2887 2920 2939 Διὰ
2953 2889 3051 2957 τῆς
3090 2889 3189 2958 σῆς
3223 2888 3422 2958 ἰσχύος,
3466 2888 3919 2959 πολυχρονιότητα

2349 2976 2443 3027 καὶ
2488 2975 2705 3029 αἰώνιον
2735 2975 2877 3046 ζωὴν
2912 2978 3041 3046 ἡμῖν
3068 2976 3326 3040 δέδωκας.
3360 2976 3511 3029 Μετὰ
3534 2976 3641 3046 γὰρ
3689 2976 3789 3046 τὴν
3815 2993 3916 3058 σω·-

2348 3066 2533 3137 τήριον
2574 3066 2862 3120 ἀνάστασιν
2922 3066 3001 3127 είς
3065 3066 3401 3135 ἀπεράντους
3450 3065 3650 3127 αἰῶνας
3707 3065 3776 3118 τὰ
3819 3066 3916 3133 τῆς

2349 3156 2493 3227 ζωῆς
2514 3159 2641 3228 ἡμῖν
2666 3159 2984 3213 ἐκτείνεται.
3022 3160 3089 3212 Ἢ
3125 3158 3256 3228 ὕψος
3284 3157 3448 3227 λέγει,
3474 3160 3553 3213 ὃτι
3586 3158 3802 3229 ὁμοίους
3824 3174 3915 3211 σου

2349 3249 2628 3319 ἐποίησας,
2654 3249 2729 3312 ὠς
2760 3249 3027 3322 ἀνθρώπῳ
3076 3249 3317 3313 δυνατόν’
3353 3249 3385 3319 ἢ
3412 3251 3493 3303 an.
3530 3247 3729 3321 πολλῆς
3757 3265 3914 3322 φρον-

2347 3339 2488 3403 τίδος
2515 3338 2769 3408 ⁴ἠξίωσας.

2485 3560 2589 3624 Εἰς
2620 3557 2684 3610 τὸ
2720 3556 2914 3624 τέλος,
2966 3558 3271 3610 ΨΑΛΜΟΣ
3293 3556 3371 3622 τῷ
3398 3556 3593 3610 Actum.
3627 3556 3742 3611 IB'.

2961 3648 2975 3667 '
2990 3650 3295 3713 Υπόθεσις.

2348 3740 2547 3793 Τοῦτον
2572 3740 2661 3791 τὸν
2687 3738 2897 3809 ψαλμὸν
2922 3740 3035 3809 ᾅδει
3086 3740 3164 3801 είς
3218 3740 3502 3808 μετάνοιαν
3545 3740 3637 3792 τοῦ
3668 3739 3911 3811 ἁμαρτή-

2421 3846 2587 3900 ματος
2629 3827 2887 3897 γεγονὼς,
2946 3829 3059 3899 ἅμα
3116 3827 3171 3881 δὲ
3228 3828 3322 3881 καὶ
3364 3828 3425 3879 τὸ
3478 3830 3740 3899 σωτήριον
3781 3830 3913 3900 ἡμῖν

2416 3921 2913 3992 εὐαγγελιζόμενος.
2967 3921 3044 3973 Δι’
3096 3915 3155 3975 οῦ
3202 3919 3463 3989 ἐλάϐομεν
3528 3920 3912 3991 ὑπογραμμὸν,

2419 4012 2533 4075 πῶς
2568 4013 2647 4065 δεῖ
2678 4014 2820 4083 ἡμᾶς
2849 4015 2905 4065 ὲν
2944 4012 3234 4085 ἁμαρτίαις
3272 4011 3591 4083 γενομένους
3638 4012 3911 4084 προσιέναι

2418 4103 2555 4173 Θεῷ.

2418 4193 2574 4261 ’Ἑως
2611 4196 2773 4257 πότε,
2831 4194 3025 4261 Κύριε.
3079 4193 3343 4261 ἐπιλήσῃ
3395 4209 3513 4262 μου
3564 4195 3650 4260 εις
3705 4192 3910 4261 τέλος-ς

2358 4286 2443 4350 Ὦς
2480 4288 2693 4357 μακρᾶς
2722 4284 2886 4357 οὔσης
2909 4286 3006 4356 τῆς
3030 4286 3319 4357 γινομένης
3340 4284 3487 4355 αὐτῷ
3506 4284 3591 4340 διὰ
3616 4286 3712 4357 τὴν
3735 4286 3909 4358 ἀμαρ-

2344 4379 2465 4431 τίαν
2513 4380 2570 4431 ὲν
2610 4381 2676 4449 τῇ
2733 4377 2990 4449 μετανοίᾳ
3037 4378 3170 4448 πρὸς
3232 4378 3363 4431 Θεὸν
3419 4378 3700 4450 προσόδου.
3759 4378 3909 4443 Ἕως

2346 4473 2489 4525 πότε
2518 4471 2903 4540 ἀποστρέφῃς
2960 4471 3025 4524 τὸ
3064 4472 3387 4540 πρόσωπόν
3423 4485 3538 4524 σου
3569 4470 3669 4525 ἀπ’
3727 4470 3909 4540 ἐμοῦ;

2274 4551 2317 4606 Ῑ)
2347 4562 2547 4615 Τούτου
2614 4561 2673 4615 τὸ
2745 4563 3032 4634 πρόσωπον
3095 4565 3143 4616 οί
3206 4562 3423 4633 ἄγγελοι
3491 4562 3746 4633 βλέπουσι
3792 4561 3907 4615 δια-

2344 4652 2559 4716 παντὸς.

2413 4745 2560 4810 Ἕως
2610 4744 2773 4809 τίνος
2826 4742 3082 4813 θήσομαι
3126 4745 3363 4811 ,ϐουλὰς
3413 4744 3483 4797 ἐν
3532 4742 3907 4815 ψυχῇ,μου;

2355 4833 2613 4904 Ἀνιῶμαι
2656 4832 2783 4904 γὰρ,
2823 4834 2973 4903 φησὶ,
3006 4834 3387 4906 βουλευόμενος
3420 4834 3559 4887 κατὰ
3612 4833 3786 4904 ψυχὴν
3816 4835 3908 4905 μή,

2343 4944 2459 4990 πως
2490 4926 2597 4997 ἄρα
2644 4927 2713 4979 ,ὲν
2763 4928 2829 4997 τῇ
2890 4926 3132 4997 ἁμαρτίᾳ
3182 4925 3577 4996 ἀποθανοῦμαι,
3628 4926 3722 4979 καὶ
3751 4925 3906 4981 τοῦτϐ

2342 5019 2535 5072 ἐστινὸ
2576 5018 2808 5089 μάλιστα
2841 5018 3029 5081 ὀδύνας
3066 5036 3164 5089 μου
3190 5022 3254 5090 τῇ
3298 5020 3441 5099 ψυχῇ
3480 5020 3903 5091 παρασκευάζει.

2354 5111 2603 5175 Ὀδύνας
2675 5111 2744 5163 ἐν
2787 5109 2997 5177 καρδίᾳ
3052 5128 3172 5179 μου
3234 5111 3454 5180 ἡμέρας
3505 5112 3605 5165 καί
3665 5113 3903 5183 νυκτός.

2343 5198 2619 5268 Μεριμνᾷν
2649 5200 2705 5251 ὲν
2730 5200 2795 5268 τῇ
2832 5198 3026 5268 καρδίᾳ
3064 5198 3184 5253 καθ’
3214 5200 3444 5271 ἡμέραν.

2414 5290 2566 5353 Ἕως
2598 5290 2741 5341 πότε
2776 5287 3156 5355 ὑψωθήσεται
3192 5292 3224 5342 ό
3260 5290 3467 5359 ἐχθρός
3494 5308 3613 5361 μου
3646 5290 3738 5345 ἐπ’
3765 5290 3903 5362 ἐμὴ

2342 5382 2403 5435 Εἰ
2433 5379 2540 5451 γάρ
2571 5378 2963 5431 θεοσεόούντων
3015 5379 3170 5448 ἡμῶν
3226 5380 3571 5435 ταπεινοῦται
3630 5383 3659 5434 ὁ
3713 5384 3904 5456 ἐχθρὸς

2342 5470 2497 5541 ἡμῶν
2543 5468 2816 5533 διάϐολος,
2847 5468 3001 5538 δῆλον
3048 5470 3130 5522 ὃτι
3191 5471 3605 5542 ἁμαρτανόντων
3654 5473 3900 5542 ὑψοῦται.

2342 5560 2514 5631 ’Υψος
2565 5559 2673 5632 γὰρ
2698 5560 2774 5631 τῷ
2802 5562 3012 5631 Σατανᾷ
3041 5562 3073 5633 ἡ
3102 5563 3208 5615 τῶν
3235 5562 3531 5636 ἀνθρώπων
3558 5566 3900 5629 ταπείνωσις·

2342 5653 2551 5725 ἐπειδὴ,
2592 5651 2839 5723 καθάπερ
2867 5654 2895 5707 ὁ
2922 5651 3052 5717 Θεὸς
3081 5654 3137 5709 ὲν
3163 5657 3227 5725 τῇ
3293 5656 3530 5730 σωτηρίᾳ
3556 5655 3814 5729 ὑψοῦσθαι
3833 5657 3901 5729 τῆ
