4122 6498
193 421 256 479 97
1293 425 1654 484 EXPOSITIO
1687 428 1746 483 IN

1843 428 2126 488 SA-LMUM
2166 429 2302 485 XIII.
3344 435 3414 494 98

193 541 439 615 ἡμετέρᾳ,
485 542 661 610 οὕτως
709 545 739 600 ὀ
777 545 1018 611 διάϐολος
1053 548 1110 602 ὲν
1145 550 1214 620 τῇ
1244 549 1485 621 ἀπωλείᾳ
1524 551 1743 624 ἐπαίρε-

1846 551 1988 607 Deus
2024 551 2227 607 dicitur
2275 552 2328 605 in
2363 549 2535 605 salute
2579 558 2767 605 nostra
2798 548 3063 616 exaltari;
3101 549 3177 604 ita
3212 559 3266 605 et
3291 549 3410 606 dia-

195 633 303 686 σθαι
329 632 570 703 λέγεται.

254 724 514 780 Φώτισον
545 725 688 792 τοὺς
716 727 1059 797 ὀφθαλμούς
1077 747 1216 798 μου.
1262 732 1601 804 Ὀφθαλμοὺς
1622 735 1747 798 τοὺς

190 817 280 886 τῆς
334 816 572 881 διανοίας
641 818 812 889 δηλοῖ.
869 821 1144 874 Φωτίσατε
1194 822 1302 894 γὰρ
1353 825 1580 888 ἑαυτοὺς
1633 825 1747 894 φῶς

190 923 445 975 γνωσεως.

264 997 397 1067 ἐγὼ
445 997 516 1051 δὲ
577 998 678 1052 ἐπὶ
733 997 813 1064 τῷ
860 1000 1013 1055 ἐλέει
1055 1017 1170 1056 σου
1227 1001 1479 1071 ἤλπισα.
1526 1004 1743 1076 saepe,

189 1089 357 1160 φησὶν,
410 1088 690 1160 ἁμαρτίας
719 1089 910 1160 ἄφεσιν
954 1093 1204 1157 δέξασθαι
1240 1094 1318 1165 τῷ
1345 1096 1483 1149 ὲλέει
1512 1114 1747 1167 προσαν-

188 1179 313 1248 έχων
371 1177 448 1249 τῷ
492 1179 596 1249 σῷ,
654 1181 720 1234 δι’
779 1175 839 1233 οὗ
880 1184 1059 1237 καὶτὸ
1095 1186 1358 1257 σωτήριον
1383 1186 1613 1251 δέδωκας
1641 1189 1747 1242 πᾶ-

190 1287 264 1323 σιν
313 1269 652 1342 ἀνθρὼποις’
713 1274 850 1345 ὅπερ
901 1277 1164 1348 σωτήριον
1226 1278 1583 1346 ἀγαλλιᾶσθαι
1642 1298 1748 1333 πα-

189 1364 499 1435 ρασκευάσει
536 1380 642 1432 μου
671 1365 766 1434 τὴν
818 1368 1063 1438 καρδίαν,
1093 1370 1189 1440 τὴν
1211 1373 1376 1425 πάλαι
1409 1372 1747 1444 samem

187 1457 265 1510 διά
289 1459 384 1527 τὴν
410 1455 713 1526 ἁμαρτίαν.

306 1548 404 1612 Eli;
432 1545 498 1599 τὸ
545 1544 743 1613 τέλος,
797 1553 1091 1606 ΨἈΛΜΟΣ
1117 1552 1196 1618 τῷ
1249 1553 1445 1610 Δαϐὶδ.
1474 1557 1587 1610 ΙῙ’¹.

813 1642 825 1657 ’
840 1644 884 1696 Υ
881 1644 1142 1710 πόθεσις.

186 1732 475 1807 Διαρρήδην
535 1741 598 1794 ἐν
654 1738 732 1810 τῷ
787 1737 1011 1808 παρόντι
1065 1737 1263 1809 ψαλμῷ
1310 1738 1593 1810 σαφηνίζει
1638 1738 1748 1793 τῶν

245 1827 540 1899 ἀνθρώπων
570 1831 668 1903 τὴν
690 1833 769 1895 είς
824 1832 882 1884 τὸ
919 1832 1172 1894 παντελὲς
1217 1833 1326 1885 τῶν
1378 1834 1746 1904 ἐπιτηδευμά-

245 1936 346 1974 των
377 1923 641 1978 ἀσέὸειαν
690 1925 784 1977 καὶ⁵
822 1924 1184 1996 παρανομίαν,
1231 1926 1315 1978 ἵνα
1367 1927 1428 1979 τὸ
1453 1929 1746 1995 ἀναγκαῖον
1777 1926 1818 1981 Β

243 2014 336 2084 τῆς
362 2017 684 2086 ἐπιφανείας
714 2017 920 2088 κηρύξῃ
949 2016 1202 2088 Χριστοῦ.

241 2102 422 2160 Εἶπεν
447 2108 657 2177 ἄφρων
687 2110 755 2163 ἐν
788 2109 995 2177 καρδίᾳ
1026 2108 1233 2163 αὐτοῦ’
1264 2109 1383 2162 Οὐκ
1408 2109 1538 2163 ἔστι
1583 2112 1744 2177 Θεός.

196 2196 417 2268 Ἐπειδὴ,
476 2199 559 2271 μὴ
607 2200 971 2270 λογισάμενοι,
1025 2201 1208 2269 φησὶν,
1266 2197 1404 2254 εἶναι
1459 2202 1590 2256 Θεὸν
1623 2206 1746 2274 ἐφο-

187 2286 350 2356 ρῶντα
387 2291 456 2342 τά
482 2290 803 2362 ἀνθρώπινα
855 2292 947 2345 καὶ
1003 2291 1253 2362 κρίνοντα
1303 2291 1480 2363 κρίσει
1541 2294 1743 2366 δικαίᾳ,

188 2379 352 2431 πᾶσαν
383 2379 817 2453 άθεμιτουργίαν
850 2383 1190 2453 εἰργάσαντο·
1222 2383 1498 2454 τούτουβὴ
1533 2385 1690 2457 χάριν
1720 2387 1746 2438 ὁ

188 2469 376 2541 Κύριος
413 2474 477 2526 ὲκ
525 2473 623 2526 τοῦ
656 2474 883 2545 ούρανοῦ
938 2474 1179 2544 διέκυψε.
1221 2474 1389 2528 Τοῦτο
1419 2476 1524 2549 γάρ
1565 2477 1746 2546 σαφῶς

185 2561 272 2630 τὴν
301 2565 375 2625 είς
430 2563 755 2635 ἀνθρώπους
798 2565 889 2617 τοῦ
932 2566 1133 2635 Κυρίου
1162 2565 1382 2636 πρόοδον
1403 2569 1745 2638 κατασημαί-

185 2670 274 2706 νει.
299 2658 418 2709 Οὐκ
449 2657 591 2710 ἐστι
617 2655 804 2710 ποιῶν
858 2659 1252 2726 χρηστότητα,
1281 2659 1391 2711 οὐκ
1426 2658 1596 2712 ἐστιν
1637 2659 1747 2725 ἓως

185 2744 329 2812 ἑνός.
372 2745 599 2810 Ἐλθὼν,
630 2748 815 2819 φησιν,
872 2751 900 2802 ὁ
949 2749 1150 2820 Κύριος
1179 2751 1286 2803 οὐδ’
1336 2751 1430 2803 ’ένα
1461 2745 1586 2823 εὗρε
1613 2768 1747 2822 χρη-

189 2837 425 2906 στότητος
454 2838 717 2910 ἐργάτην,
743 2840 873 2893 ἀλλὰ
902 2841 1009 2911 γάρ
1033 2841 1331 2894 ὑπεύθυνον
1361 2843 1506 2913 πάσῃ
1541 2844 1740 2914 πράξει

187 2925 375 2995 ἀτόπῳ.
414 2926 640 2996 ,γάρος
704 2926 1074 2997 ἀνεῳγμένος
1128 2932 1160 2982 ό
1217 2928 1450 2998 λάρυγξ
1524 2932 1741 2985 αὐτῶν.

198 3012 420 3067 Ἐαυτῶν
455 3016 567 3085 γάρ
595 3015 670 3086 τῷ
700 3017 938 3090 φάρυγγι
966 3021 1013 3071 oi
1048 3019 1296 3090 δαίμονες
1330 3020 1518 3094 ὥσπερ
1542 3022 1744 3095 βρῶσιν

187 3097 317 3173 εῐχον
344 3103 431 3157 τὸν
470 3104 779 3178 ἄνθρωπον,
819 3107 892 3178 μὴ
938 3103 1076 3161 εἶναι
1129 3109 1393 3174 νοοῦντες,
1443 3112 1524 3165 ὅτι
1551 3115 1580 3166 ό
1615 3113 1746 3178 Θεὸς

188 3195 524 3250 ἐπιλαθέσθαι
550 3199 648 3250 τοῦ
677 3199 990 3271 πλάσματος
1013 3200 1176 3254 αὑτοῦ
1210 3202 1268 3254 ού
1300 3202 1540 3257 δύναται.

1847 642 2004 698 bolus
2037 643 2089 696 in
2121 641 2359 711 pernicie
2395 650 2582 696 nostra
2612 640 2820 695 extolli.

1916 735 1969 789 ι.
2014 732 2270 788 Illumina
2306 733 2481 787 oculos
2515 749 2675 787 meos.
2722 730 2922 788 Oculos
2953 735 3151 789 mentis
3187 734 3406 790 mdical.

1844 825 2154 882 llluminate
2182 829 2304 883 illos
2338 828 2543 882 lumine
2571 828 2921 898 cognitionis.

1919 919 1971 973 6.
2017 918 2128 989 Ego
2162 930 2340 974 autent
2371 923 2424 973 in
2463 920 2827 973 misericordia
2872 928 2961 972 tua
2989 920 3210 987 sperari.
3264 919 3407 974 Con-

1845 1010 1975 1074 ﬁdo,
2006 1010 2200 1080 inquit,
2231 1011 2436 1081 peccati
2472 1027 2560 1065 me
2597 1011 2972 1064 remissionem
3029 1020 3407 1080 accepturum,

1844 1099 1973 1154 dum
2012 1109 2159 1154 tuam
2199 1102 2476 1170 perpendo
2519 1101 2972 1156 misericordiam.
3031 1100 3164 1165 Tua,
3212 1102 3407 1172 inquit,

1844 1206 1940 1260 per
1981 1207 2144 1262 quam
2176 1193 2414 1248 salutare
2444 1204 2596 1248 tuum
2644 1193 2838 1250 dedistﬁ
2895 1193 3138 1248 minibus
3177 1194 3412 1248 homini-

1847 1282 1969 1336 bus.
2031 1281 2184 1348 Quod
2241 1284 2482 1339 salutare
2520 1284 2938 1339 exsultationem
2999 1284 3214 1353 parabit
3254 1283 3408 1338 co.'di

1845 1387 1987 1440 meo,
2023 1375 2152 1428 olim
2179 1374 2246 1430 de
2280 1384 2503 1445 peccato
2533 1375 2760 1431 dolenti.

2044 1553 2095 1607 I.
2129 1550 2196 1606 In
2223 1553 2402 1621 ﬁnem,
2435 1552 2771 1608 PSALMUS
2802 1554 2993 1611 David.
3034 1553 3209 1610 XIII.

2424 1647 2823 1716 Argumentum.

1846 1735 2056 1793 Diserte
2087 1736 2142 1791 in
2189 1738 2442 1807 praesenti
2485 1739 2697 1808 psalmo
2749 1738 2991 1794 declarat
3037 1739 3320 1795 hominum
3350 1739 3405 1798 in

1913 1830 2167 1886 omnibus
2194 1830 2388 1886 studiis
2426 1843 2480 1886 et
2520 1831 2732 1886 actibus
2773 1832 2888 1886 suis
2938 1832 3270 1902 impietatem
3304 1833 3409 1889 ini-

1913 1919 2312 1990 quitatemque,
2362 1929 2421 1975 ut
2450 1921 2830 1977 necessitatem
2856 1922 3110 1992 praedicet
3141 1923 3408 1978 adventus

1922 2007 2149 2064 Christi.

1921 2099 2070 2154 Dixit
2095 2102 2345 2171 insipiens
2379 2102 2434 2155 in
2462 2105 2616 2158 corde
2637 2121 2734 2158 suo
2752 2121 2770 2158 :
2797 2104 2920 2158 Non
2941 2113 3017 2158 est
3038 2101 3197 2158 Deus.
3233 2103 3410 2170 Quan-

1847 2191 2140 2262 doquidem
2172 2210 2281 2249 non
2310 2195 2610 2266 cogitantes
2638 2195 2808 2252 Deum
2834 2211 2987 2265 esse,
3031 2196 3124 2266 qui
3156 2198 3408 2266 respiciat

1845 2285 2027 2338 omnia
2056 2287 2292 2341 humana
2314 2328 2329 2353 ,
2371 2303 2437 2342 ac
2459 2289 2552 2357 qui
2587 2287 2737 2358 justo
2765 2288 3196 2358 judiciojudicet
3220 2328 3235 2353 ,
3287 2289 3409 2342 nul-

1845 2375 1958 2429 lum
1993 2391 2098 2428 non
2129 2379 2308 2432 scelus
2343 2387 2761 2448 perpelrarunt;
2817 2379 3022 2433 idcirco
3054 2379 3317 2433 Dominus
3344 2380 3410 2433 de

1846 2472 1984 2526 cmio
2021 2470 2317 2540 prospexit.
2367 2468 2500 2523 Illud
2536 2469 2679 2524 enim
2720 2478 2905 2539 aperte
2941 2468 3155 2524 Domini
3197 2469 3262 2522 ad
3311 2469 3410 2522 ho-

1845 2566 2016 2620 mines
2039 2565 2326 2619 adventum
2357 2563 2579 2618 indicat.
2629 2562 2751 2616 Non
2772 2573 2848 2618 est
2876 2566 2964 2634 qui
3001 2564 3165 2633 faciat
3191 2563 3404 2626 bonum,

1851 2674 1952 2711 non
1975 2667 2050 2711 est
2078 2673 2237 2726 usque
2265 2656 2333 2709 ad
2361 2673 2544 2710 unum.
2601 2656 2736 2711 Cum
2761 2659 2944 2718 venit,
2980 2659 3184 2727 inquit,
3221 2656 3410 2710 Domi-

1846 2764 1986 2814 nus,
2031 2749 2237 2802 nullum
2289 2749 2692 2803 mansuetudini
2737 2749 3017 2814 deditum;
3069 2749 3163 2803 scd
3216 2764 3408 2803 omnes

1848 2841 1982 2895 nulli
2020 2855 2126 2895 non
2152 2854 2321 2909 pravo
2359 2839 2507 2908 operi
2538 2839 2806 2905 addictos,
2840 2840 3063 2894 invenit.
3097 2838 3408 2909 Sepulcrum

1845 2943 2028 3004 patens
2074 2942 2152 2986 est
2202 2940 2386 3002 guttur
2426 2946 2626 2984 eorum.
2689 2927 2746 2983 In
2787 2944 2887 2983 suo
2915 2945 3149 2998 namque
3195 2941 3411 3000 gutture

1845 3025 2116 3079 daemones
2152 3022 2426 3080 hominem
2473 3020 2632 3090 quasi
2674 3020 2855 3073 cibum
2900 3020 3249 3085 detinebant,
3300 3037 3408 3075 non

1846 3113 2144 3182 cogitantes
2193 3126 2298 3165 non
2349 3125 2509 3180 posse
2556 3108 2724 3164 Deum
2777 3125 3018 3177 unquam
3072 3109 3272 3177 cpiticii
3323 3110 3408 3166 sul

1847 3200 2112 3258 oblivisci.

253 3287 392 3354 Οὐχὶ
440 3288 779 3357 γνώσονται
841 3290 1061 3357 πάντες
1117 3295 1170 3344 οἱ
1229 3293 1596 3363 ἐργαζόμενοι
1635 3295 1746 3364 τὴν

1917 3293 1970 3347 4.
2007 3290 2192 3345 Nonne
2221 3298 2524 3359 cognoscent
2556 3304 2730 3342 omnes
2774 3291 2861 3357 qui
2904 3296 3188 3356 operantur
3212 3288 3409 3358 iniqui-

187 3376 466 3444 amator;
496 3377 638 3432 Καθ’
677 3380 1014 3450 ὑποστιγμὴν
1063 3381 1456 3450 ἀναγνωστέον,
1494 3385 1588 3436 καὶ
1611 3383 1746 3448 ἐξω-

189 3462 269 3517 θεν
291 3466 377 3518 τὸν
401 3467 612 3538 Κύριον
638 3467 992 3539 προληπτέον·
1029 3465 1166 3544 ἵναῇ
1193 3469 1364 3535 οὕτως
1403 3471 1462 3524 τὸ
1495 3473 1750 3542 σημαινό-

191 3571 355 3623 μενον
381 3559 490 3611 Καὶ
527 3559 741 3623 ,πάντες
790 3559 1086 3625 ἐξέκλιναν,
1131 3563 1411 3616 καὶτοῦτο
1467 3565 1745 3636 ἐποίησαν.

189 3646 254 3698 Οὐ
282 3647 531 3716 μέλλουσι
558 3648 845 3718 γινώσκειν
866 3653 956 3705 τὸν
985 3653 1205 3723 Κύριον,
1225 3656 1441 3722 Κύριον
1461 3658 1533 3709 οὐ
1561 3673 1747 3724 προσ-

185 3736 543 3791 εκαλέσαντο
600 3740 654 3792 οί
700 3738 1005 3806 ἐσθίοντες
1047 3742 1152 3794 τὸν
1177 3745 1330 3795 λαόν
1354 3761 1472 3811 μου
1497 3744 1566 3796 ἐν
1592 3745 1747 3814 ,βρώ-

187 3840 274 3878 σει
319 3826 522 3894 ἄρτου.
587 3829 892 3901 Κατήσθιον
939 3830 1045 3903 γὰρ
1101 3832 1190 3886 τὸν
1235 3833 1359 3887 λαὸν
1406 3834 1569 3887 αὑτοῦ
1623 3837 1750 3889 ἀνα-

187 3917 449 3982 πείθοντες
478 3923 807 3991 προσκυνεῖν
829 3920 925 3992 τὴν
959 3922 1134 3975 κτίσιν
1161 3923 1312 3994 παρά
1341 3925 1429 3978 τὸν
1467 3925 1744 3980 κτίσαντα.

185 4007 286 4060 Καὶ
313 4003 478 4074 οὗτοι,
515 4012 701 4081 φησιν,
735 4011 960 4084 σὲτέροις
1005 4013 1189 4066 κακῶν
1218 4015 1502 4084 είσηγηταὶ
1525 4018 1749 4088 γενόμε-

185 4115 275 4161 νοι,
302 4101 388 4153 τὸν
411 4102 620 4172 Κύριον
673 4101 770 4155 οὐκ
817 4102 1245 4158 ἐπικαλέσονται.
1307 4105 1461 4159 Οὕτω
1490 4109 1596 4180 γάρ
1617 4110 1748 4162 ἀνα-

186 4194 439 4258 γνωστέον
478 4193 744 4266 μέλλοντα
773 4196 890 4249 ἀντὶ
918 4195 1010 4250 τοῦ
1046 4197 1495 4269 παρεληλυθότος.

260 4285 412 4339 Ἐκεῖ
439 4286 508 4339 δὲ
540 4285 887 4341 ἐδειλίασαν
943 4291 1120 4359 φόϐῳ.
1151 4287 1222 4347 οὗ
1275 4293 1386 4345 οὐκ
1418 4287 1495 4362 ἦν
1539 4294 1741 4361 φόϐος.

197 4372 251 4426 '0
273 4376 510 4440 Μωσέως
563 4377 742 4448 νόμος,
786 4381 936 4450 φησι,
992 4382 1208 4434 κόλασιν
1255 4382 1445 4435 ἐποίει’
1477 4384 1504 4435 ὁ
1558 4384 1613 4437 δὲ
1653 4385 1743 4438 τοῦ

188 4464 405 4536 Χριστοῦ
439 4469 608 4537 τρόὸος
636 4470 794 4538 ἁγνός
819 4474 984 4525 ἐστιν’
1028 4473 1101 4536 ὡς
1157 4475 1302 4537 υἱοὺς
1326 4474 1434 4546 γάρ
1464 4475 1744 4544 φοεεῖσθαι

187 4555 390 4631 Πατέρα
419 4562 823 4633 παρεσκεύαζε.
851 4562 1008 4616 Κατά
1022 4564 1110 4616 τὸν
1131 4565 1320 4635 καιρὸν
1341 4567 1566 4631 ἐκεῖνον,
1588 4568 1736 4637 φησὶ,

189 4649 298 4702 καθ’
327 4651 383 4704 ὃν
406 4653 462 4707 δὲ
486 4652 728 4724 δηλονότι
763 4655 794 4723 ἡ
824 4654 1132 4723 ἐπιφάνεια,
1168 4656 1329 4725 φόὸον
1348 4656 1741 4728 φοϐηθήσονται

187 4731 244 4793 οὗ
278 4744 370 4798 ούκ
403 4745 516 4798 ἔστι
543 4743 726 4812 φόϐος.
746 4746 857 4798 Οὐκ
877 4747 940 4798 ὲκ
969 4749 1199 4819 νομικῆς
1231 4748 1456 4818 ἀπειλῆς
1482 4749 1742 4820 δηλονότι,

189 4832 290 4886 ἀλλ’
322 4837 354 4907 ή
391 4837 679 4907 πρέπουσα
704 4837 901 4905 μᾶλλον
942 4837 1242 4910 ἐλευθέροις
1262 4839 1532 4893 εὐλάϐεια.

252 4925 372 4979 Ὀτι
395 4928 616 4995 Κύριος
636 4927 706 4980 ἐν
727 4926 899 4996 γενεᾷ
926 4928 1184 4981 δικαίων.
1206 4928 1326 4982 Τῶν
1353 4930 1744 5000 δικαιουμένων

189 5013 268 5069 διά
284 5019 374 5091 τῆς
396 5022 720 5093 ἐπιφανείας
748 5022 927 5076 αὑτοῦ.
951 5023 1150 5092 Bauli]
1171 5025 1405 5093 πτωχοῦ
1425 5026 1744 5094 καταισχύ-

189 5125 355 5165 vetat.
384 5114 575 5169 Ταῦτα
597 5114 670 5178 ὼς
695 5115 829 5185 πρὸς
857 5116 978 5178 τοὺς
998 5117 1394 5187 ἀπομείναντας
1419 5121 1483 5189 τῇ
1518 5119 1740 5188 ἀπιστίᾳ

191 5200 272 5254 καὶ
297 5202 591 5271 διώξαντας
621 5206 746 5270 τοὺς
777 5207 1167 5271 πιστεύσαντας
1205 5210 1284 5271 είς
1322 5210 1574 5280 Χριστόν.

259 5384 345 5451 τίς
370 5385 548 5441 δώσει
576 5387 645 5440 ἐκ
690 5387 840 5440 Σιὼν
886 5387 948 5441 τὸ
979 5387 1272 5457 σωτήριον
1319 5387 1425 5440 τοῦ
1469 5386 1740 5455 Ἰσραήλ;

191 5475 344 5530 Τοῦτο
366 5478 420 5531 δὲ
442 5477 638 5548 διπλῆν
668 5477 779 5548 ἔχει
819 5477 913 5547 τὴν
942 5481 1295 5550 προφητείανο
1325 5479 1385 5530 ού
1441 5478 1549 5548 γὰρ
1579 5479 1738 5548 μόνον

190 5568 423 5634 τηνικάδε
451 5567 751 5638 γενομένην
775 5571 884 5631 τοῖς
913 5568 1315 5640 πολιορκηθεῖσι
1345 5569 1738 5641 προσαγορεύει

194 5660 463 5727 σωτηρίαν,
501 5659 636 5713 ἀλλά
664 5661 757 5712 καὶ
784 5659 881 5728 τὴν
905 5659 1115 5724 πολλοῖς
1148 5660 1368 5730 ὕστερον
1401 5660 1610 5730 χρόνοις
1643 5660 1737 5714 τοῦ

191 5745 420 5821 Σωτῆρος
449 5751 606 5820 ἡμῶν
653 5749 950 5820 γενομένην
1001 5750 1204 5803 ἐκεῖθεν
1245 5753 1505 5823 σωτήριον
1539 5752 1732 5818 ἐπιφά-

193 5852 343 5892 νειαν.
407 5838 854 5906 Ἀταλλιιίσεται
920 5839 1128 5895 Ἰακώϐ.
1186 5843 1322 5905 Τοὺς
1392 5841 1578 5910 ἁγίους
1636 5857 1739 5896 πα-

1850 3384 2049 3436 tatem?
2075 3384 2212 3436 Cum
2243 3381 2683 3449 interpunctione
2716 3378 3021 3443 legendum,
3058 3389 3218 3446 atque
3255 3380 3406 3443 illud,

1848 3472 2149 3534 Dominum,
2173 3477 2325 3524 extra
2353 3468 2722 3537 accipiendum
2747 3483 2760 3531 ;
2789 3475 2848 3520 ut
2870 3466 2984 3520 lucc
2998 3467 3066 3520 sit
3096 3468 3360 3522 sententia
3390 3487 3405 3524 :

1849 3562 1915 3616 Et
1935 3575 2144 3627 omnes,
2171 3558 2366 3630 inquit,
2401 3556 2829 3619 declinaverunt,
2858 3566 3020 3625 atque
3052 3555 3102 3610 id
3132 3567 3408 3626 perpetra-

1847 3665 1990 3708 runt.
2036 3652 2387 3721 Nequaquam
2443 3648 2684 3702 futurum
2740 3659 2824 3703 est
2869 3657 2927 3701 ut
2975 3648 3264 3702 Dominum
3311 3665 3408 3704 co-

1848 3749 2126 3814 gnoscant.
2172 3741 2276 3806 Qui
2311 3741 2560 3794 deuorant
2611 3738 2807 3807 plebem
2854 3755 3019 3791 meam
3063 3740 3197 3792 sicut
3234 3756 3405 3794 escam

1846 3837 2031 3907 panis,
2096 3835 2380 3888 Dominum
2427 3849 2530 3887 non
2578 3832 2964 3886 invocaverunt.
3032 3830 3404 3890 Comedebant

1847 3930 1988 3984 enim
2031 3927 2285 3998 populum
2318 3925 2458 3994 ejus,
2507 3925 2794 3978 suadentes
2837 3923 3064 3976 adorare
3097 3933 3401 3976 creaturam

1845 4030 2034 4077 etnon
2083 4025 2406 4072 creatorem.
2462 4016 2636 4086 Atque
2669 4016 2782 4082 illi,
2830 4014 3043 4083 inquit,
3086 4014 3207 4069 aliis
3234 4014 3404 4069 malo-

1846 4124 1964 4165 rum
2005 4117 2253 4162 auctores
2278 4106 2426 4167 l‘acti,
2465 4106 2754 4159 Dominum
2792 4120 2898 4158 non
2932 4105 3286 4160 invocabunt.
3325 4104 3401 4162 Ita

1845 4217 2079 4272 namque
2108 4201 2392 4270 legendum
2419 4197 2661 4252 futurum
2684 4212 2783 4266 pro
2815 4196 3107 4266 praeterito.

1916 4293 1969 4346 5.
2008 4289 2131 4344 Illic
2168 4290 2554 4359 trepidaverunt
2590 4291 2793 4357 timore,
2845 4291 2932 4343 ubi
2962 4309 3064 4345 non
3081 4301 3193 4345 erat
3223 4292 3398 4348 timor.

1844 4382 2042 4455 Moysis
2064 4383 2173 4447 lex,
2201 4382 2399 4452 inquit,
2445 4397 2660 4452 poenam
2692 4383 2958 4438 inferebat
2979 4426 2993 4450 ,
3033 4386 3193 4440 timor
3221 4398 3400 4443 autem

1845 4475 2058 4530 Domini
2092 4486 2274 4530 castus
2311 4486 2432 4530 est:
2474 4491 2598 4529 nam
2631 4490 2731 4530 nos
2775 4486 3035 4544 tauquam
3079 4480 3256 4546 ﬁlios,
3298 4480 3403 4536 Pa-

1774 4602 1816 4656 Β
1846 4578 1979 4624 trem
2017 4570 2207 4623 timere
2236 4568 2439 4624 docuit.
2464 4566 2594 4623 Post
2617 4569 2747 4623 illud
2776 4579 3012 4640 tempus,
3056 4587 3164 4642 quo
3197 4574 3403 4629 scilicet

1847 4663 2111 4716 adventus
2141 4661 2246 4716 erit
2276 4659 2417 4729 ejus,
2449 4660 2521 4714 ibi
2551 4661 2818 4716 timebunt
2844 4663 2934 4717 ubi
2973 4679 3080 4718 non
3113 4675 3194 4720 est
3216 4666 3397 4720 timor.

1844 4752 1960 4806 Non
2002 4752 2198 4807 timore
2225 4753 2315 4822 qui
2338 4769 2403 4806 ex
2431 4753 2565 4821 legis
2589 4755 3014 4811 comminatione
3040 4757 3266 4823 oriatur,
3307 4760 3398 4814 sed

1843 4845 2143 4899 reverentia
2177 4859 2298 4913 qua:
2331 4843 2530 4898 liberos
2564 4843 2773 4899 deceat.

1913 4936 1964 4990 6.
2001 4935 2258 5000 Quoniam
2290 4935 2538 4988 Dominus
2559 4936 2612 4987 in
2635 4936 2964 5005 generatione
2983 4936 3267 5005 justorum.
3296 4939 3398 5006 Qui

1837 5029 2205 5098 justilicautur
2246 5043 2343 5097 per
2387 5028 2506 5096 ejus
2551 5029 2860 5083 adventum.
2910 5027 3202 5084 Consilium
3229 5031 3398 5098 inopis

1841 5119 2204 5187 confunditur.
2252 5116 2378 5172 Haec
2422 5118 2552 5172 dicit
2587 5117 2652 5171 ad
2689 5131 2782 5171 eos
2816 5117 2909 5186 qui
2959 5128 3306 5186 perseverant
3345 5119 3396 5172 in

1845 5211 2240 5277 incredulitate,
2275 5219 2329 5266 et
2355 5218 2754 5279 persequuntur
2787 5223 2882 5264 eos
2905 5210 2998 5278 qui
3028 5209 3080 5261 in
3115 5209 3395 5264 Christum

1841 5299 2138 5354 credidere.

1912 5387 1962 5439 7.
1997 5385 2126 5450 Quis
2158 5385 2303 5439 dabit
2322 5402 2387 5439 ea:
2404 5384 2530 5439 Sion
2560 5385 2793 5439 salutare
2825 5383 3038 5440 Israel?
3078 5384 3189 5440 Hoc
3219 5386 3394 5454 dupli-

1839 5493 1955 5532 cem
1987 5478 2226 5532 continet
2253 5476 2591 5545 prophetiam
2627 5495 2640 5530 :
2672 5490 2778 5528 non
2808 5476 2969 5530 modo
2997 5477 3140 5530 enim
3176 5476 3260 5530 hic
3293 5477 3396 5530 ob-

1839 5570 2005 5623 sessis
2033 5578 2241 5636 partam
2269 5568 2500 5622 salutem
2540 5567 2863 5632 annuntiat,
2912 5568 3003 5620 sed
3046 5567 3210 5621 etiam
3248 5568 3398 5620 salu-

1841 5671 2008 5715 tarem
2033 5658 2232 5712 Christi
2268 5660 2557 5713 adventum
2583 5700 2598 5724 ,
2642 5660 2827 5713 multis
2851 5667 2971 5726 post
2997 5659 3209 5714 saeculis
3245 5659 3396 5714 futu-

1838 5764 1985 5802 rum.
2015 5747 2317 5802 Exsultabit
2340 5748 2527 5804 Iacob.
2573 5747 2804 5804 Sanctos
2827 5749 3167 5819 patriarchas
3195 5759 3249 5804 et
3270 5766 3395 5819 pro-

1839 5839 2032 5909 phetas
2062 5840 2344 5909 intelligit,
2389 5842 2483 5908 qni
2525 5854 2874 5907 summopere
2907 5841 3013 5895 laeti
3049 5850 3237 5903 erunt.
3273 5858 3392 5898 cum
