4122 6494
706 392 777 449 99
1549 389 1604 446 S.
1647 389 2022 446 ATllANASll
2054 390 2202 445 OPP.
2246 388 2423 445 PARS
2454 390 2543 445 Ill.
2584 419 2657 432 --
2689 390 3097 450 EXEGETICA.

3836 390 3938 447 £00

705 505 988 575 praedictas
1022 504 1091 559 ah
1133 505 1266 576 ipsis
1294 502 1690 573 promissiones
1715 501 1971 559 Christus
2005 505 2250 575 impleve-

2364 506 2625 577 τριάρχας
2646 506 2740 559 καὶ
2774 508 3056 577 προφήτας
3102 503 3267 574 φησὶ,
3308 504 3433 568 τοὺς
3488 503 3630 576 χαρᾷ
3653 501 3940 574 χαίροντας

703 610 792 655 rit.
829 598 921 653 Ha:
959 609 1139 653 autem
1169 605 1357 664 erant,
1399 611 1522 668 qua:
1554 597 1800 651 omnium
1838 598 2082 669 gentium
2117 599 2265 654 salu-

703 698 808 746 tem
839 688 1305 760 praenuntiabant.

894 874 947 928 1.
989 870 1058 927 In
1087 872 1268 941 ﬁnem,
1301 869 1639 927 PSALMUS
1668 870 1865 926 Dauid.
1905 870 1991 925 XI
2007 869 2068 930 γ.

1283 965 1682 1034 Argumentum.

699 1054 853 1111 Hunc
890 1055 1033 1110 canit
1061 1057 1354 1125 psalmum,
1378 1055 1583 1110 docens
1610 1054 1870 1125 quidnam
1909 1054 2115 1109 aditum
2164 1056 2262 1111 hoc

765 1148 901 1203 mini
959 1150 1199 1219 praebeat
1251 1149 1317 1202 ad
1364 1148 1514 1202 illam
1575 1149 1972 1219 assequendam
2015 1160 2256 1205 sortem:

765 1252 1099 1310 quapropter
1126 1242 1195 1294 ita
1223 1239 1435 1294 orditur
1464 1258 1476 1294 :

760 1329 1003 1395 Domine,
1032 1332 1148 1400 quis
1183 1330 1449 1383 habitabit
1488 1331 1545 1385 in
1598 1331 1936 1387 tabernaculo
1984 1334 2115 1387 tuo?
2150 1330 2258 1387 Ha-

694 1420 893 1477 bitatio
920 1432 1005 1476 est
1040 1422 1401 1477 commoratio
1437 1430 1818 1491 temporanea,
1862 1439 1973 1478 non
2013 1423 2177 1478 lixam
2204 1434 2259 1478 et

691 1524 1098 1586 permanentem
1124 1515 1311 1577 vitam,
1337 1514 1434 1568 sed
1468 1523 1867 1579 transeuntem,
1905 1532 1969 1572 ac
2000 1532 2127 1571 cum
2160 1534 2255 1589 spe

690 1606 1186 1677 transmigrationis
1235 1605 1301 1659 ad
1358 1608 1737 1675 praestantiora
1784 1608 2131 1676 coniunctam
2182 1611 2255 1663 si-

690 1699 970 1769 gniﬁcans.
1010 1696 1193 1751 Sancti
1218 1697 1415 1766 quippe
1446 1700 1545 1752 viri
1569 1708 1652 1754 est
1676 1700 1817 1754 hanc
1841 1700 2005 1754 vitam
2035 1709 2256 1770 praeter-

688 1792 867 1846 eundo
909 1806 1105 1860 agere,
1145 1799 1307 1859 atque
1352 1790 1418 1845 ad
1461 1792 1622 1845 aliam
1676 1792 2065 1848 transmittere.
2122 1791 2253 1859 Quae

2364 598 2457 651 ἐπὶ
2488 596 2566 668 τῷ
2588 596 2686 661 τάς
2717 599 3106 671 προλεχθείσας
3134 595 3313 651 αύτῶν
3339 597 3666 665 ἐπαγγελίας
3696 596 3939 668 ἀποπλη-

2365 688 2532 761 ρῶσαι
2557 691 2646 744 τὸν
2675 690 2925 761 Χριστόν.
2954 685 3123 745 sum
3155 691 3211 745 δὲ
3232 686 3372 762 ἦσαν
3411 691 3467 744 al
3507 689 3606 762 τὴν
3626 690 3734 744 τῶν
3766 690 3937 744 ὲθνῶν

2363 782 2617 838 ἁπάντων
2642 782 2915 855 σωτηρίαν
2949 785 3476 856 κατασημαίνουσαι.

2535 877 2638 942 εις
2676 876 2741 929 τὸ
2768 874 2942 943 τέλος
2972 879 3281 932 ΨΑΑΜοΣ
3300 875 3381 943 τῷ
3419 877 3617 933 Δαυτδ.
3645 881 3755 933 14'.

2984 969 2997 987 '
3010 970 3316 1034 Υπόθεσις.

2358 1056 2558 1111 Τοῦτον
2607 1058 2721 1129 ᾄδει
2753 1058 2845 1113 τὸν
2872 1058 3106 1129 ψαλμὸν,
3135 1059 3399 1115 διδάσκων
3426 1058 3478 1114 τί
3532 1059 3599 1115 ἄν
3643 1059 3931 1131 ἄνθρωπον

2429 1151 2819 1222 παρασκευάσῃ
2845 1152 2942 1223 τῆς
2965 1152 3238 1222 μακαρίας
3262 1152 3473 1223 ἐκείνης
3494 1156 3674 1223 τυχεῖν
3699 1151 3927 1225 λήξεως*

2426 1239 2508 1294 διὸ
2545 1240 2846 1312 ἀρχόμενος
2867 1260 3048 1313 φησιν·

2426 1332 2620 1400 Κύριε,
2653 1333 2746 1398 τις
2776 1332 3129 1402 παροικήσει
3157 1335 3227 1388 ἐν
3278 1334 3360 1401 τῷ
3404 1333 3751 1405 σκηνώματι
3768 1352 3927 1401 σου;

2356 1423 2624 1496 Παροικία
2655 1426 2769 1479 ἐστὶ
2799 1426 3040 1499 διαγωγὴ
3092 1426 3442 1499 πρόσκαιρος,
3506 1428 3602 1498 οὺχ
3633 1427 3926 1500 ἱδρυμένην

2355 1513 2523 1585 ζωὴν,
2547 1514 2683 1569 ἀλλὰ
2712 1516 3008 1590 παροδικὴν
3047 1518 3131 1570 ἐπ’
3173 1517 3345 1571 ἐλπίδι
3378 1518 3476 1587 τῆς
3518 1520 3612 1571 ἐπὶ
3634 1520 3702 1572 τὰ
3740 1519 3925 1589 κρείτ-

2354 1624 2482 1660 τονα
2512 1608 2893 1678 μεταστάσεως
2937 1610 3326 1677 ὑποφαίνουσα.
3369 1612 3546 1679 Ἀγίου
3586 1611 3695 1684 γὰρ
3730 1611 3924 1683 ἀνδρὸς

2354 1702 2670 1773 παροδεύειν
2703 1700 2795 1755 τὸν
2822 1702 2931 1772 βίον
2979 1700 3187 1767 τοῦτον,
3222 1704 3517 1771 ἐπάγεσθαι
3550 1703 3605 1758 δὲ
3638 1705 3777 1775 πρὸς
3808 1704 3923 1758 ιτι.

2357 1810 2454 1865 ραν
2485 1793 2650 1865 ζωήν.
2686 1795 2776 1847 Διὸ
2828 1793 2922 1847 καὶ⁸
2952 1796 2981 1847 ὁ
3010 1793 3173 1847 Δαυῖδ
3228 1799 3355 1866 περὶ
3388 1796 3551 1851 αὑτοῦ
3585 1814 3737 1869 φησν
3768 1796 3922 1867 Πάρ-

686 1899 851 1940 causa
878 1892 961 1937 est
997 1892 1055 1936 ut
1092 1882 1257 1937 David
1289 1883 1356 1938 de
1390 1899 1449 1937 se
1490 1884 1608 1954 ipso
1636 1883 1783 1938 dicat
1805 1886 1850 1918 “
1885 1883 2135 1939 :Aduena
2157 1902 2250 1954 ego

2353 1900 2514 1949 οικος
2543 1882 2656 1952 ἐγώ
2678 1886 2793 1953 ειμι
2837 1885 2992 1954 παρὰ
3024 1886 3123 1939 σοι
3155 1886 3251 1940 καὶ
3281 1886 3704 1956 παρεπίδημος,
3726 1886 3921 1952 καθὼς

686 1992 802 2029 sum
836 1974 976 2043 apud
1020 1982 1067 2027 te
1107 1984 1155 2027 et
1186 1979 1521 2045 peregrinus,
1572 1974 1706 2027 sicut
1731 1991 1904 2028 omnes
1926 1984 2100 2045 patres
2127 1977 2248 2031 mei.

688 2066 847 2137 Quis,
877 2068 973 2130 ait,
1009 2066 1209 2135 dignus
1234 2067 1337 2120 erit
1365 2067 1419 2120 in
1450 2066 1765 2121 caelestibus
1797 2066 1906 2122 illis
1934 2067 2253 2122 tabernacu-

686 2163 754 2217 lis
804 2158 1138 2216 consistere?
1200 2158 1306 2212 Αιιι
1363 2159 1479 2229 quis
1536 2158 1940 2212 tabernaculum
1978 2169 2130 2228 ponet
2197 2158 2250 2211 in

687 2265 860 2308 utonte
887 2263 1069 2307 sancto
1096 2254 1227 2307 tuo?
1255 2252 1547 2322 Postquam
1568 2253 1714 2307 enim
1738 2252 2015 2321 quispiam
2046 2262 2250 2305 aeterno

684 2348 778 2401 illo
808 2347 1162 2401 tabernaculo
1206 2344 1463 2414 dignatus
1504 2342 1703 2408 fuerit,
1745 2343 2077 2399 beatitudine
2106 2342 2253 2397 {rue-

685 2448 773 2494 tur
796 2441 848 2492 in
874 2438 1071 2494 saecula
1101 2436 1331 2491 infinita.

756 2527 870 2583 2-5.
920 2526 1023 2592 Qui
1068 2526 1261 2580 incedit
1308 2526 1422 2580 sine
1462 2524 1693 2591 macula,
1721 2534 1825 2581 etc.
1859 2524 2027 2581 Docet
2050 2524 2251 2596 quibus

687 2621 865 2676 modis
889 2622 1103 2675 beatum
1123 2619 1435 2689 hujusmodi
1458 2620 1619 2673 linem
1647 2619 1994 2673 consecuturi
2023 2634 2247 2672 sumus:

684 2712 865 2783 primo
902 2711 1120 2780 quidem
1162 2712 1209 2765 si
1260 2711 1611 2765 immaculata
1642 2712 1727 2763 via
1768 2709 2086 2764 incedamus
2126 2724 2248 2779 qua:

680 2812 765 2860 est
794 2806 909 2875 ipse
930 2802 1215 2868 Christus;
1272 2801 1486 2865 deinde,
1540 2800 1586 2856 si
1628 2815 1917 2870 operemur
1951 2800 2244 2870 iustitiam;

680 2897 873 2965 tertio,
912 2897 956 2951 si
1004 2910 1099 2951 cor
1136 2903 1385 2950 nostrum
1427 2895 1670 2951 veritatis
1715 2895 2051 2950 domicilium
2092 2909 2249 2966 pare-

683 3004 840 3055 mus;
873 2996 1091 3058 quarto,
1118 2987 1165 3042 si
1192 2986 1378 3041 dolosa
1404 2987 1653 3040 instructi
1688 2986 1871 3055 lingua
1896 3001 2004 3040 non
2038 2986 2244 3052 simus;

680 3083 894 3151 quinto,
929 3081 975 3135 si
1018 3080 1220 3133 malum
1258 3078 1506 3147 proximo
1538 3091 1645 3130 non
1687 3075 2019 3141 inferamus;
2069 3084 2243 3142 sexto.

680 3171 729 3225 si
766 3169 1060 3239 Opprobrio
1119 3169 1426 3237 proximum
1473 3168 1703 3237 superbe
1748 3181 1859 3221 non
1910 3167 2241 3234 aﬂiciamus;

2356 1974 2575 2042 πάντες
2605 1978 2660 2029 ot
2688 1979 2936 2045 πατέρες
2957 1997 3096 2048 μου.
3124 1980 3237 2045 Τίς,
3271 1981 3454 2051 φησὶν,
3483 1980 3630 2046 ἄξιος
3678 1981 3834 2035 ἔσται
3863 1983 3920 2036 ιν

2355 2066 2590 2130 ἐκείναις
2644 2070 2763 2131 ταῖς
2801 2068 3077 2139 οὐρανίαις
3115 2072 3365 2139 γενέσθαι
3421 2076 3677 2142 σκηναῐςς
3728 2075 3803 2126 Ἠ
3828 2074 3921 2140 τίς

2354 2160 2806 2227 κατασκηνώσει
2838 2161 2908 2213 ἐν
2941 2160 3061 2228 ὄρει
3099 2162 3244 2232 ἁγίῳ
3270 2179 3418 2229 σου;
3466 2163 3652 2235 ἐπειδὴ
3697 2164 3764 2218 ἃν
3810 2164 3919 2237 γάρ

2350 2266 2435 2313 τις
2479 2249 2685 2322 ἀξιωθῇ
2713 2252 2812 2322 τῆς
2846 2255 3119 2323 μακαρίας
3149 2256 3362 2327 ἐκείνης
3397 2256 3621 2327 σκηνῆς,
3663 2257 3747 2321 εἰς
3777 2257 3916 2311 άπεο

2353 2340 2577 2412 ράντους
2610 2343 2809 2408 αἰῶνας
2836 2344 2947 2410 ἕξει
2973 2345 3070 2417 τὴν
3097 2349 3491 2420 μακαριότητα.

2418 2520 2817 2590 Πορευόμενος
2850 2520 3104 2591 ἄμωμος,
3140 2525 3232 2578 καὶ
3266 2524 3335 2578 τὰ
3371 2524 3515 2597 ἑξῆς.
3553 2528 3801 2582 Διδάσκει
3846 2528 3918 2583 δι’

2350 2602 2426 2663 ὧν
2452 2609 2750 2681 τευξόμεθα
2803 2612 2897 2665 τοῦ
2958 2616 3224 2690 μακαρίου
3266 2618 3472 2671 ἐκείνου
3505 2618 3758 2691 ’κέρατος’
3821 2623 3919 2677 καὶ

2351 2699 2565 2772 πρῶτον
2596 2701 2695 2770 μὲν
2745 2705 2793 2755 εί
2851 2704 2950 2775 τὴν
2981 2706 3210 2776 ἄμωμον
3261 2708 3562 2779 ὁδεύσωμεν
3614 2708 3751 2775 ὁδὸν,
3793 2710 3920 2781 ητις

2348 2788 2493 2843 ἐστὶν
2521 2790 2549 2841 ό
2579 2790 2829 2859 Χριστός-⁸
2862 2794 3049 2848 ἔπειτα
3082 2799 3129 2849 εί
3165 2798 3523 2869 ὲργασώμεθα
3547 2799 3915 2871 δικαιοσύνην

2346 2880 2547 2951 τρίτον,
2577 2883 2626 2935 εί
2654 2883 2910 2954 ἀληθείας
2964 2882 3112 2941 οἶκον
3157 2892 3256 2959 τὴν
3302 2893 3526 2963 καρδίαν
3575 2896 3916 2966 ποιήσωμενο

2348 2973 2622 3044 τέταρτον,
2679 2977 2729 3029 εἰ
2785 2975 2961 3029 δολίαν
2994 2976 3241 3047 γλῶσσαν
3284 2981 3358 3052 μὴ
3386 2982 3735 3053 κτησώμεθα’
3769 2985 3916 3056 πέμ-

2349 3081 2480 3116 πτον
2515 3064 2575 3117 τὸ
2609 3064 2683 3135 μὴ
2706 3066 2870 3120 κακὸν
2898 3066 2975 3137 τῷ
3006 3067 3230 3140 πλησίον
3269 3070 3611 3141 ἐργάζεσθαιο
3645 3073 3802 3127 ικτον
3850 3076 3921 3129 τὸ

2350 3151 2424 3222 μὴ
2453 3151 2704 3205 ὀνειδίσαι
2729 3154 2818 3207 τὸν
2855 3156 3078 3227 πλησίον
3099 3159 3657 3233 ὑπερηφανευόμενοψ
3688 3162 3923 3235 ἕϐδομον

681 3262 945 3331 septimo,
996 3259 1041 3315 si
1074 3274 1363 3329 personam
1395 3274 1502 3312 non
1533 3258 1907 3328 accipiamus;
1948 3268 2160 3324 octavo,
2202 3260 2248 3315 si

2354 3244 2426 3314 μὴ
2462 3245 2745 3316 πρόσωπον
2788 3247 3103 3319 θαυμάζειν
3136 3253 3319 3321 ὄγδοον
3362 3254 3423 3308 τὸ
3455 3255 3529 3327 μὴ
3562 3256 3921 3327 παραϐαίνειν

677 3354 976 3425 juramenti
1016 3354 1176 3407 Iidem
1220 3368 1325 3406 non
1362 3353 1664 3416 violemus;
1703 3367 1883 3420 nono,
1934 3356 1981 3409 si
2022 3370 2130 3409 non
2164 3354 2249 3410 fe-

681 3461 973 3513 neremur;
1020 3447 1255 3509 decimo,
1295 3445 1439 3516 quod
1479 3454 1563 3501 est
1580 3445 1760 3500 omnis
1789 3448 2243 3515 complementum

681 3537 834 3601 boui,
865 3536 912 3592 si
940 3537 1260 3591 muneribus
1286 3537 1457 3607 pervii
1484 3551 1593 3591 non
1623 3536 1815 3592 simus.
1845 3536 1949 3603 Qui
1987 3539 2250 3594 horumce

681 3631 993 3700 aequitatem
1047 3645 1111 3685 ac
1169 3632 1425 3685 meritum
1473 3630 1786 3693 edidicerit,
1839 3628 2051 3684 ﬁrmam
2088 3639 2249 3701 atque

684 3722 969 3777 immotam
1005 3722 1273 3776 bonorum
1305 3722 1653 3775 donationem
1682 3723 2047 3776 nanciscetur.

960 3813 1012 3867 1.
1046 3812 1209 3866 Tituli
1236 3814 1533 3882 inscriptio,
1564 3812 1779 3867 Davidi.
1815 3812 1942 3868 XV.

1267 3907 1668 3978 Argumentum.

682 3994 855 4061 Quam
898 4012 1043 4051 nunc
1082 4005 1386 4051 tractamus
1431 3995 1747 4066 prophetia,
1789 3996 2032 4067 gentium
2086 4013 2249 4054 voca-

751 4089 955 4142 tionem
985 4088 1363 4157 complectitur
1383 4126 1397 4151 ,
1427 4102 1527 4142 nec
1551 4102 1658 4141 non
1688 4087 2248 4160 variasinobsequen-

753 4179 840 4233 tia:
876 4179 1251 4233 accusationes
1268 4176 1530 4231 adversus
1572 4177 1863 4242 Israelem;
1898 4178 2136 4249 itemque
2164 4181 2247 4249 ip-

750 4286 872 4326 sum
922 4270 1336 4326 resurrectionis
1367 4268 1667 4325 Salvatoris
1700 4270 1945 4325 omnium
1993 4283 2244 4327 nostrum

750 4361 878 4418 Jesu
907 4362 1107 4417 Christi
1128 4362 1445 4433 mysterium
1480 4379 1493 4416 :
1540 4361 1683 4416 unde
1706 4363 1945 4417 arbitror
1972 4364 2245 4419 canticum

750 4454 894 4510 istud
922 4465 1168 4509 vocatum
1197 4455 1616 4526 στηλογραφίαν,
1633 4457 1745 4511 sive
1770 4455 1907 4509 tituli
1928 4469 2023 4511 aut
2043 4458 2247 4513 colum-

752 4562 834 4601 na:
886 4546 1293 4616 inscriptionem
1343 4546 1543 4613 fuisse,
1588 4548 1705 4618 ipso
1746 4547 1946 4603 Davide
1984 4549 2242 4619 propheta
2274 4586 2319 4642 υ

752 4636 882 4691 illud
914 4652 1015 4692 ceu
1068 4638 1121 4691 in
1167 4637 1419 4691 columna
1460 4640 1829 4705 inscribente,
1878 4639 1946 4694 ad
1996 4649 2244 4709 posteros

756 4729 1253 4785 transmittendum.
1324 4728 1456 4801 Ejus
1514 4746 1681 4801 porro
1739 4732 1903 4786 verba
1963 4733 2119 4801 quasi
2176 4748 2244 4787 ex

750 4820 950 4874 Christi
985 4834 1215 4890 persona
1248 4831 1541 4877 canuntur.
1574 4822 1819 4893 Namque
1854 4838 1913 4878 ut
1938 4823 2015 4877 ita
2043 4824 2245 4879 sentia-

753 4927 875 4965 mus
904 4922 1091 4967 auctor
1120 4913 1281 4969 nohis
1306 4912 1503 4968 Petrus
1528 4923 1611 4969 est
1639 4916 1707 4969 ”.

753 5000 1013 5056 Conserva
1046 5019 1158 5068 me,
1208 5003 1458 5067 Domine,
1500 5008 1751 5074 quoniam
1809 5008 2014 5075 speravi
2063 5008 2115 5060 in
2174 5018 2242 5063 te.

680 5090 846 5158 Quasi
869 5104 1149 5162 assumpta
1181 5094 1403 5148 humani
1434 5098 1650 5166 generis
1672 5112 1927 5167 persona,
1961 5099 2047 5153 his
2074 5098 2241 5153 Deum

681 5185 736 5231 et
757 5176 970 5232 Patrem
994 5180 1311 5249 alloquitur.
1348 5180 1457 5238 Nec
1481 5193 1693 5239 tantum
1725 5201 1823 5255 pro
1844 5201 1925 5253 se,
1958 5190 2051 5243 sed
2076 5189 2240 5243 etiam

681 5278 898 5338 propter
937 5285 1035 5324 nos
1080 5278 1135 5323 et
1165 5286 1264 5341 pro
1307 5273 1486 5339 nobis,
1542 5286 1727 5344 utpote
1758 5293 1851 5345 per
1880 5280 2239 5334 oeconomiam

680 5370 734 5412 et
764 5360 1193 5417 incarnationem
1221 5379 1363 5417 unus
1388 5379 1454 5418 ex
1490 5366 1647 5421 nobis
1672 5367 1919 5423 eil‘ectus.
1950 5368 2239 5425 Dominum

678 5449 863 5519 itaque
894 5448 1107 5506 Patrem
1146 5463 1325 5519 vocat,
1370 5455 1515 5525 quod
1570 5458 1623 5510 iu
1672 5457 1845 5513 forma
1878 5461 2019 5515 servi
2053 5461 2236 5517 fuerit.

676 5540 1001 5599 Conservari
1052 5553 1232 5598 autem
1284 5562 1341 5603 se
1394 5551 1631 5615 postulat
1676 5559 1897 5621 propter
1936 5551 2235 5609 Ecclesiam

678 5647 797 5701 quae
822 5646 949 5687 caro
996 5634 1167 5704 ipsius
1207 5648 1311 5691 est.
1359 5637 1499 5693 Caro
1527 5656 1763 5711 namque
1805 5644 1923 5713 ejus
1951 5655 2034 5700 est
2065 5644 2241 5701 Eccle-

750 5809 795 5840 "
828 5806 972 5865 Psal.
1004 5812 1228 5882 xxxviii,
1261 5816 1345 5870 i3.
1418 5818 1465 5850 ”
1497 5819 1611 5874 Act.
1648 5836 1706 5885 ιι,
1737 5820 1824 5875 25.

2349 3335 2510 3407 ὅρκου
2549 3338 2750 3392 πίστιν·
2774 3339 2989 3393 ἔννατον
3039 3342 3099 3395 τὸ
3139 3344 3213 3414 μὴ
3239 3346 3558 3411 ἑκτοκίξειν·
3608 3348 3853 3415 δέκατον,
3888 3350 3923 3403 ὃ

2350 3430 2443 3481 καὶ
2469 3429 2618 3493 τέλος
2646 3432 2763 3485 ἐστὶ
2784 3434 2982 3496 παντὸς
3037 3434 3264 3503 ἀγαθοῦ,
3323 3438 3721 3511 ἀδωροδόκητον
3750 3437 3918 3499 εῐναι.

2349 3521 2563 3575 Τούτων
2594 3526 2624 3577 ὁ
2651 3523 2907 3595 ἐκμαθὼν
2951 3525 3050 3597 τὴν
3102 3527 3437 3598 κατόρθωσιν
3477 3531 3771 3587 ἀσάλευτον
3802 3532 3919 3599 ἕξει

2347 3611 2454 3664 τῶν
2486 3613 2705 3682 ἀγαθῶν
2732 3618 2831 3686 τὴν
2856 3616 3019 3674 δόσιν.

2659 3819 3073 3889 Στηλοπραφία
3107 3819 3186 3885 τῷ
3218 3821 3416 3875 Δαυΐὸ.
3447 3822 3559 3878 IE'.

2949 3910 2962 3929 '
2973 3913 3017 3964 Υ
3014 3912 3276 3977 πόθεσις.

2358 3996 2420 4048 Ἢ
2477 3998 2535 4050 ὲν
2592 3999 2747 4070 χερσὶ
2783 4003 3087 4072 προφητεία
3142 4004 3384 4076 περιέχει
3440 4006 3538 4076 τὴν
3582 4006 3689 4061 τῶν
3742 4007 3918 4063 ἐθνῶν

2414 4092 2625 4163 κλῆσιν,
2685 4096 2778 4148 καὶ
2824 4096 2891 4149 τὰ
2937 4099 3030 4151 ἐπὶ
3078 4102 3197 4164 ταῖς
3226 4102 3526 4168 άπειθείαις
3557 4102 3649 4157 τοῦ
3699 4102 3917 4176 Ἰσραὴλ

2416 4187 2752 4258 ἐγκλήματα,
2777 4190 2871 4242 καὶ
2899 4190 3004 4262 μὴν
3035 4192 3129 4245 καὶ
3168 4195 3298 4248 αὐτὸ
3322 4195 3383 4248 τὸ
3434 4196 3533 4267 τῆς
3561 4198 3915 4263 ἀναστάσεως

2416 4277 2508 4331 τοῦ
2544 4277 2757 4333 πάντων
2804 4282 2836 4351 ἡ
2847 4280 2962 4350 μῶν
3014 4283 3264 4356 Σωτῆρος
3321 4284 3491 4356 Ἰησοῦ
3539 4288 3775 4359 Χριστοῦ
3810 4308 3917 4360 μυ-

2417 4371 2654 4441 στήριονο
2680 4371 2799 4424 ὃθεν
2823 4372 2974 4442 οἶμαι
3007 4375 3098 4427 καί
3145 4377 3539 4449 στηλογραφίαν
3595 4380 3915 4451 ὠνομάσθαι

2413 4460 2511 4530 τὴν
2540 4459 2700 4531 ᾠδὴν,
2755 4462 3040 4527 ἀναθέντος
3090 4466 3257 4538 αὐτὴν
3306 4467 3399 4521 τοῦ
3445 4471 3719 4541 προφήτου
3748 4470 3915 4526 Δαυῒε

2418 4552 2605 4624 ὥσπερ
2636 4556 2693 4607 ὲν
2720 4556 2886 4629 στήλῃ
2912 4561 3025 4623 τοῖς
3069 4562 3185 4630 μετ’
3211 4562 3391 4616 αὐτόν.
3427 4563 3675 4634 ’ᾼδονται
3694 4564 3751 4619 δὲ
3774 4568 3824 4619 οι
3850 4567 3913 4619 ἐν

2413 4644 2562 4715 αύτῷ
2590 4646 2734 4716 λόγοι
2760 4649 2833 4712 ὡς
2856 4651 2919 4703 ὲκ
2963 4652 3253 4722 προσώπου
3284 4655 3378 4709 τοῦ
3410 4655 3668 4728 Χριστοῦ.
3724 4659 3913 4724 Οὕτως

2415 4736 2522 4807 γὰρ
2544 4740 2688 4809 ἡμᾶς
2713 4743 2741 4793 δ
2763 4740 2965 4812 Πέτρος
3005 4743 3207 4810 ἐδίδαξε
3258 4751 3491 4817 φρονεῖν.

2417 5005 2695 5069 Φύλαξόν
2734 5025 2830 5077 με,
2870 5011 3064 5078 Κύριε,
3114 5012 3202 5066 ὅτι
3253 5015 3351 5067 ἐπὶ
3397 5016 3496 5069 σοὶ
3546 5016 3798 5084 ἤλπισα.
3832 5018 3908 5076 Τδ

2346 5098 2519 5151 κοινὸν
2542 5098 2727 5170 ὥσπερ
2776 5103 3061 5172 πρόσωπον
3100 5110 3196 5177 τῆς
3249 5108 3659 5180 ἁνθρωπότητος
3708 5112 3906 5168 ἀναλα-

2346 5187 2456 5242 ϐὼν
2481 5192 2605 5255 τοὺς
2640 5193 2773 5263 πρὸς
2819 5194 2948 5248 Θεὸν
2996 5198 3088 5250 καὶ
3137 5202 3353 5272 Πατέρα
3404 5205 3633 5256 ποιεῖται
3693 5204 3900 5274 λόγους

2344 5282 2440 5351 ούχ
2472 5282 2609 5353 ὑπὲρ
2646 5301 2709 5351 γε
2767 5286 2963 5355 μᾶλλον
2992 5289 3204 5359 ἑαυτοῦ,
3244 5292 3309 5345 δι’
3339 5293 3485 5363 ἡμᾶς
3530 5295 3589 5348 δὲ
3640 5298 3732 5350 καὶ
3764 5297 3903 5368 ὑπὲρ

2343 5371 2499 5441 ἡμῶν
2520 5373 2593 5435 ὡς
2626 5368 2705 5437 εἷς
2733 5375 2790 5439 ἐξ
2820 5378 2973 5447 ἡμῶν
3008 5380 3096 5433 διὰ
3117 5383 3213 5452 τὴν
3232 5384 3559 5455 οἰκονομίαν.
3588 5386 3793 5458 Κύριον
3811 5384 3903 5442 οὖν

2342 5461 2591 5533 ὀνομάζει
2624 5466 2714 5519 τὸν
2746 5469 2961 5541 Πατέρα
2992 5471 3079 5524 διὰ
3132 5472 3192 5526 τὺ
3219 5475 3275 5527 ὲν
3302 5478 3365 5546 τῇ
3420 5476 3512 5529 τοῦ
3546 5478 3728 5533 δούλου
3752 5481 3901 5548 γενέ·

2345 5553 2467 5607 σθαι
2532 5562 2733 5629 μορφῇ.
2767 5561 3103 5632 Φυλαχθῆναι
3150 5564 3204 5618 δὲ
3265 5568 3426 5621 αὑτὸν
3480 5572 3620 5623 αίτεί
3674 5572 3761 5626 διὰ
3802 5575 3901 5647 τὴν

2355 5647 2751 5723 Ἐκκλυσὶαιηῆ
2800 5656 2943 5709 ἐστιν
2991 5658 3187 5730 ήσάρξ
3246 5661 3429 5716 αύτοῦ.
3484 5664 3545 5716 Ἦ
3601 5664 3735 5736 σὰρξ
3793 5667 3899 5737 γὰρ
