4122 6488
189 444 274 504 101

1301 433 1662 491 EXPOSITIO
1698 434 1764 490 IN
1801 433 2130 492 PSALHUI
2164 435 2281 492 XV.

3301 440 3406 496 102

187 560 332 618 αὐτοῦ
386 563 418 633 ἡ
463 559 783 631 Ἐκκλησίαο
833 557 1166 630 φυλαχθῆναι
1221 557 1278 610 δὲ
1323 557 1528 627 ταύτην
1579 558 1737 610 αἰτεῖ.

1844 557 1956 618 sia,
2003 571 2166 625 quam
2218 553 2531 610 conservari
2578 552 2836 622 postulat.
2881 552 3014 619 Quae
3062 557 3406 610 conservatio

187 655 404 717 Εἰκότως
436 648 531 707 οὖν
579 655 675 707 καὶ
725 653 804 717 είς
833 653 892 705 τὸ
923 649 1085 705 αὐτοῦ
1117 649 1406 721 πρόσωπον
1429 649 1740 719 ἁναφέροιτ*

187 747 244 800 ἂν
264 747 304 816 ,ἡ
334 745 571 815 φυλακή.

246 835 392 893 Εἶπα
419 837 501 900 τῷ
534 837 754 904 Κυρίῳ,
775 835 917 901 Θεός
939 851 1058 904 μου
1076 829 1131 889 εἴ
1148 835 1249 889 σύ.
1283 831 1448 888 Πὰλιν
1468 832 1560 884 καὶ
1588 831 1743 884 τοῦτο

187 929 491 1000 προτρέπων
516 927 596 994 (ι)
630 929 696 998 τῇ
719 926 813 979 τοῦ
845 925 1029 980 δούλου
1087 927 1287 998 μρρφῇο
1346 923 1496 995 δηλοῖ
1537 923 1593 976 δὲ
1626 922 1743 993 ἁμα

187 1024 269 1078 καὶ
291 1023 385 1092 τὴν
414 1021 472 1073 εν
517 1020 702 1073 πίστει
757 1019 825 1072 δι’
861 1017 1147 1089 ὁμολογίας
1199 1015 1562 1086 δικαιοσύνην.
1623 1016 1742 1068 Ὅτι

186 1113 292 1168 τῶν
314 1111 550 1182 ἀπαθῶν
591 1129 712 1181 μου
751 1113 822 1164 οὐ
866 1111 1071 1179 χρείαν
1097 1110 1276 1178 ἔχεις.
1322 1107 1555 1176 ’Δγαθάς
1580 1123 1742 1177 φησιν

187 1208 236 1258 tv
277 1205 478 1265 τούτοις
505 1205 613 1267 τὰς
637 1203 776 1257 κατὰ
823 1204 982 1274 νόμον
1038 1202 1480 1274 προσφερομένας
1530 1201 1738 1264 θυσίας’

185 1297 239 1351 τδ
267 1296 368 1367 γὰρ
394 1296 494 1366 τῆς
527 1295 770 1358 πίστεως
810 1295 966 1365 ῥῆμα
1011 1294 1188 1347 έκεῖνο
1235 1295 1467 1364 ἀναιρεῖ·
1503 1292 1598 1361 Μὴ
1632 1291 1743 1361 φά-

185 1405 340 1456 τομαι
365 1387 492 1457 γὰρ,
528 1388 717 1456 φησὶν,
743 1386 884 1454 κρέα
931 1386 1182 1453 ταύρων,
1219 1385 1316 1439 καὶ
1342 1380 1488 1455 alga
1513 1385 1744 1454 τράγων

186 1481 372 1548 πίομαι
391 1496 409 1541 ;

253 1573 375 1638 τοῖς
395 1571 593 1639 ἁγίοις
620 1571 742 1637 τοῖς
779 1571 849 1625 ἐν
870 1570 944 1640 τῇ
961 1570 1037 1641 τῇ
1075 1570 1259 1626 αὐτοῦ
1279 1570 1743 1640 ἐθαυμὰστωσεν

186 1667 214 1717 ό
246 1661 451 1730 Κύριός
474 1661 675 1716 πάντα
725 1663 798 1716 τὰ
846 1661 1147 1731 θελήματα
1191 1662 1375 1717 αὐτοῦ
1423 1663 1493 1715 ἐν
1516 1661 1737 1728 αὐτοῖς.

195 1756 390 1822 ’Δγίους
412 1752 554 1808 εἷναί
599 1771 731 1824 φησι
776 1755 902 1818 τοὺς
947 1755 1313 1826 ἡγιασμένους
1352 1755 1409 1808 ὲν
1444 1754 1739 1825 Πνεύματι·

185 1843 404 1915 Χριστοῦ
427 1845 483 1897 δὲ
511 1845 618 1914 γῆν
640 1844 734 1915 τὴν
749 1843 1089 1916 Ἐκκλησίανο
1118 1846 1178 1898 τὸ
1199 1845 1254 1898 δὲ
1277 1843 1741 1914 ἐθαυμάστωσεν

184 1937 291 1988 ἀντὶ
323 1935 439 1999 τοῦ,
470 1935 742 2001 ἐδίδαξενι
773 1937 834 1990 τὸ
865 1937 943 2000 δὲ,
1005 1937 1211 2001 αὐτοῦ,
1260 1936 1354 1991 τοῦ
1409 1937 1637 2008 Πατρός·
1675 1937 1739 1991 ἶν’

182 2023 212 2101 ᾗ
243 2030 299 2081 τὸ
326 2029 443 2084 ὅλον
475 2030 670 2092 οὕτως’
700 2028 824 2092 Τοῖς
846 2031 1196 2101 ἡγιασμένοις
1216 2032 1272 2083 tv
1299 2029 1473 2083 πίστει
1506 2029 1742 2098 γνωστὸν

183 2121 390 2189 ἐποίησε
421 2121 481 2173 τὸ
505 2121 718 2191 θέλημα
748 2120 842 2174 τοῦ
877 2121 1105 2193 Πατρός·
1133 2121 1213 2175 διὸ
1238 2122 1331 2175 καὶ
1367 2121 1606 2176 καλεῖται
1645 2123 1743 2194 τῆς

185 2213 411 2282 μεγάλης
445 2213 644 2282 βουλῆς
666 2213 910 2281 ἄγγελος.

244 2303 262 2376 [
286 2305 409 2370 Τοῖς
427 2292 676 2375 ἀγῆθοῖς
699 2307 769 2359 ἐν
800 2305 873 2374 τῇ
918 2305 997 2375 τῇ
1024 2305 1485 2376 ἐθαυμάστωσεν
1513 2310 1546 2361 ό
1577 2307 1739 2372 Θεός.

183 2394 293 2458 Τοῖς
317 2395 670 2466 ἡγιασμένοις
699 2399 756 2450 tv
785 2397 964 2450 πίστει
1002 2397 1238 2465 γνωστὸν
1284 2398 1504 2467 ἐποίησε
1542 2397 1602 2450 τὸ
1658 2395 1744 2452 θέ-

182 2485 318 2556 λημα
371 2487 466 2540 τοῦ
517 2488 752 2560 Πατρὸς,
809 2489 879 2541 ἐν
919 2488 1144 2555 αὐτοῖς,
1173 2490 1285 2551 τοῖς
1314 2490 1371 2540 tv
1425 2492 1490 2560 τῇ
1524 2491 1593 2559 γῇ
1647 2487 1742 2542 τοῦ

181 2578 324 2641 Θεοῦ,
353 2581 469 2650 ἦτοι
493 2583 564 2650 τῇ
609 2580 920 2651 Ἐκκλησία·
943 2583 977 2652 ἦ
998 2598 1159 2634 τινων
1179 2581 1287 2633 τῶν
1309 2584 1366 2634 ὲν
1394 2584 1460 2652 τῇ
1487 2582 1618 2653 ἁγίᾳ
1648 2584 1741 2652 γῇ,

181 2672 210 2741 ἢ
239 2673 332 2729 ὅτι.
361 2675 418 2725 tv
445 2673 665 2745 οὐρανῷ
699 2674 747 2726 ot
779 2673 922 2742 ἁγιοι
973 2674 1037 2727 τὸ
1074 2675 1374 2742 πολίτευμα
1401 2674 1635 2744 ἔχοντες,
1683 2674 1744 2728 tv

180 2764 239 2832 τῇ
265 2765 330 2832 γῇ
355 2763 524 2816 αὑτοῦ
562 2762 913 2834 διατρίόουσι,
943 2763 1044 2818 κᾶν
1072 2766 1128 2819 ὲν
1171 2765 1344 2836 ταύτῃ
1391 2758 1523 2816 ὦσιν
1567 2763 1645 2816 έτι
1674 2764 1740 2834 τῇ

181 2855 264 2924 τῇ.
319 2854 636 2923 Θελήματα
679 2854 734 2907 δὲ
769 2853 904 2906 Θεοῦ
943 2857 997 2907 αἱ
1059 2856 1181 2908 κατ’
1214 2852 1351 2917 εἶδος
1417 2853 1628 2925 ἀρεταὶ,
1677 2853 1743 2916 ἃς

182 2942 532 3012 θαυμαστοῖό
589 2942 720 3007 Θεὸς
776 2945 834 2995 tv
863 2946 974 3006 τοίς
1022 2943 1200 3012 ἁγίοις
1245 2941 1433 3005 αὑτοῦ,
1491 2943 1650 2996 πλέον
1690 2960 1743 2996 τι

179 3035 368 3088 τούτων
413 3037 650 3106 ἑχόντων
707 3033 816 3088 τῶν
869 3035 1042 3090 ἄλλων
1071 3033 1373 3107 ἀνθρώπων
1411 3035 1469 3088 ὲν
1511 3034 1590 3105 τῷ
1622 3035 1742 3088 κατ’

178 3128 366 3198 ἀρετὴν
402 3129 668 3199 ἐνεργεῖν.
701 3130 776 3182 Οὐ
807 3129 912 3200 γὰρ
967 3130 1001 3199 ἡ
1031 3127 1168 3198 αὐτὴ
1194 3127 1413 3198 ἀνδρεία
1433 3126 1742 3180 ἀποστόλων

1845 647 1964 701 ideo
1994 646 2115 716 jure
2141 661 2205 701 ac
2237 645 2431 700 merito
2465 644 2531 698 ad
2561 643 2682 714 ejus
2712 658 3002 715 personam
3035 643 3325 700 referatur.

1912 823 1966 876 2.
2027 821 2153 876 Ι)ἱεί
2201 823 2446 888 Domino,
2492 822 2636 876 Deus
2678 839 2821 876 meus
2855 839 2907 875 es
2935 831 3011 875 tu.
3048 822 3284 878 Rursum
3320 821 3404 877 hic

1847 913 2146 968 secundum
2191 912 2332 967 servi
2367 912 2600 966 fortnam
2624 913 2876 967 obsecrat
2905 930 2918 966 :
2946 913 3274 981 exbibetque
3301 928 3405 966 una

1839 1003 2107 1073 justitiam
2139 1020 2262 1074 qua:
2309 1005 2361 1057 in
2395 1004 2498 1059 lide
2533 1019 2629 1073 per
2659 1003 3062 1059 confessionem
3096 1013 3405 1072 praestatur.

1845 1094 2103 1160 Quoniam
2122 1094 2374 1147 bonorum
2387 1111 2617 1148 meorum
2631 1111 2731 1148 non
2747 1111 2883 1165 eges.
2900 1092 3058 1150 Hisce
3073 1096 3251 1150 verbis
3264 1095 3408 1150 bona

1843 1184 1918 1238 ait
1941 1198 2060 1239 esse
2101 1182 2366 1238 sacriﬁcia
2392 1185 2547 1253 juxta
2590 1183 2760 1254 legem
2787 1183 2967 1239 oblata
2999 1199 3155 1253 :qna:
3183 1186 3409 1240 verbum

1844 1273 1968 1327 fidei
2005 1274 2268 1328 eliminat.
2319 1273 2573 1344 Nunquid
2620 1274 2947 1328 manducabo
2996 1276 3155 1340 enim,
3209 1275 3408 1347 inquit,
3480 1265 3486 1271 ’

1843 1381 2029 1420 carnes
2055 1375 2327 1418 taurorum
2348 1405 2364 1430 ,
2407 1377 2455 1419 et
2488 1369 2798 1436 sanguinem
2823 1367 3088 1421 hircorum
3113 1368 3301 1437 potabo
3328 1367 3412 1422 “?

1911 1571 1964 1625 5.
1998 1569 2207 1625 Sanctis
2239 1571 2329 1640 qui
2351 1580 2474 1624 sunt
2513 1572 2564 1624 in
2593 1581 2736 1625 terra
2761 1571 2874 1641 ejus
2901 1572 3205 1641 miriﬁcauit
3234 1588 3411 1627 omnes

1841 1663 2131 1716 voluntates
2166 1663 2279 1732 ejus
2309 1663 2363 1716 in
2391 1664 2487 1717 eis.
2534 1661 2766 1720 Sanctos
2804 1665 2881 1719 ait
2907 1680 3004 1719 eos
3034 1664 3125 1734 qui
3171 1663 3412 1720 sanctifi-

1842 1755 1948 1809 cati
1975 1763 2100 1810 sunt
2124 1755 2176 1810 in
2206 1753 2446 1826 Spiritu:
2484 1755 2687 1812 Chri'sti
2720 1766 2923 1812 terram
2945 1797 2960 1821 ,
2996 1757 3296 1813 Ecclesiam
3328 1757 3411 1812 di-

1841 1848 1914 1901 cit
1941 1865 1954 1901 :
1986 1848 2139 1916 illud,
2189 1847 2528 1915 miriﬁcauit,
2563 1861 2663 1916 pro
2690 1845 2897 1913 docuit,
2931 1847 3116 1917 jacet:
3147 1849 3278 1902 illud
3313 1863 3413 1902 au-

1846 1948 1974 2003 tem,
2004 1940 2142 2008 ejus,
2185 1940 2237 1993 id
2275 1949 2360 1994 est
2390 1938 2604 2004 Patris;
2636 1948 2828 1994 uttota
2860 1941 3126 1996 sententia
3154 1941 3234 1996 sic
3261 1940 3412 1996 intel-

1845 2032 2078 2099 ligatur:
2109 2030 2477 2087 Sanctiflcatis
2503 2021 2567 2085 in'
2587 2030 2690 2086 fide
2724 2041 2909 2101 notam
2953 2031 3082 2087 fecit
3110 2031 3288 2087 Patris
3317 2047 3410 2088 vo-

1843 2124 2108 2178 luntatem
2138 2142 2152 2178 :
2189 2139 2356 2195 quare
2384 2136 2610 2181 vocatur
2642 2125 2825 2196 magni
2852 2125 3319 2196 consiliiAngelus
3337 2126 3407 2179 ³⁸.

1915 2301 2152 2374 [Sanctis
2175 2302 2230 2355 in
2256 2309 2395 2355 terra
2427 2300 2730 2369 miriﬁcauit
2758 2298 2916 2354 Deus.
2953 2297 3318 2355 Sanctiﬁcatis
3351 2300 3406 2355 in

1842 2395 1946 2450 tlde
1979 2404 2160 2448 notam
2200 2393 2328 2449 fecit
2355 2393 2689 2448 voluntatem
2727 2391 2908 2449 Patris
2933 2434 2948 2458 ,
2989 2393 3042 2446 in
3074 2393 3148 2446 eis
3181 2392 3407 2458 scilicet,

1843 2489 1936 2558 qui
1967 2489 2020 2543 in
2057 2498 2198 2542 terra
2231 2487 2344 2552 Dei,
2371 2487 2484 2541 sive
2509 2488 2562 2540 in
2585 2485 2826 2540 Ecclesia
2848 2494 3034 2548 crant;
3078 2493 3192 2550 aut,
3217 2484 3411 2555 aliqui.

1843 2581 1945 2636 bus
1977 2580 2033 2634 in
2071 2588 2212 2634 terra
2246 2587 2433 2634 sancta
2463 2575 2838 2642 versantibus;
2873 2584 2969 2631 aut
2995 2576 3124 2646 quia
3155 2578 3330 2631 sancti
3355 2578 3410 2632 in

1843 2672 1982 2727 caslo
2009 2670 2482 2726 conversationem
2520 2668 2784 2722 habentes
2803 2665 2872 2732 “,
2908 2667 2961 2720 in
2994 2676 3138 2721 terra
3169 2665 3290 2735 ejus
3317 2664 3412 2721 de-

1843 2772 1977 2834 gunt
1997 2804 2012 2828 ,
2044 2763 2146 2817 etsi
2177 2762 2356 2817 adhuc
2385 2762 2438 2814 in
2483 2761 2585 2814 hac
2612 2767 2757 2813 terra
2787 2767 3096 2813 versentur.
3162 2757 3414 2813 Volunta-

1845 2861 1919 2906 tes
1961 2861 2142 2907 autem
2175 2850 2270 2905 Dei
2316 2861 2443 2906 sunt
2486 2850 2719 2904 virtutes
2769 2848 3147 2919 cujuscunque
3187 2849 3412 2919 speciei,

1842 2961 1978 3015 quas
2008 2944 2261 2999 miriﬁcat
2289 2943 2431 2999 Deus
2461 2942 2516 2997 in
2544 2942 2748 2998 sanctis
2770 2941 2910 3002 suis.
2942 2941 3057 3010 qui,
3097 2941 3219 3010 plus
3245 2951 3410 3010 quam

1843 3036 1936 3090 alii
1971 3036 2256 3100 homines,
2309 3035 2362 3089 in
2404 3034 2703 3090 exercenda
2750 3034 2951 3088 virtute
3001 3031 3274 3088 facultatis
3315 3033 3413 3087 lia-

1841 3127 1986 3182 bent.
2040 3124 2157 3181 Non
2190 3127 2338 3182 enim
2375 3127 2560 3181 eadem
2605 3125 2868 3180 fortitudo
2923 3124 3298 3194 apostolorum
3355 3132 3409 3178 et

179 3219 264 3271 καὶ
291 3219 587 3292 μαρτύρων
613 3223 680 3290 τῇ
719 3219 827 3271 τῶν
877 3218 1048 3282 ἁλλως
1099 3217 1516 3290 ἀνδριζομένων,
1546 3218 1662 3270 οὐδὲ
1702 3221 1736 3289 ἡ

1842 3228 2140 3290 martyrum
2168 3227 2282 3284 est,
2322 3233 2386 3273 ac
2422 3218 2512 3271 illa
2541 3233 2647 3286 qua
2696 3217 2787 3270 alii
2833 3216 2941 3271 alio
2988 3217 3152 3270 modo
3185 3215 3412 3270 viriliter

182 3311 490 3382 σωφροσύνη
535 3313 732 3381 Ἰωσὴφ
763 3311 900 3363 κατὰ
945 3311 1042 3372 τὰς
1075 3310 1295 3378 ἑτέρων.
1341 3309 1525 3373 Οὕτως
1553 3310 1609 3363 δέ
1653 3327 1737 3374 τις

179 3401 581 3471 θαυμαστωθεὶς
635 3401 944 3454 αἰσθάνεται
981 3402 1079 3472 τῆς
1130 3401 1262 3464 ίδίας
1321 3401 1621 3466 ἀσθενείας,
1661 3403 1737 3466 ὡς

179 3494 302 3546 πολὺ
321 3494 417 3565 τῆς
446 3493 600 3558 θείας
629 3493 806 3564 ἰσχύος
837 3495 930 3547 καὶ
969 3492 1062 3546 τοῦ
1105 3493 1367 3564 μεγέθους
1407 3493 1740 3565 ἁπολιπόμε-

181 3603 275 3649 νος.
309 3587 477 3642 Ὅταν
510 3588 622 3658 γὰρ
669 3585 1039 3657 πληθυνθῶσιν
1093 3587 1149 3638 at
1195 3586 1467 3641 ἀσθένειαι
1512 3587 1620 3640 τῶν
1663 3587 1738 3640 δι-

179 3679 354 3744 καίων,
379 3678 674 3750 ταχύνουσι
705 3677 838 3747 πρὸς
863 3679 954 3730 τὸν
977 3675 1110 3728 Θεὸν
1134 3674 1561 3747 μετανοοῦντες]

251 3858 758 3927 Ἐ’πληθύνθησαν
787 3859 846 3910 al
877 3856 1177 3912 ἀσθένειαι
1209 3856 1429 3912 αὐτῶνθ
1461 3857 1550 3910 ὅτε
1585 3856 1738 3908 εἰδω-

177 3946 476 4019 λολάτρουν.
512 3951 678 4002 Μετὰ
700 3947 884 4001 ταῦτα
931 3947 1254 4017 ἐτάχυναν.
1301 3947 1421 4001 Κᾶν
1454 3947 1734 4017 ἠσθένουν,

178 4041 321 4111 φησι,
382 4039 444 4093 τὸ
498 4038 766 4111 πρότερον
810 4039 868 4091 tv
899 4037 1196 4109 ἁμαρτίαις
1245 4037 1415 4104 ὄντες,
1471 4036 1586 4090 ἀλλ’
1644 4034 1737 4094 οὖν

177 4132 496 4195 ἀκούσαντες
551 4131 648 4184 τοῦ
711 4130 1063 4202 κηρύγματος
1083 4172 1099 4198 ,
1151 4131 1340 4194 ὠκέως
1395 4130 1731 4201 ὑπήκουσαν.

177 4227 333 4281 Τοῦτο
351 4228 462 4300 γὰρ
495 4230 617 4280 ὲστι
643 4227 721 4280 τό·
750 4225 1076 4296 Ἐτάχυναν
1098 4226 1252 4296 μετὰ
1268 4225 1472 4290 ταῦτα,
1495 4225 1735 4296 δηλονότι

177 4321 248 4384 είς
271 4322 330 4374 τὸ
363 4318 675 4374 ὑπακοῦσαι
719 4318 795 4390 τῷ
840 4319 1171 4390 κηρύγματι.
1227 4320 1310 4372 Οὐ
1353 4316 1440 4387 μὴ
1495 4317 1736 4386 συνάγω

177 4415 271 4479 τὰς
301 4413 658 4484 συναγωγὰς
682 4411 878 4466 αὐτῶν
900 4412 969 4477 ἐξ
988 4411 1264 4480 αἱμάτων.
1281 4411 1552 4479 Συνὰγων,
1580 4410 1733 4481 φησὶ,

178 4505 483 4574 συναγωγὰς
538 4506 604 4557 ὲκ
670 4502 776 4557 τῶν
822 4501 1011 4566 ἐθνῶν,
1066 4503 1126 4555 οὺ
1181 4501 1246 4554 δι’
1278 4501 1522 4572 αἱμάτων
1566 4501 1734 4564 αὑτὰς

1839 3320 2024 3380 agunt,
2059 3326 2232 3380 neque
2268 3309 2606 3364 continentia
2635 3307 2891 3376 Iosephi.
2933 3307 3168 3361 aliorum
3210 3308 3411 3364 similis

1835 3411 1941 3459 est.
1977 3404 2153 3470 Atque
2199 3403 2272 3456 ita
2309 3402 2581 3471 quispiam
2618 3398 2942 3454 mitiﬁcatus
2975 3399 3250 3470 propriam
3287 3415 3411 3455 sen-

1838 3495 1902 3550 tit
1950 3493 2356 3557 intirmitatem,
2407 3502 2467 3548 ut
2494 3491 2693 3548 divine
2719 3492 2909 3546 virtuti
2947 3501 3002 3546 et
3047 3494 3409 3565 magnitudini

1837 3587 2134 3658 plurimum
2167 3584 2413 3640 inferior.
2445 3583 2584 3639 Cum
2615 3585 2761 3639 enim
2801 3585 3179 3653 multiplicatae
3205 3585 3410 3645 fuerint

1837 3677 2180 3730 inﬁrmitates
2205 3677 2504 3744 justorum,
2531 3675 2798 3730 accedunt
2823 3674 2901 3730 illi
2931 3674 2999 3730 ad
3026 3673 3200 3732 Deum
3226 3679 3406 3750 ι)ωυί-

1839 3769 2003 3824 tentia
2026 3765 2206 3840 moti.]

1903 3861 1953 3914 ι.
1984 3859 2357 3929 Huitiplicatw
2378 3867 2501 3914 sunt
2523 3859 2860 3930 inﬁrmitates
2885 3879 3089 3929 eorum,
3109 3881 3232 3921 cum
3261 3866 3404 3926 idola

1836 3953 2090 4008 colerent.
2127 3951 2323 4005 Postea
2351 3951 2793 4006 acceleraverunt.
2835 3951 3097 4020 Quamvis
3116 3996 3131 4022 ,
3161 3960 3269 4022 ait,
3300 3975 3402 4015 an-

1835 4053 1916 4097 tea
1947 4041 2390 4103 inﬂrmarentur,
2449 4055 2574 4096 cum
2624 4041 2683 4094 in
2731 4045 2969 4111 pecc‘alis
3015 4046 3312 4118 degerent,
3347 4060 3405 4106 at

1839 4132 2020 4188 audita
2051 4131 2464 4202 pradicatione,
2495 4132 2899 4201 quamprimum
2935 4133 3398 4206 obtemperarunt.

1835 4221 1971 4276 Nam
2003 4222 2054 4277 id
2079 4223 2180 4277 sibi
2207 4223 2318 4276 vult
2344 4221 2471 4274 illud
2505 4238 2518 4273 :
2553 4219 2747 4273 Postea
2765 4221 3216 4291 acceleraverunt,
3252 4227 3400 4284 vide-

1835 4315 1961 4369 licet
1988 4314 2204 4384 quando
2239 4310 2606 4381 przedicationi
2637 4319 2765 4365 sunt
2792 4312 3064 4368 obsecuti.
3113 4313 3237 4370 Non
3273 4334 3400 4373 con-

1834 4405 2056 4477 gregato
2081 4403 2428 4459 conventicula
2452 4419 2631 4457 eorum
2650 4403 2712 4456 de
2737 4405 3105 4475 sanguinibus.
3131 4405 3232 4462 Ubi
3267 4424 3399 4464 con-

1835 4496 2091 4565 gregabo,
2132 4493 2337 4563 inquit,
2387 4491 2702 4564 Synagogas
2733 4508 2798 4547 ex
2831 4495 3116 4564 gentibus,
3159 4513 3265 4550 non
3302 4514 3400 4567 per

179 4595 394 4661 συνάξω,
421 4595 701 4649 τουτέστιν
725 4595 786 4646 οὐ
816 4593 1220 4664 παρασκευάσω
1249 4593 1336 4646 διὰ
1374 4593 1472 4663 τῆς
1500 4595 1730 4663 νομικῆς

1837 4587 2151 4656 sanguinem
2191 4599 2287 4639 eas
2319 4583 2692 4653 congregabo,
2742 4583 2794 4637 id
2825 4593 2929 4648 est,
2962 4600 3068 4640 non
3101 4587 3306 4643 curabo
3341 4599 3400 4644 ut

179 4703 260 4755 μοι
286 4687 682 4760 προσέρχεσθαι
732 4686 1007 4757 λατρείας,
1053 4685 1121 4738 δι’
1151 4687 1416 4748 αἰνέσεως
1448 4685 1504 4737 δὲ
1535 4685 1731 4755 μᾶλλον

176 4779 260 4830 καὶ
291 4782 385 4850 τῆς
415 4778 752 4848 ἁναιμάκτου
777 4777 984 4842 θυσίας.
1043 4775 1193 4830 Οὐδὲ
1214 4776 1300 4845 μὴ
1341 4775 1590 4846 μνησθῶ
1617 4775 1733 4829 τῶν

176 4869 470 4939 ὀνομάτων
511 4868 710 4924 αὐτῶν
766 4869 862 4924 διὰ
913 4869 1161 4939 χειλέων
1216 4887 1350 4938 μου.
1378 4868 1573 4922 Οὐκέτι
1603 4869 1732 4938 κλη-

176 4959 437 5033 θήσονται,
458 4965 647 5033 φησὶν,
664 4962 1039 5034 εἰδωλολάτραι
1071 4962 1165 5015 καὶ
1188 4960 1356 5026 ἄθεοι,
1378 4961 1513 5014 ἀλλὰ
1544 4961 1730 5032 κλητοὶ

175 5054 258 5106 καὶ
284 5055 550 5108 ἐκλεκτοί.
582 5054 754 5108 nam
782 5054 898 5124 μὲν,
947 5053 1130 5124 φησιν,
1183 5052 1412 5118 ὲπαξίας
1447 5051 1555 5105 τῶν
1585 5052 1728 5123 πρά-

176 5147 296 5212 ξεων
322 5151 592 5221 ἐπήγοντο
631 5148 1015 5219 προσηγορίας,
1043 5145 1439 5218 εἰδωλολάτραι,
1471 5146 1723 5200 πολύθεοι

171 5240 568 5312 ὀνομαζόμενον
600 5238 694 5292 νῦν
719 5238 776 5292 δὲ
795 5237 974 5290 οὐκέτι
1001 5237 1380 5309 μνησθήσομαι
1405 5236 1511 5289 τῶν
1531 5237 1728 5309 ὀνομά-

171 5347 268 5385 των
288 5335 534 5394 εκείνων,
567 5330 805 5393 εὐσεϐεῖς
854 5331 1048 5394 αὐτοὺς
1104 5330 1196 5383 καὶ
1256 5329 1442 5398 ἁγίους
1495 5330 1725 5392 κλητοὺς

173 5425 256 5478 καὶ
281 5425 568 5486 ἐκλεκτοὺς
592 5420 889 5494 ὀνομάζων.

207 5535 250 5567 ⁸⁸
275 5535 417 5592 Psal.
438 5552 589 5596 χιιι,
619 5536 702 5590 13.
781 5535 824 5566 ⁸⁸
845 5533 1040 5595 lsa.tx,
1067 5532 1120 5586 6.
1172 5533 1218 5565 "
1253 5530 1484 5600 Philipp.
1519 5529 1720 5597 tu,20.

237 5652 308 5720 (ι)
343 5653 400 5706 In
437 5650 628 5706 codice
655 5645 1238 5720 Ambrosiam-legitur
1260 5643 1364 5720 Δκαὶ
1399 5642 1555 5720 τοῦτο
1581 5642 1722 5720 ’πρέ-

175 5713 303 5785 πων,
322 5733 377 5777 et
407 5725 526 5778 haec
549 5727 636 5775 est
661 5735 785 5772 vera
817 5717 976 5772 lectio
1007 5713 1136 5770 dum
1167 5715 1394 5784 πρέπων
1419 5713 1719 5785 substitua-

175 5783 421 5846 turJlox
469 5806 572 5858 pro
608 5787 951 5858 δικαιοσύνην
994 5783 1392 5858 Διηῠιῄζὴᾳδει
1417 5783 1714 5858 δικαίωσιν.

173 5858 434 5928 Totusque
463 5854 624 5918 locus
647 5854 946 5916 secundum
976 5858 1116 5914 hanc
1165 5854 1452 5911 lectionem
1485 5855 1556 5908 ita
1593 5869 1713 5907 vcr-

1831 4689 1926 4744 per
1955 4673 2177 4743 legalem
2213 4673 2416 4728 cultum
2454 4686 2538 4724 nte
2572 4671 2802 4734 adeant.
2859 4688 3046 4728 verum
3081 4675 3264 4744 potius
3303 4692 3398 4748 per

1833 4767 2016 4820 laudes
2046 4773 2102 4818 et
2147 4779 2242 4834 per
2274 4764 2615 4817 incruentum
2649 4764 3000 4820 sacrillcium.
3055 4765 3167 4821 Nec
3200 4785 3398 4825 memor

1829 4874 1917 4911 ero
1947 4857 2213 4910 nominum
2242 4871 2418 4909 eorum
2439 4870 2532 4922 per
2553 4855 2695 4908 labia
2724 4872 2859 4909 mea.
2897 4855 3013 4912 Non
3038 4858 3178 4913 ultra
3209 4863 3394 4933 appel-

1830 4950 2108 5015 labuntur,
2141 4949 2345 5018 inquit,
2382 4948 2676 5002 idololatrze
2706 4958 2759 5003 et
2795 4949 2940 5003 athei
2962 4990 2977 5013 ,
3012 4951 3105 5005 sed
3137 4955 3316 5010 vocati
3340 4967 3394 5012 et

1828 5042 2006 5098 electi.
2032 5039 2195 5105 Olim,
2227 5041 2551 5112 condignam
2581 5041 2748 5111 gestis
2777 5041 2894 5096 suis
2921 5043 3390 5101 nomenclaturam

1829 5136 1969 5190 nacti
1996 5143 2143 5200 sunt,
2168 5133 2464 5188 idololatra:
2496 5143 2548 5188 et
2572 5131 2832 5203 pulytbei,
2869 5133 2923 5188 id
2943 5141 3045 5202 est,
3073 5135 3276 5192 multos
3300 5153 3392 5194 co-

1827 5226 1999 5282 lentes
2027 5227 2180 5290 deos,
2208 5225 2523 5294 nuncupati.
2585 5222 2706 5278 1am
2730 5240 2861 5279 vero
2891 5239 3000 5280 non
3030 5226 3260 5283 ulterius
3294 5245 3394 5284 no-

1825 5319 2033 5373 minum
2064 5331 2252 5372 eorum
2286 5316 2645 5382 recordabor,
2690 5317 2783 5370 sed
2810 5317 2952 5386 pios,
3003 5328 3244 5384 sanctos,
3293 5336 3390 5376 vo-

1825 5417 1998 5473 catos,
2031 5407 2233 5462 electos
2262 5405 2622 5476 compellabo.

1825 5641 2016 5696 tendus
2042 5661 2055 5695 :
2083 5641 2464 5726 .Rurs'umnhoc
2494 5643 2626 5698 serui
2667 5643 2892 5726 [armant
2923 5649 3066 5697 decet
3091 5683 3129 5726 ,ρ
3145 5643 3384 5726 exitibu-

1820 5729 2050 5837 ςκιιιὲα
2067 5713 2504 5782 iustiﬁcationem
2522 5730 2640 5783 qum
2669 5715 2722 5766 in
2753 5715 2857 5782 ﬁde
2883 5730 2973 5782 per
3001 5713 3380 5782 confessionem

1821 5799 1851 5837 ο
1911 5799 1992 5838 me
2020 5799 2103 5840 ur.
