4122 6482
732 402 836 456 105

1566 406 1625 462 S.
1669 407 2042 466 ATHANASII
2081 409 2230 466 OPP.
2270 409 2449 466 PARS
2488 411 2576 468 ιιι.
2610 443 2678 454 -
2712 413 3124 473 EXEGETICA.

3850 424 3946 481 1οι

804 518 1199 591 [Μιίιὶρίὶεσια
1220 533 1341 578 sunt
1367 527 1703 596 inﬁrmitates
1733 548 1935 590 eorum.
1974 534 2110 588 Cum
2135 535 2274 590 idola

2449 533 2993 606 [Ὲπληθύνθησαν
3049 539 3109 591 at
3169 536 3472 592 ἀσθένειαι
3522 536 3739 592 αὐτῶν.
3816 539 3945 592 Ὀτι

731 611 970 668 colerem
1000 612 1100 686 (2).
1127 615 1360 671 Etiamsi
1387 635 1520 674 vero
1545 622 1989 692 multiplicemur,
2026 641 2130 680 non
2165 641 2284 695 per-

732 715 982 759 severant
1013 723 1025 759 :
1069 722 1189 760 nam
1225 724 1397 779 usque
1424 711 1490 765 ad
1520 712 1751 780 primum
1792 730 2008 768 sensum
2042 725 2095 769 et
2121 733 2284 786 expe-

732 794 1022 850 rimentum
1065 798 1330 854 duntaxat
1361 813 1708 871 permanent;
1753 807 1882 875 quia
1919 806 2053 876 justi
2078 809 2284 863 viribus

731 885 910 938 valent
955 888 1007 940 in
1057 889 1276 944 Christo
1320 891 1681 947 confortante.
1750 898 1856 948 Aut
1909 897 1975 950 de
2024 897 2285 966 apostolis

728 989 890 1045 agere
916 977 1146 1044 videtur,
1189 997 1400 1036 necnon
1434 983 1499 1038 de
1533 985 1600 1039 iis
1623 985 1716 1054 qui
1750 1000 1948 1055 eorum.
1967 1002 2130 1056 opera
2161 1003 2283 1042 cre-

730 1067 1017 1137 diderunt;
1060 1071 1114 1125 in
1149 1075 1348 1143 quibus
1377 1077 1671 1146 conspicua
1721 1077 1941 1133 fuerunt
1967 1079 2149 1133 divina
2181 1078 2284 1133 mi—

728 1161 933 1225 racula,
967 1172 1148 1232 utpote
1177 1166 1271 1235 qui
1305 1167 1487 1223 divina
1523 1170 1709 1224 omnia
1741 1180 2004 1242 praecepta
2032 1186 2284 1226 servave-

727 1250 856 1306 rint.
919 1252 1290 1323 Multiplicatte
1341 1271 1517 1314 autem
1559 1272 1680 1316 sunt
1726 1263 2061 1332 infirmitates
2083 1280 2283 1327 eorum,

727 1353 839 1407 aut,
874 1355 930 1400 ut
952 1347 1058 1400 alio
1091 1349 1250 1403 modo
1291 1350 1513 1420 legitur,
1545 1352 1749 1406 labores
1771 1393 1786 1416 ,
1825 1354 2009 1408 multis
2037 1353 2286 1408 instanti-

728 1435 830 1490 bus
861 1437 1093 1506 populis,
1124 1442 1434 1497 oratoribus
1455 1484 1470 1508 ,
1504 1443 1760 1508 ducibus,
1801 1446 2052 1514 regibus,
2086 1445 2286 1514 quibus

726 1530 994 1596 superatis
1028 1532 1283 1586 omnibus
1304 1572 1318 1595 ,
1361 1549 1581 1588 cursum
1615 1535 1964 1590 confecerunt
1996 1555 2008 1590 :
2045 1537 2131 1592 vel
2161 1538 2286 1592 bre-

726 1616 863 1670 vitas
897 1625 952 1670 et
995 1621 1320 1687 temporaria
1350 1623 1588 1677 conditio
1622 1624 2035 1680 tribulationum
2060 1669 2073 1692 ,
2109 1625 2289 1679 inlini-

725 1718 838 1764 tum
873 1711 1129 1763 saxulum
1173 1712 1461 1780 significat.
1513 1713 1635 1768 Non
1674 1717 1994 1787 congregabo
2025 1717 2290 1770 conventi-

726 1799 866 1852 cula.
895 1800 1345 1856 Acceleraverunt
1373 1804 1438 1857 ad
1461 1805 1864 1874 obsequendum
1883 1806 2282 1876 praedicationi:

2382 623 2813 697 εἰδωλολάτρουν.
2840 628 2901 679 Εἰ
2928 628 3022 680 καὶ
3048 625 3424 696 πληθύνονται,
3455 627 3516 680 οὐ
3550 627 3942 699 παραμένουσι·

2386 715 2542 784 μέχρι
2562 715 2666 786 γὰρ
2699 716 3003 788 αἰσθήσεως
3024 718 3117 770 καὶ
3153 717 3309 788 μόνον
3340 713 3480 787 εἶχον
3508 717 3942 789 παραμενούσας,

2382 805 2468 859 διὰ
2499 806 2789 878 τὸίσχύειν
2837 809 2913 879 τῷ
2961 808 3340 878 ἐνὸυναμοῦντι
3394 809 3633 880 Χριστῷ.
3699 809 3769 862 Ἦ
3822 811 3945 873 τοὺς

2382 895 2707 962 ἀποστόλους
2737 898 2878 953 ἔοικε
2927 898 3127 968 λέγειν,
3181 900 3276 953 καὶ
3318 900 3444 963 τοὺς
3495 900 3561 953 δι’
3593 901 3817 954 ἐκείνων
3853 917 3946 952 πε-

2383 988 2761 1052 πιστευκότας,
2809 991 2866 1042 ἐν
2911 985 2991 1053 οἷς
3045 991 3139 1043 καὶ
3192 991 3422 1062 διαφανῆ
3472 991 3661 1059 γέγονε
3713 992 3782 1044 τὰ.
3831 992 3945 1046 θεῖα

2385 1073 2680 1146 θαυμάσια,
2709 1077 2783 1141 ὡς
2807 1080 2983 1133 πάντα
3008 1082 3420 1152 τετηρηκόσιτὰ
3451 1081 3569 1134 θεῖα
3601 1083 3946 1153 προστάγμα-

2383 1182 2471 1219 τα.
2515 1167 2952 1241 Ἐπληθύνθησαν
2999 1170 3054 1223 δέ
3104 1172 3283 1224 αὐτῶν
3349 1174 3402 1225 αἱ
3436 1172 3730 1239 ἀσθένειαι,
3775 1175 3808 1245 ἦ
3875 1175 3947 1238 ὡς

2385 1257 2608 1328 ἑτέρως,
2664 1261 2736 1313 τὰ
2783 1260 3212 1332 διαπονήματα,
3263 1263 3472 1318 πολλῶν
3529 1266 3947 1320 ἐπαναστάντων

2383 1346 2587 1418 δήμων,
2611 1349 2958 1423 δημηγόρων,
3013 1354 3353 1424 στρατηγῶν,
3382 1355 3664 1426 βασιλέων,
3704 1351 3780 1412 ὧν
3814 1359 3947 1411 πᾶν·

2383 1454 2490 1491 των
2521 1443 2950 1512 περιγενόμενοι,
2977 1445 3067 1498 τὸν
3097 1445 3294 1515 δρόμον
3321 1447 3593 1500 ἐτέλεσαν·
3626 1448 3658 1519 ἢ
3692 1449 3753 1501 τδ
3777 1449 3946 1523 βραχὺ

2386 1529 2479 1580 κα)⁵
2508 1530 2839 1603 πρόσκαιρον
2899 1534 3006 1587 τῶν
3057 1533 3305 1603 θλίψεων,
3368 1536 3457 1590 τὸν
3508 1537 3733 1608 ἄπειρον
3780 1541 3950 1594 αἰῶνα

2385 1617 2672 1673 δείκνυσιν.
2707 1625 2789 1676 Οὐ
2840 1623 2925 1692 μὴ
2976 1625 3346 1695 συναγωγάς.
3414 1629 3700 1699 Ἐτάχυνον
3765 1633 3846 1694 είς
3892 1631 3950 1684 τὸ

2387 1709 2688 1766 ὑπακοῦσαι
2742 1715 2819 1786 τῷ
2857 1716 3187 1788 κηρύγματι’
3251 1720 3521 1791 καθαροὺς
3554 1717 3694 1775 εἶναι
3739 1722 3821 1775 δεῖ
3844 1723 3950 1776 ἀπὸ

2389 1802 2561 1870 φόνων
2599 1807 2692 1858 καὶ
2718 1806 2963 1876 αἱμάτων
2993 1809 3116 1872 τοὺς
3153 1810 3441 1877 μέλλοντας
3477 1812 3800 1881 συνάγεσθαι
3849 1813 3951 1866 ὑπὸ

725 1899 984 1958 oporteta
1007 1891 1245 1946 caedibus
1274 1903 1327 1948 et
1362 1895 1624 1965 sanguine
1648 1897 1878 1952 mundos
1919 1912 2038 1953 esse
2066 1912 2161 1952 eos
2193 1897 2285 1967 qui

2390 1893 2640 1967 Χριστοῦ.
2675 1869 2947 1967 Συναγων,
2977 1869 3127 1971 φησί,
3153 1869 3496 1971 ’συναγωίὰς
3527 1905 3591 1957 ἐκ
3619 1869 3728 1957 τῶν
3757 1904 3947 1972 ἐθνῶν,

727 1997 758 2036 a
791 1983 1005 2036 Christo
1031 1986 1393 2056 congregandi
1433 1996 1579 2042 sunt.
1621 1987 2015 2045 Conventicula
2035 2032 2050 2056 ,
2081 1991 2280 2060 inquit,

727 2088 791 2127 ex
830 2074 1078 2142 gentibus
1099 2115 1112 2135 ,
1158 2091 1264 2129 non
1301 2093 1395 2146 per
1431 2079 1749 2148 sanguinem
1778 2089 1831 2134 et
1861 2083 2034 2136 caedes
2059 2097 2288 2152 congre-

729 2165 899 2234 gaho;
950 2181 1125 2233 neque
1171 2169 1376 2222 curabo
1419 2181 1476 2222 ut
1526 2169 1681 2238 legali
1721 2172 1867 2226 cultu
1905 2172 2191 2228 accedatur
2220 2173 2288 2227 ad

729 2272 837 2321 me,
875 2257 967 2311 sed
1014 2260 1197 2326 potius
1248 2276 1370 2314 cum
1409 2261 1659 2317 laudibus
1702 2279 1765 2319 ac
1812 2280 1902 2334 per
1941 2265 2288 2320 incruentum

729 2350 1104 2421 sacriﬁcium]

803 2442 856 2497 5.
902 2442 1156 2496 Dominus
1190 2459 1312 2511 pars
1356 2443 1678 2500 hareditatis
1714 2462 1841 2501 mete
1871 2455 1918 2500 et
1953 2445 2135 2500 colicis
2165 2446 2285 2514 mei,

726 2537 832 2585 etc.
861 2531 938 2586 Ac
982 2533 1028 2586 si
1074 2533 1312 2602 apertius
1340 2534 1580 2600 diceret,
1625 2535 1784 2590 Pater
1823 2553 1976 2592 meus
2005 2538 2056 2590 in
2088 2546 2286 2591 sortem

729 2622 862 2675 mihi
903 2633 956 2675 et
989 2626 1292 2693 portionem
1319 2635 1502 2694 gentes
1528 2626 1769 2690 donavit,
1813 2628 1899 2680 cui
1926 2627 2183 2681 obediens
2214 2627 2288 2680 iui

729 2726 904 2779 usque
921 2713 984 2765 ad
1015 2723 1260 2767 mortem.
1295 2715 1444 2769 Calix
1473 2730 1704 2784 namque
1737 2726 1966 2770 mortem
1996 2717 2284 2784 signiﬁcat.

723 2799 879 2872 juxta
924 2803 1090 2856 illud:
1128 2802 1322 2866 Pater,
1358 2805 1403 2856 si
1443 2804 1690 2873 possibile
1720 2815 1830 2871 est,
1870 2814 2102 2859 transeat
2148 2821 2181 2857 a
2211 2820 2289 2858 me

725 2893 872 2948 satia:
901 2895 998 2948 iste
1017 2894 1083 2948 ⁸⁷.

799 3063 1080 3140 [Dominus
1101 3084 1223 3137 pars
1255 3069 1576 3124 [Hereditatis
1598 3087 1721 3124 mea!
1743 3079 1790 3125 et
1814 3071 1997 3127 colicis
2019 3076 2136 3129 mei.
2171 3075 2289 3132 H2-

728 3158 1013 3212 reditatcm
1043 3167 1198 3213 vocat
1226 3161 1460 3227 gentium
1503 3177 1746 3230 regnum.
1784 3162 2054 3232 Ecclesiae,
2091 3167 2284 3238 inquit,

729 3263 884 3312 meae,
925 3265 1043 3318 qua:
1065 3261 1148 3305 est
1185 3251 1466 3307 hatreditas
1498 3269 1646 3320 mea,
1697 3257 1874 3324 portio
1909 3268 1991 3313 est
2023 3258 2284 3317 Dominus

725 3337 907 3404 Pater,
940 3341 1164 3411 ipseque
1211 3345 1394 3398 calicis
1418 3345 1524 3398 mei
1552 3359 1679 3414 pars
1702 3356 1820 3413 est,
1855 3348 1905 3401 id
1942 3358 2026 3404 est
2072 3351 2280 3407 mortis.

722 3428 966 3486 Ecclesia
993 3449 1120 3486 vero
1141 3433 1354 3488 Patrem
1387 3435 1699 3490 haereditate
1726 3439 1957 3507 accepit,
1992 3455 2116 3494 cum
2142 3457 2284 3511 pra:-

731 3531 882 3591 cepta
913 3522 1032 3592 ejus
1057 3527 1313 3580 servavit.
1365 3525 1590 3597 Ipsaque
1619 3543 1767 3586 mors
1797 3545 1914 3586 mea
1948 3531 2165 3588 Patrem
2191 3535 2283 3591 ha-

726 3613 844 3667 buit
871 3616 924 3668 in
951 3617 1333 3681 haereditatem,
1358 3620 1813 3689 quemadmodum
1831 3624 2028 3680 dicitur
2051 3644 2065 3681 :
2092 3625 2278 3683 Heres

727 3704 847 3773 Dei,
887 3707 1110 3762 coheres
1134 3709 1334 3764 Christi
1368 3710 1462 3782 ⁹⁸.]

794 3984 848 4039 6.
882 3984 1055 4039 Funes
1082 3988 1374 4042 ceciderunt
1409 3991 1534 4045 mihi
1573 3993 1628 4046 in
1670 3997 1942 4064 praetoris
1978 3999 2106 4053 meis
2145 4015 2163 4054 :
2202 4010 2282 4056 et-

726 4077 863 4132 enim
905 4077 1184 4132 htereditas
1219 4093 1331 4131 mea
1355 4084 1614 4148 praeclara
1639 4093 1717 4137 est
1749 4085 2130 4143 milti.Vincula
2155 4090 2284 4146 cha-

728 4168 902 4223 ritalis
935 4169 1010 4222 ait
1051 4184 1172 4238 quae
1214 4169 1402 4224 habuit
1448 4187 1572 4237 erga
1611 4171 1938 4245 Ecclesiam',
1993 4194 2116 4248 qua:
2144 4196 2285 4252 prte-

727 4261 872 4314 clsra
906 4269 1010 4324 est,
1040 4261 1295 4314 nimirum
1327 4260 1429 4330 ipsi
1465 4263 1685 4331 placita.

799 4435 851 4490 7.
883 4435 1194 4490 Benedicam
1231 4435 1508 4491 Dominum
1552 4441 1642 4511 qui
1683 4443 1864 4498 tribuit
1892 4448 2020 4501 mihi
2068 4450 2276 4506 intelle-

2383 1985 2443 2038 οὐ
2476 1986 2542 2038 δι’
2573 1989 2818 2058 αἱμάτων
2873 1990 3042 2054 αὐτὰς
3090 1993 3321 2059 συνάξω,
3379 1995 3498 2048 οὐδὲ
3549 1997 3951 2068 παρασκευάσω

2382 2076 2470 2130 διὰ
2495 2078 2593 2149 τῆς
2611 2081 2837 2152 νομικῆς
2868 2099 2957 2150 μοι
2980 2084 3374 2155 προσέρχεσθαι
3403 2087 3674 2156 λατρείας,
3693 2088 3950 2154 αἰνέσεως

2382 2165 2438 2217 δὲ
2468 2167 2666 2235 μᾶλλον
2699 2170 2792 2221 καὶ
2821 2171 2919 2241 τῆς
2945 2172 3279 2243 ἁναιμάκτου
3317 2175 3552 2248 θυσίας.]

2454 2447 2663 2514 Κύριος
2674 2447 2841 2516 μερίς
2871 2447 2979 2516 τῆς
3009 2453 3410 2521 κληρονομίας
3425 2471 3545 2522 μου
3587 2455 3686 2508 καί
3716 2457 3824 2511 τοῦ
3849 2471 3952 2512 πο-

2384 2540 2586 2606 τηρίου
2601 2559 2738 2608 μου.
2763 2559 2816 2595 κ.
2838 2559 2886 2594 τ.
2910 2543 2957 2596 λ.
2975 2545 3118 2598 Ὠσεὶ
3133 2546 3669 2618 σαςέστερονξὲλεγενο
3689 2550 3748 2604 '0
3762 2551 3952 2623 Πατήρ

2389 2647 2488 2700 μου
2524 2634 2603 2694 είς
2632 2632 2831 2704 κλῆρόν
2871 2651 2960 2705 μοι
3011 2638 3103 2690 καὶ
3149 2639 3342 2710 μερίδα
3365 2639 3434 2693 τὰ
3473 2639 3598 2712 ἔθνη
3623 2640 3948 2714 δεδώρηται,

2383 2714 2427 2788 ᾧ
2453 2722 2544 2774 καὶ
2569 2722 2765 2790 γέγονα
2792 2725 3028 2795 ὑπήκοος
3065 2727 3224 2798 μέχρι
3257 2728 3505 2782 θανάτου.
3545 2731 3618 2783 Τὸ
3649 2732 3757 2803 γὰρ
3786 2735 3952 2804 ποτή-

2389 2830 2500 2884 ριον
2530 2815 2618 2866 τὸν
2651 2814 2878 2869 θάνατον
2910 2818 3181 2887 σημαίνει,
3210 2819 3349 2872 κατὰ
3380 2819 3440 2873 τὸ
3497 2821 3804 2892 είρημένονο
3833 2824 3950 2878 Πά-

2387 2920 2502 2971 τερ,
2531 2907 2580 2957 εὶ
2606 2904 2884 2970 δυνατὸν,
2918 2908 3255 2976 παρελθέτω
3286 2911 3385 2963 ἀπ’
3403 2910 3547 2980 ἐμοῦ
3572 2913 3638 2966 τὸ
3667 2913 3952 2984 ποτήριον

2387 3011 2583 3047 τουτο.

2460 3086 2702 3159 [Κύριος
2743 3090 2912 3158 μερὶς
2945 3091 3053 3158 τῆς
3095 3094 3492 3164 κληρονομίας
3535 3113 3656 3165 μου
3699 3097 3798 3150 καί
3844 3097 3950 3151 τοῦ

2389 3181 2673 3248 ποτηρίου
2699 3199 2839 3250 μου.
2888 3182 3262 3254 Κληρονομίαν
3312 3185 3465 3238 καλεί
3516 3187 3615 3258 τὴν
3653 3187 3761 3239 τῶν
3785 3188 3950 3243 ἐθνῶν

2391 3271 2680 3342 βασιλείαν.
2716 3273 2823 3327 Καὶ
2856 3275 2952 3345 τῆς
2993 3275 3131 3346 ἐμῆς
3173 3276 3518 3348 Ἐκκλησίας,
3550 3279 3671 3348 ἥτις
3723 3280 3873 3332 ἐστὶν
3916 3283 3947 3350 η

2390 3364 2716 3436 κληρονομία
2750 3382 2870 3436 μου,
2916 3367 3071 3438 μερίς
3119 3370 3265 3421 ἐστιν
3313 3372 3341 3423 6
3373 3369 3571 3442 Κύριος
3602 3372 3631 3425 6
3683 3371 3894 3445 Πατὴρ,
3925 3376 3951 3426 6

2390 3456 2547 3517 αὐτὸς
2579 3456 2635 3508 δὲ
2665 3457 2758 3508 καὶ
2782 3457 2874 3509 τοῦ
2906 3459 3164 3529 ποτηρίου
3199 3477 3297 3529 μου
3341 3460 3494 3531 μερίς
3543 3462 3677 3522 ἐστι,
3707 3465 3950 3516 τουτέστι

2388 3545 2482 3598 τοῦ
2539 3544 2786 3600 θανάτου.
2841 3548 2950 3601 Καὶ
3002 3550 3035 3620 ἡ
3074 3549 3364 3619 Ἐκκλησία
3412 3551 3812 3623 ἐκληρονόμησε
3863 3555 3952 3608 τὸν

2390 3638 2627 3709 Πατέρα,
2670 3638 3062 3710 κατορθώσασα
3097 3640 3195 3705 τὰς
3253 3642 3471 3695 ἐντολὰς
3519 3643 3713 3698 ιαὺτοῦο
3741 3647 3834 3699 καὶ
3857 3648 3951 3700 αὐ-

2387 3724 2478 3787 τὸς
2520 3725 2548 3775 6
2601 3724 2829 3789 θάνατος
2876 3729 2904 3779 6
2952 3727 3080 3798 ἐμὸς
3122 3729 3517 3800 ἐκληρονόμησε
3581 3733 3672 3786 τὸν
3733 3735 3952 3808 Πατέρα

2390 3812 2528 3865 κατὰ
2554 3814 2643 3868 τὸν
2675 3815 2919 3884 λέγοντα·
2942 3821 3286 3890 Κληρονόμε
3303 3821 3469 3887 Θεοῦ,
3494 3828 3952 3900 συγκληρονόμς

2388 3903 2687 3977 Χριστοῦ.]

2457 3998 2699 4064 Σχοινία
2719 3997 3024 4053 ἐπέπεσάν
3040 4017 3141 4069 μοι
3187 4000 3256 4055 ἐν
3279 4003 3402 4070 τοῖς
3449 4008 3780 4075 κρατίστοις
3805 4029 3945 4080 μου·

2388 4087 2487 4139 καὶ
2520 4087 2628 4156 γὰρ
2669 4088 2708 4153 ἠ
2752 4091 3114 4158 κληρονομία
3157 4110 3274 4160 μου
3327 4097 3611 4166 κρατίστη
3646 4103 3749 4169 μοί
3793 4103 3945 4158 ἐστι.

2389 4177 2526 4241 Τοὺς
2551 4177 2779 4249 δεσμοὺς
2800 4179 2900 4250 τῆς
2931 4181 3149 4254 ἀγάπης
3173 4185 3353 4255 φησὶν,
3385 4186 3476 4251 οὓς
3509 4188 3661 4258 ἔσχεν
3691 4190 3824 4263 πρὸς
3853 4194 3950 4267 τὴν

2399 4269 2753 4340 Ἐκκλησίαν,
2817 4273 2937 4343 ἥτις
2995 4275 3088 4328 καὶ
3141 4277 3400 4349 κρατίστη
3468 4281 3615 4346 ἐστὶ,
3673 4286 3949 4342 τουτέστιν

2387 4360 2620 4430 ἀρέσκου
2630 4377 2696 4414 σα
2724 4362 2892 4433 αὐτῷ.

2454 4452 2781 4522 Εὐλογήσω
2835 4455 2942 4508 τὸν
2981 4457 3197 4524 Κύριον
3249 4459 3355 4512 τὸν
3406 4464 3806 4522 συνετίσαντά
3849 4488 3946 4539 με.

727 4536 887 4582 ctum.
949 4526 1121 4596 Hujus
1167 4528 1298 4582 dicti
1351 4530 1724 4600 interpretatio
1765 4534 1907 4603 jacet
1955 4539 2009 4592 in
2051 4539 2278 4598 Actibus

2387 4544 2585 4599 Τούτου
2620 4547 2652 4615 ή
2683 4547 2945 4617 ἑρμηνεία
2973 4551 3145 4601 κεῖται
3167 4551 3224 4602 ἐν
3257 4553 3376 4614 ταῖς
3408 4554 3642 4625 Πράξεσι
3673 4558 3782 4611 τῶν

726 4620 1094 4689 apostolorum
1127 4619 1224 4689 (3).
1268 4619 1487 4690 Insuper
1513 4633 1560 4676 et
1589 4642 1749 4694 usque
1781 4627 1848 4680 ad
1877 4641 2076 4684 noctem
2120 4634 2282 4688 incre-

725 4721 947 4779 puerunt
970 4726 1048 4763 me
1075 4727 1218 4764 renes
1246 4712 1365 4763 mei.
1412 4711 1528 4768 Mos
1569 4713 1861 4785 Scriptura:
1889 4723 2085 4778 divinat
2122 4741 2280 4781 renes

726 4816 918 4855 vocare
967 4802 1210 4856 occultas
1253 4815 1306 4856 et
1344 4804 1449 4858 alte
1489 4806 1692 4874 positas
1729 4811 2084 4880 cogitationes
2116 4833 2131 4872 :
2165 4831 2272 4870 no-

726 4904 866 4949 ctem
901 4908 1047 4955 vero,
1083 4893 1228 4964 quod
1257 4894 1584 4950 absconsum
1617 4908 1720 4953 est.

794 4986 848 5040 8.
890 4984 1226 5040 Providebam
1258 4986 1542 5041 Dominum
1592 4992 1647 5044 in
1689 5004 1961 5061 conspectu
1990 5013 2102 5052 meo
2141 5016 2279 5054 sem-

725 5095 849 5147 per,
885 5081 1131 5148 quoniam
1157 5097 1187 5132 ο
1213 5082 1412 5135 dextris
1440 5093 1516 5135 est
1548 5086 1698 5150 mihi,
1728 5103 1790 5140 ne
1821 5106 2163 5149 commoveor.
2222 5094 2278 5150 In

726 5177 991 5236 quantum
1026 5167 1166 5223 Deus
1195 5184 1315 5224 esse
1341 5171 1653 5242 intelligitur
1676 5215 1691 5241 ,
1723 5176 1836 5246 ipse
1859 5188 1942 5234 est
1968 5182 2062 5251 qui
2102 5184 2283 5239 ﬁrmat

726 5267 783 5311 et
815 5258 1046 5313 sustinet
1087 5260 1299 5326 omnia;
1344 5261 1396 5315 in
1442 5273 1704 5332 quantum
1738 5285 1867 5326 vero
1901 5273 2062 5327 homo
2098 5274 2278 5332 iactus

727 5354 828 5410 est,
868 5349 1032 5416 probe
1062 5347 1164 5416 ipsi
1204 5353 1461 5405 convenit
1485 5353 1664 5410 dicere
1709 5373 1766 5413 se
1793 5375 1823 5414 a
1859 5362 2063 5419 dextris
2095 5364 2281 5420 Domi-

729 5451 857 5491 num
889 5437 1103 5500 habere,
1130 5454 1195 5492 ne
1223 5453 1644 5499 commoveatur.
1684 5444 1816 5502 Nam
1857 5452 2056 5522 ubique
2090 5455 2283 5510 Imma-

799 5589 842 5619 "
884 5587 1070 5644 Matth.
1106 5608 1252 5657 τινι,
1299 5594 1387 5649 39.
1465 5598 1511 5630 "
1557 5598 1713 5654 Rom.
1752 5618 1873 5664 vm.
1915 5605 2001 5658 i7.

800 5701 878 5771 (‘2)
916 5702 1094 5771 Locus
1127 5705 1368 5763 vitiatus.

804 5772 882 5843 (ὅ)
914 5770 1032 5830 Non
1070 5775 1231 5847 hujus
1270 5779 1433 5845 dicti,
1467 5780 1559 5835 sed
1589 5793 1776 5836 eorum
1808 5797 1930 5851 qua
1963 5799 2112 5843 vers.
2140 5788 2173 5844 S
2203 5791 2279 5848 lc-

2383 4638 2603 4691 στὸλων.
2640 4639 2761 4690 Ἔτι
2790 4637 2858 4691 δὲ
2893 4640 2989 4692 καὶ
3046 4640 3156 4706 ἕως
3211 4643 3430 4711 νυκτὸς
3474 4646 3846 4705 ὲπαίδευσὰν
3871 4671 3949 4724 με

2380 4731 2434 4781 οί
2465 4729 2671 4796 νεφροί
2691 4746 2828 4796 μου.
2849 4729 3007 4794 Ἐθος
3034 4733 3099 4801 τῇ
3123 4733 3462 4802 θεοπνεύστῳ
3509 4737 3696 4810 Γραφῇ
3720 4747 3948 4817 νεφροὺς

2381 4816 2662 4888 ὀνομάζειν
2687 4821 2810 4883 τοὺς
2831 4823 3243 4892 κεκρυμμένους
3265 4827 3355 4879 καὶ
3375 4828 3434 4879 ἐν
3465 4827 3615 4898 βάθει
3633 4816 3943 4906 λογισμούς·

2387 4909 2550 4962 νύκτα
2582 4909 2638 4962 δὲ
2663 4911 2722 4964 τὸ
2743 4911 2964 4980 ἀφανές.

2449 5000 2846 5070 Προεωρώμην
2875 5002 2984 5056 τὸν
3011 5006 3232 5073 Κύριον
3255 5007 3511 5062 ἐνώπιόν
3552 5030 3672 5080 μου
3699 5015 3946 5072 διαπαν-

2381 5089 2501 5155 τὸς,
2523 5089 2610 5143 ὅτι
2651 5092 2718 5144 ἐκ
2774 5091 2986 5156 δεξιῶν
3035 5111 3153 5163 μου
3181 5097 3332 5162 ἐστὶ,
3395 5099 3493 5153 ἵνα
3523 5102 3610 5170 μὴ
3649 5108 3944 5162 σαλευθῶ.

2381 5181 2530 5234 Καθὸ
2565 5183 2662 5252 μὲν
2694 5186 2890 5236 νοεῖται
2918 5183 3070 5251 Θεὸς,
3104 5187 3264 5251 αὑτός
3297 5192 3442 5244 ἐστιν
3473 5194 3500 5246 6
3563 5196 3736 5266 παντα
3762 5201 3945 5272 στηρί-

2382 5271 2488 5335 ζων
2518 5273 2611 5326 καὶ
2637 5273 2866 5343 ἀνέχων·
2898 5275 3032 5328 καθὸ
3056 5277 3112 5329 δὲ
3133 5277 3352 5347 γέγονεν
3401 5283 3701 5355 ἄνθρωπος,
3744 5292 3942 5361 πρέποι

2383 5365 2448 5418 ἂν
2472 5366 2631 5419 αὑτὸν
2660 5368 2752 5420 καὶ
2777 5369 2835 5420 τὸ
2861 5368 3040 5438 λέγειν
3063 5372 3126 5424 ἐκ
3158 5372 3346 5438 δεξιῶν
3390 5377 3679 5447 ἐσχηκέναι
3724 5382 3816 5435 τὸν
3837 5383 3944 5438 Κύ-

2386 5473 2516 5528 ριον,
2559 5457 2646 5510 ἵνα
2681 5457 2753 5528 μὴ
2802 5458 3052 5531 σαλευθῇ.
3089 5462 3495 5532 Συμπλάττεται
3543 5470 3650 5538 γὰρ
3671 5475 3942 5546 πανταχοῦ

2387 5737 2605 5806 guntur,
2631 5725 2972 5806 Providebagn
3000 5732 3298 5802 Dominum,
3331 5748 3458 5806 etc.,
3484 5745 3727 5799 meminit
3751 5746 3940 5805 Petrus

2389 5799 2442 5851 in
2471 5797 2696 5854 Actibus
2730 5800 3123 5870 apostolorum,
3159 5797 3369 5879 capsit,
3397 5797 3842 5874 vermis;
