  <div class='ocr_page' id='page_1' title='image "/cluster/home/n/w/nwhite01/storage/ocr_20150623/27/uva.x030474749/062.png"; bbox 0 0 4122 6490; ppageno 0'>
   <div class='ocr_carea' id='block_1_1' title="bbox 200 457 287 506">
    <p class='ocr_par' dir='ltr' id='par_1_1' title="bbox 200 457 287 506">
     <span class='ocr_line' id='line_1_1' title="bbox 200 457 287 506; baseline 0 0"><span class='ocrx_word' id='word_1_1' title='bbox 200 457 287 506; x_wconf 74' lang='grc'><strong>105</strong></span> 
     </span>
    </p>
   </div>
   <div class='ocr_carea' id='block_1_2' title="bbox 1321 452 2336 510">
    <p class='ocr_par' dir='ltr' id='par_1_2' title="bbox 1321 452 2336 510">
     <span class='ocr_line' id='line_1_2' title="bbox 1321 452 2336 510; baseline 0 0"><span class='ocrx_word' id='word_1_2' title='bbox 1321 453 1690 510; x_wconf 74' lang='lat' dir='ltr'><strong>EXPOSITIO</strong></span> <span class='ocrx_word' id='word_1_3' title='bbox 1727 452 1792 508; x_wconf 76' lang='lat' dir='ltr'><strong>IN</strong></span> <span class='ocrx_word' id='word_1_4' title='bbox 1833 452 2164 509; x_wconf 68' lang='lat' dir='ltr'><strong>PSALMUM</strong></span> <span class='ocrx_word' id='word_1_5' title='bbox 2197 452 2336 510; x_wconf 67' lang='lat' dir='ltr'><strong>XVI.</strong></span> 
     </span>
    </p>
   </div>
   <div class='ocr_carea' id='block_1_3' title="bbox 3338 454 3435 510">
    <p class='ocr_par' dir='ltr' id='par_1_3' title="bbox 3338 454 3435 510">
     <span class='ocr_line' id='line_1_3' title="bbox 3338 454 3435 510; baseline 0.01 -1"><span class='ocrx_word' id='word_1_6' title='bbox 3338 454 3435 510; x_wconf 76' lang='grc'><strong>106</strong></span> 
     </span>
    </p>
   </div>
   <div class='ocr_carea' id='block_1_4' title="bbox 189 568 1755 644">
    <p class='ocr_par' dir='ltr' id='par_1_4' title="bbox 189 568 1755 644">
     <span class='ocr_line' id='line_1_4' title="bbox 189 568 1755 644; baseline -0.001 -20"><span class='ocrx_word' id='word_1_7' title='bbox 189 572 292 634; x_wconf 77' lang='grc' dir='ltr'>τοῖς</span> <span class='ocrx_word' id='word_1_8' title='bbox 322 568 423 641; x_wconf 80' lang='grc' dir='ltr'>τῆς</span> <span class='ocrx_word' id='word_1_9' title='bbox 449 571 879 643; x_wconf 74' lang='grc' dir='ltr'>ἁνθρωπᾶτητος</span> <span class='ocrx_word' id='word_1_10' title='bbox 912 574 1150 644; x_wconf 79' lang='grc' dir='ltr'><strong>μέτροις,</strong></span> <span class='ocrx_word' id='word_1_11' title='bbox 1186 573 1279 627; x_wconf 82' lang='grc' dir='ltr'>καί</span> <span class='ocrx_word' id='word_1_12' title='bbox 1324 572 1384 626; x_wconf 80' lang='grc' dir='ltr'><strong>τὸ</strong></span> <span class='ocrx_word' id='word_1_13' title='bbox 1427 576 1493 643; x_wconf 81' lang='grc' dir='ltr'>τῇ</span> <span class='ocrx_word' id='word_1_14' title='bbox 1543 569 1755 626; x_wconf 81' lang='grc' dir='ltr'><strong>κενώσει</strong></span> 
     </span>
    </p>
   </div>
   <div class='ocr_carea' id='block_1_5' title="bbox 1858 568 3444 644">
    <p class='ocr_par' dir='ltr' id='par_1_5' title="bbox 1873 568 3444 637">
     <span class='ocr_line' id='line_1_5' title="bbox 1873 568 3444 637; baseline 0.002 -15"><span class='ocrx_word' id='word_1_15' title='bbox 1873 585 1954 623; x_wconf 68' lang='lat' dir='ltr'><strong>nte</strong></span> <span class='ocrx_word' id='word_1_16' title='bbox 1984 579 2194 625; x_wconf 69' lang='lat' dir='ltr'><strong>naturae</strong></span> <span class='ocrx_word' id='word_1_17' title='bbox 2234 568 2511 625; x_wconf 76' lang='lat' dir='ltr'><strong>mensuris</strong></span> <span class='ocrx_word' id='word_1_18' title='bbox 2553 577 2609 623; x_wconf 84' lang='lat' dir='ltr'><strong>et</strong></span> <span class='ocrx_word' id='word_1_19' title='bbox 2649 570 2899 625; x_wconf 72' lang='lat' dir='ltr'><strong>terminis</strong></span> <span class='ocrx_word' id='word_1_20' title='bbox 2935 569 3340 637; x_wconf 80' lang='lat' dir='ltr'><strong>conformatur,</strong></span> <span class='ocrx_word' id='word_1_21' title='bbox 3390 577 3444 625; x_wconf 85' lang='lat' dir='ltr'><strong>et</strong></span> 
     </span>
    </p>
   </div>
   <div class='ocr_carea' id='block_1_6' title="bbox 191 662 1755 736">
    <p class='ocr_par' dir='ltr' id='par_1_6' title="bbox 191 662 1755 736">
     <span class='ocr_line' id='line_1_6' title="bbox 191 662 1755 736; baseline 0 -23"><span class='ocrx_word' id='word_1_22' title='bbox 191 662 387 734; x_wconf 76' lang='grc' dir='ltr'>πρέπον</span> <span class='ocrx_word' id='word_1_23' title='bbox 430 662 536 716; x_wconf 73' lang='grc' dir='ltr'><strong>οὐκ</strong></span> <span class='ocrx_word' id='word_1_24' title='bbox 584 662 902 734; x_wconf 77' lang='grc' dir='ltr'><strong>αἰσχύνεται</strong></span> <span class='ocrx_word' id='word_1_25' title='bbox 949 664 1036 718; x_wconf 80' lang='grc' dir='ltr'>διὰ</span> <span class='ocrx_word' id='word_1_26' title='bbox 1089 665 1186 736; x_wconf 78' lang='grc' dir='ltr'><strong>τὴν</strong></span> <span class='ocrx_word' id='word_1_27' title='bbox 1224 664 1555 735; x_wconf 77' lang='grc' dir='ltr'>οἰκονομίαν.</span> <span class='ocrx_word' id='word_1_28' title='bbox 1613 662 1755 732; x_wconf 82' lang='grc' dir='ltr'>Ὅρα</span> 
     </span>
    </p>
   </div>
   <div class='ocr_carea' id='block_1_7' title="bbox 189 752 1768 828">
    <p class='ocr_par' dir='ltr' id='par_1_7' title="bbox 189 752 1768 828">
     <span class='ocr_line' id='line_1_7' title="bbox 189 752 1768 828; baseline -0.009 -5"><span class='ocrx_word' id='word_1_29' title='bbox 189 752 310 822; x_wconf 61' lang='grc' dir='ltr'>τίθεν</span> <span class='ocrx_word' id='word_1_30' title='bbox 336 754 487 818; x_wconf 77' lang='grc' dir='ltr'>ὅπως</span> <span class='ocrx_word' id='word_1_31' title='bbox 520 755 751 823; x_wconf 81' lang='grc' dir='ltr'>γέγονεν</span> <span class='ocrx_word' id='word_1_32' title='bbox 780 755 997 826; x_wconf 78' lang='grc' dir='ltr'><strong>ἡφύσις</strong></span> <span class='ocrx_word' id='word_1_33' title='bbox 1038 757 1196 828; x_wconf 83' lang='grc' dir='ltr'>ήμῶν</span> <span class='ocrx_word' id='word_1_34' title='bbox 1234 757 1518 828; x_wconf 76' lang='grc' dir='ltr'>εὐδόκιμος</span> <span class='ocrx_word' id='word_1_35' title='bbox 1557 758 1614 808; x_wconf 84' lang='grc' dir='ltr'><strong>ἐν</strong></span> <span class='ocrx_word' id='word_1_36' title='bbox 1635 756 1768 824; x_wconf 87' lang='grc' dir='ltr'>Χρι-</span> 
     </span>
    </p>
   </div>
   <div class='ocr_carea' id='block_1_8' title="bbox 192 845 1766 919">
    <p class='ocr_par' dir='ltr' id='par_1_8' title="bbox 192 845 1766 919">
     <span class='ocr_line' id='line_1_8' title="bbox 192 845 1766 919; baseline 0.001 -22"><span class='ocrx_word' id='word_1_37' title='bbox 192 846 312 916; x_wconf 74' lang='grc' dir='ltr'>στῷ.</span> <span class='ocrx_word' id='word_1_38' title='bbox 340 846 451 899; x_wconf 66' lang='grc' dir='ltr'>Καὶ</span> <span class='ocrx_word' id='word_1_39' title='bbox 498 848 961 918; x_wconf 66' lang='grc' dir='ltr'><strong>⁸προσηνέχθημεν</strong></span> <span class='ocrx_word' id='word_1_40' title='bbox 993 849 1074 911; x_wconf 84' lang='grc' dir='ltr'><strong>είς</strong></span> <span class='ocrx_word' id='word_1_41' title='bbox 1106 848 1394 919; x_wconf 76' lang='grc' dir='ltr'>πρόσωπον</span> <span class='ocrx_word' id='word_1_42' title='bbox 1435 846 1529 901; x_wconf 77' lang='grc' dir='ltr'>τοῦ</span> <span class='ocrx_word' id='word_1_43' title='bbox 1558 845 1766 916; x_wconf 73' lang='grc' dir='ltr'>Πατρος</span> 
     </span>
    </p>
   </div>
   <div class='ocr_carea' id='block_1_9' title="bbox 189 935 1771 1013">
    <p class='ocr_par' dir='ltr' id='par_1_9' title="bbox 189 935 1771 1013">
     <span class='ocr_line' id='line_1_9' title="bbox 189 935 1771 1013; baseline -0.001 -22"><span class='ocrx_word' id='word_1_44' title='bbox 189 935 653 1010; x_wconf 80' lang='grc' dir='ltr'>οἱέκδεϐλημένοι</span> <span class='ocrx_word' id='word_1_45' title='bbox 687 940 775 994; x_wconf 76' lang='grc' dir='ltr'>διὰ</span> <span class='ocrx_word' id='word_1_46' title='bbox 824 941 922 1013; x_wconf 72' lang='grc' dir='ltr'>τὴν</span> <span class='ocrx_word' id='word_1_47' title='bbox 969 943 1027 993; x_wconf 83' lang='grc' dir='ltr'><strong>ὲν</strong></span> <span class='ocrx_word' id='word_1_48' title='bbox 1089 940 1256 1010; x_wconf 77' lang='grc' dir='ltr'>Ἀδὰμ</span> <span class='ocrx_word' id='word_1_49' title='bbox 1304 939 1633 1011; x_wconf 78' lang='grc' dir='ltr'>παράϐασιν,</span> <span class='ocrx_word' id='word_1_50' title='bbox 1677 940 1771 990; x_wconf 76' lang='grc' dir='ltr'><strong>καὶ</strong></span> 
     </span>
    </p>
   </div>
   <div class='ocr_carea' id='block_1_10' title="bbox 189 1031 1556 1103">
    <p class='ocr_par' dir='ltr' id='par_1_10' title="bbox 189 1031 1556 1103">
     <span class='ocr_line' id='line_1_10' title="bbox 189 1031 1556 1103; baseline 0.001 -21"><span class='ocrx_word' id='word_1_51' title='bbox 189 1031 494 1102; x_wconf 65' lang='grc' dir='ltr'>ἐσχήκαμεν</span> <span class='ocrx_word' id='word_1_52' title='bbox 522 1034 692 1086; x_wconf 76' lang='grc' dir='ltr'>αὐτὸν</span> <span class='ocrx_word' id='word_1_53' title='bbox 718 1034 1062 1103; x_wconf 78' lang='grc' dir='ltr'>ἐπαμύνοντα</span> <span class='ocrx_word' id='word_1_54' title='bbox 1092 1035 1186 1086; x_wconf 76' lang='grc' dir='ltr'>καὶ</span> <span class='ocrx_word' id='word_1_55' title='bbox 1216 1031 1556 1103; x_wconf 76' lang='grc' dir='ltr'>στηρίζοντα.</span> 
     </span>
    </p>
   </div>
   <div class='ocr_carea' id='block_1_11' title="bbox 253 1301 1771 1379">
    <p class='ocr_par' dir='ltr' id='par_1_11' title="bbox 253 1301 1771 1379">
     <span class='ocr_line' id='line_1_11' title="bbox 253 1301 1771 1379; baseline 0.002 -23"><span class='ocrx_word' id='word_1_56' title='bbox 253 1301 273 1377; x_wconf 96' lang='grc'>[</span> <span class='ocrx_word' id='word_1_57' title='bbox 304 1305 397 1357; x_wconf 75' lang='grc' dir='ltr'><strong>Ἐκ</strong></span> <span class='ocrx_word' id='word_1_58' title='bbox 424 1303 653 1369; x_wconf 79' lang='grc' dir='ltr'>δεξιῶν</span> <span class='ocrx_word' id='word_1_59' title='bbox 679 1307 795 1375; x_wconf 85' lang='grc' dir='ltr'>μού</span> <span class='ocrx_word' id='word_1_60' title='bbox 821 1307 971 1360; x_wconf 79' lang='grc' dir='ltr'>ἐστι.</span> <span class='ocrx_word' id='word_1_61' title='bbox 997 1306 1255 1379; x_wconf 73' lang='grc' dir='ltr'>Προφανῆ</span> <span class='ocrx_word' id='word_1_62' title='bbox 1282 1306 1501 1378; x_wconf 82' lang='grc' dir='ltr'>ἔλεγχον</span> <span class='ocrx_word' id='word_1_63' title='bbox 1527 1307 1639 1378; x_wconf 76' lang='grc' dir='ltr'>ἔχει</span> <span class='ocrx_word' id='word_1_64' title='bbox 1671 1308 1771 1377; x_wconf 74' lang='grc' dir='ltr'>τῆς</span> 
     </span>
    </p>
   </div>
   <div class='ocr_carea' id='block_1_12' title="bbox 198 1397 1770 1472">
    <p class='ocr_par' dir='ltr' id='par_1_12' title="bbox 198 1397 1770 1472">
     <span class='ocr_line' id='line_1_12' title="bbox 198 1397 1770 1472; baseline 0.001 -21"><span class='ocrx_word' id='word_1_65' title='bbox 198 1397 459 1451; x_wconf 72' lang='grc' dir='ltr'>Ἰουδαίων</span> <span class='ocrx_word' id='word_1_66' title='bbox 487 1397 913 1469; x_wconf 73' lang='grc' dir='ltr'>ἐμϐροντησίας.</span> <span class='ocrx_word' id='word_1_67' title='bbox 978 1400 1089 1453; x_wconf 73' lang='grc' dir='ltr'>Καὶ</span> <span class='ocrx_word' id='word_1_68' title='bbox 1134 1400 1341 1470; x_wconf 78' lang='grc' dir='ltr'><strong>Πέτρος</strong></span> <span class='ocrx_word' id='word_1_69' title='bbox 1395 1400 1502 1472; x_wconf 83' lang='grc' dir='ltr'><strong>γὰρ</strong></span> <span class='ocrx_word' id='word_1_70' title='bbox 1542 1401 1571 1453; x_wconf 94' lang='lat'><strong>6</strong></span> <span class='ocrx_word' id='word_1_71' title='bbox 1608 1417 1770 1472; x_wconf 85' lang='grc' dir='ltr'>κορυ-</span> 
     </span>
    </p>
   </div>
   <div class='ocr_carea' id='block_1_13' title="bbox 188 1490 1771 1565">
    <p class='ocr_par' dir='ltr' id='par_1_13' title="bbox 188 1490 1771 1565">
     <span class='ocr_line' id='line_1_13' title="bbox 188 1490 1771 1565; baseline 0.001 -21"><span class='ocrx_word' id='word_1_72' title='bbox 188 1494 335 1559; x_wconf 77' lang='grc' dir='ltr'>φαῖος</span> <span class='ocrx_word' id='word_1_73' title='bbox 361 1493 419 1544; x_wconf 73' lang='grc' dir='ltr'>ἐν</span> <span class='ocrx_word' id='word_1_74' title='bbox 448 1493 575 1553; x_wconf 83' lang='grc' dir='ltr'>ταῖς</span> <span class='ocrx_word' id='word_1_75' title='bbox 610 1490 882 1561; x_wconf 78' lang='grc' dir='ltr'>Πράξεσιν</span> <span class='ocrx_word' id='word_1_76' title='bbox 919 1493 999 1555; x_wconf 81' lang='grc' dir='ltr'>εἰς</span> <span class='ocrx_word' id='word_1_77' title='bbox 1034 1493 1270 1564; x_wconf 77' lang='grc' dir='ltr'>Χριστὸν</span> <span class='ocrx_word' id='word_1_78' title='bbox 1319 1491 1494 1547; x_wconf 83' lang='grc' dir='ltr'>ταῦτα</span> <span class='ocrx_word' id='word_1_79' title='bbox 1531 1495 1771 1565; x_wconf 80' lang='grc' dir='ltr'>προσήρ-</span> 
     </span>
    </p>
   </div>
   <div class='ocr_carea' id='block_1_14' title="bbox 188 1583 1769 1657">
    <p class='ocr_par' dir='ltr' id='par_1_14' title="bbox 188 1583 1769 1657">
     <span class='ocr_line' id='line_1_14' title="bbox 188 1583 1769 1657; baseline 0.001 -18"><span class='ocrx_word' id='word_1_80' title='bbox 188 1603 359 1655; x_wconf 82' lang='grc' dir='ltr'>μοσεν.</span> <span class='ocrx_word' id='word_1_81' title='bbox 413 1583 575 1637; x_wconf 74' lang='grc' dir='ltr'>Καθὸ</span> <span class='ocrx_word' id='word_1_82' title='bbox 626 1584 727 1655; x_wconf 82' lang='grc' dir='ltr'>μὲν</span> <span class='ocrx_word' id='word_1_83' title='bbox 755 1585 863 1657; x_wconf 77' lang='grc' dir='ltr'><strong>γὰρ</strong></span> <span class='ocrx_word' id='word_1_84' title='bbox 910 1585 1060 1647; x_wconf 81' lang='grc' dir='ltr'>Θεὸς,</span> <span class='ocrx_word' id='word_1_85' title='bbox 1119 1585 1282 1649; x_wconf 69' lang='grc' dir='ltr'>αὑτός</span> <span class='ocrx_word' id='word_1_86' title='bbox 1337 1587 1485 1639; x_wconf 70' lang='grc' dir='ltr'>ἐστιν</span> <span class='ocrx_word' id='word_1_87' title='bbox 1514 1588 1543 1639; x_wconf 98' lang='lat'><strong>6</strong></span> <span class='ocrx_word' id='word_1_88' title='bbox 1595 1588 1769 1641; x_wconf 81' lang='grc' dir='ltr'>πάντα</span> 
     </span>
    </p>
   </div>
   <div class='ocr_carea' id='block_1_15' title="bbox 186 1674 1768 1749">
    <p class='ocr_par' dir='ltr' id='par_1_15' title="bbox 186 1674 1768 1749">
     <span class='ocr_line' id='line_1_15' title="bbox 186 1674 1768 1749; baseline 0.001 -21"><span class='ocrx_word' id='word_1_89' title='bbox 186 1674 446 1748; x_wconf 76' lang='grc' dir='ltr'><strong>στηρίζων</strong></span> <span class='ocrx_word' id='word_1_90' title='bbox 472 1676 575 1729; x_wconf 72' lang='grc' dir='ltr'>καὶ</span> <span class='ocrx_word' id='word_1_91' title='bbox 609 1677 839 1747; x_wconf 72' lang='grc' dir='ltr'>ἀνέχου-ι’</span> <span class='ocrx_word' id='word_1_92' title='bbox 872 1677 1009 1730; x_wconf 80' lang='grc' dir='ltr'>καθὸ</span> <span class='ocrx_word' id='word_1_93' title='bbox 1036 1677 1093 1730; x_wconf 75' lang='grc' dir='ltr'>δὲ</span> <span class='ocrx_word' id='word_1_94' title='bbox 1120 1677 1430 1749; x_wconf 78' lang='grc' dir='ltr'>ἄνθρωπος,</span> <span class='ocrx_word' id='word_1_95' title='bbox 1472 1678 1671 1749; x_wconf 79' lang='grc' dir='ltr'>πρέποι</span> <span class='ocrx_word' id='word_1_96' title='bbox 1703 1678 1768 1732; x_wconf 82' lang='grc' dir='ltr'>ἂν</span> 
     </span>
    </p>
   </div>
   <div class='ocr_carea' id='block_1_16' title="bbox 184 1766 1767 1839">
    <p class='ocr_par' dir='ltr' id='par_1_16' title="bbox 184 1766 1767 1839">
     <span class='ocr_line' id='line_1_16' title="bbox 184 1766 1767 1839; baseline 0.001 -19"><span class='ocrx_word' id='word_1_97' title='bbox 184 1766 323 1837; x_wconf 74' lang='grc' dir='ltr'>αὐτῷ</span> <span class='ocrx_word' id='word_1_98' title='bbox 376 1768 474 1821; x_wconf 78' lang='grc' dir='ltr'><strong>καὶ</strong></span> <span class='ocrx_word' id='word_1_99' title='bbox 518 1767 584 1820; x_wconf 81' lang='grc' dir='ltr'><strong>τὸ</strong></span> <span class='ocrx_word' id='word_1_100' title='bbox 612 1769 678 1819; x_wconf 77' lang='grc' dir='ltr'><strong>ἐκ</strong></span> <span class='ocrx_word' id='word_1_101' title='bbox 725 1767 916 1831; x_wconf 79' lang='grc' dir='ltr'>δεξιῶν</span> <span class='ocrx_word' id='word_1_102' title='bbox 962 1767 1107 1838; x_wconf 79' lang='grc' dir='ltr'>ἔχειν</span> <span class='ocrx_word' id='word_1_103' title='bbox 1155 1767 1245 1821; x_wconf 75' lang='grc' dir='ltr'>τὸν</span> <span class='ocrx_word' id='word_1_104' title='bbox 1279 1767 1503 1838; x_wconf 83' lang='grc' dir='ltr'>Κύριον,</span> <span class='ocrx_word' id='word_1_105' title='bbox 1553 1768 1639 1821; x_wconf 83' lang='grc' dir='ltr'>ἵνα</span> <span class='ocrx_word' id='word_1_106' title='bbox 1694 1767 1767 1839; x_wconf 79' lang='grc' dir='ltr'><strong>μὴ</strong></span> 
     </span>
    </p>
   </div>
   <div class='ocr_carea' id='block_1_17' title="bbox 185 1860 427 1933">
    <p class='ocr_par' dir='ltr' id='par_1_17' title="bbox 185 1860 427 1933">
     <span class='ocr_line' id='line_1_17' title="bbox 185 1860 427 1933; baseline 0.017 -20"><span class='ocrx_word' id='word_1_107' title='bbox 185 1860 427 1933; x_wconf 77' lang='grc' dir='ltr'>σαλευθῇ.</span> 
     </span>
    </p>
   </div>
   <div class='ocr_carea' id='block_1_18' title="bbox 250 1950 1763 2021">
    <p class='ocr_par' dir='ltr' id='par_1_18' title="bbox 250 1950 1763 2021">
     <span class='ocr_line' id='line_1_18' title="bbox 250 1950 1763 2021; baseline -0.002 -14"><span class='ocrx_word' id='word_1_108' title='bbox 250 1956 368 2007; x_wconf 79' lang='grc' dir='ltr'><strong>Οὐκ</strong></span> <span class='ocrx_word' id='word_1_109' title='bbox 415 1952 885 2021; x_wconf 67' lang='grc' dir='ltr'><strong>ἐγκαταλείψεις</strong></span> <span class='ocrx_word' id='word_1_110' title='bbox 920 1950 1033 2019; x_wconf 80' lang='grc' dir='ltr'>τὴν</span> <span class='ocrx_word' id='word_1_111' title='bbox 1062 1950 1274 2021; x_wconf 71' lang='grc' dir='ltr'><strong>ψυχήν</strong></span> <span class='ocrx_word' id='word_1_112' title='bbox 1301 1970 1442 2020; x_wconf 81' lang='grc' dir='ltr'>μου.</span> <span class='ocrx_word' id='word_1_113' title='bbox 1495 1952 1667 2015; x_wconf 77' lang='grc' dir='ltr'>Αὐτὸς</span> <span class='ocrx_word' id='word_1_114' title='bbox 1688 1950 1763 2005; x_wconf 86' lang='grc' dir='ltr'>ὣν</span> 
     </span>
    </p>
   </div>
   <div class='ocr_carea' id='block_1_19' title="bbox 182 2042 1761 2117">
    <p class='ocr_par' dir='ltr' id='par_1_19' title="bbox 182 2042 1761 2117">
     <span class='ocr_line' id='line_1_19' title="bbox 182 2042 1761 2117; baseline 0 -20"><span class='ocrx_word' id='word_1_115' title='bbox 182 2044 287 2117; x_wconf 75' lang='grc' dir='ltr'><strong>ζωὴ</strong></span> <span class='ocrx_word' id='word_1_116' title='bbox 328 2046 423 2099; x_wconf 71' lang='grc' dir='ltr'><strong>καὶ</strong></span> <span class='ocrx_word' id='word_1_117' title='bbox 476 2043 766 2109; x_wconf 80' lang='grc' dir='ltr'>ζωοποιὸς,</span> <span class='ocrx_word' id='word_1_118' title='bbox 800 2042 1196 2111; x_wconf 79' lang='grc' dir='ltr'>ὲζωοποιῆσθαι</span> <span class='ocrx_word' id='word_1_119' title='bbox 1228 2043 1441 2111; x_wconf 79' lang='grc' dir='ltr'>λέγεται</span> <span class='ocrx_word' id='word_1_120' title='bbox 1490 2044 1639 2115; x_wconf 77' lang='grc' dir='ltr'>παρὰ</span> <span class='ocrx_word' id='word_1_121' title='bbox 1668 2044 1761 2097; x_wconf 83' lang='grc' dir='ltr'>τοῦ</span> 
     </span>
    </p>
   </div>
   <div class='ocr_carea' id='block_1_20' title="bbox 182 2133 1764 2209">
    <p class='ocr_par' dir='ltr' id='par_1_20' title="bbox 182 2133 1764 2209">
     <span class='ocr_line' id='line_1_20' title="bbox 182 2133 1764 2209; baseline -0.001 -18"><span class='ocrx_word' id='word_1_122' title='bbox 182 2138 385 2209; x_wconf 74' lang='grc' dir='ltr'>Πατρὶς</span> <span class='ocrx_word' id='word_1_123' title='bbox 415 2135 507 2190; x_wconf 68' lang='grc' dir='ltr'><strong>διὰ</strong></span> <span class='ocrx_word' id='word_1_124' title='bbox 540 2137 645 2207; x_wconf 70' lang='grc' dir='ltr'><strong>τὴν</strong></span> <span class='ocrx_word' id='word_1_125' title='bbox 667 2136 995 2207; x_wconf 82' lang='grc' dir='ltr'>οἰκονομίαν.</span> <span class='ocrx_word' id='word_1_126' title='bbox 1047 2133 1407 2204; x_wconf 73' lang='grc' dir='ltr'><strong>Ἐγνὼρεσὰς</strong></span> <span class='ocrx_word' id='word_1_127' title='bbox 1438 2153 1540 2205; x_wconf 90' lang='grc' dir='ltr'><strong>μοι</strong></span> <span class='ocrx_word' id='word_1_128' title='bbox 1586 2136 1764 2203; x_wconf 80' lang='grc' dir='ltr'>ὀδοὺς</span> 
     </span>
    </p>
   </div>
   <div class='ocr_carea' id='block_1_21' title="bbox 182 2228 1759 2304">
    <p class='ocr_par' dir='ltr' id='par_1_21' title="bbox 182 2228 1759 2304">
     <span class='ocr_line' id='line_1_21' title="bbox 182 2228 1759 2304; baseline 0.001 -20"><span class='ocrx_word' id='word_1_129' title='bbox 182 2230 343 2298; x_wconf 79' lang='grc' dir='ltr'>ζωῆς,</span> <span class='ocrx_word' id='word_1_130' title='bbox 370 2234 399 2287; x_wconf 90' lang='lat'><strong>6</strong></span> <span class='ocrx_word' id='word_1_131' title='bbox 430 2230 534 2300; x_wconf 77' lang='grc' dir='ltr'>τῆς</span> <span class='ocrx_word' id='word_1_132' title='bbox 574 2228 989 2304; x_wconf 78' lang='grc' dir='ltr'>ἀνθρωπότητος</span> <span class='ocrx_word' id='word_1_133' title='bbox 1021 2230 1158 2301; x_wconf 77' lang='grc' dir='ltr'>ἔχων</span> <span class='ocrx_word' id='word_1_134' title='bbox 1185 2232 1492 2301; x_wconf 81' lang='grc' dir='ltr'>πρόσωπον,</span> <span class='ocrx_word' id='word_1_135' title='bbox 1535 2232 1609 2294; x_wconf 84' lang='grc' dir='ltr'>ὡς</span> <span class='ocrx_word' id='word_1_136' title='bbox 1640 2231 1759 2285; x_wconf 76' lang='grc' dir='ltr'>καθ’</span> 
     </span>
    </p>
   </div>
   <div class='ocr_carea' id='block_1_22' title="bbox 180 2324 1762 2395">
    <p class='ocr_par' dir='ltr' id='par_1_22' title="bbox 180 2324 1762 2395">
     <span class='ocr_line' id='line_1_22' title="bbox 180 2324 1762 2395; baseline 0.001 -20"><span class='ocrx_word' id='word_1_137' title='bbox 180 2325 319 2393; x_wconf 71' lang='grc' dir='ltr'>ἡμᾶς</span> <span class='ocrx_word' id='word_1_138' title='bbox 375 2324 645 2393; x_wconf 72' lang='grc' dir='ltr'>γεγονὼς.</span> <span class='ocrx_word' id='word_1_139' title='bbox 702 2325 828 2386; x_wconf 72' lang='grc' dir='ltr'>τοὺς</span> <span class='ocrx_word' id='word_1_140' title='bbox 875 2326 1008 2394; x_wconf 80' lang='grc' dir='ltr'>ἡμῖν</span> <span class='ocrx_word' id='word_1_141' title='bbox 1060 2324 1259 2395; x_wconf 78' lang='grc' dir='ltr'>μᾶλλον</span> <span class='ocrx_word' id='word_1_142' title='bbox 1311 2325 1406 2378; x_wconf 71' lang='grc' dir='ltr'><strong>καὶ</strong></span> <span class='ocrx_word' id='word_1_143' title='bbox 1444 2326 1541 2394; x_wconf 75' lang='grc' dir='ltr'><strong>οὐχ</strong></span> <span class='ocrx_word' id='word_1_144' title='bbox 1584 2324 1762 2395; x_wconf 75' lang='grc' dir='ltr'>ἐαυτῷ</span> 
     </span>
    </p>
   </div>
   <div class='ocr_carea' id='block_1_23' title="bbox 182 2415 1717 2489">
    <p class='ocr_par' dir='ltr' id='par_1_23' title="bbox 182 2415 1717 2489">
     <span class='ocr_line' id='line_1_23' title="bbox 182 2415 1717 2489; baseline -0.001 -21"><span class='ocrx_word' id='word_1_145' title='bbox 182 2416 506 2489; x_wconf 79' lang='grc' dir='ltr'>πρέποντας,</span> <span class='ocrx_word' id='word_1_146' title='bbox 546 2415 686 2469; x_wconf 82' lang='grc' dir='ltr'>καθὸ</span> <span class='ocrx_word' id='word_1_147' title='bbox 712 2420 912 2469; x_wconf 81' lang='grc' dir='ltr'>νοεῖται</span> <span class='ocrx_word' id='word_1_148' title='bbox 943 2417 1095 2481; x_wconf 77' lang='grc' dir='ltr'>Θεὸς,</span> <span class='ocrx_word' id='word_1_149' title='bbox 1132 2419 1444 2488; x_wconf 74' lang='grc' dir='ltr'><strong>ἀναπέμπει</strong></span> <span class='ocrx_word' id='word_1_150' title='bbox 1474 2416 1717 2489; x_wconf 77' lang='grc' dir='ltr'>λόγους.]</span> 
     </span>
    </p>
   </div>
   <div class='ocr_carea' id='block_1_24' title="bbox 248 2506 1761 2579">
    <p class='ocr_par' dir='ltr' id='par_1_24' title="bbox 248 2506 1761 2579">
     <span class='ocr_line' id='line_1_24' title="bbox 248 2506 1761 2579; baseline -0.003 -15"><span class='ocrx_word' id='word_1_151' title='bbox 248 2510 590 2579; x_wconf 73' lang='grc' dir='ltr'>Τερπνότης</span> <span class='ocrx_word' id='word_1_152' title='bbox 639 2506 809 2577; x_wconf 80' lang='grc' dir='ltr'>ἐντῇ</span> <span class='ocrx_word' id='word_1_153' title='bbox 840 2506 1008 2577; x_wconf 79' lang='grc' dir='ltr'>δεξιᾷ</span> <span class='ocrx_word' id='word_1_154' title='bbox 1053 2526 1170 2563; x_wconf 90' lang='grc' dir='ltr'><strong>σου</strong></span> <span class='ocrx_word' id='word_1_155' title='bbox 1194 2510 1283 2575; x_wconf 82' lang='grc' dir='ltr'>εὶς</span> <span class='ocrx_word' id='word_1_156' title='bbox 1347 2508 1542 2574; x_wconf 76' lang='grc' dir='ltr'>τέλος.</span> <span class='ocrx_word' id='word_1_157' title='bbox 1590 2507 1761 2560; x_wconf 77' lang='grc' dir='ltr'>Τοῦτο</span> 
     </span>
    </p>
   </div>
   <div class='ocr_carea' id='block_1_25' title="bbox 181 2599 1759 2673">
    <p class='ocr_par' dir='ltr' id='par_1_25' title="bbox 181 2599 1759 2673">
     <span class='ocr_line' id='line_1_25' title="bbox 181 2599 1759 2673; baseline -0.001 -19"><span class='ocrx_word' id='word_1_158' title='bbox 181 2601 450 2671; x_wconf 80' lang='grc' dir='ltr'><strong>σημαίνει,</strong></span> <span class='ocrx_word' id='word_1_159' title='bbox 485 2603 547 2653; x_wconf 81' lang='grc' dir='ltr'><strong>ἐν</strong></span> <span class='ocrx_word' id='word_1_160' title='bbox 598 2599 823 2673; x_wconf 79' lang='grc' dir='ltr'>τέρψεσι</span> <span class='ocrx_word' id='word_1_161' title='bbox 874 2601 968 2654; x_wconf 75' lang='grc' dir='ltr'><strong>καὶ</strong></span> <span class='ocrx_word' id='word_1_162' title='bbox 1029 2599 1391 2672; x_wconf 71' lang='grc' dir='ltr'><strong>εὐφροσύναις</strong></span> <span class='ocrx_word' id='word_1_163' title='bbox 1453 2601 1664 2654; x_wconf 70' lang='grc' dir='ltr'>ἔσονται</span> <span class='ocrx_word' id='word_1_164' title='bbox 1709 2600 1759 2653; x_wconf 76' lang='grc' dir='ltr'>οἱ</span> 
     </span>
    </p>
   </div>
   <div class='ocr_carea' id='block_1_26' title="bbox 181 2692 1759 2763">
    <p class='ocr_par' dir='ltr' id='par_1_26' title="bbox 181 2692 1759 2763">
     <span class='ocr_line' id='line_1_26' title="bbox 181 2692 1759 2763; baseline 0 -18"><span class='ocrx_word' id='word_1_165' title='bbox 181 2692 317 2760; x_wconf 77' lang='grc' dir='ltr'>ἅγιοι</span> <span class='ocrx_word' id='word_1_166' title='bbox 348 2694 492 2761; x_wconf 83' lang='grc' dir='ltr'><strong>μετὰ</strong></span> <span class='ocrx_word' id='word_1_167' title='bbox 517 2693 584 2746; x_wconf 78' lang='grc' dir='ltr'>τὸ</span> <span class='ocrx_word' id='word_1_168' title='bbox 608 2693 905 2747; x_wconf 74' lang='grc' dir='ltr'>ἀναϐιῶναι</span> <span class='ocrx_word' id='word_1_169' title='bbox 954 2693 1095 2746; x_wconf 83' lang='grc' dir='ltr'>κατὰ</span> <span class='ocrx_word' id='word_1_170' title='bbox 1122 2692 1213 2745; x_wconf 83' lang='grc' dir='ltr'><strong>τὸν</strong></span> <span class='ocrx_word' id='word_1_171' title='bbox 1271 2693 1370 2763; x_wconf 79' lang='grc' dir='ltr'>τῆς</span> <span class='ocrx_word' id='word_1_172' title='bbox 1414 2693 1759 2755; x_wconf 76' lang='grc' dir='ltr'><strong>ἀναστάσεως</strong></span> 
     </span>
    </p>
   </div>
   <div class='ocr_carea' id='block_1_27' title="bbox 180 2782 1754 2856">
    <p class='ocr_par' dir='ltr' id='par_1_27' title="bbox 180 2782 1754 2856">
     <span class='ocr_line' id='line_1_27' title="bbox 180 2782 1754 2856; baseline 0.001 -21"><span class='ocrx_word' id='word_1_173' title='bbox 180 2782 382 2854; x_wconf 72' lang='grc' dir='ltr'>καιρόν.</span> <span class='ocrx_word' id='word_1_174' title='bbox 422 2784 649 2853; x_wconf 80' lang='grc' dir='ltr'>Ταύτην</span> <span class='ocrx_word' id='word_1_175' title='bbox 682 2783 738 2836; x_wconf 82' lang='grc' dir='ltr'>δὲ</span> <span class='ocrx_word' id='word_1_176' title='bbox 768 2782 865 2854; x_wconf 84' lang='grc' dir='ltr'><strong>τὴν</strong></span> <span class='ocrx_word' id='word_1_177' title='bbox 911 2783 1102 2855; x_wconf 70' lang='grc' dir='ltr'>τέρψιν</span> <span class='ocrx_word' id='word_1_178' title='bbox 1134 2782 1229 2839; x_wconf 67' lang='grc' dir='ltr'><strong>καὶ</strong></span> <span class='ocrx_word' id='word_1_179' title='bbox 1260 2784 1359 2856; x_wconf 83' lang='grc' dir='ltr'>τὴν</span> <span class='ocrx_word' id='word_1_180' title='bbox 1396 2784 1754 2855; x_wconf 73' lang='grc' dir='ltr'>εὐφροσύνην.</span> 
     </span>
    </p>
   </div>
   <div class='ocr_carea' id='block_1_28' title="bbox 180 2872 1758 2946">
    <p class='ocr_par' dir='ltr' id='par_1_28' title="bbox 180 2872 1758 2946">
     <span class='ocr_line' id='line_1_28' title="bbox 180 2872 1758 2946; baseline 0.003 -21"><span class='ocrx_word' id='word_1_181' title='bbox 180 2872 291 2943; x_wconf 63' lang='grc' dir='ltr'>ητις</span> <span class='ocrx_word' id='word_1_182' title='bbox 350 2874 503 2927; x_wconf 73' lang='grc' dir='ltr'>ἐστὶν</span> <span class='ocrx_word' id='word_1_183' title='bbox 550 2877 587 2945; x_wconf 83' lang='grc' dir='ltr'>ἡ</span> <span class='ocrx_word' id='word_1_184' title='bbox 642 2874 935 2945; x_wconf 77' lang='grc' dir='ltr'>ἀφθαρσία,</span> <span class='ocrx_word' id='word_1_185' title='bbox 988 2874 1251 2946; x_wconf 77' lang='grc' dir='ltr'>λήψεσθαι</span> <span class='ocrx_word' id='word_1_186' title='bbox 1316 2875 1530 2944; x_wconf 77' lang='grc' dir='ltr'>λέγουσι</span> <span class='ocrx_word' id='word_1_187' title='bbox 1604 2873 1758 2946; x_wconf 84' lang='grc' dir='ltr'>παρὰ</span> 
     </span>
    </p>
   </div>
   <div class='ocr_carea' id='block_1_29' title="bbox 179 2964 1753 3038">
    <p class='ocr_par' dir='ltr' id='par_1_29' title="bbox 179 2964 1753 3038">
     <span class='ocr_line' id='line_1_29' title="bbox 179 2964 1753 3038; baseline 0.003 -21"><span class='ocrx_word' id='word_1_188' title='bbox 179 2964 431 3037; x_wconf 77' lang='grc' dir='ltr'>Χριστοῦ.</span> <span class='ocrx_word' id='word_1_189' title='bbox 460 2967 523 3030; x_wconf 85' lang='grc' dir='ltr'>ὃς</span> <span class='ocrx_word' id='word_1_190' title='bbox 565 2967 713 3019; x_wconf 81' lang='grc' dir='ltr'>ἐστιν</span> <span class='ocrx_word' id='word_1_191' title='bbox 743 2967 801 3018; x_wconf 84' lang='grc' dir='ltr'>ὲν</span> <span class='ocrx_word' id='word_1_192' title='bbox 843 2968 974 3036; x_wconf 77' lang='grc' dir='ltr'>ἡμῖν</span> <span class='ocrx_word' id='word_1_193' title='bbox 1016 2966 1111 3018; x_wconf 78' lang='grc' dir='ltr'><strong>καὶ</strong></span> <span class='ocrx_word' id='word_1_194' title='bbox 1167 2965 1318 3032; x_wconf 69' lang='grc' dir='ltr'>δεξιὰ</span> <span class='ocrx_word' id='word_1_195' title='bbox 1373 2966 1468 3020; x_wconf 77' lang='grc' dir='ltr'>τοῦ</span> <span class='ocrx_word' id='word_1_196' title='bbox 1522 2966 1753 3038; x_wconf 83' lang='grc' dir='ltr'>Πατρός.</span> 
     </span>
    </p>
   </div>
   <div class='ocr_carea' id='block_1_30' title="bbox 180 3056 1757 3130">
    <p class='ocr_par' dir='ltr' id='par_1_30' title="bbox 180 3056 1757 3130">
     <span class='ocr_line' id='line_1_30' title="bbox 180 3056 1757 3130; baseline 0.002 -21"><span class='ocrx_word' id='word_1_197' title='bbox 180 3057 283 3111; x_wconf 77' lang='grc' dir='ltr'><strong>Καὶ</strong></span> <span class='ocrx_word' id='word_1_198' title='bbox 308 3057 384 3121; x_wconf 83' lang='grc' dir='ltr'>ὡς</span> <span class='ocrx_word' id='word_1_199' title='bbox 440 3056 655 3128; x_wconf 76' lang='grc' dir='ltr'>ἀληθὴς</span> <span class='ocrx_word' id='word_1_200' title='bbox 708 3058 737 3110; x_wconf 93' lang='lat'><strong>6</strong></span> <span class='ocrx_word' id='word_1_201' title='bbox 786 3056 963 3124; x_wconf 66' lang='grc' dir='ltr'>λόγος,</span> <span class='ocrx_word' id='word_1_202' title='bbox 1013 3056 1169 3127; x_wconf 80' lang='grc' dir='ltr'>δῆλον</span> <span class='ocrx_word' id='word_1_203' title='bbox 1223 3058 1288 3110; x_wconf 81' lang='grc' dir='ltr'>ἐκ</span> <span class='ocrx_word' id='word_1_204' title='bbox 1342 3057 1435 3111; x_wconf 77' lang='grc' dir='ltr'><strong>τοῦ</strong></span> <span class='ocrx_word' id='word_1_205' title='bbox 1486 3060 1757 3130; x_wconf 75' lang='grc' dir='ltr'>φήσαντος</span> 
     </span>
    </p>
   </div>
   <div class='ocr_carea' id='block_1_31' title="bbox 180 3147 1757 3221">
    <p class='ocr_par' dir='ltr' id='par_1_31' title="bbox 180 3147 1757 3221">
     <span class='ocr_line' id='line_1_31' title="bbox 180 3147 1757 3221; baseline 0.003 -21"><span class='ocrx_word' id='word_1_206' title='bbox 180 3147 368 3217; x_wconf 68' lang='grc' dir='ltr'>λογίου*</span> <span class='ocrx_word' id='word_1_207' title='bbox 412 3150 514 3215; x_wconf 88' lang='grc' dir='ltr'><strong>Ὃς</strong></span> <span class='ocrx_word' id='word_1_208' title='bbox 551 3150 1067 3219; x_wconf 78' lang='grc' dir='ltr'><strong>μετασχηματίσει</strong></span> <span class='ocrx_word' id='word_1_209' title='bbox 1117 3149 1182 3204; x_wconf 84' lang='grc' dir='ltr'>τὸ</span> <span class='ocrx_word' id='word_1_210' title='bbox 1236 3150 1445 3221; x_wconf 86' lang='grc' dir='ltr'>σχῆμα</span> <span class='ocrx_word' id='word_1_211' title='bbox 1498 3150 1609 3219; x_wconf 81' lang='grc' dir='ltr'>τῆς</span> <span class='ocrx_word' id='word_1_212' title='bbox 1658 3168 1757 3205; x_wconf 84' lang='grc' dir='ltr'>τα-</span> 
     </span>
    </p>
   </div>
   <div class='ocr_carea' id='block_1_32' title="bbox 1868 661 3442 730">
    <p class='ocr_par' dir='ltr' id='par_1_32' title="bbox 1868 661 3442 730">
     <span class='ocr_line' id='line_1_32' title="bbox 1868 661 3442 730; baseline 0 -18"><span class='ocrx_word' id='word_1_213' title='bbox 1868 672 2085 730; x_wconf 85' lang='lat' dir='ltr'><strong>propter</strong></span> <span class='ocrx_word' id='word_1_214' title='bbox 2116 662 2486 718; x_wconf 74' lang='lat' dir='ltr'><strong>(economiam</strong></span> <span class='ocrx_word' id='word_1_215' title='bbox 2521 662 2637 717; x_wconf 86' lang='lat' dir='ltr'><strong>sive</strong></span> <span class='ocrx_word' id='word_1_216' title='bbox 2666 661 3135 726; x_wconf 85' lang='lat' dir='ltr'><strong>incarnationem,</strong></span> <span class='ocrx_word' id='word_1_217' title='bbox 3174 677 3283 716; x_wconf 91' lang='lat' dir='ltr'><strong>non</strong></span> <span class='ocrx_word' id='word_1_218' title='bbox 3318 676 3442 715; x_wconf 77' lang='lat' dir='ltr'><strong>eru-</strong></span> 
     </span>
    </p>
   </div>
   <div class='ocr_carea' id='block_1_33' title="bbox 1868 752 3445 823">
    <p class='ocr_par' dir='ltr' id='par_1_33' title="bbox 1868 752 3445 823">
     <span class='ocr_line' id='line_1_33' title="bbox 1868 752 3445 823; baseline -0.001 -17"><span class='ocrx_word' id='word_1_219' title='bbox 1868 753 2041 808; x_wconf 86' lang='lat' dir='ltr'><strong>bescit</strong></span> <span class='ocrx_word' id='word_1_220' title='bbox 2070 769 2132 808; x_wconf 84' lang='lat' dir='ltr'><strong>ea</strong></span> <span class='ocrx_word' id='word_1_221' title='bbox 2162 770 2283 823; x_wconf 73' lang='lat' dir='ltr'><strong>quae</strong></span> <span class='ocrx_word' id='word_1_222' title='bbox 2314 753 2377 807; x_wconf 89' lang='lat' dir='ltr'><strong>ad</strong></span> <span class='ocrx_word' id='word_1_223' title='bbox 2408 754 2819 807; x_wconf 87' lang='lat' dir='ltr'><strong>evacuationem</strong></span> <span class='ocrx_word' id='word_1_224' title='bbox 2849 760 2904 806; x_wconf 92' lang='lat' dir='ltr'><strong>et</strong></span> <span class='ocrx_word' id='word_1_225' title='bbox 2927 752 3287 807; x_wconf 74' lang='lat' dir='ltr'><strong>humilitatem</strong></span> <span class='ocrx_word' id='word_1_226' title='bbox 3316 767 3445 823; x_wconf 85' lang='lat' dir='ltr'><strong>pcr-</strong></span> 
     </span>
    </p>
   </div>
   <div class='ocr_carea' id='block_1_34' title="bbox 1868 840 3442 913">
    <p class='ocr_par' dir='ltr' id='par_1_34' title="bbox 1868 840 3442 913">
     <span class='ocr_line' id='line_1_34' title="bbox 1868 840 3442 913; baseline 0.003 -22"><span class='ocrx_word' id='word_1_227' title='bbox 1868 841 2063 895; x_wconf 85' lang='lat' dir='ltr'><strong>tinent.</strong></span> <span class='ocrx_word' id='word_1_228' title='bbox 2118 841 2253 897; x_wconf 72' lang='lat' dir='ltr'><strong>Vide</strong></span> <span class='ocrx_word' id='word_1_229' title='bbox 2287 856 2417 912; x_wconf 78' lang='lat' dir='ltr'><strong>ergo</strong></span> <span class='ocrx_word' id='word_1_230' title='bbox 2455 857 2620 913; x_wconf 89' lang='lat' dir='ltr'><strong>quam</strong></span> <span class='ocrx_word' id='word_1_231' title='bbox 2662 842 2919 912; x_wconf 69' lang='lat' dir='ltr'><strong>praeclara</strong></span> <span class='ocrx_word' id='word_1_232' title='bbox 2969 843 3023 897; x_wconf 91' lang='lat' dir='ltr'><strong>in</strong></span> <span class='ocrx_word' id='word_1_233' title='bbox 3066 840 3287 897; x_wconf 84' lang='lat' dir='ltr'><strong>Christo</strong></span> <span class='ocrx_word' id='word_1_234' title='bbox 3340 858 3442 895; x_wconf 89' lang='lat' dir='ltr'><strong>na-</strong></span> 
     </span>
    </p>
   </div>
   <div class='ocr_carea' id='block_1_35' title="bbox 1869 933 3438 1004">
    <p class='ocr_par' dir='ltr' id='par_1_35' title="bbox 1869 933 3438 1004">
     <span class='ocr_line' id='line_1_35' title="bbox 1869 933 3438 1004; baseline -0.001 -18"><span class='ocrx_word' id='word_1_235' title='bbox 1869 943 1990 986; x_wconf 84' lang='lat' dir='ltr'><strong>tura</strong></span> <span class='ocrx_word' id='word_1_236' title='bbox 2030 943 2215 988; x_wconf 88' lang='lat' dir='ltr'><strong>nostra</strong></span> <span class='ocrx_word' id='word_1_237' title='bbox 2256 934 2513 991; x_wconf 82' lang='lat' dir='ltr'><strong>evaserit.</strong></span> <span class='ocrx_word' id='word_1_238' title='bbox 2574 933 2636 987; x_wconf 83' lang='lat' dir='ltr'><strong>In</strong></span> <span class='ocrx_word' id='word_1_239' title='bbox 2673 946 3024 1004; x_wconf 88' lang='lat' dir='ltr'><strong>conspectum</strong></span> <span class='ocrx_word' id='word_1_240' title='bbox 3070 944 3217 989; x_wconf 88' lang='lat' dir='ltr'><strong>certe</strong></span> <span class='ocrx_word' id='word_1_241' title='bbox 3258 934 3438 988; x_wconf 66' lang='lat' dir='ltr'><strong>Patria</strong></span> 
     </span>
    </p>
   </div>
   <div class='ocr_carea' id='block_1_36' title="bbox 1871 1025 3441 1098">
    <p class='ocr_par' dir='ltr' id='par_1_36' title="bbox 1871 1025 3441 1098">
     <span class='ocr_line' id='line_1_36' title="bbox 1871 1025 3441 1098; baseline 0 -20"><span class='ocrx_word' id='word_1_242' title='bbox 1871 1025 2088 1080; x_wconf 86' lang='lat' dir='ltr'><strong>adducti</strong></span> <span class='ocrx_word' id='word_1_243' title='bbox 2138 1026 2416 1096; x_wconf 90' lang='lat' dir='ltr'><strong>oblatiquc</strong></span> <span class='ocrx_word' id='word_1_244' title='bbox 2452 1026 2658 1083; x_wconf 81' lang='lat' dir='ltr'><strong>fuimus</strong></span> <span class='ocrx_word' id='word_1_245' title='bbox 2692 1027 2785 1098; x_wconf 91' lang='lat' dir='ltr'><strong>qui</strong></span> <span class='ocrx_word' id='word_1_246' title='bbox 2821 1042 2916 1097; x_wconf 85' lang='lat' dir='ltr'><strong>per</strong></span> <span class='ocrx_word' id='word_1_247' title='bbox 2956 1026 3086 1080; x_wconf 65' lang='lat' dir='ltr'><strong>Adae</strong></span> <span class='ocrx_word' id='word_1_248' title='bbox 3136 1036 3441 1096; x_wconf 81' lang='lat' dir='ltr'><strong>transgres-</strong></span> 
     </span>
    </p>
   </div>
   <div class='ocr_carea' id='block_1_37' title="bbox 1873 1118 3439 1187">
    <p class='ocr_par' dir='ltr' id='par_1_37' title="bbox 1873 1118 3439 1187">
     <span class='ocr_line' id='line_1_37' title="bbox 1873 1118 3439 1187; baseline 0.001 -17"><span class='ocrx_word' id='word_1_249' title='bbox 1873 1118 2084 1171; x_wconf 87' lang='lat' dir='ltr'><strong>sionem</strong></span> <span class='ocrx_word' id='word_1_250' title='bbox 2116 1118 2274 1187; x_wconf 89' lang='lat' dir='ltr'><strong>ejecti</strong></span> <span class='ocrx_word' id='word_1_251' title='bbox 2316 1135 2537 1184; x_wconf 88' lang='lat' dir='ltr'><strong>sumus,</strong></span> <span class='ocrx_word' id='word_1_252' title='bbox 2590 1129 2643 1173; x_wconf 91' lang='lat' dir='ltr'><strong>et</strong></span> <span class='ocrx_word' id='word_1_253' title='bbox 2694 1119 2987 1173; x_wconf 86' lang='lat' dir='ltr'><strong>habuimus</strong></span> <span class='ocrx_word' id='word_1_254' title='bbox 3016 1134 3141 1172; x_wconf 89' lang='lat' dir='ltr'><strong>cum</strong></span> <span class='ocrx_word' id='word_1_255' title='bbox 3170 1119 3439 1173; x_wconf 83' lang='lat' dir='ltr'><strong>vindicem</strong></span> 
     </span>
    </p>
   </div>
   <div class='ocr_carea' id='block_1_38' title="bbox 1870 1218 2264 1279">
    <p class='ocr_par' dir='ltr' id='par_1_38' title="bbox 1870 1218 2264 1279">
     <span class='ocr_line' id='line_1_38' title="bbox 1870 1218 2264 1279; baseline 0.008 -16"><span class='ocrx_word' id='word_1_256' title='bbox 1870 1218 1927 1264; x_wconf 88' lang='lat' dir='ltr'><strong>et</strong></span> <span class='ocrx_word' id='word_1_257' title='bbox 1956 1219 2264 1279; x_wconf 88' lang='lat' dir='ltr'><strong>patronum.</strong></span> 
     </span>
    </p>
   </div>
   <div class='ocr_carea' id='block_1_39' title="bbox 1944 1300 3442 1374">
    <p class='ocr_par' dir='ltr' id='par_1_39' title="bbox 1944 1300 3442 1374">
     <span class='ocr_line' id='line_1_39' title="bbox 1944 1300 3442 1374; baseline 0.001 -21"><span class='ocrx_word' id='word_1_258' title='bbox 1944 1301 2008 1374; x_wconf 79' lang='grc' dir='ltr'><strong>[Α</strong></span> <span class='ocrx_word' id='word_1_259' title='bbox 2061 1303 2264 1357; x_wconf 75' lang='lat' dir='ltr'><strong>dextris</strong></span> <span class='ocrx_word' id='word_1_260' title='bbox 2307 1313 2383 1356; x_wconf 81' lang='lat' dir='ltr'><strong>est</strong></span> <span class='ocrx_word' id='word_1_261' title='bbox 2427 1303 2577 1358; x_wconf 82' lang='lat' dir='ltr'><strong>mihi.</strong></span> <span class='ocrx_word' id='word_1_262' title='bbox 2642 1300 2925 1356; x_wconf 79' lang='lat' dir='ltr'><strong>Manifeste</strong></span> <span class='ocrx_word' id='word_1_263' title='bbox 2954 1303 3201 1371; x_wconf 82' lang='lat' dir='ltr'><strong>coarguit</strong></span> <span class='ocrx_word' id='word_1_264' title='bbox 3224 1301 3442 1356; x_wconf 61' lang='lat' dir='ltr'><strong>Judaroo</strong></span> 
     </span>
    </p>
   </div>
   <div class='ocr_carea' id='block_1_40' title="bbox 1870 1394 3441 1465">
    <p class='ocr_par' dir='ltr' id='par_1_40' title="bbox 1870 1394 3441 1465">
     <span class='ocr_line' id='line_1_40' title="bbox 1870 1394 3441 1465; baseline 0 -16"><span class='ocrx_word' id='word_1_265' title='bbox 1870 1410 1992 1449; x_wconf 86' lang='lat' dir='ltr'><strong>rum</strong></span> <span class='ocrx_word' id='word_1_266' title='bbox 2025 1395 2420 1465; x_wconf 90' lang='lat' dir='ltr'><strong>stupiditatem.</strong></span> <span class='ocrx_word' id='word_1_267' title='bbox 2455 1394 2666 1450; x_wconf 82' lang='lat' dir='ltr'><strong>Etenim</strong></span> <span class='ocrx_word' id='word_1_268' title='bbox 2721 1394 2912 1450; x_wconf 90' lang='lat' dir='ltr'><strong>Petrus</strong></span> <span class='ocrx_word' id='word_1_269' title='bbox 2947 1396 3320 1465; x_wconf 82' lang='lat' dir='ltr'><strong>apostolorum</strong></span> <span class='ocrx_word' id='word_1_270' title='bbox 3347 1409 3441 1449; x_wconf 83' lang='lat' dir='ltr'><strong>co-</strong></span> 
     </span>
    </p>
   </div>
   <div class='ocr_carea' id='block_1_41' title="bbox 1872 1484 3437 1557">
    <p class='ocr_par' dir='ltr' id='par_1_41' title="bbox 1872 1484 3437 1557">
     <span class='ocr_line' id='line_1_41' title="bbox 1872 1484 3437 1557; baseline -0.001 -18"><span class='ocrx_word' id='word_1_271' title='bbox 1872 1486 2125 1557; x_wconf 66' lang='lat' dir='ltr'><strong>ryphtens</strong></span> <span class='ocrx_word' id='word_1_272' title='bbox 2160 1487 2213 1540; x_wconf 94' lang='lat' dir='ltr'><strong>in</strong></span> <span class='ocrx_word' id='word_1_273' title='bbox 2254 1488 2517 1553; x_wconf 80' lang='lat' dir='ltr'><strong>Actibus,</strong></span> <span class='ocrx_word' id='word_1_274' title='bbox 2567 1488 2681 1542; x_wconf 69' lang='lat' dir='ltr'><strong>haec</strong></span> <span class='ocrx_word' id='word_1_275' title='bbox 2724 1485 2947 1541; x_wconf 80' lang='lat' dir='ltr'><strong>Christo</strong></span> <span class='ocrx_word' id='word_1_276' title='bbox 2976 1488 3241 1543; x_wconf 80' lang='lat' dir='ltr'><strong>attribuit.</strong></span> <span class='ocrx_word' id='word_1_277' title='bbox 3305 1484 3437 1541; x_wconf 83' lang='lat' dir='ltr'><strong>Nam</strong></span> 
     </span>
    </p>
   </div>
   <div class='ocr_carea' id='block_1_42' title="bbox 1871 1581 3434 1652">
    <p class='ocr_par' dir='ltr' id='par_1_42' title="bbox 1871 1581 3434 1652">
     <span class='ocr_line' id='line_1_42' title="bbox 1871 1581 3434 1652; baseline 0.001 -21"><span class='ocrx_word' id='word_1_278' title='bbox 1871 1590 2139 1649; x_wconf 85' lang='lat' dir='ltr'><strong>quatenus</strong></span> <span class='ocrx_word' id='word_1_279' title='bbox 2175 1581 2318 1637; x_wconf 86' lang='lat' dir='ltr'><strong>Deus</strong></span> <span class='ocrx_word' id='word_1_280' title='bbox 2367 1583 2483 1652; x_wconf 85' lang='lat' dir='ltr'><strong>ipse</strong></span> <span class='ocrx_word' id='word_1_281' title='bbox 2513 1592 2598 1637; x_wconf 85' lang='lat' dir='ltr'><strong>est</strong></span> <span class='ocrx_word' id='word_1_282' title='bbox 2636 1583 2729 1651; x_wconf 83' lang='lat' dir='ltr'><strong>qui</strong></span> <span class='ocrx_word' id='word_1_283' title='bbox 2752 1582 2936 1636; x_wconf 88' lang='lat' dir='ltr'><strong>omnia</strong></span> <span class='ocrx_word' id='word_1_284' title='bbox 2969 1581 3150 1635; x_wconf 82' lang='lat' dir='ltr'><strong>lirmat</strong></span> <span class='ocrx_word' id='word_1_285' title='bbox 3177 1593 3232 1637; x_wconf 93' lang='lat' dir='ltr'><strong>et</strong></span> <span class='ocrx_word' id='word_1_286' title='bbox 3258 1583 3434 1637; x_wconf 86' lang='lat' dir='ltr'><strong>conti-</strong></span> 
     </span>
    </p>
   </div>
   <div class='ocr_carea' id='block_1_43' title="bbox 1872 1672 3439 1743">
    <p class='ocr_par' dir='ltr' id='par_1_43' title="bbox 1872 1672 3439 1743">
     <span class='ocr_line' id='line_1_43' title="bbox 1872 1672 3439 1743; baseline -0.001 -18"><span class='ocrx_word' id='word_1_287' title='bbox 1872 1682 2002 1739; x_wconf 84' lang='lat' dir='ltr'><strong>net;</strong></span> <span class='ocrx_word' id='word_1_288' title='bbox 2034 1683 2304 1743; x_wconf 82' lang='lat' dir='ltr'><strong>quatenus</strong></span> <span class='ocrx_word' id='word_1_289' title='bbox 2335 1684 2512 1727; x_wconf 84' lang='lat' dir='ltr'><strong>autem</strong></span> <span class='ocrx_word' id='word_1_290' title='bbox 2544 1674 2726 1738; x_wconf 88' lang='lat' dir='ltr'><strong>homo,</strong></span> <span class='ocrx_word' id='word_1_291' title='bbox 2771 1673 2869 1742; x_wconf 82' lang='lat' dir='ltr'><strong>ipsi</strong></span> <span class='ocrx_word' id='word_1_292' title='bbox 2897 1673 3151 1727; x_wconf 76' lang='lat' dir='ltr'><strong>convenit</strong></span> <span class='ocrx_word' id='word_1_293' title='bbox 3181 1688 3210 1725; x_wconf 87' lang='lat' dir='ltr'><strong>a</strong></span> <span class='ocrx_word' id='word_1_294' title='bbox 3234 1672 3439 1727; x_wconf 75' lang='lat' dir='ltr'><strong>dextris</strong></span> 
     </span>
    </p>
   </div>
   <div class='ocr_carea' id='block_1_44' title="bbox 1874 1764 3266 1831">
    <p class='ocr_par' dir='ltr' id='par_1_44' title="bbox 1874 1764 3266 1831">
     <span class='ocr_line' id='line_1_44' title="bbox 1874 1764 3266 1831; baseline 0 -13"><span class='ocrx_word' id='word_1_295' title='bbox 1874 1764 2163 1822; x_wconf 89' lang='lat' dir='ltr'><strong>Dominum</strong></span> <span class='ocrx_word' id='word_1_296' title='bbox 2189 1778 2455 1824; x_wconf 85' lang='lat' dir='ltr'><strong>astantem</strong></span> <span class='ocrx_word' id='word_1_297' title='bbox 2484 1767 2706 1831; x_wconf 86' lang='lat' dir='ltr'><strong>habere,</strong></span> <span class='ocrx_word' id='word_1_298' title='bbox 2744 1782 2811 1822; x_wconf 87' lang='lat' dir='ltr'><strong>ne</strong></span> <span class='ocrx_word' id='word_1_299' title='bbox 2837 1775 3266 1821; x_wconf 84' lang='lat' dir='ltr'><strong>commoveatur.</strong></span> 
     </span>
    </p>
   </div>
   <div class='ocr_carea' id='block_1_45' title="bbox 1797 1914 3436 2019">
    <p class='ocr_par' dir='ltr' id='par_1_45' title="bbox 1797 1914 3436 2019">
     <span class='ocr_line' id='line_1_45' title="bbox 1797 1914 3436 2019; baseline 0.001 -18"><span class='ocrx_word' id='word_1_300' title='bbox 1797 1914 1835 1969; x_wconf 71' lang='grc' dir='ltr'><strong><em>Β</em></strong></span> <span class='ocrx_word' id='word_1_301' title='bbox 1936 1946 2057 2001; x_wconf 75' lang='lat' dir='ltr'><strong>Non</strong></span> <span class='ocrx_word' id='word_1_302' title='bbox 2103 1948 2431 2019; x_wconf 82' lang='lat' dir='ltr'><strong>derelinques</strong></span> <span class='ocrx_word' id='word_1_303' title='bbox 2461 1949 2695 2003; x_wconf 81' lang='lat' dir='ltr'><strong>animant</strong></span> <span class='ocrx_word' id='word_1_304' title='bbox 2725 1966 2918 2005; x_wconf 82' lang='lat' dir='ltr'><strong>meam.</strong></span> <span class='ocrx_word' id='word_1_305' title='bbox 2972 1948 3124 2004; x_wconf 81' lang='lat' dir='ltr'><strong>Licet</strong></span> <span class='ocrx_word' id='word_1_306' title='bbox 3170 1949 3284 2019; x_wconf 80' lang='lat' dir='ltr'><strong>ipsc</strong></span> <span class='ocrx_word' id='word_1_307' title='bbox 3328 1950 3436 2003; x_wconf 80' lang='lat' dir='ltr'><strong>vita</strong></span> 
     </span>
    </p>
   </div>
   <div class='ocr_carea' id='block_1_46' title="bbox 1865 2039 3435 2110">
    <p class='ocr_par' dir='ltr' id='par_1_46' title="bbox 1865 2039 3435 2110">
     <span class='ocr_line' id='line_1_46' title="bbox 1865 2039 3435 2110; baseline 0.001 -17"><span class='ocrx_word' id='word_1_308' title='bbox 1865 2039 1936 2093; x_wconf 89' lang='lat' dir='ltr'><strong>sit</strong></span> <span class='ocrx_word' id='word_1_309' title='bbox 1985 2048 2039 2095; x_wconf 91' lang='lat' dir='ltr'><strong>et</strong></span> <span class='ocrx_word' id='word_1_310' title='bbox 2087 2041 2252 2093; x_wconf 78' lang='lat' dir='ltr'><strong>vitam</strong></span> <span class='ocrx_word' id='word_1_311' title='bbox 2311 2040 2582 2110; x_wconf 73' lang='lat' dir='ltr'><strong>praebeat,</strong></span> <span class='ocrx_word' id='word_1_312' title='bbox 2638 2057 2734 2110; x_wconf 91' lang='lat' dir='ltr'><strong>per</strong></span> <span class='ocrx_word' id='word_1_313' title='bbox 2778 2042 3139 2095; x_wconf 76' lang='lat' dir='ltr'><strong>(economiam</strong></span> <span class='ocrx_word' id='word_1_314' title='bbox 3173 2042 3375 2095; x_wconf 83' lang='lat' dir='ltr'><strong>dicitur</strong></span> <span class='ocrx_word' id='word_1_315' title='bbox 3407 2058 3435 2095; x_wconf 71' lang='grc' dir='ltr'><strong>α</strong></span> 
     </span>
    </p>
   </div>
   <div class='ocr_carea' id='block_1_47' title="bbox 1863 2128 3433 2201">
    <p class='ocr_par' dir='ltr' id='par_1_47' title="bbox 1863 2128 3433 2201">
     <span class='ocr_line' id='line_1_47' title="bbox 1863 2128 3433 2201; baseline 0.001 -18"><span class='ocrx_word' id='word_1_316' title='bbox 1863 2128 2023 2185; x_wconf 86' lang='lat' dir='ltr'><strong>Patre</strong></span> <span class='ocrx_word' id='word_1_317' title='bbox 2059 2130 2342 2185; x_wconf 79' lang='lat' dir='ltr'><strong>viviﬁcari.</strong></span> <span class='ocrx_word' id='word_1_318' title='bbox 2408 2128 2580 2184; x_wconf 82' lang='lat' dir='ltr'><strong>Notas</strong></span> <span class='ocrx_word' id='word_1_319' title='bbox 2636 2129 2764 2182; x_wconf 83' lang='lat' dir='ltr'><strong>mihi</strong></span> <span class='ocrx_word' id='word_1_320' title='bbox 2801 2130 2973 2199; x_wconf 77' lang='lat' dir='ltr'><strong>fecisti</strong></span> <span class='ocrx_word' id='word_1_321' title='bbox 3008 2132 3119 2184; x_wconf 71' lang='grc' dir='ltr'>τίοι</span> <span class='ocrx_word' id='word_1_322' title='bbox 3156 2134 3309 2197; x_wconf 75' lang='lat' dir='ltr'><strong>vitm,</strong></span> <span class='ocrx_word' id='word_1_323' title='bbox 3342 2135 3433 2201; x_wconf 85' lang='lat' dir='ltr'><strong>qui</strong></span> 
     </span>
    </p>
   </div>
   <div class='ocr_carea' id='block_1_48' title="bbox 1866 2222 3435 2293">
    <p class='ocr_par' dir='ltr' id='par_1_48' title="bbox 1866 2222 3435 2293">
     <span class='ocr_line' id='line_1_48' title="bbox 1866 2222 3435 2293; baseline 0.001 -17"><span class='ocrx_word' id='word_1_324' title='bbox 1866 2222 2223 2277; x_wconf 84' lang='lat' dir='ltr'><strong>humanitatis</strong></span> <span class='ocrx_word' id='word_1_325' title='bbox 2251 2237 2541 2293; x_wconf 84' lang='lat' dir='ltr'><strong>personam</strong></span> <span class='ocrx_word' id='word_1_326' title='bbox 2578 2224 2772 2287; x_wconf 78' lang='lat' dir='ltr'><strong>habet,</strong></span> <span class='ocrx_word' id='word_1_327' title='bbox 2814 2232 3002 2292; x_wconf 79' lang='lat' dir='ltr'><strong>utpote</strong></span> <span class='ocrx_word' id='word_1_328' title='bbox 3024 2224 3089 2277; x_wconf 92' lang='lat' dir='ltr'><strong>ad</strong></span> <span class='ocrx_word' id='word_1_329' title='bbox 3122 2224 3435 2278; x_wconf 89' lang='lat' dir='ltr'><strong>similitudi-</strong></span> 
     </span>
    </p>
   </div>
   <div class='ocr_carea' id='block_1_49' title="bbox 1862 2315 3438 2385">
    <p class='ocr_par' dir='ltr' id='par_1_49' title="bbox 1862 2315 3438 2385">
     <span class='ocr_line' id='line_1_49' title="bbox 1862 2315 3438 2385; baseline 0.001 -16"><span class='ocrx_word' id='word_1_330' title='bbox 1862 2330 1984 2369; x_wconf 68' lang='lat' dir='ltr'><strong>nesn</strong></span> <span class='ocrx_word' id='word_1_331' title='bbox 2030 2317 2203 2369; x_wconf 79' lang='lat' dir='ltr'><strong>nostri</strong></span> <span class='ocrx_word' id='word_1_332' title='bbox 2255 2315 2475 2382; x_wconf 80' lang='lat' dir='ltr'><strong>factus,</strong></span> <span class='ocrx_word' id='word_1_333' title='bbox 2530 2334 2811 2373; x_wconf 87' lang='lat' dir='ltr'><strong>sermones</strong></span> <span class='ocrx_word' id='word_1_334' title='bbox 2850 2318 3007 2371; x_wconf 79' lang='lat' dir='ltr'><strong>cll‘ert</strong></span> <span class='ocrx_word' id='word_1_335' title='bbox 3056 2317 3214 2370; x_wconf 89' lang='lat' dir='ltr'><strong>nobis</strong></span> <span class='ocrx_word' id='word_1_336' title='bbox 3260 2318 3438 2385; x_wconf 77' lang='lat' dir='ltr'><strong>magis</strong></span> 
     </span>
    </p>
   </div>
   <div class='ocr_carea' id='block_1_50' title="bbox 1861 2406 3084 2481">
    <p class='ocr_par' dir='ltr' id='par_1_50' title="bbox 1861 2406 3084 2481">
     <span class='ocr_line' id='line_1_50' title="bbox 1861 2406 3084 2481; baseline 0.002 -21"><span class='ocrx_word' id='word_1_337' title='bbox 1861 2420 2024 2475; x_wconf 90' lang='lat' dir='ltr'><strong>quam</strong></span> <span class='ocrx_word' id='word_1_338' title='bbox 2046 2407 2172 2469; x_wconf 87' lang='lat' dir='ltr'><strong>sibi.</strong></span> <span class='ocrx_word' id='word_1_339' title='bbox 2207 2418 2481 2477; x_wconf 76' lang='lat' dir='ltr'><strong>quatenus</strong></span> <span class='ocrx_word' id='word_1_340' title='bbox 2510 2407 2640 2470; x_wconf 83' lang='lat' dir='ltr'><strong>Deo,</strong></span> <span class='ocrx_word' id='word_1_341' title='bbox 2664 2406 3084 2481; x_wconf 67' lang='lat' dir='ltr'><strong>competentes]</strong></span> 
     </span>
    </p>
   </div>
   <div class='ocr_carea' id='block_1_51' title="bbox 1934 2496 3433 2568">
    <p class='ocr_par' dir='ltr' id='par_1_51' title="bbox 1934 2496 3433 2568">
     <span class='ocr_line' id='line_1_51' title="bbox 1934 2496 3433 2568; baseline 0.002 -16"><span class='ocrx_word' id='word_1_342' title='bbox 1934 2496 2021 2553; x_wconf 79' lang='grc'>10.</span> <span class='ocrx_word' id='word_1_343' title='bbox 2058 2497 2349 2551; x_wconf 87' lang='lat' dir='ltr'><strong>Delectatio</strong></span> <span class='ocrx_word' id='word_1_344' title='bbox 2374 2500 2425 2551; x_wconf 88' lang='lat' dir='ltr'><strong>in</strong></span> <span class='ocrx_word' id='word_1_345' title='bbox 2460 2499 2672 2551; x_wconf 79' lang='lat' dir='ltr'><strong>dextera</strong></span> <span class='ocrx_word' id='word_1_346' title='bbox 2697 2508 2788 2552; x_wconf 88' lang='lat' dir='ltr'><strong>tua</strong></span> <span class='ocrx_word' id='word_1_347' title='bbox 2819 2516 2980 2568; x_wconf 76' lang='lat' dir='ltr'><strong>usque</strong></span> <span class='ocrx_word' id='word_1_348' title='bbox 3016 2502 3069 2553; x_wconf 87' lang='lat' dir='ltr'><strong>in</strong></span> <span class='ocrx_word' id='word_1_349' title='bbox 3099 2501 3282 2568; x_wconf 81' lang='lat' dir='ltr'><strong>linem.</strong></span> <span class='ocrx_word' id='word_1_350' title='bbox 3318 2499 3433 2555; x_wconf 86' lang='lat' dir='ltr'><strong>lloc</strong></span> 
     </span>
    </p>
   </div>
   <div class='ocr_carea' id='block_1_52' title="bbox 1862 2592 3437 2664">
    <p class='ocr_par' dir='ltr' id='par_1_52' title="bbox 1862 2592 3437 2664">
     <span class='ocr_line' id='line_1_52' title="bbox 1862 2592 3437 2664; baseline 0 -17"><span class='ocrx_word' id='word_1_351' title='bbox 1862 2592 2154 2662; x_wconf 80' lang='lat' dir='ltr'><strong>signiﬁcat,</strong></span> <span class='ocrx_word' id='word_1_352' title='bbox 2210 2593 2264 2647; x_wconf 92' lang='lat' dir='ltr'><strong>in</strong></span> <span class='ocrx_word' id='word_1_353' title='bbox 2301 2594 2674 2662; x_wconf 76' lang='lat' dir='ltr'><strong>voluptatibus</strong></span> <span class='ocrx_word' id='word_1_354' title='bbox 2711 2602 2767 2648; x_wconf 89' lang='lat' dir='ltr'><strong>et</strong></span> <span class='ocrx_word' id='word_1_355' title='bbox 2793 2592 3009 2663; x_wconf 69' lang='lat' dir='ltr'><strong>gaudiis</strong></span> <span class='ocrx_word' id='word_1_356' title='bbox 3037 2593 3210 2649; x_wconf 85' lang='lat' dir='ltr'><strong>sancti</strong></span> <span class='ocrx_word' id='word_1_357' title='bbox 3243 2594 3437 2664; x_wconf 81' lang='lat' dir='ltr'><strong>degent</strong></span> 
     </span>
    </p>
   </div>
   <div class='ocr_carea' id='block_1_53' title="bbox 1860 2685 3432 2755">
    <p class='ocr_par' dir='ltr' id='par_1_53' title="bbox 1860 2685 3432 2755">
     <span class='ocr_line' id='line_1_53' title="bbox 1860 2685 3432 2755; baseline 0.001 -16"><span class='ocrx_word' id='word_1_358' title='bbox 1860 2695 2152 2755; x_wconf 87' lang='lat' dir='ltr'><strong>postquam</strong></span> <span class='ocrx_word' id='word_1_359' title='bbox 2185 2695 2429 2755; x_wconf 84' lang='lat' dir='ltr'><strong>tempore</strong></span> <span class='ocrx_word' id='word_1_360' title='bbox 2456 2686 2890 2741; x_wconf 83' lang='lat' dir='ltr'><strong>resurrectionis</strong></span> <span class='ocrx_word' id='word_1_361' title='bbox 2920 2686 3233 2741; x_wconf 69' lang='lat' dir='ltr'><strong>reviset-int.</strong></span> <span class='ocrx_word' id='word_1_362' title='bbox 3270 2685 3432 2743; x_wconf 89' lang='lat' dir='ltr'><strong>Istam</strong></span> 
     </span>
    </p>
   </div>
   <div class='ocr_carea' id='block_1_54' title="bbox 1860 2777 3432 2849">
    <p class='ocr_par' dir='ltr' id='par_1_54' title="bbox 1860 2777 3432 2849">
     <span class='ocr_line' id='line_1_54' title="bbox 1860 2777 3432 2849; baseline 0.001 -18"><span class='ocrx_word' id='word_1_363' title='bbox 1860 2786 2041 2831; x_wconf 88' lang='lat' dir='ltr'><strong>autem</strong></span> <span class='ocrx_word' id='word_1_364' title='bbox 2073 2778 2404 2845; x_wconf 86' lang='lat' dir='ltr'><strong>voluptatem</strong></span> <span class='ocrx_word' id='word_1_365' title='bbox 2434 2792 2497 2831; x_wconf 92' lang='lat' dir='ltr'><strong>ac</strong></span> <span class='ocrx_word' id='word_1_366' title='bbox 2516 2777 2778 2841; x_wconf 73' lang='lat' dir='ltr'><strong>laetitiam,</strong></span> <span class='ocrx_word' id='word_1_367' title='bbox 2807 2794 2931 2848; x_wconf 60' lang='lat' dir='ltr'><strong>quae</strong></span> <span class='ocrx_word' id='word_1_368' title='bbox 2951 2789 3035 2833; x_wconf 88' lang='lat' dir='ltr'><strong>est</strong></span> <span class='ocrx_word' id='word_1_369' title='bbox 3066 2778 3432 2849; x_wconf 87' lang='lat' dir='ltr'><strong>incorruptio,</strong></span> 
     </span>
    </p>
   </div>
   <div class='ocr_carea' id='block_1_55' title="bbox 1859 2867 3432 2939">
    <p class='ocr_par' dir='ltr' id='par_1_55' title="bbox 1859 2867 3432 2939">
     <span class='ocr_line' id='line_1_55' title="bbox 1859 2867 3432 2939; baseline 0.004 -17"><span class='ocrx_word' id='word_1_370' title='bbox 1859 2882 1961 2923; x_wconf 91' lang='lat' dir='ltr'><strong>nos</strong></span> <span class='ocrx_word' id='word_1_371' title='bbox 2001 2877 2316 2937; x_wconf 87' lang='lat' dir='ltr'><strong>recepturos</strong></span> <span class='ocrx_word' id='word_1_372' title='bbox 2347 2868 2501 2921; x_wconf 89' lang='lat' dir='ltr'><strong>aiunt</strong></span> <span class='ocrx_word' id='word_1_373' title='bbox 2532 2883 2563 2922; x_wconf 90' lang='lat' dir='ltr'><strong>a</strong></span> <span class='ocrx_word' id='word_1_374' title='bbox 2601 2867 2858 2935; x_wconf 82' lang='lat' dir='ltr'><strong>Christo,</strong></span> <span class='ocrx_word' id='word_1_375' title='bbox 2903 2870 2997 2939; x_wconf 88' lang='lat' dir='ltr'><strong>qui</strong></span> <span class='ocrx_word' id='word_1_376' title='bbox 3046 2871 3215 2925; x_wconf 89' lang='lat' dir='ltr'><strong>estin</strong></span> <span class='ocrx_word' id='word_1_377' title='bbox 3256 2871 3432 2931; x_wconf 77' lang='lat' dir='ltr'><strong>nobis.</strong></span> 
     </span>
    </p>
   </div>
   <div class='ocr_carea' id='block_1_56' title="bbox 1857 2957 3431 3026">
    <p class='ocr_par' dir='ltr' id='par_1_56' title="bbox 1857 2957 3431 3026">
     <span class='ocr_line' id='line_1_56' title="bbox 1857 2957 3431 3026; baseline 0.002 -13"><span class='ocrx_word' id='word_1_378' title='bbox 1857 2968 1913 3013; x_wconf 91' lang='lat' dir='ltr'><strong>et</strong></span> <span class='ocrx_word' id='word_1_379' title='bbox 1940 2960 2161 3016; x_wconf 77' lang='lat' dir='ltr'><strong>dextera</strong></span> <span class='ocrx_word' id='word_1_380' title='bbox 2208 2969 2291 3014; x_wconf 90' lang='lat' dir='ltr'><strong>est</strong></span> <span class='ocrx_word' id='word_1_381' title='bbox 2324 2957 2522 3013; x_wconf 86' lang='lat' dir='ltr'><strong>Patris.</strong></span> <span class='ocrx_word' id='word_1_382' title='bbox 2574 2957 2728 3024; x_wconf 88' lang='lat' dir='ltr'><strong>Quod</strong></span> <span class='ocrx_word' id='word_1_383' title='bbox 2776 2969 2959 3014; x_wconf 90' lang='lat' dir='ltr'><strong>autem</strong></span> <span class='ocrx_word' id='word_1_384' title='bbox 2998 2976 3188 3016; x_wconf 80' lang='lat' dir='ltr'><strong>verum</strong></span> <span class='ocrx_word' id='word_1_385' title='bbox 3242 2960 3297 3015; x_wconf 80' lang='lat' dir='ltr'><strong>id</strong></span> <span class='ocrx_word' id='word_1_386' title='bbox 3339 2961 3431 3026; x_wconf 86' lang='lat' dir='ltr'><strong>sit,</strong></span> 
     </span>
    </p>
   </div>
   <div class='ocr_carea' id='block_1_57' title="bbox 1858 3050 3431 3123">
    <p class='ocr_par' dir='ltr' id='par_1_57' title="bbox 1858 3050 3431 3123">
     <span class='ocr_line' id='line_1_57' title="bbox 1858 3050 3431 3123; baseline 0 -17"><span class='ocrx_word' id='word_1_387' title='bbox 1858 3052 2037 3121; x_wconf 86' lang='lat' dir='ltr'><strong>palam</strong></span> <span class='ocrx_word' id='word_1_388' title='bbox 2077 3060 2161 3107; x_wconf 90' lang='lat' dir='ltr'><strong>est</strong></span> <span class='ocrx_word' id='word_1_389' title='bbox 2196 3067 2260 3106; x_wconf 84' lang='lat' dir='ltr'><strong>ex</strong></span> <span class='ocrx_word' id='word_1_390' title='bbox 2294 3050 2607 3120; x_wconf 80' lang='lat' dir='ltr'><strong>linjusmodi</strong></span> <span class='ocrx_word' id='word_1_391' title='bbox 2645 3051 2834 3106; x_wconf 89' lang='lat' dir='ltr'><strong>dicto:</strong></span> <span class='ocrx_word' id='word_1_392' title='bbox 2870 3050 2975 3117; x_wconf 83' lang='lat' dir='ltr'><strong>Qui</strong></span> <span class='ocrx_word' id='word_1_393' title='bbox 3022 3052 3431 3123; x_wconf 79' lang='lat' dir='ltr'><strong>transformabit</strong></span> 
     </span>
    </p>
   </div>
   <div class='ocr_carea' id='block_1_58' title="bbox 1857 3144 3434 3217">
    <p class='ocr_par' dir='ltr' id='par_1_58' title="bbox 1857 3144 3434 3217">
     <span class='ocr_line' id='line_1_58' title="bbox 1857 3144 3434 3217; baseline 0.001 -18"><span class='ocrx_word' id='word_1_394' title='bbox 1857 3145 2086 3215; x_wconf 78' lang='lat' dir='ltr'><strong>formam</strong></span> <span class='ocrx_word' id='word_1_395' title='bbox 2104 3144 2422 3199; x_wconf 74' lang='lat' dir='ltr'><strong>humilitatis</strong></span> <span class='ocrx_word' id='word_1_396' title='bbox 2452 3158 2652 3202; x_wconf 67' lang='lat' dir='ltr'><strong>nostra</strong></span> <span class='ocrx_word' id='word_1_397' title='bbox 2674 3147 3062 3217; x_wconf 75' lang='lat' dir='ltr'><strong>conﬁguratam</strong></span> <span class='ocrx_word' id='word_1_398' title='bbox 3086 3149 3294 3217; x_wconf 84' lang='lat' dir='ltr'><strong>corpori</strong></span> <span class='ocrx_word' id='word_1_399' title='bbox 3322 3147 3434 3200; x_wconf 84' lang='lat' dir='ltr'><strong>cla-</strong></span> 
     </span>
    </p>
   </div>
   <div class='ocr_carea' id='block_1_59' title="bbox 178 3238 2271 3327">
    <p class='ocr_par' dir='ltr' id='par_1_59' title="bbox 178 3238 2271 3327">
     <span class='ocr_line' id='line_1_59' title="bbox 178 3238 2271 3327; baseline 0.001 -33"><span class='ocrx_word' id='word_1_400' title='bbox 178 3239 510 3307; x_wconf 68' lang='grc' dir='ltr'>ιεινώσεως</span> <span class='ocrx_word' id='word_1_401' title='bbox 546 3240 719 3311; x_wconf 76' lang='grc' dir='ltr'>ἡμῶν</span> <span class='ocrx_word' id='word_1_402' title='bbox 753 3242 1109 3312; x_wconf 64' lang='grc' dir='ltr'>σύμμορφον</span> <span class='ocrx_word' id='word_1_403' title='bbox 1145 3242 1226 3308; x_wconf 84' lang='grc' dir='ltr'>τῷ</span> <span class='ocrx_word' id='word_1_404' title='bbox 1267 3245 1490 3314; x_wconf 81' lang='grc' dir='ltr'>σώματι</span> <span class='ocrx_word' id='word_1_405' title='bbox 1524 3242 1632 3312; x_wconf 82' lang='grc' dir='ltr'>τῆς</span> <span class='ocrx_word' id='word_1_406' title='bbox 1660 3243 1756 3299; x_wconf 80' lang='grc' dir='ltr'><strong>δό-</strong></span> <span class='ocrx_word' id='word_1_407' title='bbox 1782 3270 1826 3327; x_wconf 77' lang='lat' dir='ltr'><strong>c</strong></span> <span class='ocrx_word' id='word_1_408' title='bbox 1857 3238 2040 3291; x_wconf 71' lang='grc' dir='ltr'>τίιαιὶι</span> <span class='ocrx_word' id='word_1_409' title='bbox 2066 3238 2180 3308; x_wconf 66' lang='lat' dir='ltr'><strong>eius</strong></span> <span class='ocrx_word' id='word_1_410' title='bbox 2203 3238 2271 3291; x_wconf 80' lang='lat'><strong>&quot;-</strong></span> 
     </span>
    </p>
   </div>
   <div class='ocr_carea' id='block_1_60' title="bbox 179 3332 523 3401">
    <p class='ocr_par' dir='ltr' id='par_1_60' title="bbox 179 3332 523 3401">
     <span class='ocr_line' id='line_1_60' title="bbox 179 3332 523 3401; baseline 0.006 -14"><span class='ocrx_word' id='word_1_411' title='bbox 179 3332 286 3401; x_wconf 79' lang='grc' dir='ltr'>εης</span> <span class='ocrx_word' id='word_1_412' title='bbox 310 3334 523 3389; x_wconf 85' lang='grc' dir='ltr'>αὑτοῦ.</span> 
     </span>
    </p>
   </div>
   <div class='ocr_carea' id='block_1_61' title="bbox 550 3424 1375 3495">
    <p class='ocr_par' dir='ltr' id='par_1_61' title="bbox 550 3424 1375 3495">
     <span class='ocr_line' id='line_1_61' title="bbox 550 3424 1375 3495; baseline -0.002 -13"><span class='ocrx_word' id='word_1_413' title='bbox 550 3425 873 3495; x_wconf 78' lang='grc' dir='ltr'>Προσευχὴ</span> <span class='ocrx_word' id='word_1_414' title='bbox 905 3425 986 3491; x_wconf 84' lang='grc' dir='ltr'>τῷ</span> <span class='ocrx_word' id='word_1_415' title='bbox 1024 3424 1223 3480; x_wconf 81' lang='grc' dir='ltr'>Δαυτδ.</span> <span class='ocrx_word' id='word_1_416' title='bbox 1255 3427 1375 3493; x_wconf 66' lang='grc' dir='ltr'><strong>ΚΤ.</strong></span> 
     </span>
    </p>
   </div>
   <div class='ocr_carea' id='block_1_62' title="bbox 794 3518 1135 3585">
    <p class='ocr_par' dir='ltr' id='par_1_62' title="bbox 794 3518 1135 3585">
     <span class='ocr_line' id='line_1_62' title="bbox 794 3518 1135 3585; baseline -0.003 -13"><span class='ocrx_word' id='word_1_417' title='bbox 794 3518 807 3536; x_wconf 88' lang='grc'><em>⁴</em></span> <span class='ocrx_word' id='word_1_418' title='bbox 820 3520 1135 3585; x_wconf 72' lang='grc' dir='ltr'>Υπόθεσις.</span> 
     </span>
    </p>
   </div>
   <div class='ocr_carea' id='block_1_63' title="bbox 181 3602 1753 3679">
    <p class='ocr_par' dir='ltr' id='par_1_63' title="bbox 181 3602 1753 3679">
     <span class='ocr_line' id='line_1_63' title="bbox 181 3602 1753 3679; baseline -0.001 -19"><span class='ocrx_word' id='word_1_419' title='bbox 181 3604 391 3676; x_wconf 77' lang='grc' dir='ltr'>’ᾼδεται</span> <span class='ocrx_word' id='word_1_420' title='bbox 459 3609 493 3661; x_wconf 90' lang='lat'><strong>6</strong></span> <span class='ocrx_word' id='word_1_421' title='bbox 548 3604 765 3677; x_wconf 75' lang='grc' dir='ltr'>ψαλμδς</span> <span class='ocrx_word' id='word_1_422' title='bbox 823 3605 889 3659; x_wconf 75' lang='grc' dir='ltr'>ὲκ</span> <span class='ocrx_word' id='word_1_423' title='bbox 923 3604 1218 3679; x_wconf 82' lang='grc' dir='ltr'>προσώπου</span> <span class='ocrx_word' id='word_1_424' title='bbox 1278 3603 1373 3658; x_wconf 79' lang='grc' dir='ltr'>τοῦ</span> <span class='ocrx_word' id='word_1_425' title='bbox 1423 3604 1567 3660; x_wconf 79' lang='grc' dir='ltr'>κατὰ</span> <span class='ocrx_word' id='word_1_426' title='bbox 1621 3602 1753 3659; x_wconf 82' lang='grc' dir='ltr'>Θεὸν</span> 
     </span>
    </p>
   </div>
   <div class='ocr_carea' id='block_1_64' title="bbox 817 3699 1045 3754">
    <p class='ocr_par' dir='ltr' id='par_1_64' title="bbox 817 3699 1045 3754">
     <span class='ocr_line' id='line_1_64' title="bbox 817 3699 1045 3754; baseline 0.004 -1"><span class='ocrx_word' id='word_1_427' title='bbox 817 3699 1045 3754; x_wconf 85' lang='grc' dir='ltr'>τελείου.</span> 
     </span>
    </p>
   </div>
   <div class='ocr_carea' id='block_1_65' title="bbox 246 3788 1752 3861">
    <p class='ocr_par' dir='ltr' id='par_1_65' title="bbox 246 3788 1752 3861">
     <span class='ocr_line' id='line_1_65' title="bbox 246 3788 1752 3861; baseline -0.003 -15"><span class='ocrx_word' id='word_1_428' title='bbox 246 3793 653 3856; x_wconf 74' lang='grc' dir='ltr'>Βίσὰιιουσον,</span> <span class='ocrx_word' id='word_1_429' title='bbox 690 3792 886 3860; x_wconf 79' lang='grc' dir='ltr'>Κύριε,</span> <span class='ocrx_word' id='word_1_430' title='bbox 921 3790 1323 3859; x_wconf 79' lang='grc' dir='ltr'>δικαιοσύνην</span> <span class='ocrx_word' id='word_1_431' title='bbox 1357 3806 1498 3859; x_wconf 88' lang='grc' dir='ltr'>μου.</span> <span class='ocrx_word' id='word_1_432' title='bbox 1546 3788 1752 3861; x_wconf 75' lang='grc' dir='ltr'>Πολλῆς</span> 
     </span>
    </p>
   </div>
   <div class='ocr_carea' id='block_1_66' title="bbox 178 3882 1746 3959">
    <p class='ocr_par' dir='ltr' id='par_1_66' title="bbox 178 3882 1746 3959">
     <span class='ocr_line' id='line_1_66' title="bbox 178 3882 1746 3959; baseline -0.001 -21"><span class='ocrx_word' id='word_1_433' title='bbox 178 3885 546 3959; x_wconf 76' lang='grc' dir='ltr'>πεποιθήσεως</span> <span class='ocrx_word' id='word_1_434' title='bbox 571 3888 600 3940; x_wconf 91' lang='lat'><strong>6</strong></span> <span class='ocrx_word' id='word_1_435' title='bbox 624 3886 783 3955; x_wconf 79' lang='grc' dir='ltr'>λόγος</span> <span class='ocrx_word' id='word_1_436' title='bbox 818 3886 1013 3957; x_wconf 82' lang='grc' dir='ltr'>μεστός</span> <span class='ocrx_word' id='word_1_437' title='bbox 1034 3899 1047 3915; x_wconf 82' lang='grc'>⁶</span> <span class='ocrx_word' id='word_1_438' title='bbox 1096 3882 1159 3939; x_wconf 79' lang='grc' dir='ltr'>τὸ</span> <span class='ocrx_word' id='word_1_439' title='bbox 1189 3884 1301 3956; x_wconf 76' lang='grc' dir='ltr'><strong>γὰρ</strong></span> <span class='ocrx_word' id='word_1_440' title='bbox 1337 3885 1436 3955; x_wconf 79' lang='grc' dir='ltr'><strong>τῆς</strong></span> <span class='ocrx_word' id='word_1_441' title='bbox 1472 3883 1746 3937; x_wconf 79' lang='grc' dir='ltr'>δικαιοσύ-</span> 
     </span>
    </p>
   </div>
   <div class='ocr_carea' id='block_1_67' title="bbox 178 3974 1747 4050">
    <p class='ocr_par' dir='ltr' id='par_1_67' title="bbox 178 3974 1747 4050">
     <span class='ocr_line' id='line_1_67' title="bbox 178 3974 1747 4050; baseline -0.005 -16"><span class='ocrx_word' id='word_1_442' title='bbox 178 3993 270 4050; x_wconf 83' lang='grc' dir='ltr'><strong>νης</strong></span> <span class='ocrx_word' id='word_1_443' title='bbox 302 3978 540 4034; x_wconf 74' lang='grc' dir='ltr'>ἐνταῦθα</span> <span class='ocrx_word' id='word_1_444' title='bbox 568 3979 668 4050; x_wconf 82' lang='grc' dir='ltr'>οὐχ</span> <span class='ocrx_word' id='word_1_445' title='bbox 709 3978 786 4042; x_wconf 87' lang='grc' dir='ltr'>ὠς</span> <span class='ocrx_word' id='word_1_446' title='bbox 832 3976 1182 4049; x_wconf 78' lang='grc' dir='ltr'>καυχώμενος</span> <span class='ocrx_word' id='word_1_447' title='bbox 1215 4015 1230 4043; x_wconf 97' lang='grc'><strong>,</strong></span> <span class='ocrx_word' id='word_1_448' title='bbox 1278 3975 1385 4030; x_wconf 79' lang='grc' dir='ltr'>οὐδ’</span> <span class='ocrx_word' id='word_1_449' title='bbox 1422 3974 1499 4039; x_wconf 86' lang='grc' dir='ltr'>ὡς</span> <span class='ocrx_word' id='word_1_450' title='bbox 1541 3974 1747 4028; x_wconf 88' lang='grc' dir='ltr'>δίκαιον</span> 
     </span>
    </p>
   </div>
   <div class='ocr_carea' id='block_1_68' title="bbox 176 4066 1750 4141">
    <p class='ocr_par' dir='ltr' id='par_1_68' title="bbox 176 4066 1750 4141">
     <span class='ocr_line' id='line_1_68' title="bbox 176 4066 1750 4141; baseline -0.004 -15"><span class='ocrx_word' id='word_1_451' title='bbox 176 4071 358 4126; x_wconf 74' lang='grc' dir='ltr'>ἑαυτὸν</span> <span class='ocrx_word' id='word_1_452' title='bbox 385 4072 708 4141; x_wconf 67' lang='grc' dir='ltr'>ἀποςοαίνων</span> <span class='ocrx_word' id='word_1_453' title='bbox 758 4088 771 4101; x_wconf 71' lang='grc' dir='ltr'><strong>ο</strong></span> <span class='ocrx_word' id='word_1_454' title='bbox 808 4070 921 4124; x_wconf 86' lang='grc' dir='ltr'>ἀλλ’</span> <span class='ocrx_word' id='word_1_455' title='bbox 955 4071 1076 4125; x_wconf 75' lang='grc' dir='ltr'>ἀντὶ</span> <span class='ocrx_word' id='word_1_456' title='bbox 1114 4069 1229 4133; x_wconf 84' lang='grc' dir='ltr'>τοῦ,</span> <span class='ocrx_word' id='word_1_457' title='bbox 1276 4068 1513 4130; x_wconf 85' lang='grc' dir='ltr'>Δικαίως</span> <span class='ocrx_word' id='word_1_458' title='bbox 1545 4066 1750 4121; x_wconf 71' lang='grc' dir='ltr'>αἰτοῦν-</span> 
     </span>
    </p>
   </div>
   <div class='ocr_carea' id='block_1_69' title="bbox 177 4160 1748 4238">
    <p class='ocr_par' dir='ltr' id='par_1_69' title="bbox 177 4160 1748 4238">
     <span class='ocr_line' id='line_1_69' title="bbox 177 4160 1748 4238; baseline -0.003 -21"><span class='ocrx_word' id='word_1_459' title='bbox 177 4181 262 4229; x_wconf 75' lang='grc' dir='ltr'><strong>τος</strong></span> <span class='ocrx_word' id='word_1_460' title='bbox 295 4165 394 4238; x_wconf 79' lang='grc' dir='ltr'>τὴν</span> <span class='ocrx_word' id='word_1_461' title='bbox 443 4164 600 4237; x_wconf 70' lang='grc' dir='ltr'>παρὰ</span> <span class='ocrx_word' id='word_1_462' title='bbox 633 4162 727 4218; x_wconf 80' lang='grc' dir='ltr'>σοῦ</span> <span class='ocrx_word' id='word_1_463' title='bbox 764 4162 1036 4235; x_wconf 82' lang='grc' dir='ltr'>βοήθειαν,</span> <span class='ocrx_word' id='word_1_464' title='bbox 1098 4164 1192 4217; x_wconf 76' lang='grc' dir='ltr'><strong>καὶ</strong></span> <span class='ocrx_word' id='word_1_465' title='bbox 1243 4161 1522 4227; x_wconf 81' lang='grc' dir='ltr'>ἀξιοῦντος</span> <span class='ocrx_word' id='word_1_466' title='bbox 1568 4160 1748 4213; x_wconf 81' lang='grc' dir='ltr'>ἀπαλ-</span> 
     </span>
    </p>
   </div>
   <div class='ocr_carea' id='block_1_70' title="bbox 2343 3419 2954 3478">
    <p class='ocr_par' dir='ltr' id='par_1_70' title="bbox 2343 3419 2954 3478">
     <span class='ocr_line' id='line_1_70' title="bbox 2343 3419 2954 3478; baseline 0.002 -2"><span class='ocrx_word' id='word_1_467' title='bbox 2343 3420 2534 3478; x_wconf 88' lang='lat' dir='ltr'><strong>Oratio</strong></span> <span class='ocrx_word' id='word_1_468' title='bbox 2568 3422 2755 3477; x_wconf 80' lang='lat' dir='ltr'><strong>David.</strong></span> <span class='ocrx_word' id='word_1_469' title='bbox 2788 3419 2954 3477; x_wconf 76' lang='lat' dir='ltr'><strong>XVI.</strong></span> 
     </span>
    </p>
   </div>
   <div class='ocr_carea' id='block_1_71' title="bbox 2436 3516 2842 3586">
    <p class='ocr_par' dir='ltr' id='par_1_71' title="bbox 2436 3516 2842 3586">
     <span class='ocr_line' id='line_1_71' title="bbox 2436 3516 2842 3586; baseline 0.005 -19"><span class='ocrx_word' id='word_1_470' title='bbox 2436 3516 2842 3586; x_wconf 79' lang='lat' dir='ltr'><strong>Argumentum.</strong></span> 
     </span>
    </p>
   </div>
   <div class='ocr_carea' id='block_1_72' title="bbox 1854 3606 3432 3679">
    <p class='ocr_par' dir='ltr' id='par_1_72' title="bbox 1854 3606 3432 3679">
     <span class='ocr_line' id='line_1_72' title="bbox 1854 3606 3432 3679; baseline -0.001 -17"><span class='ocrx_word' id='word_1_471' title='bbox 1854 3606 1908 3663; x_wconf 74' lang='lat' dir='ltr'><strong>i.</strong></span> <span class='ocrx_word' id='word_1_472' title='bbox 1944 3606 2174 3663; x_wconf 87' lang='lat' dir='ltr'><strong>Canitur</strong></span> <span class='ocrx_word' id='word_1_473' title='bbox 2208 3607 2300 3663; x_wconf 87' lang='lat' dir='ltr'><strong>hic</strong></span> <span class='ocrx_word' id='word_1_474' title='bbox 2325 3607 2575 3679; x_wconf 85' lang='lat' dir='ltr'><strong>psalmus</strong></span> <span class='ocrx_word' id='word_1_475' title='bbox 2607 3623 2671 3662; x_wconf 83' lang='lat' dir='ltr'><strong>ex</strong></span> <span class='ocrx_word' id='word_1_476' title='bbox 2703 3622 2936 3677; x_wconf 86' lang='lat' dir='ltr'><strong>persona</strong></span> <span class='ocrx_word' id='word_1_477' title='bbox 2962 3607 3203 3663; x_wconf 86' lang='lat' dir='ltr'><strong>hominis</strong></span> <span class='ocrx_word' id='word_1_478' title='bbox 3233 3622 3432 3662; x_wconf 88' lang='lat' dir='ltr'><strong>secun-</strong></span> 
     </span>
    </p>
   </div>
   <div class='ocr_carea' id='block_1_73' title="bbox 2382 3699 2995 3770">
    <p class='ocr_par' dir='ltr' id='par_1_73' title="bbox 2382 3699 2995 3770">
     <span class='ocr_line' id='line_1_73' title="bbox 2382 3699 2995 3770; baseline -0.002 -15"><span class='ocrx_word' id='word_1_479' title='bbox 2382 3701 2510 3755; x_wconf 90' lang='lat' dir='ltr'><strong>dum</strong></span> <span class='ocrx_word' id='word_1_480' title='bbox 2542 3699 2712 3755; x_wconf 87' lang='lat' dir='ltr'><strong>Deum</strong></span> <span class='ocrx_word' id='word_1_481' title='bbox 2748 3699 2995 3770; x_wconf 81' lang='lat' dir='ltr'><strong>perfecti.</strong></span> 
     </span>
    </p>
   </div>
   <div class='ocr_carea' id='block_1_74' title="bbox 1923 3790 3429 3863">
    <p class='ocr_par' dir='ltr' id='par_1_74' title="bbox 1923 3790 3429 3863">
     <span class='ocr_line' id='line_1_74' title="bbox 1923 3790 3429 3863; baseline -0.001 -15"><span class='ocrx_word' id='word_1_482' title='bbox 1923 3792 2175 3858; x_wconf 75' lang='lat' dir='ltr'><strong>Exaudi,</strong></span> <span class='ocrx_word' id='word_1_483' title='bbox 2211 3793 2452 3861; x_wconf 72' lang='lat' dir='ltr'><strong>Domine,</strong></span> <span class='ocrx_word' id='word_1_484' title='bbox 2479 3793 2753 3863; x_wconf 80' lang='lat' dir='ltr'><strong>justitiam</strong></span> <span class='ocrx_word' id='word_1_485' title='bbox 2783 3809 2973 3846; x_wconf 85' lang='lat' dir='ltr'><strong>meam.</strong></span> <span class='ocrx_word' id='word_1_486' title='bbox 3012 3790 3203 3861; x_wconf 78' lang='lat' dir='ltr'><strong>Magna</strong></span> <span class='ocrx_word' id='word_1_487' title='bbox 3234 3792 3429 3862; x_wconf 85' lang='lat' dir='ltr'><strong>plenus</strong></span> 
     </span>
    </p>
   </div>
   <div class='ocr_carea' id='block_1_75' title="bbox 1853 3884 3428 3955">
    <p class='ocr_par' dir='ltr' id='par_1_75' title="bbox 1853 3884 3428 3955">
     <span class='ocr_line' id='line_1_75' title="bbox 1853 3884 3428 3955; baseline -0.002 -12"><span class='ocrx_word' id='word_1_488' title='bbox 1853 3887 2048 3943; x_wconf 77' lang='lat' dir='ltr'><strong>fiducia</strong></span> <span class='ocrx_word' id='word_1_489' title='bbox 2084 3902 2266 3941; x_wconf 82' lang='lat' dir='ltr'><strong>sermo</strong></span> <span class='ocrx_word' id='word_1_490' title='bbox 2308 3905 2322 3939; x_wconf 91' lang='lat'><strong>:</strong></span> <span class='ocrx_word' id='word_1_491' title='bbox 2355 3902 2478 3940; x_wconf 90' lang='lat' dir='ltr'><strong>nam</strong></span> <span class='ocrx_word' id='word_1_492' title='bbox 2508 3886 2654 3955; x_wconf 90' lang='lat' dir='ltr'><strong>quod</strong></span> <span class='ocrx_word' id='word_1_493' title='bbox 2690 3885 2777 3939; x_wconf 90' lang='lat' dir='ltr'><strong>hic</strong></span> <span class='ocrx_word' id='word_1_494' title='bbox 2804 3884 3076 3953; x_wconf 88' lang='lat' dir='ltr'><strong>justitiam</strong></span> <span class='ocrx_word' id='word_1_495' title='bbox 3111 3900 3267 3940; x_wconf 88' lang='lat' dir='ltr'><strong>suam</strong></span> <span class='ocrx_word' id='word_1_496' title='bbox 3311 3900 3428 3940; x_wconf 88' lang='lat' dir='ltr'><strong>tne-</strong></span> 
     </span>
    </p>
   </div>
   <div class='ocr_carea' id='block_1_76' title="bbox 1854 3974 3423 4047">
    <p class='ocr_par' dir='ltr' id='par_1_76' title="bbox 1854 3974 3423 4047">
     <span class='ocr_line' id='line_1_76' title="bbox 1854 3974 3423 4047; baseline -0.002 -13"><span class='ocrx_word' id='word_1_497' title='bbox 1854 3989 2062 4045; x_wconf 90' lang='lat' dir='ltr'><strong>morat,</strong></span> <span class='ocrx_word' id='word_1_498' title='bbox 2100 3993 2208 4033; x_wconf 91' lang='lat' dir='ltr'><strong>non</strong></span> <span class='ocrx_word' id='word_1_499' title='bbox 2248 3977 2653 4047; x_wconf 74' lang='lat' dir='ltr'><strong>iactabundus,</strong></span> <span class='ocrx_word' id='word_1_500' title='bbox 2703 3990 2804 4030; x_wconf 88' lang='lat' dir='ltr'><strong>nec</strong></span> <span class='ocrx_word' id='word_1_501' title='bbox 2831 3990 2941 4045; x_wconf 89' lang='lat' dir='ltr'><strong>quo</strong></span> <span class='ocrx_word' id='word_1_502' title='bbox 2972 3991 3031 4030; x_wconf 89' lang='lat' dir='ltr'><strong>se</strong></span> <span class='ocrx_word' id='word_1_503' title='bbox 3057 3974 3269 4045; x_wconf 89' lang='lat' dir='ltr'><strong>justum</strong></span> <span class='ocrx_word' id='word_1_504' title='bbox 3299 3991 3423 4033; x_wconf 86' lang='lat' dir='ltr'><strong>esse</strong></span> 
     </span>
    </p>
   </div>
   <div class='ocr_carea' id='block_1_77' title="bbox 1851 4064 3425 4141">
    <p class='ocr_par' dir='ltr' id='par_1_77' title="bbox 1851 4064 3425 4141">
     <span class='ocr_line' id='line_1_77' title="bbox 1851 4064 3425 4141; baseline -0.003 -16"><span class='ocrx_word' id='word_1_505' title='bbox 1851 4071 2136 4141; x_wconf 68' lang='lat' dir='ltr'><strong>praedicet,</strong></span> <span class='ocrx_word' id='word_1_506' title='bbox 2180 4069 2251 4123; x_wconf 91' lang='lat' dir='ltr'><strong>ita</strong></span> <span class='ocrx_word' id='word_1_507' title='bbox 2285 4068 2565 4138; x_wconf 87' lang='lat' dir='ltr'><strong>loquitur;</strong></span> <span class='ocrx_word' id='word_1_508' title='bbox 2619 4067 2711 4122; x_wconf 88' lang='lat' dir='ltr'><strong>sed</strong></span> <span class='ocrx_word' id='word_1_509' title='bbox 2740 4066 2893 4137; x_wconf 90' lang='lat' dir='ltr'><strong>quasi</strong></span> <span class='ocrx_word' id='word_1_510' title='bbox 2922 4066 3068 4123; x_wconf 87' lang='lat' dir='ltr'><strong>dicat</strong></span> <span class='ocrx_word' id='word_1_511' title='bbox 3094 4084 3107 4121; x_wconf 90' lang='lat'><strong>:</strong></span> <span class='ocrx_word' id='word_1_512' title='bbox 3136 4064 3290 4121; x_wconf 82' lang='lat' dir='ltr'><strong>Justc</strong></span> <span class='ocrx_word' id='word_1_513' title='bbox 3318 4067 3425 4121; x_wconf 84' lang='lat' dir='ltr'><strong>im-</strong></span> 
     </span>
    </p>
   </div>
   <div class='ocr_carea' id='block_1_78' title="bbox 1851 4163 3427 4236">
    <p class='ocr_par' dir='ltr' id='par_1_78' title="bbox 1851 4163 3427 4236">
     <span class='ocr_line' id='line_1_78' title="bbox 1851 4163 3427 4236; baseline -0.001 -18"><span class='ocrx_word' id='word_1_514' title='bbox 1851 4166 2152 4236; x_wconf 87' lang='lat' dir='ltr'><strong>plorantem</strong></span> <span class='ocrx_word' id='word_1_515' title='bbox 2186 4164 2450 4217; x_wconf 80' lang='lat' dir='ltr'><strong>auxilium</strong></span> <span class='ocrx_word' id='word_1_516' title='bbox 2479 4172 2653 4229; x_wconf 87' lang='lat' dir='ltr'><strong>tuum,</strong></span> <span class='ocrx_word' id='word_1_517' title='bbox 2686 4178 2750 4216; x_wconf 93' lang='lat' dir='ltr'><strong>ac</strong></span> <span class='ocrx_word' id='word_1_518' title='bbox 2782 4169 3063 4232; x_wconf 78' lang='lat' dir='ltr'><strong>rogantem</strong></span> <span class='ocrx_word' id='word_1_519' title='bbox 3097 4163 3215 4216; x_wconf 88' lang='lat' dir='ltr'><strong>erui</strong></span> <span class='ocrx_word' id='word_1_520' title='bbox 3245 4163 3315 4217; x_wconf 90' lang='lat' dir='ltr'><strong>ab</strong></span> <span class='ocrx_word' id='word_1_521' title='bbox 3343 4163 3427 4217; x_wconf 88' lang='lat' dir='ltr'><strong>in—</strong></span> 
     </span>
    </p>
   </div>
   <div class='ocr_carea' id='block_1_79' title="bbox 178 4250 1755 4340">
    <p class='ocr_par' dir='ltr' id='par_1_79' title="bbox 178 4250 1747 4340">
     <span class='ocr_line' id='line_1_79' title="bbox 178 4250 1747 4340; baseline -0.003 -30"><span class='ocrx_word' id='word_1_522' title='bbox 178 4253 399 4340; x_wconf 70' lang='grc' dir='ltr'>λαγῆναι</span> <span class='ocrx_word' id='word_1_523' title='bbox 427 4250 507 4310; x_wconf 81' lang='grc' dir='ltr'>ὧν</span> <span class='ocrx_word' id='word_1_524' title='bbox 543 4255 746 4319; x_wconf 82' lang='grc' dir='ltr'>ἀδίκως</span> <span class='ocrx_word' id='word_1_525' title='bbox 783 4254 1064 4327; x_wconf 80' lang='grc' dir='ltr'>ὑπομένει,</span> <span class='ocrx_word' id='word_1_526' title='bbox 1098 4256 1275 4324; x_wconf 83' lang='grc' dir='ltr'>μάτην</span> <span class='ocrx_word' id='word_1_527' title='bbox 1314 4253 1421 4308; x_wconf 75' lang='grc' dir='ltr'><strong>ὑπὸ</strong></span> <span class='ocrx_word' id='word_1_528' title='bbox 1449 4253 1540 4307; x_wconf 71' lang='grc' dir='ltr'>τοῦ</span> <span class='ocrx_word' id='word_1_529' title='bbox 1574 4252 1747 4306; x_wconf 71' lang='grc' dir='ltr'>Σαοὺλ</span> 
     </span>
    </p>
   </div>
   <div class='ocr_carea' id='block_1_80' title="bbox 1858 4250 3421 4340">
    <p class='ocr_par' dir='ltr' id='par_1_80' title="bbox 1858 4256 3421 4329">
     <span class='ocr_line' id='line_1_80' title="bbox 1858 4256 3421 4329; baseline 0 -18"><span class='ocrx_word' id='word_1_530' title='bbox 1858 4259 2009 4327; x_wconf 80' lang='lat' dir='ltr'><strong>iuriis</strong></span> <span class='ocrx_word' id='word_1_531' title='bbox 2042 4268 2400 4329; x_wconf 84' lang='lat' dir='ltr'><strong>persequente</strong></span> <span class='ocrx_word' id='word_1_532' title='bbox 2431 4256 2593 4311; x_wconf 80' lang='lat' dir='ltr'><strong>Saule</strong></span> <span class='ocrx_word' id='word_1_533' title='bbox 2637 4256 2838 4319; x_wconf 84' lang='lat' dir='ltr'><strong>illatis,</strong></span> <span class='ocrx_word' id='word_1_534' title='bbox 2892 4256 3091 4311; x_wconf 75' lang='lat' dir='ltr'><strong>exaudi</strong></span> <span class='ocrx_word' id='word_1_535' title='bbox 3137 4265 3192 4311; x_wconf 84' lang='lat' dir='ltr'><strong>et</strong></span> <span class='ocrx_word' id='word_1_536' title='bbox 3228 4267 3421 4327; x_wconf 84' lang='lat' dir='ltr'><strong>postu-</strong></span> 
     </span>
    </p>
   </div>
   <div class='ocr_carea' id='block_1_81' title="bbox 178 4342 1746 4418">
    <p class='ocr_par' dir='ltr' id='par_1_81' title="bbox 178 4342 1746 4418">
     <span class='ocr_line' id='line_1_81' title="bbox 178 4342 1746 4418; baseline -0.003 -19"><span class='ocrx_word' id='word_1_537' title='bbox 178 4345 519 4418; x_wconf 78' lang='grc' dir='ltr'>διωκόμενος,</span> <span class='ocrx_word' id='word_1_538' title='bbox 565 4346 661 4400; x_wconf 75' lang='grc' dir='ltr'><strong>καὶ</strong></span> <span class='ocrx_word' id='word_1_539' title='bbox 703 4345 992 4411; x_wconf 78' lang='grc' dir='ltr'>ὲξάκουσον</span> <span class='ocrx_word' id='word_1_540' title='bbox 1034 4345 1130 4399; x_wconf 73' lang='grc' dir='ltr'><strong>καὶ</strong></span> <span class='ocrx_word' id='word_1_541' title='bbox 1178 4344 1461 4417; x_wconf 78' lang='grc' dir='ltr'>παράσχου</span> <span class='ocrx_word' id='word_1_542' title='bbox 1510 4344 1611 4414; x_wconf 82' lang='grc' dir='ltr'>τὴν</span> <span class='ocrx_word' id='word_1_543' title='bbox 1660 4342 1746 4396; x_wconf 78' lang='grc' dir='ltr'><strong>αἴ-</strong></span> 
     </span>
    </p>
   </div>
   <div class='ocr_carea' id='block_1_82' title="bbox 248 4456 341 4494">
    <p class='ocr_par' dir='ltr' id='par_1_82' title="bbox 248 4456 341 4494">
     <span class='ocr_line' id='line_1_82' title="bbox 248 4456 341 4494; baseline -0.011 0"><span class='ocrx_word' id='word_1_544' title='bbox 248 4456 341 4494; x_wconf 68' lang='grc' dir='ltr'>τιν.</span> 
     </span>
    </p>
   </div>
   <div class='ocr_carea' id='block_1_83' title="bbox 178 4455 1745 4601">
    <p class='ocr_par' dir='ltr' id='par_1_83' title="bbox 178 4455 1745 4601">
     <span class='ocr_line' id='line_1_83' title="bbox 248 4456 341 4494; baseline -0.011 0"><span class='ocrx_word' id='word_1_545' title='bbox 248 4456 341 4494; x_wconf 72' lang='grc' dir='ltr'>σιν.</span> 
     </span>
     <span class='ocr_line' id='line_1_84' title="bbox 178 4455 1745 4601; baseline -0.005 -14"><span class='ocrx_word' id='word_1_546' title='bbox 178 4455 565 4588; x_wconf 50' lang='lat' dir='ltr'><strong>miniaceam</strong></span> <span class='ocrx_word' id='word_1_547' title='bbox 597 4529 714 4600; x_wconf 80' lang='grc' dir='ltr'>τὴν</span> <span class='ocrx_word' id='word_1_548' title='bbox 736 4531 1221 4601; x_wconf 73' lang='grc' dir='ltr'>προσευχήνμου</span> <span class='ocrx_word' id='word_1_549' title='bbox 1255 4530 1369 4585; x_wconf 80' lang='grc' dir='ltr'>οὐκ</span> <span class='ocrx_word' id='word_1_550' title='bbox 1395 4526 1468 4582; x_wconf 80' lang='grc' dir='ltr'>ἐν</span> <span class='ocrx_word' id='word_1_551' title='bbox 1511 4526 1745 4595; x_wconf 74' lang='grc' dir='ltr'>χείλεσι</span> 
     </span>
    </p>
   </div>
   <div class='ocr_carea' id='block_1_84' title="bbox 1849 4348 2241 4404">
    <p class='ocr_par' dir='ltr' id='par_1_84' title="bbox 1849 4348 2241 4404">
     <span class='ocr_line' id='line_1_85' title="bbox 1849 4348 2241 4404; baseline -0.005 -1"><span class='ocrx_word' id='word_1_552' title='bbox 1849 4348 1955 4403; x_wconf 90' lang='lat' dir='ltr'><strong>lata</strong></span> <span class='ocrx_word' id='word_1_553' title='bbox 1980 4348 2241 4404; x_wconf 87' lang='lat' dir='ltr'><strong>concede.</strong></span> 
     </span>
    </p>
   </div>
   <div class='ocr_carea' id='block_1_85' title="bbox 1918 4521 3424 4593">
    <p class='ocr_par' dir='ltr' id='par_1_85' title="bbox 1918 4521 3424 4593">
     <span class='ocr_line' id='line_1_86' title="bbox 1918 4521 3424 4593; baseline 0.002 -15"><span class='ocrx_word' id='word_1_554' title='bbox 1918 4521 2149 4578; x_wconf 80' lang='lat' dir='ltr'><strong>Auribus</strong></span> <span class='ocrx_word' id='word_1_555' title='bbox 2171 4537 2378 4593; x_wconf 80' lang='lat' dir='ltr'><strong>percipe</strong></span> <span class='ocrx_word' id='word_1_556' title='bbox 2406 4524 2703 4576; x_wconf 87' lang='lat' dir='ltr'><strong>orationem</strong></span> <span class='ocrx_word' id='word_1_557' title='bbox 2735 4538 2905 4576; x_wconf 86' lang='lat' dir='ltr'><strong>meam</strong></span> <span class='ocrx_word' id='word_1_558' title='bbox 2939 4538 3043 4576; x_wconf 84' lang='lat' dir='ltr'><strong>non</strong></span> <span class='ocrx_word' id='word_1_559' title='bbox 3066 4524 3122 4577; x_wconf 85' lang='lat' dir='ltr'><strong>in</strong></span> <span class='ocrx_word' id='word_1_560' title='bbox 3149 4524 3308 4579; x_wconf 80' lang='lat' dir='ltr'><strong>labiis</strong></span> <span class='ocrx_word' id='word_1_561' title='bbox 3325 4526 3424 4582; x_wconf 74' lang='lat' dir='ltr'><strong>Ilo—</strong></span> 
     </span>
    </p>
   </div>
   <div class='ocr_carea' id='block_1_86' title="bbox 181 4612 1755 4696">
    <p class='ocr_par' dir='ltr' id='par_1_86' title="bbox 181 4616 1741 4696">
     <span class='ocr_line' id='line_1_87' title="bbox 181 4616 1741 4696; baseline -0.002 -22"><span class='ocrx_word' id='word_1_562' title='bbox 181 4619 416 4691; x_wconf 70' lang='grc' dir='ltr'>δολίοις.</span> <span class='ocrx_word' id='word_1_563' title='bbox 449 4622 767 4696; x_wconf 83' lang='grc' dir='ltr'>Προσευχῆς</span> <span class='ocrx_word' id='word_1_564' title='bbox 798 4621 910 4695; x_wconf 74' lang='grc' dir='ltr'><strong>γὰρ</strong></span> <span class='ocrx_word' id='word_1_565' title='bbox 945 4622 1008 4674; x_wconf 83' lang='grc' dir='ltr'><strong>οὐ</strong></span> <span class='ocrx_word' id='word_1_566' title='bbox 1040 4619 1129 4674; x_wconf 79' lang='grc' dir='ltr'>διὰ</span> <span class='ocrx_word' id='word_1_567' title='bbox 1158 4618 1381 4692; x_wconf 82' lang='grc' dir='ltr'>χειλέων</span> <span class='ocrx_word' id='word_1_568' title='bbox 1413 4618 1627 4682; x_wconf 80' lang='grc' dir='ltr'>δολίων,</span> <span class='ocrx_word' id='word_1_569' title='bbox 1654 4616 1741 4672; x_wconf 72' lang='grc' dir='ltr'>διὰ</span> 
     </span>
    </p>
   </div>
   <div class='ocr_carea' id='block_1_87' title="bbox 1858 4612 3421 4696">
    <p class='ocr_par' dir='ltr' id='par_1_87' title="bbox 1858 4613 3421 4685">
     <span class='ocr_line' id='line_1_88' title="bbox 1858 4613 3421 4685; baseline 0 -14"><span class='ocrx_word' id='word_1_570' title='bbox 1858 4617 1996 4673; x_wconf 68' lang='lat' dir='ltr'><strong>locis.</strong></span> <span class='ocrx_word' id='word_1_571' title='bbox 2030 4613 2167 4671; x_wconf 84' lang='lat' dir='ltr'><strong>Nam</strong></span> <span class='ocrx_word' id='word_1_572' title='bbox 2195 4615 2494 4670; x_wconf 85' lang='lat' dir='ltr'><strong>orationem</strong></span> <span class='ocrx_word' id='word_1_573' title='bbox 2538 4630 2645 4669; x_wconf 90' lang='lat' dir='ltr'><strong>non</strong></span> <span class='ocrx_word' id='word_1_574' title='bbox 2697 4614 2858 4670; x_wconf 87' lang='lat' dir='ltr'><strong>labiis</strong></span> <span class='ocrx_word' id='word_1_575' title='bbox 2909 4616 3118 4671; x_wconf 90' lang='lat' dir='ltr'><strong>dolosis</strong></span> <span class='ocrx_word' id='word_1_576' title='bbox 3155 4616 3421 4685; x_wconf 86' lang='lat' dir='ltr'><strong>oblatam,</strong></span> 
     </span>
    </p>
   </div>
   <div class='ocr_carea' id='block_1_88' title="bbox 180 4710 1746 4788">
    <p class='ocr_par' dir='ltr' id='par_1_88' title="bbox 180 4710 1746 4788">
     <span class='ocr_line' id='line_1_89' title="bbox 180 4710 1746 4788; baseline -0.002 -21"><span class='ocrx_word' id='word_1_577' title='bbox 180 4712 230 4767; x_wconf 63' lang='grc' dir='ltr'>δὲ</span> <span class='ocrx_word' id='word_1_578' title='bbox 255 4714 498 4788; x_wconf 79' lang='grc' dir='ltr'>γλώττης</span> <span class='ocrx_word' id='word_1_579' title='bbox 529 4714 973 4786; x_wconf 79' lang='grc' dir='ltr'>κεκαθαρμένης,</span> <span class='ocrx_word' id='word_1_580' title='bbox 1001 4715 1095 4767; x_wconf 76' lang='grc' dir='ltr'><strong>καὶ</strong></span> <span class='ocrx_word' id='word_1_581' title='bbox 1126 4712 1196 4767; x_wconf 74' lang='grc' dir='ltr'>τὰ</span> <span class='ocrx_word' id='word_1_582' title='bbox 1235 4711 1355 4766; x_wconf 79' lang='grc' dir='ltr'>θεῖα</span> <span class='ocrx_word' id='word_1_583' title='bbox 1397 4711 1554 4780; x_wconf 82' lang='grc' dir='ltr'>λόγια</span> <span class='ocrx_word' id='word_1_584' title='bbox 1585 4710 1746 4783; x_wconf 80' lang='grc' dir='ltr'>μελε-</span> 
     </span>
    </p>
   </div>
   <div class='ocr_carea' id='block_1_89' title="bbox 180 4805 1203 4881">
    <p class='ocr_par' dir='ltr' id='par_1_89' title="bbox 180 4805 1203 4881">
     <span class='ocr_line' id='line_1_90' title="bbox 180 4805 1203 4881; baseline 0.002 -22"><span class='ocrx_word' id='word_1_585' title='bbox 180 4809 270 4877; x_wconf 69' lang='grc' dir='ltr'>τᾷν</span> <span class='ocrx_word' id='word_1_586' title='bbox 306 4809 624 4881; x_wconf 76' lang='grc' dir='ltr'>εἰθισμένης</span> <span class='ocrx_word' id='word_1_587' title='bbox 656 4806 969 4873; x_wconf 73' lang='grc' dir='ltr'>ἑνωτίζεται</span> <span class='ocrx_word' id='word_1_588' title='bbox 994 4809 1024 4861; x_wconf 88' lang='lat'><strong>6</strong></span> <span class='ocrx_word' id='word_1_589' title='bbox 1049 4805 1203 4871; x_wconf 85' lang='grc' dir='ltr'>Θεός.</span> 
     </span>
    </p>
   </div>
   <div class='ocr_carea' id='block_1_90' title="bbox 255 4897 1743 4971">
    <p class='ocr_par' dir='ltr' id='par_1_90' title="bbox 255 4897 1743 4971">
     <span class='ocr_line' id='line_1_91' title="bbox 255 4897 1743 4971; baseline -0.005 -14"><span class='ocrx_word' id='word_1_590' title='bbox 255 4902 354 4958; x_wconf 75' lang='grc' dir='ltr'>Ἐκ</span> <span class='ocrx_word' id='word_1_591' title='bbox 383 4902 715 4971; x_wconf 74' lang='grc' dir='ltr'>προσώπου</span> <span class='ocrx_word' id='word_1_592' title='bbox 745 4917 863 4956; x_wconf 88' lang='grc' dir='ltr'><strong>σου</strong></span> <span class='ocrx_word' id='word_1_593' title='bbox 896 4898 962 4954; x_wconf 88' lang='grc' dir='ltr'>τὸ</span> <span class='ocrx_word' id='word_1_594' title='bbox 994 4898 1174 4969; x_wconf 80' lang='grc' dir='ltr'>κρῖμὰ</span> <span class='ocrx_word' id='word_1_595' title='bbox 1198 4914 1319 4969; x_wconf 88' lang='grc' dir='ltr'>μου</span> <span class='ocrx_word' id='word_1_596' title='bbox 1346 4897 1601 4963; x_wconf 70' lang='grc' dir='ltr'>ἐξέλθοι.</span> <span class='ocrx_word' id='word_1_597' title='bbox 1638 4898 1743 4951; x_wconf 88' lang='grc' dir='ltr'><strong>Σα-</strong></span> 
     </span>
    </p>
   </div>
   <div class='ocr_carea' id='block_1_91' title="bbox 184 4990 1746 5065">
    <p class='ocr_par' dir='ltr' id='par_1_91' title="bbox 184 4990 1746 5065">
     <span class='ocr_line' id='line_1_92' title="bbox 184 4990 1746 5065; baseline -0.005 -15"><span class='ocrx_word' id='word_1_598' title='bbox 184 4992 289 5063; x_wconf 59' lang='grc' dir='ltr'>ςμῶς</span> <span class='ocrx_word' id='word_1_599' title='bbox 316 4993 535 5065; x_wconf 71' lang='grc' dir='ltr'>εὔχεται</span> <span class='ocrx_word' id='word_1_600' title='bbox 568 4993 661 5049; x_wconf 78' lang='grc' dir='ltr'><strong>τὸν</strong></span> <span class='ocrx_word' id='word_1_601' title='bbox 700 4991 980 5063; x_wconf 81' lang='grc' dir='ltr'>Μονογενῆ</span> <span class='ocrx_word' id='word_1_602' title='bbox 1024 4991 1217 5064; x_wconf 73' lang='grc' dir='ltr'>κριτὴν</span> <span class='ocrx_word' id='word_1_603' title='bbox 1249 4990 1428 5063; x_wconf 72' lang='grc' dir='ltr'>ἑαυτῷ</span> <span class='ocrx_word' id='word_1_604' title='bbox 1474 4990 1746 5062; x_wconf 80' lang='grc' dir='ltr'>καταστῆ-</span> 
     </span>
    </p>
   </div>
   <div class='ocr_carea' id='block_1_92' title="bbox 183 5081 1746 5159">
    <p class='ocr_par' dir='ltr' id='par_1_92' title="bbox 183 5081 1746 5159">
     <span class='ocr_line' id='line_1_93' title="bbox 183 5081 1746 5159; baseline -0.006 -15"><span class='ocrx_word' id='word_1_605' title='bbox 183 5106 280 5144; x_wconf 81' lang='grc' dir='ltr'>ναι.</span> <span class='ocrx_word' id='word_1_606' title='bbox 322 5092 388 5144; x_wconf 85' lang='grc' dir='ltr'><strong>οι</strong></span> <span class='ocrx_word' id='word_1_607' title='bbox 430 5086 730 5159; x_wconf 55' lang='grc' dir='ltr'>ὀφθαλμοί</span> <span class='ocrx_word' id='word_1_608' title='bbox 761 5100 881 5140; x_wconf 88' lang='grc' dir='ltr'>σου</span> <span class='ocrx_word' id='word_1_609' title='bbox 930 5083 1221 5139; x_wconf 79' lang='grc' dir='ltr'>ίδέτωσαν</span> <span class='ocrx_word' id='word_1_610' title='bbox 1270 5084 1621 5149; x_wconf 80' lang='grc' dir='ltr'>εὐθύτητας.</span> <span class='ocrx_word' id='word_1_611' title='bbox 1672 5081 1746 5136; x_wconf 86' lang='grc' dir='ltr'><strong>Τὸ</strong></span> 
     </span>
    </p>
   </div>
   <div class='ocr_carea' id='block_1_93' title="bbox 181 5173 1576 5252">
    <p class='ocr_par' dir='ltr' id='par_1_93' title="bbox 181 5173 1576 5252">
     <span class='ocr_line' id='line_1_94' title="bbox 181 5173 1576 5252; baseline -0.004 -19"><span class='ocrx_word' id='word_1_612' title='bbox 181 5178 376 5235; x_wconf 72' lang='grc' dir='ltr'>δίκαιον</span> <span class='ocrx_word' id='word_1_613' title='bbox 399 5180 576 5252; x_wconf 83' lang='grc' dir='ltr'>κρῖμα</span> <span class='ocrx_word' id='word_1_614' title='bbox 599 5176 801 5243; x_wconf 74' lang='grc' dir='ltr'>ἔξαιτεί</span> <span class='ocrx_word' id='word_1_615' title='bbox 822 5175 920 5231; x_wconf 72' lang='grc' dir='ltr'>τοῦ</span> <span class='ocrx_word' id='word_1_616' title='bbox 950 5175 1100 5240; x_wconf 80' lang='grc' dir='ltr'>Υἱοῦ,</span> <span class='ocrx_word' id='word_1_617' title='bbox 1127 5174 1157 5228; x_wconf 87' lang='grc' dir='ltr'><strong>δ</strong></span> <span class='ocrx_word' id='word_1_618' title='bbox 1184 5173 1399 5246; x_wconf 74' lang='grc' dir='ltr'>ἔκρινεν</span> <span class='ocrx_word' id='word_1_619' title='bbox 1424 5174 1576 5245; x_wconf 80' lang='grc' dir='ltr'>ἡμῖν.</span> 
     </span>
    </p>
   </div>
   <div class='ocr_carea' id='block_1_94' title="bbox 256 5264 1743 5341">
    <p class='ocr_par' dir='ltr' id='par_1_94' title="bbox 256 5264 1743 5341">
     <span class='ocr_line' id='line_1_95' title="bbox 256 5264 1743 5341; baseline -0.003 -14"><span class='ocrx_word' id='word_1_620' title='bbox 256 5273 651 5341; x_wconf 71' lang='grc' dir='ltr'>Ἐδοκίμασας</span> <span class='ocrx_word' id='word_1_621' title='bbox 681 5268 795 5338; x_wconf 78' lang='grc' dir='ltr'><strong>τήν</strong></span> <span class='ocrx_word' id='word_1_622' title='bbox 821 5268 1075 5338; x_wconf 75' lang='grc' dir='ltr'>καρδίαν</span> <span class='ocrx_word' id='word_1_623' title='bbox 1097 5285 1238 5339; x_wconf 83' lang='grc' dir='ltr'>μου,</span> <span class='ocrx_word' id='word_1_624' title='bbox 1282 5264 1599 5337; x_wconf 71' lang='grc' dir='ltr'>ἐπεσκέψω</span> <span class='ocrx_word' id='word_1_625' title='bbox 1636 5284 1743 5322; x_wconf 84' lang='grc' dir='ltr'>νυ-</span> 
     </span>
    </p>
   </div>
   <div class='ocr_carea' id='block_1_95' title="bbox 181 5357 1742 5434">
    <p class='ocr_par' dir='ltr' id='par_1_95' title="bbox 181 5357 1742 5434">
     <span class='ocr_line' id='line_1_96' title="bbox 181 5357 1742 5434; baseline -0.004 -14"><span class='ocrx_word' id='word_1_626' title='bbox 181 5361 672 5434; x_wconf 72' lang='grc' dir='ltr'>κτὸς,ἐπύρωσὰς</span> <span class='ocrx_word' id='word_1_627' title='bbox 692 5379 789 5432; x_wconf 83' lang='grc' dir='ltr'><strong>με,</strong></span> <span class='ocrx_word' id='word_1_628' title='bbox 821 5361 921 5417; x_wconf 78' lang='grc' dir='ltr'><strong>καί</strong></span> <span class='ocrx_word' id='word_1_629' title='bbox 957 5363 1071 5431; x_wconf 84' lang='grc' dir='ltr'><strong>οὐχ</strong></span> <span class='ocrx_word' id='word_1_630' title='bbox 1101 5357 1315 5430; x_wconf 75' lang='grc' dir='ltr'>εὑρέθη</span> <span class='ocrx_word' id='word_1_631' title='bbox 1348 5361 1419 5415; x_wconf 80' lang='grc' dir='ltr'>ἐν</span> <span class='ocrx_word' id='word_1_632' title='bbox 1443 5358 1574 5431; x_wconf 73' lang='grc' dir='ltr'>ἐμοὶ</span> <span class='ocrx_word' id='word_1_633' title='bbox 1613 5359 1742 5416; x_wconf 80' lang='grc' dir='ltr'>ἀδι-</span> 
     </span>
    </p>
   </div>
   <div class='ocr_carea' id='block_1_96' title="bbox 180 5451 1736 5525">
    <p class='ocr_par' dir='ltr' id='par_1_96' title="bbox 180 5451 1736 5525">
     <span class='ocr_line' id='line_1_97' title="bbox 180 5451 1736 5525; baseline -0.006 -11"><span class='ocrx_word' id='word_1_634' title='bbox 180 5458 289 5514; x_wconf 69' lang='grc' dir='ltr'>κία.</span> <span class='ocrx_word' id='word_1_635' title='bbox 328 5456 574 5513; x_wconf 70' lang='grc' dir='ltr'>Ἀδικίαν</span> <span class='ocrx_word' id='word_1_636' title='bbox 598 5454 791 5508; x_wconf 82' lang='grc' dir='ltr'>εἴωθεν</span> <span class='ocrx_word' id='word_1_637' title='bbox 819 5454 854 5525; x_wconf 73' lang='grc' dir='ltr'><strong>ἡ</strong></span> <span class='ocrx_word' id='word_1_638' title='bbox 874 5452 999 5508; x_wconf 82' lang='grc' dir='ltr'>θεία</span> <span class='ocrx_word' id='word_1_639' title='bbox 1029 5451 1220 5525; x_wconf 78' lang='grc' dir='ltr'>Γραφὴ</span> <span class='ocrx_word' id='word_1_640' title='bbox 1252 5452 1435 5506; x_wconf 75' lang='grc' dir='ltr'>καλεῖν</span> <span class='ocrx_word' id='word_1_641' title='bbox 1464 5451 1560 5523; x_wconf 76' lang='grc' dir='ltr'><strong>τὴν</strong></span> <span class='ocrx_word' id='word_1_642' title='bbox 1596 5452 1736 5505; x_wconf 77' lang='grc' dir='ltr'>κατὰ</span> 
     </span>
    </p>
   </div>
   <div class='ocr_carea' id='block_1_97' title="bbox 179 5542 1741 5618">
    <p class='ocr_par' dir='ltr' id='par_1_97' title="bbox 179 5542 1741 5618">
     <span class='ocr_line' id='line_1_98' title="bbox 179 5542 1741 5618; baseline -0.006 -12"><span class='ocrx_word' id='word_1_643' title='bbox 179 5549 263 5605; x_wconf 68' lang='grc' dir='ltr'><strong>τώ</strong></span> <span class='ocrx_word' id='word_1_644' title='bbox 296 5548 432 5605; x_wconf 79' lang='grc' dir='ltr'>Θεοῦ</span> <span class='ocrx_word' id='word_1_645' title='bbox 464 5544 817 5618; x_wconf 78' lang='grc' dir='ltr'>βλασφημίαν</span> <span class='ocrx_word' id='word_1_646' title='bbox 837 5557 853 5575; x_wconf 74' lang='grc' dir='ltr'><strong><em>ο</em></strong></span> <span class='ocrx_word' id='word_1_647' title='bbox 894 5543 1158 5599; x_wconf 78' lang='grc' dir='ltr'>Ἀδικίαν</span> <span class='ocrx_word' id='word_1_648' title='bbox 1179 5542 1311 5615; x_wconf 79' lang='grc' dir='ltr'>γὰρ,</span> <span class='ocrx_word' id='word_1_649' title='bbox 1344 5543 1531 5616; x_wconf 76' lang='grc' dir='ltr'>φησὶν,</span> <span class='ocrx_word' id='word_1_650' title='bbox 1560 5546 1647 5610; x_wconf 82' lang='grc' dir='ltr'><strong>είς</strong></span> <span class='ocrx_word' id='word_1_651' title='bbox 1678 5542 1741 5597; x_wconf 87' lang='grc' dir='ltr'>τὸ</span> 
     </span>
    </p>
   </div>
   <div class='ocr_carea' id='block_1_98' title="bbox 180 5638 690 5710">
    <p class='ocr_par' dir='ltr' id='par_1_98' title="bbox 180 5638 690 5710">
     <span class='ocr_line' id='line_1_99' title="bbox 180 5638 690 5710; baseline -0.008 -16"><span class='ocrx_word' id='word_1_652' title='bbox 180 5641 324 5710; x_wconf 67' lang='grc' dir='ltr'>ὕψος</span> <span class='ocrx_word' id='word_1_653' title='bbox 344 5638 690 5707; x_wconf 70' lang='grc' dir='ltr'>ἐλάλησαν.</span> 
     </span>
    </p>
   </div>
   <div class='ocr_carea' id='block_1_99' title="bbox 244 5726 1745 5799">
    <p class='ocr_par' dir='ltr' id='par_1_99' title="bbox 244 5726 1745 5799">
     <span class='ocr_line' id='line_1_100' title="bbox 244 5726 1745 5799; baseline -0.003 -12"><span class='ocrx_word' id='word_1_654' title='bbox 244 5732 442 5799; x_wconf 76' lang='grc' dir='ltr'>Ὅπως</span> <span class='ocrx_word' id='word_1_655' title='bbox 490 5728 572 5784; x_wconf 73' lang='grc' dir='ltr'>ἂν</span> <span class='ocrx_word' id='word_1_656' title='bbox 608 5727 699 5798; x_wconf 67' lang='grc' dir='ltr'>μὴ</span> <span class='ocrx_word' id='word_1_657' title='bbox 734 5726 988 5797; x_wconf 63' lang='grc' dir='ltr'>λαλήσῃ</span> <span class='ocrx_word' id='word_1_658' title='bbox 1015 5728 1084 5784; x_wconf 89' lang='grc' dir='ltr'>τὸ</span> <span class='ocrx_word' id='word_1_659' title='bbox 1101 5729 1297 5799; x_wconf 79' lang='grc' dir='ltr'>στόμα</span> <span class='ocrx_word' id='word_1_660' title='bbox 1331 5745 1444 5785; x_wconf 87' lang='grc' dir='ltr'><strong>αου</strong></span> <span class='ocrx_word' id='word_1_661' title='bbox 1487 5731 1558 5782; x_wconf 81' lang='grc' dir='ltr'>τὰ</span> <span class='ocrx_word' id='word_1_662' title='bbox 1601 5729 1745 5799; x_wconf 58' lang='grc' dir='ltr'>ἄρτια</span> 
     </span>
    </p>
   </div>
   <div class='ocr_carea' id='block_1_100' title="bbox 249 5885 1289 5952">
    <p class='ocr_par' dir='ltr' id='par_1_100' title="bbox 249 5885 1289 5952">
     <span class='ocr_line' id='line_1_101' title="bbox 249 5885 1289 5952; baseline -0.003 -9"><span class='ocrx_word' id='word_1_663' title='bbox 249 5889 292 5921; x_wconf 72' lang='grc'><strong>’⁸</strong></span> <span class='ocrx_word' id='word_1_664' title='bbox 331 5889 477 5943; x_wconf 83' lang='lat' dir='ltr'><strong>Phil.</strong></span> <span class='ocrx_word' id='word_1_665' title='bbox 513 5904 596 5952; x_wconf 83' lang='grc' dir='ltr'>ιιι,</span> <span class='ocrx_word' id='word_1_666' title='bbox 632 5886 725 5941; x_wconf 75' lang='grc'><strong>21.</strong></span> <span class='ocrx_word' id='word_1_667' title='bbox 798 5889 816 5922; x_wconf 71' lang='grc'>⁸</span> <span class='ocrx_word' id='word_1_668' title='bbox 845 5886 991 5942; x_wconf 87' lang='lat' dir='ltr'><strong>Psal.</strong></span> <span class='ocrx_word' id='word_1_669' title='bbox 1028 5902 1203 5952; x_wconf 78' lang='lat' dir='ltr'><strong>Lxxn,</strong></span> <span class='ocrx_word' id='word_1_670' title='bbox 1235 5885 1289 5940; x_wconf 90' lang='lat'><strong>8.</strong></span> 
     </span>
    </p>
   </div>
   <div class='ocr_carea' id='block_1_101' title="bbox 404 5980 1158 6060">
    <p class='ocr_par' dir='ltr' id='par_1_101' title="bbox 404 5980 1158 6060">
     <span class='ocr_line' id='line_1_102' title="bbox 404 5980 1158 6060; baseline 0 -17"><span class='ocrx_word' id='word_1_671' title='bbox 404 5984 683 6043; x_wconf 78' lang='grc' dir='ltr'>ΡΑτιιοι..</span> <span class='ocrx_word' id='word_1_672' title='bbox 726 5980 844 6042; x_wconf 82' lang='lat' dir='ltr'><strong>Gn.</strong></span> <span class='ocrx_word' id='word_1_673' title='bbox 892 5980 1064 6060; x_wconf 65' lang='lat' dir='ltr'><strong>XXV</strong></span> <span class='ocrx_word' id='word_1_674' title='bbox 1079 5980 1158 6045; x_wconf 85' lang='lat' dir='ltr'><strong>ll.</strong></span> 
     </span>
    </p>
   </div>
   <div class='ocr_carea' id='block_1_102' title="bbox 1848 4711 3427 4783">
    <p class='ocr_par' dir='ltr' id='par_1_102' title="bbox 1848 4711 3427 4783">
     <span class='ocr_line' id='line_1_103' title="bbox 1848 4711 3427 4783; baseline 0.001 -16"><span class='ocrx_word' id='word_1_675' title='bbox 1848 4711 1943 4767; x_wconf 86' lang='lat' dir='ltr'><strong>sed</strong></span> <span class='ocrx_word' id='word_1_676' title='bbox 1971 4711 2153 4783; x_wconf 78' lang='lat' dir='ltr'><strong>lingua</strong></span> <span class='ocrx_word' id='word_1_677' title='bbox 2192 4726 2361 4781; x_wconf 88' lang='lat' dir='ltr'><strong>pura,</strong></span> <span class='ocrx_word' id='word_1_678' title='bbox 2407 4721 2462 4766; x_wconf 89' lang='lat' dir='ltr'><strong>ct</strong></span> <span class='ocrx_word' id='word_1_679' title='bbox 2494 4712 2825 4766; x_wconf 87' lang='lat' dir='ltr'><strong>meditandis</strong></span> <span class='ocrx_word' id='word_1_680' title='bbox 2850 4712 3088 4783; x_wconf 91' lang='lat' dir='ltr'><strong>eloquiis</strong></span> <span class='ocrx_word' id='word_1_681' title='bbox 3113 4712 3315 4767; x_wconf 85' lang='lat' dir='ltr'><strong>divinis</strong></span> <span class='ocrx_word' id='word_1_682' title='bbox 3342 4730 3427 4770; x_wconf 87' lang='lat' dir='ltr'><strong>as-</strong></span> 
     </span>
    </p>
   </div>
   <div class='ocr_carea' id='block_1_103' title="bbox 1847 4806 2729 4877">
    <p class='ocr_par' dir='ltr' id='par_1_103' title="bbox 1847 4806 2729 4877">
     <span class='ocr_line' id='line_1_104' title="bbox 1847 4806 2729 4877; baseline -0.003 -15"><span class='ocrx_word' id='word_1_683' title='bbox 1847 4816 2023 4871; x_wconf 74' lang='lat' dir='ltr'><strong>sueta,</strong></span> <span class='ocrx_word' id='word_1_684' title='bbox 2056 4806 2279 4861; x_wconf 83' lang='lat' dir='ltr'><strong>auribus</strong></span> <span class='ocrx_word' id='word_1_685' title='bbox 2310 4806 2540 4877; x_wconf 88' lang='lat' dir='ltr'><strong>percipit</strong></span> <span class='ocrx_word' id='word_1_686' title='bbox 2566 4806 2729 4862; x_wconf 86' lang='lat' dir='ltr'><strong>Deus.</strong></span> 
     </span>
    </p>
   </div>
   <div class='ocr_carea' id='block_1_104' title="bbox 1917 4896 3422 4979">
    <p class='ocr_par' dir='ltr' id='par_1_104' title="bbox 1917 4896 3422 4979">
     <span class='ocr_line' id='line_1_105' title="bbox 1917 4896 3422 4979; baseline 0.006 -24"><span class='ocrx_word' id='word_1_687' title='bbox 1917 4900 1971 4955; x_wconf 66' lang='grc' dir='ltr'>ἓ.</span> <span class='ocrx_word' id='word_1_688' title='bbox 2016 4899 2096 4956; x_wconf 86' lang='lat' dir='ltr'><strong>De</strong></span> <span class='ocrx_word' id='word_1_689' title='bbox 2119 4898 2265 4955; x_wconf 80' lang='lat' dir='ltr'><strong>cultu</strong></span> <span class='ocrx_word' id='word_1_690' title='bbox 2306 4909 2394 4954; x_wconf 91' lang='lat' dir='ltr'><strong>tuo</strong></span> <span class='ocrx_word' id='word_1_691' title='bbox 2422 4896 2685 4967; x_wconf 60' lang='lat' dir='ltr'><strong>judicium</strong></span> <span class='ocrx_word' id='word_1_692' title='bbox 2718 4917 2889 4955; x_wconf 82' lang='lat' dir='ltr'><strong>meum</strong></span> <span class='ocrx_word' id='word_1_693' title='bbox 2916 4903 3157 4972; x_wconf 82' lang='lat' dir='ltr'><strong>prodeat.</strong></span> <span class='ocrx_word' id='word_1_694' title='bbox 3202 4904 3422 4979; x_wconf 80' lang='lat' dir='ltr'><strong>Perspi-</strong></span> 
     </span>
    </p>
   </div>
   <div class='ocr_carea' id='block_1_105' title="bbox 1847 4988 3421 5064">
    <p class='ocr_par' dir='ltr' id='par_1_105' title="bbox 1847 4988 3421 5064">
     <span class='ocr_line' id='line_1_106' title="bbox 1847 4988 3421 5064; baseline 0.007 -18"><span class='ocrx_word' id='word_1_695' title='bbox 1847 5005 1949 5046; x_wconf 89' lang='lat' dir='ltr'><strong>cue</strong></span> <span class='ocrx_word' id='word_1_696' title='bbox 1991 5000 2244 5061; x_wconf 88' lang='lat' dir='ltr'><strong>precatur</strong></span> <span class='ocrx_word' id='word_1_697' title='bbox 2288 4988 2635 5060; x_wconf 75' lang='lat' dir='ltr'><strong>Unigenitum</strong></span> <span class='ocrx_word' id='word_1_698' title='bbox 2695 4991 2798 5047; x_wconf 88' lang='lat' dir='ltr'><strong>sibi</strong></span> <span class='ocrx_word' id='word_1_699' title='bbox 2843 4991 3085 5064; x_wconf 70' lang='lat' dir='ltr'><strong>judicent</strong></span> <span class='ocrx_word' id='word_1_700' title='bbox 3137 5000 3421 5057; x_wconf 88' lang='lat' dir='ltr'><strong>constitui.</strong></span> 
     </span>
    </p>
   </div>
   <div class='ocr_carea' id='block_1_106' title="bbox 1852 5080 3420 5157">
    <p class='ocr_par' dir='ltr' id='par_1_106' title="bbox 1852 5080 3420 5157">
     <span class='ocr_line' id='line_1_107' title="bbox 1852 5080 3420 5157; baseline 0.006 -20"><span class='ocrx_word' id='word_1_701' title='bbox 1852 5082 2007 5137; x_wconf 84' lang='lat' dir='ltr'><strong>Oculi</strong></span> <span class='ocrx_word' id='word_1_702' title='bbox 2038 5082 2116 5136; x_wconf 88' lang='lat' dir='ltr'><strong>tui</strong></span> <span class='ocrx_word' id='word_1_703' title='bbox 2144 5082 2355 5137; x_wconf 81' lang='lat' dir='ltr'><strong>videant</strong></span> <span class='ocrx_word' id='word_1_704' title='bbox 2391 5083 2688 5153; x_wconf 56' lang='lat' dir='ltr'><strong>(equitatem</strong></span> <span class='ocrx_word' id='word_1_705' title='bbox 2741 5080 2959 5138; x_wconf 81' lang='lat' dir='ltr'><strong>Justum</strong></span> <span class='ocrx_word' id='word_1_706' title='bbox 2997 5083 3120 5140; x_wconf 84' lang='lat' dir='ltr'><strong>Filii</strong></span> <span class='ocrx_word' id='word_1_707' title='bbox 3151 5088 3420 5157; x_wconf 88' lang='lat' dir='ltr'><strong>judicium</strong></span> 
     </span>
    </p>
   </div>
   <div class='ocr_carea' id='block_1_107' title="bbox 1846 5170 2834 5246">
    <p class='ocr_par' dir='ltr' id='par_1_107' title="bbox 1846 5170 2834 5246">
     <span class='ocr_line' id='line_1_108' title="bbox 1846 5170 2834 5246; baseline -0.006 -15"><span class='ocrx_word' id='word_1_708' title='bbox 1846 5174 2108 5246; x_wconf 86' lang='lat' dir='ltr'><strong>postulat.</strong></span> <span class='ocrx_word' id='word_1_709' title='bbox 2143 5188 2255 5243; x_wconf 87' lang='lat' dir='ltr'><strong>quo</strong></span> <span class='ocrx_word' id='word_1_710' title='bbox 2274 5172 2538 5243; x_wconf 90' lang='lat' dir='ltr'><strong>judicavit</strong></span> <span class='ocrx_word' id='word_1_711' title='bbox 2564 5171 2633 5228; x_wconf 88' lang='lat' dir='ltr'><strong>de</strong></span> <span class='ocrx_word' id='word_1_712' title='bbox 2655 5170 2834 5227; x_wconf 87' lang='lat' dir='ltr'><strong>nobis.</strong></span> 
     </span>
    </p>
   </div>
   <div class='ocr_carea' id='block_1_108' title="bbox 1918 5264 3425 5341">
    <p class='ocr_par' dir='ltr' id='par_1_108' title="bbox 1918 5264 3425 5341">
     <span class='ocr_line' id='line_1_109' title="bbox 1918 5264 3425 5341; baseline 0.003 -20"><span class='ocrx_word' id='word_1_713' title='bbox 1918 5267 1973 5321; x_wconf 79' lang='grc'>5.</span> <span class='ocrx_word' id='word_1_714' title='bbox 2007 5264 2259 5320; x_wconf 77' lang='lat' dir='ltr'><strong>Probasti</strong></span> <span class='ocrx_word' id='word_1_715' title='bbox 2297 5280 2387 5318; x_wconf 91' lang='lat' dir='ltr'><strong>cor</strong></span> <span class='ocrx_word' id='word_1_716' title='bbox 2424 5280 2596 5318; x_wconf 89' lang='lat' dir='ltr'><strong>meum</strong></span> <span class='ocrx_word' id='word_1_717' title='bbox 2628 5274 2677 5319; x_wconf 86' lang='lat' dir='ltr'><strong>et</strong></span> <span class='ocrx_word' id='word_1_718' title='bbox 2707 5264 2941 5332; x_wconf 79' lang='lat' dir='ltr'><strong>visitain</strong></span> <span class='ocrx_word' id='word_1_719' title='bbox 2972 5278 3155 5335; x_wconf 83' lang='lat' dir='ltr'><strong>nocte,</strong></span> <span class='ocrx_word' id='word_1_720' title='bbox 3193 5272 3309 5341; x_wconf 86' lang='lat' dir='ltr'><strong>igne</strong></span> <span class='ocrx_word' id='word_1_721' title='bbox 3345 5289 3425 5326; x_wconf 78' lang='lat' dir='ltr'><strong>me</strong></span> 
     </span>
    </p>
   </div>
   <div class='ocr_carea' id='block_1_109' title="bbox 1847 5357 3426 5429">
    <p class='ocr_par' dir='ltr' id='par_1_109' title="bbox 1847 5357 3426 5429">
     <span class='ocr_line' id='line_1_110' title="bbox 1847 5357 3426 5429; baseline 0.003 -18"><span class='ocrx_word' id='word_1_722' title='bbox 1847 5358 2199 5422; x_wconf 73' lang='lat' dir='ltr'><strong>euminasti,</strong></span> <span class='ocrx_word' id='word_1_723' title='bbox 2232 5365 2284 5412; x_wconf 82' lang='lat' dir='ltr'><strong>et</strong></span> <span class='ocrx_word' id='word_1_724' title='bbox 2322 5372 2425 5410; x_wconf 82' lang='lat' dir='ltr'><strong>non</strong></span> <span class='ocrx_word' id='word_1_725' title='bbox 2456 5364 2535 5409; x_wconf 82' lang='lat' dir='ltr'><strong>est</strong></span> <span class='ocrx_word' id='word_1_726' title='bbox 2564 5357 2777 5411; x_wconf 77' lang='lat' dir='ltr'><strong>inventa</strong></span> <span class='ocrx_word' id='word_1_727' title='bbox 2807 5357 2860 5411; x_wconf 83' lang='lat' dir='ltr'><strong>in</strong></span> <span class='ocrx_word' id='word_1_728' title='bbox 2884 5374 2963 5412; x_wconf 88' lang='lat' dir='ltr'><strong>me</strong></span> <span class='ocrx_word' id='word_1_729' title='bbox 3002 5361 3277 5429; x_wconf 82' lang='lat' dir='ltr'><strong>iniquitas.</strong></span> <span class='ocrx_word' id='word_1_730' title='bbox 3318 5360 3426 5416; x_wconf 83' lang='lat' dir='ltr'><strong>lut-</strong></span> 
     </span>
    </p>
   </div>
   <div class='ocr_carea' id='block_1_110' title="bbox 1847 5448 3421 5526">
    <p class='ocr_par' dir='ltr' id='par_1_110' title="bbox 1847 5448 3421 5526">
     <span class='ocr_line' id='line_1_111' title="bbox 1847 5448 3421 5526; baseline 0.004 -21"><span class='ocrx_word' id='word_1_731' title='bbox 1847 5452 2109 5520; x_wconf 87' lang='lat' dir='ltr'><strong>quitatem</strong></span> <span class='ocrx_word' id='word_1_732' title='bbox 2153 5451 2293 5505; x_wconf 87' lang='lat' dir='ltr'><strong>solet</strong></span> <span class='ocrx_word' id='word_1_733' title='bbox 2329 5449 2514 5504; x_wconf 86' lang='lat' dir='ltr'><strong>divina</strong></span> <span class='ocrx_word' id='word_1_734' title='bbox 2545 5448 2824 5519; x_wconf 61' lang='lat' dir='ltr'><strong>Scriptura</strong></span> <span class='ocrx_word' id='word_1_735' title='bbox 2854 5465 3054 5507; x_wconf 84' lang='lat' dir='ltr'><strong>vocare</strong></span> <span class='ocrx_word' id='word_1_736' title='bbox 3104 5455 3421 5526; x_wconf 80' lang='lat' dir='ltr'><strong>hlasphema</strong></span> 
     </span>
    </p>
   </div>
   <div class='ocr_carea' id='block_1_111' title="bbox 1848 5537 3423 5614">
    <p class='ocr_par' dir='ltr' id='par_1_111' title="bbox 1848 5537 3423 5614">
     <span class='ocr_line' id='line_1_112' title="bbox 1848 5537 3423 5614; baseline 0.002 -18"><span class='ocrx_word' id='word_1_737' title='bbox 1848 5542 1903 5597; x_wconf 85' lang='lat' dir='ltr'><strong>in</strong></span> <span class='ocrx_word' id='word_1_738' title='bbox 1935 5543 2103 5598; x_wconf 89' lang='lat' dir='ltr'><strong>Deum</strong></span> <span class='ocrx_word' id='word_1_739' title='bbox 2132 5542 2314 5597; x_wconf 86' lang='lat' dir='ltr'><strong>dicta:</strong></span> <span class='ocrx_word' id='word_1_740' title='bbox 2345 5537 2690 5609; x_wconf 70' lang='lat' dir='ltr'><strong>Iniquitate»:</strong></span> <span class='ocrx_word' id='word_1_741' title='bbox 2721 5542 2883 5608; x_wconf 84' lang='lat' dir='ltr'><strong>enim,</strong></span> <span class='ocrx_word' id='word_1_742' title='bbox 2914 5542 3109 5614; x_wconf 89' lang='lat' dir='ltr'><strong>inquit,</strong></span> <span class='ocrx_word' id='word_1_743' title='bbox 3140 5545 3195 5598; x_wconf 84' lang='lat' dir='ltr'><strong>in</strong></span> <span class='ocrx_word' id='word_1_744' title='bbox 3215 5546 3423 5601; x_wconf 67' lang='lat' dir='ltr'><strong>excelso</strong></span> 
     </span>
    </p>
   </div>
   <div class='ocr_carea' id='block_1_112' title="bbox 1846 5635 2229 5691">
    <p class='ocr_par' dir='ltr' id='par_1_112' title="bbox 1846 5635 2229 5691">
     <span class='ocr_line' id='line_1_113' title="bbox 1846 5635 2229 5691; baseline 0 -2"><span class='ocrx_word' id='word_1_745' title='bbox 1846 5635 2009 5691; x_wconf 77' lang='lat' dir='ltr'><strong>locuti</strong></span> <span class='ocrx_word' id='word_1_746' title='bbox 2038 5644 2162 5690; x_wconf 80' lang='lat' dir='ltr'><strong>sunt</strong></span> <span class='ocrx_word' id='word_1_747' title='bbox 2189 5636 2229 5689; x_wconf 80' lang='grc'><strong>².</strong></span> 
     </span>
    </p>
   </div>
   <div class='ocr_carea' id='block_1_113' title="bbox 1922 5726 3422 5798">
    <p class='ocr_par' dir='ltr' id='par_1_113' title="bbox 1922 5726 3422 5798">
     <span class='ocr_line' id='line_1_114' title="bbox 1922 5726 3422 5798; baseline 0.003 -13"><span class='ocrx_word' id='word_1_748' title='bbox 1922 5730 1975 5785; x_wconf 79' lang='grc' dir='ltr'><strong>ι.</strong></span> <span class='ocrx_word' id='word_1_749' title='bbox 2012 5726 2078 5782; x_wconf 86' lang='lat' dir='ltr'><strong>Ut</strong></span> <span class='ocrx_word' id='word_1_750' title='bbox 2102 5744 2203 5783; x_wconf 88' lang='lat' dir='ltr'><strong>non</strong></span> <span class='ocrx_word' id='word_1_751' title='bbox 2232 5727 2479 5785; x_wconf 79' lang='lat' dir='ltr'><strong>loquatur</strong></span> <span class='ocrx_word' id='word_1_752' title='bbox 2513 5744 2570 5784; x_wconf 79' lang='lat' dir='ltr'><strong>os</strong></span> <span class='ocrx_word' id='word_1_753' title='bbox 2596 5745 2767 5783; x_wconf 86' lang='lat' dir='ltr'><strong>meum</strong></span> <span class='ocrx_word' id='word_1_754' title='bbox 2789 5746 2947 5798; x_wconf 75' lang='lat' dir='ltr'><strong>opera</strong></span> <span class='ocrx_word' id='word_1_755' title='bbox 2994 5730 3282 5787; x_wconf 77' lang='lat' dir='ltr'><strong>hominum.</strong></span> <span class='ocrx_word' id='word_1_756' title='bbox 3320 5731 3422 5789; x_wconf 84' lang='lat' dir='ltr'><strong>Do-</strong></span> 
     </span>
    </p>
   </div>
   <div class='ocr_carea' id='block_1_114' title="bbox 3103 5968 3143 6029">
    <p class='ocr_par' dir='ltr' id='par_1_114' title="bbox 3103 5968 3143 6029">
     <span class='ocr_line' id='line_1_115' title="bbox 3103 5968 3143 6029; baseline 0 -7"><span class='ocrx_word' id='word_1_757' title='bbox 3103 5968 3143 6029; x_wconf 62' lang='grc' dir='ltr'>Β.</span> 
     </span>
    </p>
   </div>
  </div>
