4122 6482
731 452 832 509 107

1533 435 1589 490 S.
1632 434 1998 491 ATHANASH
2037 436 2187 493 OPP.
2229 437 2404 492 PARS
2444 437 2527 491 Ill.
2569 469 2636 479 —
2675 438 3082 495 EXEGETICA.

3828 444 3928 501 £08

729 586 814 634 cet
845 574 896 630 id
928 585 1142 643 quoque
1174 566 1472 624 cavendum
1507 577 1646 624 esse,
1669 569 1730 615 ut
1758 561 1892 614 nihil
1921 558 2167 617 mortale,
2199 557 2272 608 ni-
2305 580 2315 617 Α

2388 553 2488 608 τῶν
2517 556 2855 624 ἀνθρώπων.
2890 557 3159 622 Διδάσκει,
3184 558 3257 620 ὡς
3287 558 3378 610 καὶ
3409 560 3561 612 τοῦτο
3583 563 3932 633 παραφυλάτ-

730 669 805 724 hil
834 668 1127 721 humanum
1181 662 1487 730 loquamur.
1549 655 1772 723 Propter
1819 654 1971 706 verba
2016 652 2276 704 labiorum

729 773 939 819 tuorum
963 774 1052 827 ego
1085 753 1342 810 custodivi
1375 753 1486 804 vias
1517 749 1700 802 duras.
1746 747 1826 799 Oh
1853 745 2038 814 jussu,
2081 741 2276 810 inquit,

729 862 844 917 tua,
874 857 1155 919 angustam
1186 855 1240 900 et
1272 854 1473 898 arctam
1500 853 1708 912 portam
1735 838 2012 906 ingressus
2041 847 2183 887 sum.

798 1127 852 1181 5.
894 1123 1093 1192 Perﬁce
1124 1134 1328 1191 gressus
1361 1131 1497 1169 meos
1523 1115 1578 1167 in
1603 1114 1803 1168 semitis
1840 1111 1976 1173 tuis,
2024 1116 2130 1162 etc.
2169 1105 2277 1158 Do-

729 1227 880 1273 cetur
914 1216 1000 1270 his
1031 1213 1206 1268 verbis
1238 1225 1303 1265 uc
1352 1207 1454 1264 sibi
1497 1206 1782 1276 quisquam
1821 1201 1989 1264 lidat;
2043 1198 2136 1254 sed
2171 1195 2280 1249 Deo

727 1309 1007 1362 innitatur.

801 1398 1043 1474 [Semita
1075 1405 1255 1450 autem
1288 1387 1500 1446 Domini
1535 1393 1660 1442 sunt
1689 1385 2098 1440 observationes
2135 1401 2281 1440 man-

726 1490 1030 1564 datorum.]

798 1584 851 1639 6.
883 1583 994 1654 Ego
1024 1581 1246 1636 clamavi
1283 1578 1530 1649 quoniam
1555 1573 1820 1630 exattdisli
1851 1588 1928 1625 me
1951 1612 1964 1637 ,
2003 1570 2160 1624 Deus.
2216 1568 2281 1623 Il-

727 1677 841 1743 lud,
865 1674 1152 1736 exaudiui,
1188 1687 1304 1742 pro,
1335 1669 1612 1724 exaudies.
1661 1664 1780 1718 Non
1815 1672 2016 1718 temere
2046 1662 2133 1715 his
2162 1675 2282 1714 ver-

726 1767 809 1821 bis
841 1781 962 1820 sum
988 1778 1140 1827 usus,
1170 1762 1263 1816 sed
1310 1769 1456 1814 tuam
1503 1763 1755 1825 expertus
1787 1750 2155 1807 clementiam.
2200 1747 2283 1801 Me

728 1859 925 1927 quippe
967 1861 1244 1925 rogantem
1306 1865 1447 1920 szepe
1495 1845 1781 1902 exaudisti.
1847 1841 2059 1896 Inclina
2101 1857 2280 1894 aurem

2378 647 2558 700 τεσθαι
2594 651 2726 726 πρὸς
2759 649 2817 700 τὸ
2850 648 3011 718 μηδὲν
3033 647 3222 718 θνητὸν
3249 649 3381 720 μηδὲ
3407 650 3740 721 ἀνθρώπινον
3773 654 3932 723 φθέγ-

2377 739 2583 806 γεσθαι.
2620 740 2719 792 Διά
2757 739 2895 803 τοὺς
2943 741 3165 809 λόγους
3210 740 3328 794 τῶν
3374 743 3620 810 χειλέων
3660 758 3776 799 σου
3823 747 3934 816 ἐγὼ

2375 830 2648 897 ἐφύλαξα
2728 831 2904 896 ὀδοὺς
2962 832 3252 899 σκληράς.
3298 834 3396 887 Διὰ
3459 835 3527 888 τὰ
3594 837 3661 888 σά
3696 840 3930 907 προστά-

2378 939 2578 992 γματα.
2629 925 2779 994 φησι,
2808 925 2902 994 τὴν
2931 925 3116 996 στενὴν
3167 928 3259 980 καὶ
3286 926 3647 999 τεθλιμμένην
3675 929 3934 1000 είσήλασα

2378 1014 2570 1084 πύλην.

2448 1106 2803 1174 Κιιτάρτισαι
2832 1110 2903 1161 τὰ
2948 1107 3277 1179 διαδήματά
3299 1126 3417 1179 μου
3456 1109 3525 1164 ἐν
3557 1111 3681 1176 τοῖς
3719 1113 3934 1180 τρῖϐοις

2380 1211 2515 1250 σου.
2549 1198 2794 1251 Διδάσκει
2825 1201 2852 1252 ὁ
2883 1199 3037 1268 λόγος
3070 1202 3143 1272 μὴ
3199 1201 3514 1254 πεποιθέναι
3559 1202 3642 1273 ἐφ’
3678 1203 3888 1264 ἑαυτοῖς
3918 1241 3932 1266 ,

2380 1289 2470 1340 ἐπὶ
2493 1288 2549 1340 δὲ
2580 1288 2657 1358 τῷ
2688 1289 2804 1359 Θεῷ
2829 1292 3288 1362 ἐπιστηρίζεσθαι.

2463 1377 2689 1450 [Τρίὸοι
2718 1382 2772 1433 δὲ
2807 1385 3008 1454 Κυρίου
3037 1383 3143 1436 τῶν
3171 1385 3400 1439 ἐντολῶν
3431 1386 3485 1440 αἱ
3514 1386 3832 1460 τηρήσεις.]

2461 1560 2606 1630 Ἐγὼ
2637 1561 2947 1631 ἐκέκραξα.
2983 1565 3071 1618 ὅτι
3102 1566 3470 1635 εἰσήκουσά(-
3505 1588 3646 1639 pou,
3693 1574 3728 1625 δ
3771 1573 3934 1638 Θεός.

2381 1652 2454 1705 Τὸ
2485 1652 2853 1718 εὶσήκουσας
2878 1695 2892 1718 ,
2934 1658 3054 1709 ἀντὶ
3101 1657 3229 1721 τοῦ,
3276 1659 3588 1734 είσακούσῃ.
3637 1663 3714 1716 Οὐ
3764 1665 3937 1734 μάτην

2381 1744 2554 1796 τοῖσδε
2587 1747 2697 1807 τοῖς
2728 1745 2904 1813 λόγοις
2931 1750 3268 1821 ἐχρησάμην,
3307 1753 3441 1806 ἀλλά
3486 1757 3677 1827 πεῖραν
3709 1757 3808 1827 τῆς
3843 1759 3939 1828 σῆς

2382 1835 2517 1907 ἔχων
2545 1836 2950 1910 φιλανθρωπίας
2975 1859 2987 1871 °
3019 1845 3254 1913 ἤκουσας
3285 1847 3391 1918 γάρ
3424 1865 3524 1918 μου
3565 1850 3942 1920 παρακαλοῦν»

730 1959 874 2000 tuam
901 1944 1050 1998 mihi.
1094 1941 1235 1996 Deus
1259 1947 1403 1995 totus
1433 1939 1580 1994 auris
1609 1947 1691 1993 est
1712 1979 1726 2003 ,
1763 1944 1948 2012 utpote
1978 1935 2072 1990 aui
2101 1933 2280 1989 omnia

2388 1943 2469 1988 τος
2504 1909 2779 1992 πολλάκις.
2821 1909 3051 1984 κλῖνον⁷
3090 1934 3156 1986 τὸ
3196 1909 3308 2000 οὖςζ
3515 1909 3664 2010 spot:
3713 1940 3874 2004 ὐλος
3914 1944 3942 1996 ὁ

728 2033 930 2088 audiat.

842 2124 953 2196 Ego
981 2123 1223 2184 clamavi,
1255 2128 1360 2175 etc.
1400 2117 1515 2171 Non
1560 2115 1761 2172 frustra
1797 2119 2002 2181 clamo,
2029 2114 2121 2171 sed
2157 2115 2284 2185 quia

729 2218 1046 2287 plerumque
1067 2212 1332 2267 exaudisti
1369 2225 1454 2264 me
1474 2249 1487 2273 ,
1515 2217 1639 2277 peto
1659 2209 1820 2262 etiam
1859 2223 2003 2262 nunc
2026 2218 2085 2261 ut
2111 2222 2281 2260 exau-

727 2309 846 2363 dias
880 2321 986 2362 me.
1020 2304 1240 2359 Clamor
1268 2311 1445 2358 autem
1472 2303 1582 2366 ille,
1617 2312 1702 2358 est
1728 2303 1934 2356 intenta
1959 2314 2083 2368 erga
2116 2297 2282 2351 Deum

727 2394 1034 2466 cogitatio.]

804 2486 1049 2558 [Adipem
1077 2501 1230 2538 suum
1256 2482 1642 2536 concluserunt.
1686 2479 1856 2549 Adipe
1883 2477 2151 2549 signiﬁcat
2183 2475 2284 2530 ini-

733 2580 1002 2633 micorum
1032 2575 1322 2630 maximam
1355 2570 1815 2644 prosperitatem]

805 2669 895 2724 Η.
962 2667 1153 2724 Oculos
1196 2683 1316 2720 suos
1343 2671 1638 2720 statuerunt
1672 2663 1932 2716 declinare
1972 2661 2025 2714 in
2069 2670 2281 2712 terram.

733 2759 909 2824 Unus,
945 2758 1144 2828 inquit,
1177 2772 1376 2828 scopus
1403 2757 1502 2810 luit
1543 2756 1648 2810 illis
1669 2764 1727 2810 ut
1754 2754 1818 2808 ad
1860 2762 2056 2808 terram
2087 2751 2285 2806 demit-

729 2861 863 2916 tant,
893 2861 949 2906 et
968 2865 1090 2920 quas
1111 2865 1330 2904 carnem
1353 2854 1596 2918 spectant
1624 2846 1825 2900 sentire
1859 2845 2141 2899 suadeant.

800 2944 887 2999 id.
927 2942 1210 2996 Frameam
1235 2951 1382 2995 tuam
1411 2939 1474 2991 ab
1503 2938 1731 2991 inimicis
1765 2952 2015 2988 manuum
2049 2945 2281 2988 tuarum.

724 3036 988 3106 Qualibet
1008 3035 1142 3103 justi
1167 3032 1346 3086 anima
1373 3039 1426 3084 et
1457 3028 1798 3098 potissimum
1822 3043 2008 3083 eorum
2042 3028 2135 3097 qui
2161 3042 2285 3096 poc-

724 3135 938 3182 catores
973 3125 1041 3179 ab
1085 3124 1360 3193 impietate
1412 3121 1482 3175 ad
1535 3119 1784 3189 pietatem
1837 3127 2124 3180 revocant,
2183 3131 2280 3170 ceu

727 3218 932 3274 framea
959 3225 1044 3271 est
1070 3224 1255 3270 contra
1287 3214 1554 3284 malignos
1593 3211 1816 3281 spiritus
1838 3219 2084 3265 exacuta.
2135 3207 2283 3261 Hanc

726 3311 892 3380 igitur
928 3308 1214 3370 frameam,
1260 3305 1507 3367 Domine,
1535 3319 1698 3371 quam
1732 3304 1847 3371 ipse
1877 3310 2064 3356 contra
2100 3300 2282 3353 inimi-

726 3417 820 3454 cos
847 3409 970 3454 tuos
995 3396 1294 3460 exacuisti,
1340 3396 1488 3464 eripe
1535 3394 1604 3448 ab
1651 3392 1888 3447 inimicis
1929 3407 2123 3446 manus
2155 3401 2280 3445 tuae.

729 3491 956 3558 Quinam
993 3497 1170 3544 autem
1216 3495 1344 3542 sunt
1390 3485 1595 3541 inimici
1647 3500 1842 3540 manus
1878 3484 1988 3546 Dei,
2042 3483 2146 3538 nisi
2190 3482 2282 3553 qui

727 3583 850 3638 tidei
897 3583 951 3637 in
983 3579 1331 3653 Unigenitum
1351 3617 1367 3643 ,
1413 3579 1504 3649 qui
1535 3593 1729 3634 manus
1750 3578 1898 3632 illius
1925 3585 2042 3641 est,
2091 3577 2281 3630 adver-

727 3675 950 3730 santur?

796 3860 1038 3922 Domine,
1071 3875 1103 3912 a
1126 3857 1307 3927 paucis
1341 3855 1402 3908 de
1433 3867 1570 3909 terra
1602 3854 1774 3907 divide
1803 3869 1908 3907 eos.
1937 3851 2193 3906 Precatur
2233 3859 2290 3904 ut

734 3970 762 4008 ι
798 3952 984 4023 paucis
1006 3949 1156 4019 impii
1183 3956 1519 4018 separentur,
1546 3946 1691 4014 quod
1724 3953 1804 3999 est
1829 3959 1891 3998 ac
1919 3945 1962 3997 si
1987 3942 2288 3997 divideren-

728 4057 836 4100 tur.
854 4045 1083 4110 Quinam
1107 4049 1286 4096 autem
1305 4048 1430 4095 sunt
1452 4037 1608 4108 pauci
1629 4038 1726 4099 illi,
1750 4037 1854 4091 nisi
1879 4037 1944 4090 de
1960 4037 2157 4106 quibus
2173 4035 2288 4088 diu-

731 4145 846 4189 tum
874 4141 985 4190 est:
1007 4131 1163 4185 Mulli
1188 4131 1392 4201 quidem
1409 4137 1528 4182 sunt
1552 4128 1718 4182 vocati
1754 4127 1908 4195 pauci
1925 4142 2040 4180 vero
2063 4126 2210 4179 electi
2229 4125 2291 4177 '1'

2383 2014 2512 2080 Θεὸς
2543 2013 2634 2079 οὖς
2666 2020 2832 2085 ἐστιν,
2871 2021 2944 2084 ὡς
2966 2022 3033 2075 τά
3067 2023 3244 2078 πάντα
3276 2028 3506 2083 ἀκούων.

2456 2105 2475 2178 [
2510 2109 2655 2177 Ἐγὼ
2680 2111 2991 2179 ἐκέκραξα,
3024 2116 3116 2167 καὶ
3145 2117 3211 2170 τά
3238 2117 3382 2189 ἐξῆς.
3414 2121 3488 2173 οὐ
3526 2123 3702 2196 μάτην
3735 2125 3941 2197 κράξω,

2384 2198 2497 2251 ἀλλ’
2535 2200 2655 2251 ἐπεὶ
2682 2201 2937 2267 πολλάκις
2960 2205 3215 2275 ἤκουσας,
3254 2209 3389 2263 αἰτῶ
3422 2212 3514 2264 καὶ
3549 2212 3641 2266 νῦν
3672 2216 3942 2288 ἀκουσθῆ-

2386 2308 2492 2344 ναι.
2527 2292 2754 2363 Κραυγὴ
2803 2294 2858 2346 δέ
2888 2298 3002 2348 ἐστι
3049 2299 3183 2369 πρὸς
3233 2299 3361 2354 Θεὸν
3391 2304 3484 2356 καὶ
3515 2305 3548 2375 ἠ
3580 2305 3943 2380 ὲπιτεταμένη

2385 2382 2586 2453 νόησις.
2607 2383 2626 2455 ]

2457 2473 2474 2546 [
2504 2477 2570 2528 Τὸ
2603 2476 2787 2546 στέαρ
2817 2481 3014 2534 αὐτῶν
3051 2483 3426 2540 συνέκλειον.
3464 2488 3637 2560 Στέαρ
3673 2490 3775 2561 τὴν
3821 2508 3947 2561 σφο-

2384 2563 2643 2637 δροτάτην
2676 2569 2970 2640 εὐημερίαν
2992 2573 3098 2624 τῶν
3128 2573 3335 2645 ἐχθρῶν
3361 2577 3628 2647 σημαίνει.
3652 2578 3670 2651 ]

2461 2657 2604 2724 Τοὺς
2626 2659 2967 2729 ὀφθαλμοὺς
3002 2664 3197 2718 αὐτῶν
3234 2668 3435 2721 ἔθεντο
3462 2669 3734 2724 ἐκκλῖναι
3772 2672 3844 2725 ἐν
3873 2671 3947 2742 τῇ

2384 2746 2482 2816 τῇ.
2520 2745 2614 2811 Εἷς
2645 2753 2864 2816 σκοπὸς,
2894 2754 3044 2822 φησι,
3088 2755 3309 2822 γέγονεν
3346 2758 3544 2824 αὐτοῖς,
3587 2760 3748 2812 οἱονεὶ
3790 2779 3947 2815 κατε-

2384 2840 2572 2906 νέγκαι
2607 2843 2684 2903 είς
2715 2841 2836 2912 γῆν,
2868 2843 2960 2894 καὶ
2986 2843 3053 2896 τά
3082 2847 3279 2916 σαρκὸς
3319 2851 3500 2901 πεῖσαι
3532 2853 3767 2920 φρονεῖν.

2467 2932 2683 3000 'I’ougca
2699 2937 2784 2986 ἀν
2822 2953 2938 2990 σου
2980 2937 3097 2990 ἀπὸ
3141 2937 3367 3008 ἐχθρῶν
3404 2939 3521 2993 τῶν
3562 2942 3776 3010 χειρῶν
3808 2960 3944 3000 σου.

2404 3022 2634 3096 Ἐκὰστη
2673 3028 2779 3081 τῶν
2814 3030 3036 3084 δικαίων
3064 3031 3206 3102 ψυχὴ
3237 3032 3329 3084 καὶ
3372 3032 3605 3102 μάλιστα
3626 3034 3734 3087 τῶν
3759 3035 3946 3089 ἐλκόνυ

2386 3133 2491 3168 των
2520 3117 2645 3178 τοὺς
2693 3119 3045 3189 ἁμαρτωλοὺς
3086 3120 3146 3183 ἐξ
3187 3121 3437 3185 ἀσεϐείας
3483 3126 3562 3186 είς
3604 3124 3942 3187 θεοσέϐειαν,

2385 3206 2544 3258 οἱονεί
2563 3224 2678 3270 πως
2691 3211 2934 3279 ῥομφαία
2951 3211 3095 3263 ἐστὶν
3114 3213 3421 3283 ὴκονημένη
3440 3216 3578 3266 κατά
3593 3216 3699 3269 τῶν
3713 3235 3844 3271 πνευ
3853 3219 3945 3288 μά-

2387 3314 2492 3351 των
2517 3299 2616 3368 τῆς
2646 3301 2924 3372 πονηρίας.
2963 3303 3175 3374 Ταύτην
3205 3299 3295 3357 οὖν
3327 3304 3424 3375 τὴν
3460 3305 3753 3375 ῥομφαίαν,
3782 3302 3828 3361 ὦ
3855 3309 3946 3362 Ai-

2391 3405 2579 3453 σποτα,
2616 3391 2799 3461 φησιν,
2835 3394 2899 3462 ἢν
2929 3393 3088 3458 αὐτὸς
3117 3393 3258 3448 κατά
3297 3395 3404 3449 τῶν
3433 3395 3541 3449 σῶν
3580 3397 3788 3468 ἐχθρῶν
3819 3401 3946 3469 ἡκό-

2389 3498 2576 3550 νησας,
2608 3481 2763 3553 ῥῦσαι
2797 3485 2906 3537 ἀπὸ
2938 3486 3042 3538 τῶν
3093 3486 3300 3558 ἐχθρῶν
3336 3489 3433 3558 τῆς
3482 3490 3580 3560 σῆς
3607 3491 3808 3561 χειρός.
3861 3491 3949 3544 Τί-

2390 3590 2477 3636 νες
2497 3574 2540 3625 δ’
2573 3573 2637 3627 ἀν
2659 3572 2768 3628 εἷεν
2795 3577 2844 3629 oi
2881 3577 2980 3646 τῆς
3013 3579 3193 3649 χειρὸς
3219 3578 3310 3632 τοῦ
3340 3580 3473 3633 Θεοῦ
3504 3581 3687 3652 ἐχθροὶ
3720 3584 3752 3654 ἢ
3783 3586 3832 3637 οἱ
3867 3587 3949 3639 ἀνθ

2390 3663 2698 3734 θιστάμενοι
2728 3669 2792 3736 τῇ
2838 3669 2915 3730 είς
2951 3667 3038 3720 τὸν
3077 3669 3352 3739 Μονογενῆ
3386 3670 3548 3722 αὑτοῦ
3575 3672 3774 3738 πίστει,
3804 3675 3949 3738 ὅστις

2391 3756 2505 3808 εστὶ
2538 3758 2630 3810 καὶ
2658 3759 2778 3830 χεὶρ
2810 3760 3007 3824 αὐτοῦς

2462 3848 2654 3913 Κύριε,
2695 3848 2813 3901 ἀπὸ
2857 3850 3072 3918 ὀλίγων
3111 3852 3228 3905 ἀπὸ
3286 3852 3397 3922 γῆς
3456 3853 3802 3925 διαμέρισον
3847 3861 3949 3914 αὐ·

2395 3939 2551 4004 τούς.
2588 3939 2928 4011 Χωρισθῆναι
2957 3944 3080 4005 τοὺς
3103 3944 3322 4009 ἀσεϐεῖς
3348 3946 3456 3998 τῶν
3480 3927 3675 4015 ὀλίγων
3708 3949 3946 4020 εὔχεται.

2393 4028 2551 4081 οἱονεί
2577 4047 2690 4092 πως
2729 4030 3162 4102 διαμερισθῆναι.
3189 4035 3342 4098 Τίνες
3366 4036 3422 4090 δὲ
3443 4039 3492 4090 oi
3520 4038 3688 4108 ὀλίγοι
3739 4041 3772 4112 ἢ
3823 4044 3951 4114 περὶ

2395 4114 2470 4172 ὧν
2497 4120 2775 4173 λέλεκται·
2807 4126 3026 4177 Πολλοὶ
3058 4125 3173 4192 μὲν
3197 4128 3425 4195 κλητοὶ,
3462 4130 3650 4198 ὀλίγοι
3683 4130 3750 4184 δὲ
3779 4133 3950 4188 ἐκλε-

2395 4213 2523 4264 accol

803 4381 988 4436 Daniel
1008 4381 1275 4436 Barbarus
1294 4377 1622 4447 :Praeparata
1635 4386 1738 4444 est,
1762 4378 1957 4448 inquit,
1979 4377 2083 4431 illis
2100 4377 2307 4432 occulta
2326 4393 2481 4448 poma
2501 4395 2619 4449 qua:
2647 4394 2815 4447 usque
2841 4379 2904 4432 ad
2924 4381 3129 4435 viscera
3161 4383 3642 4452 pcnetrabit,juxta
3661 4385 3789 4441 illud
3808 4385 3949 4457 quod

733 4475 797 4528 de
824 4473 959 4528 Juda
980 4475 1184 4528 dictum
1207 4482 1289 4528 est
1314 4491 1326 4526 :
1355 4469 1421 4524 Et
1454 4471 1668 4525 intravit
1691 4469 1992 4526 maledictio
2014 4474 2165 4540 quasi
2201 4487 2337 4540 aqua
2377 4473 2431 4524 iu
2463 4473 2716 4525 interiora
2751 4471 2884 4533 eius,
2909 4484 2956 4524 et
2978 4474 3112 4526 sicut
3137 4475 3306 4528 oleum
3329 4477 3381 4528 in
3404 4476 3607 4531 ossibus
3636 4478 3749 4547 ejus
3779 4480 3819 4532 ³.

802 4629 872 4684 Et
903 4628 964 4682 de
985 4627 1301 4682 absconditis
1334 4627 1438 4681 tuis
1462 4627 1770 4696 adimpletus
1797 4638 1872 4681 est
1900 4637 2070 4682 uenter
2097 4644 2294 4682 eorum.

2471 4630 2577 4682 Kal
2602 4629 2719 4684 τῶν
2757 4633 3171 4702 κεκρυμμένων
3211 4650 3325 4689 σου
3354 4636 3630 4706 ἐπλήσθη
3660 4641 3697 4708 ἡ
3726 4643 3956 4715 γαστὴρ

733 4721 1017 4785 Omnibus,
1047 4722 1237 4790 inquit,
1271 4719 1522 4790 pretiosis
1548 4719 1701 4787 potiti
1739 4727 1868 4773 sunt
1900 4735 1915 4783 ;
1948 4718 2177 4787 ideoque
2218 4718 2291 4772 ita

2398 4718 2609 4773 αὐτῶν.
2651 4721 2892 4784 Πάντων,
2923 4724 3075 4795 φησι,
3119 4724 3226 4777 τῶν
3260 4727 3454 4796 τιμίων
3487 4729 3801 4785 ἀπέλαυσαν
3827 4751 3842 4765 ο
3877 4737 3956 4790 διὸ

735 4813 1164 4874 recalcitrarunt,
1199 4826 1256 4864 ut
1298 4808 1796 4878 praevaricarentur.
1845 4806 1963 4859 Alio
1999 4810 2171 4860 modo.
2218 4805 2295 4860 De

2401 4810 2491 4862 καὶ
2510 4810 2873 4865 ἀπελάκτισλν
2906 4813 3097 4878 οὕτως,
3120 4814 3195 4878 ὡς
3223 4819 3315 4869 καὶ
3347 4823 3700 4889 παρανομεῖν.
3738 4824 3861 4878 Τῶν
3901 4827 3955 4879 δὲ

735 4903 1051 4957 absconditis
1083 4902 1208 4967 tuis,
1254 4917 1319 4955 ac
1347 4902 1393 4956 si
1426 4901 1648 4964 diceret,
1683 4915 1820 4970 quas
1863 4905 1921 4952 tu
1969 4913 2158 4967 pinnas
2198 4913 2293 4954 oc-

737 4997 875 5051 culte
911 4997 1073 5060 nosti,
1109 5009 1208 5064 ego
1242 4993 1454 5064 ignoro,
1504 4993 1570 5048 iis
1617 4993 1778 5062 imple
1821 4999 2036 5046 ventres
2081 5007 2292 5048 eorum.

733 5090 875 5159 quod
919 5087 1216 5158 periphrasi
1261 5087 1486 5146 dictum.
1538 5101 1657 5154 pro,
1706 5099 1798 5138 eos
1845 5085 2010 5154 ipsos.
2057 5081 2295 5138 Saturati

728 5191 850 5234 sunt
874 5181 1020 5248 ﬁliis,
1050 5189 1098 5234 et
1119 5180 1426 5233 dimiserunt
1454 5177 1700 5246 reliquias
1730 5192 1856 5229 suas
1902 5173 2132 5243 parvulis
2165 5175 2298 5228 suis.

727 5274 886 5328 Omni
921 5273 1104 5342 repleti
1145 5280 1272 5326 sunt
1314 5269 1616 5339 iniquitate,
1650 5277 1702 5323 et
1736 5283 1852 5323 eam
1888 5267 2013 5322 ﬁliis
2043 5269 2298 5322 transmi-

729 5375 936 5420 serunt.

799 5452 996 5525 [Atque
1020 5455 1190 5525 ipsam
1219 5454 1484 5522 reliquere
1510 5454 1748 5522 parvulis
1784 5452 2013 5506 liliorum
2043 5466 2286 5516 suorum,

730 5545 933 5600 scilicet
966 5560 1135 5615 usque
1156 5545 1221 5598 ad
1248 5543 1586 5614 abnepotes]

802 5637 888 5691 15.
935 5639 1042 5705 Ego
1069 5646 1241 5689 autem
1267 5638 1320 5688 in
1334 5638 1545 5707 Iustitia
1577 5634 1833 5704 apparebo
1856 5637 2151 5707 conspectui
2180 5645 2289 5690 tuo.

793 5819 823 5851 ί
862 5811 1026 5869 ﬂatth
1085 5829 1176 5881 ιι,
1211 5813 1294 5867 ιο.
1381 5816 1400 5844 ³
1439 5813 1577 5868 Psal.
1615 5829 1760 5879 cvm,
1794 5813 1878 5868 l8.

2401 4900 2820 4968 κεκρυμμένων
2853 4917 2969 4957 σου
2998 4905 3120 4957 ἀντὶ
3144 4904 3259 4968 τοῦ,
3288 4900 3361 4960 ὧν
3381 4911 3439 4963 ὲν
3467 4911 3769 4984 ἀποκρύφῳ
3797 4933 3958 4989 τιμωο

2403 4993 2532 5092 ριῶν
2555 4993 2695 5064 ἔχεις
2719 4995 2815 5092 ⁴τὴν
2841 4995 3059 5063 γνῶσιν,
3098 4994 3207 5065 ἐγὼ
3232 4999 3430 5067 ἀγνοῶ,
3448 5002 3659 5057 ’τούτων
3683 5005 3958 5081 ἔμπλησον

2402 5085 2496 5148 τὰς
2527 5085 2796 5158 γαστέρας
2833 5087 3029 5153 αὐτῶν,
3073 5093 3513 5162 περιφραστικῶς
3547 5096 3698 5162 ἀντὶ,
3742 5099 3954 5167 αὐτούς.

2417 5177 2902 5246 Ἔχορτὰσθησαν
2926 5178 3089 5241 υἱῶν,
3122 5179 3218 5232 καί
3257 5180 3499 5249 ἀφῆκαν
3529 5183 3599 5236 τὰ
3629 5187 3959 5244 κατάλοιποι

2398 5269 2519 5334 τοῖς
2571 5272 2808 5335 νηπίοις
2860 5270 3075 5324 αὐτῶν.
3131 5272 3355 5343 ῐΙάσης,
3415 5278 3569 5346 φησὶ,
3618 5283 3958 5353 παρανομίας

2395 5364 2761 5434 ἐπλήσθησαν,
2787 5365 2879 5419 καὶ
2903 5367 2983 5429 είς
3015 5366 3204 5432 παῖδας
3238 5368 3294 5422 δέ
3318 5369 3520 5443 ταύτην
3544 5374 3930 5445 παρέπεμψαν.

2464 5453 2607 5527 [Καὶ
2634 5458 2836 5528 ταύτην
2867 5459 3191 5527 κατέλειψαν
3219 5464 3328 5524 τοῖς
3350 5465 3562 5533 νηπίοις
3580 5465 3691 5518 τῶν
3714 5468 3845 5521 υἱῶν
3866 5471 3958 5522 αὐ-

2394 5549 2519 5609 τῶν.
2551 5551 2714 5620 ἧγουν
2751 5552 2910 5620 μέχρι
2945 5552 3201 5620 ἐκγόνων.
3231 5551 3250 5623 ]

2479 5638 2620 5707 Ἐγὼ
2656 5639 2723 5691 δὲ
2752 5641 2821 5692 ὲν
2845 5638 3196 5709 δικαιοσύνῃ
3243 5643 3574 5715 ὀφθήσομαι
3617 5646 3694 5712 τῷ
3731 5649 3951 5717 προσώ-
