4122 6490
177 451 267 507 ιω

1247 437 1605 493 EXPOSITIO
1649 437 1714 491 IN
1767 438 2096 494 PSALNUM
2136 439 2297 493 XVII.

3293 447 3393 500 HO

175 578 258 627 ιφ
284 575 417 614 σου.
449 557 565 627 Οὐχ
602 553 1007 626 ὁμοιωθήσομαι
1040 551 1287 614 ἐκεινοις,
1314 551 1434 604 οὑδὲ
1483 550 1589 603 τῶν
1633 551 1730 603 αὖ·

1836 551 1946 604 Non
1977 567 2070 604 ero
2094 552 2288 606 similis
2319 551 2450 616 illis,
2480 567 2652 619 neque
2690 554 2878 608 iisdem
2919 555 3069 624 queis
3109 555 3184 609 illi
3222 559 3390 614 satis-

175 653 290 716 τῶν,
320 649 474 719 φησι,
503 644 974 718 χορτασθήσομαι·
1012 641 1147 693 ἀλλὰ
1177 641 1271 711 τῆς
1308 640 1403 708 σῆς
1437 639 1593 709 δόξης
1637 640 1732 708 ἐμ-

177 741 554 816 ςιλησθήσομαι
585 738 675 790 διὰ
703 735 924 789 δικαίων
957 733 1153 804 ἔργων.

177 880 272 945 Εις
305 877 368 930 τὸ
404 874 588 938 τέλος
630 871 709 936 τῷ
748 870 908 924 παιδὶ
943 870 1162 937 Κυρίου
1200 867 1279 932 τῷ
1311 867 1510 930 Δαυῒδ,
1541 866 1578 922 ἆ
1600 866 1736 919 ἐλά-

241 973 390 1036 λησε
427 963 511 1028 τῷ
538 963 738 1030 Κυρίῳ
770 961 910 1026 τοὺς
935 963 1154 1028 λόγους
1191 958 1300 1026 τῆς
1332 957 1490 1025 ᾠδῆς
1518 959 1736 1024 ταύτης

244 1061 310 1113 ἐν
340 1059 533 1125 ἡμέρᾳ
566 1049 608 1125 ᾖ
636 1052 928 1123 ἐρρύσατο
953 1051 1141 1104 αὐτὸν
1175 1053 1389 1118 Κύριος
1431 1051 1497 1102 ἐκ
1542 1051 1736 1118 χειρὸς

242 1151 476 1205 πάντων
513 1147 638 1200 τῶν
667 1144 892 1214 ἐχθρῶν
936 1144 1120 1198 αὐτοῦ
1165 1145 1261 1196 καὶ
1304 1144 1371 1197 ἐκ
1403 1143 1597 1212 χειρὸς
1629 1145 1739 1196 Σα-

238 1243 365 1306 ciu,
403 1239 506 1293 καὶ
539 1235 731 1292 εἶπεν.
759 1239 864 1290 IZ'.

786 1394 800 1412 ⁹
811 1394 1120 1458 Υπόθεσις.

179 1533 412 1606 Περιὲχει
442 1534 469 1586 ὁ
497 1531 713 1602 ψαλμὺς
756 1529 1118 1583 ἐπανάστασιν
1158 1525 1364 1596 ἐχυρῶν
1391 1526 1484 1578 καὶ
1511 1525 1738 1595 ἐπίκλη-

242 1642 320 1677 σιν
365 1625 442 1686 εἰς
482 1621 801 1693 συμμαχίαν
847 1619 1001 1681 Θεοῦ,
1039 1618 1131 1670 καὶ
1161 1616 1383 1669 κάθοδον
1430 1615 1523 1668 τοῦ
1563 1617 1738 1669 Μονο-

239 1715 422 1784 γενοῦς
465 1717 564 1768 καὶ
604 1712 889 1781 ἀνάληψιν,
931 1711 1024 1764 καὶ
1070 1708 1206 1780 μετὰ
1247 1708 1341 1780 τὴν
1385 1708 1646 1778 ἀνάληψιν
1672 1709 1740 1760 τὰ

241 1810 373 1862 κατὰ
421 1807 536 1859 τῶν
575 1805 843 1875 δαιμόνων
882 1801 1207 1873 πραχθέντα,
1252 1802 1342 1854 καὶ
1392 1799 1483 1853 τοῦ
1529 1799 1740 1871 Ἰσραὴλ

1839 642 1972 694 bor:
2007 643 2099 696 sed
2133 652 2221 695 tua
2256 643 2422 712 gloria
2450 658 2541 711 per
2574 645 2711 696 bona
2740 659 2900 712 Opera
2937 646 3198 714 replebor.

1835 866 1978 920 Lln
2025 869 2178 935 ﬁnem
2231 885 2386 937 puero
2436 869 2644 923 Domini
2690 871 2878 937 David,
2928 889 3046 943 quin
3075 874 3276 928 locutus
3317 887 3390 926 cst

1914 957 2137 1011 Domino
2189 960 2340 1012 verba
2383 962 2576 1012 cantici
2626 962 2802 1030 hujus.
2859 965 2913 1017 in
2942 965 3025 1018 die
3065 983 3164 1035 qua
3201 968 3389 1036 eripuit

1906 1064 2023 1101 eum
2056 1047 2310 1102 Dominus
2340 1052 2402 1102 de
2428 1067 2585 1103 manu
2623 1054 2855 1106 omnium
2894 1056 3223 1109 inimicorum
3255 1059 3387 1127 ejus,

1910 1151 1960 1194 et
1987 1143 2050 1195 de
2070 1159 2223 1196 manu
2255 1142 2408 1207 Saul,
2447 1156 2494 1199 et
2520 1145 2677 1200 dixit.
2706 1147 3042 1205 PSALMUS
3071 1150 3264 1208 XVII.

2418 1391 2813 1460 Argumentum.

1837 1515 2088 1576 Continet
2117 1524 2358 1592 psalmus
2404 1526 2754 1595 irruptionem
2789 1527 3158 1591 inimicorum,
3204 1539 3257 1584 et
3294 1529 3392 1583 imo

1917 1612 2269 1681 plorationem
2318 1618 2501 1671 auxilii
2553 1618 2691 1686 Dei;
2732 1622 3048 1674 descensum
3101 1620 3390 1690 Unigeniti.

1906 1715 1959 1758 et
1985 1711 2405 1777 assumptionem
2428 1711 2564 1778 ejus,
2589 1721 2640 1765 et
2662 1724 2778 1781 post
2796 1714 3246 1782 assumptiOnem,
3273 1730 3394 1783 qum

1908 1805 2094 1849 contra
2120 1796 2391 1854 daemones
2423 1811 2538 1854 acta
2564 1811 2712 1866 sunt,
2741 1802 3062 1870 ejectionem
3105 1801 3315 1857 lsraelis
3343 1813 3398 1859 et

240 1900 482 1970 ἐκϐολὴν,
521 1899 622 1953 καὶ
650 1895 760 1950 τῶν
794 1892 959 1948 ἐθνῶν
993 1895 1203 1965 κλῆσιν.
1236 1892 1308 1946 Τὸ
1338 1893 1415 1955 δὲ,
1450 1892 1516 1945 ἐκ
1542 1891 1736 1960 χειρὸς

1908 1887 2144 1952 gentium
2171 1891 2524 1944 vocationem.
2545 1891 2678 1946 lllud
2698 1903 2897 1954 autem,
2913 1893 2976 1945 de
2997 1895 3396 1948 manuinimico—

242 1992 357 2046 τῶν
383 1988 622 2060 ἐχθρῶν
648 1987 854 2051 αὐτοῦ,
890 1987 988 2043 καὶ
1029 1987 1098 2038 ἐκ
1123 1985 1321 2054 χειρὸς
1354 1984 1572 2046 Σαοὺλ,
1605 1986 1736 2038 ἀνα-

243 2083 440 2155 φέροιτ⁸
474 2081 542 2135 ἂν
576 2082 657 2144 εἰς
697 2081 823 2141 τοὺς
854 2077 1075 2149 νοητοὺς
1105 2077 1330 2146 ἐχθροὺς
1374 2075 1466 2128 καὶ
1493 2076 1582 2127 τὸν
1615 2073 1734 2126 τού-

242 2193 346 2227 των
373 2175 639 2245 ἄρχοντα.

256 2265 568 2334 Ἀγαπήσω
601 2276 704 2325 σε,
746 2261 940 2328 Κύριε,
980 2258 1156 2326 ἰσχύς
1183 2272 1330 2326 μου·
1369 2257 1582 2324 Κύριος
1607 2271 1740 2308 στε-

173 2354 359 2424 ρέωμὰ
405 2371 525 2423 μου
590 2352 684 2404 καὶ
733 2348 1040 2418 καταφυγή
1087 2364 1226 2416 μου.
1268 2345 1388 2397 Τῶν
1418 2345 1740 2416 εὐεργεσιῶν

182 2447 490 2517 αἰσθόμενος
549 2443 646 2496 τοῦ
695 2441 850 2504 Θεοῦ,
900 2443 1034 2511 ὅπερ
1085 2439 1202 2491 ἐστὶ
1242 2438 1494 2509 μέγιστον
1548 2437 1732 2507 δῶρον,

183 2539 487 2612 ἀνατίθησιν
513 2537 685 2606 αὐτῷ,
715 2535 810 2606 τὴν
840 2534 1059 2603 ἀγάπην
1088 2531 1229 2602 φημί
1249 2549 1260 2559 ·
1296 2531 1362 2602 ῆν
1396 2531 1486 2582 καὶ
1516 2529 1738 2601 πρώτην

181 2631 407 2702 ὀΣωτὴρ
441 2633 501 2683 ὲν
535 2627 772 2688 ἐντολαῖς
802 2625 1008 2690 ἔταξεν.

247 2719 438 2776 Δια-ῶν
465 2716 932 2785 ὲπεκαλεσὰμην
985 2715 1096 2768 τὸν
1143 2714 1357 2782 Κύριον
1387 2713 1481 2766 καὶ
1513 2713 1579 2766 ἐκ
1623 2709 1741 2765 τῶν

180 2813 395 2882 ἐχθρῶν
448 2827 572 2881 μου
633 2808 997 2876 σωθήσομαι.
1077 2806 1335 2858 Ἐνταῦθα
1385 2802 1740 2873 διδασκόμεθα

183 2905 330 2977 χάριν
371 2903 469 2975 μὲν
491 2903 777 2973 ὁμολογεῖν
812 2900 949 2970 ὑπὲρ
975 2898 1083 2950 τῶν
1112 2895 1476 2966 ὑπηργμένων
1499 2894 1736 2961 ἀγαθῶνο

184 2997 342 3048 αἰτεῖν
369 2995 426 3046 δὲ
459 2993 630 3045 πάλιν
661 2990 728 3042 τὰ
753 2989 1017 3042 ἐνδέοντα.
1043 2983 1174 3039 Εἶτα
1201 2985 1466 3056 διηγεῖται
1496 2984 1592 3050 τὰς
1617 3000 1742 3038 παν-

182 3085 408 3147 τοδαπὰς
437 3084 549 3136 τῶν
589 3079 858 3150 πολεμίων
883 3079 1292 3139 ἐπαναστάσεις.

244 3175 572 3248 Περιέσχον
598 3190 676 3242 με
718 3171 923 3235 ὠδῖνες
961 3168 1237 3225 θανάτου.
1275 3167 1524 3230 Οὐδενὸς.
1556 3167 1735 3236 φησιν,

1903 1991 2017 2027 rum
2056 1977 2166 2044 ejus
2203 1991 2249 2030 et
2271 1980 2334 2032 de
2367 1997 2524 2034 manu
2557 1981 2757 2047 Saulis,
2784 1983 2848 2037 ad
2877 1983 3180 2052 spirituales
3206 1986 3391 2042 hostes

1908 2077 1960 2120 et
1990 2068 2182 2122 horum
2218 2073 2514 2141 principem
2549 2073 2739 2129 referri
2773 2085 2969 2145 potest.

1905 2247 1957 2302 2.
2012 2248 2238 2319 Diligam
2289 2262 2352 2317 te,
2393 2251 2639 2314 Domine,
2675 2255 2930 2323 fortitudo
2972 2273 3102 2319 mea,
3144 2257 3396 2312 Dominus

1838 2340 2225 2406 ﬁrmamentum
2277 2362 2444 2399 meum
2505 2358 2552 2400 et
2601 2349 2857 2419 refugium
2901 2367 3087 2406 meum.
3126 2351 3258 2407 Cum
3303 2354 3393 2409 Dei

1839 2433 2066 2487 senserit
2097 2433 2373 2501 beneﬁcia,
2401 2437 2542 2506 quod
2561 2440 2800 2492 omnium
2827 2441 3089 2495 donorum
3113 2452 3196 2496 est
3227 2445 3395 2497 maxi-

1841 2537 1987 2575 mum
2028 2521 2183 2576 oﬂ‘ert
2221 2524 2344 2593 ipsi,
2376 2541 2565 2595 nempe
2603 2529 2944 2596 eharitatem,
2978 2532 3063 2584 cui
3103 2533 3305 2601 primas
3338 2535 3392 2589 in

1840 2614 2120 2682 praeceptis
2151 2612 2397 2669 Salvator
2424 2617 2635 2671 detulit.

1907 2700 1960 2755 3.
2010 2700 2254 2758 Laudans
2305 2705 2536 2758 invocavi
2591 2705 2886 2773 Dominum,
2937 2719 2986 2761 et
3046 2711 3108 2761 ab
3165 2711 3389 2767 inimicis

1839 2793 1965 2845 meis
2011 2793 2184 2847 salvus
2232 2812 2337 2848 ero.
2384 2794 2480 2852 Hic
2527 2796 2786 2852 docemur
2818 2800 3041 2868 gratiam
3079 2802 3278 2856 relerre
3321 2805 3388 2857 de

1840 2885 1997 2939 bonis
2038 2887 2234 2951 quibus
2278 2888 2419 2940 aucti
2469 2903 2656 2943 smnus
2695 2908 2707 2943 :
2747 2899 2801 2944 et
2846 2906 3060 2944 rursum
3119 2894 3392 2962 postulare

1841 2991 1961 3045 qua:
1993 2977 2205 3032 desunt.
2252 2977 2510 3049 Deinceps
2547 2989 2722 3035 autem
2761 2982 3001 3036 diversas
3044 2994 3258 3038 enarrat
3289 2985 3393 3038 ini-

1841 3069 2102 3122 micorum
2143 3071 2488 3140 irruptiones.

1910 3159 1961 3214 5.
2010 3159 2470 3214 Circumdederunt
2510 3178 2589 3217 me
2625 3164 2826 3218 dolores
2871 3168 3072 3221 mortis.
3102 3164 3216 3223 Non
3252 3185 3394 3226 mor-

183 3241 404 3322 ὲνταθθα
445 3241 691 3337 ’τολέμου
743 3263 936 3331 θνητοῦ
974 3261 1266 3332 μέμνηται,
1301 3259 1433 3313 ἀλλὰ
1461 3258 1736 3328 δυνάμεων

1845 3251 1947 3305 tale
1975 3253 2060 3306 hic
2080 3253 2275 3306 bellum
2295 3265 2576 3317 memorat,
2606 3255 2696 3309 sed
2741 3256 3034 3312 invisibiles
3077 3269 3392 3328 potestates.

183 3360 413 3429 ἀφανῶν,
445 3360 600 3412 ἔνδον
624 3359 722 3429 τὴν
746 3357 920 3427 ψυχὴν
942 3354 1104 3408 αὑτοῦ
1131 3351 1457 3406 κυκλουσῶν.
1494 3349 1600 3402 Καὶ
1620 3349 1738 3417 χει-

180 3454 378 3520 μαρῤοι
415 3449 674 3519 areu/ac
704 3444 1066 3514 ἐξετάραξάν
1088 3459 1181 3512 με.
1229 3441 1449 3505 Ὠὃῖνες
1466 3438 1612 3506 ᾅδου
1639 3454 1738 3490 πε-

177 3542 594 3610 ριεκυκλωσάν
619 3559 695 3611 με
723 3558 737 3572 ο
767 3535 1155 3608 προέφθασάν
1171 3550 1249 3604 με
1289 3531 1532 3602 πατίδες
1562 3528 1740 3585 θαι-ἁ-

183 3650 300 3690 του.
337 3637 650 3708 Χείμαρροι
692 3631 918 3702 ἀνομίας
968 3629 1103 3683 εἰσιν
1146 3630 1192 3680 οἱ
1242 3627 1540 3697 παράνομοι
1597 3624 1741 3692 λογι-

187 3726 300 3794 σμοί
320 3742 334 3756 ο
361 3719 509 3779 οὗτοι
543 3724 605 3778 δὲ
639 3721 789 3775 αὐτοὶ
816 3723 907 3773 καὶ
935 3720 1121 3780 ὠδῖνες
1160 3718 1445 3771 καλοῦνται
1479 3715 1742 3785 χρονίζονο

184 3831 266 3878 τες
289 3816 343 3868 ὲν
371 3817 527 3886 ἡμῖν,
576 3813 671 3866 καὶ
716 3810 874 3864 πάλιν
918 3808 1161 3878 παγίδες,
1209 3807 1560 3869 θανατοῦντες
1594 3807 1738 3876 ἡμᾶς

182 3905 262 3959 διὰ
290 3907 383 3977 τῆς
417 3907 539 3960 κατ’
576 3903 853 3976 ἐνέργειαν
888 3900 1179 3972 ἁμαρτίας.

248 4000 351 4052 Kal
370 3998 678 4062 ἐσαλεύθη
721 3993 815 4048 καὶ
846 3994 1128 4062 ἔντρομος
1161 3989 1411 4060 ἐγενήθη
1451 3991 1488 4057 ἡ
1525 3987 1622 4059 γῆ.
1659 3988 1738 4042 Τὰ

187 4091 519 4162 παραχθέντα
566 4088 687 4140 τότε
732 4087 824 4139 ἐπὶ
865 4089 929 4154 τῇ
962 4084 1172 4154 καθόδῳ
1212 4081 1304 4135 τοῦ
1347 4082 1548 4152 Κυρίου
1590 4082 1738 4150 εἰση-

185 4183 379 4247 γεῖταιο
415 4180 624 4241 πάντες
651 4176 759 4248 γάρ
805 4176 852 4228 οἱ
890 4175 987 4246 τὴν
1028 4174 1132 4242 γῆν
1179 4170 1451 4235 οἰκοῦντες
1483 4171 1736 4242 ἐκινήθη-

188 4290 304 4326 σαν·
341 4272 492 4327 πᾶσά
525 4285 588 4323 τε
629 4267 782 4339 χώρα
809 4265 1111 4337 ἐπληροῦτο
1143 4263 1242 4333 τῆς
1277 4263 1403 4334 περὶ
1430 4261 1593 4315 αὐτοῦ
1633 4263 1736 4332 φή-

187 4380 302 4434 μης.
335 4363 443 4418 Kal
488 4359 566 4414 τὰ
619 4356 862 4428 θεμέλια
900 4355 1019 4409 τῶν
1070 4353 1252 4426 ὀρέων
1300 4351 1736 4422 ἐταράχθησαν,

189 4455 316 4527 Ὀρη
342 4455 606 4525 δυνάμεις
629 4451 735 4504 εισι
758 4449 990 4520 πονηραὶ
1015 4448 1071 4500 αἱ
1098 4446 1451 4516 ἐπαιρόμεναι
1478 4445 1616 4498 κατὰ
1638 4445 1738 4514 τῆς

1839 3343 1985 3396 intus
2014 3345 2248 3398 animam
2275 3344 2443 3413 ipsius
2472 3347 2886 3404 circumdantes.
2918 3348 2982 3402 Et
3019 3360 3271 3406 torrentes
3297 3355 3395 3407 ini-

1837 3434 2051 3501 quitatis
2083 3434 2520 3488 conturbauerunt
2560 3451 2657 3491 me.
2688 3437 2905 3493 Dolores
2945 3440 3139 3510 inferni
3172 3444 3394 3496 circum-

1837 3523 2086 3576 dederunt
2140 3541 2239 3587 me,
2289 3539 2777 3595 prmoccupaverunt
2829 3544 2908 3582 me
2963 3531 3135 3601 laquei
3188 3535 3389 3589 mortis.

1839 3612 2128 3671 Torrentes
2169 3615 2468 3686 iniquitatis
2508 3627 2634 3672 sunt
2675 3633 2852 3687 pravze
2896 3621 3284 3690 cogitationes:
3317 3639 3394 3676 em

1839 3707 1981 3760 enim
2008 3708 2135 3777 ipsa:
2161 3708 2377 3765 dolores
2407 3718 2668 3764 vocantur
2693 3725 2814 3763 cum
2856 3710 2944 3764 diu
2996 3711 3047 3764 in
3091 3713 3247 3766 nobis
3273 3729 3394 3782 pcr-

1840 3809 2107 3863 severant,
2153 3809 2204 3854 et
2260 3801 2451 3856 iterum
2500 3803 2697 3871 laquei,
2752 3802 2876 3871 quia
2904 3816 3000 3858 nos
3043 3818 3138 3872 per
3180 3807 3394 3858 acturio

1837 3902 2114 3960 peccatum
2142 3903 2385 3948 enecant.

1909 3983 1960 4037 8.
2008 3981 2279 4037 Commota
2305 3994 2380 4037 est
2420 3993 2468 4038 et
2497 3994 2805 4040 contremuit
2841 3995 2998 4042 terra.
3029 3985 3158 4057 Qua:
3205 3990 3258 4043 in
3299 3991 3391 4044 de—

1838 4088 2032 4129 scensu
2074 4073 2288 4128 Domini
2312 4089 2538 4130 evenere
2569 4086 2772 4130 narrat.
2805 4075 3004 4133 Omnes
3029 4081 3169 4134 enim
3204 4079 3392 4135 incolae

1839 4171 1995 4217 terrae
2034 4165 2287 4217 commoti
2321 4174 2465 4226 sunt,
2493 4166 2640 4234 regio
2669 4167 2849 4220 omnis
2881 4169 2997 4233 ejus
3019 4167 3160 4222 fama
3190 4171 3393 4238 repleta

1838 4265 1938 4308 est.
1982 4252 2346 4309 Fundamenta
2374 4256 2625 4308 montium
2665 4257 2975 4312 conturbata
3009 4269 3150 4313 sunt.
3183 4258 3358 4316 Monte
3381 4299 3392 4311 .

1839 4353 1967 4399 sunt
1989 4345 2234 4415 maligna
2263 4355 2572 4414 potestates.
2609 4363 2730 4416 qua:
2764 4349 3174 4404 insurrexerunt
3199 4349 3387 4405 advel—

1841 4452 1935 4491 sus
1980 4436 2072 4491 Dei
2123 4438 2366 4509 gloriam.
2424 4437 2792 4495 Fundamenta
2840 4450 3018 4495 autem
3074 4457 3257 4496 eorum
3317 4444 3391 4498 ait

186 4544 329 4618 δόξης
355 4546 449 4599 τοῦ
475 4545 640 4599 Θεοῦ.
672 4541 909 4612 Θεμέλια
939 4540 994 4593 δὲ
1024 4538 1202 4591 αὐτῶν
1227 4538 1351 4599 τοὺς
1384 4537 1442 4589 ὲν
1476 4535 1627 4606 βάθει
1655 4537 1736 4589 λο-

1840 4529 2138 4599 profundas
2173 4531 2544 4600 cogitationes.
2581 4530 2646 4584 Et
2692 4541 2948 4585 commota
2983 4545 3103 4586 sunt
3144 4536 3386 4604 quoniam

186 4637 400 4709 γισμούς
433 4653 624 4707 φησιν.
671 4635 780 4690 Kal
832 4631 1288 4695 ἐσαλεύθησαν,
1346 4627 1433 4681 ὅτι
1476 4627 1735 4697 ὠργίσθη

1840 4624 2008 4676 iratus
2041 4633 2115 4676 est
2151 4624 2224 4676 eis
2261 4622 2418 4677 Deus.
2452 4621 2589 4688 Quia
2632 4624 2888 4678 diuturno
2917 4628 3173 4695 temporis
3214 4631 3386 4697 spatio

186 4730 370 4796 αὐτοῖς
399 4732 431 4784 ό
464 4728 631 4794 Θεός.
665 4726 804 4780 Διότι
842 4727 898 4778 ὲν
933 4719 1305 4793 μακρῷάῐῶνι
1347 4721 1472 4782 τοὺς
1510 4718 1600 4773 ἐπὶ
1639 4718 1735 4791 τῆς

186 4823 277 4893 γῆς
301 4823 593 4892 ἠπάτησαν
622 4817 712 4872 διὰ
740 4817 836 4888 τῆς
864 4813 1122 4868 πολυθέου
1155 4809 1593 4881 δεισιδαιμονίας.

255 4913 453 4981 Ἀνέϐη
477 4909 714 4976 καπνὸς
737 4909 807 4961 ἐν
828 4904 975 4977 ὀργῆ
998 4903 1203 4959 αὐτοῦ.
1238 4902 1561 4974 Ὀργισθεὶς,
1581 4899 1731 4970 φησι,

185 5004 495 5059 κατέσϐεσεν
529 5000 714 5056 αὐτῶν
750 4997 810 5052 τὸ
844 4997 954 5067 πῦρ
985 4997 1051 5050 δι’
1085 4993 1145 5050 οὔ
1180 4995 1344 5049 πάλαι
1373 4994 1496 5055 τοὺς
1529 4992 1734 5064 ἀνθρώ-

186 5113 305 5160 πους
330 5095 682 5166 κατέφλεγον.
725 5092 835 5144 Καὶ
881 5087 1068 5144 τούτου
1101 5086 1366 5160 σύμϐολον
1407 5086 1496 5138 τὸν
1531 5083 1734 5139 καπνὸν

185 5186 366 5259 τίθησι.
397 5187 504 5244 Kal
550 5185 672 5253 πῦρ
704 5182 823 5238 ἀπὸ
855 5182 1176 5250 προσώπου
1215 5177 1399 5233 αὑτοῦ
1444 5179 1734 5246 καταφλε-

185 5279 432 5348 ﬁderat.
466 5277 658 5332 Ταῦτα
671 5275 778 5346 γὰρ
798 5272 936 5329 ὀτοῦ
959 5273 1091 5326 Θεοῦ
1121 5271 1246 5335 Υἱὸς
1276 5271 1489 5341 ἐνεργεῖ
1515 5267 1733 5337 ἀφανῶς

186 5370 314 5424 κατὰ
329 5371 435 5424 τῶν
455 5366 849 5437 ἀντικειμένων
864 5364 1145 5434 δυνάμεων
1168 5362 1228 5414 τὸ
1250 5361 1358 5431 πῦρ
1379 5359 1556 5414 αὐτῶν
1579 5359 1732 5412 σϐεν-

186 5461 268 5524 νὺς
285 5461 452 5532 ἑτέρῳ
476 5459 613 5529 πυρὶ
630 5456 898 5528 κρείττονι
930 5457 1021 5508 καὶ
1041 5451 1405 5523 δυνατωτὲρῳ.
1435 5449 1732 5522 ὐρῶντες

186 5551 282 5621 γὰρ
301 5554 348 5606 οἱ
377 5552 631 5621 δαίμονες
673 5549 762 5603 τὸν
801 5547 1004 5620 Κύριον
1025 5588 1039 5611 ,
1077 5549 1135 5599 ἐν
1167 5547 1232 5616 τῇ
1273 5543 1540 5615 παρουσίᾳ
1567 5540 1730 5596 αὐτοῦ

188 5642 411 5695 ἐκαίοντο
459 5641 570 5694 ἀπὸ
621 5636 911 5712 προσώπου
959 5633 1183 5708 αὐτοῦ]
1220 5636 1542 5700 Ἀνθρακες
1589 5628 1731 5695 ἀνή-

187 5734 411 5799 νυησαν
460 5734 562 5787 ἀπ’
601 5732 807 5786 αὐτοῦ.
853 5731 913 5783 Ol
967 5728 1106 5782 κατὰ
1139 5726 1424 5798 μετουσίαν
1450 5724 1543 5778 τοῦ
1587 5724 1730 5778 θείου

190 5825 341 5898 κυρϋς
365 5825 746 5893 φωτισθέντες.

1836 4721 1992 4769 terra:
2018 4715 2222 4769 incolas
2244 4715 2570 4784 deceperunt
2605 4729 2699 4784 per
2729 4718 3162 4785 superstitiosum
3192 4721 3389 4773 multo-

1834 4823 1953 4862 rum
1983 4811 2262 4864 numinum
2295 4810 2517 4864 cultum.

1909 4900 1961 4954 9.
2014 4901 2260 4954 Ascendit
2309 4901 2485 4966 fumus
2529 4901 2585 4952 in
2620 4901 2702 4954 ira
2744 4901 2878 4970 ejus.
2937 4909 3131 4968 iratus,
3191 4901 3384 4972 inquit.

1833 5007 2020 5047 eorum
2074 4993 2248 5062 ignem
2299 5009 2409 5064 quo
2460 4992 2589 5046 olim
2657 4994 2900 5048 homines
2951 4995 3384 5060 concremabant,

1833 5082 2102 5136 restinxit.
2137 5081 2385 5152 ignisque
2422 5082 2633 5153 signum
2665 5082 2871 5137 fumum
2900 5085 3070 5153 ponit.
3110 5082 3178 5137 Et
3200 5085 3332 5154 ignis
3354 5105 3386 5138 η

1834 5175 1967 5237 facie
1999 5175 2111 5243 ejus
2150 5175 2472 5229 exardescet.
2513 5173 2634 5230 Haec
2683 5175 2826 5230 enim
2876 5175 2965 5231 Dei
2997 5175 3159 5232 Filius
3201 5187 3382 5232 contra

1832 5266 2170 5321 adversarias
2242 5275 2534 5336 potestates
2599 5267 2808 5322 occulte
2884 5276 3138 5336 operatur
3207 5269 3383 5337 ignem

1831 5373 2017 5413 eorum
2051 5359 2400 5427 esstinguens
2429 5363 2548 5427 igne
2590 5358 2695 5412 alio
2725 5359 2929 5426 potiore
2966 5368 3020 5413 et
3055 5359 3383 5415 ardentiore.

1834 5448 2108 5522 [Videntes
2132 5454 2272 5505 enim
2300 5451 2570 5505 daemones
2595 5450 2903 5518 Dominum,
2927 5451 2979 5505 in
3007 5452 3234 5506 adventu
3268 5453 3390 5520 ejus

1832 5541 2288 5596 comburebantur
2342 5556 2368 5593 a
2415 5538 2550 5596 facie
2597 5538 2811 5612 ipsius.]
2845 5539 3104 5595 Carbones
3153 5541 3386 5595 succensi

1831 5640 1952 5686 sunt
1990 5629 2055 5682 ab
2078 5645 2155 5683 eo.
2189 5629 2225 5683 li
2254 5629 2456 5684 scilicet
2483 5629 2574 5700 qui
2595 5645 2687 5699 per
2715 5629 3177 5699 participationem
3205 5629 3386 5684 divino

1831 5721 1952 5792 igne
1982 5732 2107 5775 sunt
2133 5721 2432 5776 illuminati.
