4122 6486
185 463 271 515 ns
1229 460 1590 519 EXPOSLTIO
1630 461 1695 517 IN
1735 462 2069 519 PSALMUM
2111 461 2271 518 XVII.

3298 471 3398 525 ιιι

185 576 384 646 θεμέλια
421 576 519 645 τῆς
553 577 646 629 ὑπ’
686 579 935 648 ούρανῦν,
968 579 1092 641 τοὺς
1121 579 1309 646 ἁγίους
1350 579 1679 642 ἀποστόλους
1715 596 1728 610 ·

1836 593 2016 635 menta
2048 582 2217 648 orbis,
2248 592 2465 637 sanctos
2499 582 2777 653 apOstolos
2810 601 2825 639 :
2857 598 2981 639 nam
3017 591 3071 639 et
3115 585 3215 656 ipsi
3250 589 3398 643 salu-

186 668 574 735 ἀνιπηγάςουσι
614 669 725 737 γὰρ
759 670 850 721 καὶ
874 669 1023 722 αὐτοὶ
1044 670 1134 722 τὸν
1161 672 1420 740 σωτήριον
1454 668 1608 737 λόγον
1643 671 1736 722 καὶ

186 763 399 833 κρηπεόα
455 766 525 833 τῇ
578 765 672 816 ὑπ’
719 764 944 835 οὐρανὸν
990 765 1344 818 κατεεάλοντο
1401 764 1498 834 τὴν
1532 766 1735 819 πίστιν.

184 853 353 921 Πηγὰς
378 853 433 904 δὲ
476 854 691 907 ὑδάτων
736 857 827 909 καὶ
858 856 1079 925 θεμέλια
1118 858 1215 927 τῆς
1246 860 1566 930 οἰκουμένης
1615 858 1739 928 νοή-

186 959 281 1007 σεις
312 942 466 994 πάλιν
490 944 553 995 τὸ
590 947 857 1015 σωτήριον
882 945 1179 1015 βάπτισμα.

259 1035 379 1088 And
432 1035 833 1104 ἐπιτιμήσεως
882 1054 1038 1101 σου,
1096 1039 1291 1104 Κύριε.
1349 1041 1739 1109 Προσυπακου-

186 1125 320 1177 στέον
349 1126 425 1188 τὸ,
452 1128 799 1199 ἀνῃρέθησαν
837 1130 883 1181 οἱ
924 1128 1309 1201 προλεχθὲντες
1343 1131 1544 1202 ἐχθροί.
1598 1130 1734 1184 Ἀπὸ

182 1217 545 1283 ἐμπνεύσεως
571 1220 913 1288 πνεύματος
950 1212 1133 1290 ὀργῆς
1184 1238 1319 1274 σου.
1358 1223 1431 1275 Ub
1488 1222 1739 1292 παραυτά

180 1306 294 1369 (92’);
322 1307 535 1373 κολάζει
564 1312 692 1374 τοὺς
724 1312 1131 1381 ἁμαρτάνοντας
1157 1329 1171 1343 ⁶
1233 1313 1264 1383 ἢ
1318 1313 1427 1385 γὰρ
1479 1314 1544 1367 ἂν
1570 1314 1735 1385 ἄρδην

181 1397 438 1452 ἀπώλοντο
462 1419 476 1430 ·
514 1406 900 1470 προαναφωνεῐ
923 1405 979 1457 δὲ
1004 1404 1101 1473 τῆς
1124 1404 1294 1475 ὀργῆς
1318 1404 1415 1469 τὰς
1445 1404 1690 1469 κολάσεις
1718 1420 1733 1436 ·

182 1488 473 1544 Παιδεύσω
517 1493 635 1561 γὰρ
664 1496 886 1562 αὐτοὺς
929 1497 998 1549 ἐν
1041 1496 1116 1565 τῇ
1154 1497 1303 1565 ὀργῇ
1334 1499 1444 1566 τῆς
1476 1500 1735 1567 θλίψεως

180 1576 378 1631 αὐτῶν.
417 1581 527 1634 Καὶ
577 1581 737 1636 τοῦτό
779 1586 891 1637 ἐστι
923 1584 983 1637 τὸ
1011 1586 1269 1638 ἐμπνέειν
1319 1586 1497 1639 αὐτὸν·
1522 1585 1734 1657 πνεῦμα

179 1669 262 1737 τῆς
293 1672 455 1741 ὀργῆς
491 1674 685 1729 αὑτοῦ.

1842 680 1956 727 tare
2009 673 2229 727 verbum
2284 673 2615 739 scaturiunt,
2672 684 2725 731 et
2790 674 3199 733 fundamentum
3251 680 3398 737 orbis

1843 776 2157 835 posuerunt,
2203 766 2359 821 fidem
2410 768 2678 823 videlicet.
2713 767 2914 824 Fontes
2957 770 3081 826 item
3120 781 3173 827 et
3206 772 3399 831 funda-

1837 868 2015 911 menta
2055 858 2204 911 orbis
2244 859 2537 914 salutarent
2582 860 2905 930 baptismum
2933 862 3392 934 interpretaberis.

1908 1040 1994 1093 17.
2041 1039 2113 1093 Ab
2166 1041 2515 1111 increpatione
2562 1052 2674 1109 tua,
2715 1041 2950 1098 Domine.
3003 1042 3395 1115 Subiutellige,

1836 1132 2033 1185 sublati
2070 1143 2197 1187 sunt
2229 1134 2470 1202 praedicti
2504 1134 2711 1191 hostes.
2744 1136 2820 1191 Ab
2859 1137 3200 1207 inspirmione
3233 1138 3396 1207 spiri-

1835 1238 1917 1278 tus
1937 1228 2029 1279 ira:
2054 1235 2175 1279 tum.
2207 1225 2322 1281 Non
2354 1238 2529 1282 autem
2554 1230 2732 1285 statim
2758 1246 2880 1285 eum
2912 1231 3395 1300 peecanthomines

1832 1332 1925 1370 eos
1959 1315 2099 1370 Deus
2134 1319 2317 1387 punit;
2346 1334 2469 1371 nam
2505 1319 2549 1373 si
2577 1320 2676 1374 hoc
2705 1320 2873 1388 fieret,
2899 1321 2999 1390 ipsi
3039 1321 3194 1393 plane
3234 1322 3398 1376 intrr-

1834 1408 1973 1461 ireut
2027 1427 2039 1462 :
2083 1424 2206 1461 nam
2256 1409 2349 1463 ine
2377 1411 2645 1479 supplicia
2690 1413 2846 1482 longe
2895 1424 3023 1468 ante
3071 1412 3397 1484 praenuntiat

1830 1514 1991 1568 quam
2032 1499 2257 1569 iniligat.
2287 1500 2373 1555 Ait
2401 1503 2546 1556 enim
2597 1522 2610 1558 :
2655 1502 2953 1572 Corripiam
2988 1521 3074 1559 eos
3103 1506 3156 1558 in
3186 1506 3268 1559 ira
3300 1506 3397 1559 tri-

1831 1588 2117 1644 bulationis
2151 1608 2330 1644 eorum
2364 1593 2405 1646 ⁸.
2438 1591 2503 1647 Et
2532 1594 2587 1648 in
2625 1595 2728 1650 hoc
2757 1595 2960 1650 dicitur
2988 1594 3257 1665 inspirare
3294 1596 3400 1665 spi-

1830 1679 1994 1733 ritum
2024 1682 2117 1735 ira:
2147 1696 2277 1736 sure.

243 1802 420 1859 οαηίει
456 1805 733 1860 Barbarus
757 1826 774 1861 :
805 1809 949 1864 Misit
981 1810 1044 1865 de
1089 1817 1215 1866 caelo
1259 1825 1307 1868 et
1350 1816 1549 1884 accepit
1585 1833 1683 1870 me.
1718 1814 1853 1869 Vere
1891 1814 2188 1870 humanum
2235 1832 2404 1888 genus
2445 1820 2697 1889 servavit,
2734 1819 2802 1876 de
2844 1822 2982 1877 etelo
3030 1822 3189 1879 nobis
3226 1822 3399 1879 sancti

183 1890 396 1962 Spiritus
419 1897 629 1951 donum
660 1899 971 1956 (lentittens.
995 1903 1296 1958 Theodolio
1331 1924 1342 1959 :
1374 1905 1453 1960 De
1474 1908 1599 1961 caelo
1630 1908 1854 1961 salutent
1884 1906 2013 1960 mihi
2041 1908 2247 1963 tribuit.

242 2008 652 2073 Προσελάϐετό
680 2029 759 2080 με
811 2015 881 2078 ἐξ
937 2016 1172 2071 ὑδάτων
1216 2020 1483 2074 πολλῶν.
1523 2022 1731 2075 Ὕδατα

1908 2023 2202 2093 Assumpsit
2231 2041 2309 2079 me
2343 2043 2406 2080 ae
2434 2028 2586 2098 aquis
2616 2028 2820 2084 multis.
2847 2028 3036 2100 Aquas
3057 2029 3190 2088 dicit
3223 2040 3399 2091 tenta-

178 2096 288 2159 τοὺς
320 2103 661 2170 πειρασμούς
697 2123 849 2175 φησι.

241 2185 360 2258 [Ἐξ
405 2191 645 2247 ὑδάτων
680 2197 945 2252 πολλῶν.
992 2199 1198 2254 ’Υδατα
1246 2205 1371 2267 τοὺς
1398 2205 1731 2276 πειρασμούς

182 2294 318 2347 φησι.
346 2283 507 2350 Λέγε.
552 2289 582 2340 ὁ
624 2289 814 2341 Δαυῖδ·
847 2291 1059 2345 Ἕλαϐἐ
1079 2311 1174 2361 με,
1216 2296 1335 2365 ἦτοι
1384 2297 1482 2367 τὴν
1524 2297 1732 2368 ἀνθρω-

185 2369 323 2422 πείαν
354 2373 547 2440 φύσιν·
585 2378 988 2450 ἐϐαπτίσθησαν
1040 2382 1147 2455 γὰρ
1199 2385 1256 2437 ἐν
1302 2388 1365 2456 τῇ
1402 2386 1582 2459 ἡμέρᾳ
1632 2388 1731 2458 τῆς

183 2457 540 2536 Πεντηκοστῆς
573 2468 705 2522 ὡσεὶ
734 2471 902 2541 ψυχαὶ
933 2475 1225 2545 τρισχίλιαι
1274 2479 1377 2531 ὑπὸ
1428 2479 1537 2535 τῶν
1593 2482 1729 2534 ἁπο-

180 2552 380 2607 οτόλων.
405 2555 420 2627 ]

250 2644 515 2699 Ῥὐσεταῖ
532 2667 611 2717 με
637 2651 705 2705 ἐκ
756 2652 873 2707 τῶν
897 2657 1124 2726 ἐχθρῶν
1162 2677 1275 2728 μου
1308 2660 1597 2726 δυνατῶν,
1629 2664 1726 2718 καὶ

177 2731 236 2783 ἐκ
263 2733 372 2785 τῶν
400 2742 749 2805 μισούντων
790 2763 885 2814 με.
937 2749 1028 2812 Εἰς
1073 2750 1140 2804 τά
1169 2754 1528 2823 πεπραγμένα
1583 2754 1729 2824 αὐτῷ

176 2822 257 2877 ἐπὶ
282 2830 340 2896 τῇ
370 2830 615 2905 ἁμαρτίᾳ
648 2838 740 2889 καὶ
775 2842 840 2910 τῇ
881 2844 1135 2912 μετανοίᾳ
1168 2822 1386 2912 μετέϐη.
1422 2847 1486 2897 Ὃ
1501 2844 1555 2897 δὲ
1580 2822 1727 2914 λέγει

177 2914 393 2971 τοιοῦτον
442 2924 613 2980 ἐστιν.
655 2928 791 2999 Ἤδη
843 2932 959 2998 μὲν,
1000 2932 1098 2999 τῆς
1136 2932 1574 3005 ἐξομολογήσεώς
1628 2954 1725 3007 μου

177 3004 463 3073 ἐπακούσας
487 3012 514 3062 ὁ
550 3011 773 3081 Κύριος,
806 3016 995 3083 γέγονέ
1028 3037 1116 3089 μοι
1138 3022 1559 3093 ἀντιστήριγμα,
1602 3025 1728 3094 μέλε

177 3091 340 3161 λοντός
391 3118 492 3170 μου
523 3108 946 3176 περιτρέπεσθαι
978 3113 1069 3165 καὶ
1098 3114 1239 3182 μέγα
1274 3091 1475 3185 πτῶμα
1524 3091 1727 3186 ὑπομέ-

177 3200 292 3249 νειν,
340 3192 386 3241 εξ
427 3193 567 3260 μετὰ
604 3194 701 3266 τὴν
729 3198 1001 3269 ἁμαρτίαν
1030 3204 1108 3265 εἰς
1152 3205 1388 3275 παντελῆ
1438 3206 1723 3271 ἐξέπιπτον

176 3276 504 3336 ἀποστασίαν.
571 3285 716 3355 Πλὴν
764 3290 898 3342 ἀλλὰ
943 3293 1036 3344 καὶ
1081 3294 1355 3357 παντελῶς
1387 3297 1608 3364 ῥύσεταί
1653 3316 1721 3369 με

1836 2112 2034 2168 tiones.

1903 2204 1923 2277 [
1958 2206 2030 2259 De
2073 2209 2224 2278 aquis
2274 2212 2478 2268 multis.
2508 2214 2692 2284 Aquas
2723 2224 2883 2271 vocat
2923 2218 3266 2275 tentationes.
3307 2216 3403 2279 Ait

1836 2295 1999 2350 David
2036 2315 2048 2351 :
2086 2301 2295 2369 Accepit
2342 2319 2443 2365 me,
2497 2304 2600 2359 hoc
2642 2316 2723 2360 est
2765 2306 3057 2361 humanam
3108 2318 3397 2367 naturam:

1831 2386 2099 2456 baptizata
2131 2405 2365 2460 namque
2390 2402 2518 2447 sunt
2544 2394 2596 2448 in
2623 2394 2710 2448 die
2734 2393 3080 2452 Pentecosms
3108 2398 3266 2468 quasi
3293 2400 3398 2455 tria

1832 2479 1997 2533 millia
2021 2480 2325 2534 animarum
2356 2482 2425 2536 ab
2444 2482 2752 2556 apostolis]

1901 2657 1986 2711 18.
2032 2656 2233 2727 Eripiet
2261 2674 2340 2711 me
2371 2660 2434 2712 de
2472 2660 2699 2714 inimicis
2727 2662 2856 2717 meis
2890 2663 3217 2733 fortissimis,
3243 2674 3293 2720 et
3330 2666 3395 2720 ab

1829 2746 1894 2799 iis
1920 2749 2009 2816 qui
2031 2745 2251 2802 oderunt
2289 2766 2387 2813 me,
2409 2761 2510 2805 etc.
2534 2752 2750 2806 Transit
2773 2754 2838 2807 ad
2868 2770 2931 2808 ea
2958 2757 3259 2811 enarranda
3275 2772 3398 2828 quae

1829 2837 2031 2905 peccati
2079 2845 2131 2890 et
2183 2838 2513 2905 pceuitentize
2547 2856 2709 2896 causa
2751 2843 2879 2913 egit.
2921 2843 3076 2910 Quod
3111 2854 3289 2902 autem
3321 2848 3399 2903 ait

1828 2927 1907 2981 sic
1951 2926 2252 2995 iutelligito.
2302 2926 2419 2981 Jain
2463 2944 2581 2983 mea
2616 2934 2867 2987 exaudita
2903 2933 3243 2991 confessione
3286 2936 3397 2992 Do-

1830 3018 2009 3072 minus
2050 3016 2225 3073 faetus
2267 3028 2348 3073 est
2384 3020 2514 3074 mihi
2558 3021 2613 3075 in
2674 3022 2932 3092 fulcrum,
2979 3040 3101 3081 eum
3151 3028 3396 3097 proxime

1827 3119 1971 3163 esset
1999 3120 2053 3162 ut
2079 3125 2177 3177 ego
2212 3112 2575 3177 subverterer,
2608 3118 2733 3168 etin
2769 3123 3241 3188 maguum'easum
3272 3137 3399 3177 rue-

1829 3214 1937 3252 rem
1972 3241 1987 3263 ,
2020 3200 2065 3254 si
2094 3209 2216 3269 post
2258 3211 2539 3270 peccatum
2578 3205 2632 3258 in
2672 3206 2917 3261 ultimam
2946 3208 3264 3266 decidissent
3301 3214 3397 3269 tle-

1829 3289 2137 3345 feetiouem.
2173 3292 2438 3348 Cit-terum
2463 3312 2690 3365 prorsus
2721 3297 2809 3353 ille
2832 3300 3027 3369 eripiet
3048 3317 3153 3365 me,
3176 3312 3229 3358 et
3246 3303 3397 3359 dabit

174 3364 327 3433 διδοὺς
370 3373 564 3442 ἄφεσιν
596 3378 695 3447 τῆς
734 3381 1005 3451 ἁμαρτίας
1029 3384 1166 3438 κατὰ
1196 3386 1285 3438 τὸν
1312 3390 1722 3460 προφητευόμεσ-

1829 3380 2027 3450 peceati
2057 3382 2292 3447 veniam,
2323 3364 2564 3453 tempore
2597 3387 2861 3443 adventus
2892 3364 3011 3457 ejus
3057 3404 3084 3444 a
3117 3392 3396 3462 prophetis

175 3471 251 3511 νον
279 3463 460 3532 καιρὸν
490 3466 593 3534 τῆς
622 3468 784 3520 αὑτοῦ
815 3472 1131 3542 παρουσίας,
1177 3477 1270 3528 καὶ
1320 3478 1476 3532 τοῦτο
1506 3482 1720 3543 ποιήσει

174 3546 452 3618 εὐεργετῶν
483 3570 552 3622 με
583 3556 611 3607 ὁ
657 3558 877 3627 Κύριος,
912 3560 1038 3613 ’Ότι
1084 3562 1350 3630 ἠθέλησέ
1391 3582 1486 3638 με.
1542 3568 1604 3619 Et
1645 3567 1720 3638 μὴ

173 3638 267 3708 γὰρ
291 3640 515 3712 ἠθέλησέ
548 3661 640 3715 με,
684 3649 783 3701 οὐκ
826 3649 891 3703 ἂν
925 3652 1015 3704 τὸν
1064 3654 1346 3724 ποοσήτην
1375 3654 1535 3708 αὑτοῦ
1584 3656 1721 3729 πρὸς

178 3728 234 3795 μὲ
255 3729 558 3789 ἀπέστειλε.

233 3816 333 3869 Καὶ
355 3821 764 3879 ἁνταποδώσει
790 3836 891 3894 μοι
918 3831 1150 3897 Κύριος.
1185 3833 1510 3903 Πέπεισμαι,
1534 3837 1720 3907 φησὶν,

172 3904 242 3957 ὅτι
261 3910 387 3963 κατὰ
409 3915 498 3965 τὶν
528 3916 718 3985 καιρὸν
742 3917 839 3986 τῆς
865 3919 1260 3993 δικαιοκρισίας
1284 3925 1469 3989 αὐτοῦ,
1499 3926 1559 3979 οὐ
1586 3945 1719 3997 μνη-

175 3999 415 4065 μοιεύσας
445 4022 549 4074 μου
580 4012 679 4075 τὰς
711 4009 985 4080 ἁμαρτίας
1012 4052 1026 4076 ,
1058 4013 1200 4066 κατὰ
1246 4015 1344 4085 τὴν
1376 4015 1718 4088 δικαιοσύνην

175 4102 264 4178 μου
287 4091 670 4151 άνταποδώσει.
722 4100 831 4164 Τὰς
860 4102 967 4172 γὰρ
1015 4104 1179 4165 ἄλλας
1211 4122 1309 4175 μου
1355 4107 1581 4178 πράξεις
1620 4112 1720 4175 τὰς

172 4174 223 4224 ὲν
248 4175 551 4257 δικαιοσύνῃ
576 4184 762 4257 ὥσπερ
796 4188 946 4259 ζυγῷ
982 4190 1465 4262 ἀντιπαραϐάλλων
1499 4196 1593 4248 καὶ
1624 4198 1718 4250 ἀνα

172 4272 406 4337 τιστήσας
452 4274 532 4344 τῷ
572 4276 920 4347 ἁμαρτήματί
969 4297 1092 4349 μου,
1129 4283 1271 4335 κατὰ
1322 4284 1454 4337 πολὺ
1495 4286 1719 4339 πλεονα-

174 4352 348 4424 (etiam;
393 4365 620 4436 εὑρήσει
664 4367 757 4420 τοῦ
816 4372 1103 4441 γενομένου
1160 4391 1249 4443 μοι
1301 4375 1711 4447 ἁμαρτήματος.

174 4446 395 4506 Διδάσκει
429 4455 486 4508 δὲ
511 4458 541 4508 ὁ
576 4456 728 4525 λόγος
761 4459 821 4512 τὸ
846 4460 1101 4515 δύνασθαι
1134 4464 1222 4516 τὸν
1255 4467 1397 4519 κατά
1423 4484 1540 4520 τινα
1566 4469 1719 4523 ἀσθέ-

172 4553 300 4593 νειαν
328 4545 667 4618 ὠλισθηκότα
692 4552 1092 4623 ἀναλαμϐάνειν
1118 4557 1307 4610 ἑαυτὸν
1327 4557 1415 4611 διὰ
1451 4558 1715 4632 δευτέρων

173 4634 608 4706 κατορθωμάτων.

231 4717 616 4801 [Δικαιοσύνην
644 4731 742 4801 τὴν
762 4732 997 4787 καθόλου
1023 4735 1221 4807 ἀρετὴν
1247 4736 1395 4806 λέγει
1417 4756 1432 4771 ·
1458 4740 1557 4810 τὴν
1584 4759 1723 4814 πρα-
1754 4736 1797 4793 D

172 4812 339 4884 κτικὴν
369 4818 713 4891 καθαρότητα
739 4823 934 4894 χειρῶν
961 4828 1058 4889 τὰς
1086 4830 1394 4897 πρακτικὰς
1443 4812 1722 4903 ἐνεργείας

172 4898 474 4972 (timid-nou;
505 4911 803 4977 γενομέναι-
833 4913 895 4965 τὸ
932 4915 1040 4968 ἀπὸ
1069 4915 1352 4990 βελτίστης
1386 4898 1552 4984 ἕξεως
1576 4898 1715 4976 απο-

171 4989 428 5053 τελείσθαι.
452 4999 474 5073 ]

1831 3474 2208 3540 ρι’ωηιιηιίοιο.
2248 3473 2413 3542 quue
2455 3485 2576 3541 aget
2608 3477 2872 3533 Dominus
2902 3479 3222 3539 beneﬁcium
3261 3484 3395 3540 mihi

1829 3562 2089 3629 tribuens,
2118 3563 2382 3628 Quoniam
2416 3568 2576 3621 voluit
2616 3586 2717 3624 me.
2747 3570 2881 3627 Nam
2918 3574 2963 3628 si
2993 3589 3079 3629 tne
3113 3575 3391 3645 noluisset,

1829 3668 2169 3724 nequaquam
2195 3659 2510 3727 prophetam
2542 3676 2702 3716 suum
2728 3662 2797 3718 ad
2832 3680 2919 3719 me
2946 3665 3207 3722 misisset.

1896 3830 1985 3885 2|.
2032 3831 2099 3885 Et
2134 3834 2379 3889 retribuet
2421 3838 2547 3889 nti/ti
2590 3836 2869 3907 Dominus,
2912 3848 3017 3897 etc.
3061 3841 3392 3902 Persuasum

1828 3922 1981 3987 mihi,
2008 3923 2204 3993 inquit,
2242 3934 2344 3988 est,
2374 3942 2498 3981 eum
2527 3937 2769 3999 tempore
2805 3931 2939 4002 justi
2970 3934 3164 4003 judicii
3201 3952 3394 4007 pecca-

1828 4023 2005 4069 torum
2050 4032 2295 4072 meorum
2344 4019 2742 4088 immemorem,
2789 4027 3086 4082 secundum
3125 4027 3390 4099 justitiam

1826 4123 2000 4163 meam
2052 4110 2186 4163 mihi
2243 4112 2659 4169 retributurum.
2715 4116 2851 4171 Cum
2901 4117 3055 4173 enim
3110 4120 3216 4175 alia
3271 4137 3391 4181 mea

1823 4212 1987 4266 Opera
2013 4199 2064 4252 in
2086 4200 2298 4267 justitia
2330 4204 2473 4259 edita
2498 4205 2551 4258 iu
2590 4205 2745 4261 lance
2775 4210 3187 4278 eomparahitet
3218 4227 3391 4284 oppo-

1823 4299 1912 4343 net
1943 4301 2164 4362 peccato
2203 4309 2343 4357 meo,
2391 4297 2620 4350 multum
2659 4313 2723 4352 ea
2765 4310 2985 4369 peccato
3013 4317 3043 4356 a
3074 4317 3161 4358 me
3195 4318 3389 4374 perpe-

1823 4388 1961 4436 trato
2014 4385 2427 4452 praeponderare
2472 4388 2726 4444 inveniet.
2770 4390 3005 4448 Doeetur
3043 4404 3222 4451 autem
3263 4412 3387 4451 eum

1821 4473 1913 4540 qui
1977 4470 2289 4527 inﬁrmitate
2351 4477 2587 4544 quadam
2658 4479 2854 4550 lapsus
2906 4482 3011 4546 sit,
3074 4496 3235 4553 posse
3293 4500 3389 4555 per

1820 4564 2057 4617 secunda
2081 4565 2221 4621 bona
2254 4580 2419 4637 opera
2446 4570 2501 4623 iu
2537 4569 2831 4640 pristinum
2872 4587 2931 4629 se
2970 4576 3194 4646 gradum
3230 4577 3390 4633 resti-

1821 4662 1992 4713 tuere.

1899 4743 2193 4816 [Justitiam
2266 4765 2485 4805 omnem
2542 4753 2799 4811 virtutem
2856 4756 3035 4824 dicit;
3097 4760 3387 4830 puritatem

1827 4852 2087 4894 manuum
2133 4840 2187 4895 in
2241 4843 2469 4913 agendo,
2519 4846 2821 4916 inculpatas
2873 4852 3237 4921 operationes,
3267 4870 3389 4925 qua:

1828 4931 1897 4986 ab
1924 4931 2134 5001 optimo
2160 4934 2347 4990 habitu
2373 4945 2429 4991 et
2454 4935 2656 4994 affectu
2685 4940 3025 5016 procedam]

232 5154 401 5215 Daniel
435 5163 714 5220 Barbarus
742 5182 760 5222 :
786 5166 1053 5223 Caeterum
1078 5171 1173 5240 qui
1196 5172 1312 5228 haec
1340 5172 1581 5245 loquitur
1602 5176 1739 5232 nihil
1771 5176 1873 5232 sibi
1903 5177 2093 5233 tribuit
2126 5198 2141 5247 ;
2171 5196 2338 5250 quare
2367 5182 2434 5237 ad
2468 5180 2811 5244 Salvatorem
2839 5190 2993 5246 aiunt
3030 5192 3145 5249 haec
3170 5193 3381 5260 referri,

173 5250 248 5316 qui
275 5268 334 5308 ex
354 5257 473 5326 ejus
506 5274 739 5329 persona
771 5262 915 5317 hunc
941 5264 1210 5333 psalmum
1248 5268 1441 5323 dictari
1465 5270 1655 5325 dicunt
1683 5291 1697 5326 :
1733 5269 2011 5325 Tentatum
2042 5290 2135 5342 per
2167 5277 2346 5329 omnia
2372 5279 2660 5333 secundum
2690 5280 3097 5340 similitudinem
3120 5288 3167 5341 si
3186 5301 3233 5344 ιι
3261 5305 3383 5359 pec-

174 5351 272 5396 cato
294 5351 331 5401 ’.
359 5349 635 5407 Justitiam
659 5370 787 5409 vero
811 5367 964 5411 vocat
987 5357 1041 5411 in
1082 5359 1397 5417 universum
1437 5366 1693 5420 aetricem
1715 5366 1971 5422 virtutem
2004 5385 2018 5433 ;
2054 5371 2344 5439 puritatem
2374 5382 2553 5428 autem
2588 5390 2869 5439 manuum,
2900 5378 3129 5444 actrices
3150 5378 3384 5435 faculta-

173 5426 241 5489 ῑοε
272 5448 319 5493 et
337 5447 582 5502 actiones
615 5449 861 5503 sordium
897 5450 1187 5518 immunes,
1214 5465 1267 5508 et
1290 5457 1359 5511 ab
1391 5458 1598 5527 Optimo
1632 5459 1818 5514 habitu
1849 5462 2278 5532 proﬁciscentes.
2313 5465 2581 5523 Caeterum
2607 5469 2676 5525 ab
2701 5470 2851 5525 omni
2884 5470 3145 5541 jactantia
3175 5474 3381 5532 alienas

174 5526 550 5596 benefactorum
578 5560 800 5599 suorum
831 5560 1027 5601 causas
1066 5546 1176 5602 Deo
1207 5526 1573 5609 tribuitaVias
1609 5564 1790 5609 autem
1821 5558 2075 5613 mandata
2099 5560 2370 5625 intelligit.
2392 5562 2508 5620 Non
2540 5565 2702 5637 impie
2732 5576 2914 5623 autem
2950 5584 3009 5625 se
3040 5573 3177 5640 gerit
3200 5569 3269 5627 ab
3291 5584 3378 5643 ea,

176 5620 451 5697 Quicunque
488 5634 739 5691 veritatis
769 5636 1021 5709 dogmata
1056 5655 1112 5702 et
1142 5650 1475 5707 assertiones
1506 5654 1670 5710 probe
1698 5668 1762 5708 ac
1787 5665 1931 5711 recte
1969 5656 2221 5725 explicat.

225 5790 247 5823 ⁸
278 5794 388 5857 Ose.
426 5821 520 5871 νυ,
558 5808 645 5862 l2.
726 5815 745 5841 ’
784 5813 941 5872 Hebr.
983 5836 1051 5886 tv,
1092 5824 1173 5879 l5.
