4122 6482
733 452 839 503 115
1545 441 1600 494 8.
1642 439 2010 495 ATHANASII
2049 437 2198 498 OPP.
2242 437 2421 492 PARS
2459 438 2548 493 Ill.
2590 469 2657 479 —-
2695 435 3103 491 EXEGETICA.
3838 430 3934 486 Ηϐ

794 613 883 667 22.
904 612 1090 666 Daniel
1109 610 1412 666 Barbarus:
1433 608 1541 662 Nec
1570 610 1722 677 impie
1739 614 1870 678 gessi
1903 627 1934 662 α
1969 609 2070 661 Deo
2095 624 2223 661 meo.
2250 606 2417 660 iustis
2437 607 2583 661 enim
2607 608 2698 672 qui
2726 615 2970 677 prompte
2998 603 3073 660 illi
3096 612 3288 674 parent
3318 602 3614 659 mercedem
3644 602 3892 673 rependit
3917 619 3931 655 :

728 708 815 762 ille
844 717 1023 761 autem
1056 722 1159 758 non
1192 720 1248 760 se
1276 704 1438 773 impie
1462 706 1596 775 gerit
1626 706 1715 773 qui
1744 720 1867 758 vera
1900 706 2148 775 dogmata
2179 703 2420 772 suscipit.

798 800 1083 874 [Quoniam
1106 803 1280 855 omnia
1295 803 1523 871 judicia,
1549 812 1651 856 ctc.
1673 800 1775 866 Qui
1807 801 1940 870 lapsi
1967 810 2095 856 sunt
2117 817 2277 869 opor-

2451 797 2619 870 [Ὂτι
2646 813 2839 850 παντο
2868 800 2941 851 τὰ
2971 796 3238 864 κρίματα,
3268 792 3360 845 καὶ
3390 789 3461 843 τὰ
3491 789 3637 859 ἑξῆς.
3688 788 3934 857 Ὠιισθη-

729 902 804 947 tet
835 902 889 947 ut
922 894 1158 961 repetitis
1191 894 1347 947 bonis
1379 894 1632 962 operibus
1669 894 1735 948 ad
1763 894 2039 948 meliorem
2075 908 2132 946 se
2162 892 2275 945 fru-

2394 890 2539 953 ιότας
2566 888 2960 959 ἀναλαμϐάνειν
2990 888 3070 940 δεῖ
3099 886 3319 947 ἑαυτοὺς
3339 882 3426 936 διά
3453 881 3717 952 δευτέρων
3748 894 3938 949 κατορ-

726 998 844 1053 gem
890 984 1167 1054 recipiant.
1203 983 1315 1039 Etsi
1362 992 1540 1039 autem
1576 985 1886 1053 investigari
1932 999 2039 1037 non
2078 992 2277 1052 queant

2394 983 2663 1053 δωμάτων.
2707 982 2768 1034 Εί
2802 981 2896 1034 καὶ
2945 978 3333 1051 ἀνεξερεύνητα
3374 975 3430 1028 δὲ
3459 975 3552 1026 καὶ
3590 972 3659 1025 τὰ
3695 970 3936 1043 κρίματα

722 1072 924 1141 judicia
970 1074 1110 1143 ejus,
1163 1089 1325 1143 atque
1373 1076 1568 1145 abysso
1623 1075 1925 1130 consimilia
1969 1075 2109 1139 sint,
2150 1073 2277 1143 quia

2394 1077 2473 1129 tat
2503 1074 2723 1143 ἀϐύσσῳ
2768 1072 2982 1125 ἐοικότα
3011 1070 3098 1123 διὰ
3131 1068 3190 1122 τὸ
3235 1066 3613 1138 ἀκατάληπτον
3642 1112 3655 1129 ,
3706 1064 3815 1117 ἀλλ’
3844 1056 3936 1147 οὖν

727 1164 933 1219 scilicet
1007 1165 1569 1233 incomprehensibilia
1639 1178 1812 1229 sunt;
1904 1174 2275 1219 verumtamen

2394 1168 2561 1221 πάντα
2588 1165 2813 1219 ἐνώπιόν
2847 1166 2961 1216 ἐστι
2988 1162 3081 1216 τοῦ
3115 1160 3409 1231 Θεοφιλοῦς.
3434 1157 3456 1231 1

724 1257 909 1311 omnia
937 1258 1192 1327 religioso
1221 1259 1336 1313 viro
1363 1261 1644 1328 prmsentia
1679 1258 1851 1331 sunt.]

793 1367 882 1423 23.
928 1369 1114 1423 Daniel
1154 1370 1425 1424 Barbarus
1459 1387 1475 1423 :
1514 1372 1772 1435 Quoniam
1816 1373 1993 1424 omnia
2014 1371 2221 1441 judicia
2257 1370 2369 1439 ejus
2397 1371 2452 1423 in
2499 1375 2778 1435 conspectu
2816 1380 2947 1418 meo.
2976 1362 3079 1428 Qui
3113 1362 3406 1417 secundum
3438 1361 3605 1415 Deum
3637 1360 3803 1414 homo
3833 1345 3934 1425 e51,

725 1460 966 1515 divinum
1001 1462 1248 1515 timorem
1286 1473 1409 1517 ante
1438 1465 1627 1519 oculos
1655 1466 1991 1519 continenter
2022 1466 2251 1530 habens,
2293 1478 2413 1517 cum
2454 1462 2651 1517 ﬁducia
2693 1469 2749 1515 et
2793 1459 3041 1513 libertate
3078 1472 3262 1511 coram
3299 1456 3409 1512 Deo
3451 1459 3579 1527 agit.
3603 1455 3811 1511 Iudicia
3844 1454 3937 1509 Dei

727 1555 773 1609 si
804 1555 1165 1625 inquii-antur,
1196 1558 1565 1613 inscrntabilia
1598 1569 1719 1613 sunt
1742 1569 1794 1613 et
1830 1560 2061 1628 abyssus
2086 1561 2278 1623 multa,
2300 1559 2556 1629 quoniam
2589 1565 2805 1627 propter
2832 1552 3214 1608 obscuritatem
3241 1552 3620 1622 comprehendi
3644 1560 3934 1621 nequeunt.

726 1650 866 1705 Fieri
891 1663 1065 1707 tamen
1100 1655 1241 1709 haud
1274 1664 1467 1723 potest,
1500 1666 1556 1710 ut
1588 1658 1898 1727 qnijudicia
1936 1657 2027 1712 Dei
2056 1673 2166 1727 prae
2198 1657 2371 1713 oculis
2396 1656 2579 1719 habet,
2620 1668 2760 1723 aegre
2792 1650 2930 1706 ferat
2959 1650 3051 1705 Dei
3085 1645 3497 1720 providentiam,
3533 1652 3585 1698 et
3602 1641 3805 1711 judicio
3843 1638 3939 1693 Dei

726 1752 920 1798 cuncta
958 1744 1168 1813 disponi
1202 1766 1214 1800 :
1252 1764 1373 1801 nam
1416 1754 1497 1804 vel
1536 1768 1598 1805 ex
1631 1755 1747 1821 ipso
1772 1754 1963 1823 judicii
2005 1754 2223 1809 nomine
2268 1754 2470 1823 justum
2505 1766 2625 1807 esse
2662 1749 2928 1820 judicium
2973 1746 3357 1817 cognoscitur:
3390 1743 3480 1813 jus
3511 1740 3656 1795 enim
3698 1737 3812 1792 dat.
3845 1735 3939 1791 Vel

725 1836 990 1904 justitiam
1032 1840 1179 1905 dicit,
1208 1858 1330 1895 cum
1364 1848 1543 1899 omnia
1571 1847 1771 1916 judicia
1803 1865 1922 1919 quae
1950 1850 2086 1903 citra
2107 1850 2373 1919 justitiam
2414 1848 2562 1914 liant,
2590 1861 2655 1901 eo
2684 1846 3048 1899 additamento
3081 1839 3447 1899 nominentur,
3480 1841 3539 1886 ut
3575 1846 3679 1885 non
3711 1828 3938 1899 judicia,

728 1934 821 1986 sed
845 1935 1047 2003 judicia
1077 1952 1327 2007 perversa
1350 1940 1616 1996 dicantur.
1650 1941 1936 2012 Propterea
1965 1944 2167 1999 dictum
2196 1956 2299 2007 est,
2332 1944 2651 2013 Egrediatur
2678 1942 2941 2011 judicium
2963 1952 3256 2008 perversum
3278 1934 3342 1987 ".
3365 1930 3430 1985 Et
3447 1930 3686 1999 justitias
3703 1926 3815 1994 ejus
3839 1939 3940 1977 nou

728 2029 893 2096 repuli
921 2048 951 2082 a
980 2048 1076 2085 me.
1119 2034 1397 2101 Adhaaren,
1432 2036 1624 2106 inquit,
1655 2039 1880 2109 justitiis
1926 2040 2038 2095 Dei.
2088 2042 2168 2097 Ab
2215 2041 2321 2095 illis
2358 2041 2501 2094 enim
2542 2039 2817 2100 recedunt,
2853 2037 2943 2107 qui
2990 2052 3081 2090 eas
3118 2050 3224 2089 non
3261 2028 3675 2097 amplectuntur.
3710 2018 3942 2074 δυεῑῖιίε

728 2132 853 2171 vero
878 2120 979 2173 hoc
1009 2123 1129 2177 loco
1166 2124 1436 2191 dicuntur,
1472 2145 1591 2197 quin
1618 2131 1838 2197 justitiae
1864 2148 2026 2186 causa
2056 2142 2109 2186 et
2153 2132 2422 2198 mquitatis
2457 2132 2572 2201 lege
2612 2129 2819 2183 sancita
2859 2138 3002 2189 sunt,
3037 2135 3094 2179 ut
3128 2124 3256 2178 illud
3294 2139 3307 2176 :
3341 2119 3401 2175 Si
3422 2134 3561 2172 emas
3598 2132 3800 2170 seruum
3836 2113 3941 2168 Hc-

726 2209 918 2265 brwum
939 2213 1002 2277 “,
1034 2224 1085 2269 et
1122 2217 1324 2286 reliqua
1362 2236 1376 2277 ;
1414 2235 1536 2273 nam
1578 2222 1727 2289 prius
1748 2222 1954 2276 dixerat
1988 2242 2000 2278 :
2042 2222 2171 2278 Ηωο
2202 2234 2317 2277 sunt
2338 2223 2547 2292 judicia
2574 2238 2689 2291 quin
2717 2236 2967 2290 proponas
2994 2219 3068 2272 eis
3095 2218 3157 2269 ι’.
3190 2213 3387 2268 Verum
3415 2226 3536 2266 cum
3563 2208 3805 2277 justitias
3835 2223 3940 2262 una

726 2318 849 2361 cum
871 2303 1088 2372 jndiciis
1120 2308 1379 2369 nominet,
1413 2323 1668 2377 purgatos
1692 2327 1753 2365 ac
1785 2313 2037 2381 probatos
2078 2314 2169 2369 Dei
2214 2329 2495 2369 sermones
2524 2312 2605 2366 hae
2629 2312 2854 2381 justitia:
2891 2308 3197 2378 significare
3236 2312 3484 2375 possunt.
3522 2299 3623 2367 Qui
3660 2314 3941 2353 sermones

726 2411 848 2448 cum
896 2395 1242 2463 ίυάίεθιιιυτν
1300 2416 1395 2456 nec
1446 2402 1596 2471 argui
1659 2418 1757 2456 nec
1820 2405 2051 2472 perverti
2114 2406 2359 2473 possint,
2405 2404 2609 2472 judicia
2678 2409 3081 2469 nuncupantur.
3140 2396 3416 2450 Justnrum
3478 2404 3692 2460 quoque
3739 2388 3943 2460 cogita-

729 2490 900 2544 tiones
929 2493 1234 2559 ponderatae
1265 2506 1316 2549 ct
1339 2498 1571 2564 probata:
1597 2498 1898 2566 diligenter,
1936 2514 2058 2552 cum
2096 2500 2301 2553 similes
2327 2497 2632 2568 mquilibrio
2657 2497 2786 2561 sint,
2813 2494 3017 2564 judicia
3048 2492 3239 2547 merito
3265 2488 3371 2544 dici
3404 2495 3649 2556 possunt.

798 2580 987 2635 Daniel
1020 2582 1288 2637 Barbarus
1313 2600 1331 2637 :
1362 2584 1430 2637 Et
1451 2586 1857 2654 justiﬁcaliones
1891 2590 2003 2656 ejus
2034 2606 2133 2644 non
2167 2598 2486 2647 recesserunt
2530 2605 2562 2641 a
2605 2603 2705 2641 me.
2737 2585 2985 2643 Mandata
3020 2584 3265 2653 intelligit
3298 2594 3394 2649 per
3423 2574 3858 2648 jnstiﬁcationes,
3891 2583 3944 2629 et

728 2672 995 2729 decedunt
1015 2676 1082 2728 ab
1120 2676 1226 2730 illis
1255 2677 1347 2745 qui
1378 2694 1439 2731 ea
1470 2694 1575 2731 non
1601 2679 1912 2736 admittunt.

795 2792 885 2847 26.
929 2792 1061 2847 Cum
1086 2806 1266 2849 sancto
1288 2808 1500 2851 sanctus
1523 2800 1644 2852 eris.
1673 2798 1862 2853 Merito
1894 2800 2000 2854 tuis
2022 2816 2106 2854 me
2125 2800 2286 2854 benc-

2457 2797 2615 2851 Μετὰ
2652 2796 2827 2850 ὁσίου
2856 2794 3021 2860 ὅσιος
3059 2792 3195 2860 ἔσῃ.
3227 2792 3466 2854 Εἰκότως
3508 2787 3851 2858 κατηξίωσάς
3879 2806 3943 2858 με

729 2887 867 2941 ﬁciis
913 2886 1165 2954 dignatus
1216 2904 1274 2942 es
1313 2907 1327 2941 :
1376 2906 1498 2942 nam
1544 2901 1764 2944 sanctus
1812 2906 1934 2945 cum
1984 2892 2080 2956 sis,
2139 2892 2281 2945 nosti

730 2992 855 3031 cum
888 2986 1078 3030 sancto
1110 2978 1454 3032 sanctiﬁcari.
1497 2978 1554 3033 Si
1589 2981 1731 3033 enim
1762 2981 1815 3034 in
1853 2992 2071 3049 peccato
2104 2996 2285 3050 perse-

730 3083 1027 3131 verassem,
1055 3070 1183 3123 etin
1215 3069 1427 3124 ruinam
1452 3069 1694 3126 funditus
1722 3072 1905 3142 lapsus
1928 3088 2128 3138 essem,
2160 3074 2283 3127 novi

731 3170 783 3213 te
805 3174 1021 3230 quoque
1050 3175 1304 3230 magnum
1326 3162 1582 3230 judicem,
1609 3164 1675 3217 de
1691 3172 1908 3232 peccato
1934 3178 2052 3216 meo
2073 3179 2284 3233 aequum

692 3300 697 3303 Α
729 3252 991 3322 judicium
1018 3253 1493 3322 pronuntiaturum
1530 3252 1718 3308 fuisse.
1752 3255 1821 3307 At
1856 3254 2075 3323 quando
2105 3263 2288 3308 custo-

732 3344 842 3399 divi
881 3344 994 3398 vias
1023 3354 1163 3410 tuas,
1210 3344 1329 3399 ideo
1358 3354 1415 3399 tu
1452 3346 1544 3415 qui
1586 3361 1708 3400 cum
1742 3355 1931 3401 sancto
1979 3356 2198 3402 sanctus
2231 3362 2290 3401 es

733 3447 787 3492 et
814 3453 936 3493 cum
974 3439 1257 3494 innocente
1302 3439 1581 3505 innocens,
1630 3456 1971 3510 nequaquam
2026 3457 2137 3495 rem
2173 3440 2289 3495 dis-

734 3532 961 3600 posuisti
1006 3532 1304 3586 secundum
1360 3532 1509 3585 illum
1566 3532 1925 3601 perniciosum
1987 3542 2185 3586 statum
2235 3534 2289 3587 in

735 3638 845 3692 quo
888 3631 1036 3676 certo
1091 3631 1330 3692 tempore
1368 3633 1615 3676 versatus
1666 3637 1808 3685 sum,
1861 3623 1953 3676 sed
1993 3623 2290 3677 secundum

735 3714 899 3767 vitam
932 3729 1050 3786 qua:
1066 3714 1259 3769 exinde
1288 3714 1572 3769 subsecuta
1602 3723 1702 3778 est,
1726 3722 1778 3768 et
1811 3713 1977 3771 vitam
2002 3715 2054 3767 in
2081 3714 2290 3783 justitia

735 3816 933 3873 actam,
966 3808 1313 3876 promeritam
1346 3806 1475 3860 mihi
1512 3808 1921 3862 retributionem
1951 3808 2003 3861 in
2039 3808 2291 3863 tribunali

734 3898 827 3955 illo
858 3906 950 3952 tuo
972 3898 1236 3967 largieris.

805 3985 896 4040 28.
939 3986 1198 4049 Quoniam
1231 3998 1286 4040 tu
1315 3988 1564 4056 populum
1604 3988 1849 4043 humilem
1878 3990 2077 4044 salvum
2109 3990 2290 4057 facies.
2321 4006 2363 4063 α

737 4078 815 4131 Ad
840 4078 1066 4131 chorum
1104 4079 1271 4133 mittit
1314 4080 1700 4149 apostolorum.
1737 4080 1805 4132 Et
1845 4080 2019 4132 oculos
2052 4086 2299 4148 superbo-

740 4186 855 4224 rum
875 4169 1195 4226 humiliabis.
1225 4168 1337 4225 Hoc
1360 4171 1529 4226 tendit
1563 4170 1615 4224 in
1643 4169 1858 4225 Scribas
1892 4182 1946 4225 et
1971 4171 2293 4226 Pharissecs.

808 4348 897 4401 29.
934 4346 1193 4411 Quoniam
1225 4358 1279 4401 tu
1308 4349 1626 4403 illuminabis
1672 4350 1935 4403 lucernam
1970 4364 2158 4413 meam,
2189 4347 2294 4400 Do-

741 4440 896 4492 mine.
924 4437 1155 4492 Mentem
1184 4440 1278 4494 ait.
1323 4439 1459 4493 Deus
1500 4457 1662 4504 meus,
1695 4440 2017 4495 illuminabis
2058 4441 2291 4493 tenebras

742 4549 881 4586 meas
906 4549 925 4596 ,'
957 4533 1335 4602 ignorantiam,
1362 4533 1554 4603 inquit,
1588 4547 1758 4586 meam
1788 4531 2096 4602 dissipabis.

815 4623 901 4677 30.
941 4624 1197 4687 Quoniam
1234 4627 1286 4677 in
1323 4635 1368 4677 te
1404 4626 1601 4693 eripior
1634 4642 1665 4677 a
1690 4625 1989 4685 tentatione,
2016 4634 2063 4676 et
2095 4625 2149 4675 in
2191 4622 2296 4677 Deo

743 4730 854 4767 meo
908 4716 1261 4783 transgrediar
1308 4730 1532 4767 murum.
1587 4712 1723 4779 Quia
1780 4713 2298 4779 comprehenderunt

744 4820 849 4867 me,
885 4804 1077 4873 inquit,
1110 4804 1312 4858 inimici
1345 4803 1467 4867 mei,
1492 4813 1551 4857 ut
1583 4819 1667 4858 me
1704 4804 2189 4860 circumsisterent.

814 4893 1208 4966 [Tentationem
1256 4894 1419 4949 etiam
1460 4902 1619 4948 vocat
1660 4896 2007 4964 voluptatem,
2069 4902 2122 4945 et
2177 4910 2295 4946 mu-

742 5002 883 5049 rum,
908 4985 1230 5057 diabolum]

812 5082 899 5135 51.
942 5080 1081 5135 Deus
1142 5097 1306 5144 meus,
1364 5079 1645 5149 impolluta
1696 5082 1779 5134 uia
1830 5080 1961 5147 ejus,
2015 5087 2117 5132 etc.
2178 5076 2299 5130 Haec

743 5174 947 5238 dicens,
1004 5171 1463 5242 ingralitudinem,
1526 5170 1840 5241 perﬁdiam,
1900 5170 2299 5239 immorigerum

745 5262 1007 5327 animum,
1036 5270 1089 5315 ct
1114 5261 1365 5315 duritiem
1406 5261 1586 5314 cordis
1620 5260 1954 5330 ingratorum
1986 5268 2038 5313 et
2073 5260 2303 5312 scelera-

747 5362 921 5406 torum
953 5350 1262 5409 Judazorum
1305 5351 1495 5420 carpit.
1520 5350 1786 5415 Quoniam
1826 5348 2159 5403 Salvatorem
2201 5362 2301 5400 no-

2385 2889 2483 2958 τῆς
2517 2890 2613 2958 σῆς
2649 2888 2960 2959 εὐεργεσίας
2992 2905 3003 2916 °
3040 2885 3332 2957 ἐπειδήπερ
3357 2926 3371 2949 ,
3403 2884 3604 2947 δίκαιος
3656 2882 3731 2935 ὢν
3758 2925 3772 2947 ,
3800 2877 3945 2945 οἶδας

2394 2982 2529 3053 μετά
2556 2982 2700 3034 ὁσίου
2730 2981 3024 3035 δσιοῦσθαι.
3053 2982 3116 3034 El
3152 2980 3260 3051 γάρ
3305 2982 3452 3051 ήμην
3492 2979 3849 3049 ὲναπομείνας
3880 2980 3943 3049 τῇ

2393 3074 2633 3143 ἁμαρτίᾳ
2667 3073 2760 3125 καὶ
2789 3072 3022 3141 παντελῆ
3056 3071 3381 3142 διαστροφὴν
3429 3072 3725 3141 ὑπομείνας
3753 3110 3767 3134 ,
3809 3066 3943 3132 οἶδα,

2390 3166 2470 3217 ὅτι
2496 3165 2588 3217 καὶ
2620 3166 2683 3217 σὺ
2709 3164 2865 3227 αὐτὸς
2890 3164 2918 3215 δ
2951 3164 3121 3235 μέγας
3145 3164 3338 3233 κριτὴς
3366 3165 3430 3233 τῇ
3456 3164 3558 3233 ἐμῇ
3588 3163 3831 3235 ἁμαρτίᾳ
3852 3180 3946 3215 κα-

2386 3256 2642 3325 τάλληλον
2691 3257 2971 3325 ἐπήγαγες
3017 3255 3078 3307 τὸ
3130 3253 3323 3306 σαυτοῦ
3382 3257 3577 3325 κρῖμα.
3645 3254 3857 3325 Ἐπειδὴ
3890 3253 3945 3307 δὲ

2390 3345 2627 3413 ἐφύλαξα
2672 3346 2770 3407 τὰς
2801 3345 2951 3408 ὁδούς
2991 3362 3103 3407 σου,
3138 3344 3323 3398 τούτου
3366 3345 3523 3414 χάριν
3550 3347 3577 3397 ὁ
3615 3345 3750 3414 μετά
3802 3346 3948 3397 ὁσίου

2390 3438 2699 3507 ὁσιούμενος
2755 3438 2847 3489 καὶ
2908 3438 3041 3507 μετὰ
3071 3435 3246 3488 ἀθώου
3292 3435 3653 3505 ἀθωούμενος.
3702 3437 3761 3488 οὐ
3810 3438 3948 3489 κατὰ

2390 3530 2488 3600 τὴν
2515 3532 2572 3582 ἐν
2605 3528 2778 3600 καιρῷ
2803 3545 2905 3593 τινι
2946 3526 3315 3596 γεγενημένην
3351 3544 3440 3597 μοι
3482 3528 3809 3599 διαστροφὴν
3850 3530 3949 3599 ἡρ-

2398 3621 2564 3689 μόσω,
2599 3621 2737 3673 κατά
2785 3620 2842 3672 δὲ
2874 3619 2969 3689 τὴν
3025 3618 3161 3688 μετά
3208 3617 3383 3670 ταῦτα
3416 3618 3590 3688 ζωὴν,
3636 3618 3728 3671 καὶ
3760 3618 3856 3673 τὸν
3894 3622 3949 3672 ἔν

2393 3709 2703 3781 δικαιοσύνῃ
2732 3726 2831 3778 μου
2865 3707 2975 3779 βίον
3006 3708 3102 3778 τὴν
3129 3708 3359 3779 ἀμοιϐήν
3387 3726 3475 3780 μοι
3507 3708 3759 3780 παρέξεις
3790 3712 3849 3763 ὲν
3876 3710 3949 3779 τῷ

2396 3798 2472 3869 σῷ
2502 3799 2831 3872 δικαστηρίῳ

2466 4002 2592 4054 Ὀτι
2631 4001 2709 4053 σὺ
2739 4001 2891 4053 λαὸν
2921 4000 3199 4052 taxea-Er
3230 4000 3467 4064 σώσεις.
3515 4000 3636 4052 Ἐπὶ
3674 3998 3764 4052 τὸν
3792 4000 3949 4070 χορὸν

2395 4090 2702 4156 ἀναπέμπει
2735 4089 2841 4141 τῶν
2875 4090 3204 4143 ἀποστόλων.
3236 4090 3344 4144 Καὶ
3375 4089 3715 4157 ὀφθαλμοὺς
3743 4090 3953 4157 ὑπερηο

2394 4180 2598 4249 φόνων
2632 4179 3029 4245 ταπεινώσας.
3065 4180 3235 4233 Τοῦτο
3257 4183 3334 4243 εἰς
3359 4179 3485 4243 τοὺς
3513 4176 3835 4250 Φαρισαίους
3860 4178 3953 4231 καὶ

2400 4267 2736 4334 γραμματεῖς
2765 4264 2949 4317 τείνει.

2470 4353 2588 4403 Ὀτι
2634 4352 2714 4405 σὺ
2745 4350 2977 4419 φωτιεῖς
3018 4354 3251 4419 λύχνον
3275 4368 3417 4421 μου,
3451 4353 3641 4419 Κύριε.
3689 4351 3791 4405 Τὸν
3832 4351 3953 4406 νοῦν

2401 4459 2584 4514 φησιν.
2636 4445 2696 4498 '0
2725 4444 2865 4508 Θεός
2888 4461 3028 4512 μου,
3062 4447 3291 4512 φωτιεῖς
3321 4444 3382 4497 τὸ
3411 4446 3631 4509 σκότος
3670 4460 3808 4513 μου.
3843 4445 3954 4517 Τὴν

2400 4532 2636 4599 ἄγνοιαν,
2671 4534 2801 4603 φησὶ
2820 4576 2833 4597 ,
2860 4533 2959 4601 τὴν
2985 4534 3043 4584 ὲν
3068 4534 3189 4603 ἐμοὶ
3219 4533 3604 4596 διασκεδάσεις.

2472 4626 2596 4675 Ὀτι
2623 4626 2692 4678 ἐν
2718 4625 2813 4677 σοι
2838 4623 3221 4693 ρυσθήσομαι
3253 4625 3369 4679 ἀπὸ
3412 4626 3814 4695 πειρατηρίου,
3856 4627 3953 4680 καὶ

2398 4716 2466 4769 ἐν
2498 4716 2577 4780 τῷ
2612 4717 2732 4781 Θεῷ
2766 4735 2881 4785 μου
2924 4718 3329 4786 ὑπερϐήσομαι
3366 4718 3574 4786 τεῖχος.
3614 4720 3729 4771 Ὅτι
3776 4720 3955 4790 περιέ-

2398 4804 2559 4859 λαϐόν
2592 4824 2656 4875 με
2686 4808 2735 4858 ol
2765 4806 2943 4878 ἐχθροί
2981 4824 3101 4877 μου,
3140 4810 3321 4877 φησὶν,
3354 4810 3431 4872 εἰς
3460 4809 3516 4862 τὸ
3544 4808 3883 4863 ἀποκλεῖσαι.

2470 4895 2488 4965 [
2514 4897 2866 4967 Πειρατήριον
2895 4898 2950 4950 δὲ
2985 4899 3075 4950 καὶ
3105 4898 3248 4965 λέγει
3291 4899 3387 4961 τὰς
3416 4898 3625 4968 ἡδονὰς,
3660 4899 3752 4951 καὶ
3779 4903 3955 4969 τεῖχος

2401 4985 2490 5037 τὸν
2521 4984 2782 5038 διάϐολον.
2802 4984 2821 5055 ]

2484 5077 2545 5129 '0
2575 5079 2717 5143 Θεός
2756 5094 2872 5145 μου
2910 5078 3196 5146 ἀμωμοςὴ
3237 5078 3374 5142 ὁδὸς
3416 5078 3622 5133 αὐτοῦ.
3672 5078 3952 5142 Ἐνταῦθα,

2400 5170 2555 5237 φησὶ,
2576 5168 2673 5239 τὴν
2703 5168 3086 5237 ἀγνωμοσύνην
3108 5169 3200 5221 καὶ
3224 5170 3318 5239 τὴν
3343 5169 3537 5221 κακίαν
3561 5170 3652 5221 καὶ
3680 5168 3777 5237 τὴν
3809 5170 3936 5220 ἀπει

2401 5260 2465 5330 θῆ
2499 5259 2724 5329 γνώμην
2760 5260 2851 5315 καὶ
2875 5260 2972 5330 τὴν
3004 5259 3342 5329 σκληρότητα
3374 5259 3479 5313 τῶν
3508 5260 3833 5329 ἀγνωμόνων
3864 5261 3955 5313 καὶ

2402 5350 2711 5421 ἀχαρίστων
2756 5350 2847 5401 καὶ
2882 5348 3317 5419 σκληροκαρδίων
3360 5350 3623 5405 Ἰουδαίων
3672 5352 3954 5419 καταμέμ-

743 5452 917 5497 utrum
945 5442 1218 5497 Christum
1262 5440 1743 5508 reprehenderunt,
1772 5440 1923 5507 quasi
1950 5446 2135 5493 contra
2168 5436 2301 5490 divi-

2405 5458 2582 5511 φεται.
2624 5439 2838 5509 Ἐπειδὴ
2870 5440 3302 5510 ἐπελαμϐάνοντο
3361 5441 3450 5493 τοῦ
3504 5442 3749 5512 Σωτῆρος
3799 5442 3955 5512 ἡμῶν

747 5550 870 5588 nam
898 5534 1067 5601 legem
1099 5544 1299 5603 ageret.
1327 5531 1477 5587 Dicta
1506 5548 1737 5601 namque
1763 5532 1907 5585 illius
1929 5572 1942 5591 .
1978 5529 2133 5599 quasi
2178 5529 2295 5583 bla-

2404 5532 2659 5607 Χριστοῦ,
2699 5533 2773 5596 ὠς
2798 5534 2947 5604 παρά
2974 5534 3067 5586 τὸν
3102 5532 3239 5587 θεῖον
3284 5534 3610 5604 πράττοντος
3634 5534 3815 5603 νόμον.
3846 5533 3954 5590 Καὶ

747 5625 965 5689 sphema
1000 5626 1257 5680 conviciis
1294 5633 1348 5679 et
1386 5623 1672 5679 calumniis
1723 5622 2072 5691 impetebant.
2118 5630 2301 5675 mutuo

2407 5627 2511 5699 μὴν
2550 5624 2643 5677 καὶ
2671 5624 2776 5676 τῶν
2805 5623 2978 5691 λόγων
3005 5622 3167 5676 αὑτοῦ
3212 5624 3505 5695 ἐλοιδόρουν
3553 5624 3643 5676 καὶ
3681 5621 3953 5677 διέϐαλλον

820 5803 861 5839 ι’
900 5800 1099 5859 Hahae.
1134 5821 1169 5863 ι.
1204 5806 1254 5859 4.
1362 5805 1398 5834 ¹¹
1440 5805 1607 5861 Exod.
1637 5821 1746 5871 xxi,
1775 5803 1827 5857 2.
1909 5805 1945 5834 "
1986 5801 2109 5856 ibid.
2151 5802 2196 5856 l.
