4122 6482
712 401 813 456 H9

711 606 932 674 gelicam
959 603 1121 667 dicit;
1145 614 1237 657 aut
1257 603 1621 673 disciplinam,
1641 604 2032 657 institutionem
2064 603 2270 657 scilicet

711 712 830 764 quae
858 711 924 749 ex
957 694 1074 764 lege
1107 695 1370 762 accipitur:
1406 711 1420 749 :
1449 695 1540 756 qui
1575 695 1724 758 mihi,
1761 694 1957 764 inquit,
1992 694 2138 747 nulla
2159 709 2266 745 non

711 785 967 839 beneticia
992 785 1285 848 contulisti,
1313 783 1736 854 dedistiquoque
1761 786 1924 855 leges;
1957 785 2177 854 quibus,
2209 793 2269 838 ut

708 883 940 944 oportet,
972 876 1324 929 instituimur.
1365 875 1500 930 Cum
1546 877 1712 942 enim,
1738 877 1833 941 ait,
1877 877 1994 947 lege
2031 875 2268 929 edidice-

710 968 835 1029 rim,
858 983 964 1022 nou
993 979 1239 1038 oportere
1279 968 1532 1038 injuriam
1561 967 1758 1033 facere,
1796 970 1865 1022 ab
1900 984 1964 1022 ea
2006 967 2267 1022 abstinui.

711 1058 908 1114 Verum
965 1077 1032 1114 ne
1080 1061 1150 1114 ob
1199 1063 1503 1129 a:quitatem
1562 1062 1900 1131 linjusmodi,
1953 1060 2080 1129 quid
2138 1059 2271 1111 milii

709 1149 832 1203 mali
864 1152 1096 1216 eveniat,
1125 1151 1374 1206 idoneum
1410 1154 1541 1207 mihi
1581 1154 1706 1207 mali
1748 1152 2012 1207 auxilium
2056 1150 2270 1213 alleras,

705 1239 1041 1294 latitudinem
1089 1243 1350 1307 tribuens,
1403 1244 1488 1297 vel
1534 1245 1875 1313 disciplinam
1917 1244 2271 1297 institutionis

709 1349 872 1387 causa
908 1335 1087 1387 «latam
1113 1335 1260 1395 dicit.
1295 1335 1592 1390 secundum
1628 1336 1782 1397 illud,
1815 1336 2004 1403 Accipe
2027 1332 2270 1401 discipli-

709 1440 826 1476 nam
862 1425 938 1489 ¹⁷;
973 1427 1049 1479 vel
1099 1426 1432 1480 laboriosum
1465 1428 1676 1480 vivendi
1706 1424 2036 1490 institutum,
2069 1441 2267 1479 secun-

708 1518 832 1568 dum
861 1515 1010 1580 illud,
1044 1515 1125 1570 Ne
1142 1517 1493 1587 parvipcndas
1520 1517 1854 1587 disciplinam
1882 1517 2096 1570 Domini
2132 1515 2220 1568 “.1

1531 398 1587 454 S.
1627 398 1997 455 ATHANASII
2038 401 2184 456 OPP.
2226 401 2406 458 PARS
2444 403 2530 458 lli.
2572 434 2641 444 —-
2675 407 3082 465 EXEGETICA.

789 511 882 585 [Et
911 511 1190 579 disciplina
1216 521 1306 564 tua
1330 511 1552 564 correxit
1578 528 1679 566 me.
1712 510 2058 581 Disciplinam
2085 528 2256 566 evan-
2297 523 2341 575 Α

3829 418 3926 473 HO

2440 516 2582 587 [Kal
2603 520 2638 585 ὴ
2665 519 2898 573 παιδεία
2927 537 3042 575 σου
3072 523 3384 589 ἁνόψθωσέ
3416 543 3510 594 με.
3554 527 3807 580 Παιδείαν
3834 533 3928 602 τὴν

2374 608 2730 679 εὐαγγελικὴν
2763 609 2909 679 λέγει
2943 629 2955 641 ·
2991 614 3024 684 ἢ
3066 614 3311 668 παιδείαν
3345 614 3441 686 τὴν
3489 619 3551 671 ὲκ
3599 620 3766 688 νόμου
3803 621 3930 690 φησί

2375 698 2655 751 παίδευσιν
2679 715 2692 728 '
2721 695 2829 754 οἷον
2858 702 2946 754 διὰ
2987 704 3201 756 πάντων
3253 709 3342 773 με,
3393 706 3575 776 φησὶν,
3629 709 3930 778 εὐεργετῶν

2373 789 2608 852 δέδωκας
2655 793 2748 843 καὶ
2797 793 3012 861 νόμους,
3052 794 3117 846 δι’
3161 788 3234 847 ὧν
3279 796 3640 867 ἐπαιδευόμην
3689 797 3749 849 τὸ
3796 797 3928 852 δέον.

2373 881 2664 936 Μανθάνων
2714 885 2821 954 γὰρ
2864 886 3067 938 ἐκεῖθεν
3115 887 3190 950 ὡς
3239 890 3298 941 οὐ
3333 889 3413 941 δεῖ
3455 889 3676 954 ἀδικεῖν,
3714 891 3930 961 ἀπειχό-

2377 994 2481 1046 μην
2508 976 2717 1047 τούτου.
2764 978 2899 1029 Ἀλλ’
2946 980 3031 1032 ἵνα
3075 981 3148 1051 μὴ
3191 981 3510 1052 βλάπτωμαι
3542 984 3700 1036 πάλιν
3742 985 3806 1036 ἐκ
3839 983 3931 1054 τῆς

2372 1066 2624 1137 τοιαύτης
2647 1068 2964 1132 ἐπιεικείας,
3002 1071 3189 1141 ἱκανὴν
3224 1073 3482 1145 περιέχῃς
3510 1072 3780 1144 βοήθειαν,
3811 1074 3927 1128 πλα-

2371 1157 2574 1226 τυσμὸν
2634 1159 3025 1228 παρεχόμενος,
3067 1161 3099 1232 ἢ
3152 1163 3398 1216 παιδείαν
3450 1165 3547 1234 τὴν
3583 1165 3932 1236 παιδευτικὴν

2373 1245 2520 1314 λέγει
2553 1247 2917 1314 διδασκαλίαν,
2958 1253 3097 1305 κατά
3128 1253 3218 1304 τόο
3272 1253 3589 1308 Ἐπι.ὶὰὄοιι
3632 1254 3932 1321 ,παιδείας-ο

2375 1340 2408 1409 ἢ
2435 1340 2532 1410 τὴν
2551 1341 2801 1394 ἐπίπονον
2829 1344 3070 1415 ἀγωγὴν,
3095 1345 3235 1399 κατά
3264 1344 3326 1398 τό
3348 1362 3361 1375 ⁸
3391 1345 3487 1415 Μὴ
3517 1345 3785 1416 ὀλιγώρει
3814 1361 3934 1400 παι-

2377 1429 2540 1496 δείας
2571 1430 2843 1505 Κυριόυ.]

779 1677 967 1733 Daniel
998 1680 1272 1736 Barbarus
1307 1700 1324 1736 :
1358 1683 1471 1738 Hoc
1500 1695 1680 1738 autem
1721 1693 1803 1736 est
1827 1682 2094 1736 adventus
2126 1678 2500 1750 providentiae,
2533 1696 2596 1735 ac
2624 1681 3070 1750 dispensatiOnis,
3106 1700 3217 1753 quo
3251 1703 3336 1742 me
3365 1688 3660 1757 collapsum
3692 1687 3933 1751 erexisti,

708 1784 759 1824 et
803 1789 966 1840 quam
1009 1792 1263 1844 magnum
1307 1779 1510 1832 malum
1567 1780 1636 1832 sit
1673 1786 1953 1846 peceatum
2001 1775 2308 1839 ostendisti,
2345 1783 2399 1827 et
2446 1776 2620 1832 salute
2671 1778 2894 1848 dignum
2938 1780 3134 1838 fecisti.
3181 1778 3424 1833 Salutare
3466 1788 3642 1832 autem
3691 1787 3745 1832 et
3789 1776 3936 1831 salus

708 1864 955 1923 Christus
977 1879 1080 1934 est,
1103 1887 1264 1939 quem
1289 1886 1386 1938 pro
1406 1872 1561 1926 nobis
1583 1881 1948 1942 pugnaturum
1974 1871 2132 1926 Pater
2159 1870 2489 1925 amandavit.

779 2008 845 2061 Et
867 2009 1080 2061 dextera
1103 2018 1195 2062 tua
1225 2010 1447 2079 suscepit
1482 2027 1582 2064 me.
1612 2011 1840 2065 Dextera
1865 2009 2044 2064 Patris
2066 2008 2262 2063 Filius.
2298 2060 2301 2067 ,

2440 2013 2545 2064 Καὶ
2577 2013 2745 2077 δεξιά
2773 2031 2889 2068 σου
2917 2011 3276 2068 ἀντελάϐετό
3317 2027 3455 2079 μου.
3503 2004 3661 2071 Δεξιά
3693 2004 3785 2057 τοῦ
3827 2004 3935 2056 Πα-

711 2104 776 2157 Et
821 2103 1102 2171 disciplina
1133 2114 1224 2156 tua
1275 2107 1504 2158 correxit
1545 2122 1622 2158 me
1660 2106 1715 2158 in
1754 2106 1931 2172 ﬁnem.
1958 2104 2274 2173 Evangelica

708 2193 910 2247 scilicet
937 2192 1204 2246 doctrina.
1233 2192 1301 2246 Et
1332 2194 1617 2261 disciplina
1655 2204 1745 2247 tua
1784 2196 1894 2267 ipsa
1938 2211 2017 2246 me
2050 2193 2273 2246 docebit.

709 2287 841 2338 Illud
879 2303 891 2339 :
929 2285 999 2339 Et
1033 2286 1318 2351 disciplina
1357 2295 1448 2338 tua
1482 2286 1599 2354 ipsa
1640 2302 1717 2339 me
1763 2286 1985 2347 docebit,
2023 2283 2277 2340 Theodo-

709 2378 873 2430 tionis
903 2389 1004 2431 est.
1032 2377 1200 2444 Cujus
1233 2378 1356 2431 loco
1398 2377 1752 2446 Septuaginta
1786 2377 1987 2439 habent
2035 2393 2047 2428 :
2091 2374 2153 2428 Et
2196 2374 2279 2426 di-

707 2470 933 2539 sciplina
959 2479 1050 2523 tua
1072 2470 1298 2529 correxit
1327 2487 1406 2523 me
1432 2471 1485 2523 in
1506 2471 1684 2538 ﬁnem.

777 2654 866 2710 57.
903 2653 1156 2707 Dilatain
1184 2670 1391 2722 gressus
1418 2669 1576 2717 meos,
1599 2661 1704 2706 etc.
1736 2649 1982 2707 Statuisti
2012 2650 2152 2706 enim
2182 2664 2277 2706 Su-

711 2765 805 2818 pra
849 2758 1054 2819 petram
1100 2751 1262 2820 pedes
1294 2766 1466 2810 meos,
1509 2765 1630 2819 qua:
1663 2757 1747 2804 est
1794 2750 1926 2802 tides
1964 2756 2170 2800 nostra.
2209 2745 2278 2798 Et

709 2855 809 2892 non
851 2849 972 2892 sunt
1023 2841 1295 2909 infirmata
1328 2841 1546 2909 vestigia
1582 2855 1716 2891 mea.
1759 2836 1998 2891 Sublatis
2044 2852 2277 2904 namque

709 2930 1048 2987 offendiculis
1100 2943 1152 2985 et
1194 2932 1426 2998 laqueis.
1483 2945 1604 2997 qua:
1660 2937 1991 2999 paraverunt
2040 2927 2273 2992 inimici,

711 3026 851 3077 viam
877 3032 929 3077 et
955 3024 1157 3076 aditum
1190 3011 1349 3076 nobis
1385 3021 1638 3074 munivit.

782 3113 1061 3186 [Dilatain
1077 3131 1284 3181 gressus
1305 3130 1463 3165 meos.
1487 3109 1746 3173 l‘temotis,
1771 3111 1963 3178 inquit,
1979 3109 2246 3162 oilendieu
2265 3137 2276 3146 ~

712 3206 776 3258 lis
803 3215 857 3258 et
878 3205 1106 3274 laqueis,
1127 3220 1248 3273 qua:
1277 3204 1410 3256 ιηίξιὶ
1441 3211 1756 3256 struxerant
1790 3200 2018 3260 inimici,
2052 3199 2276 3251 liberam

713 3297 843 3350 mihi
879 3297 1019 3349 viam
1054 3296 1275 3364 parasti.
1310 3293 1545 3347 Gressus
1581 3302 1758 3345 autem
1799 3298 1974 3352 vocal,
2011 3300 2278 3358 quatenus

2377 2105 2504 2175 τρὺς
2532 2107 2560 2157 ὁ
2601 2106 2744 2169 Υἱός.
2781 2107 2888 2160 Καὶ
2926 2105 2962 2173 ἦ
2997 2104 3229 2157 παιδεία
3253 2120 3367 2157 σου
3392 2097 3704 2168 ἀνώρθωσέ
3741 2114 3819 2166 με
3852 2099 3937 2160 εις

2377 2195 2568 2261 τέλος.
2620 2199 2680 2249 Ἦ
2715 2196 3041 2267 εύαγγελικὴ
3086 2195 3326 2264 δηλονότι
3370 2190 3702 2245 διδασκαλία.
3737 2189 3849 2242 Kal
3898 2188 3936 2256 ἠ

2380 2289 2614 2343 παιδεία
2643 2305 2758 2343 σου
2791 2293 2942 2355 αὐτή
2967 2307 3042 2357 με
3073 2287 3319 2350 διδάξει.
3357 2285 3452 2347 Τὸ,
3485 2282 3593 2336 Kal
3620 2282 3658 2348 ἡ
3704 2279 3938 2334 παιδεία

2379 2396 2496 2433 σου
2524 2381 2675 2448 αὐτή
2711 2398 2786 2449 με
2817 2381 3064 2444 διδάξει,
3103 2377 3453 2439 Θεοδοτίωνός
3482 2376 3648 2437 ἐστιν,
3675 2372 3797 2424 ἀντὶ
3824 2369 3936 2434 τοῦ,

2392 2472 2462 2525 Ἠ
2481 2471 2715 2524 παιδεία
2738 2489 2850 2524 σου
2880 2469 3192 2538 ἀνώρθωσέ
3212 2487 3288 2539 με
3309 2471 3396 2534 εὶς
3423 2465 3614 2531 τέλος,
3649 2462 3939 2534 εἰρημένου

2377 2567 2488 2626 τοῖς
2535 2565 2586 2616 Ἐ
2595 2563 2762 2634 ὁδομή
2772 2581 2952 2617 κοντα.

2461 2655 2831 2719 Ἐπλάτυνας
2879 2654 2949 2706 τὰ
2993 2649 3322 2720 διαδήματὰ
3346 2667 3485 2718 μου.
3529 2649 3802 2714 Ἐστησας
3833 2643 3939 2714 γὰρ

2380 2747 2469 2800 ἐπὶ
2521 2747 2724 2819 πέτραν
2757 2747 2882 2808 τοὺς
2931 2745 3097 2807 πόδας
3153 2760 3274 2813 μου,
3345 2742 3464 2810 ἥτις
3516 2739 3662 2791 ἐστὶν
3695 2740 3727 2807 ἡ
3759 2737 3942 2798 πίστις

2377 2838 2554 2906 ἡμῶν.
2588 2838 2696 2891 Kal
2747 2840 2854 2891 οὐκ
2906 2835 3257 2904 ἠσθένησαν
3285 2833 3355 2886 τὰ
3384 2834 3521 2900 ἴχνη
3546 2847 3684 2900 μου.
3745 2828 3938 2896 Περιε-

2379 2927 2483 2980 λὼν
2515 2931 2620 2998 γὰρ
2653 2928 2718 2980 τὰ
2765 2929 3032 2981 σκάνδαλα
3089 2928 3178 2980 καὶ
3215 2926 3313 2988 τὰς
3359 2923 3590 2991 παγίδας
3620 2961 3633 2984 ,
3688 2920 3753 2983 ἀς
3811 2934 3942 2971 κατε

2380 3017 2672 3081 εσκεύαζον
2704 3020 2750 3069 οἱ
2781 3018 2982 3088 ἐχθροὶ,
3012 3019 3334 3085 κατήρτισεν
3358 3017 3489 3083 ἡμῖν
3525 3012 3621 3082 τὴν
3662 3009 3910 3078 πορείαν.

2451 3108 2860 3181 [Ἑπλάτυνας
2884 3108 2954 3160 τὰ
2983 3103 3309 3174 διαϐἠματά
3328 3122 3465 3172 μου.
3501 3099 3771 3172 Περιελών
3812 3115 3942 3167 φησι

2377 3203 2447 3255 τὰ
2480 3201 2745 3254 σκάνδαλα
2798 3201 2889 3252 καί
2939 3198 3036 3261 τὰς
3088 3197 3317 3264 παγίδας
3344 3195 3409 3256 ἃς
3461 3190 3861 3252 κατεσκεύαζον
3894 3187 3943 3241 οι

2383 3293 2582 3364 ἐχθροὶ,
2616 3291 2903 3363 ἐλευθέραν
2936 3308 3022 3361 μοι
3056 3289 3150 3358 τὴν
3186 3286 3408 3358 πορείαν
3438 3282 3713 3352 ἐποίησας.
3745 3277 3945 3349 Διαϐήο

711 3408 742 3444 a
764 3389 964 3444 malitia
989 3361 1066 3442 adi
1091 3390 1343 3442 virtutem
1384 3387 1508 3457 quis
1541 3387 1857 3456 pertransit,
1887 3385 2032 3454 quod
2062 3386 2277 3456 quidem

2387 3401 2528 3455 ματα
2567 3383 2713 3449 λέγει
2746 3382 2878 3434 καθὸ
2909 3383 2970 3431 ὲκ
3015 3379 3210 3440 κακίας
3260 3376 3394 3446 πρὸς
3430 3373 3627 3444 ἀρετὴν
3681 3368 3944 3424 διαϐαίνει

713 3481 815 3536 sub
857 3481 1068 3534 initium
1105 3480 1438 3534 laboriosum
1475 3493 1527 3533 et
1564 3496 1819 3549 asperum
1855 3481 1920 3533 iis
1947 3489 2051 3542 est,
2081 3481 2182 3548 qui
2221 3481 2276 3532 in

711 3571 799 3626 via
845 3583 1071 3640 angusta
1115 3573 1481 3640 gradiuntur;
1525 3581 1580 3624 at
1622 3572 1674 3624 in
1713 3570 1955 3641 profectu
2004 3572 2276 3625 dilatatur.

712 3663 846 3719 Nam
897 3665 1025 3734 quia
1065 3675 1184 3734 post
1219 3665 1435 3719 virtutis
1475 3663 1711 3728 labores,
1743 3664 1980 3732 quietem
2024 3676 2282 3717 naeturus

715 3773 857 3819 sum,
892 3757 941 3809 id
989 3771 1121 3810 sane
1147 3757 1371 3826 vestigia
1402 3756 1688 3811 conﬁrmat
1723 3771 1864 3812 mea.
1895 3756 2093 3810 Statuit
2128 3773 2284 3811 nam-

713 3861 819 3916 que
850 3862 1012 3916 super
1042 3855 1249 3916 petram
1276 3848 1437 3916 pedes
1458 3845 1724 3920 nostros.]

785 3937 874 3992 58.
926 3938 1221 4006 Persequar
1267 3939 1507 4001 inimicos
1556 3954 1716 3990 meos.
1769 3937 2050 4006 Tanquam
2102 3937 2283 3990 divina

717 4030 888 4102 gratia
937 4029 1004 4083 ad
1045 4044 1267 4084 cursum
1305 4028 1623 4093 adornatus,
1663 4030 1727 4082 dc
1766 4028 1992 4081 victoria
2041 4028 2280 4081 conﬁdit.

787 4216 874 4281 39.
907 4215 1250 4283 Confringam
1282 4215 1432 4275 illos,
1484 4230 1572 4266 nec
1603 4223 1845 4280 poterunt
1866 4222 2029 4267 stare.
2061 4211 2286 4284 Frangit

720 4308 972 4362 inimicos
994 4307 1213 4360 animus
1249 4305 1598 4374 passionibus
1627 4321 1848 4358 vacuus.

787 4398 876 4452 40.
909 4397 976 4451 Et
1002 4397 1329 4466 pra'cinxisti
1356 4413 1435 4449 me
1474 4397 1681 4450 virtute.
1728 4393 2006 4450 Summam
2045 4395 2287 4450 victoriae

719 4504 935 4544 rursum
971 4487 1342 4542 fortitudinem
1379 4489 1637 4542 tribuenti
1673 4487 1780 4541 Deo
1811 4487 2052 4541 ascribit.

788 4581 878 4634 4|.
923 4579 993 4633 Et
1021 4577 1262 4633 inimicos
1291 4595 1429 4633 meos
1456 4581 1649 4634 dedisti
1673 4580 1799 4638 milii
1830 4579 2066 4652 dorsum.
2097 4577 2152 4632 Id
2183 4586 2284 4644 est,

718 4673 770 4726 in
819 4671 1000 4741 fugam
1045 4673 1276 4727 vertisti.
1325 4669 1624 4742 Propriunr
1675 4687 1912 4747 namque
1961 4672 2282 4741 fugientium

716 4773 800 4817 est
833 4771 978 4831 terga
1009 4764 1182 4818 dare:
1228 4773 1284 4818 et
1326 4779 1456 4818 sane
1500 4773 1645 4834 terga
1695 4764 1825 4826 dant
1867 4763 2072 4818 inimici
2112 4763 2284 4818 nostri

717 4858 1012 4930 dzemones,
1043 4871 1167 4910 cum
1210 4872 1319 4911 non
1351 4856 1577 4911 ulterius
1612 4855 1969 4926 cogitationes
2003 4854 2287 4909 turbulen-

719 4954 802 4997 tas
831 4943 1026 4997 anima:
1057 4944 1348 4999 immittere
1379 4947 1577 5000 valent.
1603 4945 1669 4999 Et
1697 4945 1930 5000 odicntes
1961 4961 2040 4998 mc
2074 4946 2282 5014 disper-

718 5035 902 5095 ἀπάξειιὶ
944 5051 962 5087 ;
996 5036 1238 5100 Saulem,
1302 5036 1738 5108 Acbitoplielem,
1788 5037 2177 5094 Abessalonem
2231 5047 2285 5097 et

719 5136 1003 5184 sexcentos
1030 5127 1187 5182 alios.

789 5217 876 5271 42.
911 5217 1307 5285 Clamaverunt,
1348 5235 1437 5274 nec
1465 5227 1578 5272 erat
1602 5220 1692 5288 qui
1716 5220 1888 5274 salvos
1926 5219 2285 5289 faceret,.etc.

721 5306 845 5361 Haec
872 5310 939 5362 de
970 5309 1213 5376 inimicis.
1255 5312 1607 5366 sensibilibus
1642 5314 1737 5378 ait,
1772 5314 1928 5382 quasi
1961 5330 2025 5367 ex
2056 5329 2288 5382 persona

723 5399 954 5452 Domini.
978 5399 1164 5470 Neque
1184 5401 1331 5458 enim
1367 5403 1682 5472 alienigenae
1707 5403 1838 5458 deos
1859 5420 1993 5459 suos
2020 5405 2072 5457 in
2104 5406 2288 5459 subsi-

721 5493 869 5544 dium
918 5503 1192 5557 vocantes,
1240 5507 1432 5548 eorum
1477 5496 1814 5563 providentia
1850 5507 1904 5551 et
1944 5511 2073 5551 cura
2119 5498 2287 5567 adjuti

722 5590 891 5635 sunt:
939 5597 1114 5652 neque
1161 5583 1312 5652 Saul,
1368 5586 1705 5650 Abessalom,
1762 5587 1938 5648 Semei
1983 5597 2038 5644 et
2090 5589 2283 5660 reliqui

816 5780 833 5810 ⁷
881 5776 1036 5835 Prov.
1066 5797 1179 5847 xu,
1213 5783 1302 5837 20.
1405 5785 1444 5815 ¹⁸
1487 5783 1646 5838 Prov.
1685 5802 1760 5850 ιιι,
1801 5788 1883 5841 Η.

2383 3496 2485 3541 τις,
2518 3478 2551 3532 δι
2583 3479 2701 3530 κατ’
2732 3477 2906 3548 ἀρχὰς
2943 3476 3040 3545 μὲν
3066 3472 3297 3526 ἐπίπονά
3322 3473 3434 3523 ἐστι
3459 3469 3535 3538 τῷ
3581 3467 3677 3536 τὴν
3727 3463 3945 3533 τεθλιμ-

2385 3571 2550 3642 μένην
2574 3570 2804 3624 ὁδεύοντι
2825 3587 2836 3598 ·
2869 3571 2933 3639 τῇ
2968 3568 3023 3621 δὲ
3059 3569 3305 3638 προκοπῇ
3341 3563 3683 3618 πλατύνεται.
3718 3558 3810 3630 Τῷ
3837 3559 3945 3630 γὰρ

2386 3665 2522 3737 μετὰ
2566 3665 2689 3728 τοὺς
2735 3663 2830 3734 τῆς
2879 3661 3076 3734 ἀρετῆς
3112 3661 3302 3722 πόνους
3335 3656 3649 3712 ἀνάπαυλαν
3692 3652 3942 3724 δέχεσθαι

2386 3760 2808 3829 ίσχυροποιεῖται
2837 3755 2903 3808 τι
2935 3757 3056 3827 ἴχνη
3075 3772 3086 3784 ·
3123 3753 3315 3822 ἔστησε
3345 3751 3452 3822 γὰρ
3475 3750 3566 3802 ἐπὶ
3592 3747 3796 3818 πέτραν
3818 3747 3942 3808 τοὺς

2384 3849 2548 3911 πόδας
2584 3851 2616 3918 ἡ
2625 3846 2758 3916 μῶν.

2452 3938 2802 4000 Καταδιώξω
2831 3935 2970 3999 τοὺς
3018 3932 3265 4002 ἐχθρούς
3306 3947 3448 3998 μου.
3487 3929 3574 3991 Ὠς
3615 3940 3945 3980 κατεσκευα-

2386 4028 2579 4097 σμένος
2609 4015 2696 4079 δὶἀ
2733 4025 2828 4094 τῆς
2862 4023 3011 4086 Θείας
3049 4025 3268 4093 χάριτος
3310 4023 3389 4083 είς
3431 4018 3648 4090 δρόαον,
3685 4017 3813 4088 περὶ
3843 4014 3944 4084 τῆς

2384 4120 2537 4188 νίκης
2567 4116 2774 4190 θαρρεῖ.

2470 4212 2765 4279 Ἐκολίψω
2796 4209 3033 4273 αὐτοὺς,
3086 4208 3181 4260 καὶ
3227 4203 3313 4274 μὴ
3363 4202 3654 4255 δύνωνται
3705 4196 3944 4264 στῆναι.

2388 4302 2671 4372 Ἐκθλιψιν
2693 4301 2798 4353 τῶν
2828 4300 3034 4371 ἐχθρῶν
3064 4302 3096 4366 ἡ
3133 4295 3368 4350 ἀπάθεια
3391 4289 3808 4361 κατεργάζεται.

2455 4393 2565 4446 Kal
2603 4391 2957 4460 περιέζωσάς
2981 4406 3055 4459 με
3104 4389 3379 4456 δύναμιν.
3427 4384 3592 4438 Πάλιν
3622 4381 3682 4434 τὸ
3712 4380 3818 4434 πᾶν
3843 4377 3943 4449 τῆς

2387 4484 2543 4553 νίκης
2579 4483 2657 4553 τῷ
2685 4482 2936 4535 δεδωκότι
2966 4480 3060 4550 τὴν
3086 4480 3236 4551 ἰσχὺν
3261 4474 3564 4546 ἀνατίθησι.

2458 4574 2566 4629 Kal
2594 4573 2733 4639 τοὺς
2763 4572 3014 4640 ἐχθρούς
3030 4587 3148 4639 μου
3178 4565 3402 4632 ἔδωκάς
3425 4583 3525 4634 μοι
3557 4563 3766 4618 νῶτον.
3803 4561 3950 4615 Ἀντὶ

2388 4666 2482 4722 τοῦ
2517 4666 2593 4728 εἰς
2628 4662 2803 4734 φυγὴν
2841 4662 3088 4734 ἔτρεψας.
3131 4659 3287 4712 Ἴδιον
3340 4657 3447 4727 γὰρ
3495 4654 3602 4707 τῶν
3645 4650 3951 4723 φευγόντων

2390 4758 2533 4813 νῶτα
2561 4755 2776 4808 διδόναι.
2815 4752 2980 4806 Νῶτα
3007 4752 3063 4804 δὲ
3088 4751 3318 4804 διδόασιν
3350 4750 3398 4800 oi
3437 4746 3620 4817 ἐχθροὶ
3651 4743 3804 4813 ἡμῶν
3833 4737 3946 4795 δαί-

2391 4863 2548 4919 μονες
2581 4845 2772 4918 μηκέτι
2797 4843 3086 4913 λογισμοὺς
3111 4839 3369 4911 ἐμπαθεῖς
3391 4837 3643 4919 ἐμϐαλεῖν
3664 4834 3946 4904 δυνάμενοι

2385 4945 2452 5011 τῇ
2476 4939 2643 5009 ψυχῇ.
2696 4937 2803 4991 Kal
2835 4935 2976 5000 τοὺς
3004 4931 3332 5002 μισοῦντάς
3356 4946 3432 4998 με
3477 4927 3943 4994 ἐξωλόθρευσας.

2387 5034 2491 5087 Τὸν
2537 5029 2726 5091 Σαοὺλ,
2757 5028 2846 5080 τὸν
2884 5025 3183 5097 Ἀχιτόφελ,
3206 5024 3295 5076 τὸν
3335 5018 3704 5090 Ἀϐεσσαλὼμ,
3728 5019 3820 5072 καὶ
3843 5035 3944 5090 pu-

2391 5131 2537 5200 ρίους
2567 5127 2651 5178 ἑτέ
2659 5141 2803 5196 ρους.

2472 5217 2856 5285 Ἐκέκραξαν,
2895 5213 2991 5267 καί
3023 5212 3134 5266 οὐκ
3165 5206 3244 5281 ἦν
3289 5213 3322 5265 ό
3357 5207 3574 5270 σώζων.
3607 5207 3790 5262 Ταῦτα
3818 5207 3945 5278 περὶ

2388 5313 2495 5367 τῶν
2526 5307 2797 5380 αἰσθητῶν
2838 5303 3044 5377 ἐχθρῶν
3092 5320 3254 5373 φησιν
3285 5303 3360 5365 ὡς
3405 5304 3468 5355 ὲκ
3519 5299 3806 5373 προσώπου
3853 5297 3944 5353 τοῦ

2388 5403 2614 5475 Κυρίου.
2653 5399 2785 5452 Οὔτε
2821 5399 2929 5469 γὰρ
2955 5395 3237 5464 ἀλλόφυλοι
3275 5394 3402 5458 τοὺς
3454 5394 3680 5456 οἰκείους
3726 5391 3950 5445 καλοῦν-

2390 5514 2480 5559 τες
2509 5496 2587 5555 εἰς
2621 5492 2939 5561 ἐπικουρίαν
2982 5488 3134 5552 θεοὺς
3170 5489 3268 5556 τῆς
3301 5489 3430 5550 παρ’
3475 5485 3650 5540 αὐτῶν
3696 5485 3946 5557 προνοίας

2393 5587 2727 5649 ἀπέλαυσαν,
2757 5583 2877 5638 οὔτε
2904 5586 2931 5637 ὁ
2965 5580 3135 5635 Σαοὺλ
3164 5581 3256 5635 καὶ
3286 5578 3641 5649 ’Ἀϐεσσαλὼμ
3669 5579 3762 5631 καὶ
3788 5580 3816 5630 ὁ
3854 5578 3946 5630 Σε-
