4122 6500
179 471 261 522 ιει
1273 460 1636 518 EXPOSITIO
1673 459 1742 513 IN
1782 459 2111 514 PSALMUM
2153 457 2314 513 XVII.

3308 465 3409 522 ιειι

175 581 281 649 μεεὶ
329 597 422 634 και
452 581 503 633 οί
559 580 742 634 λοιποὶ
795 581 904 632 τῶν
963 579 1310 651 Ἰσραηλιτῶν
1349 577 1596 647 πολέμιοι
1652 574 1742 626 τὸν

1847 571 2216 627 lsraelitarum
2277 572 2486 633 hostes,
2544 569 2709 626 Deum
2771 570 3150 641 opitulatorem
3205 575 3410 631 habue-

171 672 292 724 Θεὸν
318 673 597 741 ἐσχήκασι
632 672 938 742 σύμμαχον.

235 762 337 818 Καὶ
357 763 649 816 λεπτυνῶ
677 764 899 828 αὐτοὺς
933 763 1074 816 ὡσεὶ
1116 761 1285 830 χοῦν.
1327 760 1569 832 Φροῦδοι,
1591 757 1744 830 φησὶ,

175 856 481 924 γενήσονται
556 855 843 918 παντελῶς
885 854 982 917 τῆς
1019 855 1117 923 σῆς
1157 871 1245 923 μοι
1297 854 1514 924 χάριτος
1561 868 1746 922 συνερ-

174 944 384 1013 7056*):-

249 1036 458 1090 Ῥὗσαι
509 1054 593 1105 με
629 1037 697 1101 ἐξ
729 1035 1083 1105 ἀντιλογιῶν
1125 1035 1302 1090 λαοῦ.
1340 1037 1459 1087 Ἐτι
1510 1033 1602 1086 τοῦ
1641 1035 1745 1085 Κυ-

177 1127 283 1199 ρίου
311 1126 372 1179 τὸ
399 1128 702 1198 πρόσωπον
728 1126 1202 1198 ἀποστρεφομένου
1241 1127 1339 1196 μὲν
1369 1126 1433 1178 δι’
1462 1126 1745 1179 ἀπείθειαν

174 1220 273 1275 τῶν
306 1221 605 1282 Ἰουδαίων,
638 1221 912 1284 αἰτοῦντος
934 1221 990 1273 δὲ
1027 1219 1094 1272 τά
1128 1219 1253 1289 ἔθνη
1279 1222 1356 1281 είς
1381 1218 1743 1288 κληρονομίαν

175 1311 348 1366 αὐτοῦ.
384 1314 816 1380 Καταστήσεις
841 1330 909 1379 με
938 1316 1025 1378 εὶς
1055 1312 1326 1381 κεφαλὴν
1360 1311 1567 1365 ἐθνῶν.
1607 1312 1742 1363 Ἀλλ’

175 1406 266 1457 οὐκ
293 1402 448 1474 ἴσμεν
478 1405 577 1457 τὸν
612 1404 779 1458 Δαυῖδ
817 1405 924 1456 τῶν
966 1405 1132 1456 ἐθνῶν
1189 1403 1614 1474 βασιλεύσαντα·
1648 1405 1742 1456 οὺ·-

175 1494 295 1547 κοῦν
310 1494 396 1546 διὰ
419 1495 516 1548 to:
549 1495 612 1559 ἐξ
633 1496 795 1548 αὑτοῦ
823 1497 961 1549 κατὰ
986 1496 1160 1564 σάρκα
1185 1495 1462 1564 τεχθέντος
1484 1497 1515 1566 η
1545 1513 1746 1566 προφη-

177 1586 284 1637 τεία
311 1584 645 1654 πληροῦται.
665 1586 723 1637 Ὀ
751 1587 856 1656 γὰρ
876 1588 938 1637 ἐκ
963 1585 1123 1636 Δαυῖδ
1141 1585 1277 1637 κατά
1304 1585 1481 1655 σάρκα
1511 1585 1742 1654 τεχθεὶς,

178 1676 327 1729 Δαυῖδ
356 1679 450 1730 καὶ
481 1678 651 1737 αὐτὸς
682 1676 1072 1747 ὀνομαζόμενος
1111 1677 1249 1729 κατά
1289 1677 1378 1728 τὸν
1406 1676 1545 1729 θεῖον
1588 1676 1743 1739 Ἰεζε-

177 1768 311 1840 χιὴλ,
363 1770 391 1820 6
431 1771 743 1838 Δεσπότης,
775 1769 918 1834 λέγω
944 1808 957 1830 ,
1006 1768 1274 1838 Χριστὸς,
1309 1769 1522 1821 πάντων
1567 1769 1745 1821 ἐδασί-

177 1858 322 1910 λευσε
375 1859 488 1910 τῶν
549 1858 756 1910 ὲθνῶνο
811 1858 896 1909 ἀεὶ
945 1858 1041 1926 μὲν
1079 1858 1153 1920 ὡς
1187 1858 1316 1921 Θεὸς
1343 1857 1451 1910 τῶν
1491 1859 1742 1910 ἁπάντων

1853 675 1997 720 runt.

1916 758 2006 813 63.
2040 759 2109 814 Et
2143 759 2499 814 comminuam
2536 775 2622 812 eos
2668 767 2726 810 ut
2773 757 3057 826 pulverem.
3094 756 3284 826 Vacui,
3325 761 3410 816 lti-

1845 853 1983 922 quit,
2022 862 2206 916 erunt,
2247 862 2335 906 tua
2367 853 2498 906 mihi
2533 849 2702 922 gratia
2731 848 2942 906 fortiter
2977 852 3292 909 auxiliante.

1916 1034 2006 1087 M.
2043 1035 2201 1094 Eripe
2221 1050 2302 1087 me
2331 1050 2393 1086 ae
2420 1035 2923 1088 contradictionibus
2954 1034 3151 1104 populi.
3181 1034 3412 1090 Domino

1846 1127 2053 1180 scilicet
2083 1127 2259 1179 adhuc
2291 1126 2482 1182 faciem
2513 1135 2789 1180 avertente
2824 1127 2891 1180 ob
2914 1125 3222 1180 Judzuorum
3257 1126 3413 1179 inob-

1823 1221 2207 1289 osequcntiam,
2235 1220 2540 1288 postulante
2559 1227 2737 1272 autem
2757 1228 2942 1288 gentes
2964 1219 3014 1270 in
3048 1219 3411 1271 Inrreditatem

1845 1328 2022 1366 suam.
2045 1311 2340 1366 Constitues
2373 1328 2452 1363 me
2475 1313 2523 1364 in
2551 1320 2705 1379 caput
2729 1311 2958 1379 gentium
2989 1310 3088 1379 (4).
3122 1308 3206 1377 (Et
3231 1318 3411 1363 tamen

1846 1405 2120 1458 nescimus
2165 1403 2418 1456 Davidem
2468 1403 2720 1470 gentibus
2757 1403 3100 1471 imperasse.)
3151 1399 3252 1456 Per
3284 1416 3408 1454 eum

1847 1497 2048 1563 itaque,
2092 1495 2184 1562 qui
2212 1510 2274 1547 ex
2313 1493 2511 1548 Davide
2545 1495 2845 1548 secundum
2874 1508 3092 1547 carnem
3117 1503 3270 1546 ortus
3304 1503 3408 1556 est,

1847 1589 2102 1658 impletur
2129 1589 2432 1658 prophetia.
2476 1587 2610 1640 Nam
2641 1590 2733 1656 qui
2761 1603 2824 1641 ex
2871 1587 3074 1640 Davide
3109 1586 3410 1639 secundum

1847 1696 2062 1734 carnem
2099 1689 2259 1733 natus
2289 1689 2392 1745 est,
2424 1688 2477 1734 et
2507 1681 2621 1749 ipse
2646 1677 2814 1732 David
2843 1688 3070 1732 vocatus
3096 1677 3249 1746 juxta
3282 1676 3413 1730 divi-

1847 1790 1975 1827 num
2003 1772 2364 1835 Ezechielcm,
2399 1788 2593 1839 nempe
2634 1771 2896 1824 Dominus
2920 1768 3192 1833 Christus,
3230 1768 3410 1821 enmi-

1849 1869 1951 1923 lms
1975 1869 2224 1938 gentibus
2266 1864 2569 1936 imperavit.
2602 1862 2668 1917 Et
2705 1862 2923 1932 quidem
2967 1871 3024 1914 ut
3066 1859 3204 1913 Deus
3235 1859 3412 1912 omni-

175 1950 465 2015 δεσπόζων,
505 1951 652 2019 μετά
693 1950 748 2002 δὲ
782 1951 879 2020 τὴν
902 1949 1314 2020 ὲνανθρὼπησιν
1365 1953 1457 2004 καὶ
1487 1951 1584 2020 τὴν
1622 1951 1739 2003 ἐθε-

1847 1961 1946 2014 bus
1977 1975 2190 2028 semper
2218 1960 2446 2029 imperat
2474 1977 2486 2024 ;
2514 1966 2797 2028 postquam
2831 1961 3009 2007 autem
3044 1952 3208 2005 homo
3235 1950 3411 2004 factus

177 2041 377 2095 λοῦσιον
410 2044 520 2094 τῶν
552 2044 635 2105 είς
667 2042 826 2094 αὑτὸν
851 2043 1283 2096 πεπιστευκότων
1318 2042 1559 2096 δουλείαν
1589 2043 1742 2110 δεξά-

179 2150 348 2202 μενος.

240 2227 393 2289 Λαὸς
419 2225 494 2276 ὃν
520 2227 635 2279 οὐκ
663 2225 852 2294 ἔγνων
887 2225 1214 2280 ἐδούλευσέ
1239 2244 1360 2295 μοι.
1412 2225 1541 2298 [Τοῦ
1580 2226 1741 2278 αὑτοῦ

177 2314 260 2368 τοῦ
303 2317 542 2388 Χριστοῦ
573 2336 585 2344 ·
635 2317 1104 2389 ἀποστρεφόμενος
1175 2317 1284 2388 γὰρ
1328 2318 1454 2379 τοὺς
1502 2316 1743 2378 ἀπειθεῖς

189 2408 491 2472 Ἰουδαίους,
510 2412 656 2462 αἰτεῖ
677 2411 742 2462 τὰ
760 2410 882 2478 ἔθνη
903 2411 981 2471 είς
997 2408 1097 2478 κλη
1108 2407 1404 2478 ρονομίαν.]
1429 2408 1542 2460 Οὐκ
1563 2409 1743 2474 ἀγνοί-

178 2515 240 2563 ας
266 2501 381 2553 ἐστὶ
407 2501 770 2571 σημαντικὸν,
802 2500 975 2554 πάντα
1001 2499 1110 2568 γὰρ
1137 2495 1278 2551 οἶδεν
1315 2499 1391 2561 ὡς
1416 2499 1547 2560 Θεός
1572 2515 1585 2528 ο
1629 2497 1742 2552 ἀλλ’

178 2591 254 2642 δτι
281 2592 329 2644 οἱ
356 2592 503 2644 κατά
532 2593 761 2663 καιροὺς
788 2592 886 2661 τὴν
913 2589 1219 2660 οίκειότητα
1243 2590 1342 2661 τὴν
1365 2590 1498 2660 πρὸς
1528 2589 1628 2660 ἐμὲ
1667 2591 1741 2660 μὴ

180 2681 423 2752 λαχόντες
463 2683 736 2755 ἀλλότριοι
767 2683 832 2736 ἀν
863 2679 972 2735 εἶεν
999 2683 1094 2736 καλ⁸
1139 2680 1276 2746 ξένοι
1309 2681 1400 2736 καὶ
1427 2681 1611 2751 πόρρω
1645 2681 1743 2748 τῆς

181 2775 311 2844 ιμῆς
331 2775 637 2845 ἀπέχοντες
659 2774 1008 2844 οἰκειότητος.

254 2951 368 3003 Υίοί
417 2951 735 3018 ἀλλότριοι,
771 2949 1115 3018 ἐψεύσαντό
1154 2965 1247 3017 με.
1285 2947 1343 3000 '0
1379 2946 1598 3018 κληθεὶς
1629 2946 1744 3010 υἱὸς

183 3041 522 3110 πρωτότοκος
564 3039 780 3110 Ἰσραὴλ
806 3038 1083 3110 ἀλλότριος
1121 3037 1321 3109 ἐκλήθη
1350 3036 1436 3090 διὰ
1477 3037 1575 3108 τὴν
1614 3038 1742 3090 ἀπι-

183 3131 328 3185 στίαν
356 3133 493 3191 υἱός.
538 3131 655 3184 Υἱοὶ
689 3131 991 3198 ἀλλότριοι
1014 3128 1495 3199 ἐπαλαιώθησαν.
1538 3129 1654 3182 Πᾶν
1683 3127 1744 3181 τὸ

183 3224 576 3294 παλαιούμενον
609 3224 771 3291 ἐγγὺς
793 3222 1122 3292 ἀφανισμοῦ.

246 3312 330 3382 Ζῇ
366 3316 607 3381 Κύριος,
651 3312 750 3366 καὶ
793 3311 1117 3379 εὐλογητὸς
1142 3313 1176 3364 ό
1207 3310 1350 3375 Θεός
1372 3328 1510 3379 μου.
1552 3310 1744 3363 Εὑκαί-
1770 3295 1815 3324 ⁸⁴

185 3421 284 3474 pm;
319 3406 402 3466 τὸ,
434 3405 522 3474 Ζῇ
572 3407 783 3473 Κύριος
827 3405 1194 3475 ἐπεφώνησεν.
1257 3403 1470 3473 Ἐπειδὴ
1505 3403 1744 3473 ἐμνημό-

184 3514 360 3550 νευσεν
385 3499 488 3567 τῆς
513 3499 820 3565 ἀντιλογίας
847 3497 938 3550 τοῦ
975 3497 1124 3560 λαοῦ,
1147 3498 1203 3548 ἐν
1295 3496 1461 3550 ἐϐόων
1496 3495 1744 3564 λέγοντες

183 3585 331 3655 Αἶρε,
380 3591 514 3656 αἶρε
538 3604 552 3617 ·
606 3591 958 3655 σταύρωσον
989 3591 1192 3642 αὐτόν.
1238 3590 1344 3642 Καὶ
1385 3589 1672 3657 ὐψωθήτω
1711 3591 1744 3642 ό

185 3677 320 3744 Θεὸς
342 3679 454 3746 τῆς
485 3679 780 3745 σωτηρίας
801 3697 938 3747 μου.
977 3681 1038 3731 El
1068 3681 1159 3731 καὶ
1184 3680 1582 3732 ἐταπείνωσεν
1611 3681 1744 3733 ἐαυ-

185 3768 300 3831 τὸν,
335 3771 497 3840 φησι,
527 3767 730 3822 λαϐὼν
758 3768 871 3835 τὴν
916 3768 1020 3822 τοῦ
1071 3768 1294 3822 δούλου
1330 3769 1591 3836 μορφὴν,
1630 3768 1740 3820 ἀλλ’

185 3862 375 3934 ὑψηλός
405 3864 580 3915 ἐστιν.
607 3863 827 3932 Ὅμοιον
870 3861 926 3914 δὲ
969 3861 1046 3930 τῷ
1078 3861 1350 3932 εἰρημένῳ
1393 3861 1472 3923 τὸ,
1515 3861 1566 3912 '0
1601 3859 1744 3926 Θεὸς

183 3957 361 4009 αὑτὸν
392 3956 777 4023 ὐπερὺψωσε,
812 3953 910 4007 καὶ
937 3953 1254 4022 ἐχαρίσατο
1280 3951 1439 4018 αὐτῷ
1468 3951 1651 4020 ὄνομα
1676 3951 1744 4005 τὸ

185 4048 326 4113 ὑπὲρ
357 4046 487 4099 πᾶν
521 4047 726 4112 ὄνομα.

259 4139 310 4191 '0
338 4137 488 4203 Θεὸς
516 4140 549 4190 ό
573 4135 774 4201 διδοὺς
799 4135 1133 4201 ἐκδικήσεις
1174 4135 1322 4204 ἐμοί.
1365 4135 1458 4187 Ἐκ
1489 4135 1580 4187 τοῦ
1619 4133 1744 4187 ἀπί-

188 4246 304 4282 στου
341 4228 474 4282 λαοῦ
523 4228 629 4281 τῶν
685 4226 949 4280 Ἰουδαίων
982 4226 1238 4296 δηλονότι.
1280 4225 1389 4279 Καὶ
1441 4225 1743 4291 ὑποτάξας

185 4321 363 4388 λαοὺς
393 4322 500 4375 ὑπ’
547 4319 670 4388 ἐμέ.
719 4319 799 4372 Τὰ
831 4317 978 4388 ἔθνη.
1036 4319 1221 4388 φησιν,
1269 4317 1616 4385 ὑπετάγησαν
1667 4317 1742 4387 τῷ

189 4412 418 4482 Χριστῷ.
463 4413 516 4463 Ὁ
539 4414 772 4479 ρύστης
798 4428 916 4478 μου
957 4410 1026 4473 ἐξ
1069 4409 1300 4478 ἐχθρῶν
1325 4428 1464 4478 μου.
1497 4410 1616 4462 Τῶν
1647 4413 1744 4482 ἀρ-

189 4503 378 4571 χόντων
400 4502 498 4555 τοῦ
523 4503 583 4566 ἐξ
618 4501 827 4572 Ἰσραὴλ
857 4500 984 4554 λαοῦ
1025 4519 1206 4572 φησιν.

1841 2062 1946 2117 est,
1989 2051 2350 2106 voluntariam
2395 2050 2732 2105 credentium
2783 2047 2840 2099 in
2881 2046 3054 2114 ipsqu
3092 2043 3406 2098 servitutem

1843 2142 2026 2198 subiit.

1914 2232 2002 2285 45.
2054 2229 2288 2297 Populus
2358 2243 2508 2298 quem
2569 2242 2670 2278 non
2735 2225 2949 2296 cognovi
2992 2225 3200 2278 servivit
3257 2223 3407 2276 mihi.

1854 2322 2054 2394 [Ipsius
2113 2320 2337 2383 Christi,
2378 2320 2494 2387 qui,
2535 2317 2768 2388 repulsis
2817 2315 3021 2371 inda-is
3079 2325 3137 2370 ut
3191 2314 3409 2368 inobse-

1844 2412 2180 2482 queotibus,
2267 2409 2501 2479 postulat
2582 2417 2769 2478 gentes
2843 2407 2897 2460 in
2989 2400 3406 2476 hmreditatem.]

1845 2504 1920 2574 (5)
1948 2502 2064 2556 Non
2092 2512 2175 2556 est
2205 2502 2319 2555 haec
2345 2500 2662 2569 ignorantia:
2685 2508 2808 2553 nota
2833 2517 2845 2552 :
2867 2509 3060 2552 cuncta
3093 2497 3235 2552 enim
3263 2495 3409 2549 novit

1845 2605 2030 2664 utpote
2074 2593 2235 2648 Deus.
2287 2592 2393 2646 Sed
2440 2591 2722 2661 quoniam,
2770 2591 2864 2652 ait,
2911 2588 3004 2660 qui
3059 2604 3154 2658 per
3193 2587 3406 2641 diversa

1843 2696 2086 2756 tempora
2139 2686 2283 2739 nulla
2345 2685 2479 2738 mihi
2537 2683 2936 2738 necessitudine
2989 2681 3164 2751 juncti
3217 2687 3406 2744 erant,

1842 2779 2003 2833 alieni
2034 2787 2088 2831 et
2121 2777 2363 2831 extranei
2398 2775 2521 2844 jure
2546 2774 2819 2839 dicantur,
2857 2784 3019 2842 atque
3051 2788 3080 2826 a
3103 2786 3219 2824 mea
3251 2769 3405 2822 lami-

1845 2868 2082 2922 linritate
2111 2867 2266 2935 longe
2293 2866 2507 2919 remoti.

1913 2957 2003 3012 66.
2034 2957 2165 3010 Filii
2192 2956 2351 3008 alieni
2383 2955 2585 3008 mentiti
2624 2963 2745 3007 sunt
2778 2954 2927 3008 mihi.
2959 2952 3145 3015 Israel,
3169 2953 3260 3024 qui
3299 2957 3407 3023 pri-

1844 3048 2148 3116 mogcnitus
2186 3047 2502 3112 vocabatur,
2537 3046 2749 3100 alienus
2781 3047 2923 3100 ﬁlius
2960 3047 3029 3099 ob
3060 3045 3408 3100 incredulita-

1843 3149 1950 3196 tem
1994 3139 2170 3194 dictus
2204 3147 2308 3192 est.
2356 3136 2489 3190 Filii
2530 3138 2690 3190 alieni
2721 3137 2994 3189 inveterati
3045 3146 3185 3190 sunt.
3235 3136 3408 3191 Omne

1846 3234 2226 3291 inveteratum,
2252 3229 2559 3300 proximum
2595 3229 2835 3282 interitui
2864 3237 2966 3283 est.

1913 3323 2001 3376 47.
2063 3321 2198 3375 Viuit
2233 3322 2508 3381 Dominus,
2532 3328 2580 3372 et
2610 3317 2907 3371 benedictus
2947 3317 3086 3371 Deus
3114 3334 3277 3372 meus.
3305 3317 3410 3386 Op-

1843 3423 2074 3484 portune
2107 3411 2260 3473 illud,
2302 3408 2436 3460 Vivit
2468 3408 2745 3470 Dominus,
2775 3405 3104 3460 vociferatus
3135 3417 3238 3460 est.
3269 3403 3404 3470 Quia

1844 3503 2290 3560 commemoravit
2320 3499 2799 3566 contradictionem
2836 3497 3041 3566 populi,
3071 3512 3176 3564 qua
3210 3496 3409 3548 clama-

1844 3601 2022 3650 bant:
2064 3594 2225 3660 Tolle,
2275 3593 2419 3656 tolle,
2465 3591 2710 3660 cruci/iga
2749 3606 2866 3643 eum
2913 3590 2974 3641 ".
3029 3587 3098 3641 Et
3144 3588 3407 3641 exoltetur

1846 3691 1983 3742 Deus
2007 3689 2198 3741 salutis
2233 3703 2378 3740 meae.
2431 3685 2677 3749 Etiamsi,
2717 3683 3014 3736 humiliarit
3053 3682 3404 3748 semetipsum,

1845 3779 2038 3848 inquit,
2062 3779 2233 3846 forma
2257 3777 2390 3830 servi
2431 3787 2646 3843 accepta
2669 3775 2733 3840 “,
2769 3775 3018 3829 excelsus
3053 3771 3405 3825 nihilominus

1841 3881 1944 3925 est.
1977 3869 2165 3924 Simile
2197 3879 2376 3922 autem
2409 3867 2538 3921 huic
2570 3867 2774 3920 dictum
2805 3873 2890 3918 est
2917 3882 2930 3917 :
2971 3863 3108 3915 Deus
3149 3861 3408 3914 exultavit

1843 3962 2019 4026 illum,
2073 3971 2120 4016 et
2158 3961 2302 4014 dedit
2351 3960 2429 4013 illi
2475 3974 2661 4013 nomen
2715 3956 2853 4027 quod
2916 3964 2992 4009 est
3039 3970 3195 4023 super
3257 3969 3406 4008 omne

1931 4073 2026 4087 ..Δια

1842 4073 2182 4199 ἰοζέηῡέιιδ
2236 4144 2326 4212 qui
2369 4139 2464 4192 das
2511 4139 2767 4192 vindictas
2816 4137 2963 4188 mihi.
3011 4137 3273 4190 Videlicet
3309 4139 3404 4190 ad-

1841 4254 2036 4293 versus
2095 4236 2364 4291 inlidelcm
2412 4232 2669 4301 populum
2719 4227 3058 4283 Judzeorum.
3115 4227 3178 4281 Et
3224 4228 3404 4281 subdi:

1843 4329 2062 4398 populos
2112 4326 2204 4380 sub
2243 4342 2340 4377 me.
2383 4323 2603 4385 Gentes,
2658 4319 2854 4389 inquit,
2904 4319 3127 4373 Christo
3177 4318 3406 4372 subdita:

1845 4423 2082 4475 fuerunt.
2115 4417 2389 4470 Liber-ator
2427 4431 2566 4467 meus
2596 4412 2659 4466 de
2689 4413 2919 4466 inimicis
2958 4411 3108 4464 meis.
3144 4408 3216 4464 De
3257 4409 3406 4478 prin-

1845 4513 2059 4581 cipibus
2092 4506 2372 4563 lsraelilici
2406 4505 2611 4574 populi.

238 4596 367 4649 Ἀπὸ
385 4593 504 4648 τῶν
520 4592 1007 4662 ἐπανισταμένων
1021 4593 1112 4645 ἐπ’
1128 4592 1250 4659 ἐμέ.
1267 4592 1371 4645 Τοῦ
1390 4592 1553 4645 Ἰούδα
1569 4592 1734 4660 λέγει.

1915 4603 1992 4656 Ab
2020 4601 2404 4669 insurgentibus
2429 4598 2482 4649 in
2511 4614 2588 4649 me
2632 4594 2825 4648 Judam
2854 4596 2948 4648 ait.

252 4683 270 4759 [
303 4687 355 4740 Ὀ
377 4688 620 4755 ρύστης
642 4702 760 4754 μου
806 4685 873 4739 ἐκ
903 4684 1017 4738 τῶν
1047 4683 1275 4753 ἐχθρῶν
1314 4702 1432 4752 μου
1467 4685 1739 4752 ὀργίλων.

200 4778 287 4830 Ἕκ
319 4779 411 4832 τοῦ
442 4777 574 4831 λαοῦ
608 4778 859 4830 ἀπίστου.
901 4775 1137 4848 Ὀργίλοι
1180 4775 1362 4845 ἐχθροὶ
1402 4778 1430 4828 6
1457 4775 1742 4838 Ἰουδαῖκδς

190 4864 304 4930 λαὸς
335 4865 682 4936 Σαμαρείτην
716 4863 876 4917 αὑτὸν
899 4862 1311 4934 κερτομοῦντες.
1361 4863 1524 4932 Ἀνὴρ
1544 4861 1599 4914 δὲ
1631 4863 1743 4916 ἀδι-

193 4975 276 5021 ato;
316 4959 344 5012 ὁ
393 4957 615 5020 Ἰούδας,
661 4958 692 5027 ἢ
754 4955 1000 5019 Πιλᾶτος,
1056 4955 1310 5016 ἀναιτίως
1343 4953 1594 5016 κολάσας.
1647 4953 1743 5007 Διὰ

189 5051 386 5122 τοῦτοῆ
419 5050 510 5104 διὰ
536 5049 633 5112 τὰς
668 5050 746 5111 είς
786 5048 886 5118 ἐμὲ
915 5048 1227 5118 εὐεργεσίας
1254 5048 1631 5116 εὑχαριστήσω
1662 5063 1742 5099 σοι

193 5145 276 5196 ἐπὶ
310 5143 528 5197 πάντων
560 5143 668 5194 εἴτε
705 5140 968 5194 Ἰουδαίων
990 5140 1098 5193 εἴτε
1132 5139 1320 5202 ἐθνῶν,
1358 5139 1452 5192 καὶ
1478 5141 1535 5192 ὲν
1557 5139 1743 5209 ὕμνοις

191 5233 288 5298 ιξω
317 5235 378 5289 τὸ
402 5234 578 5306 ὄνομά
607 5231 757 5304 σου.]

257 5441 354 5494 Διὰ
378 5453 555 5492 τουτο
577 5431 1094 5503 ἐξομολογήσομαι
1135 5442 1234 5484 σοι
1275 5429 1344 5482 ἐν
1378 5429 1598 5488 ἔθνεσι,
1629 5429 1740 5481 Κύ-

190 5547 288 5596 ριε.
335 5529 550 5598 Ἐπειδὴ
576 5527 645 5581 τὰ
681 5526 773 5579 καὶ
798 5523 864 5576 τὰ
897 5523 1155 5593 είργάσω.
1205 5519 1333 5588 ἐγὼ,
1372 5519 1532 5586 φησὶν
1563 5521 1589 5571 6
1620 5529 1743 5589 προ-

195 5619 376 5690 φήτης,
407 5614 626 5671 ἐπειδὰν
661 5615 724 5668 σὺ
753 5611 912 5675 αὐτὸς
939 5613 967 5663 6
998 5611 1201 5681 Κύριος
1228 5609 1294 5662 τὰ
1333 5608 1457 5678 ἔθνη
1488 5608 1738 5681 καλέσῃς,

261 5753 302 5785 ⁸⁸
335 5749 492 5808 Joan.
523 5765 641 5814 xix,
674 5747 762 5801 15.
843 5745 888 5778 ’⁸
923 5744 1154 5814 Philipp.
1189 5759 1249 5807 ιι,
1288 5744 1342 5800 8.
1421 5743 1462 5774 ⁸¹
1513 5741 1644 5796 ibid.
1685 5742 1734 5798 9.

261 5863 329 5930 (εί)
363 5863 485 5921 Haec
517 5862 736 5934 Origeni
762 5860 1068 5915 tribuuntur
1093 5861 1140 5913 in
1179 5856 1306 5928 Reg.
1337 5855 1384 5909 l.
1603 5884 1609 5911 ι

1915 4693 2214 4766 [Liberator
2263 4706 2406 4743 meus
2454 4688 2518 4741 de
2570 4688 2799 4742 inimiris
2846 4689 2971 4742 meis
3021 4686 3308 4752 iracundis.
3361 4688 3404 4740 Α

1843 4789 2044 4860 populo
2098 4784 2321 4840 iulideli.
2375 4780 2580 4834 Inimici
2653 4781 2898 4834 iracundi
2958 4790 3083 4834 sunt
3143 4776 3403 4832 Judaicus

1843 4879 2100 4949 populus,
2142 4878 2233 4947 qui
2278 4877 2434 4945 quasi
2479 4874 2824 4928 Samaritano
2864 4872 2938 4925 illi
2987 4871 3400 4926 maledicebaut.

1849 4970 1940 5024 Vir
1970 4981 2151 5024 autem
2192 4970 2414 5037 iniquus
2442 4975 2524 5022 est
2563 4963 2750 5026 Judus,
2786 4973 2878 5017 aut
2914 4963 3120 5016 Pilatus
3155 4962 3246 5030 qui
3286 4961 3404 5015 sine

1843 5076 2006 5116 causa
2035 5061 2211 5129 ipsum
2245 5057 2514 5125 supplicio
2541 5050 3087 5120 aﬂeeit.'Propterea,
3137 5058 3231 5102 aut
3278 5065 3403 5117 pro-

1842 5163 1964 5222 pter
1994 5161 2084 5205 tua
2114 5165 2238 5218 erga
2267 5164 2351 5201 me
2382 5144 2878 5214 benelicia,gratias
2904 5157 3057 5212 agam
3079 5141 3170 5195 tibi
3205 5143 3255 5195 in
3285 5157 3403 5195 om-

1845 5245 2003 5298 nibus
2053 5241 2404 5305 nationibus,
2466 5239 2581 5293 sive
2629 5235 2830 5290 Iudaeis
2887 5237 3002 5290 sive
3049 5235 3319 5305 gentibus,
3349 5241 3404 5288 et

1844 5337 2058 5408 hymnis
2088 5333 2372 5388 celebrabo
2400 5345 2596 5383 nomen
2635 5325 2833 5397 tuum.]

1912 5425 2201 5492 Propterea
2244 5421 2528 5490 conﬁtebor
2568 5417 2659 5470 tibi
2696 5417 2749 5470 in
2791 5416 3107 5482 nationibus,
3161 5415 3398 5468 Domine.

1842 5519 1976 5574 Cum
2019 5525 2098 5578 tu,
2152 5514 2399 5578 Domine,
2440 5514 2515 5566 ait
2557 5512 2845 5582 Propheta.
2885 5514 2998 5566 haec
3041 5520 3093 5566 et
3132 5511 3218 5563 illa
3268 5509 3400 5562 mihi

1843 5609 2177 5682 prmstiteris,
2202 5607 2419 5676 quando
2444 5615 2496 5658 tu
2533 5605 2648 5674 ipse
2681 5605 2942 5661 Dominus
2965 5613 3148 5675 gentes
3175 5617 3398 5659 vocave-

1911 5852 1989 5921 (5)
2016 5851 2070 5904 In
2100 5848 2252 5904 Colb.
2286 5848 2338 5913 3,
2371 5848 2485 5905 haec
2516 5848 2822 5906 tribuuntur
2846 5847 3063 5917 Cyrillo.
