  <div class='ocr_page' id='page_1' title='image "/cluster/home/n/w/nwhite01/storage/ocr_20150623/27/uva.x030474749/071.png"; bbox 0 0 4122 6484; ppageno 0'>
   <div class='ocr_carea' id='block_1_1' title="bbox 714 400 820 458">
    <p class='ocr_par' dir='ltr' id='par_1_1' title="bbox 714 400 820 458">
     <span class='ocr_line' id='line_1_1' title="bbox 714 400 820 458; baseline 0.038 -4"><span class='ocrx_word' id='word_1_1' title='bbox 714 400 820 458; x_wconf 71' lang='grc'><strong>125</strong></span> 
     </span>
    </p>
   </div>
   <div class='ocr_carea' id='block_1_2' title="bbox 1549 386 2275 488">
    <p class='ocr_par' dir='ltr' id='par_1_2' title="bbox 1549 406 2275 474">
     <span class='ocr_line' id='line_1_2' title="bbox 1549 406 2275 474; baseline 0.018 -13"><span class='ocrx_word' id='word_1_2' title='bbox 1549 406 1605 462; x_wconf 88' lang='lat' dir='ltr'><strong>S.</strong></span> <span class='ocrx_word' id='word_1_3' title='bbox 1640 408 2004 469; x_wconf 76' lang='lat' dir='ltr'><strong>ATHANASII</strong></span> <span class='ocrx_word' id='word_1_4' title='bbox 2038 416 2186 474; x_wconf 88' lang='lat' dir='ltr'><strong>OPP.</strong></span> <span class='ocrx_word' id='word_1_5' title='bbox 2228 419 2275 473; x_wconf 51' lang='grc' dir='ltr'>Ρ.</span> 
     </span>
    </p>
   </div>
   <div class='ocr_carea' id='block_1_3' title="bbox 2378 386 3922 488">
    <p class='ocr_par' dir='ltr' id='par_1_3' title="bbox 2378 386 3922 488">
     <span class='ocr_line' id='line_1_3' title="bbox 2378 386 3922 488; baseline 0.007 -12"><span class='ocrx_word' id='word_1_6' title='bbox 2378 420 2409 476; x_wconf 85' lang='lat' dir='ltr'><strong>s</strong></span> <span class='ocrx_word' id='word_1_7' title='bbox 2446 422 2530 476; x_wconf 85' lang='grc' dir='ltr'>ιιι.</span> <span class='ocrx_word' id='word_1_8' title='bbox 2570 454 2636 466; x_wconf 87' lang='grc'><strong>-</strong></span> <span class='ocrx_word' id='word_1_9' title='bbox 2678 425 3089 483; x_wconf 62' lang='lat' dir='ltr'><strong>exsomnes.</strong></span> <span class='ocrx_word' id='word_1_10' title='bbox 3278 386 3280 388; x_wconf 7' lang='lat' dir='ltr'><strong>V</strong></span> <span class='ocrx_word' id='word_1_11' title='bbox 3831 432 3922 488; x_wconf 74' lang='grc' dir='ltr'>ιει</span> 
     </span>
    </p>
   </div>
   <div class='ocr_carea' id='block_1_4' title="bbox 714 514 2275 614">
    <p class='ocr_par' dir='ltr' id='par_1_4' title="bbox 714 514 2271 588">
     <span class='ocr_line' id='line_1_4' title="bbox 714 514 2271 588; baseline 0.012 -21"><span class='ocrx_word' id='word_1_12' title='bbox 714 516 809 576; x_wconf 81' lang='lat' dir='ltr'><strong>ris,</strong></span> <span class='ocrx_word' id='word_1_13' title='bbox 856 528 950 582; x_wconf 90' lang='lat' dir='ltr'><strong>per</strong></span> <span class='ocrx_word' id='word_1_14' title='bbox 990 528 1084 568; x_wconf 86' lang='lat' dir='ltr'><strong>eas</strong></span> <span class='ocrx_word' id='word_1_15' title='bbox 1132 514 1429 570; x_wconf 87' lang='lat' dir='ltr'><strong>eonlltebor</strong></span> <span class='ocrx_word' id='word_1_16' title='bbox 1481 534 1582 588; x_wconf 88' lang='lat' dir='ltr'><strong>ego</strong></span> <span class='ocrx_word' id='word_1_17' title='bbox 1631 520 1748 583; x_wconf 90' lang='lat' dir='ltr'><strong>tibi,</strong></span> <span class='ocrx_word' id='word_1_18' title='bbox 1796 526 2116 583; x_wconf 74' lang='lat' dir='ltr'><strong>canentibus</strong></span> <span class='ocrx_word' id='word_1_19' title='bbox 2166 530 2271 585; x_wconf 85' lang='lat' dir='ltr'><strong>illis</strong></span> 
     </span>
    </p>
   </div>
   <div class='ocr_carea' id='block_1_5' title="bbox 2378 514 3925 614">
    <p class='ocr_par' dir='ltr' id='par_1_5' title="bbox 2378 533 3925 614">
     <span class='ocr_line' id='line_1_5' title="bbox 2378 533 3925 614; baseline 0.01 -30"><span class='ocrx_word' id='word_1_20' title='bbox 2378 533 2439 584; x_wconf 80' lang='grc' dir='ltr'>δι’</span> <span class='ocrx_word' id='word_1_21' title='bbox 2493 535 2670 588; x_wconf 78' lang='grc' dir='ltr'>αὐτῶν</span> <span class='ocrx_word' id='word_1_22' title='bbox 2713 555 2792 590; x_wconf 87' lang='grc' dir='ltr'><strong>σοι</strong></span> <span class='ocrx_word' id='word_1_23' title='bbox 2843 538 3330 611; x_wconf 83' lang='grc' dir='ltr'>ὲξομολογήσομαι,</span> <span class='ocrx_word' id='word_1_24' title='bbox 3365 543 3593 614; x_wconf 76' lang='grc' dir='ltr'><strong>ᾀδόντων</strong></span> <span class='ocrx_word' id='word_1_25' title='bbox 3626 543 3804 600; x_wconf 74' lang='grc' dir='ltr'>αὐτων</span> <span class='ocrx_word' id='word_1_26' title='bbox 3837 548 3925 612; x_wconf 75' lang='grc' dir='ltr'><strong>οὒς</strong></span> 
     </span>
    </p>
   </div>
   <div class='ocr_carea' id='block_1_6' title="bbox 711 605 2270 684">
    <p class='ocr_par' dir='ltr' id='par_1_6' title="bbox 711 605 2270 684">
     <span class='ocr_line' id='line_1_6' title="bbox 711 605 2270 684; baseline 0.012 -27"><span class='ocrx_word' id='word_1_27' title='bbox 711 606 942 675; x_wconf 75' lang='lat' dir='ltr'><strong>hymnos</strong></span> <span class='ocrx_word' id='word_1_28' title='bbox 964 620 1103 674; x_wconf 86' lang='lat' dir='ltr'><strong>quos</strong></span> <span class='ocrx_word' id='word_1_29' title='bbox 1133 606 1295 660; x_wconf 86' lang='lat' dir='ltr'><strong>edidi.</strong></span> <span class='ocrx_word' id='word_1_30' title='bbox 1334 605 1451 661; x_wconf 85' lang='lat' dir='ltr'><strong>Non</strong></span> <span class='ocrx_word' id='word_1_31' title='bbox 1482 610 1644 664; x_wconf 90' lang='lat' dir='ltr'><strong>modo</strong></span> <span class='ocrx_word' id='word_1_32' title='bbox 1672 622 1850 667; x_wconf 87' lang='lat' dir='ltr'><strong>autem</strong></span> <span class='ocrx_word' id='word_1_33' title='bbox 1896 616 1995 671; x_wconf 86' lang='lat' dir='ltr'><strong>hoc</strong></span> <span class='ocrx_word' id='word_1_34' title='bbox 2025 620 2145 684; x_wconf 74' lang='lat' dir='ltr'><strong>erit,</strong></span> <span class='ocrx_word' id='word_1_35' title='bbox 2178 622 2270 675; x_wconf 85' lang='lat' dir='ltr'><strong>sed</strong></span> 
     </span>
    </p>
   </div>
   <div class='ocr_carea' id='block_1_7' title="bbox 709 697 2273 774">
    <p class='ocr_par' dir='ltr' id='par_1_7' title="bbox 709 697 2273 774">
     <span class='ocr_line' id='line_1_7' title="bbox 709 697 2273 774; baseline 0.012 -25"><span class='ocrx_word' id='word_1_36' title='bbox 709 697 873 749; x_wconf 84' lang='lat' dir='ltr'><strong>etiam</strong></span> <span class='ocrx_word' id='word_1_37' title='bbox 932 698 1294 765; x_wconf 77' lang='lat' dir='ltr'><strong>magniﬁcabo</strong></span> <span class='ocrx_word' id='word_1_38' title='bbox 1354 700 1557 756; x_wconf 78' lang='lat' dir='ltr'><strong>salutes</strong></span> <span class='ocrx_word' id='word_1_39' title='bbox 1607 705 1751 774; x_wconf 90' lang='lat' dir='ltr'><strong>regis</strong></span> <span class='ocrx_word' id='word_1_40' title='bbox 1803 721 2015 774; x_wconf 92' lang='lat' dir='ltr'><strong>eorum,</strong></span> <span class='ocrx_word' id='word_1_41' title='bbox 2070 712 2273 767; x_wconf 79' lang='lat' dir='ltr'><strong>scilicet</strong></span> 
     </span>
    </p>
   </div>
   <div class='ocr_carea' id='block_1_8' title="bbox 709 786 2273 865">
    <p class='ocr_par' dir='ltr' id='par_1_8' title="bbox 709 786 2273 865">
     <span class='ocr_line' id='line_1_8' title="bbox 709 786 2273 865; baseline 0.012 -26"><span class='ocrx_word' id='word_1_42' title='bbox 709 788 973 855; x_wconf 88' lang='lat' dir='ltr'><strong>gentium.</strong></span> <span class='ocrx_word' id='word_1_43' title='bbox 1031 786 1204 854; x_wconf 86' lang='lat' dir='ltr'><strong>Quam</strong></span> <span class='ocrx_word' id='word_1_44' title='bbox 1262 792 1491 847; x_wconf 89' lang='lat' dir='ltr'><strong>salutem</strong></span> <span class='ocrx_word' id='word_1_45' title='bbox 1541 805 1798 865; x_wconf 75' lang='lat' dir='ltr'><strong>operatus</strong></span> <span class='ocrx_word' id='word_1_46' title='bbox 1853 809 1937 854; x_wconf 90' lang='lat' dir='ltr'><strong>est</strong></span> <span class='ocrx_word' id='word_1_47' title='bbox 1987 802 2041 855; x_wconf 89' lang='lat' dir='ltr'><strong>in</strong></span> <span class='ocrx_word' id='word_1_48' title='bbox 2095 804 2273 857; x_wconf 89' lang='lat' dir='ltr'><strong>medio</strong></span> 
     </span>
    </p>
   </div>
   <div class='ocr_carea' id='block_1_9' title="bbox 711 879 2272 960">
    <p class='ocr_par' dir='ltr' id='par_1_9' title="bbox 711 879 2272 960">
     <span class='ocr_line' id='line_1_9' title="bbox 711 879 2272 960; baseline 0.012 -30"><span class='ocrx_word' id='word_1_49' title='bbox 711 888 889 932; x_wconf 58' lang='lat' dir='ltr'><strong>terrai.</strong></span> <span class='ocrx_word' id='word_1_50' title='bbox 953 879 1341 951; x_wconf 79' lang='lat' dir='ltr'><strong>Magniﬁcaba,</strong></span> <span class='ocrx_word' id='word_1_51' title='bbox 1407 885 1459 939; x_wconf 98' lang='lat' dir='ltr'><strong>id</strong></span> <span class='ocrx_word' id='word_1_52' title='bbox 1522 896 1625 953; x_wconf 90' lang='lat' dir='ltr'><strong>est,</strong></span> <span class='ocrx_word' id='word_1_53' title='bbox 1674 890 1959 960; x_wconf 81' lang='lat' dir='ltr'><strong>perspicue</strong></span> <span class='ocrx_word' id='word_1_54' title='bbox 2021 895 2272 949; x_wconf 92' lang='lat' dir='ltr'><strong>omnibus</strong></span> 
     </span>
    </p>
   </div>
   <div class='ocr_carea' id='block_1_10' title="bbox 709 969 2269 1052">
    <p class='ocr_par' dir='ltr' id='par_1_10' title="bbox 709 969 2269 1052">
     <span class='ocr_line' id='line_1_10' title="bbox 709 969 2269 1052; baseline 0.012 -31"><span class='ocrx_word' id='word_1_55' title='bbox 709 969 1041 1025; x_wconf 81' lang='lat' dir='ltr'><strong>acclamabo.</strong></span> <span class='ocrx_word' id='word_1_56' title='bbox 1069 970 1203 1025; x_wconf 86' lang='lat' dir='ltr'><strong>Nam</strong></span> <span class='ocrx_word' id='word_1_57' title='bbox 1231 989 1372 1039; x_wconf 90' lang='lat' dir='ltr'><strong>eam,</strong></span> <span class='ocrx_word' id='word_1_58' title='bbox 1400 975 1597 1045; x_wconf 91' lang='lat' dir='ltr'><strong>inquit,</strong></span> <span class='ocrx_word' id='word_1_59' title='bbox 1625 979 1854 1035; x_wconf 83' lang='lat' dir='ltr'><strong>salutem</strong></span> <span class='ocrx_word' id='word_1_60' title='bbox 1889 995 2142 1052; x_wconf 88' lang='lat' dir='ltr'><strong>operatus</strong></span> <span class='ocrx_word' id='word_1_61' title='bbox 2166 996 2269 1049; x_wconf 89' lang='lat' dir='ltr'><strong>est,</strong></span> 
     </span>
    </p>
   </div>
   <div class='ocr_carea' id='block_1_11' title="bbox 710 1063 2274 1144">
    <p class='ocr_par' dir='ltr' id='par_1_11' title="bbox 710 1063 2274 1144">
     <span class='ocr_line' id='line_1_11' title="bbox 710 1063 2274 1144; baseline 0.011 -28"><span class='ocrx_word' id='word_1_62' title='bbox 710 1076 832 1116; x_wconf 86' lang='lat' dir='ltr'><strong>cum</strong></span> <span class='ocrx_word' id='word_1_63' title='bbox 884 1063 1260 1119; x_wconf 81' lang='lat' dir='ltr'><strong>misericordia</strong></span> <span class='ocrx_word' id='word_1_64' title='bbox 1314 1068 1367 1121; x_wconf 91' lang='lat' dir='ltr'><strong>iu</strong></span> <span class='ocrx_word' id='word_1_65' title='bbox 1423 1070 1525 1124; x_wconf 85' lang='lat' dir='ltr'><strong>sibi</strong></span> <span class='ocrx_word' id='word_1_66' title='bbox 1586 1080 1813 1126; x_wconf 89' lang='lat' dir='ltr'><strong>unctum</strong></span> <span class='ocrx_word' id='word_1_67' title='bbox 1871 1077 2131 1144; x_wconf 89' lang='lat' dir='ltr'><strong>populum</strong></span> <span class='ocrx_word' id='word_1_68' title='bbox 2191 1088 2274 1133; x_wconf 91' lang='lat' dir='ltr'><strong>est</strong></span> 
     </span>
    </p>
   </div>
   <div class='ocr_carea' id='block_1_12' title="bbox 710 1154 2268 1229">
    <p class='ocr_par' dir='ltr' id='par_1_12' title="bbox 710 1154 2268 1229">
     <span class='ocr_line' id='line_1_12' title="bbox 710 1154 2268 1229; baseline 0.011 -22"><span class='ocrx_word' id='word_1_69' title='bbox 710 1169 875 1209; x_wconf 91' lang='lat' dir='ltr'><strong>usus:</strong></span> <span class='ocrx_word' id='word_1_70' title='bbox 898 1154 1167 1225; x_wconf 89' lang='lat' dir='ltr'><strong>siquidem</strong></span> <span class='ocrx_word' id='word_1_71' title='bbox 1193 1157 1246 1211; x_wconf 92' lang='lat' dir='ltr'><strong>in</strong></span> <span class='ocrx_word' id='word_1_72' title='bbox 1277 1159 1456 1229; x_wconf 88' lang='lat' dir='ltr'><strong>regale</strong></span> <span class='ocrx_word' id='word_1_73' title='bbox 1482 1164 1848 1219; x_wconf 82' lang='lat' dir='ltr'><strong>sacerdotium</strong></span> <span class='ocrx_word' id='word_1_74' title='bbox 1882 1168 2028 1222; x_wconf 92' lang='lat' dir='ltr'><strong>uncti</strong></span> <span class='ocrx_word' id='word_1_75' title='bbox 2058 1185 2268 1225; x_wconf 88' lang='lat' dir='ltr'><strong>sumus.</strong></span> 
     </span>
    </p>
   </div>
   <div class='ocr_carea' id='block_1_13' title="bbox 712 1245 2273 1325">
    <p class='ocr_par' dir='ltr' id='par_1_13' title="bbox 712 1245 2273 1325">
     <span class='ocr_line' id='line_1_13' title="bbox 712 1245 2273 1325; baseline 0.008 -24"><span class='ocrx_word' id='word_1_76' title='bbox 712 1245 812 1302; x_wconf 87' lang='lat' dir='ltr'><strong>Ubi</strong></span> <span class='ocrx_word' id='word_1_77' title='bbox 847 1258 1027 1304; x_wconf 87' lang='lat' dir='ltr'><strong>autem</strong></span> <span class='ocrx_word' id='word_1_78' title='bbox 1073 1266 1190 1305; x_wconf 91' lang='lat' dir='ltr'><strong>eam</strong></span> <span class='ocrx_word' id='word_1_79' title='bbox 1228 1254 1429 1322; x_wconf 88' lang='lat' dir='ltr'><strong>populo</strong></span> <span class='ocrx_word' id='word_1_80' title='bbox 1455 1271 1619 1325; x_wconf 88' lang='lat' dir='ltr'><strong>quam</strong></span> <span class='ocrx_word' id='word_1_81' title='bbox 1657 1258 1789 1311; x_wconf 90' lang='lat' dir='ltr'><strong>mihi</strong></span> <span class='ocrx_word' id='word_1_82' title='bbox 1827 1257 2020 1313; x_wconf 86' lang='lat' dir='ltr'><strong>Davidi</strong></span> <span class='ocrx_word' id='word_1_83' title='bbox 2060 1260 2273 1314; x_wconf 84' lang='lat' dir='ltr'><strong>miseri-</strong></span> 
     </span>
    </p>
   </div>
   <div class='ocr_carea' id='block_1_14' title="bbox 710 1339 2269 1417">
    <p class='ocr_par' dir='ltr' id='par_1_14' title="bbox 710 1339 2269 1417">
     <span class='ocr_line' id='line_1_14' title="bbox 710 1339 2269 1417; baseline 0.007 -23"><span class='ocrx_word' id='word_1_84' title='bbox 710 1340 950 1394; x_wconf 88' lang='lat' dir='ltr'><strong>cordiam</strong></span> <span class='ocrx_word' id='word_1_85' title='bbox 990 1339 1205 1410; x_wconf 82' lang='lat' dir='ltr'><strong>feceris,</strong></span> <span class='ocrx_word' id='word_1_86' title='bbox 1242 1345 1479 1413; x_wconf 82' lang='lat' dir='ltr'><strong>idipsum</strong></span> <span class='ocrx_word' id='word_1_87' title='bbox 1512 1363 1727 1417; x_wconf 86' lang='lat' dir='ltr'><strong>quoque</strong></span> <span class='ocrx_word' id='word_1_88' title='bbox 1764 1350 1828 1403; x_wconf 88' lang='lat' dir='ltr'><strong>ad</strong></span> <span class='ocrx_word' id='word_1_89' title='bbox 1872 1366 2054 1405; x_wconf 87' lang='lat' dir='ltr'><strong>semen</strong></span> <span class='ocrx_word' id='word_1_90' title='bbox 2092 1367 2269 1405; x_wconf 90' lang='lat' dir='ltr'><strong>meum</strong></span> 
     </span>
    </p>
   </div>
   <div class='ocr_carea' id='block_1_15' title="bbox 708 1431 2271 1508">
    <p class='ocr_par' dir='ltr' id='par_1_15' title="bbox 708 1431 2271 1508">
     <span class='ocr_line' id='line_1_15' title="bbox 708 1431 2271 1508; baseline 0.006 -25"><span class='ocrx_word' id='word_1_91' title='bbox 708 1431 994 1499; x_wconf 76' lang='lat' dir='ltr'><strong>pervenire</strong></span> <span class='ocrx_word' id='word_1_92' title='bbox 1023 1434 1310 1489; x_wconf 87' lang='lat' dir='ltr'><strong>concedes.</strong></span> <span class='ocrx_word' id='word_1_93' title='bbox 1346 1434 1540 1490; x_wconf 90' lang='lat' dir='ltr'><strong>Semen</strong></span> <span class='ocrx_word' id='word_1_94' title='bbox 1566 1439 1764 1508; x_wconf 88' lang='lat' dir='ltr'><strong>quippe</strong></span> <span class='ocrx_word' id='word_1_95' title='bbox 1798 1437 1962 1493; x_wconf 91' lang='lat' dir='ltr'><strong>David</strong></span> <span class='ocrx_word' id='word_1_96' title='bbox 1998 1449 2079 1493; x_wconf 91' lang='lat' dir='ltr'><strong>est</strong></span> <span class='ocrx_word' id='word_1_97' title='bbox 2110 1440 2271 1493; x_wconf 87' lang='lat' dir='ltr'><strong>etiam</strong></span> 
     </span>
    </p>
   </div>
   <div class='ocr_carea' id='block_1_16' title="bbox 710 1522 2269 1597">
    <p class='ocr_par' dir='ltr' id='par_1_16' title="bbox 710 1522 2269 1597">
     <span class='ocr_line' id='line_1_16' title="bbox 710 1522 2269 1597; baseline 0.008 -23"><span class='ocrx_word' id='word_1_98' title='bbox 710 1522 949 1587; x_wconf 77' lang='lat' dir='ltr'><strong>gentium</strong></span> <span class='ocrx_word' id='word_1_99' title='bbox 978 1525 1235 1593; x_wconf 84' lang='lat' dir='ltr'><strong>pepulus,</strong></span> <span class='ocrx_word' id='word_1_100' title='bbox 1267 1525 1463 1595; x_wconf 89' lang='lat' dir='ltr'><strong>quippe</strong></span> <span class='ocrx_word' id='word_1_101' title='bbox 1488 1529 1582 1596; x_wconf 91' lang='lat' dir='ltr'><strong>qui</strong></span> <span class='ocrx_word' id='word_1_102' title='bbox 1617 1530 1761 1584; x_wconf 79' lang='lat' dir='ltr'><strong>illius</strong></span> <span class='ocrx_word' id='word_1_103' title='bbox 1786 1531 1904 1597; x_wconf 84' lang='lat' dir='ltr'><strong>eius</strong></span> <span class='ocrx_word' id='word_1_104' title='bbox 1938 1530 2159 1585; x_wconf 80' lang='lat' dir='ltr'><strong>eti‘ectus</strong></span> <span class='ocrx_word' id='word_1_105' title='bbox 2181 1531 2269 1593; x_wconf 90' lang='lat' dir='ltr'><strong>sit.</strong></span> 
     </span>
    </p>
   </div>
   <div class='ocr_carea' id='block_1_17' title="bbox 708 1613 2267 1683">
    <p class='ocr_par' dir='ltr' id='par_1_17' title="bbox 708 1613 2267 1683">
     <span class='ocr_line' id='line_1_17' title="bbox 708 1613 2267 1683; baseline 0.003 -15"><span class='ocrx_word' id='word_1_106' title='bbox 708 1613 801 1683; x_wconf 89' lang='lat' dir='ltr'><strong>qui</strong></span> <span class='ocrx_word' id='word_1_107' title='bbox 829 1629 894 1669; x_wconf 84' lang='lat' dir='ltr'><strong>ex</strong></span> <span class='ocrx_word' id='word_1_108' title='bbox 932 1616 1139 1670; x_wconf 87' lang='lat' dir='ltr'><strong>semine</strong></span> <span class='ocrx_word' id='word_1_109' title='bbox 1179 1617 1339 1671; x_wconf 82' lang='lat' dir='ltr'><strong>David</strong></span> <span class='ocrx_word' id='word_1_110' title='bbox 1378 1620 1678 1674; x_wconf 89' lang='lat' dir='ltr'><strong>secundum</strong></span> <span class='ocrx_word' id='word_1_111' title='bbox 1725 1636 1942 1674; x_wconf 88' lang='lat' dir='ltr'><strong>carnem</strong></span> <span class='ocrx_word' id='word_1_112' title='bbox 1980 1631 2137 1675; x_wconf 91' lang='lat' dir='ltr'><strong>natus</strong></span> <span class='ocrx_word' id='word_1_113' title='bbox 2167 1632 2267 1676; x_wconf 89' lang='lat' dir='ltr'><strong>est.</strong></span> 
     </span>
    </p>
   </div>
   <div class='ocr_carea' id='block_1_18' title="bbox 902 1706 2089 1777">
    <p class='ocr_par' dir='ltr' id='par_1_18' title="bbox 902 1706 2089 1777">
     <span class='ocr_line' id='line_1_18' title="bbox 902 1706 2089 1777; baseline 0.004 -16"><span class='ocrx_word' id='word_1_114' title='bbox 902 1706 942 1761; x_wconf 85' lang='grc' dir='ltr'>Ι.</span> <span class='ocrx_word' id='word_1_115' title='bbox 976 1706 1042 1762; x_wconf 84' lang='lat' dir='ltr'><strong><em>In</em></strong></span> <span class='ocrx_word' id='word_1_116' title='bbox 1064 1708 1219 1777; x_wconf 83' lang='lat' dir='ltr'><strong>ﬁnem</strong></span> <span class='ocrx_word' id='word_1_117' title='bbox 1252 1708 1595 1765; x_wconf 74' lang='lat' dir='ltr'><strong>PSALMUS</strong></span> <span class='ocrx_word' id='word_1_118' title='bbox 1618 1712 1830 1771; x_wconf 88' lang='lat' dir='ltr'><strong>Davidi.</strong></span> <span class='ocrx_word' id='word_1_119' title='bbox 1862 1711 2089 1767; x_wconf 81' lang='lat' dir='ltr'><strong>XVIII.</strong></span> 
     </span>
    </p>
   </div>
   <div class='ocr_carea' id='block_1_19' title="bbox 1293 1806 1694 1874">
    <p class='ocr_par' dir='ltr' id='par_1_19' title="bbox 1293 1806 1694 1874">
     <span class='ocr_line' id='line_1_19' title="bbox 1293 1806 1694 1874; baseline 0.01 -17"><span class='ocrx_word' id='word_1_120' title='bbox 1293 1806 1694 1874; x_wconf 74' lang='lat' dir='ltr'><strong>Argumentum.</strong></span> 
     </span>
    </p>
   </div>
   <div class='ocr_carea' id='block_1_20' title="bbox 2373 626 3901 707">
    <p class='ocr_par' dir='ltr' id='par_1_20' title="bbox 2373 626 3901 707">
     <span class='ocr_line' id='line_1_20' title="bbox 2373 626 3901 707; baseline 0.01 -31"><span class='ocrx_word' id='word_1_121' title='bbox 2373 626 2643 695; x_wconf 79' lang='grc' dir='ltr'>πεποίηκα</span> <span class='ocrx_word' id='word_1_122' title='bbox 2691 628 2910 699; x_wconf 80' lang='grc' dir='ltr'>ὕμνους.</span> <span class='ocrx_word' id='word_1_123' title='bbox 2944 632 3017 684; x_wconf 76' lang='grc' dir='ltr'><strong>Οὐ</strong></span> <span class='ocrx_word' id='word_1_124' title='bbox 3051 632 3209 702; x_wconf 89' lang='grc' dir='ltr'>μόνον</span> <span class='ocrx_word' id='word_1_125' title='bbox 3254 634 3307 686; x_wconf 86' lang='grc' dir='ltr'>δὲ</span> <span class='ocrx_word' id='word_1_126' title='bbox 3335 634 3510 701; x_wconf 85' lang='grc' dir='ltr'>τοῦτο,</span> <span class='ocrx_word' id='word_1_127' title='bbox 3540 635 3677 688; x_wconf 77' lang='grc' dir='ltr'>ἀλλὰ</span> <span class='ocrx_word' id='word_1_128' title='bbox 3704 639 3800 690; x_wconf 73' lang='grc' dir='ltr'><strong>καὶ</strong></span> <span class='ocrx_word' id='word_1_129' title='bbox 3837 657 3901 707; x_wconf 82' lang='grc' dir='ltr'><strong>με</strong></span> 
     </span>
    </p>
   </div>
   <div class='ocr_carea' id='block_1_21' title="bbox 2371 717 3926 797">
    <p class='ocr_par' dir='ltr' id='par_1_21' title="bbox 2371 717 3926 797">
     <span class='ocr_line' id='line_1_21' title="bbox 2371 717 3926 797; baseline 0.008 -27"><span class='ocrx_word' id='word_1_130' title='bbox 2371 717 2605 785; x_wconf 84' lang='grc' dir='ltr'>γαλυνῶ,</span> <span class='ocrx_word' id='word_1_131' title='bbox 2657 723 2809 791; x_wconf 77' lang='grc' dir='ltr'>φησὶ,</span> <span class='ocrx_word' id='word_1_132' title='bbox 2858 722 2956 787; x_wconf 82' lang='grc' dir='ltr'>τὰς</span> <span class='ocrx_word' id='word_1_133' title='bbox 2995 725 3261 795; x_wconf 79' lang='grc' dir='ltr'>σωτηρέας</span> <span class='ocrx_word' id='word_1_134' title='bbox 3307 727 3399 779; x_wconf 76' lang='grc' dir='ltr'><strong>τοῦ</strong></span> <span class='ocrx_word' id='word_1_135' title='bbox 3447 728 3711 797; x_wconf 84' lang='grc' dir='ltr'>βασιλέως</span> <span class='ocrx_word' id='word_1_136' title='bbox 3754 730 3926 782; x_wconf 80' lang='grc' dir='ltr'>αὐτῶν</span> 
     </span>
    </p>
   </div>
   <div class='ocr_carea' id='block_1_22' title="bbox 2372 810 3921 892">
    <p class='ocr_par' dir='ltr' id='par_1_22' title="bbox 2372 810 3921 892">
     <span class='ocr_line' id='line_1_22' title="bbox 2372 810 3921 892; baseline 0.009 -30"><span class='ocrx_word' id='word_1_137' title='bbox 2372 810 2479 863; x_wconf 79' lang='grc' dir='ltr'>τῶν</span> <span class='ocrx_word' id='word_1_138' title='bbox 2504 811 2670 866; x_wconf 84' lang='grc' dir='ltr'>ὲθνῶν</span> <span class='ocrx_word' id='word_1_139' title='bbox 2690 830 2702 843; x_wconf 75' lang='grc' dir='ltr'><strong>ο</strong></span> <span class='ocrx_word' id='word_1_140' title='bbox 2729 816 2793 886; x_wconf 77' lang='grc' dir='ltr'>ἢν</span> <span class='ocrx_word' id='word_1_141' title='bbox 2824 816 3044 887; x_wconf 77' lang='grc' dir='ltr'>ἐποίησε</span> <span class='ocrx_word' id='word_1_142' title='bbox 3076 819 3346 889; x_wconf 81' lang='grc' dir='ltr'><strong>σωτηρίαν</strong></span> <span class='ocrx_word' id='word_1_143' title='bbox 3375 821 3430 871; x_wconf 82' lang='grc' dir='ltr'>ὲν</span> <span class='ocrx_word' id='word_1_144' title='bbox 3474 822 3623 892; x_wconf 88' lang='grc' dir='ltr'>μέσῳ</span> <span class='ocrx_word' id='word_1_145' title='bbox 3652 822 3753 891; x_wconf 83' lang='grc' dir='ltr'>τῆς</span> <span class='ocrx_word' id='word_1_146' title='bbox 3801 822 3921 892; x_wconf 78' lang='grc' dir='ltr'>γῆς.</span> 
     </span>
    </p>
   </div>
   <div class='ocr_carea' id='block_1_23' title="bbox 2371 904 3921 983">
    <p class='ocr_par' dir='ltr' id='par_1_23' title="bbox 2371 904 3921 983">
     <span class='ocr_line' id='line_1_23' title="bbox 2371 904 3921 983; baseline 0.008 -28"><span class='ocrx_word' id='word_1_147' title='bbox 2371 904 2716 972; x_wconf 59' lang='lat' dir='ltr'><strong>Mamurri),</strong></span> <span class='ocrx_word' id='word_1_148' title='bbox 2744 907 2982 960; x_wconf 76' lang='grc' dir='ltr'><strong>τουτέστι</strong></span> <span class='ocrx_word' id='word_1_149' title='bbox 3016 913 3127 973; x_wconf 85' lang='grc' dir='ltr'>τοῖς</span> <span class='ocrx_word' id='word_1_150' title='bbox 3176 912 3307 963; x_wconf 83' lang='grc' dir='ltr'>πᾶσι</span> <span class='ocrx_word' id='word_1_151' title='bbox 3333 911 3601 983; x_wconf 76' lang='grc' dir='ltr'>διαδοήσω</span> <span class='ocrx_word' id='word_1_152' title='bbox 3637 912 3921 983; x_wconf 77' lang='grc' dir='ltr'><strong>λαμπρῶς.</strong></span> 
     </span>
    </p>
   </div>
   <div class='ocr_carea' id='block_1_24' title="bbox 2386 994 3921 1071">
    <p class='ocr_par' dir='ltr' id='par_1_24' title="bbox 2386 994 3921 1071">
     <span class='ocr_line' id='line_1_24' title="bbox 2386 994 3921 1071; baseline 0.007 -25"><span class='ocrx_word' id='word_1_153' title='bbox 2386 994 2598 1065; x_wconf 72' lang='grc' dir='ltr'>Ἐπειδὴ</span> <span class='ocrx_word' id='word_1_154' title='bbox 2649 996 2741 1049; x_wconf 75' lang='grc' dir='ltr'><strong>καὶ</strong></span> <span class='ocrx_word' id='word_1_155' title='bbox 2773 998 2971 1068; x_wconf 81' lang='grc' dir='ltr'>ταύτην</span> <span class='ocrx_word' id='word_1_156' title='bbox 3022 1002 3328 1071; x_wconf 71' lang='grc' dir='ltr'><strong>εἰργάσατο,</strong></span> <span class='ocrx_word' id='word_1_157' title='bbox 3357 1003 3520 1071; x_wconf 67' lang='grc' dir='ltr'>φησι.</span> <span class='ocrx_word' id='word_1_158' title='bbox 3566 1004 3738 1056; x_wconf 84' lang='grc' dir='ltr'>ποιῶν</span> <span class='ocrx_word' id='word_1_159' title='bbox 3774 1003 3921 1057; x_wconf 72' lang='grc' dir='ltr'>ἔλεον</span> 
     </span>
    </p>
   </div>
   <div class='ocr_carea' id='block_1_25' title="bbox 2376 1085 3925 1164">
    <p class='ocr_par' dir='ltr' id='par_1_25' title="bbox 2376 1085 3925 1164">
     <span class='ocr_line' id='line_1_25' title="bbox 2376 1085 3925 1164; baseline 0.006 -28"><span class='ocrx_word' id='word_1_160' title='bbox 2376 1085 2461 1136; x_wconf 66' lang='grc' dir='ltr'>ἐπὶ</span> <span class='ocrx_word' id='word_1_161' title='bbox 2485 1086 2573 1138; x_wconf 85' lang='grc' dir='ltr'><strong>τὸν</strong></span> <span class='ocrx_word' id='word_1_162' title='bbox 2605 1086 2893 1157; x_wconf 75' lang='grc' dir='ltr'>χρισθέντα</span> <span class='ocrx_word' id='word_1_163' title='bbox 2920 1089 3081 1142; x_wconf 78' lang='grc' dir='ltr'>αὐτοῦ</span> <span class='ocrx_word' id='word_1_164' title='bbox 3105 1089 3229 1144; x_wconf 89' lang='grc' dir='ltr'>λαόν</span> <span class='ocrx_word' id='word_1_165' title='bbox 3249 1108 3261 1121; x_wconf 73' lang='grc' dir='ltr'><strong>ο</strong></span> <span class='ocrx_word' id='word_1_166' title='bbox 3295 1094 3373 1155; x_wconf 83' lang='grc' dir='ltr'><strong>εις</strong></span> <span class='ocrx_word' id='word_1_167' title='bbox 3408 1092 3676 1161; x_wconf 85' lang='grc' dir='ltr'>βασίλειον</span> <span class='ocrx_word' id='word_1_168' title='bbox 3716 1094 3829 1164; x_wconf 76' lang='grc' dir='ltr'>γὰρ</span> <span class='ocrx_word' id='word_1_169' title='bbox 3856 1096 3925 1146; x_wconf 76' lang='lat' dir='ltr'><strong>le-</strong></span> 
     </span>
    </p>
   </div>
   <div class='ocr_carea' id='block_1_26' title="bbox 2373 1174 3925 1252">
    <p class='ocr_par' dir='ltr' id='par_1_26' title="bbox 2373 1174 3925 1252">
     <span class='ocr_line' id='line_1_26' title="bbox 2373 1174 3925 1252; baseline 0.006 -27"><span class='ocrx_word' id='word_1_170' title='bbox 2373 1174 2618 1245; x_wconf 82' lang='grc' dir='ltr'>ράτευμα</span> <span class='ocrx_word' id='word_1_171' title='bbox 2645 1177 2995 1247; x_wconf 79' lang='grc' dir='ltr'>ἐχρίσθημεν.</span> <span class='ocrx_word' id='word_1_172' title='bbox 3028 1180 3200 1233; x_wconf 88' lang='grc' dir='ltr'>Ποιῶν</span> <span class='ocrx_word' id='word_1_173' title='bbox 3229 1181 3283 1234; x_wconf 82' lang='grc' dir='ltr'><strong>δὲ</strong></span> <span class='ocrx_word' id='word_1_174' title='bbox 3317 1182 3392 1252; x_wconf 84' lang='grc' dir='ltr'>τῷ</span> <span class='ocrx_word' id='word_1_175' title='bbox 3424 1181 3537 1252; x_wconf 82' lang='grc' dir='ltr'>λαῷ</span> <span class='ocrx_word' id='word_1_176' title='bbox 3560 1183 3621 1235; x_wconf 77' lang='grc' dir='ltr'>τὸ</span> <span class='ocrx_word' id='word_1_177' title='bbox 3646 1182 3793 1245; x_wconf 75' lang='grc' dir='ltr'>ἔλεος</span> <span class='ocrx_word' id='word_1_178' title='bbox 3833 1185 3925 1236; x_wconf 76' lang='grc' dir='ltr'>καί</span> 
     </span>
    </p>
   </div>
   <div class='ocr_carea' id='block_1_27' title="bbox 2375 1264 3926 1343">
    <p class='ocr_par' dir='ltr' id='par_1_27' title="bbox 2375 1264 3926 1343">
     <span class='ocr_line' id='line_1_27' title="bbox 2375 1264 3926 1343; baseline 0.006 -28"><span class='ocrx_word' id='word_1_179' title='bbox 2375 1281 2463 1333; x_wconf 92' lang='grc' dir='ltr'><strong>μοι</strong></span> <span class='ocrx_word' id='word_1_180' title='bbox 2497 1264 2572 1334; x_wconf 86' lang='grc' dir='ltr'>τῷ</span> <span class='ocrx_word' id='word_1_181' title='bbox 2600 1266 2779 1330; x_wconf 81' lang='grc' dir='ltr'>Δαυῒδ,</span> <span class='ocrx_word' id='word_1_182' title='bbox 2809 1271 3243 1338; x_wconf 88' lang='grc' dir='ltr'>παρασκευάσεις</span> <span class='ocrx_word' id='word_1_183' title='bbox 3265 1272 3513 1340; x_wconf 86' lang='grc' dir='ltr'>γενέσθαι</span> <span class='ocrx_word' id='word_1_184' title='bbox 3538 1272 3686 1343; x_wconf 82' lang='grc' dir='ltr'>αὐτῷ</span> <span class='ocrx_word' id='word_1_185' title='bbox 3716 1274 3807 1327; x_wconf 81' lang='grc' dir='ltr'>καὶ</span> <span class='ocrx_word' id='word_1_186' title='bbox 3849 1273 3926 1343; x_wconf 84' lang='grc' dir='ltr'>τῷ</span> 
     </span>
    </p>
   </div>
   <div class='ocr_carea' id='block_1_28' title="bbox 2374 1350 3925 1428">
    <p class='ocr_par' dir='ltr' id='par_1_28' title="bbox 2374 1350 3925 1428">
     <span class='ocr_line' id='line_1_28' title="bbox 2374 1350 3925 1428; baseline 0.01 -27"><span class='ocrx_word' id='word_1_187' title='bbox 2374 1350 2644 1421; x_wconf 84' lang='grc' dir='ltr'>σπέρματί</span> <span class='ocrx_word' id='word_1_188' title='bbox 2677 1370 2796 1422; x_wconf 90' lang='grc' dir='ltr'>μου.</span> <span class='ocrx_word' id='word_1_189' title='bbox 2826 1356 3049 1427; x_wconf 79' lang='grc' dir='ltr'>Σπέρμα</span> <span class='ocrx_word' id='word_1_190' title='bbox 3078 1359 3184 1428; x_wconf 86' lang='grc' dir='ltr'>γὰρ</span> <span class='ocrx_word' id='word_1_191' title='bbox 3209 1360 3301 1412; x_wconf 83' lang='grc' dir='ltr'>τοῦ</span> <span class='ocrx_word' id='word_1_192' title='bbox 3326 1360 3486 1414; x_wconf 84' lang='grc' dir='ltr'>Δαυῒδ</span> <span class='ocrx_word' id='word_1_193' title='bbox 3514 1362 3606 1415; x_wconf 78' lang='grc' dir='ltr'><strong>καὶ</strong></span> <span class='ocrx_word' id='word_1_194' title='bbox 3629 1364 3656 1415; x_wconf 85' lang='grc'>6</span> <span class='ocrx_word' id='word_1_195' title='bbox 3682 1360 3740 1427; x_wconf 78' lang='grc' dir='ltr'><strong>ἐξ</strong></span> <span class='ocrx_word' id='word_1_196' title='bbox 3760 1360 3925 1415; x_wconf 80' lang='grc' dir='ltr'>ἐθνῶν</span> 
     </span>
    </p>
   </div>
   <div class='ocr_carea' id='block_1_29' title="bbox 2372 1440 3925 1525">
    <p class='ocr_par' dir='ltr' id='par_1_29' title="bbox 2372 1440 3925 1525">
     <span class='ocr_line' id='line_1_29' title="bbox 2372 1440 3925 1525; baseline 0.01 -34"><span class='ocrx_word' id='word_1_197' title='bbox 2372 1440 2528 1504; x_wconf 86' lang='grc' dir='ltr'>λαός·</span> <span class='ocrx_word' id='word_1_198' title='bbox 2562 1444 2655 1496; x_wconf 86' lang='grc' dir='ltr'>ᾰτε</span> <span class='ocrx_word' id='word_1_199' title='bbox 2685 1444 2746 1515; x_wconf 84' lang='grc' dir='ltr'>δὴ</span> <span class='ocrx_word' id='word_1_200' title='bbox 2782 1445 3018 1515; x_wconf 84' lang='grc' dir='ltr'>γεγονὼς</span> <span class='ocrx_word' id='word_1_201' title='bbox 3037 1450 3223 1503; x_wconf 86' lang='grc' dir='ltr'>τέκνον</span> <span class='ocrx_word' id='word_1_202' title='bbox 3244 1450 3335 1504; x_wconf 79' lang='grc' dir='ltr'>τοῦ</span> <span class='ocrx_word' id='word_1_203' title='bbox 3359 1454 3421 1505; x_wconf 82' lang='grc' dir='ltr'>ὲκ</span> <span class='ocrx_word' id='word_1_204' title='bbox 3447 1454 3757 1525; x_wconf 87' lang='grc' dir='ltr'>σπέρματος</span> <span class='ocrx_word' id='word_1_205' title='bbox 3787 1454 3925 1508; x_wconf 76' lang='grc' dir='ltr'>κατὰ</span> 
     </span>
    </p>
   </div>
   <div class='ocr_carea' id='block_1_30' title="bbox 2375 1532 3141 1607">
    <p class='ocr_par' dir='ltr' id='par_1_30' title="bbox 2375 1532 3141 1607">
     <span class='ocr_line' id='line_1_30' title="bbox 2375 1532 3141 1607; baseline 0.013 -24"><span class='ocrx_word' id='word_1_206' title='bbox 2375 1532 2548 1603; x_wconf 83' lang='grc' dir='ltr'>σάρκα</span> <span class='ocrx_word' id='word_1_207' title='bbox 2582 1535 2930 1607; x_wconf 76' lang='grc' dir='ltr'>γεννηθέντος</span> <span class='ocrx_word' id='word_1_208' title='bbox 2960 1540 3141 1597; x_wconf 83' lang='grc' dir='ltr'>Δαυῖδ.</span> 
     </span>
    </p>
   </div>
   <div class='ocr_carea' id='block_1_31' title="bbox 2578 1708 3713 1775">
    <p class='ocr_par' dir='ltr' id='par_1_31' title="bbox 2578 1708 3713 1775">
     <span class='ocr_line' id='line_1_31' title="bbox 2578 1708 3713 1775; baseline 0.003 -14"><span class='ocrx_word' id='word_1_209' title='bbox 2578 1710 2679 1772; x_wconf 78' lang='grc' dir='ltr'><strong>Εις</strong></span> <span class='ocrx_word' id='word_1_210' title='bbox 2709 1708 2900 1774; x_wconf 72' lang='grc' dir='ltr'>τέλος,</span> <span class='ocrx_word' id='word_1_211' title='bbox 2927 1713 3229 1764; x_wconf 83' lang='grc' dir='ltr'><strong>ΨΑΛΜΟΣ</strong></span> <span class='ocrx_word' id='word_1_212' title='bbox 3257 1709 3333 1775; x_wconf 82' lang='grc' dir='ltr'>τῷ</span> <span class='ocrx_word' id='word_1_213' title='bbox 3368 1709 3565 1764; x_wconf 78' lang='grc' dir='ltr'>Δαυΐὸ.</span> <span class='ocrx_word' id='word_1_214' title='bbox 3597 1713 3713 1766; x_wconf 80' lang='lat' dir='ltr'><strong>m.</strong></span> 
     </span>
    </p>
   </div>
   <div class='ocr_carea' id='block_1_32' title="bbox 2981 1804 3310 1868">
    <p class='ocr_par' dir='ltr' id='par_1_32' title="bbox 2981 1804 3310 1868">
     <span class='ocr_line' id='line_1_32' title="bbox 2981 1804 3310 1868; baseline 0 -14"><span class='ocrx_word' id='word_1_215' title='bbox 2981 1804 2994 1821; x_wconf 87' lang='lat'>&#39;</span> <span class='ocrx_word' id='word_1_216' title='bbox 3006 1804 3310 1868; x_wconf 83' lang='grc' dir='ltr'>Υπόθεσις.</span> 
     </span>
    </p>
   </div>
   <div class='ocr_carea' id='block_1_33' title="bbox 709 1867 2275 1967">
    <p class='ocr_par' dir='ltr' id='par_1_33' title="bbox 709 1867 2267 1966">
     <span class='ocr_line' id='line_1_33' title="bbox 709 1867 2267 1966; baseline 0.009 -26"><span class='ocrx_word' id='word_1_217' title='bbox 709 1885 979 1945; x_wconf 86' lang='lat' dir='ltr'><strong>lnitialem</strong></span> <span class='ocrx_word' id='word_1_218' title='bbox 1026 1867 1409 1961; x_wconf 62' lang='lat' dir='ltr'><strong>complectitur</strong></span> <span class='ocrx_word' id='word_1_219' title='bbox 1458 1896 1759 1951; x_wconf 84' lang='lat' dir='ltr'><strong>doctrinam</strong></span> <span class='ocrx_word' id='word_1_220' title='bbox 1806 1897 1892 1953; x_wconf 87' lang='lat' dir='ltr'><strong>hic</strong></span> <span class='ocrx_word' id='word_1_221' title='bbox 1925 1898 2166 1966; x_wconf 87' lang='lat' dir='ltr'><strong>psalmus</strong></span> <span class='ocrx_word' id='word_1_222' title='bbox 2205 1915 2267 1953; x_wconf 83' lang='lat' dir='ltr'><strong>ex</strong></span> 
     </span>
    </p>
   </div>
   <div class='ocr_carea' id='block_1_34' title="bbox 2378 1867 3926 1967">
    <p class='ocr_par' dir='ltr' id='par_1_34' title="bbox 2378 1867 3926 1967">
     <span class='ocr_line' id='line_1_34' title="bbox 2378 1867 3926 1967; baseline 0.004 -24"><span class='ocrx_word' id='word_1_223' title='bbox 2378 1890 2748 1963; x_wconf 75' lang='grc' dir='ltr'>Εἱσαγωγικὴν</span> <span class='ocrx_word' id='word_1_224' title='bbox 2779 1892 3120 1947; x_wconf 77' lang='grc' dir='ltr'>διδασκαλίαν</span> <span class='ocrx_word' id='word_1_225' title='bbox 3154 1894 3392 1964; x_wconf 84' lang='grc' dir='ltr'>περιέχει</span> <span class='ocrx_word' id='word_1_226' title='bbox 3424 1908 3452 1945; x_wconf 90' lang='grc' dir='ltr'><strong>ο</strong></span> <span class='ocrx_word' id='word_1_227' title='bbox 3486 1895 3672 1965; x_wconf 87' lang='grc' dir='ltr'>παρὼν</span> <span class='ocrx_word' id='word_1_228' title='bbox 3713 1895 3926 1967; x_wconf 77' lang='grc' dir='ltr'>ψαλμδς</span> 
     </span>
    </p>
   </div>
   <div class='ocr_carea' id='block_1_35' title="bbox 780 1986 2272 2058">
    <p class='ocr_par' dir='ltr' id='par_1_35' title="bbox 780 1986 2272 2058">
     <span class='ocr_line' id='line_1_35' title="bbox 780 1986 2272 2058; baseline 0.005 -21"><span class='ocrx_word' id='word_1_229' title='bbox 780 1998 1013 2053; x_wconf 85' lang='lat' dir='ltr'><strong>persona</strong></span> <span class='ocrx_word' id='word_1_230' title='bbox 1042 1986 1412 2054; x_wconf 88' lang='lat' dir='ltr'><strong>apostolorum</strong></span> <span class='ocrx_word' id='word_1_231' title='bbox 1438 1988 1503 2041; x_wconf 89' lang='lat' dir='ltr'><strong>ad</strong></span> <span class='ocrx_word' id='word_1_232' title='bbox 1535 1999 1741 2058; x_wconf 85' lang='lat' dir='ltr'><strong>gentes.</strong></span> <span class='ocrx_word' id='word_1_233' title='bbox 1774 1988 2137 2055; x_wconf 87' lang='lat' dir='ltr'><strong>Quamobrem</strong></span> <span class='ocrx_word' id='word_1_234' title='bbox 2162 2006 2272 2045; x_wconf 77' lang='lat' dir='ltr'><strong>coe-</strong></span> 
     </span>
    </p>
   </div>
   <div class='ocr_carea' id='block_1_36' title="bbox 778 2076 2272 2153">
    <p class='ocr_par' dir='ltr' id='par_1_36' title="bbox 778 2076 2272 2153">
     <span class='ocr_line' id='line_1_36' title="bbox 778 2076 2272 2153; baseline 0.007 -24"><span class='ocrx_word' id='word_1_235' title='bbox 778 2076 889 2131; x_wconf 91' lang='lat' dir='ltr'><strong>lum</strong></span> <span class='ocrx_word' id='word_1_236' title='bbox 924 2087 976 2132; x_wconf 91' lang='lat' dir='ltr'><strong>et</strong></span> <span class='ocrx_word' id='word_1_237' title='bbox 1009 2079 1177 2133; x_wconf 91' lang='lat' dir='ltr'><strong>solem</strong></span> <span class='ocrx_word' id='word_1_238' title='bbox 1213 2093 1266 2134; x_wconf 90' lang='lat' dir='ltr'><strong>et</strong></span> <span class='ocrx_word' id='word_1_239' title='bbox 1304 2081 1510 2151; x_wconf 88' lang='lat' dir='ltr'><strong>reliqua</strong></span> <span class='ocrx_word' id='word_1_240' title='bbox 1547 2084 1834 2149; x_wconf 88' lang='lat' dir='ltr'><strong>elementa,</strong></span> <span class='ocrx_word' id='word_1_241' title='bbox 1880 2100 2015 2153; x_wconf 92' lang='lat' dir='ltr'><strong>quos</strong></span> <span class='ocrx_word' id='word_1_242' title='bbox 2048 2100 2272 2153; x_wconf 85' lang='lat' dir='ltr'><strong>magnos</strong></span> 
     </span>
    </p>
   </div>
   <div class='ocr_carea' id='block_1_37' title="bbox 780 2167 2272 2243">
    <p class='ocr_par' dir='ltr' id='par_1_37' title="bbox 780 2167 2272 2243">
     <span class='ocr_line' id='line_1_37' title="bbox 780 2167 2272 2243; baseline 0.006 -23"><span class='ocrx_word' id='word_1_243' title='bbox 780 2167 884 2221; x_wconf 69' lang='lat' dir='ltr'><strong>illa:</strong></span> <span class='ocrx_word' id='word_1_244' title='bbox 932 2167 1065 2224; x_wconf 90' lang='lat' dir='ltr'><strong>deos</strong></span> <span class='ocrx_word' id='word_1_245' title='bbox 1105 2186 1226 2225; x_wconf 90' lang='lat' dir='ltr'><strong>esse</strong></span> <span class='ocrx_word' id='word_1_246' title='bbox 1283 2172 1711 2238; x_wconf 84' lang='lat' dir='ltr'><strong>arbitrabantur,</strong></span> <span class='ocrx_word' id='word_1_247' title='bbox 1758 2175 2005 2243; x_wconf 79' lang='lat' dir='ltr'><strong>opiﬁcem</strong></span> <span class='ocrx_word' id='word_1_248' title='bbox 2056 2176 2272 2229; x_wconf 86' lang='lat' dir='ltr'><strong>laudare</strong></span> 
     </span>
    </p>
   </div>
   <div class='ocr_carea' id='block_1_38' title="bbox 779 2262 1250 2316">
    <p class='ocr_par' dir='ltr' id='par_1_38' title="bbox 779 2262 1250 2316">
     <span class='ocr_line' id='line_1_38' title="bbox 779 2262 1250 2316; baseline 0.002 -3"><span class='ocrx_word' id='word_1_249' title='bbox 779 2274 940 2313; x_wconf 85' lang='lat' dir='ltr'><strong>suum</strong></span> <span class='ocrx_word' id='word_1_250' title='bbox 973 2262 1250 2316; x_wconf 86' lang='lat' dir='ltr'><strong>dicuntur.</strong></span> 
     </span>
    </p>
   </div>
   <div class='ocr_carea' id='block_1_39' title="bbox 777 2350 2269 2424">
    <p class='ocr_par' dir='ltr' id='par_1_39' title="bbox 777 2350 2269 2424">
     <span class='ocr_line' id='line_1_39' title="bbox 777 2350 2269 2424; baseline 0.007 -20"><span class='ocrx_word' id='word_1_251' title='bbox 777 2351 831 2404; x_wconf 79' lang='grc'>2.</span> <span class='ocrx_word' id='word_1_252' title='bbox 883 2351 1012 2405; x_wconf 69' lang='lat' dir='ltr'><strong>Caeli</strong></span> <span class='ocrx_word' id='word_1_253' title='bbox 1032 2364 1283 2408; x_wconf 86' lang='lat' dir='ltr'><strong>enarrant</strong></span> <span class='ocrx_word' id='word_1_254' title='bbox 1312 2356 1538 2424; x_wconf 79' lang='lat' dir='ltr'><strong>gloriam</strong></span> <span class='ocrx_word' id='word_1_255' title='bbox 1568 2352 1681 2410; x_wconf 81' lang='lat' dir='ltr'><strong>Det.</strong></span> <span class='ocrx_word' id='word_1_256' title='bbox 1704 2350 1891 2411; x_wconf 76' lang='lat' dir='ltr'><strong>Simile</strong></span> <span class='ocrx_word' id='word_1_257' title='bbox 1916 2366 1998 2413; x_wconf 89' lang='lat' dir='ltr'><strong>est</strong></span> <span class='ocrx_word' id='word_1_258' title='bbox 2026 2358 2128 2413; x_wconf 89' lang='lat' dir='ltr'><strong>hoc</strong></span> <span class='ocrx_word' id='word_1_259' title='bbox 2159 2360 2269 2414; x_wconf 87' lang='lat' dir='ltr'><strong>illi:</strong></span> 
     </span>
    </p>
   </div>
   <div class='ocr_carea' id='block_1_40' title="bbox 711 2440 2273 2520">
    <p class='ocr_par' dir='ltr' id='par_1_40' title="bbox 711 2440 2273 2520">
     <span class='ocr_line' id='line_1_40' title="bbox 711 2440 2273 2520; baseline 0.007 -26"><span class='ocrx_word' id='word_1_260' title='bbox 711 2440 1008 2496; x_wconf 86' lang='lat' dir='ltr'><strong>Invisibilia</strong></span> <span class='ocrx_word' id='word_1_261' title='bbox 1035 2448 1172 2499; x_wconf 89' lang='lat' dir='ltr'><strong>enim</strong></span> <span class='ocrx_word' id='word_1_262' title='bbox 1199 2448 1365 2516; x_wconf 85' lang='lat' dir='ltr'><strong>ipsius</strong></span> <span class='ocrx_word' id='word_1_263' title='bbox 1396 2465 1428 2501; x_wconf 91' lang='grc' dir='ltr'><strong>α</strong></span> <span class='ocrx_word' id='word_1_264' title='bbox 1467 2458 1710 2501; x_wconf 83' lang='lat' dir='ltr'><strong>creatura</strong></span> <span class='ocrx_word' id='word_1_265' title='bbox 1741 2450 1921 2503; x_wconf 88' lang='lat' dir='ltr'><strong>mundi</strong></span> <span class='ocrx_word' id='word_1_266' title='bbox 1952 2467 2042 2518; x_wconf 87' lang='lat' dir='ltr'><strong>per</strong></span> <span class='ocrx_word' id='word_1_267' title='bbox 2071 2467 2130 2505; x_wconf 85' lang='lat' dir='ltr'><strong>ea</strong></span> <span class='ocrx_word' id='word_1_268' title='bbox 2159 2469 2273 2520; x_wconf 67' lang='lat' dir='ltr'><strong>qua:</strong></span> 
     </span>
    </p>
   </div>
   <div class='ocr_carea' id='block_1_41' title="bbox 710 2532 2272 2613">
    <p class='ocr_par' dir='ltr' id='par_1_41' title="bbox 710 2532 2272 2613">
     <span class='ocr_line' id='line_1_41' title="bbox 710 2532 2272 2613; baseline 0.007 -28"><span class='ocrx_word' id='word_1_269' title='bbox 710 2532 852 2601; x_wconf 82' lang='lat' dir='ltr'><strong>facta</strong></span> <span class='ocrx_word' id='word_1_270' title='bbox 881 2545 999 2589; x_wconf 85' lang='lat' dir='ltr'><strong>sunt</strong></span> <span class='ocrx_word' id='word_1_271' title='bbox 1034 2537 1297 2591; x_wconf 86' lang='lat' dir='ltr'><strong>intellecta</strong></span> <span class='ocrx_word' id='word_1_272' title='bbox 1327 2539 1721 2604; x_wconf 87' lang='lat' dir='ltr'><strong>conspiciuntur</strong></span> <span class='ocrx_word' id='word_1_273' title='bbox 1749 2556 1766 2592; x_wconf 92' lang='lat'><strong><em>:</em></strong></span> <span class='ocrx_word' id='word_1_274' title='bbox 1803 2541 2116 2609; x_wconf 84' lang='lat' dir='ltr'><strong>sempiterna</strong></span> <span class='ocrx_word' id='word_1_275' title='bbox 2139 2559 2272 2613; x_wconf 80' lang='lat' dir='ltr'><strong>quo-</strong></span> 
     </span>
    </p>
   </div>
   <div class='ocr_carea' id='block_1_42' title="bbox 708 2628 1598 2697">
    <p class='ocr_par' dir='ltr' id='par_1_42' title="bbox 708 2628 1598 2697">
     <span class='ocr_line' id='line_1_42' title="bbox 708 2628 1598 2697; baseline 0.003 -17"><span class='ocrx_word' id='word_1_276' title='bbox 708 2643 806 2697; x_wconf 83' lang='lat' dir='ltr'><strong>que</strong></span> <span class='ocrx_word' id='word_1_277' title='bbox 833 2628 945 2696; x_wconf 85' lang='lat' dir='ltr'><strong>ejus</strong></span> <span class='ocrx_word' id='word_1_278' title='bbox 973 2628 1139 2682; x_wconf 77' lang='lat' dir='ltr'><strong>virtus</strong></span> <span class='ocrx_word' id='word_1_279' title='bbox 1166 2636 1215 2681; x_wconf 85' lang='lat' dir='ltr'><strong>et</strong></span> <span class='ocrx_word' id='word_1_280' title='bbox 1254 2628 1500 2682; x_wconf 80' lang='lat' dir='ltr'><strong>divinitas</strong></span> <span class='ocrx_word' id='word_1_281' title='bbox 1533 2630 1598 2683; x_wconf 81' lang='lat'><strong>“.</strong></span> 
     </span>
    </p>
   </div>
   <div class='ocr_carea' id='block_1_43' title="bbox 784 2718 2270 2790">
    <p class='ocr_par' dir='ltr' id='par_1_43' title="bbox 784 2718 2270 2790">
     <span class='ocr_line' id='line_1_43' title="bbox 784 2718 2270 2790; baseline 0.006 -17"><span class='ocrx_word' id='word_1_282' title='bbox 784 2719 838 2773; x_wconf 79' lang='grc'>5.</span> <span class='ocrx_word' id='word_1_283' title='bbox 882 2718 1002 2772; x_wconf 90' lang='lat' dir='ltr'><strong>Dies</strong></span> <span class='ocrx_word' id='word_1_284' title='bbox 1041 2720 1147 2772; x_wconf 87' lang='lat' dir='ltr'><strong>diei</strong></span> <span class='ocrx_word' id='word_1_285' title='bbox 1181 2730 1383 2774; x_wconf 82' lang='lat' dir='ltr'><strong>eructat</strong></span> <span class='ocrx_word' id='word_1_286' title='bbox 1422 2722 1662 2790; x_wconf 77' lang='lat' dir='ltr'><strong>verbum,</strong></span> <span class='ocrx_word' id='word_1_287' title='bbox 1698 2731 1748 2776; x_wconf 86' lang='lat' dir='ltr'><strong>et</strong></span> <span class='ocrx_word' id='word_1_288' title='bbox 1796 2740 1932 2789; x_wconf 64' lang='lat' dir='ltr'><strong>nos,</strong></span> <span class='ocrx_word' id='word_1_289' title='bbox 1974 2735 2078 2780; x_wconf 90' lang='lat' dir='ltr'><strong>etc.</strong></span> <span class='ocrx_word' id='word_1_290' title='bbox 2120 2726 2270 2789; x_wconf 87' lang='lat' dir='ltr'><strong>Dies.</strong></span> 
     </span>
    </p>
   </div>
   <div class='ocr_carea' id='block_1_44' title="bbox 710 2812 2274 2885">
    <p class='ocr_par' dir='ltr' id='par_1_44' title="bbox 710 2812 2274 2885">
     <span class='ocr_line' id='line_1_44' title="bbox 710 2812 2274 2885; baseline 0.006 -21"><span class='ocrx_word' id='word_1_291' title='bbox 710 2812 908 2881; x_wconf 87' lang='lat' dir='ltr'><strong>inquit,</strong></span> <span class='ocrx_word' id='word_1_292' title='bbox 968 2822 1020 2866; x_wconf 89' lang='lat' dir='ltr'><strong>ct</strong></span> <span class='ocrx_word' id='word_1_293' title='bbox 1074 2828 1203 2877; x_wconf 79' lang='lat' dir='ltr'><strong>nox,</strong></span> <span class='ocrx_word' id='word_1_294' title='bbox 1259 2822 1449 2868; x_wconf 92' lang='lat' dir='ltr'><strong>mutuo</strong></span> <span class='ocrx_word' id='word_1_295' title='bbox 1490 2816 1591 2870; x_wconf 89' lang='lat' dir='ltr'><strong>sibi</strong></span> <span class='ocrx_word' id='word_1_296' title='bbox 1640 2817 1875 2885; x_wconf 89' lang='lat' dir='ltr'><strong>spatium</strong></span> <span class='ocrx_word' id='word_1_297' title='bbox 1920 2819 2189 2871; x_wconf 85' lang='lat' dir='ltr'><strong>concinne</strong></span> <span class='ocrx_word' id='word_1_298' title='bbox 2221 2828 2274 2873; x_wconf 91' lang='lat' dir='ltr'><strong>et</strong></span> 
     </span>
    </p>
   </div>
   <div class='ocr_carea' id='block_1_45' title="bbox 711 2905 2269 2979">
    <p class='ocr_par' dir='ltr' id='par_1_45' title="bbox 711 2905 2269 2979">
     <span class='ocr_line' id='line_1_45' title="bbox 711 2905 2269 2979; baseline 0.005 -22"><span class='ocrx_word' id='word_1_299' title='bbox 711 2905 1033 2974; x_wconf 79' lang='lat' dir='ltr'><strong>congruenti</strong></span> <span class='ocrx_word' id='word_1_300' title='bbox 1088 2906 1280 2960; x_wconf 88' lang='lat' dir='ltr'><strong>ordine</strong></span> <span class='ocrx_word' id='word_1_301' title='bbox 1326 2906 1392 2959; x_wconf 89' lang='lat' dir='ltr'><strong>ad</strong></span> <span class='ocrx_word' id='word_1_302' title='bbox 1443 2921 1665 2960; x_wconf 90' lang='lat' dir='ltr'><strong>cursum</strong></span> <span class='ocrx_word' id='word_1_303' title='bbox 1712 2906 2090 2974; x_wconf 84' lang='lat' dir='ltr'><strong>concedentes,</strong></span> <span class='ocrx_word' id='word_1_304' title='bbox 2137 2910 2269 2979; x_wconf 88' lang='lat' dir='ltr'><strong>ipsis</strong></span> 
     </span>
    </p>
   </div>
   <div class='ocr_carea' id='block_1_46' title="bbox 711 2997 1741 3066">
    <p class='ocr_par' dir='ltr' id='par_1_46' title="bbox 711 2997 1741 3066">
     <span class='ocr_line' id='line_1_46' title="bbox 711 2997 1741 3066; baseline 0.003 -17"><span class='ocrx_word' id='word_1_305' title='bbox 711 2997 872 3051; x_wconf 81' lang='lat' dir='ltr'><strong>rebus</strong></span> <span class='ocrx_word' id='word_1_306' title='bbox 899 3004 1197 3050; x_wconf 87' lang='lat' dir='ltr'><strong>creatorem</strong></span> <span class='ocrx_word' id='word_1_307' title='bbox 1231 3012 1390 3050; x_wconf 87' lang='lat' dir='ltr'><strong>suum</strong></span> <span class='ocrx_word' id='word_1_308' title='bbox 1427 2999 1741 3066; x_wconf 62' lang='lat' dir='ltr'><strong>praedicant.</strong></span> 
     </span>
    </p>
   </div>
   <div class='ocr_carea' id='block_1_47' title="bbox 778 3086 2268 3159">
    <p class='ocr_par' dir='ltr' id='par_1_47' title="bbox 778 3086 2268 3159">
     <span class='ocr_line' id='line_1_47' title="bbox 778 3086 2268 3159; baseline -0.001 -16"><span class='ocrx_word' id='word_1_309' title='bbox 778 3089 832 3143; x_wconf 73' lang='grc'>4.</span> <span class='ocrx_word' id='word_1_310' title='bbox 886 3086 1006 3141; x_wconf 85' lang='grc' dir='ltr'><strong>Νοη</strong></span> <span class='ocrx_word' id='word_1_311' title='bbox 1042 3099 1162 3142; x_wconf 80' lang='lat' dir='ltr'><strong>sunt</strong></span> <span class='ocrx_word' id='word_1_312' title='bbox 1197 3087 1415 3158; x_wconf 80' lang='lat' dir='ltr'><strong>loquela:</strong></span> <span class='ocrx_word' id='word_1_313' title='bbox 1456 3105 1615 3159; x_wconf 84' lang='lat' dir='ltr'><strong>neque</strong></span> <span class='ocrx_word' id='word_1_314' title='bbox 1654 3105 1947 3153; x_wconf 82' lang='lat' dir='ltr'><strong>sermones,</strong></span> <span class='ocrx_word' id='word_1_315' title='bbox 1991 3098 2093 3143; x_wconf 90' lang='lat' dir='ltr'><strong>etc.</strong></span> <span class='ocrx_word' id='word_1_316' title='bbox 2134 3088 2268 3142; x_wconf 90' lang='lat' dir='ltr'><strong>Cum</strong></span> 
     </span>
    </p>
   </div>
   <div class='ocr_carea' id='block_1_48' title="bbox 713 3179 2343 3252">
    <p class='ocr_par' dir='ltr' id='par_1_48' title="bbox 713 3179 2343 3252">
     <span class='ocr_line' id='line_1_48' title="bbox 713 3179 2343 3252; baseline -0.001 -20"><span class='ocrx_word' id='word_1_317' title='bbox 713 3180 1145 3249; x_wconf 87' lang='lat' dir='ltr'><strong>interpunctione</strong></span> <span class='ocrx_word' id='word_1_318' title='bbox 1193 3179 1501 3249; x_wconf 86' lang='lat' dir='ltr'><strong>legendum.</strong></span> <span class='ocrx_word' id='word_1_319' title='bbox 1563 3179 1694 3233; x_wconf 87' lang='lat' dir='ltr'><strong>Nam</strong></span> <span class='ocrx_word' id='word_1_320' title='bbox 1752 3196 1815 3233; x_wconf 82' lang='lat' dir='ltr'><strong>ex</strong></span> <span class='ocrx_word' id='word_1_321' title='bbox 1889 3180 2115 3234; x_wconf 85' lang='lat' dir='ltr'><strong>adverso</strong></span> <span class='ocrx_word' id='word_1_322' title='bbox 2191 3179 2343 3252; x_wconf 75' lang='lat' dir='ltr'><strong>in-C</strong></span> 
     </span>
    </p>
   </div>
   <div class='ocr_carea' id='block_1_49' title="bbox 714 3270 2272 3339">
    <p class='ocr_par' dir='ltr' id='par_1_49' title="bbox 714 3270 2272 3339">
     <span class='ocr_line' id='line_1_49' title="bbox 714 3270 2272 3339; baseline 0 -16"><span class='ocrx_word' id='word_1_323' title='bbox 714 3283 993 3339; x_wconf 83' lang='lat' dir='ltr'><strong>terrogans</strong></span> <span class='ocrx_word' id='word_1_324' title='bbox 1053 3270 1351 3325; x_wconf 90' lang='lat' dir='ltr'><strong>clausulam</strong></span> <span class='ocrx_word' id='word_1_325' title='bbox 1414 3271 1718 3339; x_wconf 80' lang='lat' dir='ltr'><strong>distinguit,</strong></span> <span class='ocrx_word' id='word_1_326' title='bbox 1762 3270 1905 3339; x_wconf 89' lang='lat' dir='ltr'><strong>quod</strong></span> <span class='ocrx_word' id='word_1_327' title='bbox 1956 3280 2135 3325; x_wconf 88' lang='lat' dir='ltr'><strong>autem</strong></span> <span class='ocrx_word' id='word_1_328' title='bbox 2179 3285 2272 3338; x_wconf 90' lang='lat' dir='ltr'><strong>per</strong></span> 
     </span>
    </p>
   </div>
   <div class='ocr_carea' id='block_1_50' title="bbox 713 3359 2271 3429">
    <p class='ocr_par' dir='ltr' id='par_1_50' title="bbox 713 3359 2271 3429">
     <span class='ocr_line' id='line_1_50' title="bbox 713 3359 2271 3429; baseline 0.001 -17"><span class='ocrx_word' id='word_1_329' title='bbox 713 3361 1185 3427; x_wconf 75' lang='lat' dir='ltr'><strong>interrogationem</strong></span> <span class='ocrx_word' id='word_1_330' title='bbox 1233 3359 1522 3429; x_wconf 82' lang='lat' dir='ltr'><strong>apponitur</strong></span> <span class='ocrx_word' id='word_1_331' title='bbox 1566 3370 1649 3413; x_wconf 90' lang='lat' dir='ltr'><strong>est</strong></span> <span class='ocrx_word' id='word_1_332' title='bbox 1706 3359 1836 3413; x_wconf 91' lang='lat' dir='ltr'><strong>illud</strong></span> <span class='ocrx_word' id='word_1_333' title='bbox 1893 3376 1906 3413; x_wconf 91' lang='lat'>:</span> <span class='ocrx_word' id='word_1_334' title='bbox 1967 3370 2021 3413; x_wconf 90' lang='lat' dir='ltr'><strong>et</strong></span> <span class='ocrx_word' id='word_1_335' title='bbox 2067 3360 2271 3414; x_wconf 88' lang='lat' dir='ltr'><strong>nihilne</strong></span> 
     </span>
    </p>
   </div>
   <div class='ocr_carea' id='block_1_51' title="bbox 712 3448 2273 3519">
    <p class='ocr_par' dir='ltr' id='par_1_51' title="bbox 712 3448 2273 3519">
     <span class='ocr_line' id='line_1_51' title="bbox 712 3448 2273 3519; baseline -0.001 -16"><span class='ocrx_word' id='word_1_336' title='bbox 712 3451 1055 3519; x_wconf 74' lang='lat' dir='ltr'><strong>loquuntur?</strong></span> <span class='ocrx_word' id='word_1_337' title='bbox 1101 3448 1439 3519; x_wconf 81' lang='lat' dir='ltr'><strong>Quapropter</strong></span> <span class='ocrx_word' id='word_1_338' title='bbox 1486 3450 1615 3503; x_wconf 92' lang='lat' dir='ltr'><strong>dicit</strong></span> <span class='ocrx_word' id='word_1_339' title='bbox 1651 3468 1663 3502; x_wconf 91' lang='lat'><strong>:</strong></span> <span class='ocrx_word' id='word_1_340' title='bbox 1717 3450 1911 3501; x_wconf 86' lang='lat' dir='ltr'><strong>Annon</strong></span> <span class='ocrx_word' id='word_1_341' title='bbox 1955 3448 2149 3517; x_wconf 70' lang='lat' dir='ltr'><strong>aliqua:</strong></span> <span class='ocrx_word' id='word_1_342' title='bbox 2187 3464 2273 3502; x_wconf 87' lang='lat' dir='ltr'><strong>res</strong></span> 
     </span>
    </p>
   </div>
   <div class='ocr_carea' id='block_1_52' title="bbox 713 3540 2272 3612">
    <p class='ocr_par' dir='ltr' id='par_1_52' title="bbox 713 3540 2272 3612">
     <span class='ocr_line' id='line_1_52' title="bbox 713 3540 2272 3612; baseline -0.003 -15"><span class='ocrx_word' id='word_1_343' title='bbox 713 3553 860 3606; x_wconf 89' lang='lat' dir='ltr'><strong>sunt,</strong></span> <span class='ocrx_word' id='word_1_344' title='bbox 893 3558 1011 3612; x_wconf 72' lang='lat' dir='ltr'><strong>qua:</strong></span> <span class='ocrx_word' id='word_1_345' title='bbox 1050 3543 1175 3596; x_wconf 91' lang='lat' dir='ltr'><strong>licet</strong></span> <span class='ocrx_word' id='word_1_346' title='bbox 1214 3542 1417 3595; x_wconf 91' lang='lat' dir='ltr'><strong>nullam</strong></span> <span class='ocrx_word' id='word_1_347' title='bbox 1465 3543 1717 3595; x_wconf 89' lang='lat' dir='ltr'><strong>emittant</strong></span> <span class='ocrx_word' id='word_1_348' title='bbox 1753 3555 1938 3594; x_wconf 89' lang='lat' dir='ltr'><strong>vocem</strong></span> <span class='ocrx_word' id='word_1_349' title='bbox 1961 3580 1976 3604; x_wconf 94' lang='lat'><strong>,</strong></span> <span class='ocrx_word' id='word_1_350' title='bbox 2014 3540 2272 3593; x_wconf 89' lang='lat' dir='ltr'><strong>artilicem</strong></span> 
     </span>
    </p>
   </div>
   <div class='ocr_carea' id='block_1_53' title="bbox 712 3631 2271 3702">
    <p class='ocr_par' dir='ltr' id='par_1_53' title="bbox 712 3631 2271 3702">
     <span class='ocr_line' id='line_1_53' title="bbox 712 3631 2271 3702; baseline -0.001 -16"><span class='ocrx_word' id='word_1_351' title='bbox 712 3634 1080 3688; x_wconf 76' lang='lat' dir='ltr'><strong>denuntiant?</strong></span> <span class='ocrx_word' id='word_1_352' title='bbox 1127 3633 1414 3686; x_wconf 85' lang='lat' dir='ltr'><strong>Enimvero</strong></span> <span class='ocrx_word' id='word_1_353' title='bbox 1464 3648 1527 3687; x_wconf 73' lang='lat' dir='ltr'><strong>ex</strong></span> <span class='ocrx_word' id='word_1_354' title='bbox 1556 3632 1781 3702; x_wconf 84' lang='lat' dir='ltr'><strong>pulchre</strong></span> <span class='ocrx_word' id='word_1_355' title='bbox 1816 3631 2077 3686; x_wconf 86' lang='lat' dir='ltr'><strong>adornata</strong></span> <span class='ocrx_word' id='word_1_356' title='bbox 2127 3632 2271 3695; x_wconf 87' lang='lat' dir='ltr'><strong>navi,</strong></span> 
     </span>
    </p>
   </div>
   <div class='ocr_carea' id='block_1_54' title="bbox 713 3723 2271 3794">
    <p class='ocr_par' dir='ltr' id='par_1_54' title="bbox 713 3723 2271 3794">
     <span class='ocr_line' id='line_1_54' title="bbox 713 3723 2271 3794; baseline 0.001 -16"><span class='ocrx_word' id='word_1_357' title='bbox 713 3724 853 3779; x_wconf 73' lang='lat' dir='ltr'><strong>fabri</strong></span> <span class='ocrx_word' id='word_1_358' title='bbox 897 3724 1085 3794; x_wconf 85' lang='lat' dir='ltr'><strong>peritia</strong></span> <span class='ocrx_word' id='word_1_359' title='bbox 1116 3724 1453 3794; x_wconf 84' lang='lat' dir='ltr'><strong>dignoscitur</strong></span> <span class='ocrx_word' id='word_1_360' title='bbox 1488 3739 1501 3776; x_wconf 92' lang='lat'><strong>:</strong></span> <span class='ocrx_word' id='word_1_361' title='bbox 1538 3734 1592 3777; x_wconf 92' lang='lat' dir='ltr'><strong>et</strong></span> <span class='ocrx_word' id='word_1_362' title='bbox 1632 3724 1882 3777; x_wconf 89' lang='lat' dir='ltr'><strong>similiter</strong></span> <span class='ocrx_word' id='word_1_363' title='bbox 1919 3723 1985 3777; x_wconf 91' lang='lat' dir='ltr'><strong>de</strong></span> <span class='ocrx_word' id='word_1_364' title='bbox 2029 3724 2271 3793; x_wconf 88' lang='lat' dir='ltr'><strong>reliquis.</strong></span> 
     </span>
    </p>
   </div>
   <div class='ocr_carea' id='block_1_55' title="bbox 713 3811 2276 3882">
    <p class='ocr_par' dir='ltr' id='par_1_55' title="bbox 713 3811 2276 3882">
     <span class='ocr_line' id='line_1_55' title="bbox 713 3811 2276 3882; baseline 0.001 -15"><span class='ocrx_word' id='word_1_365' title='bbox 713 3812 976 3869; x_wconf 62' lang='lat' dir='ltr'><strong>Praedicta</strong></span> <span class='ocrx_word' id='word_1_366' title='bbox 1010 3812 1189 3881; x_wconf 89' lang='lat' dir='ltr'><strong>itaque</strong></span> <span class='ocrx_word' id='word_1_367' title='bbox 1220 3811 1430 3881; x_wconf 75' lang='lat' dir='ltr'><strong>opificia</strong></span> <span class='ocrx_word' id='word_1_368' title='bbox 1465 3827 1494 3865; x_wconf 88' lang='lat' dir='ltr'><strong>a</strong></span> <span class='ocrx_word' id='word_1_369' title='bbox 1534 3812 1929 3882; x_wconf 85' lang='lat' dir='ltr'><strong>magnitudine,</strong></span> <span class='ocrx_word' id='word_1_370' title='bbox 1977 3814 2276 3882; x_wconf 87' lang='lat' dir='ltr'><strong>pulchritu-</strong></span> 
     </span>
    </p>
   </div>
   <div class='ocr_carea' id='block_1_56' title="bbox 713 3903 2277 3972">
    <p class='ocr_par' dir='ltr' id='par_1_56' title="bbox 713 3903 2277 3972">
     <span class='ocr_line' id='line_1_56' title="bbox 713 3903 2277 3972; baseline 0.001 -14"><span class='ocrx_word' id='word_1_371' title='bbox 713 3908 858 3968; x_wconf 84' lang='lat' dir='ltr'><strong>dine,</strong></span> <span class='ocrx_word' id='word_1_372' title='bbox 905 3905 1274 3959; x_wconf 89' lang='lat' dir='ltr'><strong>coneinnitate</strong></span> <span class='ocrx_word' id='word_1_373' title='bbox 1337 3903 1583 3972; x_wconf 84' lang='lat' dir='ltr'><strong>opiﬁcem</strong></span> <span class='ocrx_word' id='word_1_374' title='bbox 1652 3905 1949 3972; x_wconf 64' lang='lat' dir='ltr'><strong>priedicant</strong></span> <span class='ocrx_word' id='word_1_375' title='bbox 2015 3922 2027 3956; x_wconf 93' lang='lat'>:</span> <span class='ocrx_word' id='word_1_376' title='bbox 2091 3906 2163 3958; x_wconf 87' lang='lat' dir='ltr'><strong>ita</strong></span> <span class='ocrx_word' id='word_1_377' title='bbox 2219 3916 2277 3960; x_wconf 85' lang='lat' dir='ltr'><strong>ut</strong></span> 
     </span>
    </p>
   </div>
   <div class='ocr_carea' id='block_1_57' title="bbox 713 3995 1995 4065">
    <p class='ocr_par' dir='ltr' id='par_1_57' title="bbox 713 3995 1995 4065">
     <span class='ocr_line' id='line_1_57' title="bbox 713 3995 1995 4065; baseline -0.002 -16"><span class='ocrx_word' id='word_1_378' title='bbox 713 4011 902 4051; x_wconf 89' lang='lat' dir='ltr'><strong>eorum</strong></span> <span class='ocrx_word' id='word_1_379' title='bbox 934 3995 1242 4065; x_wconf 70' lang='lat' dir='ltr'><strong>prrcdicatio</strong></span> <span class='ocrx_word' id='word_1_380' title='bbox 1267 4010 1479 4049; x_wconf 90' lang='lat' dir='ltr'><strong>omnem</strong></span> <span class='ocrx_word' id='word_1_381' title='bbox 1503 3995 1760 4062; x_wconf 81' lang='lat' dir='ltr'><strong>pervadat</strong></span> <span class='ocrx_word' id='word_1_382' title='bbox 1788 3995 1995 4047; x_wconf 78' lang='lat' dir='ltr'><strong>orbem.</strong></span> 
     </span>
    </p>
   </div>
   <div class='ocr_carea' id='block_1_58' title="bbox 784 4084 2277 4157">
    <p class='ocr_par' dir='ltr' id='par_1_58' title="bbox 784 4084 2277 4157">
     <span class='ocr_line' id='line_1_58' title="bbox 784 4084 2277 4157; baseline -0.001 -14"><span class='ocrx_word' id='word_1_383' title='bbox 784 4088 836 4143; x_wconf 88' lang='grc'><strong>6.</strong></span> <span class='ocrx_word' id='word_1_384' title='bbox 858 4087 922 4142; x_wconf 82' lang='grc' dir='ltr'><em>1η</em></span> <span class='ocrx_word' id='word_1_385' title='bbox 941 4086 1048 4141; x_wconf 84' lang='lat' dir='ltr'><strong>sole</strong></span> <span class='ocrx_word' id='word_1_386' title='bbox 1070 4088 1241 4157; x_wconf 84' lang='lat' dir='ltr'><strong>posuit</strong></span> <span class='ocrx_word' id='word_1_387' title='bbox 1264 4086 1656 4140; x_wconf 78' lang='lat' dir='ltr'><strong>tabernaculum</strong></span> <span class='ocrx_word' id='word_1_388' title='bbox 1674 4103 1847 4139; x_wconf 88' lang='lat' dir='ltr'><strong>suum.</strong></span> <span class='ocrx_word' id='word_1_389' title='bbox 1869 4084 1923 4138; x_wconf 90' lang='lat' dir='ltr'><strong>In</strong></span> <span class='ocrx_word' id='word_1_390' title='bbox 1943 4087 2053 4141; x_wconf 88' lang='lat' dir='ltr'><strong>sole</strong></span> <span class='ocrx_word' id='word_1_391' title='bbox 2074 4096 2277 4156; x_wconf 74' lang='lat' dir='ltr'><strong>posurt,</strong></span> 
     </span>
    </p>
   </div>
   <div class='ocr_carea' id='block_1_59' title="bbox 716 4179 2276 4253">
    <p class='ocr_par' dir='ltr' id='par_1_59' title="bbox 716 4179 2276 4253">
     <span class='ocr_line' id='line_1_59' title="bbox 716 4179 2276 4253; baseline -0.002 -16"><span class='ocrx_word' id='word_1_392' title='bbox 716 4183 911 4253; x_wconf 86' lang='lat' dir='ltr'><strong>inquit,</strong></span> <span class='ocrx_word' id='word_1_393' title='bbox 945 4183 1349 4237; x_wconf 83' lang='lat' dir='ltr'><strong>tabernaculum</strong></span> <span class='ocrx_word' id='word_1_394' title='bbox 1398 4182 1511 4235; x_wconf 88' lang='lat' dir='ltr'><strong>sive</strong></span> <span class='ocrx_word' id='word_1_395' title='bbox 1545 4181 1791 4236; x_wconf 80' lang='lat' dir='ltr'><strong>domum.</strong></span> <span class='ocrx_word' id='word_1_396' title='bbox 1830 4179 2059 4235; x_wconf 86' lang='lat' dir='ltr'><strong>Ubinam</strong></span> <span class='ocrx_word' id='word_1_397' title='bbox 2096 4192 2276 4235; x_wconf 90' lang='lat' dir='ltr'><strong>autem</strong></span> 
     </span>
    </p>
   </div>
   <div class='ocr_carea' id='block_1_60' title="bbox 716 4270 2278 4342">
    <p class='ocr_par' dir='ltr' id='par_1_60' title="bbox 716 4270 2278 4342">
     <span class='ocr_line' id='line_1_60' title="bbox 716 4270 2278 4342; baseline -0.001 -15"><span class='ocrx_word' id='word_1_398' title='bbox 716 4274 898 4342; x_wconf 85' lang='lat' dir='ltr'><strong>posuit</strong></span> <span class='ocrx_word' id='word_1_399' title='bbox 928 4273 1031 4327; x_wconf 85' lang='lat' dir='ltr'><strong>nisi</strong></span> <span class='ocrx_word' id='word_1_400' title='bbox 1066 4274 1120 4325; x_wconf 93' lang='lat' dir='ltr'><strong>in</strong></span> <span class='ocrx_word' id='word_1_401' title='bbox 1155 4273 1294 4325; x_wconf 65' lang='lat' dir='ltr'><strong>caelo</strong></span> <span class='ocrx_word' id='word_1_402' title='bbox 1326 4280 1379 4324; x_wconf 90' lang='lat' dir='ltr'><strong>et</strong></span> <span class='ocrx_word' id='word_1_403' title='bbox 1414 4270 1466 4323; x_wconf 91' lang='lat' dir='ltr'><strong>in</strong></span> <span class='ocrx_word' id='word_1_404' title='bbox 1504 4272 1842 4325; x_wconf 88' lang='lat' dir='ltr'><strong>lirmamento</strong></span> <span class='ocrx_word' id='word_1_405' title='bbox 1876 4287 2038 4340; x_wconf 89' lang='lat' dir='ltr'><strong>supra</strong></span> <span class='ocrx_word' id='word_1_406' title='bbox 2071 4288 2278 4325; x_wconf 86' lang='lat' dir='ltr'><strong>memo-</strong></span> 
     </span>
    </p>
   </div>
   <div class='ocr_carea' id='block_1_61' title="bbox 715 4359 2275 4431">
    <p class='ocr_par' dir='ltr' id='par_1_61' title="bbox 715 4359 2275 4431">
     <span class='ocr_line' id='line_1_61' title="bbox 715 4359 2275 4431; baseline 0.001 -16"><span class='ocrx_word' id='word_1_407' title='bbox 715 4364 850 4417; x_wconf 87' lang='lat' dir='ltr'><strong>ratis</strong></span> <span class='ocrx_word' id='word_1_408' title='bbox 883 4362 905 4415; x_wconf 74' lang='grc' dir='ltr'><em>ἳ</em></span> <span class='ocrx_word' id='word_1_409' title='bbox 938 4360 1088 4415; x_wconf 88' lang='lat' dir='ltr'><strong>Hanc</strong></span> <span class='ocrx_word' id='word_1_410' title='bbox 1130 4376 1290 4431; x_wconf 86' lang='lat' dir='ltr'><strong>porro</strong></span> <span class='ocrx_word' id='word_1_411' title='bbox 1326 4359 1547 4413; x_wconf 91' lang='lat' dir='ltr'><strong>domum</strong></span> <span class='ocrx_word' id='word_1_412' title='bbox 1570 4402 1585 4426; x_wconf 92' lang='lat'><strong>,</strong></span> <span class='ocrx_word' id='word_1_413' title='bbox 1633 4359 1831 4413; x_wconf 88' lang='lat' dir='ltr'><strong>lectum</strong></span> <span class='ocrx_word' id='word_1_414' title='bbox 1882 4376 2007 4414; x_wconf 84' lang='lat' dir='ltr'><strong>Item</strong></span> <span class='ocrx_word' id='word_1_415' title='bbox 2044 4365 2275 4418; x_wconf 86' lang='lat' dir='ltr'><strong>vocavit.</strong></span> 
     </span>
    </p>
   </div>
   <div class='ocr_carea' id='block_1_62' title="bbox 719 4452 2275 4521">
    <p class='ocr_par' dir='ltr' id='par_1_62' title="bbox 719 4452 2275 4521">
     <span class='ocr_line' id='line_1_62' title="bbox 719 4452 2275 4521; baseline -0.001 -13"><span class='ocrx_word' id='word_1_416' title='bbox 719 4454 983 4509; x_wconf 84' lang='lat' dir='ltr'><strong>Utautem</strong></span> <span class='ocrx_word' id='word_1_417' title='bbox 1012 4452 1127 4508; x_wconf 82' lang='lat' dir='ltr'><strong>dies</strong></span> <span class='ocrx_word' id='word_1_418' title='bbox 1150 4463 1199 4507; x_wconf 88' lang='lat' dir='ltr'><strong>et</strong></span> <span class='ocrx_word' id='word_1_419' title='bbox 1226 4468 1329 4505; x_wconf 81' lang='lat' dir='ltr'><strong>nox</strong></span> <span class='ocrx_word' id='word_1_420' title='bbox 1356 4452 1581 4521; x_wconf 87' lang='lat' dir='ltr'><strong>pulchro</strong></span> <span class='ocrx_word' id='word_1_421' title='bbox 1606 4453 1697 4506; x_wconf 90' lang='lat' dir='ltr'><strong>illo</strong></span> <span class='ocrx_word' id='word_1_422' title='bbox 1726 4452 1916 4505; x_wconf 90' lang='lat' dir='ltr'><strong>ordine</strong></span> <span class='ocrx_word' id='word_1_423' title='bbox 1940 4462 2275 4507; x_wconf 85' lang='lat' dir='ltr'><strong>etconsensu</strong></span> 
     </span>
    </p>
   </div>
   <div class='ocr_carea' id='block_1_63' title="bbox 2442 1984 3925 2057">
    <p class='ocr_par' dir='ltr' id='par_1_63' title="bbox 2442 1984 3925 2057">
     <span class='ocr_line' id='line_1_63' title="bbox 2442 1984 3925 2057; baseline 0.004 -23"><span class='ocrx_word' id='word_1_424' title='bbox 2442 1985 2505 2035; x_wconf 81' lang='grc' dir='ltr'>ὲκ</span> <span class='ocrx_word' id='word_1_425' title='bbox 2539 1984 2824 2054; x_wconf 81' lang='grc' dir='ltr'>προσώπου</span> <span class='ocrx_word' id='word_1_426' title='bbox 2856 1984 2965 2038; x_wconf 84' lang='grc' dir='ltr'>τῶν</span> <span class='ocrx_word' id='word_1_427' title='bbox 3011 1985 3321 2038; x_wconf 82' lang='grc' dir='ltr'>ἀποστόλων</span> <span class='ocrx_word' id='word_1_428' title='bbox 3355 1986 3488 2055; x_wconf 80' lang='grc' dir='ltr'>πρὸς</span> <span class='ocrx_word' id='word_1_429' title='bbox 3540 1986 3607 2040; x_wconf 83' lang='grc' dir='ltr'>τὰ</span> <span class='ocrx_word' id='word_1_430' title='bbox 3640 1986 3786 2057; x_wconf 76' lang='grc' dir='ltr'>ἔθνη.</span> <span class='ocrx_word' id='word_1_431' title='bbox 3836 1988 3925 2040; x_wconf 78' lang='grc' dir='ltr'>Διὸ</span> 
     </span>
    </p>
   </div>
   <div class='ocr_carea' id='block_1_64' title="bbox 2443 2077 3921 2149">
    <p class='ocr_par' dir='ltr' id='par_1_64' title="bbox 2443 2077 3921 2149">
     <span class='ocr_line' id='line_1_64' title="bbox 2443 2077 3921 2149; baseline 0.003 -22"><span class='ocrx_word' id='word_1_432' title='bbox 2443 2077 2534 2127; x_wconf 71' lang='grc' dir='ltr'><strong>καὶ</strong></span> <span class='ocrx_word' id='word_1_433' title='bbox 2573 2077 2817 2145; x_wconf 76' lang='grc' dir='ltr'>οὐρανὸν,</span> <span class='ocrx_word' id='word_1_434' title='bbox 2853 2078 2944 2129; x_wconf 75' lang='grc' dir='ltr'><strong>καὶ</strong></span> <span class='ocrx_word' id='word_1_435' title='bbox 2973 2077 3141 2147; x_wconf 71' lang='grc' dir='ltr'>ἥλιον,</span> <span class='ocrx_word' id='word_1_436' title='bbox 3200 2077 3294 2129; x_wconf 72' lang='grc' dir='ltr'>καὶ</span> <span class='ocrx_word' id='word_1_437' title='bbox 3349 2078 3416 2131; x_wconf 84' lang='grc' dir='ltr'>τὰ</span> <span class='ocrx_word' id='word_1_438' title='bbox 3467 2078 3630 2149; x_wconf 73' lang='grc' dir='ltr'>ἕτερα</span> <span class='ocrx_word' id='word_1_439' title='bbox 3662 2082 3921 2149; x_wconf 79' lang='grc' dir='ltr'>στοιχεῖα,</span> 
     </span>
    </p>
   </div>
   <div class='ocr_carea' id='block_1_65' title="bbox 2440 2165 3925 2241">
    <p class='ocr_par' dir='ltr' id='par_1_65' title="bbox 2440 2165 3925 2241">
     <span class='ocr_line' id='line_1_65' title="bbox 2440 2165 3925 2241; baseline 0.003 -23"><span class='ocrx_word' id='word_1_440' title='bbox 2440 2165 2531 2228; x_wconf 78' lang='grc' dir='ltr'><strong>οὒς</strong></span> <span class='ocrx_word' id='word_1_441' title='bbox 2564 2168 2656 2219; x_wconf 71' lang='grc' dir='ltr'>καὶ</span> <span class='ocrx_word' id='word_1_442' title='bbox 2688 2167 2952 2236; x_wconf 79' lang='grc' dir='ltr'>μεγάλους</span> <span class='ocrx_word' id='word_1_443' title='bbox 2997 2166 3209 2237; x_wconf 72' lang='grc' dir='ltr'>ἐνόμιζε</span> <span class='ocrx_word' id='word_1_444' title='bbox 3256 2168 3409 2231; x_wconf 80' lang='grc' dir='ltr'>θεοὺς</span> <span class='ocrx_word' id='word_1_445' title='bbox 3444 2167 3613 2222; x_wconf 82' lang='grc' dir='ltr'>ταῦτα</span> <span class='ocrx_word' id='word_1_446' title='bbox 3668 2170 3925 2241; x_wconf 80' lang='grc' dir='ltr'>ἁνυμνεῖν</span> 
     </span>
    </p>
   </div>
   <div class='ocr_carea' id='block_1_66' title="bbox 2439 2258 3288 2328">
    <p class='ocr_par' dir='ltr' id='par_1_66' title="bbox 2439 2258 3288 2328">
     <span class='ocr_line' id='line_1_66' title="bbox 2439 2258 3288 2328; baseline 0.002 -19"><span class='ocrx_word' id='word_1_447' title='bbox 2439 2258 2527 2309; x_wconf 84' lang='grc' dir='ltr'><strong>τὸν</strong></span> <span class='ocrx_word' id='word_1_448' title='bbox 2559 2259 2783 2328; x_wconf 78' lang='grc' dir='ltr'>ποιητὴν</span> <span class='ocrx_word' id='word_1_449' title='bbox 2810 2258 2985 2310; x_wconf 80' lang='grc' dir='ltr'>αὐτῶν</span> <span class='ocrx_word' id='word_1_450' title='bbox 3023 2258 3288 2325; x_wconf 75' lang='grc' dir='ltr'>λέγουσιν.</span> 
     </span>
    </p>
   </div>
   <div class='ocr_carea' id='block_1_67' title="bbox 2445 2348 3925 2422">
    <p class='ocr_par' dir='ltr' id='par_1_67' title="bbox 2445 2348 3925 2422">
     <span class='ocr_line' id='line_1_67' title="bbox 2445 2348 3925 2422; baseline 0.004 -22"><span class='ocrx_word' id='word_1_451' title='bbox 2445 2351 2506 2400; x_wconf 83' lang='lat' dir='ltr'><strong>Ol</strong></span> <span class='ocrx_word' id='word_1_452' title='bbox 2535 2349 2771 2415; x_wconf 73' lang='grc' dir='ltr'>οὐρανοὶ</span> <span class='ocrx_word' id='word_1_453' title='bbox 2824 2348 3162 2417; x_wconf 70' lang='grc' dir='ltr'>διηγοῦνται</span> <span class='ocrx_word' id='word_1_454' title='bbox 3205 2348 3391 2413; x_wconf 80' lang='grc' dir='ltr'>δόξαν</span> <span class='ocrx_word' id='word_1_455' title='bbox 3416 2350 3581 2405; x_wconf 83' lang='grc' dir='ltr'><strong>Θεοῦ.</strong></span> <span class='ocrx_word' id='word_1_456' title='bbox 3619 2350 3840 2422; x_wconf 84' lang='grc' dir='ltr'>Ὅμοιον</span> <span class='ocrx_word' id='word_1_457' title='bbox 3865 2354 3925 2406; x_wconf 83' lang='grc' dir='ltr'>τὸ</span> 
     </span>
    </p>
   </div>
   <div class='ocr_carea' id='block_1_68' title="bbox 2372 2437 3927 2510">
    <p class='ocr_par' dir='ltr' id='par_1_68' title="bbox 2372 2437 3927 2510">
     <span class='ocr_line' id='line_1_68' title="bbox 2372 2437 3927 2510; baseline 0.005 -20"><span class='ocrx_word' id='word_1_458' title='bbox 2372 2439 2689 2510; x_wconf 75' lang='grc' dir='ltr'>εἰρημένον·</span> <span class='ocrx_word' id='word_1_459' title='bbox 2735 2437 2809 2492; x_wconf 81' lang='grc' dir='ltr'><strong>Τὰ</strong></span> <span class='ocrx_word' id='word_1_460' title='bbox 2868 2442 2974 2509; x_wconf 79' lang='grc' dir='ltr'>γὰρ</span> <span class='ocrx_word' id='word_1_461' title='bbox 3032 2440 3251 2508; x_wconf 81' lang='grc' dir='ltr'>ἀόρατα</span> <span class='ocrx_word' id='word_1_462' title='bbox 3292 2440 3476 2494; x_wconf 86' lang='grc' dir='ltr'>αὐτοῦ</span> <span class='ocrx_word' id='word_1_463' title='bbox 3521 2441 3638 2495; x_wconf 78' lang='grc' dir='ltr'><strong>ἀπὸ</strong></span> <span class='ocrx_word' id='word_1_464' title='bbox 3678 2443 3927 2509; x_wconf 80' lang='grc' dir='ltr'>κτίσεως</span> 
     </span>
    </p>
   </div>
   <div class='ocr_carea' id='block_1_69' title="bbox 2371 2533 3927 2606">
    <p class='ocr_par' dir='ltr' id='par_1_69' title="bbox 2371 2533 3927 2606">
     <span class='ocr_line' id='line_1_69' title="bbox 2371 2533 3927 2606; baseline 0.003 -21"><span class='ocrx_word' id='word_1_465' title='bbox 2371 2534 2598 2601; x_wconf 78' lang='grc' dir='ltr'>κόσμου</span> <span class='ocrx_word' id='word_1_466' title='bbox 2625 2533 2746 2599; x_wconf 84' lang='grc' dir='ltr'>τοῖς</span> <span class='ocrx_word' id='word_1_467' title='bbox 2773 2533 3057 2602; x_wconf 80' lang='grc' dir='ltr'>ποιήμασι</span> <span class='ocrx_word' id='word_1_468' title='bbox 3078 2534 3369 2602; x_wconf 78' lang='grc' dir='ltr'>νοούμενα</span> <span class='ocrx_word' id='word_1_469' title='bbox 3394 2534 3731 2605; x_wconf 83' lang='grc' dir='ltr'>καθορᾶται,</span> <span class='ocrx_word' id='word_1_470' title='bbox 3773 2536 3813 2606; x_wconf 85' lang='grc' dir='ltr'><strong><em>ἦ</em></strong></span> <span class='ocrx_word' id='word_1_471' title='bbox 3865 2553 3927 2590; x_wconf 79' lang='grc' dir='ltr'><strong>τε</strong></span> 
     </span>
    </p>
   </div>
   <div class='ocr_carea' id='block_1_70' title="bbox 2372 2625 3435 2695">
    <p class='ocr_par' dir='ltr' id='par_1_70' title="bbox 2372 2625 3435 2695">
     <span class='ocr_line' id='line_1_70' title="bbox 2372 2625 3435 2695; baseline 0.002 -16"><span class='ocrx_word' id='word_1_472' title='bbox 2372 2625 2559 2691; x_wconf 79' lang='grc' dir='ltr'>ἀΐδιος</span> <span class='ocrx_word' id='word_1_473' title='bbox 2590 2626 2774 2679; x_wconf 80' lang='grc' dir='ltr'>αὐτοῦ</span> <span class='ocrx_word' id='word_1_474' title='bbox 2795 2626 3043 2695; x_wconf 80' lang='grc' dir='ltr'>δύναμις</span> <span class='ocrx_word' id='word_1_475' title='bbox 3068 2628 3163 2681; x_wconf 75' lang='grc' dir='ltr'>καὶ</span> <span class='ocrx_word' id='word_1_476' title='bbox 3191 2630 3435 2694; x_wconf 84' lang='grc' dir='ltr'>θειότης.</span> 
     </span>
    </p>
   </div>
   <div class='ocr_carea' id='block_1_71' title="bbox 2454 2716 3926 2788">
    <p class='ocr_par' dir='ltr' id='par_1_71' title="bbox 2454 2716 3926 2788">
     <span class='ocr_line' id='line_1_71' title="bbox 2454 2716 3926 2788; baseline 0.003 -20"><span class='ocrx_word' id='word_1_477' title='bbox 2454 2716 2657 2784; x_wconf 82' lang='grc' dir='ltr'>Ἡμέρα</span> <span class='ocrx_word' id='word_1_478' title='bbox 2692 2716 2762 2783; x_wconf 74' lang='grc' dir='ltr'>τῇ</span> <span class='ocrx_word' id='word_1_479' title='bbox 2790 2717 2976 2786; x_wconf 77' lang='grc' dir='ltr'>ἡμέρᾳ</span> <span class='ocrx_word' id='word_1_480' title='bbox 3010 2719 3301 2787; x_wconf 70' lang='grc' dir='ltr'>ἐρεύγεται</span> <span class='ocrx_word' id='word_1_481' title='bbox 3324 2719 3488 2788; x_wconf 76' lang='grc' dir='ltr'>ῥῆμα</span> <span class='ocrx_word' id='word_1_482' title='bbox 3513 2722 3610 2773; x_wconf 74' lang='grc' dir='ltr'>καὶ</span> <span class='ocrx_word' id='word_1_483' title='bbox 3636 2722 3817 2785; x_wconf 75' lang='grc' dir='ltr'>νύξ...</span> <span class='ocrx_word' id='word_1_484' title='bbox 3864 2723 3926 2774; x_wconf 85' lang='lat' dir='ltr'><strong>&#39;H</strong></span> 
     </span>
    </p>
   </div>
   <div class='ocr_carea' id='block_1_72' title="bbox 2372 2808 3929 2881">
    <p class='ocr_par' dir='ltr' id='par_1_72' title="bbox 2372 2808 3929 2881">
     <span class='ocr_line' id='line_1_72' title="bbox 2372 2808 3929 2881; baseline 0.001 -21"><span class='ocrx_word' id='word_1_485' title='bbox 2372 2808 2573 2877; x_wconf 78' lang='grc' dir='ltr'>ἡμέρα,</span> <span class='ocrx_word' id='word_1_486' title='bbox 2594 2825 2664 2878; x_wconf 83' lang='grc' dir='ltr'>φη</span> <span class='ocrx_word' id='word_1_487' title='bbox 2674 2808 2745 2872; x_wconf 76' lang='grc' dir='ltr'><strong>σι,</strong></span> <span class='ocrx_word' id='word_1_488' title='bbox 2760 2809 2898 2878; x_wconf 75' lang='grc' dir='ltr'>καὶὴ</span> <span class='ocrx_word' id='word_1_489' title='bbox 2920 2808 3013 2872; x_wconf 73' lang='grc' dir='ltr'><strong>νὺξ</strong></span> <span class='ocrx_word' id='word_1_490' title='bbox 3030 2809 3300 2873; x_wconf 78' lang='grc' dir='ltr'>εὐτάκτως</span> <span class='ocrx_word' id='word_1_491' title='bbox 3316 2810 3407 2862; x_wconf 73' lang='grc' dir='ltr'><strong>καὶ</strong></span> <span class='ocrx_word' id='word_1_492' title='bbox 3425 2810 3770 2881; x_wconf 80' lang='grc' dir='ltr'>εὐαρμόστως</span> <span class='ocrx_word' id='word_1_493' title='bbox 3788 2812 3929 2864; x_wconf 82' lang='grc' dir='ltr'>ἀντι-</span> 
     </span>
    </p>
   </div>
   <div class='ocr_carea' id='block_1_73' title="bbox 2374 2897 3927 2971">
    <p class='ocr_par' dir='ltr' id='par_1_73' title="bbox 2374 2897 3927 2971">
     <span class='ocr_line' id='line_1_73' title="bbox 2374 2897 3927 2971; baseline 0.001 -19"><span class='ocrx_word' id='word_1_494' title='bbox 2374 2897 2790 2969; x_wconf 74' lang='grc' dir='ltr'>παραχωροῦσαι</span> <span class='ocrx_word' id='word_1_495' title='bbox 2821 2901 2945 2962; x_wconf 77' lang='grc' dir='ltr'>τοὺς</span> <span class='ocrx_word' id='word_1_496' title='bbox 2969 2900 3199 2969; x_wconf 86' lang='grc' dir='ltr'>δρόμους</span> <span class='ocrx_word' id='word_1_497' title='bbox 3226 2900 3497 2971; x_wconf 77' lang='grc' dir='ltr'>ἀλλήλαις,</span> <span class='ocrx_word' id='word_1_498' title='bbox 3525 2902 3591 2955; x_wconf 72' lang='grc' dir='ltr'>δι’</span> <span class='ocrx_word' id='word_1_499' title='bbox 3622 2902 3799 2955; x_wconf 76' lang='grc' dir='ltr'>αὐτῶν</span> <span class='ocrx_word' id='word_1_500' title='bbox 3816 2900 3927 2955; x_wconf 83' lang='grc' dir='ltr'><strong>τῶν</strong></span> 
     </span>
    </p>
   </div>
   <div class='ocr_carea' id='block_1_74' title="bbox 2374 2989 3897 3062">
    <p class='ocr_par' dir='ltr' id='par_1_74' title="bbox 2374 2989 3897 3062">
     <span class='ocr_line' id='line_1_74' title="bbox 2374 2989 3897 3062; baseline 0.001 -20"><span class='ocrx_word' id='word_1_501' title='bbox 2374 2989 2709 3059; x_wconf 84' lang='grc' dir='ltr'>πραγμάτων</span> <span class='ocrx_word' id='word_1_502' title='bbox 2753 2989 2842 3042; x_wconf 75' lang='grc' dir='ltr'>τὸν</span> <span class='ocrx_word' id='word_1_503' title='bbox 2867 2989 3189 3060; x_wconf 83' lang='grc' dir='ltr'>δημιουργὸν</span> <span class='ocrx_word' id='word_1_504' title='bbox 3216 2991 3393 3043; x_wconf 78' lang='grc' dir='ltr'>αὐτῶν</span> <span class='ocrx_word' id='word_1_505' title='bbox 3422 2992 3897 3062; x_wconf 76' lang='grc' dir='ltr'>ἀνακηρύττουσιν.</span> 
     </span>
    </p>
   </div>
   <div class='ocr_carea' id='block_1_75' title="bbox 2437 3078 3922 3151">
    <p class='ocr_par' dir='ltr' id='par_1_75' title="bbox 2437 3078 3922 3151">
     <span class='ocr_line' id='line_1_75' title="bbox 2437 3078 3922 3151; baseline 0.003 -22"><span class='ocrx_word' id='word_1_506' title='bbox 2437 3081 2556 3131; x_wconf 84' lang='grc' dir='ltr'><strong>Οὐκ</strong></span> <span class='ocrx_word' id='word_1_507' title='bbox 2583 3079 2697 3131; x_wconf 81' lang='grc' dir='ltr'>εἰσὶ</span> <span class='ocrx_word' id='word_1_508' title='bbox 2724 3080 2928 3132; x_wconf 69' lang='grc' dir='ltr'>λαλιαὶ</span> <span class='ocrx_word' id='word_1_509' title='bbox 2966 3078 3107 3131; x_wconf 78' lang='grc' dir='ltr'>οὐδὲ</span> <span class='ocrx_word' id='word_1_510' title='bbox 3137 3082 3323 3149; x_wconf 70' lang='grc' dir='ltr'>λόγοι.</span> <span class='ocrx_word' id='word_1_511' title='bbox 3361 3081 3493 3133; x_wconf 78' lang='grc' dir='ltr'>Καθ’</span> <span class='ocrx_word' id='word_1_512' title='bbox 3522 3082 3861 3151; x_wconf 82' lang='grc' dir='ltr'>ὑποστιγμὴν</span> <span class='ocrx_word' id='word_1_513' title='bbox 3890 3085 3922 3151; x_wconf 79' lang='grc' dir='ltr'><strong>ἡ</strong></span> 
     </span>
    </p>
   </div>
   <div class='ocr_carea' id='block_1_76' title="bbox 2375 3167 3929 3240">
    <p class='ocr_par' dir='ltr' id='par_1_76' title="bbox 2375 3167 3929 3240">
     <span class='ocr_line' id='line_1_76' title="bbox 2375 3167 3929 3240; baseline 0.003 -20"><span class='ocrx_word' id='word_1_514' title='bbox 2375 3167 2694 3235; x_wconf 75' lang='grc' dir='ltr'>ἀνάγνωσις.</span> <span class='ocrx_word' id='word_1_515' title='bbox 2743 3168 3099 3222; x_wconf 81' lang='grc' dir='ltr'>Ἀντιπίπτων</span> <span class='ocrx_word' id='word_1_516' title='bbox 3130 3168 3205 3231; x_wconf 86' lang='grc' dir='ltr'><strong>δὲ,</strong></span> <span class='ocrx_word' id='word_1_517' title='bbox 3243 3171 3630 3240; x_wconf 83' lang='grc' dir='ltr'>ὑποτέμνεται·</span> <span class='ocrx_word' id='word_1_518' title='bbox 3671 3172 3730 3224; x_wconf 81' lang='grc' dir='ltr'><strong>τὸ</strong></span> <span class='ocrx_word' id='word_1_519' title='bbox 3755 3173 3812 3225; x_wconf 84' lang='grc' dir='ltr'>δὲ</span> <span class='ocrx_word' id='word_1_520' title='bbox 3840 3174 3929 3225; x_wconf 70' lang='grc' dir='ltr'><strong>ἀνι</strong></span> 
     </span>
    </p>
   </div>
   <div class='ocr_carea' id='block_1_77' title="bbox 2374 3260 3922 3331">
    <p class='ocr_par' dir='ltr' id='par_1_77' title="bbox 2374 3260 3922 3331">
     <span class='ocr_line' id='line_1_77' title="bbox 2374 3260 3922 3331; baseline 0.003 -19"><span class='ocrx_word' id='word_1_521' title='bbox 2374 3262 2623 3312; x_wconf 83' lang='grc' dir='ltr'>τιπῖπτον</span> <span class='ocrx_word' id='word_1_522' title='bbox 2651 3260 2763 3312; x_wconf 80' lang='grc' dir='ltr'><strong>ἐστέ</strong></span> <span class='ocrx_word' id='word_1_523' title='bbox 2785 3276 2798 3288; x_wconf 90' lang='grc'><strong>·</strong></span> <span class='ocrx_word' id='word_1_524' title='bbox 2846 3262 2953 3314; x_wconf 78' lang='grc' dir='ltr'>Καὶ</span> <span class='ocrx_word' id='word_1_525' title='bbox 2989 3262 3094 3331; x_wconf 79' lang='grc' dir='ltr'><strong>μὴν</strong></span> <span class='ocrx_word' id='word_1_526' title='bbox 3146 3263 3205 3313; x_wconf 81' lang='grc' dir='ltr'><strong>οὐ</strong></span> <span class='ocrx_word' id='word_1_527' title='bbox 3251 3262 3608 3331; x_wconf 79' lang='grc' dir='ltr'>φθέγγονται;</span> <span class='ocrx_word' id='word_1_528' title='bbox 3643 3264 3731 3316; x_wconf 81' lang='grc' dir='ltr'>Διὸ</span> <span class='ocrx_word' id='word_1_529' title='bbox 3758 3262 3922 3331; x_wconf 75' lang='grc' dir='ltr'>λέγει·</span> 
     </span>
    </p>
   </div>
   <div class='ocr_carea' id='block_1_78' title="bbox 2374 3348 3929 3425">
    <p class='ocr_par' dir='ltr' id='par_1_78' title="bbox 2374 3348 3929 3425">
     <span class='ocr_line' id='line_1_78' title="bbox 2374 3348 3929 3425; baseline 0 -19"><span class='ocrx_word' id='word_1_530' title='bbox 2374 3348 2517 3425; x_wconf 72' lang='grc' dir='ltr'><strong>τΑρα</strong></span> <span class='ocrx_word' id='word_1_531' title='bbox 2550 3354 2645 3405; x_wconf 83' lang='grc' dir='ltr'><strong>οὐκ</strong></span> <span class='ocrx_word' id='word_1_532' title='bbox 2678 3354 2782 3405; x_wconf 73' lang='grc' dir='ltr'>εἰσὶ</span> <span class='ocrx_word' id='word_1_533' title='bbox 2815 3354 2934 3406; x_wconf 74' lang='grc' dir='ltr'>τινὰ</span> <span class='ocrx_word' id='word_1_534' title='bbox 2989 3352 3282 3423; x_wconf 84' lang='grc' dir='ltr'>πράγματα</span> <span class='ocrx_word' id='word_1_535' title='bbox 3338 3354 3404 3418; x_wconf 70' lang='grc' dir='ltr'>ἃ,</span> <span class='ocrx_word' id='word_1_536' title='bbox 3440 3356 3534 3407; x_wconf 76' lang='lat' dir='ltr'><strong>xui.</strong></span> <span class='ocrx_word' id='word_1_537' title='bbox 3582 3355 3653 3423; x_wconf 78' lang='grc' dir='ltr'>μὴ</span> <span class='ocrx_word' id='word_1_538' title='bbox 3702 3355 3929 3421; x_wconf 72' lang='grc' dir='ltr'>ἀφιέντα</span> 
     </span>
    </p>
   </div>
   <div class='ocr_carea' id='block_1_79' title="bbox 2376 3440 3931 3517">
    <p class='ocr_par' dir='ltr' id='par_1_79' title="bbox 2376 3440 3931 3517">
     <span class='ocr_line' id='line_1_79' title="bbox 2376 3440 3931 3517; baseline -0.003 -17"><span class='ocrx_word' id='word_1_539' title='bbox 2376 3448 2577 3517; x_wconf 75' lang='grc' dir='ltr'>φωνὴν,</span> <span class='ocrx_word' id='word_1_540' title='bbox 2596 3447 2684 3498; x_wconf 80' lang='grc' dir='ltr'><strong>τὸν</strong></span> <span class='ocrx_word' id='word_1_541' title='bbox 2705 3444 2949 3514; x_wconf 75' lang='grc' dir='ltr'>τεχνίτην</span> <span class='ocrx_word' id='word_1_542' title='bbox 2965 3444 3135 3513; x_wconf 84' lang='grc' dir='ltr'>ἀνακη</span> <span class='ocrx_word' id='word_1_543' title='bbox 3146 3440 3413 3514; x_wconf 62' lang='lat' dir='ltr'><strong>ptinendi;</strong></span> <span class='ocrx_word' id='word_1_544' title='bbox 3443 3444 3548 3497; x_wconf 75' lang='grc' dir='ltr'><strong>Ναὶ</strong></span> <span class='ocrx_word' id='word_1_545' title='bbox 3576 3445 3681 3514; x_wconf 76' lang='grc' dir='ltr'>μὴν</span> <span class='ocrx_word' id='word_1_546' title='bbox 3706 3444 3799 3499; x_wconf 69' lang='grc' dir='ltr'>καὶ</span> <span class='ocrx_word' id='word_1_547' title='bbox 3822 3445 3931 3515; x_wconf 76' lang='grc' dir='ltr'><strong>γὰρ</strong></span> 
     </span>
    </p>
   </div>
   <div class='ocr_carea' id='block_1_80' title="bbox 2376 3533 3931 3606">
    <p class='ocr_par' dir='ltr' id='par_1_80' title="bbox 2376 3533 3931 3606">
     <span class='ocr_line' id='line_1_80' title="bbox 2376 3533 3931 3606; baseline -0.003 -16"><span class='ocrx_word' id='word_1_548' title='bbox 2376 3539 2439 3591; x_wconf 81' lang='grc' dir='ltr'>ὲκ</span> <span class='ocrx_word' id='word_1_549' title='bbox 2471 3537 2569 3606; x_wconf 80' lang='grc' dir='ltr'>τῆς</span> <span class='ocrx_word' id='word_1_550' title='bbox 2598 3534 2774 3598; x_wconf 82' lang='grc' dir='ltr'>καλῶς</span> <span class='ocrx_word' id='word_1_551' title='bbox 2806 3533 3155 3604; x_wconf 74' lang='grc' dir='ltr'>ἡρμοσμένης</span> <span class='ocrx_word' id='word_1_552' title='bbox 3191 3533 3315 3603; x_wconf 80' lang='grc' dir='ltr'>νηὸς</span> <span class='ocrx_word' id='word_1_553' title='bbox 3341 3539 3372 3604; x_wconf 76' lang='grc' dir='ltr'><strong>η</strong></span> <span class='ocrx_word' id='word_1_554' title='bbox 3406 3534 3565 3604; x_wconf 82' lang='grc' dir='ltr'>τέχνη</span> <span class='ocrx_word' id='word_1_555' title='bbox 3591 3533 3681 3586; x_wconf 72' lang='grc' dir='ltr'>τοῦ</span> <span class='ocrx_word' id='word_1_556' title='bbox 3721 3550 3931 3602; x_wconf 81' lang='grc' dir='ltr'>ναυπη-</span> 
     </span>
    </p>
   </div>
   <div class='ocr_carea' id='block_1_81' title="bbox 2376 3622 3929 3696">
    <p class='ocr_par' dir='ltr' id='par_1_81' title="bbox 2376 3622 3929 3696">
     <span class='ocr_line' id='line_1_81' title="bbox 2376 3622 3929 3696; baseline -0.002 -17"><span class='ocrx_word' id='word_1_557' title='bbox 2376 3627 2473 3696; x_wconf 85' lang='grc' dir='ltr'>γοῦ</span> <span class='ocrx_word' id='word_1_558' title='bbox 2504 3626 2776 3694; x_wconf 76' lang='grc' dir='ltr'>φαίνεται’</span> <span class='ocrx_word' id='word_1_559' title='bbox 2812 3625 2901 3678; x_wconf 75' lang='grc' dir='ltr'><strong>καὶ</strong></span> <span class='ocrx_word' id='word_1_560' title='bbox 2929 3623 3150 3675; x_wconf 74' lang='grc' dir='ltr'>ἐπὶτῶν</span> <span class='ocrx_word' id='word_1_561' title='bbox 3182 3622 3355 3676; x_wconf 82' lang='grc' dir='ltr'>ἄλλων</span> <span class='ocrx_word' id='word_1_562' title='bbox 3386 3623 3440 3676; x_wconf 84' lang='grc' dir='ltr'><strong>δὲ</strong></span> <span class='ocrx_word' id='word_1_563' title='bbox 3474 3623 3753 3687; x_wconf 75' lang='grc' dir='ltr'>ὡσαύτως.</span> <span class='ocrx_word' id='word_1_564' title='bbox 3791 3625 3929 3676; x_wconf 85' lang='grc' dir='ltr'>υύκ-</span> 
     </span>
    </p>
   </div>
   <div class='ocr_carea' id='block_1_82' title="bbox 2377 3711 3934 3784">
    <p class='ocr_par' dir='ltr' id='par_1_82' title="bbox 2377 3711 3934 3784">
     <span class='ocr_line' id='line_1_82' title="bbox 2377 3711 3934 3784; baseline -0.003 -15"><span class='ocrx_word' id='word_1_565' title='bbox 2377 3716 2467 3770; x_wconf 81' lang='grc' dir='ltr'><strong>οὖν</strong></span> <span class='ocrx_word' id='word_1_566' title='bbox 2511 3716 2603 3769; x_wconf 80' lang='grc' dir='ltr'><strong>καὶ</strong></span> <span class='ocrx_word' id='word_1_567' title='bbox 2640 3715 2707 3768; x_wconf 79' lang='grc' dir='ltr'>τὰ</span> <span class='ocrx_word' id='word_1_568' title='bbox 2752 3716 3028 3784; x_wconf 78' lang='grc' dir='ltr'>ποιήματα</span> <span class='ocrx_word' id='word_1_569' title='bbox 3053 3713 3120 3765; x_wconf 72' lang='grc' dir='ltr'><strong>τὰ</strong></span> <span class='ocrx_word' id='word_1_570' title='bbox 3153 3712 3523 3783; x_wconf 86' lang='grc' dir='ltr'>προειρημένα</span> <span class='ocrx_word' id='word_1_571' title='bbox 3553 3711 3693 3766; x_wconf 70' lang='grc' dir='ltr'>οὕτω</span> <span class='ocrx_word' id='word_1_572' title='bbox 3739 3712 3934 3782; x_wconf 78' lang='grc' dir='ltr'>κηρύτ-</span> 
     </span>
    </p>
   </div>
   <div class='ocr_carea' id='block_1_83' title="bbox 2375 3803 3934 3877">
    <p class='ocr_par' dir='ltr' id='par_1_83' title="bbox 2375 3803 3934 3877">
     <span class='ocr_line' id='line_1_83' title="bbox 2375 3803 3934 3877; baseline -0.001 -17"><span class='ocrx_word' id='word_1_573' title='bbox 2375 3826 2455 3860; x_wconf 84' lang='grc' dir='ltr'><strong>τει</strong></span> <span class='ocrx_word' id='word_1_574' title='bbox 2484 3808 2588 3860; x_wconf 76' lang='grc' dir='ltr'>ἀπὸ</span> <span class='ocrx_word' id='word_1_575' title='bbox 2623 3806 2882 3877; x_wconf 85' lang='grc' dir='ltr'>μεγέθους</span> <span class='ocrx_word' id='word_1_576' title='bbox 2907 3806 2997 3857; x_wconf 79' lang='lat' dir='ltr'><strong>xui.</strong></span> <span class='ocrx_word' id='word_1_577' title='bbox 3028 3803 3291 3872; x_wconf 80' lang='grc' dir='ltr'>καλλονῆς</span> <span class='ocrx_word' id='word_1_578' title='bbox 3333 3804 3426 3856; x_wconf 72' lang='grc' dir='ltr'>καὶ</span> <span class='ocrx_word' id='word_1_579' title='bbox 3452 3805 3817 3874; x_wconf 82' lang='grc' dir='ltr'>εὐαρμοστίας</span> <span class='ocrx_word' id='word_1_580' title='bbox 3843 3805 3934 3858; x_wconf 76' lang='grc' dir='ltr'>τὸν</span> 
     </span>
    </p>
   </div>
   <div class='ocr_carea' id='block_1_84' title="bbox 2376 3893 3932 3969">
    <p class='ocr_par' dir='ltr' id='par_1_84' title="bbox 2376 3893 3932 3969">
     <span class='ocr_line' id='line_1_84' title="bbox 2376 3893 3932 3969; baseline -0.003 -18"><span class='ocrx_word' id='word_1_581' title='bbox 2376 3898 2743 3969; x_wconf 72' lang='grc' dir='ltr'><strong>δημιουργόν⁸</strong></span> <span class='ocrx_word' id='word_1_582' title='bbox 2790 3895 2864 3958; x_wconf 86' lang='grc' dir='ltr'>ὡς</span> <span class='ocrx_word' id='word_1_583' title='bbox 2912 3896 2991 3957; x_wconf 80' lang='grc' dir='ltr'><strong>εἰς</strong></span> <span class='ocrx_word' id='word_1_584' title='bbox 3022 3895 3198 3946; x_wconf 74' lang='grc' dir='ltr'>πᾶσαν</span> <span class='ocrx_word' id='word_1_585' title='bbox 3240 3893 3417 3951; x_wconf 79' lang='grc' dir='ltr'>αὐτῶν</span> <span class='ocrx_word' id='word_1_586' title='bbox 3463 3895 3559 3965; x_wconf 76' lang='grc' dir='ltr'>τὴν</span> <span class='ocrx_word' id='word_1_587' title='bbox 3607 3895 3932 3966; x_wconf 76' lang='grc' dir='ltr'>οἰκουμένην</span> 
     </span>
    </p>
   </div>
   <div class='ocr_carea' id='block_1_85' title="bbox 2377 3985 3086 4059">
    <p class='ocr_par' dir='ltr' id='par_1_85' title="bbox 2377 3985 3086 4059">
     <span class='ocr_line' id='line_1_85' title="bbox 2377 3985 3086 4059; baseline -0.007 -17"><span class='ocrx_word' id='word_1_588' title='bbox 2377 3989 2688 4059; x_wconf 87' lang='grc' dir='ltr'>διαδραμεῖν</span> <span class='ocrx_word' id='word_1_589' title='bbox 2716 3985 2775 4038; x_wconf 83' lang='grc' dir='ltr'><strong>τὸ</strong></span> <span class='ocrx_word' id='word_1_590' title='bbox 2808 3986 3086 4056; x_wconf 76' lang='grc' dir='ltr'>κήρυγμα.</span> 
     </span>
    </p>
   </div>
   <div class='ocr_carea' id='block_1_86' title="bbox 2461 4070 3935 4142">
    <p class='ocr_par' dir='ltr' id='par_1_86' title="bbox 2461 4070 3935 4142">
     <span class='ocr_line' id='line_1_86' title="bbox 2461 4070 3935 4142; baseline -0.005 -11"><span class='ocrx_word' id='word_1_591' title='bbox 2461 4080 2561 4131; x_wconf 84' lang='grc' dir='ltr'>Ἐν</span> <span class='ocrx_word' id='word_1_592' title='bbox 2593 4074 2670 4140; x_wconf 84' lang='grc' dir='ltr'>τῷ</span> <span class='ocrx_word' id='word_1_593' title='bbox 2694 4076 2842 4141; x_wconf 73' lang='grc' dir='ltr'><strong>ἡλίῳ</strong></span> <span class='ocrx_word' id='word_1_594' title='bbox 2868 4075 3031 4128; x_wconf 75' lang='grc' dir='ltr'>ἔθετο</span> <span class='ocrx_word' id='word_1_595' title='bbox 3060 4072 3130 4126; x_wconf 84' lang='grc' dir='ltr'>τὸ</span> <span class='ocrx_word' id='word_1_596' title='bbox 3174 4070 3461 4140; x_wconf 76' lang='grc' dir='ltr'>σκήνωμα</span> <span class='ocrx_word' id='word_1_597' title='bbox 3506 4072 3711 4125; x_wconf 87' lang='grc' dir='ltr'>αὐτοῦ.</span> <span class='ocrx_word' id='word_1_598' title='bbox 3760 4072 3851 4142; x_wconf 82' lang='grc' dir='ltr'>Τῷ</span> <span class='ocrx_word' id='word_1_599' title='bbox 3881 4072 3935 4142; x_wconf 76' lang='grc' dir='ltr'><strong>ἠ·</strong></span> 
     </span>
    </p>
   </div>
   <div class='ocr_carea' id='block_1_87' title="bbox 2378 4156 3935 4239">
    <p class='ocr_par' dir='ltr' id='par_1_87' title="bbox 2378 4156 3935 4239">
     <span class='ocr_line' id='line_1_87' title="bbox 2378 4156 3935 4239; baseline -0.005 -17"><span class='ocrx_word' id='word_1_600' title='bbox 2378 4170 2494 4239; x_wconf 83' lang='grc' dir='ltr'>λίῳ,</span> <span class='ocrx_word' id='word_1_601' title='bbox 2528 4169 2709 4238; x_wconf 68' lang='grc' dir='ltr'>φησιν,</span> <span class='ocrx_word' id='word_1_602' title='bbox 2747 4166 2894 4218; x_wconf 77' lang='grc' dir='ltr'>ἔθετο</span> <span class='ocrx_word' id='word_1_603' title='bbox 2926 4165 2986 4217; x_wconf 86' lang='grc' dir='ltr'><strong>τὸ</strong></span> <span class='ocrx_word' id='word_1_604' title='bbox 3016 4166 3278 4233; x_wconf 82' lang='grc' dir='ltr'>σκήνωμα</span> <span class='ocrx_word' id='word_1_605' title='bbox 3306 4201 3321 4225; x_wconf 91' lang='grc'><strong>,</strong></span> <span class='ocrx_word' id='word_1_606' title='bbox 3368 4163 3485 4231; x_wconf 75' lang='grc' dir='ltr'>ἢτοι</span> <span class='ocrx_word' id='word_1_607' title='bbox 3514 4156 3681 4216; x_wconf 79' lang='grc' dir='ltr'>οἷκον.</span> <span class='ocrx_word' id='word_1_608' title='bbox 3733 4162 3844 4215; x_wconf 77' lang='grc' dir='ltr'><strong>Ποῦ</strong></span> <span class='ocrx_word' id='word_1_609' title='bbox 3878 4162 3935 4215; x_wconf 67' lang='grc' dir='ltr'>δὲ</span> 
     </span>
    </p>
   </div>
   <div class='ocr_carea' id='block_1_88' title="bbox 2381 4251 3933 4330">
    <p class='ocr_par' dir='ltr' id='par_1_88' title="bbox 2381 4251 3933 4330">
     <span class='ocr_line' id='line_1_88' title="bbox 2381 4251 3933 4330; baseline -0.006 -17"><span class='ocrx_word' id='word_1_610' title='bbox 2381 4261 2529 4313; x_wconf 73' lang='grc' dir='ltr'>ἔθετο</span> <span class='ocrx_word' id='word_1_611' title='bbox 2555 4260 2586 4330; x_wconf 77' lang='grc' dir='ltr'><strong>ἢ</strong></span> <span class='ocrx_word' id='word_1_612' title='bbox 2612 4260 2667 4309; x_wconf 82' lang='grc' dir='ltr'>ὲν</span> <span class='ocrx_word' id='word_1_613' title='bbox 2699 4256 2775 4326; x_wconf 79' lang='grc' dir='ltr'>τῷ</span> <span class='ocrx_word' id='word_1_614' title='bbox 2801 4255 3177 4325; x_wconf 80' lang='grc' dir='ltr'>προειρημένῳ</span> <span class='ocrx_word' id='word_1_615' title='bbox 3202 4251 3414 4323; x_wconf 83' lang='grc' dir='ltr'>οὐρανῷ</span> <span class='ocrx_word' id='word_1_616' title='bbox 3441 4254 3531 4305; x_wconf 74' lang='grc' dir='ltr'>καὶ</span> <span class='ocrx_word' id='word_1_617' title='bbox 3561 4251 3933 4323; x_wconf 75' lang='grc' dir='ltr'>στερεώματις</span> 
     </span>
    </p>
   </div>
   <div class='ocr_carea' id='block_1_89' title="bbox 2380 4341 3937 4412">
    <p class='ocr_par' dir='ltr' id='par_1_89' title="bbox 2380 4341 3937 4412">
     <span class='ocr_line' id='line_1_89' title="bbox 2380 4341 3937 4412; baseline -0.006 -9"><span class='ocrx_word' id='word_1_618' title='bbox 2380 4350 2575 4403; x_wconf 77' lang='grc' dir='ltr'>Τοῦτον</span> <span class='ocrx_word' id='word_1_619' title='bbox 2607 4348 2662 4400; x_wconf 79' lang='grc' dir='ltr'><strong>δὲ</strong></span> <span class='ocrx_word' id='word_1_620' title='bbox 2696 4347 2784 4399; x_wconf 76' lang='grc' dir='ltr'><strong>τὸν</strong></span> <span class='ocrx_word' id='word_1_621' title='bbox 2814 4341 2960 4397; x_wconf 82' lang='grc' dir='ltr'>οἷκον</span> <span class='ocrx_word' id='word_1_622' title='bbox 3002 4344 3095 4395; x_wconf 74' lang='grc' dir='ltr'><strong>καὶ</strong></span> <span class='ocrx_word' id='word_1_623' title='bbox 3138 4342 3339 4401; x_wconf 77' lang='grc' dir='ltr'>παστὸν</span> <span class='ocrx_word' id='word_1_624' title='bbox 3384 4342 3679 4412; x_wconf 86' lang='grc' dir='ltr'>ῳνόμασεν.</span> <span class='ocrx_word' id='word_1_625' title='bbox 3730 4342 3937 4410; x_wconf 81' lang='grc' dir='ltr'>Ὠσπερ</span> 
     </span>
    </p>
   </div>
   <div class='ocr_carea' id='block_1_90' title="bbox 2380 4430 3937 4509">
    <p class='ocr_par' dir='ltr' id='par_1_90' title="bbox 2380 4430 3937 4509">
     <span class='ocr_line' id='line_1_90' title="bbox 2380 4430 3937 4509; baseline -0.006 -16"><span class='ocrx_word' id='word_1_626' title='bbox 2380 4441 2435 4494; x_wconf 79' lang='grc' dir='ltr'>δὲ</span> <span class='ocrx_word' id='word_1_627' title='bbox 2465 4440 2643 4509; x_wconf 80' lang='grc' dir='ltr'>ἡμέρα</span> <span class='ocrx_word' id='word_1_628' title='bbox 2686 4437 2775 4488; x_wconf 73' lang='grc' dir='ltr'><strong>καὶ</strong></span> <span class='ocrx_word' id='word_1_629' title='bbox 2819 4433 2913 4497; x_wconf 72' lang='grc' dir='ltr'><strong>νὺξ</strong></span> <span class='ocrx_word' id='word_1_630' title='bbox 2938 4436 3001 4503; x_wconf 81' lang='grc' dir='ltr'>τῇ</span> <span class='ocrx_word' id='word_1_631' title='bbox 3038 4433 3279 4503; x_wconf 74' lang='grc' dir='ltr'>εὐτάκτῳ</span> <span class='ocrx_word' id='word_1_632' title='bbox 3307 4431 3588 4502; x_wconf 81' lang='grc' dir='ltr'>συμφωνίᾳ</span> <span class='ocrx_word' id='word_1_633' title='bbox 3611 4430 3937 4503; x_wconf 80' lang='grc' dir='ltr'>κηρύττουσι</span> 
     </span>
    </p>
   </div>
   <div class='ocr_carea' id='block_1_91' title="bbox 716 4522 2275 4618">
    <p class='ocr_par' dir='ltr' id='par_1_91' title="bbox 716 4543 2275 4618">
     <span class='ocr_line' id='line_1_91' title="bbox 716 4543 2275 4618; baseline -0.003 -17"><span class='ocrx_word' id='word_1_634' title='bbox 716 4550 1013 4618; x_wconf 60' lang='lat' dir='ltr'><strong>praedicant</strong></span> <span class='ocrx_word' id='word_1_635' title='bbox 1056 4546 1323 4616; x_wconf 82' lang='lat' dir='ltr'><strong>Opiﬁcem,</strong></span> <span class='ocrx_word' id='word_1_636' title='bbox 1372 4546 1442 4599; x_wconf 89' lang='lat' dir='ltr'><strong>ita</strong></span> <span class='ocrx_word' id='word_1_637' title='bbox 1479 4554 1533 4598; x_wconf 89' lang='lat' dir='ltr'><strong>et</strong></span> <span class='ocrx_word' id='word_1_638' title='bbox 1558 4546 1638 4599; x_wconf 90' lang='lat' dir='ltr'><strong>sol</strong></span> <span class='ocrx_word' id='word_1_639' title='bbox 1679 4543 1823 4610; x_wconf 91' lang='lat' dir='ltr'><strong>quod</strong></span> <span class='ocrx_word' id='word_1_640' title='bbox 1868 4543 2099 4609; x_wconf 90' lang='lat' dir='ltr'><strong>quadam</strong></span> <span class='ocrx_word' id='word_1_641' title='bbox 2144 4559 2275 4597; x_wconf 91' lang='lat' dir='ltr'><strong>con-</strong></span> 
     </span>
    </p>
   </div>
   <div class='ocr_carea' id='block_1_92' title="bbox 2378 4522 3938 4618">
    <p class='ocr_par' dir='ltr' id='par_1_92' title="bbox 2378 4522 3938 4599">
     <span class='ocr_line' id='line_1_92' title="bbox 2378 4522 3938 4599; baseline -0.007 -15"><span class='ocrx_word' id='word_1_642' title='bbox 2378 4532 2468 4584; x_wconf 81' lang='grc' dir='ltr'><strong>τὸν</strong></span> <span class='ocrx_word' id='word_1_643' title='bbox 2512 4527 2855 4599; x_wconf 84' lang='grc' dir='ltr'>δημιουργὸν,</span> <span class='ocrx_word' id='word_1_644' title='bbox 2886 4524 3027 4576; x_wconf 66' lang='grc' dir='ltr'>οὕτω</span> <span class='ocrx_word' id='word_1_645' title='bbox 3060 4523 3153 4577; x_wconf 77' lang='grc' dir='ltr'>καὶ</span> <span class='ocrx_word' id='word_1_646' title='bbox 3203 4524 3230 4575; x_wconf 83' lang='grc' dir='ltr'>ὁ</span> <span class='ocrx_word' id='word_1_647' title='bbox 3279 4522 3449 4591; x_wconf 74' lang='grc' dir='ltr'>ἥλιος,</span> <span class='ocrx_word' id='word_1_648' title='bbox 3510 4522 3570 4574; x_wconf 75' lang='grc' dir='ltr'>τὸ</span> <span class='ocrx_word' id='word_1_649' title='bbox 3619 4522 3708 4575; x_wconf 80' lang='grc' dir='ltr'><strong>τὸν</strong></span> <span class='ocrx_word' id='word_1_650' title='bbox 3741 4523 3938 4594; x_wconf 86' lang='grc' dir='ltr'>δρόμον</span> 
     </span>
    </p>
   </div>
   <div class='ocr_carea' id='block_1_93' title="bbox 718 4635 2273 4703">
    <p class='ocr_par' dir='ltr' id='par_1_93' title="bbox 718 4635 2273 4703">
     <span class='ocr_line' id='line_1_93' title="bbox 718 4635 2273 4703; baseline -0.005 -9"><span class='ocrx_word' id='word_1_651' title='bbox 718 4642 980 4695; x_wconf 87' lang='lat' dir='ltr'><strong>cinnitate</strong></span> <span class='ocrx_word' id='word_1_652' title='bbox 1054 4636 1599 4694; x_wconf 82' lang='lat' dir='ltr'><strong>cursnm&#39;cnnliciat</strong></span> <span class='ocrx_word' id='word_1_653' title='bbox 1690 4635 1926 4689; x_wconf 82' lang='lat' dir='ltr'><strong>iubentis</strong></span> <span class='ocrx_word' id='word_1_654' title='bbox 1980 4635 2273 4703; x_wconf 89' lang='lat' dir='ltr'><strong>potentiam</strong></span> 
     </span>
    </p>
   </div>
   <div class='ocr_carea' id='block_1_94' title="bbox 718 4731 978 4789">
    <p class='ocr_par' dir='ltr' id='par_1_94' title="bbox 718 4731 978 4789">
     <span class='ocr_line' id='line_1_94' title="bbox 718 4731 978 4789; baseline 0.015 -4"><span class='ocrx_word' id='word_1_655' title='bbox 718 4731 978 4789; x_wconf 88' lang='lat' dir='ltr'><strong>declarat.</strong></span> 
     </span>
    </p>
   </div>
   <div class='ocr_carea' id='block_1_95' title="bbox 787 4820 2273 4880">
    <p class='ocr_par' dir='ltr' id='par_1_95' title="bbox 787 4820 2273 4880">
     <span class='ocr_line' id='line_1_95' title="bbox 787 4820 2273 4880; baseline -0.003 -3"><span class='ocrx_word' id='word_1_656' title='bbox 787 4827 843 4880; x_wconf 84' lang='lat'><strong>8.</strong></span> <span class='ocrx_word' id='word_1_657' title='bbox 887 4823 996 4878; x_wconf 77' lang='lat' dir='ltr'><strong>Lex</strong></span> <span class='ocrx_word' id='word_1_658' title='bbox 1033 4822 1247 4876; x_wconf 86' lang='lat' dir='ltr'><strong>Domini</strong></span> <span class='ocrx_word' id='word_1_659' title='bbox 1296 4820 1641 4873; x_wconf 82' lang='lat' dir='ltr'><strong>immaculata</strong></span> <span class='ocrx_word' id='word_1_660' title='bbox 1699 4830 1997 4872; x_wconf 76' lang='lat' dir='ltr'><strong>convertens</strong></span> <span class='ocrx_word' id='word_1_661' title='bbox 2049 4820 2273 4873; x_wconf 86' lang='lat' dir='ltr'><strong>animas.</strong></span> 
     </span>
    </p>
   </div>
   <div class='ocr_carea' id='block_1_96' title="bbox 722 4909 2279 4988">
    <p class='ocr_par' dir='ltr' id='par_1_96' title="bbox 722 4909 2279 4988">
     <span class='ocr_line' id='line_1_96' title="bbox 722 4909 2279 4988; baseline -0.009 -16"><span class='ocrx_word' id='word_1_662' title='bbox 722 4916 1042 4988; x_wconf 77' lang='lat' dir='ltr'><strong>Evangelica</strong></span> <span class='ocrx_word' id='word_1_663' title='bbox 1066 4914 1293 4968; x_wconf 75' lang='lat' dir='ltr'><strong>scilicet.</strong></span> <span class='ocrx_word' id='word_1_664' title='bbox 1329 4909 1540 4965; x_wconf 88' lang='lat' dir='ltr'><strong>Ethnici</strong></span> <span class='ocrx_word' id='word_1_665' title='bbox 1571 4918 1761 4979; x_wconf 89' lang='lat' dir='ltr'><strong>utpote</strong></span> <span class='ocrx_word' id='word_1_666' title='bbox 1794 4910 1885 4979; x_wconf 89' lang='lat' dir='ltr'><strong>qni</strong></span> <span class='ocrx_word' id='word_1_667' title='bbox 1912 4909 2020 4976; x_wconf 89' lang='lat' dir='ltr'><strong>jam</strong></span> <span class='ocrx_word' id='word_1_668' title='bbox 2048 4926 2113 4965; x_wconf 76' lang='lat' dir='ltr'><strong>ex</strong></span> <span class='ocrx_word' id='word_1_669' title='bbox 2144 4925 2279 4978; x_wconf 64' lang='lat' dir='ltr'><strong>prae-</strong></span> 
     </span>
    </p>
   </div>
   <div class='ocr_carea' id='block_1_97' title="bbox 720 5000 2278 5067">
    <p class='ocr_par' dir='ltr' id='par_1_97' title="bbox 720 5000 2278 5067">
     <span class='ocr_line' id='line_1_97' title="bbox 720 5000 2278 5067; baseline -0.007 -3"><span class='ocrx_word' id='word_1_670' title='bbox 720 5011 880 5064; x_wconf 85' lang='lat' dir='ltr'><strong>dictis</strong></span> <span class='ocrx_word' id='word_1_671' title='bbox 925 5006 1209 5062; x_wconf 86' lang='lat' dir='ltr'><strong>clementis</strong></span> <span class='ocrx_word' id='word_1_672' title='bbox 1239 5002 1561 5057; x_wconf 84' lang='lat' dir='ltr'><strong>edidicerint</strong></span> <span class='ocrx_word' id='word_1_673' title='bbox 1613 5017 1783 5055; x_wconf 89' lang='lat' dir='ltr'><strong>unum</strong></span> <span class='ocrx_word' id='word_1_674' title='bbox 1840 5000 2082 5067; x_wconf 89' lang='lat' dir='ltr'><strong>opiliccm</strong></span> <span class='ocrx_word' id='word_1_675' title='bbox 2137 5016 2278 5066; x_wconf 87' lang='lat' dir='ltr'><strong>esse,</strong></span> 
     </span>
    </p>
   </div>
   <div class='ocr_carea' id='block_1_98' title="bbox 723 5090 2283 5161">
    <p class='ocr_par' dir='ltr' id='par_1_98' title="bbox 723 5090 2283 5161">
     <span class='ocr_line' id='line_1_98' title="bbox 723 5090 2283 5161; baseline -0.007 -7"><span class='ocrx_word' id='word_1_676' title='bbox 723 5100 986 5154; x_wconf 88' lang='lat' dir='ltr'><strong>docentur</strong></span> <span class='ocrx_word' id='word_1_677' title='bbox 1030 5097 1247 5149; x_wconf 91' lang='lat' dir='ltr'><strong>demum</strong></span> <span class='ocrx_word' id='word_1_678' title='bbox 1297 5092 1663 5161; x_wconf 76' lang='lat' dir='ltr'><strong>evangelicum</strong></span> <span class='ocrx_word' id='word_1_679' title='bbox 1706 5092 1875 5159; x_wconf 85' lang='lat' dir='ltr'><strong>legem</strong></span> <span class='ocrx_word' id='word_1_680' title='bbox 1910 5105 1923 5153; x_wconf 90' lang='lat'><strong>;</strong></span> <span class='ocrx_word' id='word_1_681' title='bbox 1960 5090 2027 5144; x_wconf 89' lang='lat' dir='ltr'><strong>ita</strong></span> <span class='ocrx_word' id='word_1_682' title='bbox 2073 5101 2130 5145; x_wconf 92' lang='lat' dir='ltr'><strong>ut</strong></span> <span class='ocrx_word' id='word_1_683' title='bbox 2166 5106 2283 5144; x_wconf 92' lang='lat' dir='ltr'><strong>om-</strong></span> 
     </span>
    </p>
   </div>
   <div class='ocr_carea' id='block_1_99' title="bbox 725 5182 2282 5258">
    <p class='ocr_par' dir='ltr' id='par_1_99' title="bbox 725 5182 2282 5258">
     <span class='ocr_line' id='line_1_99' title="bbox 725 5182 2282 5258; baseline -0.005 -14"><span class='ocrx_word' id='word_1_684' title='bbox 725 5194 873 5245; x_wconf 89' lang='lat' dir='ltr'><strong>nium</strong></span> <span class='ocrx_word' id='word_1_685' title='bbox 925 5188 1162 5258; x_wconf 87' lang='lat' dir='ltr'><strong>gentium</strong></span> <span class='ocrx_word' id='word_1_686' title='bbox 1209 5186 1402 5240; x_wconf 56' lang='lat' dir='ltr'><strong>animae</strong></span> <span class='ocrx_word' id='word_1_687' title='bbox 1453 5186 1517 5237; x_wconf 84' lang='lat' dir='ltr'><strong>ad</strong></span> <span class='ocrx_word' id='word_1_688' title='bbox 1561 5182 1844 5237; x_wconf 82' lang='lat' dir='ltr'><strong>veritatem</strong></span> <span class='ocrx_word' id='word_1_689' title='bbox 1883 5193 2282 5236; x_wconf 84' lang='lat' dir='ltr'><strong>convertantur.</strong></span> 
     </span>
    </p>
   </div>
   <div class='ocr_carea' id='block_1_100' title="bbox 2387 4610 3939 4693">
    <p class='ocr_par' dir='ltr' id='par_1_100' title="bbox 2387 4610 3939 4693">
     <span class='ocr_line' id='line_1_100' title="bbox 2387 4610 3939 4693; baseline -0.008 -18"><span class='ocrx_word' id='word_1_690' title='bbox 2387 4624 2523 4693; x_wconf 87' lang='grc' dir='ltr'>μετά</span> <span class='ocrx_word' id='word_1_691' title='bbox 2542 4636 2684 4681; x_wconf 82' lang='grc' dir='ltr'>τινος</span> <span class='ocrx_word' id='word_1_692' title='bbox 2701 4616 3064 4685; x_wconf 78' lang='grc' dir='ltr'>εὐαρμοστξας</span> <span class='ocrx_word' id='word_1_693' title='bbox 3091 4610 3374 4678; x_wconf 87' lang='grc' dir='ltr'>ποιεῖσθαι,</span> <span class='ocrx_word' id='word_1_694' title='bbox 3401 4612 3546 4683; x_wconf 82' lang='grc' dir='ltr'>δηλοῖ</span> <span class='ocrx_word' id='word_1_695' title='bbox 3559 4611 3652 4664; x_wconf 76' lang='grc' dir='ltr'>τοῦ</span> <span class='ocrx_word' id='word_1_696' title='bbox 3680 4611 3939 4681; x_wconf 86' lang='grc' dir='ltr'>προστάτ-</span> 
     </span>
    </p>
   </div>
   <div class='ocr_carea' id='block_1_101' title="bbox 2382 4710 2965 4781">
    <p class='ocr_par' dir='ltr' id='par_1_101' title="bbox 2382 4710 2965 4781">
     <span class='ocr_line' id='line_1_101' title="bbox 2382 4710 2965 4781; baseline -0.014 -12"><span class='ocrx_word' id='word_1_697' title='bbox 2382 4733 2562 4778; x_wconf 81' lang='grc' dir='ltr'>τοντος</span> <span class='ocrx_word' id='word_1_698' title='bbox 2593 4713 2690 4781; x_wconf 81' lang='grc' dir='ltr'><strong>τὴν</strong></span> <span class='ocrx_word' id='word_1_699' title='bbox 2722 4710 2965 4778; x_wconf 78' lang='grc' dir='ltr'>δύναμιν.</span> 
     </span>
    </p>
   </div>
   <div class='ocr_carea' id='block_1_102' title="bbox 2465 4796 3938 4875">
    <p class='ocr_par' dir='ltr' id='par_1_102' title="bbox 2465 4796 3938 4875">
     <span class='ocr_line' id='line_1_102' title="bbox 2465 4796 3938 4875; baseline -0.007 -15"><span class='ocrx_word' id='word_1_700' title='bbox 2465 4808 2517 4860; x_wconf 87' lang='lat'><strong>&#39;0</strong></span> <span class='ocrx_word' id='word_1_701' title='bbox 2539 4810 2720 4875; x_wconf 79' lang='grc' dir='ltr'>νόμος</span> <span class='ocrx_word' id='word_1_702' title='bbox 2749 4804 2964 4871; x_wconf 74' lang='lat' dir='ltr'><strong>Kvpt&#39;ov</strong></span> <span class='ocrx_word' id='word_1_703' title='bbox 2980 4802 3211 4871; x_wconf 81' lang='grc' dir='ltr'>ἄμωμος</span> <span class='ocrx_word' id='word_1_704' title='bbox 3232 4799 3597 4867; x_wconf 74' lang='grc' dir='ltr'>ἐπιστρέφων</span> <span class='ocrx_word' id='word_1_705' title='bbox 3624 4796 3846 4865; x_wconf 71' lang='grc' dir='ltr'>ψυχάς.</span> <span class='ocrx_word' id='word_1_706' title='bbox 3883 4798 3938 4850; x_wconf 87' lang='grc'><strong>’0</strong></span> 
     </span>
    </p>
   </div>
   <div class='ocr_carea' id='block_1_103' title="bbox 2385 4887 3939 4967">
    <p class='ocr_par' dir='ltr' id='par_1_103' title="bbox 2385 4887 3939 4967">
     <span class='ocr_line' id='line_1_103' title="bbox 2385 4887 3939 4967; baseline -0.012 -13"><span class='ocrx_word' id='word_1_707' title='bbox 2385 4896 2732 4967; x_wconf 77' lang='grc' dir='ltr'>εὐαγγελικὸς</span> <span class='ocrx_word' id='word_1_708' title='bbox 2752 4894 3009 4965; x_wconf 80' lang='grc' dir='ltr'>δηλονότι.</span> <span class='ocrx_word' id='word_1_709' title='bbox 3056 4894 3141 4955; x_wconf 79' lang='grc' dir='ltr'>Ὧς</span> <span class='ocrx_word' id='word_1_710' title='bbox 3170 4892 3267 4961; x_wconf 70' lang='grc' dir='ltr'>ἤδη</span> <span class='ocrx_word' id='word_1_711' title='bbox 3311 4891 3367 4943; x_wconf 85' lang='grc' dir='ltr'>δὲ</span> <span class='ocrx_word' id='word_1_712' title='bbox 3411 4888 3516 4942; x_wconf 75' lang='grc' dir='ltr'>ἀπὸ</span> <span class='ocrx_word' id='word_1_713' title='bbox 3548 4887 3653 4940; x_wconf 85' lang='grc' dir='ltr'>τῶν</span> <span class='ocrx_word' id='word_1_714' title='bbox 3686 4904 3939 4957; x_wconf 86' lang='grc' dir='ltr'>προειρη-</span> 
     </span>
    </p>
   </div>
   <div class='ocr_carea' id='block_1_104' title="bbox 2391 4978 3939 5064">
    <p class='ocr_par' dir='ltr' id='par_1_104' title="bbox 2391 4978 3939 5064">
     <span class='ocr_line' id='line_1_104' title="bbox 2391 4978 3939 5064; baseline -0.01 -19"><span class='ocrx_word' id='word_1_715' title='bbox 2391 4992 2564 5064; x_wconf 87' lang='grc' dir='ltr'>μένων</span> <span class='ocrx_word' id='word_1_716' title='bbox 2601 4987 2876 5057; x_wconf 77' lang='grc' dir='ltr'>στοιχείων</span> <span class='ocrx_word' id='word_1_717' title='bbox 2903 4982 3411 5054; x_wconf 68' lang='grc' dir='ltr'>παιδαγωγηθέντες</span> <span class='ocrx_word' id='word_1_718' title='bbox 3436 4981 3485 5033; x_wconf 85' lang='grc' dir='ltr'>οἱ</span> <span class='ocrx_word' id='word_1_719' title='bbox 3514 4978 3573 5043; x_wconf 77' lang='grc' dir='ltr'>ἐξ</span> <span class='ocrx_word' id='word_1_720' title='bbox 3612 4979 3798 5041; x_wconf 85' lang='grc' dir='ltr'>ὲθνῶν,</span> <span class='ocrx_word' id='word_1_721' title='bbox 3845 4982 3939 5031; x_wconf 73' lang='grc' dir='ltr'><strong>ἕνα</strong></span> 
     </span>
    </p>
   </div>
   <div class='ocr_carea' id='block_1_105' title="bbox 2389 5068 3939 5147">
    <p class='ocr_par' dir='ltr' id='par_1_105' title="bbox 2389 5068 3939 5147">
     <span class='ocr_line' id='line_1_105' title="bbox 2389 5068 3939 5147; baseline -0.01 -13"><span class='ocrx_word' id='word_1_722' title='bbox 2389 5080 2523 5135; x_wconf 79' lang='grc' dir='ltr'>εἶναι</span> <span class='ocrx_word' id='word_1_723' title='bbox 2551 5079 2641 5131; x_wconf 76' lang='grc' dir='ltr'><strong>τὸν</strong></span> <span class='ocrx_word' id='word_1_724' title='bbox 2675 5075 3001 5147; x_wconf 80' lang='grc' dir='ltr'>δημιουργὸν</span> <span class='ocrx_word' id='word_1_725' title='bbox 3033 5115 3047 5139; x_wconf 91' lang='grc'><strong>,</strong></span> <span class='ocrx_word' id='word_1_726' title='bbox 3096 5074 3437 5126; x_wconf 82' lang='grc' dir='ltr'>διδάσκονται</span> <span class='ocrx_word' id='word_1_727' title='bbox 3481 5068 3663 5123; x_wconf 83' lang='grc' dir='ltr'>λοιπὸν</span> <span class='ocrx_word' id='word_1_728' title='bbox 3711 5070 3802 5122; x_wconf 69' lang='grc' dir='ltr'><strong>καὶ</strong></span> <span class='ocrx_word' id='word_1_729' title='bbox 3852 5069 3939 5121; x_wconf 71' lang='grc' dir='ltr'><strong>τὸν</strong></span> 
     </span>
    </p>
   </div>
   <div class='ocr_carea' id='block_1_106' title="bbox 2386 5160 3940 5242">
    <p class='ocr_par' dir='ltr' id='par_1_106' title="bbox 2386 5160 3940 5242">
     <span class='ocr_line' id='line_1_106' title="bbox 2386 5160 3940 5242; baseline -0.013 -11"><span class='ocrx_word' id='word_1_730' title='bbox 2386 5171 2738 5242; x_wconf 75' lang='grc' dir='ltr'>εὐαγγελικὸν</span> <span class='ocrx_word' id='word_1_731' title='bbox 2765 5169 2947 5238; x_wconf 74' lang='grc' dir='ltr'>νόμον,</span> <span class='ocrx_word' id='word_1_732' title='bbox 2996 5168 3069 5229; x_wconf 87' lang='grc' dir='ltr'>ὼς</span> <span class='ocrx_word' id='word_1_733' title='bbox 3124 5163 3216 5217; x_wconf 79' lang='grc' dir='ltr'>καὶ</span> <span class='ocrx_word' id='word_1_734' title='bbox 3264 5160 3585 5232; x_wconf 69' lang='grc' dir='ltr'>ἐπιστρέψαι</span> <span class='ocrx_word' id='word_1_735' title='bbox 3633 5160 3738 5213; x_wconf 85' lang='grc' dir='ltr'><strong>τῶν</strong></span> <span class='ocrx_word' id='word_1_736' title='bbox 3776 5160 3940 5213; x_wconf 79' lang='grc' dir='ltr'>ἐθνῶν</span> 
     </span>
    </p>
   </div>
   <div class='ocr_carea' id='block_1_107' title="bbox 730 5252 2275 5343">
    <p class='ocr_par' dir='ltr' id='par_1_107' title="bbox 730 5273 2275 5343">
     <span class='ocr_line' id='line_1_107' title="bbox 730 5273 2275 5343; baseline -0.005 -11"><span class='ocrx_word' id='word_1_737' title='bbox 730 5279 1102 5333; x_wconf 83' lang='lat' dir='ltr'><strong>Testimonium</strong></span> <span class='ocrx_word' id='word_1_738' title='bbox 1179 5276 1392 5329; x_wconf 85' lang='lat' dir='ltr'><strong>Domini</strong></span> <span class='ocrx_word' id='word_1_739' title='bbox 1466 5275 1616 5343; x_wconf 83' lang='lat' dir='ltr'><strong>ﬁdele</strong></span> <span class='ocrx_word' id='word_1_740' title='bbox 1638 5273 1953 5341; x_wconf 82' lang='lat' dir='ltr'><strong>sapientiam</strong></span> <span class='ocrx_word' id='word_1_741' title='bbox 2032 5283 2275 5340; x_wconf 76' lang='lat' dir='ltr'><strong>prwstmu</strong></span> 
     </span>
    </p>
   </div>
   <div class='ocr_carea' id='block_1_108' title="bbox 2378 5252 3939 5343">
    <p class='ocr_par' dir='ltr' id='par_1_108' title="bbox 2385 5252 3939 5329">
     <span class='ocr_line' id='line_1_108' title="bbox 2385 5252 3939 5329; baseline -0.015 -7"><span class='ocrx_word' id='word_1_742' title='bbox 2385 5268 2636 5321; x_wconf 83' lang='grc' dir='ltr'>ἁπάντων</span> <span class='ocrx_word' id='word_1_743' title='bbox 2664 5260 2759 5322; x_wconf 77' lang='grc' dir='ltr'><strong>τὰς</strong></span> <span class='ocrx_word' id='word_1_744' title='bbox 2792 5258 2963 5329; x_wconf 72' lang='grc' dir='ltr'>ψυχὰς</span> <span class='ocrx_word' id='word_1_745' title='bbox 2995 5260 3073 5320; x_wconf 77' lang='grc' dir='ltr'><strong>εἰς</strong></span> <span class='ocrx_word' id='word_1_746' title='bbox 3096 5253 3369 5324; x_wconf 80' lang='grc' dir='ltr'>ἀληθειαν.</span> <span class='ocrx_word' id='word_1_747' title='bbox 3412 5253 3473 5306; x_wconf 85' lang='lat' dir='ltr'><strong>&#39;H</strong></span> <span class='ocrx_word' id='word_1_748' title='bbox 3488 5252 3780 5321; x_wconf 68' lang='lat' dir='ltr'><strong>yapn&#39;pla</strong></span> <span class='ocrx_word' id='word_1_749' title='bbox 3828 5255 3939 5305; x_wconf 77' lang='lat' dir='ltr'><strong>Ku-</strong></span> 
     </span>
    </p>
   </div>
   <div class='ocr_carea' id='block_1_109' title="bbox 724 5341 2275 5436">
    <p class='ocr_par' dir='ltr' id='par_1_109' title="bbox 724 5341 2275 5436">
     <span class='ocr_line' id='line_1_109' title="bbox 724 5341 2275 5436; baseline -0.002 -15"><span class='ocrx_word' id='word_1_750' title='bbox 724 5371 975 5436; x_wconf 78' lang='lat' dir='ltr'><strong>parvulis.</strong></span> <span class='ocrx_word' id='word_1_751' title='bbox 1028 5367 1420 5423; x_wconf 84' lang='lat' dir='ltr'><strong>Testimonium</strong></span> <span class='ocrx_word' id='word_1_752' title='bbox 1467 5341 1684 5421; x_wconf 79' lang='lat' dir='ltr'><strong>scilicet</strong></span> <span class='ocrx_word' id='word_1_753' title='bbox 1734 5368 1877 5433; x_wconf 86' lang='lat' dir='ltr'><strong>quod</strong></span> <span class='ocrx_word' id='word_1_754' title='bbox 1934 5364 1999 5417; x_wconf 92' lang='lat' dir='ltr'><strong>de</strong></span> <span class='ocrx_word' id='word_1_755' title='bbox 2058 5382 2115 5420; x_wconf 90' lang='lat' dir='ltr'><strong>se</strong></span> <span class='ocrx_word' id='word_1_756' title='bbox 2173 5366 2275 5433; x_wconf 75' lang='lat' dir='ltr'><strong>ipst</strong></span> 
     </span>
    </p>
   </div>
   <div class='ocr_carea' id='block_1_110' title="bbox 2378 5341 3941 5436">
    <p class='ocr_par' dir='ltr' id='par_1_110' title="bbox 2379 5341 3941 5436">
     <span class='ocr_line' id='line_1_110' title="bbox 2379 5341 3941 5436; baseline -0.013 -25"><span class='ocrx_word' id='word_1_757' title='bbox 2379 5360 2515 5429; x_wconf 76' lang='grc' dir='ltr'>ρίου</span> <span class='ocrx_word' id='word_1_758' title='bbox 2584 5354 2768 5418; x_wconf 77' lang='grc' dir='ltr'>πιστὴ</span> <span class='ocrx_word' id='word_1_759' title='bbox 2849 5347 3180 5416; x_wconf 61' lang='grc' dir='ltr'>σοφίζονσα</span> <span class='ocrx_word' id='word_1_760' title='bbox 3251 5344 3464 5411; x_wconf 80' lang='grc' dir='ltr'>νήπια.</span> <span class='ocrx_word' id='word_1_761' title='bbox 3539 5345 3650 5436; x_wconf 34' lang='grc' dir='ltr'><strong>Ἢν.</strong></span> <span class='ocrx_word' id='word_1_762' title='bbox 3701 5341 3941 5436; x_wconf 73' lang='grc' dir='ltr'>ἐμαρτύ-</span> 
     </span>
    </p>
   </div>
   <div class='ocr_carea' id='block_1_111' title="bbox 729 5452 2285 5527">
    <p class='ocr_par' dir='ltr' id='par_1_111' title="bbox 729 5452 2285 5527">
     <span class='ocr_line' id='line_1_111' title="bbox 729 5452 2285 5527; baseline -0.006 -14"><span class='ocrx_word' id='word_1_763' title='bbox 729 5461 974 5514; x_wconf 83' lang='lat' dir='ltr'><strong>Salvator</strong></span> <span class='ocrx_word' id='word_1_764' title='bbox 1002 5458 1273 5523; x_wconf 88' lang='lat' dir='ltr'><strong>reddidit;</strong></span> <span class='ocrx_word' id='word_1_765' title='bbox 1305 5467 1357 5511; x_wconf 92' lang='lat' dir='ltr'><strong>ct</strong></span> <span class='ocrx_word' id='word_1_766' title='bbox 1389 5477 1399 5510; x_wconf 92' lang='lat'>:</span> <span class='ocrx_word' id='word_1_767' title='bbox 1434 5455 1545 5527; x_wconf 85' lang='lat' dir='ltr'><strong>Ego</strong></span> <span class='ocrx_word' id='word_1_768' title='bbox 1568 5456 1662 5510; x_wconf 76' lang='lat' dir='ltr'><strong>lux</strong></span> <span class='ocrx_word' id='word_1_769' title='bbox 1704 5456 1756 5507; x_wconf 86' lang='lat' dir='ltr'><strong>in</strong></span> <span class='ocrx_word' id='word_1_770' title='bbox 1799 5452 2049 5506; x_wconf 85' lang='lat' dir='ltr'><strong>mundum</strong></span> <span class='ocrx_word' id='word_1_771' title='bbox 2079 5455 2189 5511; x_wconf 78' lang='lat' dir='ltr'><strong>veni</strong></span> <span class='ocrx_word' id='word_1_772' title='bbox 2213 5454 2285 5520; x_wconf 80' lang='grc' dir='ltr'><strong>²³ς</strong></span> 
     </span>
    </p>
   </div>
   <div class='ocr_carea' id='block_1_112' title="bbox 728 5542 2281 5615">
    <p class='ocr_par' dir='ltr' id='par_1_112' title="bbox 728 5542 2281 5615">
     <span class='ocr_line' id='line_1_112' title="bbox 728 5542 2281 5615; baseline -0.006 -12"><span class='ocrx_word' id='word_1_773' title='bbox 728 5560 781 5603; x_wconf 75' lang='lat' dir='ltr'><strong>et</strong></span> <span class='ocrx_word' id='word_1_774' title='bbox 820 5567 832 5601; x_wconf 92' lang='lat'>:</span> <span class='ocrx_word' id='word_1_775' title='bbox 864 5546 972 5615; x_wconf 81' lang='lat' dir='ltr'><strong>Ego</strong></span> <span class='ocrx_word' id='word_1_776' title='bbox 999 5562 1063 5598; x_wconf 78' lang='lat' dir='ltr'><strong>ea:</strong></span> <span class='ocrx_word' id='word_1_777' title='bbox 1103 5545 1266 5601; x_wconf 86' lang='lat' dir='ltr'><strong>Patre</strong></span> <span class='ocrx_word' id='word_1_778' title='bbox 1300 5547 1437 5601; x_wconf 75' lang='lat' dir='ltr'><strong>exivi</strong></span> <span class='ocrx_word' id='word_1_779' title='bbox 1481 5556 1529 5598; x_wconf 89' lang='lat' dir='ltr'><strong>et</strong></span> <span class='ocrx_word' id='word_1_780' title='bbox 1574 5545 1719 5599; x_wconf 78' lang='lat' dir='ltr'><strong>venio</strong></span> <span class='ocrx_word' id='word_1_781' title='bbox 1753 5543 1836 5608; x_wconf 72' lang='lat'><strong>“;</strong></span> <span class='ocrx_word' id='word_1_782' title='bbox 1884 5550 1937 5595; x_wconf 86' lang='lat' dir='ltr'><strong>et</strong></span> <span class='ocrx_word' id='word_1_783' title='bbox 1970 5559 1983 5594; x_wconf 89' lang='lat'><strong>:</strong></span> <span class='ocrx_word' id='word_1_784' title='bbox 2027 5542 2134 5612; x_wconf 84' lang='lat' dir='ltr'><strong>Ego</strong></span> <span class='ocrx_word' id='word_1_785' title='bbox 2168 5559 2281 5594; x_wconf 83' lang='lat' dir='ltr'><strong>sum</strong></span> 
     </span>
    </p>
   </div>
   <div class='ocr_carea' id='block_1_113' title="bbox 730 5638 947 5693">
    <p class='ocr_par' dir='ltr' id='par_1_113' title="bbox 730 5638 947 5693">
     <span class='ocr_line' id='line_1_113' title="bbox 730 5638 947 5693; baseline -0.023 0"><span class='ocrx_word' id='word_1_786' title='bbox 730 5640 837 5693; x_wconf 74' lang='lat' dir='ltr'><strong>rita</strong></span> <span class='ocrx_word' id='word_1_787' title='bbox 884 5638 947 5688; x_wconf 74' lang='lat'><strong>&quot;.</strong></span> 
     </span>
    </p>
   </div>
   <div class='ocr_carea' id='block_1_114' title="bbox 800 5767 1247 5838">
    <p class='ocr_par' dir='ltr' id='par_1_114' title="bbox 800 5767 1247 5838">
     <span class='ocr_line' id='line_1_114' title="bbox 800 5767 1247 5838; baseline 0.002 -16"><span class='ocrx_word' id='word_1_788' title='bbox 800 5770 843 5801; x_wconf 83' lang='lat'><strong>”</strong></span> <span class='ocrx_word' id='word_1_789' title='bbox 895 5767 1049 5823; x_wconf 77' lang='lat' dir='ltr'><strong>Rom.</strong></span> <span class='ocrx_word' id='word_1_790' title='bbox 1085 5785 1121 5838; x_wconf 83' lang='grc' dir='ltr'>ι,</span> <span class='ocrx_word' id='word_1_791' title='bbox 1159 5768 1247 5823; x_wconf 74' lang='grc'>20.</span> 
     </span>
    </p>
   </div>
   <div class='ocr_carea' id='block_1_115' title="bbox 1344 5762 2421 5831">
    <p class='ocr_par' dir='ltr' id='par_1_115' title="bbox 1344 5762 2421 5831">
     <span class='ocr_line' id='line_1_115' title="bbox 1344 5762 2421 5831; baseline -0.004 -9"><span class='ocrx_word' id='word_1_792' title='bbox 1344 5770 1387 5801; x_wconf 76' lang='grc'><strong>’³</strong></span> <span class='ocrx_word' id='word_1_793' title='bbox 1433 5767 1585 5821; x_wconf 83' lang='lat' dir='ltr'><strong>Joan.</strong></span> <span class='ocrx_word' id='word_1_794' title='bbox 1625 5782 1721 5831; x_wconf 75' lang='grc' dir='ltr'>λιι,</span> <span class='ocrx_word' id='word_1_795' title='bbox 1752 5765 1838 5820; x_wconf 68' lang='grc'>46.</span> <span class='ocrx_word' id='word_1_796' title='bbox 1918 5763 1963 5795; x_wconf 65' lang='grc' dir='ltr'><strong>’τ’</strong></span> <span class='ocrx_word' id='word_1_797' title='bbox 2005 5762 2158 5820; x_wconf 83' lang='lat' dir='ltr'><strong>Joan.</strong></span> <span class='ocrx_word' id='word_1_798' title='bbox 2189 5780 2297 5831; x_wconf 73' lang='lat' dir='ltr'><strong>xu,</strong></span> <span class='ocrx_word' id='word_1_799' title='bbox 2332 5764 2421 5819; x_wconf 76' lang='lat'><strong>28.</strong></span> 
     </span>
    </p>
   </div>
   <div class='ocr_carea' id='block_1_116' title="bbox 2392 5431 3943 5521">
    <p class='ocr_par' dir='ltr' id='par_1_116' title="bbox 2392 5431 3943 5521">
     <span class='ocr_line' id='line_1_116' title="bbox 2392 5431 3943 5521; baseline -0.015 -20"><span class='ocrx_word' id='word_1_800' title='bbox 2392 5466 2553 5521; x_wconf 85' lang='grc' dir='ltr'>ρησεν</span> <span class='ocrx_word' id='word_1_801' title='bbox 2590 5445 2715 5515; x_wconf 78' lang='grc' dir='ltr'><strong>περὶ</strong></span> <span class='ocrx_word' id='word_1_802' title='bbox 2749 5440 2938 5495; x_wconf 76' lang='grc' dir='ltr'>ἑαυτοῦ</span> <span class='ocrx_word' id='word_1_803' title='bbox 2973 5441 3000 5490; x_wconf 89' lang='grc' dir='ltr'>ὁ</span> <span class='ocrx_word' id='word_1_804' title='bbox 3029 5437 3349 5507; x_wconf 69' lang='grc' dir='ltr'>Μονογενὴς</span> <span class='ocrx_word' id='word_1_805' title='bbox 3370 5434 3431 5487; x_wconf 84' lang='grc' dir='ltr'><strong>τό</strong></span> <span class='ocrx_word' id='word_1_806' title='bbox 3454 5449 3468 5463; x_wconf 82' lang='grc'><em>⁰</em></span> <span class='ocrx_word' id='word_1_807' title='bbox 3526 5431 3673 5501; x_wconf 81' lang='grc' dir='ltr'><strong>Ἐγὼ</strong></span> <span class='ocrx_word' id='word_1_808' title='bbox 3718 5431 3843 5501; x_wconf 67' lang='grc' dir='ltr'><strong>φῶς</strong></span> <span class='ocrx_word' id='word_1_809' title='bbox 3862 5434 3943 5491; x_wconf 67' lang='grc' dir='ltr'>εἱς</span> 
     </span>
    </p>
   </div>
   <div class='ocr_carea' id='block_1_117' title="bbox 2390 5523 3940 5603">
    <p class='ocr_par' dir='ltr' id='par_1_117' title="bbox 2390 5523 3940 5603">
     <span class='ocr_line' id='line_1_117' title="bbox 2390 5523 3940 5603; baseline -0.012 -11"><span class='ocrx_word' id='word_1_810' title='bbox 2390 5539 2495 5593; x_wconf 85' lang='grc' dir='ltr'>τὸν</span> <span class='ocrx_word' id='word_1_811' title='bbox 2544 5538 2775 5603; x_wconf 82' lang='grc' dir='ltr'>κόσμον</span> <span class='ocrx_word' id='word_1_812' title='bbox 2828 5530 3129 5597; x_wconf 71' lang='grc' dir='ltr'>ἐλήλυθα’</span> <span class='ocrx_word' id='word_1_813' title='bbox 3195 5528 3307 5589; x_wconf 75' lang='grc' dir='ltr'>καὶ,</span> <span class='ocrx_word' id='word_1_814' title='bbox 3356 5525 3502 5595; x_wconf 69' lang='grc' dir='ltr'>Ἐγὼ</span> <span class='ocrx_word' id='word_1_815' title='bbox 3566 5525 3633 5578; x_wconf 79' lang='grc' dir='ltr'>ἐκ</span> <span class='ocrx_word' id='word_1_816' title='bbox 3674 5523 3781 5577; x_wconf 86' lang='grc' dir='ltr'>τοῦ</span> <span class='ocrx_word' id='word_1_817' title='bbox 3828 5529 3940 5578; x_wconf 74' lang='grc' dir='ltr'><strong>Πιν-</strong></span> 
     </span>
    </p>
   </div>
   <div class='ocr_carea' id='block_1_118' title="bbox 2390 5614 3941 5698">
    <p class='ocr_par' dir='ltr' id='par_1_118' title="bbox 2390 5614 3941 5698">
     <span class='ocr_line' id='line_1_118' title="bbox 2390 5614 3941 5698; baseline -0.01 -14"><span class='ocrx_word' id='word_1_818' title='bbox 2390 5630 2523 5698; x_wconf 80' lang='grc' dir='ltr'><strong>τρός</strong></span> <span class='ocrx_word' id='word_1_819' title='bbox 2560 5626 2839 5695; x_wconf 76' lang='grc' dir='ltr'>ἐξῆλθον,</span> <span class='ocrx_word' id='word_1_820' title='bbox 2871 5624 2962 5676; x_wconf 80' lang='grc' dir='ltr'>καὶ</span> <span class='ocrx_word' id='word_1_821' title='bbox 3004 5623 3160 5689; x_wconf 74' lang='grc' dir='ltr'>ῆκωο</span> <span class='ocrx_word' id='word_1_822' title='bbox 3216 5621 3330 5684; x_wconf 64' lang='grc' dir='ltr'>καὶ,</span> <span class='ocrx_word' id='word_1_823' title='bbox 3393 5615 3529 5685; x_wconf 68' lang='grc' dir='ltr'><strong>Ἐγώ</strong></span> <span class='ocrx_word' id='word_1_824' title='bbox 3571 5618 3681 5683; x_wconf 77' lang='grc' dir='ltr'>ειμι</span> <span class='ocrx_word' id='word_1_825' title='bbox 3719 5617 3755 5681; x_wconf 81' lang='grc' dir='ltr'><em>ἠ</em></span> <span class='ocrx_word' id='word_1_826' title='bbox 3810 5614 3941 5687; x_wconf 62' lang='grc' dir='ltr'>ζωῇ.</span> 
     </span>
    </p>
   </div>
   <div class='ocr_carea' id='block_1_119' title="bbox 2520 5756 2978 5823">
    <p class='ocr_par' dir='ltr' id='par_1_119' title="bbox 2520 5756 2978 5823">
     <span class='ocr_line' id='line_1_119' title="bbox 2520 5756 2978 5823; baseline -0.009 -9"><span class='ocrx_word' id='word_1_827' title='bbox 2520 5764 2561 5793; x_wconf 82' lang='grc'><strong>⁸³</strong></span> <span class='ocrx_word' id='word_1_828' title='bbox 2602 5759 2756 5814; x_wconf 81' lang='lat' dir='ltr'><strong>Joan.</strong></span> <span class='ocrx_word' id='word_1_829' title='bbox 2788 5774 2895 5823; x_wconf 80' lang='lat' dir='ltr'><strong>xrv,</strong></span> <span class='ocrx_word' id='word_1_830' title='bbox 2927 5756 2978 5810; x_wconf 88' lang='lat'><strong>6.</strong></span> 
     </span>
    </p>
   </div>
  </div>
