4122 6498
205 474 300 530 125

1351 466 1712 522 EXl’OSl'l'IO
1748 464 1813 518 IN
1853 462 2179 519 PSALMUM
2216 459 2353 516 MS.

3235 444 3436 508 ’126

271 591 613 666 [Σοφίζουσα
645 593 835 662 νήπια,
875 587 1166 660 βεϐαιοῦσα
1201 585 1324 649 τοὺς
1353 586 1677 649 ἀποστόλους
1696 627 1710 649 ,
1739 585 1771 655 ἦ

1949 583 2102 656 [Quae
2132 581 2431 636 infantibus
2448 576 2768 647 sapientiam
2793 573 2998 637 tribuo,
3015 568 3291 641 apostolos
3308 583 3438 623 con-

208 682 364 752 νήπια
390 682 518 745 τοὺς,
545 684 606 734 ὲν
638 679 859 751 Χριστῷ
891 677 1216 748 γενομένους
1241 674 1466 744 νηπίους
1507 674 1641 741 φησὶ
1673 672 1768 722 καὶ

209 774 456 845 lapsu;
483 773 582 827 καὶ
607 775 735 836 τοὺς
762 769 1082 842 ἀνθρώπους
1114 765 1303 835 σοφίας
1337 764 1613 834 ἀπείρους.
1644 760 1664 832 ]

1877 681 2057 740 firmo,
2092 689 2185 732 aut
2223 692 2319 746 per
2349 672 2585 730 infantes
2620 665 2868 736 intelligit
2887 679 2985 720 eos
3013 662 3107 734 qui
3136 663 3187 714 in
3215 658 3435 713 Christo

1878 770 2116 825 infantes
2141 768 2396 830 eradunt,
2422 770 2517 817 aut
2557 761 2801 822 insanos,
2834 755 3191 822 hominesque
3224 749 3445 819 sapien-

1883 861 1968 914 tia:
1991 879 2020 913 e
2061 868 2260 928 portes.
2283 850 2304 926 ]

275 990 456 1046 Daniel
486 989 803 1044 Barbarus:
835 984 1224 1042 Testimonium
1251 983 1353 1037 hoc
1385 977 1728 1050 imperfectos
1752 978 2013 1048 parvulos
2046 984 2101 1031 et
2124 970 2285 1028 rudes
2309 965 2527 1022 instruit
2550 971 2606 1018 et
2631 961 2903 1030 sapientes
2931 955 3126 1011 reddit.

278 1106 356 1159 Τὰ
380 1100 742 1172 ὃικαιιὶιματα
765 1101 980 1168 Κυρίου
1004 1096 1177 1151 εὐθέα
1198 1095 1593 1164 εὐφραίνοντα
1631 1107 1772 1158 καρ-

209 1197 356 1251 δίαν.
403 1196 552 1248 ’Δντὶ
579 1192 696 1255 τοῦ,
729 1195 762 1263 ὴ
787 1191 1066 1252 δικαίωσις
1099 1190 1132 1258 ἡ
1163 1187 1428 1257 γενομένη
1456 1187 1513 1236 ὲν
1547 1187 1611 1253 τῇ
1643 1185 1771 1252 ἡμε-

1944 1091 1999 1146 9.
2043 1083 2464 1153 Justiﬁcationes
2492 1073 2704 1129 Domini
2730 1085 2881 1126 recite
2905 1068 3229 1138 lwtiﬁcantes
3253 1064 3437 1120 corda.

1873 1185 1928 1240 ιιι
1955 1193 2058 1248 est,
2093 1175 2408 1250 justilicatio
2432 1172 2484 1225 in
2510 1168 2718 1240 judicio
2740 1174 2931 1218 nostro
2961 1161 3120 1215 facta.
3156 1156 3289 1211 Nam
3312 1172 3438 1211 cum

592 1243 810 1348 ‘l-(oiva;
838 1276 945 1347 γάρ
983 1243 1138 1346 ἡμῶν
1294 1243 1504 1342 ’κρίσιν,
1552 1243 1772 1333 eiecit:

1879 1275 1941 1330 de
1977 1243 2143 1327 causa
2179 1266 2449 1336 judicaret
2477 1266 2683 1320 nostra,
2715 1253 2873 1323 ejecit
2907 1249 3205 1324 principem
3233 1243 3439 1312 saeculi,

220 1332 334 1354 "r7
362 1332 419 1353 ⁷⁷1⁷
467 1332 504 1333 “⁷
547 1332 559 1335 ⁷
663 1332 674 1348 ι
791 1332 808 1340 '
850 1332 862 1344 I
914 1332 925 1347 ι
1005 1332 1036 1346 ιι
1219 1332 1230 1344 ι
1343 1332 1354 1342 ι
1492 1332 1497 1333 γ
1599 1332 1605 1333 κ

213 1378 293 1429 τὸν
322 1375 554 1445 ἄρχοντα
593 1370 686 1423 τοῦ
729 1368 942 1434 αἰῶνος,
978 1367 1153 1429 διδοὺς
1197 1366 1327 1434 ἡμῖν
1355 1359 1691 1433 εὐφροσύνην
1716 1359 1773 1409 ἐν

1879 1363 2119 1418 tribuens
2150 1332 2309 1408 nobis
2351 1347 2593 1404 laetitiam
2636 1345 2700 1398 in.
2734 1341 2917 1396 corde.
2964 1338 3293 1407 Prteceptum
3339 1332 3443 1387 Do-

469 1466 530 1519 Ἡ
565 1461 785 1530 ἐντολὴ
833 1426 1053 1527 Κιλρίου
1095 1426 1395 1523 τηιιλαυγὴς
1433 1426 1776 1522 -έωτίζοιισα

1879 1453 2007 1505 mini
2055 1447 2286 1501 lucidum
2328 1440 2632 1494 illuminans
2671 1433 2894 1498 oculos;
2941 1429 3139 1485 mentis
3182 1426 3440 1482 nimirum

215 1557 569 1627 ὀφθαλμούς.
627 1554 763 1616 Τοὺς
807 1553 906 1622 τῆς
955 1549 1191 1610 διανοίας
1242 1547 1403 1616 φησὶν
1460 1541 1768 1612 ὀφθαλμοὺς

216 1647 481 1719 πόρρωθεν
508 1646 610 1716 τὴν
645 1642 815 1714 αὐγὴν
852 1641 1266 1710 ἀναπέμπουσα.

1874 1544 2083 1607 oculos,
2108 1539 2321 1594 eminus
2350 1531 2531 1588 radios
2554 1526 2871 1582 immittens.

274 1762 459 1817 Daniel
483 1761 756 1816 Barbarus
785 1777 802 1813 :
827 1759 1022 1813 Mentis
1051 1758 1332 1820 nimirum,
1363 1755 1564 1809 docens
1593 1749 1870 1820 quomodo
1910 1743 2290 1798 universorum
2321 1733 2432 1788 Deo
2463 1729 2747 1786 serviatur.

291 1858 350 1912 '0
396 1860 586 1927 φόϐος
622 1857 840 1923 Κυρίου
884 1851 1066 1921 ἁγνὸς
1112 1813 1404 1920 διαμένων
1447 1850 1534 1912 εὶς
1581 1813 1770 1899 αἰῶνα

1952 1839 2046 1893 10.
2089 1833 2269 1888 Timor
2305 1828 2519 1884 Domini
2551 1835 2730 1878 castus
2763 1832 3069 1890 permanens
3107 1817 3160 1868 in
3189 1813 3442 1869 saeculum

215 1947 433 2015 αίῶνος.
478 1949 572 2010 Ὠς
606 1948 739 2018 πρὸς
770 1941 1168 2013 άντιδιαστολὴν
1202 1942 1295 1993 τοῦ
1342 1937 1564 2009 νομικοῦ
1605 1934 1769 2005 φόϐου

215 2041 270 2092 τὸ
299 2043 576 2092 τοιοῦτον·
628 2039 831 2098 ἐκεῖνος
878 2035 987 2104 γὰρ
1028 2032 1315 2100 κολαστής.
1362 2027 1547 2099 Ἦμῶν
1582 2025 1773 2092 ἁγνεία

217 2131 352 2183 ἐστιν
383 2129 800 2201 ἁμαρτημάτων
836 2126 1036 2195 άποχή.
1074 2123 1164 2176 Διὸ
1197 2123 1289 2174 καὶ
1321 2120 1480 2188 ἁγνὸς
1507 2118 1717 2188 εἴρηται
1746 2118 1774 2168 ό

218 2220 390 2288 φόδος,
417 2221 493 2282 ὼς
523 2219 724 2285 ἁγνοὺς
756 2216 922 2269 ποιῶν
947 2232 960 2245 ⁶
996 2213 1074 2283 τῷ
1109 2212 1217 2284 γὰρ
1243 2210 1391 2280 φόϐῳ
1423 2210 1646 2279 Κυρίου,
1673 2223 1775 2276 φη-

219 2311 312 2374 σιν,
336 2308 572 2362 ἐκκλίνει
598 2325 680 2370 τις
711 2309 818 2361 άπὸ
855 2304 1043 2360 κακοῦ.
1077 2305 1300 2365 Δὶὠνιος
1330 2302 1385 2354 δὲ
1428 2300 1502 2352 ὢν
1531 2300 1559 2350 ό
1591 2296 1774 2367 φόδος,

219 2404 270 2453 ἐν
299 2396 376 2463 οἷς
407 2400 472 2452 ἂν
498 2400 724 2469 γένηται
757 2400 852 2453 καὶ
887 2399 1080 2460 αὐτοὺς
1109 2395 1358 2458 αἰωνίους
1393 2395 1555 2446 ποιεῖ.

292 2493 390 2544 Ἐν
417 2490 497 2556 τῷ
531 2490 874 2560 φυλάσσειν
907 2489 1058 2544 αὐτὰ
1104 2488 1507 2553 ἀνταπόδοσις
1551 2483 1774 2550 πολλή.

220 2579 412 2643 Μισθὸς
451 2580 562 2651 γὰρ
596 2579 837 2649 φυλακῆς
856 2580 1064 2647 γίνεται
1103 2578 1139 2632 ἃ
1169 2577 1472 2646 ὀφθαλμὸς
1497 2578 1605 2630 οὐκ
1628 2571 1771 2636 οἶδε,

221 2670 310 2723 καὶ
333 2666 442 2736 οὖς
483 2672 600 2724 οὐκ
629 2668 877 2736 ἢκουσε,
909 2671 1006 2724 καί
1039 2670 1135 2724 ἐπὶ
1167 2668 1421 2738 καρδίαν
1462 2666 1772 2735 ἀνθρώπου

220 2764 323 2816 οὐκ
354 2763 560 2830 ἀνέϐη.

1876 1928 2084 1986 sa'culi.
2118 1923 2284 1990 Quasi
2317 1921 2384 1974 ad
2405 1915 2763 1972 ditl'erentiam
2793 1909 2981 1982 legalis
3010 1907 3221 1962 timoris
3260 1914 3445 1960 castus

1877 2023 2110 2078 dicitur:
2142 2017 2231 2071 ille
2248 2012 2392 2068 enim
2428 2022 2644 2080 pinnam
2678 2003 2973 2074 spectabat.
2995 2000 3068 2070 (6)
3094 1999 3328 2055 Castitas
3342 2013 3444 2053 au-

1879 2123 1985 2167 tem
2010 2119 2094 2165 est
2127 2103 2451 2162 abstinentia
2492 2115 2522 2155 a
2558 2097 2812 2169 peccatis.
2841 2093 3020 2161 Quare
3059 2102 3245 2146 castus
3283 2093 3446 2145 timor

1879 2205 2100 2268 dicitur,
2134 2198 2281 2270 quod
2303 2205 2484 2252 castos
2525 2191 2721 2247 elliciat
2752 2207 2766 2243 :
2802 2202 2925 2241 nam
2961 2201 3070 2255 pra:
3105 2184 3301 2238 timore
3338 2181 3447 2236 Do.

1887 2295 2021 2350 mini
2059 2290 2293 2347 declinat
2330 2287 2454 2356 quis
2501 2299 2532 2338 a
2577 2282 2740 2337 malo.
2786 2277 3047 2333 Eternus
3093 2284 3275 2331 autem
3317 2289 3444 2330 cum

1884 2389 1957 2444 sit
1983 2386 2164 2448 timor,
2196 2389 2426 2436 aeternos
2448 2377 2579 2432 item
2615 2373 2776 2428 efficit
2807 2387 2947 2442 quos
2982 2370 3300 2440 ingreditur.

1957 2481 2045 2535 12.
2077 2477 2143 2533 ιιι
2170 2472 2526 2532 custodiendis
2569 2468 2677 2522 illis
2705 2465 2980 2519 retributio
3023 2462 3212 2515 multa.
3242 2459 3448 2515 Merces

1881 2575 2079 2646 quippe
2110 2568 2469 2626 observantia:
2492 2571 2620 2620 sunt
2641 2577 2763 2632 qua:
2793 2558 2985 2614 oculus
3025 2571 3131 2610 non
3157 2555 3310 2618 vidit,
3348 2569 3450 2607 nec

1879 2668 2028 2722 auris
2058 2663 2399 2725 audivit,nec
2433 2658 2486 2711 in
2507 2672 2601 2711 eor
2632 2654 2868 2709 hominis
2890 2649 3252 2707 ascenderunt
3274 2647 3339 2699 ".

288 2881 483 2950 Adjicit
517 2881 705 2934 Daniel
732 2879 999 2932 Barbarus
1023 2893 1039 2929 :
1065 2875 1179 2930 Non
1211 2885 1292 2930 est
1311 2874 1472 2944 igitur
1501 2873 1619 2928 sine
1646 2871 1800 2924 lucro
1833 2866 2046 2921 illorum
2061 2857 2438 2916 observantia:
2467 2854 2665 2911 etenim
2695 2852 2895 2906 multas
2923 2859 2978 2905 et
3006 2849 3262 2920 pulchras
3285 2847 3414 2903 retri

222 2938 462 3026 butioites
489 2970 672 3024 habet.
711 2961 979 3023 llactenus
1006 2975 1184 3021 autem
1217 2964 1283 3018 de
1319 2938 1518 3033 pietate
1562 2958 1843 3016 disseruit.
1874 2953 2010 3008 llinc
2039 2947 2311 3020 percurrit
2337 2959 2458 3015 quae
2486 2943 2552 2998 ad
2577 2943 2800 3012 iustitiae
2833 2939 3360 2995 administrationem
3391 2938 3446 2991 in

225 3064 480 3129 homines,
504 3073 558 3118 et
579 3064 718 3134 juris
753 3064 1018 3117 actionem
1060 3067 1327 3132 spectant,
1364 3057 1538 3128 deque
1584 3053 1838 3110 humanis
1868 3048 2078 3105 delictis
2112 3045 2220 3113 agit
2249 3061 2262 3097 :
2295 3051 2515 3112 peccata
2553 3039 2746 3094 dividit
2771 3038 2823 3092 in
2859 3052 2921 3091 ea
2953 3051 3076 3106 qum
3097 3034 3366 3100 consulto,
3395 3043 3449 3088 et

224 3158 273 3210 in
301 3173 361 3213 ea
386 3175 506 3229 quas
537 3128 646 3214 non
681 3167 872 3229 Sponte
901 3159 1056 3222 liunt,
1091 3128 1146 3212 et
1176 3171 1243 3210 ex
1273 3153 1357 3208 his
1386 3153 1490 3206 alia
1512 3168 1575 3206 ex
1608 3147 1995 3208 imbecillitate,
2028 3140 2132 3194 alia
2163 3153 2227 3191 ex
2247 3135 2590 3198 necessitate,
2620 3133 2724 3186 alia
2753 3147 2816 3186 ex
2845 3145 3029 3186 errore
3060 3128 3216 3182 ﬁunt.

286 3272 426 3346 [Kal
458 3275 572 3345 γὰρ
600 3277 632 3329 ὀ
651 3274 868 3340 δοῦλός
895 3289 1010 3326 σου
1031 3270 1335 3341 φυλάσσει
1380 3265 1553 3323 αὑτά.
1597 3266 1654 3319 'O
1686 3281 1778 3334 μυο
1803 3267 1845 3324 C

226 3365 587 3436 σταγωγηθςὶς
618 3364 694 3435 τῷ
726 3362 1062 3432 εὐαγγελικῷ
1089 3361 1237 3432 νόμῳ
1265 3359 1382 3422 νέος
1419 3357 1568 3420 λαὸς,
1597 3356 1690 3409 καὶ
1711 3353 1778 3407 τά

225 3459 453 3530 κρίματα
479 3458 710 3529 ἀληθινὰ
741 3457 1023 3527 φυλάττειν
1072 3455 1260 3521 εἰπὼν,
1315 3451 1480 3524 εὐχὴν
1535 3449 1779 3521 ἀναπέμ-

227 3568 328 3612 πει,
349 3553 440 3604 καὶ
472 3551 566 3602 τὸν
613 3548 755 3602 κατὰ
782 3549 1018 3602 διάνοιαν
1047 3547 1306 3617 λογισμὸν
1336 3543 1573 3615 καθαρὸς
1622 3543 1775 3613 εὐρε-

227 3641 372 3694 θῇναι
398 3641 659 3704 ὡσαύτως
687 3643 780 3693 καὶ
802 3641 908 3703 τῶν
931 3639 1085 3702 ἐκτὸς
1129 3638 1390 3708 ρυσθῆναι
1424 3635 1708 3706 δαιμόνων.
1734 3631 1754 3705 ]

380 3736 484 3800 Εἰς
511 3732 579 3786 τὸ
620 3731 813 3796 τέλος.
846 3732 1151 3785 ΨΑΛΜΟΣ
1181 3729 1259 3793 τῷ
1295 3725 1492 3780 Δαυΐδ.
1525 3725 1636 3778 [ϐ’.

849 3823 861 3839 ⁸
876 3821 1184 3884 Υπὸθεσις.

227 3915 441 3984 Λέγεται
478 3915 579 3987 μὲν
603 3917 632 3968 ὁ
653 3913 864 3984 enim;
888 3913 962 3976 ὡς
994 3915 1057 3966 ὲκ
1083 3909 1374 3983 προσώπου
1402 3908 1511 3962 τῶν
1542 3908 1668 3978 περὶ
1689 3906 1779 3960 τὸν

290 4008 442 4061 Δαυῖδ
465 4007 716 4078 ἑταίρων,
752 4004 899 4076 αὐτῷ
941 4003 1019 4074 τῷ
1066 4001 1224 4056 Δαυῖδ
1249 4000 1631 4071 ἐπευχομένων
1662 4014 1779 4050 ποι-

287 4096 426 4148 οῦντι
473 4094 687 4148 θυσίαν.
741 4092 1094 4162 ’Δναφέρεται
1136 4089 1192 4141 δὲ
1244 4089 1338 4141 καὶ
1367 4090 1445 4150 είς
1493 4086 1780 4158 πρόσωπον

289 4184 390 4237 τῶν
433 4183 767 4250 ἀποστόλων,
814 4184 888 4247 ὡς
940 4184 996 4235 ὲν
1043 4180 1228 4253 ἡμέρᾳ
1265 4179 1359 4231 τοῦ
1411 4177 1642 4250 σταυροῦ
1686 4181 1780 4249 ρη-

291 4274 482 4338 θέντος.

302 4367 663 4421 Ἐπακούσαι
701 4381 814 4419 σου
863 4367 894 4417 ό
924 4364 1141 4431 Κύριος
1169 4363 1238 4416 ἐν
1281 4360 1467 4430 ἡμέρᾳ
1499 4361 1774 4427 θλίψεως.

230 4456 550 4526 Προστεθείη
591 4471 702 4508 σοι·
733 4452 1038 4510 Σκεπὰσαι
1072 4467 1168 4515 σε,
1208 4450 1436 4520 φυλάξαι
1471 4464 1548 4500 σε.
1606 4447 1776 4511 Ἐξα-

231 4549 529 4601 matella:
570 4561 667 4598 σοι
700 4544 988 4610 ,ϐοήθειαν
1041 4543 1108 4606 ἐξ
1157 4542 1349 4610 ἁγίου,
1398 4539 1494 4592 καὶ
1528 4539 1595 4593 ἐκ
1629 4537 1780 4592 Σιὼν

1959 3257 2197 3330 [Etenim
2234 3268 2410 3306 serrus
2445 3261 2564 3303 tuus
2611 3246 2841 3301 custodit
2878 3261 2960 3298 ea.
3001 3243 3102 3310 Qui
3137 3243 3450 3309 evangelica

1877 3350 1993 3419 lege
2022 3347 2264 3402 imbutus
2287 3353 2374 3398 est
2404 3339 2636 3410 populus
2659 3352 2856 3399 novus,
2880 3336 2972 3405 qui
2997 3334 3202 3405 judicia
3238 3349 3365 3390 vera
3389 3352 3449 3390 se

1878 3438 2152 3496 custodire
2186 3435 2339 3495 dicit,
2382 3445 2573 3501 preces
2620 3427 2818 3492 fundit,
2850 3439 2908 3481 ut
2947 3436 2998 3481 ct
3031 3428 3200 3482 animi
3236 3428 3443 3499 cogita-

1880 3530 2116 3585 tionibus
2142 3539 2312 3596 purus
2344 3520 2805 3590 deprehendatur,
2829 3517 2894 3574 ab
2919 3519 3272 3587 externisque
3296 3517 3450 3573 simi-

1881 3624 2002 3676 liter
2035 3615 2378 3674 daemonibus
2415 3607 2725 3681 liberetttr.]

2087 3708 2126 3762 Ι.
2159 3707 2218 3761 In
2248 3706 2434 3772 ﬁnem,
2468 3700 2807 3757 ΡδΑιΜυις
2834 3698 3225 3755 υαυὶάί.ΧΙΧ.

2480 3795 2884 3863 Argumentum.

1881 3885 2089 3942 Dicitur
2115 3887 2203 3940 hic
2238 3886 2481 3956 psalmus
2532 3894 2790 3953 tanquam
2836 3898 2900 3938 ex
2942 3895 3175 3952 persona
3212 3879 3448 3934 familia-

1948 3979 2089 4031 rium
2120 3977 2290 4046 ipsius
2321 3975 2536 4029 Davidis
2558 4016 2573 4041 ,
2609 3975 2702 4044 qui
2745 3973 2846 4043 ipsi
2897 3972 3083 4026 Davidi
3115 3971 3446 4025 sacrificium

1949 4065 2195 4120 offerenti
2245 4065 2382 4118 bene
2435 4074 2748 4137 precantur.
2801 4060 3056 4116 Refertur
3114 4075 3332 4129 quoque
3377 4060 3444 4111 ad

1953 4172 2239 4227 personam
2301 4155 2692 4225 apostolorum,
2728 4153 2886 4221 quasi
2927 4168 2989 4205 ea
3038 4153 3154 4221 ipsa
3200 4151 3287 4204 die
3317 4163 3446 4218 pro-

1957 4251 2237 4304 nuntiatus
2262 4265 2369 4318 qua
2401 4249 2551 4302 cruci
2589 4246 2852 4300 Dominus
2889 4246 3078 4299 alllxus
3109 4253 3212 4297 est.

1945 4343 2000 4397 2.
2061 4341 2330 4395 Exaudiat
2384 4350 2432 4392 te
2493 4338 2750 4392 Dominus
2807 4339 2862 4391 in
2909 4337 2993 4390 die
3039 4335 3395 4389 tribulationis
3428 4351 3446 4388 :

1881 4435 2021 4489 adsit
2050 4433 2147 4486 tibi
2178 4449 2191 4485 :
2222 4439 2459 4502 protegat
2489 4442 2558 4497 te,
2601 4432 2652 4486 id
2680 4439 2782 4494 est,
2812 4429 3085 4484 custodiat
3123 4438 3197 4483 te.

1963 4527 2018 4580 ὅ.
2065 4524 2242 4578 Mittat
2272 4524 2365 4578 tibi
2393 4526 2654 4578 auxilium
2675 4523 2737 4576 de
2760 4531 3024 4584 sa:icto,et
3052 4523 3115 4574 de
3149 4521 3275 4574 Sion
3299 4529 3448 4573 tuea-

230 4637 590 4692 ἀντιλάϐοιτό
613 4650 748 4688 σου.
779 4635 939 4701 Λέγοι
979 4633 1023 4686 δ’
1064 4633 1128 4687 ἂν
1164 4631 1334 4684 ταῦτα
1379 4631 1516 4702 πρὸς
1552 4629 1648 4700 τὴν
1686 4629 1778 4681 τοῦ

1886 4628 1973 4669 tur
2011 4624 2078 4668 te.
2113 4612 2238 4668 Haec
2309 4614 2376 4668 ad
2437 4611 2864 4668 consolationem
2926 4610 3106 4664 animo
3150 4610 3447 4664 deficientis

231 4726 555 4797 αθυμοῦντος
597 4723 944 4795 παραμυθίαν
990 4723 1024 4794 ἢ
1074 4725 1102 4776 ὁ
1146 4723 1465 4792 ἐνυπάρχων
1521 4722 1586 4789 τῇ
1634 4717 1778 4788 ψυχῇ

234 4817 407 4886 Λόγος,
441 4819 475 4891 ἢ
508 4817 571 4870 τὸ
605 4817 755 4884 ἆγιον
793 4814 1032 4884 Πνεῦμα.
1079 4813 1257 4884 Εὐχῆς
1283 4812 1341 4865 δὲ
1368 4811 1448 4864 δεῖ
1485 4809 1564 4879 τῷ
1605 4807 1781 4862 θλιϐο-

236 4910 386 4980 μένῳ,
419 4912 514 4965 καὶ
538 4909 632 4963 τοῦ
661 4908 734 4980 μὴ
763 4906 1083 4962 καταϐαλεῖν
1107 4905 1204 4968 τὰς
1229 4902 1447 4966 ἐλπίδας
1471 4919 1483 4932 ·
1509 4899 1647 4952 οὕτω
1671 4899 1780 4968 γὰρ

232 4996 350 5063 Θεὸς
382 5003 614 5072 ἐπήκοος
647 4998 875 5066 γίνεται.
952 4987 956 4989 ’
983 4991 997 4999 ”

307 5093 800 5161 Ἀτανιλιασόμεθα
835 5088 932 5142 ἐπὶ
973 5086 1050 5152 τῷ
1092 5084 1360 5153 σωτηρίῳ
1401 5096 1535 5135 σου.
1596 5080 1772 5149 Σωτή·

237 5202 336 5253 ριος
355 5186 445 5239 τοῦ
470 5187 683 5258 Πατρός
704 5187 761 5237 ὲν
791 5184 978 5254 κόσμῳ
1003 5185 1030 5234 ὁ
1060 5180 1202 5242 Υἱός·
1231 5179 1492 5248 σωτήριον
1519 5174 1613 5230 τοῦ
1641 5172 1769 5240 Υίοῦ

235 5276 285 5325 ἰν
310 5277 490 5346 κόσμῳ
522 5278 552 5328 ὁ
587 5275 835 5342 σταυρός.

298 5361 838 5434 [Ἀττιλλιασόμεθα
889 5363 959 5415 ἐν
991 5359 1069 5426 τῷ
1096 5359 1364 5426 σωτηρίῳ
1395 5371 1530 5411 σου.
1565 5357 1636 5408 Τὸ
1665 5371 1771 5407 σω-

236 5452 426 5521 τήριον,
462 5454 647 5524 φησὶν.
681 5451 709 5503 ὃ
741 5451 971 5512 δέδωκας
1006 5448 1082 5518 τῷ
1126 5447 1446 5518 ἀνθρωπίνῳ
1476 5445 1642 5516 γένει,
1685 5445 1773 5498 διὰ

237 5546 324 5613 τῆς
349 5545 441 5616 σῆς
469 5545 815 5603 ἀναστάσεως
846 5543 977 5593 πᾶσι
1005 5539 1234 5609 φανερὸν
1273 5535 1669 5608 κατέστησας.]

301 5681 343 5712 ’⁸
382 5679 550 5737 lCor.
580 5696 616 5734 ιι
671 5679 726 5733 9.

308 5813 376 5886 (ὃ)
411 5814 530 5874 Hac
570 5817 752 5871 Daniel
785 5815 1050 5873 Barbarus
1075 5817 1160 5871 tril
1185 5816 1260 5871 uit
1289 5813 1528 5886 Origeni.

1879 4707 2109 4761 fortasse
2134 4705 2333 4760 dixerit
2353 4702 2588 4758 Verbum
2625 4704 2844 4774 quodin
2876 4704 3053 4757 anima
3085 4703 3315 4766 exsistit,
3351 4710 3447 4756 aut

1883 4798 2120 4868 Spiritus
2168 4807 2414 4853 sanctus.
2470 4794 2792 4851 Precatione
2842 4805 3023 4849 autem
3067 4811 3207 4864 opus
3254 4795 3303 4847 ei
3349 4796 3444 4864 qui

1879 4891 2118 4960 angitur,
2177 4905 2278 4944 nec
2331 4889 2632 4944 amittenda
2680 4904 2826 4959 spes,
2876 4889 2957 4943 sic
3020 4901 3256 4957 namque
3304 4885 3445 4941 Deus

1879 4983 2110 5038 ellicitur
2137 4982 2427 5052 propitius.

1948 5073 2000 5126 6.
2031 5070 2348 5125 ιωιαθίιιιιιι
2383 5075 2437 5124 in
2485 5069 2716 5123 salutari
2750 5078 2858 5122 tuo.
2894 5066 3143 5122 Salutare
3180 5066 3356 5122 Patris
3389 5067 3442 5121 in

1881 5163 2084 5218 mundo
2110 5162 2280 5217 Filius
2314 5181 2328 5218 :
2360 5161 2600 5217 salutare
2635 5160 2756 5215 Filii
2786 5161 2837 5215 in
2864 5162 3068 5216 mundo
3094 5177 3246 5215 crux.

1955 5344 2383 5417 [Exsultabimus
2425 5345 2479 5400 in
2521 5345 2747 5400 salutari
2781 5355 2888 5398 tuo.
2932 5343 3211 5407 Salutare,
3245 5343 3439 5411 inquit,

1880 5437 2022 5509 quod
2039 5438 2232 5493 dedisti
2245 5437 2480 5491 humano
2496 5437 2698 5507 generi,
2718 5453 2811 5506 per
2830 5446 2976 5491 tuam
2993 5437 3440 5490 resurrectionem

1881 5528 2134 5585 onmibus
2175 5528 2519 5590 manifestum
2548 5528 2744 5585 fecisti.
2769 5526 2858 5584 Sic
2889 5527 3079 5582 Daniel
3115 5524 3437 5593 Barbarus.]
