4122 6498
202 459 293 513 H9

1300 450 1658 507 EXPOSITIO
1695 449 1762 505 lN
1801 449 2131 508 PSALMUM
2158 451 2275 506 XX.

3332 452 3432 506 130

198 590 282 626 νυν
305 571 433 638 ἐξει,
467 572 631 642 φησὶ,
669 572 760 625 καὶ
792 572 1010 642 διηνεκῆ
1044 570 1307 641 θυμηδίαν
1332 570 1426 623 τοῦ
1456 570 1757 643 προσώπου1

1870 570 2143 639 voluptate
2174 568 2433 623 aliieietur
2465 568 2645 623 vultus
2672 567 2772 630 tui,
2809 567 2860 622 id
2894 577 3001 631 est,
3039 577 3187 621 tuam
3238 567 3430 621 nactus

193 664 429 718 τουτέστι
450 664 553 732 τῆς
594 663 698 733 σῆς
723 663 1006 731 εὐμενείας
1025 662 1324 732 τυγχάνων.
1357 663 1537 716 Αἴτιον
1565 662 1621 715 δὲ
1644 661 1763 714 τού-

191 773 288 809 των
311 753 460 824 αὐτῷ
494 755 694 822 γέγονε
721 756 784 808 τὸ
812 757 902 808 ἐπὶ
930 755 1011 808 σοὶ
1041 753 1373 808 πεποιθέναι.
1432 752 1763 822 Εὺςρανεῖς

190 848 365 901 αὑτὸν
397 849 466 900 ἐν
495 846 659 915 χαρᾷ
682 848 832 916 μετὰ
860 846 963 900 τοῦ
995 846 1315 914 προσώπου
1340 863 1476 901 σου.
1541 846 1760 915 Προσω-

192 956 283 992 πον
306 937 399 991 τσῦ
425 939 648 1009 [ἰατρὸς
678 939 706 989 ὁ
732 938 873 1001 Υἱός.
902 938 962 990 ’0
981 936 1484 1005 ὲιι)ρα)ιὼς,.φησὶν,
1513 934 1636 999 ἑαὲ,
1662 934 1764 987 ἐώ-

188 1047 319 1096 pane
346 1031 453 1082 τὸν
486 1030 746 1098 Πατέρα.
808 1028 959 1083 Μετὰ
994 1029 1184 1082 τούτου
1217 1027 1602 1099 εὐφραίνεσθαι
1641 1027 1761 1081 κατ’

189 1122 401 1191 οὐρανὸν
429 1122 508 1185 ὡς
535 1140 602 1174 νυ
612 1122 901 1191 μφαγωγοὶ
928 1120 1063 1191 μετὰ
1094 1120 1186 1173 τοῦ
1214 1120 1446 1189 νυμφίου
1478 1119 1757 1189 μέλλομεν.

254 1212 379 1267 Ὀτι
408 1217 442 1267 ό
480 1213 792 1278 βασιλεὺς
818 1210 1035 1272 ἐλπίζει
1061 1210 1162 1264 ἐπὶ
1189 1212 1437 1278 Κύριον,
1460 1211 1555 1263 καὶ
1584 1210 1652 1262 ἐν
1683 1208 1763 1273 τῷ

191 1304 347 1358 ἐλέει.
399 1304 691 1375 Κρείττων
722 1304 837 1356 ἐστὶ
864 1303 969 1356 τῶν
999 1301 1374 1371 πολεμούντων
1407 1302 1504 1371 τῆς
1540 1301 1638 1370 σῆς
1668 1302 1761 1370 χά-

192 1410 323 1464 ριτος
355 1392 672 1446 ἀπολαύων.
722 1390 1002 1446 ’Δπολαύει
1028 1390 1083 1444 δὲ
1107 1390 1311 1461 ταύτης
1333 1389 1633 1460 ἀνθρώπων
1664 1389 1757 1459 μὲν

189 1485 350 1538 οὐδενὶ
374 1484 601 1554 θαρρῶν
622 1524 636 1546 ,
671 1486 736 1555 τῇ
766 1484 821 1537 δὲ
859 1486 924 1554 σῇ
964 1482 1137 1535 ἐλπίδι
1166 1481 1443 1551 χρώμενος
1479 1480 1634 1552 μόνῃ.

252 1576 537 1642 Εἰψεθείη
592 1576 631 1641 ἡ
681 1574 808 1643 χείρ
845 1590 961 1627 σου
994 1571 1141 1625 πᾶσι
1190 1570 1310 1636 τοῖς
1358 1568 1592 1640 ἐχθροῖς
1622 1584 1757 1623 σου.

200 1667 277 1728 Ὠ;
311 1666 445 1736 πρὸς
488 1664 658 1718 αὺτὸν
691 1664 781 1717 τὸν
810 1664 1010 1735 Κύριον
1041 1665 1069 1715 ὁ
1108 1662 1265 1730 λόγος
1290 1660 1379 1714 διὰ
1408 1660 1479 1713 τὰ
1506 1660 1761 1729 γεγονότα

191 1760 295 1813 κατ’
326 1756 490 1811 αὐτοῦ
529 1756 687 1827 παρὰ
714 1756 806 1809 τοῦ
854 1755 1119 1809 Ἰουδαίων
1151 1753 1303 1807 λαοῦ.

252 1847 436 1921 [Λέγει
462 1848 543 1912 δὲ,
569 1849 653 1901 ὅτι
676 1844 929 1918 θηρεύσει
955 1846 1082 1908 τοὺς
1104 1844 1545 1915 ἁμαρτήσαντας.
1569 1842 1629 1895 Εἰ
1650 1842 1759 1914 γὰρ

1866 662 2321 717 betievoleutiam.
2347 658 2553 715 Horum
2588 675 2718 715 vero
2750 661 2801 714 iu
2833 675 2998 715 causa
3030 659 3130 713 fuit
3157 660 3259 728 ipsi
3285 659 3428 728 quod

1866 754 1960 808 tibi
1995 753 2298 807 conﬁdet-it.
2330 751 2655 819 Lwtiﬁcabis
2684 766 2801 805 eum
2834 752 2887 803 in
2912 750 3106 820 gaudio
3137 765 3249 802 cum
3284 747 3433 802 cultu

1865 852 1975 899 tuo.
2011 844 2200 898 Vultus
2222 844 2397 899 l'atris
2420 854 2502 898 est
2532 842 2703 896 Filius
2731 862 2743 897 :
2772 842 2874 907 Qui
2902 842 3029 894 vidit
3057 858 3155 899 me.
3177 841 3271 903 ait,
3301 838 3430 894 vidit

1862 948 1910 992 et
1942 937 2156 991 Patrem
2204 954 2373 990 meum
2399 937 2461 989 ’⁸.
2491 935 2627 990 Cum
2663 936 2754 989 illo
2783 934 3023 989 futurum
3073 943 3130 988 ut
3176 934 3229 986 in
3290 931 3430 986 caelo

1863 1030 2126 1095 laetemur,
2160 1030 2307 1083 velut
2337 1029 2525 1099 sponsi
2556 1028 2873 1082 deductores
2911 1042 3030 1081 cum
3058 1027 3175 1093 ipso
3206 1041 3425 1095 sponso.

1933 1122 1985 1176 8.
2014 1121 2275 1188 Quoniam
2302 1138 2390 1174 rex
2426 1132 2599 1188 sperat
2624 1121 2677 1172 in
2711 1118 2953 1182 Domino,
2983 1126 3030 1169 et
3058 1118 3111 1168 in
3140 1116 3429 1169 misericor-

1862 1215 1974 1279 dia,
2008 1225 2112 1268 etc.
2147 1213 2407 1283 Superior
2422 1213 2630 1267 scilicet
2652 1222 2735 1266 est
2763 1212 3032 1273 hostibus,
3057 1220 3204 1262 tuam
3237 1218 3427 1264 nactus

1863 1308 2114 1375 gratiam.
2135 1303 2205 1357 Ea
2233 1315 2413 1357 autem
2434 1304 2631 1356 fruitur
2656 1302 2787 1355 nulli
2814 1302 3099 1355 hominum
3125 1299 3424 1362 conlidens,

1856 1397 1958 1451 sed
1988 1397 2042 1451 in
2084 1404 2137 1451 te
2178 1398 2355 1450 solum
2388 1409 2538 1464 spem
2570 1394 2867 1446 collocatis.

1931 1566 1983 1622 9.
2028 1564 2336 1618 Inveniatur
2379 1577 2566 1615 manus
2608 1572 2701 1613 tua
2743 1558 2983 1611 omnibus
3027 1556 3258 1611 inimicis
3296 1556 3421 1610 tuis.

1862 1656 1989 1713 liazc
2038 1658 2103 1711 ad
2158 1657 2333 1725 ipsum
2377 1654 2666 1707 Dominum
2719 1652 2989 1720 pertinere
3038 1650 3311 1718 videntur,
3355 1647 3426 1705 ob

1862 1751 2000 1805 mala
2038 1765 2067 1804 a
2091 1747 2321 1803 Judaieo
2346 1745 2545 1815 populo
2577 1744 2720 1797 illata
2752 1742 2875 1812 ipsi.

1931 1842 2043 1915 [Ait
2080 1852 2259 1897 autem
2294 1856 2352 1894 se
2398 1837 2554 1908 quasi
2591 1846 2785 1891 venatu
2844 1845 3131 1904 capturum
3185 1843 3425 1905 peccato-

189 1909 342 2011 ὲνδτῷ
362 1909 631 2011 τηροῖιντι
660 1909 761 2001 τάξ
787 1910 1003 1999 ἐντολὰς
1033 1937 1066 2007 ἡ
1093 1909 1279 2005 ἀγάπη
1308 1909 1403 1987 τοῦ
1432 1933 1565 1987 Θεοῦ
1591 1909 1757 1986 τελει-

1863 1950 1971 1989 res.
2003 1932 2058 1987 Si
2084 1949 2317 2002 namque
2340 1934 2392 1987 in
2423 1949 2509 1996 eo,
2538 1932 2628 2002 qui
2661 1929 2913 1984 mandata
2944 1938 3145 1991 servat,
3183 1926 3425 1981 cltaritas

190 2031 349 2088 οὖται.
372 2031 557 2102 δῆλον,
586 2029 665 2093 ὠς
690 2032 719 2082 ὀ
754 2028 828 2100 μὴ
852 2027 1033 2099 τηρῶν
1069 2028 1247 2098 μισεῖ·
1280 2025 1341 2089 ὃς
1372 2025 1466 2078 καὶ
1497 2024 1763 2078 ἀπολωλε-

190 2121 329 2177 κέναι
357 2122 601 2190 λέγεται.
628 2118 651 2193 ]

253 2304 369 2355 Ὀτι
400 2301 617 2370 θήσεις
641 2299 862 2365 αὐτοὺς
884 2298 965 2365 ὠς
989 2297 1280 2351 κλίϐανον
1306 2293 1495 2364 πυρὸς
1522 2295 1609 2359 εις
1637 2309 1763 2346 και-

188 2394 286 2459 ρὸν
315 2394 420 2448 τοῦ
449 2391 780 2461 προσώπου
800 2407 937 2445 σου.
1012 2388 1156 2441 Ἀντὶ
1181 2385 1274 2441 τοῦ
1296 2428 1311 2452 ,
1345 2384 1523 2455 nam;
1548 2384 1763 2439 ἀποδεί-

190 2484 289 2549 ξεις
321 2485 607 2555 μετόχους.
643 2481 812 2535 Τοῦτο
834 2483 942 2551 γὰρ
974 2480 1183 2541 ἑαυτοῖς
1216 2476 1582 2547 ἐθησαύρισαν
1613 2476 1670 2527 ἐν
1692 2477 1760 2545 τῇ

188 2574 402 2645 δευτέρα
450 2590 549 2626 σου
597 2571 885 2641 ἐπιφανείᾳ
910 2608 924 2632 .
954 2569 1083 2623 ὅταν
1129 2569 1223 2621 καὶ
1251 2564 1515 2636 ἀποδιδῷς
1547 2564 1763 2633 ἑκάστῳ

188 2665 320 2717 κατὰ
349 2666 417 2718 τὰ
445 2665 589 2735 ἔργα
614 2662 799 2717 αὑτοῦ.
829 2663 1039 2729 Κύριος
1068 2662 1137 2715 ὲν
1156 2658 1303 2731 ὀργῇ
1330 2658 1513 2713 αὑτοῦ
1545 2674 1763 2711 συντα-

188 2754 340 2822 ράξει
364 2756 593 2820 αὐτοὺς
614 2793 630 2819 ,
658 2754 751 2807 καὶ
776 2750 1170 2821 καταφάγεται
1207 2749 1427 2814 αὐτοὺς
1457 2748 1594 2814 πῦρ.
1643 2747 1763 2815 Ὀρο

189 2847 286 2914 γήν
318 2864 449 2917 φησι
478 2847 583 2916 τὴν
619 2844 887 2915 τιμωρίαν
926 2843 1024 2913 τὴν
1053 2842 1424 2913 γενησομένην
1466 2839 1647 2900 αὐτοῖς
1675 2836 1761 2889 διὰ

189 2933 279 3006 τὴν
312 2938 391 2999 εἰς
420 2937 588 2989 αὑτὸν
618 2935 795 3005 ὓϐριν.

258 3025 366 3078 Τὸν
386 3025 627 3093 καρπὸν
652 3023 851 3079 αὐτῶν
880 3022 996 3077 ἀπὸ
1038 3021 1150 3092 τῆς
1187 3018 1455 3086 ἀπολεῖς.
1511 3019 1650 3081 Τοὺς
1675 3018 1761 3072 λό-

190 3131 310 3183 γους
335 3118 461 3180 τους
509 3118 781 3187 πονηροὺς
823 3115 917 3169 καὶ
946 3114 1015 3169 τὰ
1048 3113 1424 3184 ἐνθυμήματα.
1486 3111 1670 3164 Ταῦτα
1702 3110 1760 3164 δέ

1864 2023 1957 2076 Dei
2002 2022 2318 2092 perﬁcitur,
2372 2023 2550 2091 palam
2601 2029 2686 2075 est
2737 2034 2862 2073 eum
2917 2018 3009 2087 qui
3059 2033 3163 2070 uon
3206 2025 3424 2080 set-vat,
3511 2036 3517 2043 ’

1862 2113 2031 2169 Deum
2090 2114 2215 2169 odio
2285 2113 2530 2169 habere!
2595 2113 2688 2183 qui
2755 2110 2953 2165 dicitur
3013 2108 3067 2162 in
3129 2108 3423 2178 perniciem

1862 2208 1989 2282 irc.]

1928 2304 2015 2356 ιυ.
2049 2301 2217 2357 Panes
2240 2319 2327 2356 eos
2358 2312 2414 2356 nt
2440 2301 2703 2357 clibannm
2730 2300 2866 2370 ignis
2897 2301 2953 2352 in
2976 2308 3201 2367 tempore
3250 2298 3424 2354 cultus

1863 2396 1960 2448 tui.
1996 2396 2073 2451 Ac
2098 2396 2143 2450 si
2177 2397 2419 2450 diceret:
2458 2396 2598 2465 ignis
2628 2402 2913 2448 consortes
2944 2391 3164 2448 cliicies.
3193 2390 3248 2445 ιιι
3275 2391 3421 2446 cnim

1858 2489 1938 2542 illi
1968 2505 2063 2544 ceu
2096 2490 2413 2543 thesaurum
2442 2497 2804 2558 reposuerunt
2833 2487 2887 2541 in
2918 2487 3158 2541 secundo
3188 2486 3422 2540 adventu

1862 2588 1976 2643 tuo,
2031 2579 2250 2649 quando
2312 2578 2503 2635 reddes
2539 2578 2835 2647 unicuique
2881 2578 3038 2647 juxta
3092 2592 3254 2647 opera
3299 2591 3419 2632 sua.

1860 2673 2120 2728 Dominus
2152 2674 2205 2726 in
2246 2674 2329 2725 ira
2376 2689 2473 2725 sua
2520 2670 2851 2725 conturbabit
2899 2687 3009 2734 eos,
3056 2680 3105 2724 et
3153 2669 3422 2723 devorabi:

1859 2779 1944 2817 eos
1973 2764 2132 2832 ignis.
2167 2761 2306 2815 Iram
2342 2770 2498 2815 vocat
2526 2761 2851 2829 supplicium
2887 2776 2997 2830 quo
3027 2770 3175 2826 sunt,
3223 2771 3419 2813 contu-

1861 2855 2033 2909 melia:
2063 2855 2165 2925 ipsi
2200 2854 2396 2908 oblata:
2418 2868 2604 2919 causa,
2642 2852 2936 2908 multandi.

1932 3025 2017 3079 ‘ll.
2049 3024 2307 3079 Fructum
2334 3042 2513 3080 eorum
2541 3027 2605 3079 de
2629 3035 2771 3079 terra
2797 3025 3000 3093 perdes.
3030 3024 3167 3079 Mala
3211 3026 3426 3081 scilicet

1860 3119 2020 3172 verba
2046 3128 2101 3173 et
2139 3121 2310 3174 malas
2353 3120 2730 3190 cogitationes.
2778 3115 2872 3172 Hae
2921 3128 3049 3171 sunt
3098 3118 3308 3172 insidia:
3350 3116 3423 3176 ab

191 3210 316 3261 εἰσιν
348 3207 637 3261 ἐπιϐουλαὶ
668 3208 724 3261 ai
758 3206 886 3278 παρ’
917 3204 1125 3267 αὐτῶν,
1156 3204 1211 3257 αἶ
1234 3204 1327 3257 καὶ
1352 3199 1647 3273 ἀνῄρηνται
1674 3201 1757 3254 διὰ

1863 3207 1967 3260 illis
1998 3216 2202 3275 paratae
2236 3222 2357 3276 quae
2378 3223 2475 3277 per
2500 3207 2954 3263 resurrectionem
2986 3208 3270 3263 tolluntur.
3300 3203 3404 3281 [Do

188 3297 281 3368 τῆς
306 3298 679 3361 ἀναστάσεως.
715 3296 736 3370 [
758 3296 867 3360 Τὰς
889 3294 1237 3357 διδασκαλίας
1269 3293 1359 3347 καὶ
1381 3292 1448 3345 τὰ
1476 3291 1610 3345 ἄθεα
1638 3290 1760 3359 δόγ-

194 3409 348 3460 ματα,
370 3391 406 3445 ﬁ.
435 3392 578 3463 μετὰ
602 3391 700 3462 τὴν
726 3389 979 3461 τελευτὴν
1005 3386 1205 3447 αὐτῶν,
1241 3384 1316 3448 ὼς
1344 3382 1546 3452 ἀγαθὸς
1576 3383 1605 3436 ὀ
1630 3382 1761 3447 Θεὸς

191 3480 425 3553 ἀπωλείᾳ
455 3476 854 3552 παραδίδωσι.]
881 3476 993 3533 Καὶ
1035 3474 1101 3529 τὸ
1138 3473 1376 3543 σπέρμα
1415 3469 1613 3526 αὐτῶν
1643 3471 1760 3525 ἀπὸ

190 3572 326 3625 υἱῶν
361 3571 711 3641 ἀνθρώπων.
773 3568 1071 3641 Εὑεργεσία
1106 3567 1251 3621 ἐστίν
1286 3563 1567 3635 ἁμαρτιῶν
1599 3563 1762 3614 ἐκπε-

194 3666 297 3714 σεῖν
345 3666 439 3717 καὶ
487 3663 709 3716 ἐννοιῶν
742 3660 1013 3732 πονηρῶν.
1086 3657 1314 3728 Σπέρμα
1347 3656 1454 3725 γὰρ
1486 3654 1759 3725 ἁμαρτίας

192 3751 439 3823 λογισμὸς
473 3770 612 3822 πονη
623 3754 734 3822 ρός.

267 3842 389 3896 Ὀτι
422 3841 637 3908 θήσεις
667 3838 885 3904 αὐτοὺς
914 3836 1122 3891 νῶτον.
1187 3836 1245 3890 Ὀ
1266 3834 1321 3888 δὲ
1350 3834 1639 3906 Σύμμαχος
1669 3832 1759 3887 οὗ·

192 3947 287 3996 τως
303 3935 648 4005 ἡρμήνευσεν
663 3949 675 3961 ·
697 3932 825 3985 Ὀτι
847 3929 1056 3996 θήσεις
1073 3928 1295 3993 αὐτοὺς
1316 3927 1754 3995 ἀποστρόφους,

193 4025 452 4078 τουτέστιν
485 4025 662 4076 ὀπίσω
685 4022 779 4076 καὶ⁵
807 4018 1266 4091 παρακολούθημα
1294 4016 1399 4070 τῶν
1427 4014 1614 4067 ἐθνῶν.
1660 4014 1758 4066 Ἐν

194 4114 305 4181 τοῖς
355 4115 729 4184 περιλοίπυις
781 4128 897 4166 σου
944 4109 1277 4178 ἐτοιμὰσεις
1312 4108 1378 4160 τὸ
1434 4106 1757 4173 πρόσωπον

192 4203 393 4259 αὐτῶν.
460 4204 871 4266 Καταλέλοιπας
918 4202 1137 4264 αὐτοῖς,
1170 4199 1332 4270 φησὶν
1357 4237 1371 4263 ,
1421 4194 1752 4266 ἐπιστροφῆς

191 4299 367 4371 καιρὸν
408 4297 553 4370 πρὸς
594 4296 656 4349 τὸ
688 4295 1033 4367 μετανοῆσαι.
1109 4292 1255 4363 Αὕτη
1291 4290 1347 4344 δέ
1376 4293 1492 4343 ἐστι
1524 4289 1662 4361 μετὰ
1691 4288 1753 4342 τὸ

192 4387 453 4461 πλήρωμα
482 4387 589 4441 τῶν
617 4386 785 4441 ἐθνῶν
814 4386 1004 4456 κλῆσις
1031 4385 1123 4438 καὶ
1148 4382 1470 4455 ἐπιστροφή.

256 4478 549 4552 [Ποιήσεις
588 4479 712 4543 τοὺς
749 4478 1151 4547 ἁπιστήσαντας
1196 4474 1496 4537 Ἰουδαίους.
1556 4472 1663 4537 Οὓς
1692 4473 1749 4527 δὲ

1862 3300 2065 3352 ctrinas
2092 3314 2146 3352 et
2181 3298 2346 3367 impia
2377 3298 2653 3369 dogmata,
2685 3314 2808 3368 qua:
2840 3308 2964 3368 pcst
2995 3300 3236 3367 ipsorum
3278 3313 3401 3353 mor

1862 3396 1969 3440 tem
1999 3385 2164 3452 Deus,
2197 3396 2381 3456 utpote
2410 3388 2607 3453 bonus,
2638 3386 2919 3459 destruit.)
2950 3385 3019 3439 Et
3042 3403 3213 3441 semen
3240 3402 3417 3441 eorum

1860 3497 1894 3533 ο
1926 3479 2054 3549 [iliis
2077 3480 2367 3536 hominum.
2408 3480 2737 3535 Beneﬁcium
2774 3479 3079 3535 habendum
3108 3487 3191 3534 cst
3218 3493 3248 3534 ξι
3297 3493 3417 3548 pec-

1860 3569 1997 3623 catis
2028 3570 2277 3623 excidere
2313 3580 2367 3624 et
2394 3584 2426 3622 a
2458 3570 2640 3638 pravis
2679 3570 3124 3640 cogitationibus.
3172 3566 3306 3622 Nam
3338 3582 3415 3622 se-

1859 3675 1981 3713 men
2012 3659 2216 3728 peccati
2246 3660 2386 3712 mala
2410 3660 2693 3729 cogitatio.

1931 3838 2016 3894 15.
2047 3839 2309 3904 Quoniam
2336 3856 2491 3910 pones
2521 3855 2606 3894 eos
2635 3841 2871 3894 dorsum.
2916 3838 3277 3912 Symmachus
3325 3856 3418 3897 au-

1859 3943 1965 3987 tem
1992 3935 2073 3987 sic
2098 3933 2479 4001 interpretatus
2510 3943 2632 3987 est:
2666 3932 2929 3996 Quoniam
2969 3948 3124 4001 pones
3145 3948 3230 3986 eos
3274 3949 3415 3987 aver-

1855 4040 1960 4086 sos,
1986 4025 2036 4077 id
2062 4034 2144 4077 est
2168 4033 2464 4077 retrorsum
2492 4032 2546 4077 ct
2568 4024 2917 4093 appendicem
2946 4024 3202 4091 gentium.
3237 4022 3302 4077 In
3332 4041 3412 4078 re-

1853 4115 2030 4183 liquiis
2088 4116 2191 4168 tuis
2230 4114 2554 4185 prwparabis
2604 4117 2807 4171 uultum
2852 4131 3050 4169 eorum.
3104 4115 3412 4185 Reliquisti,

1853 4207 1950 4266 ait,
1983 4204 2091 4259 illis
2117 4205 2491 4261 conversionis
2522 4216 2734 4274 tempus
2763 4208 2829 4259 ad
2860 4206 3257 4275 pwnitentiam.
3287 4203 3414 4261 Haec

1852 4306 2034 4352 autem
2067 4307 2151 4351 est
2201 4296 2413 4351 voeatio
2441 4304 2497 4350 et
2541 4298 2826 4350 conversio
2860 4307 2983 4365 post
3021 4296 3408 4367 plenitudinem

1851 4388 2115 4460 gentium.

1923 4477 2279 4550 [lncredulos
2322 4476 2540 4533 Judtros
2580 4476 2801 4535 emcies.
2852 4481 2999 4545 Quos
3043 4486 3222 4533 autem
3266 4477 3411 4533 Deus

192 4572 218 4623 ὀ
244 4570 368 4636 Θεὸς
395 4571 835 4642 ἀποστρέφεται,
871 4570 1072 4635 τίθησι
1103 4566 1293 4621 νῶτον
1322 4564 1397 4636 μὴ
1422 4564 1749 4634 δυναμένους

1856 4569 2154 4633 aversatur,
2189 4584 2282 4625 eos
2308 4572 2455 4638 ponit
2481 4570 2718 4634 dorsum,
2751 4571 2877 4640 quia
2900 4586 3007 4624 non
3038 4580 3265 4640 possunt
3288 4586 3411 4626 esse

191 4657 320 4718 εἶναι
350 4664 643 4737 πρόσωπον
667 4702 682 4726 ,
731 4662 868 4734 πρὸς
898 4660 959 4714 τὸ
985 4659 1051 4713 τὰ
1097 4657 1315 4712 ὀπίσθια
1360 4654 1750 4721 κατανοοῦντας

191 4755 270 4809 διὰ
290 4755 393 4811 τῶν
429 4754 751 4826 ποιημάτων
795 4752 957 4807 πάλιν
1002 4750 1137 4823 πρὸς
1171 4751 1332 4805 αὐτὸν
1364 4749 1745 4820 ἀναφέρεσθαι.

192 4847 317 4914 Τοὺς
342 4849 457 4921 γὰρ
480 4849 555 4920 μὴ
584 4848 727 4911 οἴους
745 4862 805 4899 τε
831 4846 963 4917 ὀρᾷν
987 4844 1048 4899 τὸ
1068 4842 1374 4915 πρόσωπον,
1401 4841 1478 4913 τῷ
1506 4842 1580 4913 μὴ
1606 4841 1749 4911 ἔχειν

191 4940 398 5011 καρδίαν
422 4938 694 5011 καθαρὰν,
708 4937 915 4991 τίθεται
936 4937 1214 4991 κατανοεῖν
1233 4935 1300 4988 τὰ
1318 4933 1537 4988 ὀπίσθια
1561 4932 1746 4997 αὑτοῦ,

189 5027 251 5081 τὰ
287 5030 401 5101 μετ’
435 5028 598 5084 αὑτὸν
650 5028 780 5081 ὄντα
817 5026 1298 5098 δημιουργήματα·
1339 5024 1425 5077 ἵνα
1452 5023 1549 5094 τὴν
1575 5023 1748 5077 κτίσιν

191 5116 505 5191 θεωροῦντες
540 5118 746 5173 ἔννοιαν
774 5116 936 5173 αὐτοῦ
963 5116 1197 5180 λάϐωσι,
1231 5117 1324 5171 καὶ
1357 5115 1747 5188 προσϐαλόντες

190 5211 258 5283 τῷ
276 5213 389 5284 Θεῷ
418 5210 621 5275 αὐτῶν,
651 5211 712 5264 τὸ
743 5209 835 5263 τοῦ
860 5209 994 5264 Θεοῦ
1018 5210 1306 5280 πρόσωπον
1340 5208 1508 5262 ἴδωσι.
1586 5209 1747 5278 Περί-

191 5301 337 5360 λοιπα
360 5305 417 5360 δὲ
446 5305 544 5359 τοῦ
572 5302 709 5359 Θεοῦ
740 5301 809 5357 τὰ
850 5303 1105 5375 ἀνωτέρω
1143 5302 1252 5356 τῶν
1279 5302 1590 5373 κτισμάτων
1636 5300 1744 5354 τῶν

190 5394 470 5466 αἰσθητῶν.

258 5588 568 5659 Titii-bona,
603 5590 801 5658 Κύριε,
838 5588 909 5643 ἐν
936 5586 1011 5657 τῇ
1034 5587 1282 5657 δυνάμει
1310 5601 1451 5641 σου.
1512 5587 1740 5658 Ὅμοιον

1852 4663 2053 4730 vultus,
2086 4674 2142 4719 ut
2188 4664 2493 4733 posteriora
2528 4666 2545 4733 (
2564 4662 2697 4734 Dei)
2728 4663 3135 4718 considerantes
3164 4678 3259 4732 per
3290 4661 3407 4730 ejus

1849 4758 2064 4827 Opiﬂcia
2100 4758 2168 4812 ad
2218 4758 2398 4827 ipsum
2445 4757 2795 4814 reducantur.
2834 4754 3113 4826 Siquidem
3152 4754 3405 4821 iulirmis,

1848 4851 1939 4920 qui
1969 4851 2114 4920 quod
2161 4864 2256 4906 cor
2300 4865 2496 4921 purum
2552 4864 2660 4903 non
2708 4848 2975 4908 habeant,
3026 4862 3132 4901 non
3177 4856 3409 4917 possunt

1848 4944 2054 4998 vultum
2086 4943 2206 5012 ejus
2264 4943 2481 5005 videre,
2526 4942 2824 5009 posteriora
2872 4953 2971 4993 sua
3012 4939 3405 4993 consideranda

1846 5036 2021 5100 oﬂ'erl,
2064 5036 2268 5091 scilicet
2305 5033 2519 5104 upiiicia
2548 5049 2670 5102 qua:
2706 5040 2822 5102 post
2876 5032 3054 5101 ipsum
3091 5041 3259 5096 sunt;
3320 5040 3400 5097 ut,

1845 5129 2150 5196 conspectis
2211 5128 2372 5182 rebus
2419 5126 2661 5187 creatis,
2710 5126 2765 5178 in
2818 5124 3182 5193 cognitionem
3258 5122 3403 5177 illius

1843 5224 2149 5283 deveniant.
2187 5230 2241 5275 et
2271 5218 2381 5273 Deo
2420 5234 2521 5274 suo
2569 5234 2687 5273 sese
2730 5218 3081 5286 applicantes,
3125 5214 3244 5282 eius
3293 5216 3403 5268 vul~

1843 5328 1957 5372 tum
2030 5317 2267 5371 videant.
2338 5312 2599 5383 Reliquiae
2659 5321 2840 5365 autem
2914 5309 3003 5363 Dei
3069 5319 3197 5363 sunt
3266 5308 3398 5373 iila,

1842 5424 1964 5479 quae
2015 5409 2177 5463 rebus
2220 5406 2455 5461 conditis
2484 5419 2705 5459 sensum
2735 5402 3077 5457 moventibus
3118 5402 3399 5468 superiora

1841 5511 1987 5557 sunt.

1912 5592 1997 5645 14.
2034 5591 2310 5653 Exaltare,
2345 5590 2586 5655 Domine,
2614 5589 2668 5641 in
2698 5588 2888 5643 virtute
2920 5596 3030 5639 tua.
3069 5581 3257 5638 Simile
3282 5582 3394 5636 illi;

187 5676 285 5747 τῷο
321 5678 572 5735 ἐλθέτω
600 5681 642 5742 ἠ
668 5677 956 5745 βασι-λεια
978 5692 1116 5732 σου.
1148 5677 1259 5748 Τὴν
1281 5676 1534 5748 δευτέραν
1557 5677 1613 5730 δὲ
1643 5693 1737 5732 σα-

1856 5684 2090 5737 idveniat
2142 5698 2358 5752 regnum
2416 5692 2583 5736 tuum.
2644 5680 2803 5738 Hisce
2861 5688 3041 5736 autem
3092 5676 3394 5735 secundum

247 5856 287 5887 ⁸³
306 5854 457 5913 Joan.
514 5870 630 5923 xiv,
654 5852 709 5908 9.
786 5855 830 5884 "
854 5851 1039 5909 Matth.
1065 5867 1138 5919 vr,
1181 5851 1267 5909 10.
