4122 6488
667 425 761 480 151

1473 420 1529 476 S.
1575 417 1948 473 ATHANASH
1989 417 2140 472 OPP.
2183 415 2360 469 PARS
2400 414 2486 468 Ill.
2527 443 2594 454 —
2634 415 3045 472 i-ZXEGETICA.

3807 416 3898 471 132

669 546 788 615 ejus
835 540 1120 596 adventum
1171 548 1324 610 rogat
1384 540 1715 594 accelerari:
1784 537 2128 593 Cantabimus
2181 548 2273 595 et;

2339 535 2446 603 φῶς
2476 538 2773 607 παρουσίαν
2806 536 3019 606 εὔχεται
3067 535 3154 590 διὰ
3186 539 3343 590 τοῦτο
3390 536 3644 606 γενέσθαι
3667 553 3680 567 '
3723 537 3895 591 Ἀσοο

670 636 954 705 psallemus
984 635 1201 688 virtutes
1230 642 1364 685 tuas.
1393 630 1546 686 Tunc
1575 631 1719 684 enim
1745 646 1934 684 omnes
1959 631 2231 698 justurum

672 727 886 788 animm,
924 726 978 777 in
1010 725 1259 793 supernis
1304 723 1684 776 mansionibus
1714 721 2023 774 constituta:
2070 721 2230 789 spiri-

673 817 870 871 tualem
897 815 1100 869 cultum
1134 812 1379 885 obcunt.]

865 905 914 959 1.
957 903 1023 959 In
1053 906 1230 974 ﬁnem,
1263 920 1358 972 pro
1400 903 1723 971 susceptione
1754 903 2055 962 matutina,

1090 992 1431 1050 PSALMUS
1461 993 1650 1045 David.
1684 991 1843 1046 XXI.

1254 1087 1650 1155 Argumentum.

673 1177 900 1233 Canitur
931 1177 1021 1231 hic
1058 1177 1304 1246 psalmus
1337 1191 1435 1244 pro
1480 1174 1822 1242 susceptione
1868 1175 2152 1236 matutina,
2183 1175 2231 1227 itl

737 1277 839 1335 est,
880 1269 1007 1338 quia
1032 1277 1189 1322 nocte
1216 1277 1269 1322 et
1299 1268 1528 1334 caligine
1553 1268 1820 1322 diabolica
1853 1282 1954 1320 nos
1986 1264 2235 1321 liberavit

737 1361 982 1415 emicans
1011 1360 1349 1428 unigenitum
1386 1359 1477 1412 Dei
1512 1359 1769 1420 Verbum,
1803 1359 1983 1413 oriens
2006 1375 2071 1412 ex
2103 1359 2231 1424 alto,

743 1460 804 1506 ut
835 1452 1095 1519 scriptum
1126 1461 1210 1505 est
1233 1451 1298 1504 ³⁸.
1333 1451 1436 1504 Aut
1474 1451 1878 1520 susceptionem
1914 1452 2232 1505 matutinam

740 1543 975 1614 appellat
1021 1543 1446 1597 resurrectionis
1505 1541 1804 1595 Salvatoris
1852 1551 2083 1611 tempus.
2138 1541 2236 1596 Re-

738 1635 976 1690 surrcxit
1007 1635 1150 1688 enim
1192 1635 1369 1703 primo
1415 1634 1674 1695 diluculci,
1709 1643 1763 1688 et
1804 1634 1946 1686 viam
1983 1633 2233 1687 humanae

745 1737 953 1782 natura
993 1727 1222 1780 munivit
1266 1727 1332 1781 ad
1369 1727 1856 1794 incorruptionem.
1906 1725 2066 1779 Canit
2105 1741 2233 1779 vero

748 1819 1016 1889 psalmum
1053 1818 1307 1872 Christus
1357 1833 1421 1871 ex
1477 1832 1709 1886 persona
1765 1817 2140 1871 humanitatis.
2171 1820 2233 1870 Α-

735 1920 884 1979 perte
912 1919 1090 1964 autem
1126 1924 1186 1963 ca
1219 1916 1406 1962 narrat
1432 1924 1553 1978 qua:
1589 1908 1770 1964 crucis
1811 1917 2049 1978 tempore
2086 1923 2115 1962 ο
2148 1905 2236 1962 Ju-

747 2003 879 2058 dxis
907 2003 1055 2057 illata
1088 2001 1190 2070 ipsi
1223 2009 1370 2055 sunt.

741 2199 799 2255 2.
831 2198 991 2262 Deus,
1019 2197 1157 2252 Deus
1187 2216 1351 2263 meus,
1390 2199 1586 2266 respice
1623 2198 1676 2250 in
1701 2215 1820 2251 me:
1851 2214 2014 2266 quare
2043 2213 2118 2250 me
2147 2197 2238 2249 de-

674 2289 934 2361 reliquisti
966 2293 990 2345 2
1021 2291 1266 2345 Postulat
1297 2291 1687 2359 inspectiouem
1728 2289 1928 2351 Patris,
1965 2299 2150 2341 nostra
2182 2287 2235 2340 in

674 2397 795 2439 sese
833 2382 1190 2445 transferens,
1240 2392 1298 2434 ut
1346 2383 1634 2452 abrogaret
1681 2380 1807 2452 [nos
1847 2380 1948 2448 ipsi
1993 2376 2236 2431 derelicti

673 2475 851 2546 prius,
894 2488 1040 2528 nunc
1067 2481 1245 2526 autem
1292 2474 1559 2544 assumpti
1589 2488 1654 2527 ac
1701 2472 1876 2526 salute
1919 2470 2105 2524 donati
2153 2484 2241 2524 su-

675 2581 820 2621 mus.
857 2563 982 2621 Haw
1011 2565 1139 2620 dicit
1163 2574 1221 2619 ut
1251 2565 1558 2633 abrogaret,
1600 2561 1751 2632 etc.]
1780 2562 2233 2623 maledictionem,

675 2665 731 2713 et
768 2658 834 2712 ad
869 2673 968 2713 nos
1002 2657 1210 2712 vultum
1256 2655 1436 2709 Patris
1486 2655 1798 2710 adduceret.
1847 2651 1958 2708 Nos
1991 2653 2134 2708 enim
2166 2652 2238 2706 ob

673 2751 804 2806 Adae
828 2750 1327 2822 prmvaricationem
1377 2749 1431 2801 in
1466 2747 1802 2802 aversioncm
1856 2755 1909 2801 et
1937 2745 2238 2800 derelictio-

677 2860 800 2898 nem
829 2843 955 2898 facti
984 2859 1193 2897 sumus.
1226 2841 1400 2911 Longe
1429 2857 1460 2893 a
1495 2840 1666 2893 salute
1699 2857 1814 2893 mea
1837 2841 1989 2892 verba
2016 2837 2238 2890 delicto-

675 2949 794 2988 ratm
829 2949 1079 2987 meorum.
1115 2929 1265 2996 Mihi,
1295 2946 1504 3000 quaeso,
1531 2929 1899 2983 animadverte
1923 2923 2236 2978 humanita-

676 3025 747 3080 tis
787 3025 842 3079 in
894 3024 1114 3079 Christo
1160 3036 1474 3091 personam,
1537 3019 1897 3090 postulantem
1947 3015 2162 3069 liberari
2207 3031 2236 3068 a

678 3115 920 3185 lapsibus
958 3128 1052 3168 seu
1081 3127 1110 3165 a
1137 3111 1368 3172 delictis,
1391 3119 1445 3164 et
1475 3126 1504 3164 a
1528 3109 1872 3165 sermonibus
1903 3123 1962 3162 ea
1998 3117 2240 3177 spectan-

2326 644 2442 695 μεν
2474 628 2570 682 καί
2599 629 2912 698 ψαλοῦμεν
2935 628 3041 694 τὰς
3069 627 3426 695 δυναστείας
3458 645 3594 683 σου.
3630 628 3762 682 Τότε
3796 631 3899 703 γάρ

2332 723 2480 774 πᾶσα
2508 721 2728 774 δικαίων
2756 721 2900 792 ψυχὴ
2920 762 2932 781 ,
2970 724 3026 774 ἐν
3074 724 3192 785 ταῖς
3237 721 3348 775 ἄνω
3382 720 3651 791 γενομένη
3693 724 3898 790 μοναῖς,

2330 810 2427 872 τὰς
2458 811 2824 880 πνευματικὰς
2865 812 3174 882 ἀναπέμπει
3204 811 3470 882 λατρείας.
3500 809 3521 882 ]

2326 901 2428 965 Εἰς
2460 901 2524 954 τὸ
2557 903 2751 966 τέλος,
2787 903 2937 971 ὑπὲρ
2962 902 3080 971 τῆς
3095 903 3472 971 ἀντιλήψεως
3499 901 3606 972 τῆς
3629 900 3896 970 ἑωθινῆς,

2712 997 3008 1048 ΨΑΛΜΟΣ
3040 995 3118 1060 τῷ
3149 995 3347 1050 Δαυτδ.
3395 998 3525 1051 KA'.

2966 1086 3290 1153 Ὺπόθεσις.

2335 1174 2551 1246 ’ᾼδεται
2590 1177 2618 1228 ὀ
2657 1179 3010 1248 προκείμενος
3036 1177 3249 1250 ψαλμὸς
3282 1180 3419 1252 ὑπὲρ
3444 1180 3542 1252 τῆς
3570 1180 3901 1253 ἀντιλήψεως

2401 1269 2500 1338 τῆς
2528 1268 2772 1338 ἑωθινῆς.
2807 1271 3092 1323 Τουτέστιν
3115 1273 3195 1324 ὅτι
3226 1273 3419 1336 νυκτὸς
3443 1274 3535 1326 καὶ
3561 1274 3761 1344 ἀχλύος
3797 1276 3901 1329 διαο

2403 1356 2621 1429 δολιχῆς
2647 1359 3018 1432 ἠλευθέρωσεν
3060 1365 3206 1433 ἡμᾶς
3226 1403 3241 1426 ,
3275 1364 3586 1435 ἐπιλάμψας
3611 1367 3642 1418 ό
3675 1384 3897 1437 μονογε-

2401 1451 2496 1521 νὴς
2529 1451 2622 1504 τοῦ
2650 1452 2785 1506 Θεοῦ
2820 1455 2988 1521 Λόγος
3016 1455 3244 1525 ἀνατολὴ
3285 1456 3344 1521 ἐξ
3375 1456 3542 1527 ῦψους
3564 1459 3705 1514 κατὰ
3729 1460 3790 1513 τὸ
3815 1477 3902 1529 γεο

2405 1543 2738 1613 γραμμένον.
2773 1545 2842 1597 Ἦ
2863 1545 2957 1598 καὶ
2985 1545 3264 1617 ἀντίληψιν
3287 1548 3514 1618 ἑωθινὴν
3539 1551 3628 1604 τὸν
3651 1551 3752 1620 τῆς
3769 1553 3902 1606 ἁνα-

2403 1633 2642 1696 στάσεως
2671 1633 2766 1686 τοῦ
2789 1635 3036 1706 Σωτῆρος
3061 1637 3310 1704 ὀνομάζει
3334 1640 3540 1710 καιρόν.
3579 1641 3901 1715 Ἐγήγερτσι

2407 1721 2514 1795 γάρ
2552 1723 2748 1796 ὄρθρου
2782 1724 3003 1794 βαθέος,
3027 1726 3346 1800 ὁδοποιήσας
3372 1732 3437 1800 τῇ
3474 1730 3775 1803 ἀνθρώπων
3806 1733 3903 1803 φύ-

2406 1836 2488 1872 σει
2515 1819 2613 1891 τὴν
2639 1822 2719 1884 είς
2747 1820 3054 1891 ἀφθαρσίαν
3087 1823 3222 1878 ὁδόν.
3281 1824 3430 1895 ’ᾼδει
3473 1827 3528 1881 δὲ
3570 1828 3662 1883 τὸν
3690 1829 3903 1902 ψαλμὸν

2405 1914 2434 1966 ὁ
2463 1913 2693 1983 Χριστὸς
2715 1913 2778 1966 ἐκ
2797 1913 3088 1984 προσώπου
3115 1916 3215 1986 τῆς
3239 1918 3675 1994 άνθρωπότητος.
3707 1925 3906 1994 Σαφῶς

2405 2003 2462 2056 δὲ
2495 2005 2587 2056 καὶ
2615 2004 2684 2057 τὰ
2728 2005 3090 2076 συμϐαίνοντα
3116 2007 3263 2078 αὐτῷ
3301 2013 3451 2082 παρὰ
3486 2015 3594 2067 τῶν
3636 2017 3903 2071 Ἰουδαίων

2407 2096 2464 2147 ἐν
2496 2094 2573 2165 τῷ
2605 2096 2778 2166 καιρῷ
2815 2097 2907 2149 τοῦ
2939 2097 3169 2167 σταυροῦ
3195 2099 3466 2172 ἐξηγεῖται
3495 2106 3624 2176 ἡμῖν

2420 2187 2481 2239 'U
2499 2189 2641 2253 Θεὸς
2674 2191 2705 2242 ό
2724 2191 2867 2256 Θεός
2889 2208 3031 2259 μου,
3051 2194 3313 2260 πρόσχες
3327 2211 3428 2263 μοι
3447 2211 3461 2227 ·
3478 2196 3578 2250 ἵνα
3600 2197 3658 2251 τι
3669 2197 3903 2267 ἐγκατέ-

2335 2280 2508 2346 λιπές
2533 2298 2610 2349 με
2629 2298 2648 2344 ;
2685 2281 2836 2335 Αίτεῖ
2866 2283 2962 2354 τὴν
3011 2285 3306 2338 ἐποπτείαν
3337 2287 3436 2358 τὴν
3468 2289 3618 2360 παρὰ
3661 2292 3756 2345 τοῦ
3792 2294 3903 2346 Ila-

2336 2373 2495 2444 τρὸς,
2539 2372 2604 2426 τὰ
2653 2375 2810 2444 ἡμῶν
2842 2376 2921 2439 εἰς
2952 2377 3141 2430 ἑαυτὸν
3177 2378 3485 2448 μετατιθεὶς
3518 2381 3604 2434 ἴνα
3658 2382 3901 2454 [Aman

2338 2467 2495 2536 ἡμεῖς
2525 2467 2632 2537 γάρ
2659 2463 2799 2536 ἦμεν
2830 2469 2877 2520 ot
2905 2467 3459 2541 ἐγκαταλελειμμένα
3490 2473 3782 2544 πρότερον,
3812 2477 3904 2528 νῦν

2336 2556 2391 2609 δὲ
2411 2557 2868 2627 προσειλημμένοι
2899 2559 2992 2613 καὶ
3044 2563 3396 2632 σεσωσμένοι.
3420 2563 3602 2616 Ταῦτα
3627 2564 3776 2632 λέγει
3797 2567 3903 2629 ἵνα,

2339 2648 2431 2702 καὶ
2455 2648 2524 2701 τὰ
2559 2648 2712 2721 ἑξῆς]
2729 2649 2912 2723 παύσῃ
2931 2651 3028 2722 τὴν
3041 2652 3198 2723 ἀράν,
3223 2655 3317 2706 καὶ
3347 2654 3432 2722 ἐφ’
3455 2657 3601 2724 ἡμᾶς
3625 2659 3906 2730 μεταγάγῃ

2337 2741 2396 2794 τ’)
2420 2743 2706 2814 πρόσωπον
2737 2741 2830 2794 τοῦ
2858 2743 3088 2814 Πατρός.
3119 2745 3307 2814 Ἡμεῖς
3335 2745 3442 2814 γάρ
3483 2748 3650 2817 ἐσμεν
3679 2751 3727 2802 οἱ
3755 2767 3911 2818 γεγο-

2337 2834 2485 2896 νότες
2531 2835 2849 2907 ἀποστροφὴ
2881 2836 2974 2888 καὶ
3007 2835 3386 2902 ἐγκατάλιιψις
3404 2837 3491 2890 διά
3522 2837 3618 2908 τὴν
3640 2841 3697 2891 ὲν
3741 2841 3910 2912 Ἀδάμ

2337 2925 2664 2995 παράϐασιν.
2740 2928 2989 2996 Μακρὸν
3022 2928 3140 2982 ἀπὸ
3173 2925 3278 2993 τῆς
3327 2932 3622 2996 σωτηρίας
3654 2933 3708 2984 οι
3741 2934 3909 3002 λόγιοι

2336 3012 2455 3065 τῶν
2479 3017 2960 3084 παραπτωμάτων
2985 3035 3124 3086 μου.
3181 3017 3378 3070 Σκόπει
3410 3035 3498 3088 μοι
3541 3020 3703 3074 πάλιν
3732 3023 3796 3075 τὸ
3815 3024 3912 3093 τῆς

2336 3103 2432 3156 ἀνθ
2440 3104 2749 3175 ρωπότητος
2767 3107 3056 3177 πρόσωπον
3072 3110 3127 3161 ἐν
3141 3110 3184 3161 Χ
3195 3108 3359 3179 ριστῷ
3377 3111 3727 3181 παρακαλοῦν
3748 3115 3916 3167 ἁπαλ-

680 3206 845 3260 tibus.
878 3204 1064 3260 Palam
1093 3212 1177 3259 est
1220 3212 1399 3259 autem
1439 3203 1548 3274 peti
1591 3203 1855 3273 justitiam
1897 3202 2093 3273 cuique
2146 3202 2273 3282 Ιιοο⁴

2339 3195 2625 3250 λάττεσθαι
2650 3197 2758 3250 τῶν
2785 3203 3139 3270 πταισμάτων
3168 3202 3286 3272 ἦτοι
3313 3203 3420 3254 τῶν
3454 3209 3914 3276 παραπτωμάτων

678 3297 815 3356 mini
842 3304 1252 3367 congruentem.

754 3479 941 3554 [Deus,
973 3478 1113 3532 Deus
1138 3493 1304 3530 meus.
1335 3474 1460 3530 “ac
1488 3471 1738 3527 Salvator
1765 3470 2007 3539 loquitur
2034 3484 2099 3523 ex
2127 3483 2242 3538 per-

681 3587 814 3625 sona
843 3568 1218 3633 humanitatis,
1252 3564 1410 3636 quasi
1446 3564 1614 3630 dicat,
1641 3564 1717 3617 mi
1769 3561 1933 3627 Deus,
1965 3561 2038 3615 mi
2080 3560 2240 3626 Deus,

683 3662 735 3714 in
762 3659 1009 3716 vocativo
1039 3661 1266 3718 scilicet.
1292 3658 1313 3732 ]

751 3753 805 3806 5.
835 3751 971 3806 Deus
1009 3767 1175 3813 mens,
1205 3749 1447 3803 clamabo
1469 3765 1560 3818 per
1583 3749 1745 3808 diem,
1768 3758 1816 3800 et
1843 3763 1946 3799 non
1972 3745 2242 3806 exaudies,

681 3854 732 3899 αι
763 3853 930 3907 nocte,
966 3853 1016 3898 et
1053 3859 1157 3895 non
1190 3841 1258 3894 ad
1304 3841 1664 3908 insipientiam
1701 3839 1851 3890 mihi.
1903 3837 2040 3890 Cum
2087 3837 2247 3889 inter-

681 3937 977 4008 punctione
1014 3933 1342 4004 legendum:
1391 3930 1664 4001 signiﬁcat
1705 3938 1884 3983 autem
1937 3929 2092 3982 nobis
2137 3943 2242 3980 non

684 4028 932 4082 inutilem
967 4041 1088 4081 esse
1113 4024 1376 4080 orationis
1404 4022 1662 4077 fructum.
1699 4022 1788 4076 Ait
1817 4021 1958 4074 enim
1987 4038 1999 4073 :
2028 4020 2148 4074 Non
2177 4021 2245 4072 ad

684 4117 1044 4189 insipientiam
1075 4116 1222 4169 mihi.
1260 4116 1317 4169 ld
1347 4123 1450 4177 est,
1492 4114 1778 4183 perspicue
1818 4113 1967 4177 novi,
2007 4111 2243 4166 futurum

683 4225 807 4265 esse
836 4216 894 4263 ut
926 4207 1154 4263 clamem
1192 4221 1314 4271 ego,
1347 4205 1461 4274 ipse
1505 4203 1781 4258 exaudiat.
1832 4201 1970 4268 Quia
2019 4218 2144 4256 cum
2193 4202 2246 4254 iu

686 4302 891 4358 sanctis
920 4299 1132 4354 habites
1165 4297 1257 4367 qui
1303 4304 1540 4351 mentem
1571 4297 1622 4350 in
1660 4303 1712 4348 te
1751 4295 1985 4366 positam
2015 4293 2244 4359 habent,

684 4394 808 4465 laus
833 4401 888 4448 et
918 4391 1090 4462 gloria
1119 4389 1250 4458 ipsis
1274 4404 1354 4444 es.

758 4486 814 4541 ι.
845 4483 923 4538 Ίιι
955 4491 1129 4536 autem
1176 4482 1231 4534 in
1271 4489 1454 4534 saneto
1504 4480 1735 4541 habitas,
1769 4478 1887 4532 laus
1921 4477 2114 4534 Israel.
2169 4475 2247 4550 (7)

688 4577 792 4645 Qui
822 4574 1063 4631 laudaris
1089 4574 1157 4628 ab
1185 4571 1381 4628 lsraele
1406 4581 1501 4626 aut
1530 4571 1647 4641 ipse
1671 4571 1790 4625 laus
1812 4585 1893 4625 es.

759 4751 812 4805 5.
847 4751 914 4804 In
945 4759 994 4804 te
1022 4755 1361 4817 speraverant
1389 4757 1567 4815 patres
1611 4743 1802 4806 nostri,
1833 4751 2172 4812 speraverant
2203 4750 2252 4795 et

691 4843 926 4900 liberaui
957 4858 1064 4896 eos.
1102 4839 1292 4893 Patres
1326 4853 1458 4893 suos
1496 4837 1799 4893 secundum
1837 4851 2055 4890 carnem
2095 4835 2249 4898 dicit,

689 4932 1029 5008 patriarchas
1076 4931 1284 4985 scilicet
1328 4937 1384 4981 et
1419 4928 1735 4998 prophetas.
1788 4923 2018 4979 Exhibet
2067 4933 2248 4978 autem

691 5025 805 5095 spei
835 5023 1070 5078 lucrum.

757 5109 852 5184 [In
887 5120 936 5164 te
960 5116 1297 5179 speraverant
1326 5116 1502 5178 patres
1533 5106 1726 5160 nostri.
1766 5103 1908 5170 Quin
1939 5105 2123 5168 etiam,
2157 5107 2251 5174 qui

2341 3290 2434 3342 καὶ
2463 3289 2570 3341 τῶν
2603 3290 2690 3342 ἐπ’
2718 3289 2899 3354 αὐτοῖς
2927 3291 3117 3361 λόγων.
3154 3292 3321 3363 Δῆλον
3353 3293 3430 3357 δὲ,
3460 3296 3539 3347 ὅτι
3567 3296 3667 3366 τῆς
3701 3298 3918 3370 ἑκάστῳ

2342 3380 2655 3451 πρεπούσης
2683 3381 3048 3452 δικαιοσύνης.

2415 3469 2512 3542 ['0
2539 3471 2714 3536 Θεὸς,
2746 3476 2779 3525 ό
2811 3476 2955 3537 Θεός
2981 3491 3118 3543 μου.
3153 3475 3336 3529 Ταῦτα
3367 3476 3512 3544 λέγει
3553 3480 3581 3530 ὁ
3623 3479 3816 3550 Σωτὴρ
3856 3481 3922 3534 ἐκ

2343 3561 2632 3631 προσώπου
2689 3564 2788 3633 τῆς
2839 3554 3253 3636 ἀνθ’ρωπότητος
3309 3567 3431 3620 ἀντὶ
3472 3567 3602 3621 τοῦθ
3637 3569 3738 3623 Θεέ
3793 3589 3920 3642 μου,

2341 3653 2443 3707 Θεέ
2485 3672 2605 3725 μου.
2626 3652 2647 3727 ]

2427 3746 2488 3800 Ὀ
2520 3749 2663 3814 Θεός
2679 3766 2819 3818 μου,
2844 3748 3200 3818 κεκράξομαι
3225 3751 3468 3821 ἡμέρας,
3494 3753 3589 3806 καί
3621 3755 3731 3808 οὐκ
3760 3757 3927 3810 εἱσα-

2345 3838 2562 3905 κούσῃ,
2588 3840 2682 3892 καὶ
2706 3841 2946 3904 νυκτὸς,
2979 3843 3074 3894 καὶ
3102 3845 3212 3896 οὐκ
3239 3846 3325 3908 εις
3353 3843 3565 3897 ἄνοιαν
3590 3847 3741 3915 ἐμοί.
3780 3849 3924 3901 Καθ’

2347 3929 2687 4000 ὐποστιγμὴν
2722 3931 3111 3998 ἀναγνωστέον.
3147 3934 3408 4003 Σημαίνει
3436 3935 3493 3987 δὲ
3527 3937 3678 4006 ἡμῖν,
3712 3939 3794 3990 ὅτι
3821 3940 3927 3992 οὐκ

2347 4019 2600 4087 ἀνόνητος
2618 4020 2714 4090 τῆς
2741 4021 3048 4092 προσευχῆς
3067 4025 3094 4075 ὁ
3115 4023 3344 4094 καρπός.
3374 4026 3511 4095 Φησὶ
3532 4027 3640 4098 γάρ
3657 4042 3670 4056 ⁸
3692 4029 3813 4082 Οὐκ
3835 4032 3928 4096 εἰς

2347 4111 2558 4166 ἄνοιαν
2588 4113 2734 4181 ἐμοι.
2764 4114 3072 4180 Τουτέστιν,
3102 4111 3215 4168 οἶδα
3247 4116 3457 4184 σαφῶς,
3489 4117 3565 4181 ὡς
3587 4119 3929 4191 κεκράξομαι

2353 4202 2449 4270 μὲν
2482 4200 2611 4268 ἐγὼ,
2640 4201 2944 4254 είσακούσει
2972 4202 3028 4254 δὲ
3057 4203 3236 4266 αὑτός.
3272 4204 3393 4256 Ὅτι
3425 4220 3486 4271 γε
3517 4204 3632 4266 καὶ,
3655 4206 3930 4259 κατοικῶν

2351 4293 2407 4344 ἐν
2445 4293 2617 4359 ἁγίοις
2649 4297 2760 4355 τοῖς
2792 4294 2872 4354 είς
2907 4293 2963 4345 σὲ
2996 4293 3086 4346 τδν
3115 4293 3241 4346 νοῦν
3275 4293 3488 4363 ἔχουσιν
3511 4333 3525 4358 ,
3571 4295 3795 4359 ἔπαινος
3831 4299 3933 4352 καὶ

2349 4380 2474 4445 δόξα
2504 4381 2680 4433 αὐτῶν
2710 4382 2892 4454 γίγνῃ.

2421 4471 2504 4526 Σὺ
2524 4471 2591 4524 δὲ
2609 4472 2678 4524 ἐν
2699 4471 2844 4542 ἁγίῳ
2863 4471 3176 4539 κατοικεῖς,
3205 4474 3238 4526 ό
3259 4472 3503 4540 ἔπαινος
3527 4472 3632 4527 τοῦ
3664 4472 3929 4541 Ἰσραήλ.

2279 4563 2323 4616 D
2363 4560 2420 4614 Ὀ
2458 4560 2843 4633 ἐπαινούμενος
2873 4561 2975 4616 ὑπὸ
3004 4563 3097 4616 τοῦ
3141 4564 3355 4635 Ἰσραήλ
3377 4580 3388 4592 °
3435 4563 3467 4634 ἢ
3511 4566 3540 4616 ό
3572 4563 3734 4626 αὑτδς
3764 4564 3930 4616 ἐπαι-

2355 4669 2442 4716 νος
2471 4652 2563 4706 ὧν.

2439 4745 2560 4798 Ἐπὶ
2595 4745 2694 4798 σοὶ
2745 4745 3015 4813 ἤλπισαν
3064 4749 3116 4798 ot
3151 4744 3398 4811 πατέρες
3429 4744 3620 4814 ἡμῶν,
3656 4745 3935 4812 ἤλπισαν

2356 4836 2452 4888 καὶ
2480 4836 2712 4906 ὲρῤὐσω
2744 4839 2983 4903 αὐτούς.
3045 4838 3292 4908 Πατέρας
3336 4836 3529 4890 ἐαυτοῦ
3577 4837 3716 4890 κατὰ
3749 4836 3933 4908 σάρκα

2355 4929 2480 4990 τοὺς
2508 4928 2852 4999 πατριάρχας
2876 4931 2969 4982 καὶ
3007 4928 3134 4991 τοὺς
3169 4930 3449 5001 προφήτας
3474 4928 3626 5000 φησι.
3678 4928 3934 4985 Δείκνυσι

2351 5019 2409 5072 δὲ
2433 5021 2526 5072 καὶ
2554 5020 2650 5088 τῆς
2681 5020 2892 5083 ἐλπίδος
2929 5020 2990 5074 τὸ
3025 5021 3230 5092 κέρδος.

2421 5107 2440 5181 [
2474 5110 2598 5162 Ἐπί
2625 5110 2725 5163 σοὶ
2753 5111 3026 5178 ἤλπισαν
3061 5115 3114 5165 oi
3144 5111 3394 5179 πατέρες
3423 5110 3607 5181 ἡμῶν.
3653 5110 3814 5166 Ἀλλὰ
3836 5116 3935 5168 καὶ

691 5208 818 5256 ante
853 5215 940 5254 me
971 5199 1269 5254 secundum
1315 5211 1535 5250 carnem
1579 5197 1819 5253 fuerunt.
1869 5191 2079 5246 scilicet
2134 5208 2257 5261 pro-

2347 5204 2396 5254 οἰ
2419 5201 2559 5254 κατὰ
2591 5199 2769 5272 σάρκα
2799 5202 2905 5273 πρὸ
2932 5197 3065 5273 ἐμοῦ
3086 5245 3099 5266 ,
3127 5202 3406 5256 τουτέστιν
3431 5205 3478 5256 oi
3509 5203 3804 5272 προφῆται,
3835 5204 3935 5257 ἰπὶ

692 5290 888 5361 pheta.
911 5287 965 5341 in
989 5297 1040 5341 te
1057 5283 1400 5341 conﬁdebant
1423 5297 1596 5338 meam
1627 5286 2004 5350 exspectantes
2021 5279 2257 5331 illustra-

692 5382 918 5444 tionem,
954 5392 1129 5447 neque
1151 5391 1246 5446 spe
1269 5374 1404 5442 lapsi
1449 5383 1597 5436 sunt,
1643 5371 2002 5440 similiterque
2036 5371 2256 5430 patriar-

693 5467 856 5540 τιτι]

766 5557 820 5613 7.
861 5558 972 5630 Ego
1010 5569 1185 5615 autem
1217 5577 1332 5614 sum
1383 5561 1568 5613 vermis
1605 5567 1654 5612 et
1703 5573 1806 5610 non
1857 5556 2029 5611 homo.
2089 5557 2250 5610 Docet

763 5714 808 5751 ³⁸
829 5716 962 5775 an.
1005 5736 1044 5787 ι,
1074 5719 1162 5775 78.

762 5811 840 5883 (7)
893 5810 1017 5866 Haec
1066 5827 1096 5867 a
1153 5807 1369 5866 Daniele
1414 5809 1653 5865 Barbare
1709 5807 2018 5864 tribuuntur
2060 5809 2299 5883 (trigeni.

2352 5295 2435 5346 σοὶ
2469 5293 2842 5364 προσεδόκων,
2888 5296 2986 5367 τὴν
3035 5295 3172 5367 ἐμὴν
3217 5295 3514 5366 ἐπίλαμψιν
3547 5296 3932 5367 ἀναμένοντες.

2350 5385 2445 5437 καὶ
2488 5384 2587 5454 τῆς
2619 5383 2829 5449 ἐλπίδος
2865 5385 2926 5438 οὐ
2960 5384 3384 5457 διεψεύσθησανο
3449 5386 3710 5449 ὡσαύτως
3745 5384 3841 5437 καὶ
3878 5387 3935 5439 οῖ
4011 5440 4018 5444 _

2359 5476 2709 5546 πατριάρχαι.
2736 5475 2757 5549 ]
3967 5461 3982 5473 ’

2443 5567 2588 5636 Ἐγὼ
2621 5565 2689 5619 δέ
2711 5570 2826 5638 ειμι
2855 5567 3124 5637 σκώληξ,
3165 5568 3262 5623 καί
3292 5571 3402 5624 οὐκ
3436 5569 3764 5637 ἄνθρωπος.
3821 5562 3936 5620 Τα-
