4122 6498
188 483 278 536 tu

1291 473 1652 530 EXPOSITIO
1691 472 1754 526 IN
1795 473 2122 529 PSALML'M
2162 472 2295 526 XXI.

3303 481 3408 534 ιιι

186 593 526 663 πεινόφρσνας
561 588 698 648 εἶναι
731 591 999 653 διδάσκει,
1032 592 1120 643 καὶ
1157 589 1385 659 μάλιστα
1421 590 1740 660 προσιόντας

1856 603 1960 642 esse
1999 590 2228 643 humiles
2286 598 2552 656 oportere,
2604 591 2946 659 maximeque
2995 593 3312 648 accedentes
3343 601 3407 649 ad

182 686 307 754 Θεῷ.
361 685 655 754 ’Ὀνειόος⁴
682 683 1003 752 ἀνθρώπων
1030 683 1123 736 καὶ
1161 682 1536 752 ἐξουδένωμα
1574 681 1744 734 λαοῦ.

183 776 353 829 ταῦτα
387 775 580 843 σαφῶς
615 777 644 827 6
689 774 1072 845 εὑαγγελιστὴς
1120 775 1433 844 πεπρᾶχθαι
1476 775 1553 836 είς
1589 773 1748 825 αὐτὸν

185 867 310 919 κατὰ
337 867 426 919 τὸν
457 866 649 936 καιρὸν
671 866 764 918 τοῦ
791 865 1020 936 σταυροῦ
1049 883 1208 934 φησιν
1232 884 1245 896 ο
1274 866 1393 918 καθ’
1414 865 1474 917 ὃν
1503 865 1748 916 ὲπέσειον

185 956 320 1026 αὖτῷ
340 959 386 1007 οί
413 957 925 1028 παραπορευόμενοι
953 956 1047 1018 τὰς
1076 956 1335 1024 κεφαλὰς,
1361 957 1456 1008 καὶ
1481 956 1749 1023 εϐλασφή-

188 1067 309 1116 μουν
337 1049 416 1111 είς
449 1049 614 1100 αὑτὸν
637 1050 914 1117 λέγοντες*
949 1051 1015 1102 El
1049 1049 1178 1114 Υἱὸς
1205 1046 1262 1102 εἶ
1285 1049 1387 1102 τοῦ
1417 1047 1565 1102 Θεοῦ
1586 1088 1598 1110 ,
1631 1048 1747 1101 σῶ-

185 1154 290 1190 σιν
311 1139 596 1190 σεαυτόν.

251 1229 370 1280 Ὀτι
399 1229 481 1281 σὺ
507 1225 568 1281 εἷ
589 1232 622 1282 ό
651 1228 966 1293 ἐπισπάσας
1011 1245 1088 1296 με
1121 1229 1188 1281 ἐκ
1241 1228 1519 1296 γαστρός.
1581 1224 1749 1278 Τοῦτό

186 1333 371 1384 φησιν,
410 1318 602 1388 ἐπειδὴ
643 1320 760 1370 κατ’
805 1319 1046 1371 εὐδοκίαν
1077 1319 1170 1371 τοῦ
1212 1320 1422 1388 Πατρδς
1477 1315 1747 1388 ὲνηνθρὼ-

187 1425 363 1478 πησεν.
399 1410 540 1461 Ὅτε
563 1409 693 1480 γὰρ,
715 1409 895 1478 φησιν,
916 1406 1061 1475 ἦλθε
1087 1411 1150 1461 τὸ
1182 1407 1471 1476 πλήρωμα
1491 1407 1596 1461 ⁴τοῦ
1624 1406 1751 1474 χρόα

183 1514 304 1558 νου.
333 1497 768 1561 ἐξαπέστειλεν
795 1503 827 1553 ό
862 1499 1003 1564 Θεὸς
1027 1499 1130 1552 τὸν
1163 1499 1293 1552 fier
1319 1497 1507 1552 αὐτοῦ
1538 1497 1751 1566 γεννώ-

182 1606 355 1656 μενον
383 1590 454 1642 ἐκ
485 1591 791 1658 γυναικός.
845 1591 1234 1660 Ἑπιγράφεται
1272 1590 1378 1661 γὰρ
1422 1592 1517 1643 καὶ
1561 1589 1751 1642 ἐλπίδα.

185 1683 266 1733 τᾶν
296 1683 489 1736 ἑαυτοῦ
524 1684 745 1756 Πατέρα
764 1725 777 1748 ,
806 1685 1074 1738 καὶτοῦτο
1097 1685 1267 1753 λέγων
1318 1684 1391 1747 ὡς
1423 1684 1710 1754 ἄνθρωπος
1733 1701 1746 1713 °

187 1773 361 1842 ἐπειδὴ
393 1773 505 1845 γὰρ
539 1776 632 1828 τὸν
684 1778 911 1844 Χριστὸν
958 1778 1115 1848 μόνον
1147 1781 1209 1831 ὲκ
1260 1779 1359 1849 τῆς
1393 1780 1608 1850 Μαρίας
1637 1780 1750 1844 ἐξέ-

189 1879 381 1916 σπασεν
409 1867 437 1917 6
466 1866 636 1929 Θεὸς,
661 1867 770 1920 τῶν
801 1868 972 1921 ἄλλων
999 1869 1297 1941 ἀνθρώπων
1332 1871 1432 1923 οὐκ
1460 1871 1754 1941 ἐκσπωμέ-’

1851 679 2036 735 Deum.
2078 679 2430 748 Opprobrium
2455 681 2721 734 hominum
2746 692 2793 734 et
2823 681 3046 750 abjectio
3069 685 3252 751 plebis.
3287 685 3410 740 l'lrec

1847 772 2174 840 evangelista
2211 773 2261 825 in
2295 782 2537 841 tempore
2561 775 2739 827 crucis
2777 775 2981 829 factum
3020 777 3120 844 ipsi
3170 787 3408 840 enarrat,

1849 879 1971 917 eum
1997 866 2086 932 qui
2113 866 2476 934 prmteribaut,
2512 867 2688 935 capita
2714 878 2990 921 moverent
3015 877 3069 921 et
3096 868 3408 938 blasphema

1850 954 2156 1023 huiusmodi
2188 957 2347 1009 verba
2385 957 2690 1024 proferrent
2720 958 2772 1010 in
2808 973 2966 1013 eum:
3005 957 3062 1013 Si
3094 959 3267 1012 Filius
3316 959 3412 1012 Dei

1849 1064 1922 1108 es,
1957 1047 2151 1101 saltum
2176 1049 2262 1117 fac
2293 1050 2622 1117 temetipsum
2641 1050 2707 1104 ".

1918 1224 2002 1278 10.
2029 1223 2284 1288 Quoniam
2304 1234 2358 1276 ιιι
2387 1243 2437 1278 es
2468 1227 2557 1294 qui
2586 1229 2868 1281 extruxisti
2889 1245 2964 1280 me
2996 1229 3059 1282 de
3089 1238 3280 1281 ventre.
3303 1227 3415 1282 [loc

1850 1317 1946 1381 ait,
1977 1319 2102 1386 quia
2136 1320 2434 1372 secundum
2477 1318 2654 1372 Patris
2699 1320 3094 1389 beucplacilum
3126 1319 3302 1375 factus
3334 1332 3417 1375 est

1851 1407 2032 1461 homo.
2070 1406 2168 1460 Ubi
2207 1423 2461 1478 namque,
2511 1412 2606 1470 ait,
2662 1411 2796 1463 venit
2844 1411 3115 1478 plenitudo
3149 1413 3394 1479 temporis

1853 1498 1993 1550 misit
2012 1497 2146 1550 Deus
2176 1495 2374 1550 Filium
2396 1516 2548 1552 suum
2593 1515 2772 1552 natum
2805 1515 2867 1552 ex
2910 1501 3128 1554 muliere
3151 1500 3218 1556 ³⁸.
3272 1499 3389 1554 Scri

1851 1597 2000 1658 ptum
2015 1590 2211 1659 quippe
2226 1600 2308 1644 est
2324 1591 2501 1659 ipsum
2526 1591 2578 1644 in
2602 1591 2761 1645 Patre
2783 1607 2931 1661 spem
2953 1591 3238 1657 habuisse;
3257 1601 3418 1662 atque

1854 1681 1905 1733 id
1962 1681 2036 1735 ait
2071 1690 2338 1750 quatenus
2391 1682 2595 1745 homo;
2629 1685 2756 1750 quia
2806 1686 2981 1739 solum
3031 1685 3310 1738 Clu-imum
3351 1700 3416 1738 ex

1852 1769 2019 1825 Maria
2046 1771 2187 1826 Deus
2225 1774 2718 1834 extraxit.czetcris
2743 1775 3060 1830 hominibus
3095 1792 3202 1830 non
3242 1787 3417 1831 extra-

1852 1861 1956 1914 ctis
1986 1862 2076 1914 sed
2101 1864 2337 1932 egressis
2365 1882 2377 1917 :
2417 1864 2562 1918 Exiit
2590 1868 2795 1936 quippe,
2831 1867 2927 1933 ait,
2959 1867 3124 1934 Esau,
3153 1870 3238 1922 cui
3267 1868 3418 1938 pellis

187 1970 302 2014 νων,
323 1955 436 2007 ἀλλ’
460 1956 854 2028 ἐξερχομένων.
897 1930 1148 2027 Ἐξῆλὸε
1169 1959 1297 2029 γὰρ,
1321 1961 1503 2031 φησιν,
1539 1930 1745 2025 Ἠσαῦ,
1781 1930 1822 1987 Β
1852 1953 2018 2020 Pilosa
2040 1953 2105 2006 "-

187 2037 231 2108 ᾧ
261 2048 294 2111 ἠ
330 2046 473 2116 δορὰ
499 2048 716 2115 δασύς.

249 2136 372 2190 Ἐπὶ
390 2137 464 2191 σὲ
476 2139 880 2207 ἐπερρίςεηνὲκ
889 2140 1116 2208 μήτρας
1131 2141 1536 2210 ἀπὸταστρὸς,
1555 2158 1608 2196 κ.
1631 2158 1682 2196 τ.
1701 2142 1748 2193 λ.

190 2225 408 2296 Εὖχεται
460 2229 626 2282 πάλιν
657 2229 731 2293 ὡς
774 2233 838 2284 ὲκ
871 2232 1158 2304 προσώπου
1191 2233 1290 2302 τῆς
1315 2233 1750 2305 ἀνθρωπότητος.

190 2317 289 2369 Καὶ
314 2319 420 2391 γὰρ
453 2323 482 2374 6
524 2322 634 2374 τῶν
669 2323 920 2393 μαθητῶν
967 2325 1128 2378 αὐτὸν
1179 2325 1528 2379 καταλέλοιπε
1575 2325 1750 2395 χορός,

189 2402 312 2460 Εἶτα
339 2409 597 2480 προλέγει
630 2412 698 2465 τὰ
731 2413 827 2482 τῆς
852 2413 1078 2482 θλίψεως
1105 2415 1240 2486 εἴδη.

253 2499 749 2566 Περιεκύκλωσὰν
761 2518 836 2570 με
849 2503 1068 2574 μόσχοι
1084 2505 1320 2560 πολλοί.
1343 2505 1463 2560 Τῶν
1491 2505 1755 2562 Ἰουδαίων

189 2590 303 2651 τοὺς
331 2591 604 2662 ἄρχοντάς
630 2609 814 2662 φησιν.

258 2681 412 2735 Ὠσει
442 2683 604 2751 ὕδωρ
629 2685 940 2754 ἐξεχύθην,
975 2688 1073 2741 καί
1099 2687 1530 2760 διεσκορπίσση
1561 2706 1758 2745 παντα

188 2770 258 2825 τέι
279 2771 427 2826 ὀστᾶ
449 2789 594 2841 μου.
641 2775 802 2827 Ὀστᾶ
830 2777 994 2829 αὐτοῦ
1020 2795 1151 2848 φησι
1179 2781 1302 2843 τοὺς
1331 2781 1514 2848 ἁγίους
1555 2799 1759 2851 μυστα-

188 2862 387 2930 γωγοῦς
413 2880 425 2892 °
481 2867 531 2918 εί
573 2863 681 2938 γὰρ
709 2868 862 2939 σῶμα
883 2870 1047 2923 αὐτοῦ
1079 2873 1106 2941 ἡ
1158 2872 1448 2941 Ἐκκλησία
1469 2913 1484 2936 ,
1535 2874 1758 2937 εἰκότως

190 2958 275 3009 καὶ
294 2960 342 3010 οί
373 2959 690 3029 συνέχοντες
719 2963 889 3032 αὐτὴν
923 2964 1162 3034 νοηθεῖεν
1193 2964 1258 3017 ἂν
1285 2967 1435 3020 ὀστᾶ.
1491 2966 1758 3020 Ἦκούσα⁴

191 3065 283 3118 μεν
304 3050 358 3102 δὲ
381 3051 476 3103 τοῦ
503 3053 910 3119 εὐαγγελιστοῦ,
934 3055 1029 3118 ὡς,
1058 3055 1450 3127 πλληφθέντος
1471 3058 1633 3112 αὑτοῦ
1656 3077 1758 3112 πα-

191 3139 254 3211 ρὰ
277 3141 372 3211 τῆς
398 3143 629 3213 σπείρας
658 3143 764 3196 τῶν
797 3147 1162 3217 στρατιωτῶν,
1187 3149 1676 3222 διεσκορπίσθησαν
1707 3153 1757 3204 οί

1924 2130 2008 2184 Η.
2043 2129 2109 2184 1η
2152 2142 2199 2185 ιθ
2227 2130 2487 2200 projectus
2525 2149 2639 2185 sum
2669 2148 2733 2186 ex
2773 2145 2918 2186 utero
2961 2133 3024 2186 de
3065 2142 3256 2197 ventre,
3308 2141 3411 2186 etc.

1854 2219 2114 2276 Precatur
2138 2239 2356 2278 rursum
2387 2238 2483 2278 ceu
2517 2239 2583 2278 ex
2610 2238 2840 2292 persona
2873 2225 3245 2279 humanitatis.
3281 2222 3416 2279 Nam

1853 2315 2058 2369 chorus
2083 2315 2476 2385 discipulorum
2505 2317 2679 2384 ipsum
2702 2316 3036 2372 deseruerat.
3055 2315 3262 2372 Exinde
3285 2333 3422 2386 prae-

1855 2407 1988 2460 dicit
2018 2405 2215 2460 futurae
2245 2407 2575 2463 calamitatis
2599 2409 2834 2478 species.

1928 2500 2012 2554 1³5.
2067 2497 2530 2555 Circumdederunt
2580 2517 2660 2554 me
2696 2503 2849 2554 vituli
2884 2502 3055 2556 multi.
3107 2497 3419 2556 Judatorum

1857 2591 2131 2661 principes
2161 2593 2256 2644 ait.

1931 2682 2016 2735 15.
2049 2680 2195 2735 Sicut
2221 2698 2358 2744 aqua
2384 2681 2581 2748 eﬂ‘usus
2608 2696 2747 2744 sum,
2766 2690 2813 2733 et
2838 2679 3073 2748 dispersa
3102 2690 3224 2733 sunt
3246 2681 3424 2733 omnia

1857 2790 1976 2827 ossa
2001 2789 2134 2826 mea.
2154 2772 2290 2826 Ossa
2321 2773 2440 2842 ejus
2470 2783 2628 2826 vocat
2654 2782 2873 2828 sanctos
2902 2773 3281 2844 mysteriorum
3304 2775 3423 2840 ejus

1860 2866 2180 2920 iuitiatores.
2241 2864 2296 2918 Si
2347 2880 2584 2934 namque
2614 2880 2814 2933 corpus
2869 2865 2988 2934 ejus
3039 2863 3279 2919 Ecclesia
3315 2875 3422 2928 est,

1853 2957 1977 3025 jure
2018 2958 2111 3026 qui
2145 2957 2523 3011 administrant
2559 2956 2704 3009 illam
2747 2971 2873 3010 ossa
2921 2957 3283 3024 appellentur.
3319 2957 3424 3011 Au-

1862 3049 2101 3103 dit-imus
2142 3059 2321 3104 autem
2361 3049 2748 3118 evangelistam
2781 3057 3113 3113 narrantem,
3155 3049 3298 3117 quod
3331 3049 3422 3102 ubi

1861 3156 1890 3194 a
1918 3141 2140 3195 cohorte
2165 3141 2396 3194 militum
2427 3149 2618 3209 captus
2670 3137 2882 3204 fuisset,
2931 3139 3163 3209 dispersi
3222 3138 3426 3193 iuerint

191 3231 436 3301 μαθηταί.
499 3235 612 3286 Καὶ
645 3235 844 3299 ἄλλως-ο
884 3238 964 3291 Τὰ
991 3239 1123 3292 ὀστᾶ
1149 3240 1247 3309 τῆς
1277 3241 1487 3310 σοφίας,
1523 3243 1590 3296 τὰ
1625 3243 1754 3312 am

1861 3232 2132 3300 discipuli.
2185 3232 2306 3286 Alio
2359 3233 2555 3285 modo:
2593 3231 2884 3300 Sapientia:
2935 3245 3060 3286 ossa
3097 3240 3226 3286 sunt
3269 3247 3424 3286 sacra

189 3322 423 3393 δόγματα
469 3325 572 3396 τῆς
615 3327 936 3399 Ἐκκλησίας
969 3330 1114 3382 ἐστὶν
1139 3369 1153 3392 ,
1187 3331 1332 3400 ἆπερ
1365 3335 1421 3383 ἐν
1447 3332 1524 3401 τῷ
1568 3333 1759 3402 Πάσχα

190 3413 261 3484 μὴ
279 3417 582 3488 συντρίϐειν
603 3421 714 3482 τοῖς
743 3420 1014 3482 Ἰουδαίοις
1035 3421 1470 3491 νενομοθέτηται·
1507 3422 1760 3477 Ὀστοῦν

189 3507 289 3580 γὰρ
311 3509 519 3572 αὑτοῦ,
554 3510 737 3580 φησιν,
789 3513 862 3564 οὐ
887 3513 1331 3580 συντριϐήσετε.
1399 3513 1679 3582 Ἐγενήθη
1717 3517 1757 3585 ἡ

191 3600 390 3668 καρδία
426 3619 553 3670 μου
597 3601 742 3655 ὡσεὶ
781 3601 964 3671 κηρὸς
996 3607 1339 3674 τηκόμενος.
1400 3606 1556 3658 Ἰδιον
1585 3605 1757 3678 λύπης

190 3691 246 3744 τὸ
269 3693 558 3762 είρημένον
577 3710 589 3722 ο
624 3694 930 3765 γέγραπται
965 3696 1073 3767 γάρ
1096 3713 1109 3726 °
1156 3698 1410 3764 Ἤρξατο
1439 3697 1758 3753 λυπεῖσθαι

192 3780 279 3832 καί
305 3781 653 3850 ἀδημονεῖν.
697 3782 974 3836 Ἐλυπεῖτο
1002 3783 1058 3836 δὲ
1093 3783 1233 3854 ὑπέρ
1272 3801 1331 3835 τε
1359 3783 1452 3836 τοῦ
1500 3783 1757 3836 Ἰουδαίων

192 3869 363 3936 ἔθνους
397 3876 494 3927 καὶ
537 3873 633 3926 τοῦ
675 3875 966 3944 προδότου,
993 3875 1078 3928 ὅτι
1110 3875 1173 3945 δὴ
1205 3874 1446 3944 ἀπωλείᾳ
1475 3875 1757 3946 παρελαμο

193 3956 402 4013 ϐάνοντο
427 3962 517 4016 διὰ
546 3962 648 4031 τὴν
673 3965 752 4024 εἰς
781 3964 940 4015 αὑτὸν
971 3961 1245 4017 ἀσέϐειαν.

258 4049 277 4122 [
294 4053 397 4106 Kal
424 4052 860 4120 διεσκορπίσθη
890 4053 1084 4108 πάντα
1099 4054 1167 4108 τὰ
1183 4052 1334 4107 ὀστᾶ
1346 4072 1484 4123 μου.
1520 4055 1757 4108 Εσκέδα-

196 4155 326 4205 σται,
345 4143 618 4212 φησὶ,καὶ
637 4143 1015 4214 διεσκορπίσθη
1045 4142 1112 4196 τὰ
1149 4143 1286 4206 τέως
1325 4145 1380 4196 ὲν
1410 4143 1580 4197 ὀστῶν
1609 4143 1757 4212 τάξει

193 4229 280 4302 τὴν
329 4234 555 4301 περὶτὸν
617 4233 931 4288 διδάσκαλον
983 4234 1403 4305 συμπληροῦντα
1475 4235 1754 4300 σύνταξιν

192 4324 403 4392 ἀφέντες
449 4326 566 4397 γὰρ
606 4327 767 4379 αὐτὸν
825 4329 872 4380 οί
934 4325 1171 4397 μαθηταὶ
1223 4327 1460 4396 ἔφυγον,
1508 4327 1568 4380 τὸ
1620 4330 1760 4383 κατὰ

193 4414 356 4468 πεδίον
384 4416 682 4485 ἀφιέμενον
711 4415 852 4486 ὓδωρ
884 4414 1306 4487 μιμησάμενοι.]

269 4503 596 4572 Ἐξηρὰνθη
637 4505 716 4569 ὡς
766 4504 1060 4572 ὄστρακον
1089 4507 1126 4572 ἠ
1171 4505 1349 4572 ίσχὺς
1376 4523 1530 4573 μου.
1583 4505 1682 4558 καί
1718 4507 1756 4574 ἡ

1865 3323 2118 3377 Ecclesia:
2143 3323 2418 3392 dogmata,
2467 3337 2589 3391 qua:
2633 3322 2686 3374 in
2735 3321 3001 3377 Paschate
3051 3337 3160 3376 nou
3196 3326 3426 3378 commi-

1862 3430 2028 3468 nuere
2068 3413 2269 3468 Judazis
2309 3413 2422 3482 lege
2456 3425 2676 3466 cautum
2727 3421 2830 3467 est.
2860 3411 2951 3466 Ait
2991 3413 3176 3467 enim:
3211 3413 3282 3468 0s
3325 3431 3426 3466 non

1859 3506 2226 3558 comminuetis
2253 3518 2316 3556 ea:
2346 3519 2403 3556 eo
2422 3503 2485 3556 “.
2512 3501 2738 3557 Factum
2763 3513 2840 3557 est
2865 3519 2956 3556 cor
2981 3519 3148 3557 meum
3176 3513 3427 3573 tanquam

1862 3611 1982 3648 cera
2005 3594 2315 3664 liquescens.
2347 3591 2636 3662 Propriqu
2664 3592 2870 3646 doloris
2894 3601 2977 3647 est
3011 3594 3156 3662 quod
3184 3591 3383 3648 dicitur
3410 3613 3424 3660 ;

1860 3687 2122 3755 Scriptum
2154 3686 2296 3740 enim
2325 3694 2410 3740 est
2436 3685 2478 3717 ³³
2501 3701 2514 3736 :
2537 3685 2700 3754 Carpit
2727 3701 2910 3755 parere
2940 3694 2990 3738 et
3033 3684 3238 3739 ta'dere.
3270 3685 3427 3742 Indo-

1859 3779 1960 3833 luit
2019 3788 2198 3834 autem
2261 3778 2514 3832 Christus
2564 3777 2631 3832 de
2682 3777 2991 3832 Judzeorum
3033 3787 3086 3833 et
3137 3778 3428 3846 proditoris

1859 3873 2137 3942 pernicie,
2209 3872 2278 3925 ob
2333 3872 2572 3937 ipsorum
2637 3871 2688 3923 in
2753 3870 3030 3925 Christum
3097 3870 3424 3940 impietatem

1859 3964 2025 4016 illata.

1931 4052 2027 4126 [Et
2068 4054 2304 4124 dispersa
2337 4065 2457 4108 sunt
2488 4055 2662 4107 omnia
2687 4070 2806 4107 ossa
2853 4070 2986 4108 mea.
3028 4053 3318 4122 Dissipata,
3352 4054 3429 4107 in.

1859 4148 1997 4218 quit,
2027 4155 2080 4201 et
2105 4148 2350 4217 dispersa
2373 4157 2520 4211 sunt,
2548 4163 2668 4217 quae
2696 4146 2835 4216 apud
2870 4147 3188 4216 magistrum
3217 4147 3422 4202 ossium

1861 4255 2060 4294 munus
2088 4248 2142 4295 et
2183 4241 2428 4294 ordinem
2479 4239 2810 4308 implebant:
2845 4240 3030 4293 relicto
3072 4253 3310 4306 namque
3352 4254 3419 4292 eo

1859 4331 2110 4400 discipuli
2153 4331 2405 4400 fugerunt
2431 4330 2497 4392 ³⁸,
2536 4330 2706 4383 instar
2738 4344 2913 4397 aquae,
2950 4344 3070 4398 qua:
3117 4328 3172 4383 in
3206 4328 3427 4397 planitie

1860 4419 2196 4490 eﬂ‘uuditur.]

1933 4510 2019 4565 16.
2050 4511 2208 4563 Arnit
2232 4521 2481 4580 tanquam
2512 4517 2644 4562 testa
2669 4511 2832 4564 virtus
2863 4527 2998 4572 mea,
3026 4519 3076 4564 et
3101 4509 3281 4579 lingua
3309 4525 3423 4563 mea

193 4593 430 4661 γλῶσσα
450 4595 814 4661 κεκόλληται
841 4593 922 4658 τῷ
946 4593 1197 4664 λάρυγγ’(
1220 4613 1360 4663 μου.
1393 4596 1465 4661 Ση
1475 4594 1652 4664 μαίνει
1672 4596 1754 4648 διὰ

1861 4603 2084 4657 adhaesit
2127 4603 2370 4669 faucibus
2418 4602 2566 4656 meis.
2603 4599 2698 4656 His
2741 4602 2886 4656 sitim
2920 4600 3189 4668 signiﬁcat
3217 4615 3322 4670 qua
3370 4601 3422 4654 in

194 4685 381 4738 τούτων
421 4686 520 4755 τὴν
557 4684 652 4737 ἐπὶ
692 4684 770 4756 τῷ
818 4685 985 4756 τιμίῳ
1019 4686 1233 4758 σταυρῷ
1283 4686 1564 4756 συμὸἄσαν
1611 4687 1756 4758 αὑτῷ

193 4776 374 4847 δίψαν,
429 4781 519 4833 ὅτε
573 4779 667 4830 καὶ
705 4780 984 4849 αἰτήσαντι
1018 4783 1193 4845 πιεῖν,
1228 4780 1345 4844 ὅξος
1383 4783 1755 4852 προσήνεγκαν

196 4871 332 4940 αὑτῷ
361 4871 498 4942 μετὰ
550 4869 732 4940 χολῆς.
792 4869 921 4941 [Διὸ
953 4870 1122 4940 λέγει·
1157 4874 1264 4926 Kal
1300 4875 1335 4938 ἡ
1366 4871 1614 4942 γλῶσσά
1637 4893 1755 4942 μου

198 4963 548 5031 κεκόλληται
579 4961 657 5026 τῷ
678 4961 930 5032 λάρυγγί
955 4963 1120 5034 pom]
1157 4964 1264 5018 Kal
1295 4967 1380 5029 εις
1401 4963 1552 5031 χοῦν
1580 4965 1756 5020 θανά-

199 5067 294 5106 του
326 5053 659 5124 κατήγατές
684 5070 778 5122 με.
851 5055 1044 5126 Χάριτι
1077 5053 1183 5125 γὰρ
1221 5053 1355 5107 Θεοῦ
1387 5055 1524 5124 ὑπὲρ
1557 5057 1756 5120 παντὸς

200 5141 446 5208 ἐγεύσατο
469 5144 728 5198 θανάτου.
762 5143 835 5196 Οὐ
861 5142 968 5214 γὰρ
994 5145 1070 5206 είς
1101 5143 1355 5204 θάνατον,
1393 5141 1504 5193 ἀλλ’
1526 5145 1604 5205 εἰς
1629 5143 1755 5212 χοῦν

201 5232 416 5288 θανάτου
455 5234 710 5304 κατήχθη
737 5236 764 5286 6
796 5234 1054 5303 Χριστός·
1097 5235 1195 5286 οὐκ
1226 5232 1614 5303 ἐγκατελείφθη
1649 5234 1754 5304 γὰρ

200 5325 230 5395 ἡ
257 5325 396 5394 ψυχὴ
416 5326 586 5380 αὑτοῦ
612 5327 689 5384 είς
713 5327 802 5380 τὸν
832 5325 983 5398 ᾅδην,
1013 5325 1130 5379 οὐδὲ
1163 5323 1298 5395 σὰρξ
1318 5323 1480 5376 αὑτοῦ
1512 5319 1616 5377 εἶδε
1644 5326 1756 5378 δια-

199 5417 411 5490 φθοράν.

265 5508 386 5564 Ὀτι
417 5509 778 5566 ἐκύκλωσάν
815 5529 890 5580 με
930 5512 1107 5578 κύνες
1133 5509 1368 5565 πολλοι.
1427 5509 1596 5562 Πάλιν
1636 5513 1759 5572 τοὺς

201 5597 448 5670 ἀρχοντας
483 5599 764 5674 σημαίνει.
801 5602 1060 5669 Ὠρυεαν
1081 5601 1280 5670 χεῖράς
1300 5617 1418 5670 μου
1450 5600 1546 5652 καί
1572 5598 1759 5665 πόδας

198 5708 321 5757 μου.
352 5690 448 5745 Διά
470 5691 600 5753 τοὺς
639 5691 698 5742 ὲν
723 5689 938 5761 σταυρῷ
961 5691 1120 5762 ἥλους
1153 5690 1334 5760 φησίν.

264 5822 302 5852 ³¹
327 5822 485 5894 ﬂare.
524 5838 613 5882 xv.
643 5821 731 5875 30.
808 5823 852 5894 ξ’
878 5823 1210 5892 Galat.tv,4.
1290 5825 1487 5879 “Gen.
1521 5842 1646 5894 xxv,
1681 5825 1770 5880 25'.

205 5889 282 5944 56.
379 5892 595 5946 "Psal.
635 5909 720 5954 Η,
777 5892 859 5949 10,

1861 4709 2023 4748 cruce
2063 4693 2351 4758 laboravit,
2402 4708 2525 4747 cum
2574 4692 2782 4761 rOganti
2817 4701 2996 4760 potum
3049 4702 3260 4745 acetum
3297 4706 3420 4745 cum

1861 4786 1982 4840 felle
2013 4786 2341 4839 obtulerunt.
2385 4783 2771 4856 [Quamobrem
2804 4783 2964 4837 dicit:
2999 4783 3063 4837 Et
3097 4784 3278 4855 lingua
3308 4801 3423 4838 mea

1861 4877 2079 4930 adliwsit
2117 4876 2355 4945 faucibus
2384 4873 2558 4945 meis.]
2589 4873 2655 4926 Et
2689 4875 2744 4926 in
2765 4876 3023 4941 pulverem
3055 4877 3238 4934 mortis
3259 4875 3424 4928 dedu-

1859 4970 1987 5022 xisti
2019 4985 2115 5022 me.
2155 4965 2288 5020 Nam
2319 4966 2411 5020 Dei
2444 4966 2615 5036 gratia
2648 4980 2746 5034 pro
2795 4965 3050 5020 universo
3081 4965 3283 5021 mundo
3324 4982 3424 5036 gu-

1860 5063 2026 5116 stavit
2060 5071 2304 5114 mortem.
2342 5057 2460 5112 Non
2487 5057 2630 5111 enim
2665 5056 2718 5108 in
2749 5067 2996 5120 mortem,
3036 5057 3130 5112 sed
3161 5057 3214 5110 in
3243 5057 3426 5125 pulve-

1859 5170 1972 5208 rem
2037 5153 2228 5206 mortis
2279 5151 2544 5206 deductus
2593 5157 2678 5204 est
2733 5148 3020 5202 Christus:
3078 5163 3420 5218 nequaquam

1857 5245 1999 5300 enim
2023 5245 2274 5298 derelicta
2303 5251 2385 5296 est
2405 5242 2582 5294 anima
2609 5240 2726 5309 ejus
2757 5239 2810 5293 in
2843 5238 3076 5303 inferno,
3103 5255 3276 5310 neque
3293 5255 3422 5295 caro

1862 5338 1980 5407 ejus
2011 5337 2142 5390 vidit
2175 5334 2572 5403 corruptionem
2590 5331 2654 5384 ³⁷.

1933 5499 2017 5552 Π.
2085 5497 2346 5562 Quoniam
2404 5497 2854 5550 circumdederunt
2907 5512 2986 5548 me
3037 5511 3190 5548 canes
3246 5495 3416 5547 multi.

1863 5591 2096 5645 Rursum
2132 5591 2405 5660 principes
2433 5588 2722 5659 signiﬁcat.
2760 5587 3032 5640 Fodcrunt
3061 5603 3249 5640 manus
3277 5603 3418 5641 nicas

1865 5691 1914 5738 et
1938 5681 2090 5748 pedes
2127 5696 2286 5732 meos.
2331 5678 2405 5733 De
2439 5678 2685 5732 crucifixi
2715 5677 2882 5732 clavis
2909 5677 2979 5729 ita
3015 5676 3274 5745 loquitur.

1849 5825 1892 5856 ”
1924 5819 2092 5874 Exod.
2130 5835 2226 5883 xu,
2256 5816 2344 5872 46.
2422 5817 2465 5856 ³³
2494 5815 2656 5872 Marc.
2693 5829 2802 5882 ειη,
2833 5813 2923 5868 '53.
2986 5813 3030 5844 ³⁸
3052 5809 3240 5866 Matth.
3265 5823 3416 5880 xm,
