4122 6488
705 449 802 504 135

774 563 857 617 18.
898 563 1367 616 Dlnumeravcrunt
1390 563 1565 614 omnia
1588 577 1708 613 ossa
1733 576 1869 614 mea.
1897 563 2259 614 Attrectantes
2291 564 2334 618 Α

701 658 910 713 scilicet
957 666 1128 708 totum
1182 670 1378 724 corpus
1429 654 1620 722 ipsius,
1669 662 1722 705 et
1771 653 2086 706 emetientes
2136 668 2260 706 ossa

704 748 915 815 singula
938 755 994 799 ιιι
1025 745 1370 813 explorarent
1401 743 1489 795 ubi
1523 745 1745 812 tigereut
1774 742 1976 795 clavos.
2011 741 2123 808 Ipsi
2147 759 2262 795 vero

702 838 1158 890 considcrnvernnt
1195 846 1243 889 et
1291 837 1626 902 inspexerunt
1678 851 1776 888 me.
1829 836 1883 889 Id
1927 846 2031 896 est,
2083 836 2265 888 irrise-

702 939 850 983 runt.
893 929 948 982 Id
982 938 1158 981 autem
1196 929 1270 980 ait
1319 929 1388 980 oh
1419 928 1758 998 chlamydem
1789 928 2120 988 coccineam,
2149 928 2262 998 spi-

704 1033 860 1072 neam
890 1034 1167 1082 coronam,
1197 1030 1249 1072 et
1281 1020 1550 1073 calamum
1579 1034 1677 1088 pro
1710 1028 1924 1087 sceptro
1946 1020 2156 1072 datum.

774 1189 860 1244 ‘19.
925 1189 1215 1242 Diviserunt
1261 1190 1360 1244 sibi
1416 1190 1720 1242 vestimenta
1779 1206 1910 1243 mea.
1973 1189 2160 1244 Isthmo
2210 1190 2261 1243 iu

703 1279 1005 1351 Evangeliis
1036 1282 1316 1351 perspicue
1350 1283 1615 1350 explicata
1649 1291 1794 1334 sunt.

769 1373 857 1427 20.
912 1372 984 1426 Tu
1017 1387 1210 1436 autem,
1255 1373 1494 1436 Domine,
1544 1391 1605 1426 ne
1638 1374 1955 1442 elongavcris
2005 1374 2265 1427 auxilium

705 1480 853 1523 tuum
887 1487 918 1522 a
960 1487 1058 1526 me.
1093 1469 1210 1522 Jam
1265 1471 1316 1523 in
1361 1487 1547 1539 preces
1596 1487 1898 1524 sermonem
1946 1480 2264 1526 commutat.

707 1558 824 1630 [Te,
862 1561 1055 1630 inquit,
1103 1562 1400 1628 Opitulaute
1451 1570 1504 1615 ct
1548 1564 1941 1632 patrocinante,
1977 1580 2101 1617 eum
2146 1574 2266 1632 post

706 1653 945 1706 triduum
983 1669 1352 1717 resurrexero,
1384 1670 1552 1708 vanas
1584 1655 1800 1708 illorum
1832 1654 2052 1708 insidias
2081 1665 2265 1708 osten-

703 1744 875 1816 dam.]
910 1745 1331 1813 Exemplumque
1367 1746 1523 1798 nohis
1546 1754 1648 1805 est,
1682 1762 1790 1814 quo
1832 1755 1986 1813 pacto
2014 1755 2266 1816 oporteat

703 1835 758 1888 in
796 1836 1180 1889 tentatiouilms
1211 1835 1378 1889 Deum
1414 1837 1686 1902 invocare,
1723 1853 1818 1890 nec
1847 1837 1898 1890 iu
1930 1853 2184 1906 angorem
2213 1847 2264 1890 et

1541 444 1595 497 S.
1629 441 1997 494 ATHANASII
2031 441 2178 496 OPP.
2218 438 2398 493 PARS
2433 437 2520 490 Ill.
2565 467 2632 478 —-
2668 436 3079 492 EXEGETICA.

3827 433 3920 484 138

2447 557 2884 622 Ἔξτιρίθμησαν
2911 552 3104 605 πάντα
3128 551 3197 604 τὰ
3218 549 3367 603 ὀστᾶ
3390 567 3528 618 μου.
3557 547 3921 617 Ψηλαφῶντες

2362 647 2500 701 κατὰ
2523 647 2581 699 τὸ
2606 646 2750 708 εἰκὸς
2777 645 2922 698 ἅπαν
2948 642 3112 697 αὑτοῦ
3141 643 3202 694 τὸ
3236 642 3412 710 σῶμα,
3442 640 3534 692 καὶ
3565 637 3917 708 ἀναμετροῦν-

2359 756 2450 800 τες
2482 740 2707 792 ’ἑκαστον
2732 737 2838 788 τῶν
2869 736 3088 796 ὀστέων,
3125 735 3208 786 ἵνα
3237 733 3390 785 ἴδοιεν
3413 726 3474 784 οὗ
3498 731 3622 791 τοὺς
3648 730 3810 797 ἥλους
3834 729 3915 796 πῆ-

2364 829 2448 893 ξαι
2491 831 2609 900 χρή.
2673 828 2852 882 Αὐτοὶ
2895 827 2960 878 δὲ
2999 828 3373 889 κατενόησαν
3418 823 3512 875 καὶ
3552 819 3794 873 ὲετεῐδόν
3832 835 3923 886 με.

2376 922 2518 972 Ἀντὶ
2545 920 2659 981 τοῦ,
2693 919 3043 985 ἐπεγέλασαν.
3103 917 3285 969 Ταῦτα
3317 915 3374 967 δέ
3403 930 3534 987 φησι
3566 911 3652 964 διὰ
3680 911 3776 980 τὴν
3809 927 3926 962 κοκο

2363 1014 2517 1082 κίνην
2541 1013 2784 1082 χλαμύδα
2807 1011 2899 1062 καὶ
2929 1011 3016 1063 τὸν
3045 1008 3104 1074 ἐξ
3132 1007 3379 1062 ἀκανθῶν
3408 1006 3664 1074 στέφανον
3688 1043 3702 1062 ,
3727 1003 3822 1054 καὶ
3844 1001 3927 1052 τὸν

2364 1106 2483 1156 ἀντὶ
2519 1105 2794 1175 σκήπτρου
2828 1105 3088 1172 κάλαμον.

2437 1199 2845 1264 Διεμερίσαντο
2873 1197 2942 1247 τὰ
2964 1191 3160 1262 ἱμάτιά
3181 1210 3299 1261 μου
3318 1188 3568 1254 ἑαυτοῖς.
3598 1184 3794 1254 Σαφῶς
3814 1182 3919 1236 ταῦ

2364 1306 2431 1342 τα
2460 1289 2515 1339 ὲν
2543 1291 2650 1350 τοῖς
2683 1287 3026 1354 Εὑαγγελίοις
3056 1285 3287 1355 ἐγράφη.

2434 1379 2516 1432 Σὺ
2556 1378 2641 1440 δὲ,
2677 1379 2848 1443 Κύριε
2869 1418 2881 1439 ,
2908 1376 2991 1444 μὴ
3019 1376 3327 1444 μακρύνῃς
3350 1372 3462 1437 τὴν
3483 1367 3775 1436 ,βοήθειάν
3819 1382 3930 1420 σου

2365 1468 2463 1522 ἀπ’
2495 1467 2658 1536 ἐμοῦ.
2726 1467 3024 1534 Μεθίστησι
3079 1467 3204 1526 τοὺς
3248 1463 3435 1529 λόγους
3482 1463 3560 1523 εἰς
3605 1457 3928 1530 προσευχήν.

2368 1558 2512 1629 [Σοῦ,
2554 1559 2712 1626 φησὶ,
2745 1557 3062 1627 βοηθοῦντος
3099 1556 3189 1607 καὶ
3220 1552 3746 1622 ἀντιλαμϐανομένου
3768 1590 3782 1612 ,
3819 1565 3932 1619 τρι-

2365 1653 2512 1713 ταῖος
2544 1650 2807 1712 αναστὰς,
2861 1648 3089 1719 ματαίαν
3135 1647 3310 1699 αὐτῶν
3344 1647 3443 1716 τὴν
3475 1644 3763 1714 ἐπιϐουλὴν
3807 1644 3932 1695 ἀπο-

2365 1741 2577 1812 δείξω.]
2625 1740 2997 1801 ’Υποτὺπωσις
3029 1741 3157 1808 ἡμῖν
3196 1736 3504 1805 γενόμενος,
3533 1735 3607 1797 ὡς
3635 1734 3715 1786 δεῖ
3740 1735 3796 1784 ἐν
3826 1734 3934 1795 τοῖς

2370 1835 2689 1902 πειρασμοῖς
2724 1829 3095 1884 ἐπικαλεῖσθαι
3122 1828 3282 1889 Θεὸν,
3319 1828 3411 1879 καὶ
3464 1827 3537 1896 μὴ
3570 1824 3934 1877 καταπίπτειν

703 1927 918 1981 consilii
956 1928 1190 1998 inopiam
1220 1931 1488 1995 decidere,
1527 1948 1702 2001 neque
1755 1932 1929 2000 frangi
1985 1932 2260 1985 calamitav

2374 1926 2446 1986 εἰς
2474 1924 2718 1996 ἀκηδίαν,
2746 1923 2877 1994 μηδὲ
2906 1920 3186 1975 ἐκλύεσθαι
3213 1921 3314 1972 ὑπὸ
3346 1919 3454 1971 τῶν
3487 1917 3738 1986 θλίψεων.

707 2016 872 2070 tibus.

771 2107 860 2161 21.
897 2108 1087 2163 Eruea
1110 2111 1334 2178 framea,
1368 2111 1527 2178 Deus,
1557 2115 1789 2167 animam
1823 2131 2007 2168 meam.
2033 2113 2128 2168 His
2160 2130 2268 2167 ma~

701 2200 873 2255 litiam
914 2212 966 2257 et
1021 2205 1287 2258 insaniam
1333 2204 1642 2259 Jud:corum
1685 2207 1976 2275 signiﬁcat,
2016 2223 2108 2275 per
2161 2207 2266 2260 fra-

702 2309 878 2348 meam
931 2297 1158 2352 scilicet.
1214 2314 1436 2350 manum
1482 2299 1656 2358 canis.
1711 2314 1772 2351 os
1821 2299 2015 2362 leonis,
2063 2313 2266 2353 cornua

701 2388 1067 2440 unicornium.
1108 2386 1172 2438 Et
1199 2388 1261 2440 dc
1301 2406 1457 2442 manu
1505 2392 1652 2443 canis
1701 2392 1909 2443 unicam
1938 2407 2124 2444 meam.
2157 2390 2268 2444 Ma-

702 2490 833 2528 num
859 2491 919 2528 ea
945 2486 1230 2543 vocatque
1250 2494 1344 2546 per
1371 2481 1515 2533 hunc
1534 2497 1722 2534 canem
1749 2490 1896 2550 gesta
1915 2490 2070 2533 sunt:
2090 2482 2266 2549 ipsum

703 2575 884 2618 autem
935 2582 1120 2619 canem
1174 2571 1426 2637 appellat.
1485 2569 1605 2622 Non
1654 2573 1818 2634 enim,
1879 2571 2135 2638 inquit”,
2179 2572 2268 2622 bo-

702 2675 827 2712 num
859 2667 934 2712 est
966 2661 1195 2727 accipere
1241 2677 1425 2726 panem
1487 2663 1741 2729 ﬁliorum,
1780 2670 1829 2714 et
1874 2662 2126 2730 projicere
2179 2679 2269 2714 ca-

702 2750 864 2804 tellis.

776 2840 1037 2912 [Framca
1100 2856 1228 2896 vero
1284 2841 1446 2896 fuerit
1512 2843 1804 2907 diabolus,
1869 2845 1965 2914 qui
2031 2859 2268 2914 pungere

702 2940 756 2986 et
827 2930 1114 2986 confodere
1177 2949 1393 3002 semper
1467 2945 1716 2989 conatur.
1786 2934 2009 2988 Unicam
2087 2944 2266 2988 autem

702 3032 860 3077 vocat
893 3024 1128 3077 animam
1183 3040 1362 3086 suam,
1415 3026 1543 3094 quia
1600 3027 1714 3080 sola
1775 3025 1961 3080 relicta
2019 3025 2162 3089 fuit,
2216 3036 2270 3081 et

703 3116 773 3168 ab
837 3117 959 3168 aliis
1013 3116 1298 3170 animabus
1358 3127 1678 3188 segregata:
1739 3119 2006 3174 universa:
2070 3121 2270 3190 quippe

2451 2110 2654 2163 Ῥῦσαι
2684 2109 2800 2162 ἀπὸ
2821 2109 3118 2177 ῥομφαίας
3145 2107 3258 2175 τὴν
3286 2107 3496 2176 ψυχήν
3513 2126 3652 2178 μου.
3703 2108 3817 2176 Τὴν
3840 2123 3935 2158 κα-

2369 2204 2492 2256 κίαν
2517 2201 2623 2254 τῶν
2665 2201 2929 2252 Ἰουδαίων
2954 2203 3048 2252 καὶ
3069 2201 3164 2269 τὴν
3187 2201 3369 2252 ἄνοιαν
3397 2200 3484 2253 διὰ
3511 2200 3715 2253 τούτων
3738 2198 3937 2268 σημαί-

2369 2313 2448 2347 νει
2487 2295 2573 2347 διὰ
2621 2292 2886 2363 ῥομφαίας
2929 2293 3020 2344 καὶ
3069 2292 3248 2361 χειρὸς
3281 2293 3436 2353 κυνὸς
3468 2293 3561 2345 καὶ
3589 2293 3800 2356 λέοντος
3848 2292 3939 2344 καὶ

2369 2390 2608 2458 κεράτων
2639 2384 3038 2456 μονοκερώτων.
3099 2384 3205 2437 Καὶ
3238 2383 3304 2436 ἐκ
3352 2384 3550 2452 χειρὸς
3595 2384 3783 2451 κυνὸς
3828 2402 3860 2436 τ
3869 2384 3941 2448 ἣν

2362 2476 2659 2546 μονογενῆ
2714 2495 2852 2545 μου.
2900 2477 2979 2528 Τὰ
3024 2479 3086 2528 ἐκ
3134 2476 3322 2528 τούτου
3371 2476 3465 2529 τοῦ
3511 2476 3671 2538 κυνὸς
3713 2477 3941 2544 γενόμε-

2369 2587 2433 2621 να
2466 2572 2640 2639 χεῖρα,
2675 2569 2766 2620 καὶ
2796 2567 2954 2622 αὑτὸν
2980 2569 3115 2622 κύνα
3141 2569 3425 2638 ὀνομάζει·
3470 2571 3551 2622 Οὐ
3591 2571 3782 2622 καλὸν
3810 2572 3937 2638 γὰρ,

2369 2661 2551 2728 φησὶν,
2600 2660 2731 2713 ἐστὶ
2781 2660 2987 2714 λαϐεῖν
3022 2661 3127 2713 τὸν
3163 2659 3344 2727 ἆρτον
3390 2660 3509 2715 τῶν
3562 2661 3790 2715 τέκνων
3846 2660 3940 2714 καὶ

2362 2752 2582 2815 ,ϐαλεῖν
2625 2751 2750 2817 τοῖς
2789 2755 3108 2822 κυναρίοις.

2441 2841 2459 2914 [
2489 2844 2755 2914 Ῥομφαία
2785 2845 2839 2897 δὲ
2873 2848 2956 2916 εἴη
2990 2845 3054 2897 ἂν
3110 2845 3204 2896 καὶ
3247 2845 3274 2897 6
3311 2845 3583 2908 διάϐολος,
3620 2847 3706 2898 ἀεὶ
3744 2845 3941 2916 τιτρὼο

2371 2947 2520 2984 σκειν
2584 2935 2891 3004 ἐπιχειρῶν.
2985 2934 3297 3005 Μονογενῆ
3336 2936 3392 2989 δέ
3439 2937 3586 3005 λέγει
3626 2935 3790 2990 αὑτοῦ
3845 2937 3944 3005 τὴν

2367 3021 2562 3093 ψυχὴν,
2585 3023 2671 3076 διὰ
2693 3025 2751 3076 τὸ
2783 3025 3123 3095 μεμονῶσθαι
3151 3028 3243 3080 καὶ
3267 3028 3595 3098 κεχωρίσθαι
3629 3028 3736 3080 τῶν
3767 3026 3944 3082 ἄλλων

2367 3113 2584 3183 ψυχῶψ
2619 3117 2786 3168 πᾶσαι
2850 3117 2948 3186 μὲν
2981 3118 3085 3187 γὰρ
3115 3120 3318 3170 ἐκεῖναι
3369 3119 3608 3186 ἔγνωσαν
3644 3118 3942 3190 ἁμαρτίαν,

705 3215 986 3274 peccatum
1049 3216 1334 3270 noverunt,
1393 3208 1482 3262 illa
1532 3225 1657 3263 vero
1719 3210 1988 3265 minime:
2038 3222 2092 3266 et
2142 3215 2265 3279 quia

2377 3205 2558 3274 ἐκείνη
2587 3205 2642 3257 δὲ
2667 3205 2726 3259 οὕ
2747 3223 2758 3235 ·
2802 3208 2895 3260 καὶ
2931 3207 3019 3262 διὰ
3049 3206 3108 3260 τὸ
3144 3209 3309 3279 μόνην
3353 3209 3438 3263 ἀεὶ
3473 3210 3566 3262 τοῦ
3599 3211 3732 3264 Θεοῦ
3768 3212 3944 3278 Λόγου

704 3310 919 3365 semper
946 3297 1059 3351 sola
1091 3313 1215 3352 cum
1253 3314 1417 3354 carne
1469 3301 1760 3369 conjuncta
1792 3317 1916 3356 cum
1952 3302 2060 3356 Deo
2098 3304 2270 3358 Verbo

703 3393 790 3438 est
837 3387 1138 3441 secundum
1176 3388 1516 3457 hypustasin.
1558 3388 1708 3444 Unus
1743 3407 1980 3460 namque
2020 3391 2272 3448 Christus

702 3485 882 3530 estex
916 3478 1131 3532 duobus
1179 3479 1424 3534 adversis
1453 3489 1732 3544 constans,
1787 3483 2059 3553 perfectus
2108 3484 2269 3549 Deus,

707 3568 980 3638 perlectus
1009 3571 1190 3626 homo.
1227 3573 1347 3627 Illas
1373 3585 1553 3628 autem
1586 3578 1797 3630 animas
1826 3593 1948 3646 qua:
1977 3579 2146 3631 multo
2198 3581 2274 3632 in-

705 3663 930 3716 tervallo
956 3663 1229 3717 distabant
1256 3665 1408 3718 adiit.
1437 3663 1600 3718 Forte
1638 3667 1804 3719 etiam
1841 3668 2136 3722 Eeclesiam
2169 3673 2270 3724 sihi

707 3762 974 3808 astantem
1019 3762 1178 3807 vocat
1227 3755 1464 3820 unicam,
1518 3757 1662 3824 quod
1710 3757 1977 3810 maculam
2028 3761 2272 3826 nullam,

705 3845 883 3899 nullas
911 3845 1100 3899 sordes
1132 3845 1346 3910 habeat,
1385 3855 1548 3914 atque
1582 3863 1648 3900 ex
1682 3847 1927 3916 profectu
1975 3849 2026 3902 iu
2080 3853 2274 3906 melius

705 3937 906 4005 repleta
960 3938 1032 3990 sit
1088 3937 1376 4003 inculpatis
1429 3939 1536 3992 illis
1590 3940 1872 4009 sexaginta
1925 3941 2162 4012 reginis,
2223 3954 2276 3998 ct

706 4028 980 4095 octoginta
1033 4029 1402 4100 concubiuis.]

776 4117 868 4172 22.
901 4115 1059 4171 Salva
1089 4132 1166 4169 me
1191 4133 1254 4170 ex
1285 4134 1372 4170 ore
1405 4117 1589 4179 leonis,
1622 4128 1671 4171 et
1710 4135 1742 4170 a
1770 4121 2015 4173 cornibus
2067 4125 2276 4177 unicor—

709 4212 856 4266 m'um
895 4210 1244 4263 humilitatem
1282 4226 1471 4262 meam.
1502 4208 1750 4262 Narrabo
1785 4221 2136 4265 nomentuum
2163 4216 2272 4284 fra-

711 4304 878 4357 tribus
914 4304 1060 4368 meis,
1092 4304 1145 4356 in
1179 4303 1349 4357 medio
1401 4302 1652 4358 Ecclesia:
1703 4305 1932 4357 laudabo
1967 4315 2034 4358 le.
2086 4307 2280 4361 Docuit

709 4397 852 4450 enim
889 4411 986 4449 nos
1015 4411 1137 4448 cum
1174 4396 1265 4465 qui
1302 4408 1496 4449 natura
1523 4406 1578 4450 et
1609 4413 1731 4451 vere
1761 4395 1904 4451 Deus
1934 4407 2037 4463 est,
2063 4408 2117 4452 et
2144 4415 2278 4453 con-

714 4488 1125 4542 substantialem
1158 4489 1258 4557 ipsi
1313 4487 1547 4542 Patrem.
1594 4488 1806 4544 Rursus
1847 4500 1907 4545 ut
1953 4491 2118 4546 homo
2149 4508 2280 4547 con-

713 4580 934 4650 junetus
967 4591 1048 4633 est
1081 4595 1173 4648 per
1203 4580 1524 4636 Ecclesiam.

785 4671 873 4725 24.
898 4670 1000 4736 Qui
1029 4673 1218 4726 (intotis
1247 4672 1546 4738 Dominum,
1570 4674 1786 4728 laudate
1806 4688 1957 4735 eum;
1985 4659 2280 4730 universum

715 4777 886 4816 scnten
906 4761 1092 4823 Jacob,
1116 4762 1407 4830 gloriﬁcale
1431 4778 1566 4816 cum.
1610 4763 2056 4833 Quandoquidem
2094 4763 2279 4819 Eccle-

718 4855 798 4911 sia
837 4856 1357 4927 cx-gentibusjuxta
1393 4866 1554 4925 atque
1578 4873 1644 4912 ex
1673 4856 1878 4911 Judmis
1907 4865 2143 4919 constat,
2182 4858 2280 4912 hos

719 4956 882 5018 atque
915 4949 1034 5002 illos
1072 4949 1137 5001 ad
1188 4949 1445 5018 hymnum
1481 4949 1882 5002 concinendum
1915 4948 2135 5002 excitat.
2173 4947 2282 5004 llos

717 5039 934 5109 quidem
958 5056 987 5092 a
1017 5054 1216 5110 proavo
1241 5055 1344 5095 suo
1389 5039 1558 5094 Jaco‘a
1604 5052 1768 5111 atque
1818 5042 1982 5097 Israel
2031 5057 2236 5096 vocans
2261 5079 2275 5103 ,

717 5129 842 5184 illus
887 5129 1099 5183 virtutis
1131 5131 1350 5184 nomine
1378 5131 1690 5199 compellat,
1734 5148 1856 5200 qua:
1887 5131 2104 5200 quidem
2137 5131 2278 5184 valet

717 5221 929 5290 generis
961 5222 1079 5275 loco
1111 5222 1358 5275 homines
1385 5237 1670 5277 exornare.
1703 5223 1775 5276 Ita
1806 5221 2027 5277 Judmos
2064 5239 2158 5278 eos
2188 5223 2282 5290 qui

716 5326 779 5364 ex
809 5312 1060 5379 gentibus
1088 5313 1152 5364 ad
1201 5313 1370 5380 legem
1403 5315 1722 5369 accederent
1771 5331 1890 5369 mus
1937 5324 2056 5368 erat
2095 5315 2284 5384 appul-

717 5399 851 5452 lare.
880 5399 1040 5468 quue
1081 5415 1176 5453 nos
1205 5401 1394 5454 edocet
1425 5401 1658 5456 Actuum
1703 5404 1948 5457 historia.
1980 5401 2116 5454 Cum
2160 5419 2284 5456 ora-

719 5499 796 5542 ret
821 5491 962 5543 enim
995 5492 1183 5544 beatus
1215 5489 1435 5552 Paulus,
1459 5493 1536 5544 sic
1563 5495 1634 5548 ait
1659 5495 1701 5525 ³³
1729 5513 1741 5547 :
1785 5492 1893 5547 Viri
1919 5493 2202 5557 Israelita,
2236 5505 2285 5550 ct

718 5581 808 5651 qui
837 5581 971 5634 inlcr
1000 5599 1086 5636 vos
1117 5584 1308 5636 timetis
1340 5583 1650 5639 Dominum.

793 5802 838 5834 ³⁸
863 5802 1051 5862 Matth.
1078 5824 1165 5874 xv,
1195 5809 1282 5864 9.6.
1359 5810 1404 5840 ³⁸
1427 5810 1544 5863 Act.
1583 5825 1702 5874 xm,
1741 5809 1826 5862 16.

2377 3296 2566 3348 ἕνωσιν
2598 3297 2739 3367 ἔχειν
2769 3298 2888 3351 καθ’
2928 3301 3220 3352 ὑπόστασιν
3268 3301 3403 3371 μετὰ
3435 3303 3532 3372 τῆς
3569 3302 3787 3373 σαρκός.
3853 3293 3947 3364 Εἷς

2373 3387 2480 3458 γάρ
2513 3389 2657 3440 ἐστιν
2689 3392 2717 3442 ὁ
2767 3391 2998 3461 Χριστὸς
3029 3394 3091 3444 ἐκ
3140 3391 3233 3445 δύο
3273 3392 3381 3445 τῶν
3416 3394 3701 3457 ἐναντίων,
3738 3393 3947 3456 τέλειος

2371 3478 2503 3542 Θεὸς
2541 3483 2634 3533 καὶ
2657 3481 2859 3545 τέλειος
2886 3483 3188 3554 ἄνθρωπος.
3233 3485 3496 3549 Ἐκείναις
3523 3485 3576 3539 δὲ
3607 3487 3672 3540 ὲκ
3702 3487 3947 3556 διαλειμ-

2375 3570 2558 3640 μάτων
2574 3572 2845 3643 ἐπιφοιτᾷ.
2867 3575 3018 3644 Τάχα
3033 3576 3087 3628 δὲ
3108 3576 3201 3628 καὶ
3222 3578 3319 3645 τὴν
3336 3579 3692 3648 παραστᾶσαν
3719 3580 3949 3650 Ἐκκληο

2375 3661 2491 3712 σίαν
2532 3662 2679 3732 αὑτῴ
2705 3663 2852 3731 λέγει
2887 3667 3180 3736 μονογενῆ,
3216 3666 3300 3719 διὰ
3329 3667 3387 3718 τὸ
3419 3668 3492 3737 μὴ
3523 3668 3664 3738 ἔχειν
3697 3672 3887 3724 σπῖλον
3915 3671 3947 3741 ἦ

2377 3754 2562 3824 ῥυτίδα
2590 3757 2651 3807 ἐκ
2688 3757 2795 3808 τῶν
2821 3757 3066 3828 ἁμὼμων
3101 3760 3591 3832 συμπληρουμένην
3636 3763 3776 3815 κατὰ
3813 3782 3947 3835 προ-

2375 3847 2549 3916 κοπὴν
2586 3849 2649 3899 ἐκ
2697 3850 2804 3901 τῶν
2851 3851 3111 3920 ἐξήκοντα
3159 3852 3443 3921 βασιλίδων
3488 3857 3581 3906 καὶ
3621 3857 3948 3927 ὀγδοήκοντα

2376 3939 2680 3993 παλλακῶν.
2708 3941 2725 4013 ]

2448 4119 2656 4174 Σῶσόν
2682 4139 2757 4189 με
2790 4124 2858 4176 ἐκ
2895 4128 3190 4193 στόματος
3213 4127 3478 4192 λέοντος,
3502 4129 3596 4180 καὶ
3627 4127 3744 4181 ἀπὸ
3779 4125 3952 4196 κερὰο

2377 4229 2494 4263 των
2520 4214 2937 4282 μονοκερὼτων
2968 4217 3080 4282 τὴν
3111 4220 3468 4271 ταπείνωσίν
3492 4236 3630 4286 μου.
3659 4220 3953 4287 Διηγήσο-

2371 4320 2477 4372 μαι
2529 4303 2592 4356 τὸ
2623 4303 2807 4372 ὄνομά
2847 4321 2962 4358 σου
3011 4305 3132 4371 τοῖς
3185 4305 3468 4374 ἀδελφοῖς
3486 4321 3640 4376 μου’
3670 4307 3741 4358 ἐν
3776 4305 3954 4373 μέσῳ

2391 4395 2746 4462 Ἐκκλησίας
2780 4395 3028 4462 ὑμνήσω
3076 4413 3167 4450 σε.
3219 4396 3492 4449 Ἐδίδασκε
3539 4395 3645 4470 γὰρ
3682 4396 3832 4466 ἡμᾶς
3859 4397 3953 4450 τὸν

2381 4483 2538 4553 φύσει
2571 4485 2663 4537 καὶ
2687 4483 2911 4554 ἀληθείᾳ
2931 4483 3060 4538 Θεὸν
3091 4485 3183 4538 καὶ
3206 4485 3486 4555 ὁμοούσιον
3511 4485 3676 4539 αὑτοῦ
3706 4485 3950 4558 Πατέρα.

2315 4596 2356 4649 ο
2386 4576 2552 4630 Πάλιν
2587 4575 2659 4638 ὡς
2696 4575 2976 4646 ἄνθρωπος
3013 4578 3213 4646 ἥνωται
3241 4577 3328 4630 διὰ
3363 4577 3465 4646 τῆς
3503 4578 3853 4650 Ἐκκλησίας.

2458 4668 2520 4718 Ol
2558 4666 2908 4734 φοϐούμενοι
2955 4667 3061 4718 τὸν
3106 4668 3321 4735 Κύριον
3347 4708 3360 4730 ,
3407 4668 3684 4722 αἰνέσαι-ε
3727 4672 3951 4724 αὐτόν’

2383 4757 2546 4812 ἅπαν
2577 4757 2641 4810 τὸ
2669 4757 2904 4826 σπέρμα
2944 4758 3168 4823 Ἰακὼϐ,
3203 4757 3499 4823 δοξάσατε
3527 4762 3729 4814 αὐτόν.
3781 4762 3960 4815 Ἐπει-

2383 4851 2448 4918 δὴ
2494 4850 2601 4921 γὰρ
2625 4851 2659 4919 ἠ
2716 4849 3008 4920 Ἐκκλησία
3044 4852 3134 4904 καὶ
3175 4851 3233 4915 ἐξ
3264 4850 3429 4904 ἐθνῶν
3460 4852 3551 4904 καὶ
3580 4851 3637 4918 ἐξ
3687 4851 3956 4907 Ἰουδαίων

2387 4941 2712 5011 συνέστηκε,
2766 4942 2858 4993 καὶ
2903 4941 3122 5004 τούτους
3166 4945 3257 4994 καὶ
3289 4941 3525 5005 ἐκείνους
3557 4947 3635 5006 εἰς
3666 4943 3756 4996 τὸν
3788 4943 3958 5014 ὕμνον

2386 5034 2584 5102 ἐγείρει
2607 5049 2620 5064 ·
2650 5035 2774 5096 τοὺς
2801 5034 2898 5103 μέν
2921 5034 3028 5086 ἀπὸ
3054 5034 3146 5087 τοῦ
3173 5035 3511 5106 προπάτορος
3533 5035 3811 5105 ὀνομάζων
3857 5039 3960 5094 1a,-

2386 5123 2502 5177 κώϐ
2531 5142 2588 5177 τε
2620 5124 2714 5177 καὶ
2752 5124 2985 5196 Ἰσραὴλ,
3016 5127 3141 5188 τοὺς
3168 5126 3223 5178 δὲ
3253 5126 3360 5179 ἀπὸ
3387 5128 3484 5196 τῆς
3513 5128 3732 5198 αρετῆς,
3759 5127 3837 5191 ὡς
3863 5131 3960 5201 ἀρ-

2387 5215 2588 5286 κούσης
2624 5215 2742 5268 ἀντὶ
2773 5217 2962 5284 γένους
2995 5218 3288 5288 κοσμῆσαι.
3352 5218 3510 5272 Οὕτω
3542 5219 3636 5272 καὶ
3673 5220 3961 5285 Ἰουδαίους

2386 5309 2512 5370 τοὺς
2536 5308 2594 5373 ἐξ
2623 5307 2790 5360 ἐθνῶν
2811 5308 2888 5379 τῷ
2909 5309 3057 5379 νόμῳ
3078 5312 3398 5379 προσιόντας
3417 5311 3535 5377 ἔθος
3557 5308 3625 5383 ἦν
3651 5313 3958 5382 ὀνομάζειν.

2387 5400 2497 5453 Καὶ
2535 5399 2698 5452 τοῦτο
2732 5402 2879 5470 ἡμᾶς
2910 5403 2942 5469 ἡ
2978 5402 3085 5454 τῶν
3115 5402 3372 5474 Πραξεων
3424 5404 3630 5475 ἱστορία
3677 5403 3922 5458 διδάσκει

2387 5491 2713 5566 δημηγορῶν
2735 5493 2842 5563 γὰρ
2872 5495 2900 5545 6
2932 5493 3074 5556 θεῖος
3111 5495 3430 5559 Ἀπόστολος
3458 5495 3628 5559 οὕτως
3651 5493 3754 5564 ἔφη
3782 5513 3796 5526 ·
3829 5499 3948 5550 "Ar-

2389 5581 2528 5648 δρες
2569 5585 2948 5652 Ἰσραηλῖται,
2985 5589 3082 5642 καὶ
3115 5592 3167 5642 ol
3206 5590 3275 5642 ἐν
3301 5589 3441 5659 ὑμῖν
3467 5590 3822 5659 φοϐούμενοι
3859 5591 3958 5643 τὸν

2395 5672 2630 5737 Κύριον.
