4122 6496
191 466 274 520 137
1277 463 1637 520 IJXPOSITIO
1675 464 1740 518 IN
1779 464 2108 520 PSAIMUM
2149 465 2287 518 XXI.

3317 469 3414 523 138

247 581 364 630 Ὀτι
391 580 502 630 οὐκ
529 577 965 642 ἐξουδένωσεν.
1036 579 1101 628 "A
1131 577 1486 647 κατώρθωσεν
1520 580 1649 648 ἡμῖν
1683 578 1747 630 δι’

1918 579 2009 633 25.
2046 580 2306 644 Quoniam
2338 597 2438 631 non
2472 579 2682 646 sprevit,
2718 590 2824 634 etc.
2859 579 2990 646 Qua:
3027 585 3196 636 nostri
3243 589 3417 655 gratia

184 669 358 722 ἑαυτοῦ
387 671 414 720 ὁ
444 671 760 741 Μονογενης
792 671 1090 723 ἐκδιδάσκει
1126 670 1326 737 σασῶς.

247 763 398 829 Παρὰ
423 763 539 816 σοῦ
568 767 601 816 ὀ
621 764 868 828 ﬁxura-dc
889 782 1008 831 μου
1051 765 1309 814 Ἐπαινον
1333 763 1428 831 τὴν
1445 762 1750 830 δοξολογίαν

185 855 361 923 φησίν·
393 856 509 906 ἔστι
553 855 614 907 δὲ
646 855 850 923 ταύτην
893 855 1043 925 παρᾶ
1070 854 1162 906 τοῦ
1202 855 1410 924 Ιιατρὸς
1457 856 1752 924 γενομένην

187 946 319 1006 ζῖξίν,
349 947 433 998 ὅτε
462 942 600 1015 ἦ).οε
630 947 782 1017 φωνὴ
812 946 1012 999 ἄνωθεν
1033 946 1264 1012 λέγουσα
1289 962 1300 972 ·
1328 947 1433 998 Καὶ
1462 945 1748 1008 ἐδόξασα,

181 1041 272 1090 καὶ
297 1038 478 1090 πάλιν
505 1039 770 1102 δοξάσω.
810 1037 820 1108 [
847 1039 915 1090 Ἢ
933 1040 1013 1089 ὅτι
1041 1037 1226 1109 ὥσπερ
1248 1039 1356 1105 ἐγώ
1379 1055 1434 1090 σε
1460 1038 1614 1106 δῆλον
1643 1041 1752 1100 τοῖς

184 1127 471 1198 ἀνθρώποις
504 1129 744 1199 ἐποίησα
765 1167 777 1190 ,
805 1128 944 1180 οὕτω
979 1127 1069 1179 καὶ
1106 1128 1168 1180 σὺ
1203 1128 1419 1189 παντως
1455 1129 1552 1198 τὴν
1582 1129 1752 1197 αὐτην

185 1235 264 1286 μοι
307 1220 604 1289 προσάγεις
639 1220 802 1289 τιμὴν
824 1263 837 1280 ,
873 1219 964 1271 νῦν
1002 1220 1097 1289 μὲν
1124 1220 1294 1287 λέγων
1317 1238 1330 1250 ο
1362 1216 1546 1285 Οὗτός
1584 1220 1753 1271 ἐστιν

183 1311 212 1360 ό
250 1310 372 1374 Υιός
397 1328 554 1378 μου’
595 1310 693 1362 νῦν
739 1311 794 1362 δὲ
840 1311 1237 1363 ἀποκαλύπτων
1284 1312 1473 1381 Πέτρῳ
1519 1313 1750 1373 καὶτοῖς

190 1399 438 1470 λοιποῖς.]
498 1401 613 1464 Tac
637 1399 825 1468 εὐχάς
846 1419 963 1468 μου
997 1401 1303 1454 ἀποδώσω.
1338 1401 1540 1469 Εὑχὴή
1579 1401 1750 1467 ἐπαγ-

179 1491 323 1558 γελία
350 1491 498 1561 παρὰ
531 1494 602 1560 τῇ
641 1490 758 1559 θεία
784 1493 1106 1562 ὀνομάζεται
1143 1493 1352 1564 Γραφῇ.
1419 1491 1626 1543 Οὐκοῦν
1651 1491 1750 1560 τῆς

183 1580 411 1650 ὑπακοῆς
437 1580 793 1650 ἐκπλήρωσις
829 1583 860 1651 ἡ
907 1582 1168 1651 γενομένη
1211 1581 1356 1650 παρᾶ
1386 1580 1479 1632 τοῦ
1510 1580 1638 1632 Υίοῦ
1676 1580 1751 1649 τῷ

182 1674 341 1741 Ilath
385 1672 548 1741 μέχρι
577 1672 809 1725 θανάτου
835 1673 1093 1736 ὡσαύτως
1127 1674 1191 1725 ἂν
1230 1673 1443 1743 νοηθείη
1468 1713 1481 1735 ,
1556 1673 1751 1725 ἀποδο-

184 1765 351 1836 θείσης
383 1765 483 1834 τῆς
516 1765 687 1834 εὐχῆς
719 1766 844 1836 παρ’
869 1765 1030 1818 αὐτοῦ
1066 1765 1138 1834 τῷ
1173 1766 1364 1836 Πατρί.
1427 1764 1613 1836 [Εὑχὴ
1655 1766 1753 1834 μὲν

182 1857 212 1925 ἡ
232 1857 522 1923 ἐπαγγελία
548 1857 702 1927 παρὰ
725 1861 788 1926 τῇ
817 1858 935 1927 θεία
956 1858 1279 1928 ὀνομάζεται
1302 1858 1489 1926 Γραφῇ
1509 1873 1520 1884 ·
1547 1855 1754 1908 Οὐκοῦν

181 1947 212 2015 ἡ
233 1946 324 2015 τῆς
345 1947 596 2016 ὑπακοῆς
619 1947 963 2018 ὲκπλήρωσις
986 1949 1018 2017 ἡ
1041 1949 1304 2018 γενομένη
1335 1947 1483 2018 παρὰ
1505 1947 1595 1998 τοῦ
1623 1946 1751 1999 Υίοῦ

1855 668 2170 740 Unigenitus
2204 685 2366 738 opera
2395 670 2554 724 edidit
2591 673 2876 739 perspicue
2900 672 3075 727 docet.

1923 764 2014 818 26.
2047 764 2199 832 Apud
2229 774 2275 816 te
2302 764 2417 816 laus
2452 780 2587 826 mea,
2649 773 2752 817 etc.
2786 763 3022 819 Laudem
3057 776 3209 819 vocat
3251 767 3415 836 glori-

1856 855 2199 916 ﬁcatiouem;
2243 854 2490 909 videmus
2541 863 2720 908 autem
2768 855 2911 907 illam
2947 871 2977 908 a
3027 854 3185 910 Patre
3216 857 3413 911 editam

1853 958 1976 996 cum
2008 959 2108 996 vox
2143 943 2372 1011 desuper
2402 942 2586 996 audita
2616 953 2698 998 est
2722 984 2736 996 .
2771 943 2837 995 Et
2886 945 3179 1013 gloriﬁcavi
3226 957 3275 1000 et
3320 948 3420 1001 ite-

1855 1053 1972 1088 rum
2003 1037 2306 1107 gloriﬁcabo
2330 1035 2396 1088 ⁸ο.
2430 1035 2563 1106 [Aut
2589 1037 2716 1104 quia
2748 1037 2890 1091 sicut
2918 1052 3016 1105 ego
3073 1047 3124 1092 te
3177 1039 3415 1092 homini-

1855 1129 1956 1182 bus
1987 1128 2334 1182 manifestum
2364 1127 2488 1191 feci,
2521 1127 2707 1182 eodem
2739 1145 2966 1197 prorsus
2996 1129 3154 1182 modo
3199 1139 3252 1182 tu
3284 1131 3415 1183 mihi

1854 1236 2038 1290 parem
2072 1221 2331 1275 honorem
2363 1220 2720 1288 couciliabis;
2759 1223 2921 1276 modo
2951 1222 3135 1276 dicens
3161 1240 3173 1274 :
3210 1221 3311 1274 llic
3341 1233 3417 1276 est

1853 1314 1996 1381 ﬁlius
2026 1329 2169 1366 meus
2190 1314 2258 1376 “,
2291 1311 2455 1366 modo
2486 1312 2720 1382 idipsum
2761 1312 2920 1367 Petro
2967 1314 3213 1368 revolans
3258 1323 3418 1383 atque

1854 1403 2112 1475 caeteris]
2143 1403 2273 1458 Vota
2305 1422 2417 1458 mea
2449 1405 2688 1469 reddam,
2717 1415 2819 1458 etc.
2853 1404 3099 1458 Precatio
3147 1405 3200 1458 iu
3239 1405 3416 1459 divina

1856 1495 2135 1566 Scriptura
2165 1507 2349 1551 votum
2385 1513 2479 1551 seu
2514 1498 2804 1566 promissio
2830 1507 3073 1552 vocatur.
3107 1496 3294 1566 Itaque
3326 1498 3420 1551 oh-

1854 1588 2148 1657 sequentia:
2167 1587 2289 1641 Filii
2320 1603 2448 1658 erga
2480 1587 2695 1641 Patrem
2721 1604 2892 1658 usque
2924 1589 2989 1642 ad
3021 1598 3248 1642 mortem
3281 1605 3419 1658 prae-

1855 1681 1993 1734 stita:
2045 1681 2445 1735 consummatio
2483 1690 2584 1743 est,
2640 1697 2761 1750 qua:
2804 1692 2935 1737 tunc
2983 1681 3123 1737 facta
3173 1682 3421 1752 intelligi-

1855 1781 1961 1835 tur,
1986 1788 2110 1827 cum
2151 1770 2297 1826 Patri
2341 1773 2700 1843 precationem
2745 1773 2960 1827 obtulit.
3004 1772 3276 1845 [Precatio
3323 1791 3416 1829 seu

1854 1872 2037 1917 votum
2072 1864 2361 1932 promissio
2388 1873 2612 1918 vocatur
2638 1865 2691 1918 in
2721 1864 2900 1919 divina
2934 1866 3211 1936 Scriptura
3241 1890 3251 1920 :
3294 1883 3417 1920 cum

1855 1954 2037 2023 itaque
2065 1955 2120 2007 in
2156 1956 2411 2009 omnibus
2435 1955 2584 2010 Patri
2614 1957 2906 2011 obsecutus
2931 1956 3101 2012 Filius
3132 1958 3221 2021 sit,
3253 1958 3417 2012 etiam

182 2038 363 2106 Πατρὶ,
391 2040 486 2092 καὶ
514 2039 676 2091 τοῦτο
707 2040 865 2110 μέχρι
898 2039 990 2091 τοῦ
1018 2041 1248 2094 Θανάτου
1279 2040 1499 2109 σαρκός.
1565 2038 1748 2090 Ὡσαύ-

1856 2061 2028 2114 usque
2066 2045 2130 2099 ad
2159 2055 2387 2099 mortem
2417 2046 2716 2110 carnalem,
2750 2063 2846 2116 pro
2877 2055 3002 2101 voto
3030 2047 3178 2101 Patri
3211 2047 3420 2102 reddito

180 2146 277 2193 τως
301 2131 361 2183 ἂν
384 2131 608 2202 νοηθείη
635 2132 988 2200 ἀποδοθείσης
1010 2133 1108 2202 τῆς
1135 2132 1300 2202 εὐχῆς
1327 2133 1454 2201 παρ’
1482 2129 1644 2183 αὑτοῦ
1673 2131 1750 2199 τῷ

183 2222 392 2295 Πατρί.]

1856 2139 2024 2207 probe
2051 2138 2394 2209 accipiatur.]

253 2318 432 2374 Daniel
472 2320 746 2374 Barbarus
773 2338 790 2374 :
828 2320 958 2374 Vota
983 2336 1120 2373 mea.
1146 2318 1393 2374 Precatio
1429 2320 1511 2374 vel
1544 2331 1748 2380 votum,
1785 2320 2076 2388 promissio
2110 2331 2192 2373 est
2225 2321 2453 2386 alicujus
2479 2337 2666 2375 eorum
2696 2339 2816 2392 qua:
2844 2324 3084 2393 religioni
3112 2331 3416 2377 sacrantur.

184 2413 490 2484 ltcprecatio
519 2432 656 2472 vero
687 2429 770 2472 est
797 2417 1022 2487 supplex
1053 2416 1322 2469 bonorum
1355 2415 1544 2484 petitio
1572 2431 1601 2468 a
1642 2415 1771 2469 Deo.
1811 2414 1977 2470 Docet
2005 2425 2184 2469 autem
2215 2431 2395 2470 sermo
2424 2432 2490 2469 ne
2523 2417 2673 2485 prius
2706 2433 2732 2469 a
2764 2418 2874 2470 Deo
2919 2418 3217 2487 quidquam
3264 2425 3416 2486 peta—

185 2524 316 2575 mus,
347 2526 512 2580 quam
546 2512 753 2566 donum
783 2527 881 2581 pro
919 2509 1229 2579 accipienda
1261 2509 1431 2579 gratia
1463 2509 1778 2564 oﬂ‘eramus.
1810 2509 2049 2574 Precari,
2082 2512 2185 2564 hoc
2213 2520 2315 2575 est,
2347 2524 2542 2565 vovere
2573 2511 2725 2579 prius
2750 2520 2983 2579 oportet,
3021 2526 3184 2580 quam
3231 2510 3418 2578 depre-

186 2601 313 2653 cari.
351 2601 827 2666 Quemadmodum
864 2601 1003 2655 satio
1030 2598 1307 2653 fructuum
1336 2598 1708 2654 collectionem
1761 2600 2032 2670 praecedit.
2070 2597 2294 2669 Oportet
2323 2600 2468 2653 enim
2525 2600 2675 2668 prius
2706 2601 2888 2668 jacere
2921 2599 3300 2668 promissionis
3331 2617 3418 2654 sc-

187 2689 343 2752 tuiua,
370 2697 424 2742 et
450 2690 534 2744 sic
572 2688 698 2743 inde
737 2688 947 2744 iructus
974 2687 1136 2742 ferre.

245 2806 535 2875 Φάγονται
575 2804 953 2873 πένητες-,καὶ
985 2803 1541 2873 ἐμπλησθήσονται.
1577 2799 1748 2866 Προσ-

183 2902 458 2972 αγὸρευσις
506 2901 611 2972 τῆς
651 2901 756 2954 τῶν
784 2899 952 2953 ἐθνῶν
982 2899 1224 2970 κλήσεως
1286 2894 1374 2948 διὰ
1413 2893 1613 2947 τούτων
1657 2911 1751 2964 ση-

187 2995 441 3061 μαίνεται.

247 3085 348 3139 Kal
377 3083 930 3154 προσκυνήσουσιν
973 3081 1230 3137 ἐνώπιον
1258 3082 1443 3137 αὐτοῦ
1469 3082 1654 3135 πᾶσαι
1695 3085 1753 3135 al

1921 2796 2012 2849 27.
2057 2795 2225 2849 Edent
2272 2813 2522 2865 pauperes
2549 2807 2599 2849 et
2645 2799 3046 2854 saturabimtnr.
3084 2800 3242 2857 Hisce
3284 2820 3415 2874 geu-

1856 2889 1988 2942 tium
2021 2889 2228 2942 vocatio
2242 2889 2711 2959 praesigniﬁcatur.

1923 3067 2012 3120 28.
2047 3065 2113 3119 Et
2149 3069 2443 3124 adorabunt
2489 3069 2544 3120 in
2584 3079 2858 3138 conspectu
2888 3071 3002 3139 ejus
3035 3073 3290 3127 universa:
3332 3075 3416 3133 {d-

185 3179 407 3245 πατριαὶ
426 3177 548 3230 τῶν
568 3174 776 3230 ἐθνῶν.
801 3173 1133 3229 Μσιλεῦσαι.
1148 3175 1361 3244 λέγεται
1386 3176 1492 3229 τῶν
1514 3177 1606 3228 ἐπὶ
1629 3177 1748 3245 γῆς,

1860 3159 2023 3212 milia:
2067 3161 2317 3228 gentimn.
2375 3158 2621 3229 Regnare
2653 3161 2850 3215 dicitur
2881 3163 2933 3215 in
2988 3172 3129 3217 terra
3159 3167 3259 3219 etsi
3294 3182 3420 3233 qua-

182 3270 343 3323 καίτοι
366 3269 624 3340 βασιλεὺς
649 3270 864 3322 πάντων
888 3269 962 3321 ὢν
986 3268 1121 3321 καθὸ
1141 3269 1292 3331 Θεὸς,
1322 3269 1407 3320 διὰ
1431 3269 1488 3320 τὸ
1511 3267 1753 3336 ἐπιστρέο

182 3361 269 3428 Qui.
297 3363 488 3426 αὐτοὺς
521 3363 589 3414 ἐκ
618 3365 714 3431 τῆς
745 3361 852 3412 τῶν
885 3360 1153 3428 δαιμόνων
1187 3360 1394 3429 πλάνης
1428 3361 1505 3421 είς
1537 3359 1633 3429 τὴν
1659 3359 1753 3410 αὑ-

183 3447 266 3506 τοῦ
301 3453 501 3517 πίστιν,
536 3453 630 3505 καὶ
658 3451 1071 3522 εὐγνωμοσύνην
1101 3451 1197 3504 καὶ
1221 3451 1580 3521 δικαιοσύνην.

248 3543 361 3596 Ὀτι
385 3543 494 3596 τοῦ
530 3543 752 3610 Κυρίου
781 3543 818 3609 ἡ
840 3542 1129 3607 ,ϐασιλεία
1152 3583 1165 3604 ,
1203 3542 1300 3595 καὶ
1329 3542 1511 3609 αὐτὸς
1538 3542 1754 3596 δεσπό-

184 3633 249 3692 ζει
273 3634 387 3686 τῶν
411 3632 628 3688 ἐθνῶν.
661 3634 734 3687 Οὐ
758 3633 867 3704 γὰρ
897 3634 1056 3703 μόνον
1090 3634 1360 3686 Ἰουδαίων
1390 3633 1520 3696 Θεὸς
1543 3636 1570 3686 ὁ
1599 3635 1750 3697 Θεὸς,

184 3726 251 3787 ὡς
279 3728 474 3778 ἐκεῖνοι
507 3726 848 3796 νομίζουσιν,
895 3724 1030 3777 ἀλλὰ
1072 3725 1250 3794 πάσης
1283 3725 1379 3793 τῆς
1408 3725 1753 3796 ἀνθρωπίνης

183 3816 382 3884 φύσεως
408 3821 663 3889 ποιητής.
697 3817 866 3870 Τοῦτο
901 3818 994 3869 καὶ
1033 3817 1061 3868 ὁ
1101 3816 1417 3880 Ἀπόστολὸς
1456 3833 1617 3888 φησιν
1639 3834 1652 3846 ο
1687 3814 1756 3869 Ἦ

194 3909 487 3962 Ἰουδαίων
507 3911 541 3962 ὁ
569 3909 712 3972 Θεὸς
726 3911 954 3976 μόνον;
988 3908 1133 3977 Οὐχὶ
1156 3913 1249 3961 καὶ
1271 3908 1492 3972 ἐθνῶν;
1523 3909 1632 3965 Ναὶ
1654 3909 1750 3962 καὶ

182 3999 378 4053 ἐθνῶν.
432 4001 712 4067 Ἐπείπερ
737 3995 822 4066 εἷς
843 4003 874 4053 ὀ
901 4001 1044 4066 Θεὸς
1064 4041 1077 4058 .
1106 3999 1498 4065 domitoribus:
1522 4017 1749 4067 περιτο-

180 4091 293 4158 μὴν
304 4092 367 4144 ἐκ
385 4093 670 4157 πίστεως,
693 4092 788 4144 καὶ
811 4092 1212 4159 ἀκροϐυστίαν
1231 4093 1327 4145 διὰ
1347 4092 1454 4160 τῆς
1474 4093 1748 4158 πίστεως.

250 4182 537 4249 'Egaror,
581 4181 676 4234 καὶ
714 4182 1180 4248 προσεκύνησαν
1212 4180 1432 4247 πάντες
1458 4184 1512 4234 ol
1546 4183 1751 4247 πίονες

185 4268 282 4334 τῆς
310 4270 442 4336 γῆς.
479 4271 594 4338 Τὴν
625 4269 996 4341 πνευματικὴν
1023 4269 1263 4340 δηλονότι
1289 4272 1512 4342 τροφήν.
1553 4271 1749 4336 Πίονας

184 4358 451 4422 asa-310');
489 4358 648 4411 καλεί
671 4357 757 4410 διὰ
786 4358 845 4411 τὸ
885 4360 1148 4430 εὐτραφὲς
1189 4359 1298 4412 τῶν
1328 4359 1487 4413 θείων
1533 4359 1746 4427 λογίων.

196 4445 474 4502 Ἐιοιὶιπιον
510 4448 697 4501 αὐτοῦ
750 4448 1077 4504 πεσοῦνται
1115 4448 1338 4514 πάντες
1373 4452 1425 4502 ol
1470 4451 1748 4503 καταϐαί-

1858 3261 2016 3307 tenus
2043 3262 2124 3307 est
2156 3251 2298 3307 Deus
2330 3269 2423 3308 rex
2469 3263 2553 3308 est
2585 3254 2992 3319 universorum,
3045 3255 3171 3324 quia
3206 3257 3418 3311 scilicet

1855 3345 2122 3398 convertit
2171 3355 2358 3414 gentes
2404 3361 2468 3399 ex
2529 3361 2716 3400 errore
2775 3347 3084 3400 daemonum
3130 3348 3203 3404 ad
3255 3348 3415 3402 ﬁdem

1855 3451 2031 3503 suam,
2071 3446 2124 3490 et
2153 3437 2218 3489 ad
2247 3437 2628 3504 gratitudiueui
2659 3447 2712 3491 et
2741 3438 3005 3506 justitiam

1925 3527 2015 3582 29.
2041 3526 2304 3591 Quoniam
2343 3525 2551 3580 Domini
2581 3538 2654 3582 est
2692 3543 2905 3594 regnum
2939 3536 2987 3582 et
3031 3528 3137 3597 ipse
3175 3529 3417 3584 domina-

1856 3623 1997 3675 bitur
2018 3623 2271 3690 gentium.
2304 3620 2445 3676 Deus
2467 3638 2572 3675 non
2599 3623 2910 3676 Judacorum
2943 3624 3113 3678 solum
3139 3634 3220 3679 est
3252 3624 3417 3692 Deus,

1855 3727 1915 3768 ut
1947 3714 2282 3768 arbitrantur
2333 3715 2458 3783 ipsi.
2493 3714 2584 3768 sed
2621 3715 2786 3769 totius
2827 3715 3076 3768 humanae
3106 3716 3285 3784 opifex
3321 3735 3418 3772 ua—

1857 3817 2009 3861 turm.
2053 3807 2109 3858 lli
2157 3807 2448 3875 Apostolus
2493 3822 2708 3875 quoque
2749 3807 2823 3860 ait
2846 3809 2930 3861 "2
2983 3811 3065 3861 An
3106 3806 3417 3862 Judteorum

1856 3897 1992 3950 Dens
2019 3897 2238 3949 solata?
2270 3896 2455 3950 Nonne
2499 3907 2546 3950 et
2595 3900 2824 3967 gentium
2851 3902 2874 3954 ?
2906 3897 3022 3953 Ima
3068 3911 3117 3953 et
3164 3905 3415 3970 gentium.

1855 3989 2115 4055 Quoniam
2149 4007 2280 4042 mnis
2309 3998 2385 4042 est
2413 3990 2553 4043 Deus
2585 3992 2673 4060 qui
2697 3991 3020 4060 justiﬁcabil
3060 3995 3418 4048 circumcisio-

1852 4099 1964 4134 nem
1997 4097 2058 4134 ex
2086 4081 2207 4149 ﬁde.
2232 4091 2279 4134 et
2316 4082 2630 4149 pra’putium
2652 4099 2743 4151 per
2763 4083 2942 4151 fidem.

1921 4173 2008 4225 50.
2049 4172 2498 4225 Manducaverunt
2538 4183 2586 4224 et
2629 4173 2978 4226 adoraverunl
2999 4190 3174 4228 omnes
3204 4176 3416 4245 pingues

1854 4272 2026 4316 τεῖναν.
2067 4261 2415 4332 Spiritualem
2448 4264 2696 4316 videlicet
2727 4265 2929 4317 cibum.
2961 4264 3196 4335 Pingues
3239 4277 3416 4320 autem

1854 4365 2034 4418 vocat,
2070 4356 2138 4408 ob
2166 4355 2469 4410 divinorum
2501 4357 2842 4426 eloquiorum
2891 4373 3137 4413 succum.
3186 4358 3252 4412 In
3294 4377 3418 4412 con-

1851 4458 2026 4514 spectu
2057 4449 2170 4516 ejus
2207 4450 2392 4501 cadent
2434 4465 2610 4502 omnes
2656 4452 2746 4520 qui
2775 4451 3088 4505 destendunt
3118 4454 3169 4505 in
3201 4462 3414 4507 (errant.

185 4555 381 4606 νςντες
402 4544 482 4606 εἰς
513 4539 649 4609 γῆν.
681 4542 849 4594 Τοῦτό
876 4558 1028 4611 φησι,
1060 4541 1148 4593 διὰ
1170 4541 1229 4593 τὸ
1256 4541 1455 4594 κλίνειν
1483 4541 1630 4611 αὐτῷ
1656 4543 1747 4611 γό-

1853 4539 1962 4592 lloc
2001 4541 2075 4592 ait
2103 4541 2230 4609 quia
2259 4541 2440 4594 tiilcles
2470 4555 2644 4609 genua
2690 4542 2792 4610 ipsi
2826 4541 3040 4598 ﬂectere
3069 4546 3244 4598 solent
3273 4560 3286 4595 :
3314 4544 3415 4596 hu-

186 4645 239 4678 νυ
269 4631 390 4692 τοὺς
416 4628 789 4692 πιστεύοντας.
821 4626 978 4683 Οὗτοι
1005 4630 1060 4683 δὲ
1090 4631 1138 4682 οἱ
1163 4630 1545 4693 πιστεύσαντες
1578 4632 1744 4686 πάλαι

184 4713 330 4787 ἦσαν.
379 4723 444 4773 οἱ
476 4720 930 4786 καταϐαίνοντες
954 4724 1040 4786 εὶς
1067 4719 1182 4788 τὴν
1211 4721 1324 4789 γῆν
1355 4739 1369 4752 ·
1401 4723 1673 4776 τουτέστιν
1696 4728 1742 4778 οί

188 4810 430 4874 πεσόντες
455 4812 536 4872 είς
564 4808 778 4880 ὄλεθρον
806 4811 897 4862 καὶ
937 4811 1169 4882 φθορὰν,
1210 4810 1295 4864 διὰ
1332 4811 1390 4863 τὸ
1433 4811 1505 4882 μὴ
1550 4812 1743 4864 εἰδέναι

185 4902 366 4965 αὐτοὺς
390 4903 481 4954 τὸν
511 4901 733 4972 Κύριον.

248 4994 350 5047 Kal
381 4997 419 5061 ὴ
453 4993 624 5064 ψυχή
648 5011 766 5061 μου
794 4990 954 5055 αὐτῷ
997 4989 1092 5058 ζῆ,
1123 4991 1220 5044 καὶ
1250 4993 1312 5044 τὸ
1352 4993 1586 5062 σπέρμα
1624 5012 1742 5063 μου

183 5085 487 5141 δουλεύσει
509 5083 685 5149 αὐτῷ.
752 5085 904 5150 Ἀγία
932 5084 1040 5154 γὰρ
1069 5083 1161 5136 καὶ
1193 5085 1418 5154 ἄμωμος
1445 5088 1476 5156 ἡ
1509 5086 1742 5158 Χριστοῦ

184 5178 361 5246 γέγονε
395 5179 532 5250 ζωὴ,
558 5179 624 5249 ἦν
650 5176 938 5245 πεποίηται
965 5176 1101 5245 μετὰ
1137 5178 1336 5247 σαρκὸς
1364 5177 1455 5231 ἐπὶ
1480 5183 1599 5248 γῆς.
1626 5181 1739 5233 Μό-

187 5286 265 5333 νος
296 5271 402 5343 γὰρ
430 5269 592 5332 αὐτὸς
641 5269 740 5322 οὐκ
769 5268 1022 5338 ἐποίησεν
1056 5268 1362 5338 ἁμαρτίαν,
1409 5271 1584 5322 καίτοι
1618 5270 1739 5323 καθ’

186 5361 317 5429 ἡμᾶς
337 5359 596 5429 γεγονὼς,
622 5360 715 5412 καὶ
740 5360 915 5430 σάρκα
937 5357 1115 5411 λαὸὼν
1140 5359 1236 5425 τὴν
1264 5358 1738 5431 φιλαμαρτήμονα.

184 5451 398 5522 Σπέρμα
429 5452 487 5504 δὲ
519 5450 653 5504 Θεοῦ
692 5449 932 5521 νοηθεῖεν
963 5451 1028 5506 ἂν
1058 5451 1107 5503 οἱ
1135 5451 1201 5502 δι’
1226 5450 1387 5502 αὐτοῦ
1418 5451 1739 5522 κεκλημένοι

183 5539 260 5593 δία
286 5544 381 5613 τῆς
414 5543 666 5605 πίστεως.
711 5542 1206 5610 Ἀνατγελήσεται
1238 5538 1318 5604 τῷ
1347 5540 1539 5607 Κυρίῳ
1570 5544 1743 5611 γενεὰ

185 5631 218 5696 ἡ
276 5632 588 5706 ἐρχομένη.
650 5634 759 5688 Καὶ
820 5632 990 5688 ταῦτα
1043 5633 1172 5702 περὶ
1240 5631 1347 5684 τῶν
1403 5631 1569 5684 ἐθνῶν
1641 5651 1740 5703 οη-

189 5724 378 5790 μαίνει.

248 5859 462 5916 "Joan.
514 5876 613 5924 xn,
652 5860 742 5914 ‘38.
818 5860 857 5891 "
886 5859 1072 5915 Matth.
1113 5875 1193 5924 tu.
1231 5859 1331 5924 l7;
1368 5875 1502 5918 mi.
1537 5860 1585 5912 fi.

455 5959 732 6019 Ρλνκυι..
776 5959 890 6016 (in.
933 5958 1191 6017 XXVII.

1847 4634 2084 4702 jusiuodi
2118 4643 2295 4686 autem
2324 4632 2453 4685 olim
2498 4633 2683 4686 titleles
2727 4643 2901 4687 erant.
2950 4635 3056 4699 Qui
3101 4637 3418 4690 descendunt

1850 4725 1903 4776 in
1941 4735 2170 4788 terram;
2206 4724 2458 4778 nimirum
2483 4725 2574 4794 qui
2605 4725 2656 4779 in
2698 4726 2992 4796 perniciem
3047 4739 3214 4782 ruunt
3261 4740 3314 4784 ct
3362 4731 3414 4784 iu

1851 4819 2277 4885 corruptionem,
2310 4817 2456 4886 quod
2486 4817 2776 4872 Dominum
2815 4833 2920 4872 non
2952 4822 3218 4875 noverint.

1921 4987 2010 5039 51.
2047 4984 2113 5038 Et
2138 4985 2317 5036 anima
2347 5000 2460 5036 mea
2487 4984 2569 5036 illi
2601 4985 2754 5046 vivet,
2775 4994 2823 5037 et
2841 5001 3011 5037 semen
3035 5002 3204 5037 meum
3233 4988 3415 5040 seruiet

1850 5080 1970 5145 ipsi.
2009 5077 2204 5131 Sancta
2248 5077 2443 5145 quippe
2482 5085 2536 5129 et
2569 5076 2840 5145 inculpata
2884 5075 3087 5131 Christi
3133 5078 3241 5132 vita
3290 5077 3412 5140 fuit.

1848 5186 2012 5237 quam
2049 5185 2173 5224 cum
2203 5171 2389 5224 labore
2427 5179 2481 5223 et
2509 5185 2752 5223 aerumna
2781 5185 2942 5224 carne
2984 5170 3204 5223 indutus
3233 5179 3415 5224 trans.

1846 5265 1955 5333 cgit
1987 5263 2038 5315 in
2081 5272 2244 5316 terra.
2277 5261 2393 5329 Ipse
2422 5277 2657 5331 namque
2688 5263 2838 5317 solus
2870 5272 3151 5332 peccaturo
3195 5277 3302 5316 non
3343 5261 3416 5317 fe-

1850 5358 1945 5417 cit,
1984 5355 2085 5409 etsi
2131 5356 2198 5408 ad
2231 5355 2640 5409 similitudinem
2682 5365 2925 5408 nostram
2982 5354 3158 5409 factus
3211 5355 3302 5418 sit,
3360 5365 3416 5408 et.

1847 5462 2062 5501 carnem
2097 5448 2475 5515 assumpserit,
2509 5463 2631 5516 quze
2667 5463 2761 5512 per
2806 5463 2863 5501 se
2900 5448 3134 5514 peccatis
3175 5448 3410 5500 obnoxia

1845 5551 1964 5596 est:
2000 5554 2184 5595 semen
2222 5549 2403 5594 autem
2436 5539 2529 5594 Dei
2563 5539 2908 5594 existimandi
2944 5541 3037 5608 qui
3095 5539 3164 5593 ab
3207 5555 3273 5594 eo
3318 5555 3412 5608 per

1847 5635 2004 5688 ﬁdem
2034 5643 2163 5687 sunt
2191 5633 2366 5687 vocati
2393 5650 2407 5683 :
2444 5632 2860 5686 Annuntiabitur
2889 5631 3112 5686 Domino
3147 5635 3410 5702 generatio

1849 5730 2084 5774 ventura.
2121 5720 2182 5774 Et
2217 5720 2328 5773 han;
2353 5737 2570 5791 quoque
2599 5722 2665 5776 de
2698 5722 2946 5792 gentibus
2981 5723 3246 5791 illlelligil.

1666 5857 1883 5911 "Rom.
1922 5871 2001 5919 nr,
2041 5855 2131 5922 ‘29,
2169 5855 2253 5909 δυ.

3100 5954 3136 6014 5
