4122 6504
716 446 816 502 139

1569 444 1624 498 S.
1667 441 2035 497 ATHAN’ASH
2078 443 2225 498 OPP.
2269 442 2448 497 PARS
2488 443 2574 498 Ill.
2614 472 2681 482 —
2722 441 3130 500 EXEGETICA.

3847 446 3942 499 MO

784 560 873 614 32.
911 558 1111 613 Pouulo
1147 561 1236 630 qui
1289 568 1550 623 nascetur,
1596 576 1744 629 quem
1813 560 1936 628 fecit
1992 559 2270 614 Dominus.
2307 612 2312 623 ι

2449 560 2582 626 Λιιῷ
2609 560 2686 626 τῷ
2713 561 3151 630 τεχθησομένῳ,
3202 559 3273 612 ὃν
3296 561 3581 627 ἐποίησεν
3631 561 3663 613 ὀ
3711 562 3939 628 Κύριος.

714 653 852 708 Huic
879 653 1053 708 simile
1075 661 1160 708 est
1185 653 1349 708 illud:
1385 651 1505 706 Non
1536 669 1599 706 ea:
1625 652 1987 722 sanguinibus,
2021 670 2181 724 neque
2208 670 2272 708 ea:

713 746 975 800 voluntate
1002 745 1200 809 carnis,
1234 744 1321 799 sed
1349 759 1412 798 ea:
1447 743 1549 798 Deo
1575 745 1686 797 nati
1707 744 1910 797 sunt“.

1063 835 1112 889 1.
1147 833 1487 892 PSALMUS
1522 834 1710 888 David.
1744 833 1938 890 XXII.

1273 929 1312 981 Α
1323 939 1669 997 rgumentum.

713 1018 936 1074 Canitur
961 1035 1204 1090 praesens
1233 1020 1479 1088 psalmus
1523 1035 1588 1073 cx
1617 1035 1849 1089 persona
1899 1018 2134 1089 gentium
2177 1035 2272 1073 ex-

787 1113 1105 1166 sultantium
1135 1112 1277 1181 quod
1333 1111 1594 1165 Dominus
1640 1113 1754 1182 ipse
1789 1113 1855 1166 ad
1912 1128 2111 1183 pascua
2157 1112 2276 1165 illas

785 1201 1123 1272 perduceret.
1143 1199 1206 1254 Et
1221 1215 1352 1254 sane
1370 1201 1655 1270 mysticum
1673 1210 1929 1255 euarrant
1945 1200 2273 1264 convivium,

786 1291 930 1361 quod
962 1292 1065 1346 illis
1094 1299 1280 1362 pastor
1311 1290 1573 1348 Domluus
1602 1292 1872 1362 apposuit.

2378 655 2599 723 ’Ὅμοιον
2635 654 2722 716 τὸ,
2752 656 2872 708 Οὐκ
2909 655 2976 717 ἐξ
3006 652 3264 722 αἱμάτων
3288 693 3302 715 ,
3336 652 3478 706 οὐδὲ
3519 654 3586 706 ἐκ
3617 652 3942 721 σελιῃιατος

2373 745 2619 812 σαρκὸς,
2645 745 2803 798 ἀλλὰ
2833 745 2900 797 ἐκ
2941 744 3088 797 Θεοῦ
3114 743 3547 812 ἐγγενήθησαν.

2748 840 3050 890 ΨΑΛΜΟΣ
3095 835 3174 900 τῷ
3206 833 3404 890 Attum.
3446 838 3573 890 ΚΗ.

2993 927 3004 943 '
3021 928 3271 980 Υπόθεσι
3279 937 3329 990 ς’.

2376 1018 2590 1088 ’ᾼδεται
2612 1019 2640 1070 ὁ
2662 1015 3016 1087 προκείμενος
3030 1017 3238 1087 ψαλμὸς
3265 1019 3327 1069 ὲκ
3343 1015 3630 1087 προσώπου
3647 1017 3757 1070 τῶν
3780 1018 3941 1070 ἐθνῶν

2444 1088 2818 1179 ἁγαλλομένων
2852 1110 2944 1161 ἐπὶ
2979 1109 3039 1161 τὸ
3080 1111 3342 1180 ποιμάναι
3381 1110 3577 1173 αὐτοὺς
3604 1108 3693 1161 τὸν
3723 1110 3943 1180 Κύριον.

2444 1203 2554 1255 Καὶ
2584 1201 2687 1273 μὴν
2713 1203 2804 1254 καὶ
2832 1199 3095 1272 μυστικὴν
3118 1199 3436 1270 ἐξηγοῦνται
3457 1199 3793 1272 εὐωχίαν,ἣν
3813 1217 3946 1274 παρ-

2447 1293 2639 1364 έθηκεν
2670 1295 2850 1358 αὐτοίς
2881 1296 3040 1358 αὐτὸς
3071 1296 3099 1346 ὁ
3129 1295 3429 1364 ποιμαίνων
3462 1293 3676 1358 αὐτούς.

784 1385 976 1439 Daniel
1008 1384 1302 1439 Barbarus.
1330 1383 1582 1440 Psalmus
1609 1395 1691 1440 est
1714 1386 2053 1440 redeuntium
2086 1401 2114 1439 a
2149 1385 2441 1457 Babylonia
2477 1388 2753 1450 servitute,
2783 1389 3043 1458 quoniam
3085 1397 3374 1456 postquam
3411 1386 3584 1458 Cyrus
3613 1402 3701 1441 rex
3735 1400 3831 1439 cos
3865 1385 3948 1436 di-

711 1481 878 1547 misit,
907 1496 1030 1536 cum
1068 1496 1260 1550 magna
1293 1481 1476 1536 laetitia
1510 1489 1564 1536 ct
1595 1481 1747 1551 copia
1787 1497 1964 1536 rerum
1995 1480 2062 1536 ad
2093 1497 2222 1537 suos
2267 1483 2468 1538 reversi
2511 1493 2658 1538 sunt.
2705 1483 2810 1538 Sed
2853 1492 2906 1537 ct
2942 1484 3042 1537 hoc
3081 1481 3272 1537 beatus
3318 1479 3483 1536 David
3515 1490 3636 1535 ante
3683 1480 3836 1535 dicit.
3875 1477 3949 1531 Ex

709 1589 938 1645 persona
968 1574 1130 1644 igitur
1162 1575 1402 1644 ipsorum
1427 1576 1481 1630 in
1515 1575 1742 1646 patriam
1780 1577 2163 1631 revertentium
2196 1577 2290 1632 ait.

777 1665 1036 1721 Dominus
1065 1667 1236 1736 pascit
1269 1683 1370 1731 me,
1409 1676 1458 1721 et
1504 1669 1634 1722 nihil
1688 1669 1814 1723 mihi
1848 1670 2036 1724 deerit.
2066 1670 2268 1742 Magni-

708 1758 808 1812 lice
837 1759 892 1812 in
913 1757 1146 1813 Domino
1172 1760 1412 1814 sentiunt
1449 1761 1542 1830 qui
1574 1762 1641 1816 ab
1674 1761 1768 1815 illo
1807 1773 2124 1832 pascuntur.

777 1849 831 1903 2.
872 1848 935 1902 In
960 1851 1071 1904 loco
1097 1868 1307 1920 pascua:
1335 1853 1407 1906 ibi
1446 1870 1524 1906 me
1556 1853 1850 1907 collocavit.
1887 1856 1944 1908 In
1979 1855 2160 1909 herba!
2193 1854 2268 1910 lu-
2299 1893 2340 1947 Β

2443 1671 2653 1738 Κύριος
2686 1669 2981 1738 ποιμαίνει
3015 1685 3110 1737 με.
3177 1667 3336 1735 Μέγα
3371 1667 3462 1720 ἐπὶ
3488 1666 3566 1738 τῷ
3599 1666 3788 1737 Κυρίῳ
3822 1684 3950 1738 φρο-

2369 1762 2550 1815 νοῦσιν
2580 1763 2627 1814 oi
2659 1764 2784 1832 παρ’
2820 1762 2982 1814 αὐτοῦ
3017 1762 3449 1832 ποιμαινόμενοι.

2441 1859 2543 1921 Εἰς
2571 1855 2754 1907 τόπον
2785 1856 2973 1922 χλόης
3003 1853 3132 1906 ἐκεῖ
3175 1870 3250 1922 με
3303 1850 3786 1918 κατεσκήνωσεν.
3865 1852 3952 1903 Ἐν

706 1943 976 1999 xuriantis
1023 1945 1142 1999 loco
1189 1961 1274 2000 me
1308 1946 1617 2011 collocavit,
1658 1947 1994 2016 spiritualem
2045 1947 2265 2002 herbam
2299 1941 2312 1947 ’

2380 1945 2661 2019 ὡραιότητι
2705 1945 2839 2007 πόας
2887 1944 3267 2014 κατεσκήνωσε
3299 1961 3398 2012 με,
3451 1943 3549 2014 τὴν
3592 1941 3791 2014 νοητὴν
3815 1942 3951 1994 πόαν

707 2036 857 2090 dicit.
905 2035 1072 2106 Super
1111 2055 1301 2108 aquam
1347 2039 1642 2106 refectionis
1694 2040 1934 2094 educavit
1983 2057 2083 2095 me.
2116 2041 2268 2110 Aqua
2370 2038 2551 2109 φησίν.

708 2127 1021 2183 rcfectionis
1080 2146 1296 2185 sacrum
1367 2130 1502 2186 forte
1556 2131 1827 2202 baptisma
1904 2132 2268 2202 intelligatur,

709 2222 906 2292 quippe
933 2221 1079 2292 quod
1104 2232 1447 2292 peccatorum
1475 2223 1671 2277 molem
1701 2223 1992 2290 abstergat.

781 2313 950 2385 μία,
985 2315 1180 2383 inquit,
1219 2314 1395 2382 praebe
1435 2314 1589 2377 mihi,
1642 2313 1794 2382 prius
1842 2313 2037 2368 anima:
2084 2328 2270 2368 curam

711 2403 943 2477 gerens:
997 2415 1158 2475 atque
1197 2421 1263 2459 ex
1311 2405 1470 2460 devio
1517 2420 1603 2459 me
1643 2415 1964 2471 convertas,
2019 2413 2077 2459 ut
2123 2414 2270 2460 recta

711 2498 922 2568 gradiar
952 2495 1083 2570 via.]

781 2592 832 2644 5.
859 2591 1103 2642 Animam
1144 2605 1308 2643 meam
1337 2589 1602 2644 convertit.
1631 2587 1708 2642 Ex
1741 2589 2047 2659 captivitate
2075 2589 2273 2643 diaboli

712 2679 948 2735 animam
992 2691 1166 2731 meam
1207 2677 1273 2731 ad
1307 2693 1363 2732 se
1393 2687 1736 2744 convertens,
1766 2679 1835 2732 ad
1878 2694 1975 2733 sua
2006 2688 2272 2748 praecepta

710 2772 934 2827 deduxit
968 2771 1114 2824 illam
1145 2785 1213 2824 ex
1248 2780 1422 2824 morte
1452 2770 1518 2824 ad
1559 2771 1744 2824 vitam.
1775 2768 1870 2842 [Ut
1895 2770 1987 2840 qui
2017 2771 2145 2824 olim
2182 2786 2276 2825 ne-

711 2863 883 2932 glecta
913 2861 1093 2915 anima
1121 2875 1219 2914 sua
1255 2859 1535 2924 defecerit,
1567 2876 1629 2915 ac
1659 2877 1754 2930 per
1785 2870 2144 2916 memoratum
2182 2860 2276 2914 de-

711 2953 838 3007 inde
885 2952 1064 3006 cibum
1118 2961 1394 3005 recreatus
1444 2951 1536 3016 sit,
1565 2966 1792 3006 aversus
1841 2959 1896 3005 et
1940 2952 2204 3007 ahductus
2245 2968 2274 3006 a

711 3051 917 3107 morte,
947 3045 1023 3094 ait
1045 3059 1059 3094 :
1084 3040 1331 3092 Animam
1373 3055 1541 3092 meam
1573 3041 1819 3093 convertit
1852 3041 1904 3093 in
1939 3042 2075 3094 viam
2110 3041 2276 3110 justi-

715 3135 824 3198 tiw,
850 3133 902 3185 in
948 3131 1255 3202 evangelica
1295 3131 1500 3188 scilicet
1544 3132 1814 3204 dogmata.
1845 3133 1902 3188 Si
1945 3135 2276 3189 ambularem

2633 2036 2762 2090 Ἐπί
2807 2035 3024 2102 ὕδατος
3073 2037 3470 2101 ἀναπαύσεως
3517 2034 3806 2103 ἐξέθρεψέ
3852 2051 3947 2103 με.

2373 2131 2554 2201 ’Ὑδωρ
2592 2129 2950 2191 ἀναπαύσεως
2979 2127 3191 2200 νοηθείη
3223 2127 3288 2181 ἂν
3333 2131 3394 2180 τὸ
3419 2127 3514 2180 τοῦ
3546 2129 3702 2197 ἁγίου
3753 2128 3949 2196 βαπτί-

2373 2240 2609 2294 σματος,
2641 2224 2735 2276 ἆτε
2761 2221 2824 2292 δὴ
2856 2221 2917 2272 τὸ
2945 2221 3159 2291 φορτίον
3199 2219 3476 2289 ἐξαλεῖςςον
3506 2219 3612 2274 τῶν
3643 2221 3947 2291 ἁμαρτιῶν.

2445 2312 2651 2385 [Ταῦτα
2675 2311 2915 2381 παρέσχε
2936 2328 3045 2379 μοι,
3065 2311 3221 2380 φησὶ,
3241 2310 3500 2381 πρότερον
3522 2312 3618 2383 τῆς
3637 2311 3816 2382 ψυχῆς
3841 2312 3953 2363 ἐπι-

2377 2403 2649 2474 μεληθεὶς,
2686 2403 2778 2455 καὶ
2798 2403 2861 2455 ὲκ
2886 2403 2986 2471 τῆς
3017 2401 3227 2465 ἀνοδίας
3251 2402 3580 2473 ἐπιστρέψας
3609 2401 3746 2472 πρὸς
3774 2403 3835 2454 τὸ
3855 2405 3952 2472 τὴν

2374 2495 2586 2550 εὐθεῖαν
2615 2497 2730 2550 ὁδὸν
2760 2495 3022 2568 όδεύειν.]

2450 2589 2568 2659 Τὴν
2596 2589 2807 2659 ψυχήν
2827 2609 2944 2659 μου
2984 2591 3373 2661 ἐπέστρεψεν.
3425 2592 3518 2644 Ἐκ
3547 2591 3644 2660 τῆς
3674 2589 3953 2662 αἰχμαλω-

2375 2681 2493 2746 σίας
2519 2682 2613 2736 τοῦ
2639 2682 2884 2736 διαϐόλου
2912 2684 3244 2756 ἐπιστρέψας
3275 2684 3412 2756 πρὸς
3439 2684 3626 2736 ἑαυτὸν
3647 2685 3745 2753 τὴν
3772 2683 3952 2754 ψυχήν

2379 2791 2499 2846 μου,
2523 2775 2800 2846 ὡδήγησεν
2828 2778 2920 2827 ἐπὶ
2951 2776 3047 2839 τὰς
3075 2777 3296 2840 ἐντολάς
3326 2776 3490 2830 αὑτοῦ
3521 2778 3586 2828 ὲκ
3609 2776 3844 2830 θανάτου
3875 2778 3951 2838 εἰς

2376 2869 2538 2940 ζωήν.
2573 2867 2695 2939 [Ὣς
2729 2868 3111 2940 παρεκλείπων
3140 2868 3305 2921 πάλαι
3330 2868 3427 2939 τὴν
3469 2869 3603 2922 ἰδίαν
3637 2869 3838 2938 ψυχὴν,
3865 2869 3952 2921 διὰ

2375 2960 2473 3030 τῆς
2526 2960 2818 3030 εἰρημένης
2852 2959 3058 3030 τροφῆς
3095 2959 3378 3013 ἀναλαϐὼν
3415 2960 3635 3024 ἑαυτὸν,
3682 2960 3778 3012 καὶ
3826 2959 3952 3012 ἐπι-

2377 3053 2623 3124 στρέφων
2675 3055 2736 3106 ὲκ
2779 3053 3041 3117 θανάτου,
3078 3053 3243 3123 φησί’
3285 3052 3404 3120 Τὴν
3455 3052 3666 3120 ψυχήν
3697 3068 3819 3119 μου
3852 3051 3955 3104 ἐπ-

2376 3145 2630 3212 έστρεψε
2659 3144 2756 3196 ἐπὶ
2798 3145 3033 3211 τρίϐους
3068 3143 3491 3210 δικαιοσύνης·
3523 3144 3590 3196 τὰ
3623 3143 3955 3212 εὐαγγελικά

712 3225 770 3278 in
809 3222 976 3277 medio
1016 3224 1214 3280 umbris
1260 3227 1464 3291 mortis,
1509 3226 1665 3297 quasi
1715 3225 1932 3282 Patrem
1973 3229 2312 3298 alloquens.t

2380 3249 2510 3302 φησι
2538 3232 2798 3302 δόγματα.
2830 3232 2962 3286 Ἐὰν
2987 3232 3253 3300 πορευθῶ
3277 3233 3346 3286 ἐν
3363 3233 3532 3302 μέσῳ
3559 3233 3735 3298 σκιᾶς
3769 3235 3952 3288 θανά-

713 3313 897 3386 lpsum
947 3325 1126 3370 autem
1160 3316 1440 3370 Christum
1474 3327 1634 3372 vocat
1663 3317 1872 3388 virgam
1905 3317 2141 3382 virtutis,
2169 3320 2280 3374 vir-

714 3423 836 3477 gam
868 3408 1177 3477 gloriosam,
1210 3419 1264 3462 et
1293 3410 1496 3480 virgam
1525 3410 1928 3480 magnitudinis.
1951 3411 2101 3468 Sicut
2131 3415 2278 3484 virga

712 3499 957 3570 corripit,
994 3499 1067 3553 ita
1109 3509 1161 3554 et
1201 3501 1280 3555 vis
1317 3501 1654 3572 facultasque
1718 3502 1911 3572 agendi
1967 3503 2124 3558 docet
2168 3519 2279 3574 quo

715 3599 871 3660 pacto
899 3591 1176 3647 moderate
1198 3593 1338 3646 mala
1369 3591 1657 3664 feramus]
1683 3591 2004 3664 Evangelica
2036 3611 2162 3649 vero
2187 3597 2280 3650 do-

715 3690 893 3751 gmata
928 3681 1154 3735 indicat.

791 3768 844 3822 4.
883 3767 1041 3840 Virga
1086 3780 1178 3823 tua
1219 3780 1267 3824 et
1313 3771 1530 3826 baculus
1580 3782 1701 3827 tuus
1751 3775 1864 3843 ipsa
1897 3791 1975 3829 me
2011 3776 2280 3832 consolata

717 3870 860 3914 sunt.
897 3860 1073 3930 Ipsum
1121 3861 1198 3915 ait
1223 3861 1523 3918 Christum.
1558 3863 1624 3918 Et
1656 3864 1825 3920 illud:
1869 3864 2080 3936 Virgam
2113 3869 2277 3921 virtu-

717 3953 784 4004 tis
813 3953 1010 4005 emittet
1035 3951 1128 4005 tibi
1156 3953 1408 4006 Dominus
1430 3969 1493 4007 ex
1515 3953 1644 4008 Sion
1665 3956 1726 4008 ⁸⁵.
1752 3956 1836 4017 Ει,
1853 3958 1995 4027 virga
2027 3957 2277 4027 gloriosa,

716 4043 860 4111 uirga
896 4041 1131 4094 maxima
1157 4042 1222 4095 ".
1256 4042 1415 4114 Virga
1459 4054 1542 4098 est
1565 4046 1846 4099 erudiendi
1889 4058 2160 4116 potestas;
2187 4049 2281 4104 ha-

715 4133 893 4197 culus,
922 4132 1284 4202 patrocinium
1311 4134 1362 4187 in
1403 4135 1736 4190 consolando
1763 4137 1949 4191 situm.

797 4225 850 4279 5.
888 4222 1242 4294 Impinguasti
1285 4226 1338 4279 in
1386 4225 1498 4279 oleo
1563 4235 1718 4296 caput
1764 4244 1951 4282 meum.
1984 4228 2051 4285 Et
2081 4233 2182 4286 hoc
2207 4233 2282 4286 si-

717 4315 935 4385 gniﬁcat
968 4316 1254 4385 mysticum
1284 4316 1546 4372 chrisma.
1583 4317 1653 4371 Et
1684 4319 1826 4374 calix
1864 4330 1982 4374 tuus
2015 4323 2278 4377 inebrians

715 4421 815 4459 me.
842 4403 1079 4459 Rursum
1107 4406 1174 4460 de
1202 4408 1425 4477 mystica
1452 4409 1561 4477 agit
1587 4408 1791 4462 laetitia.
1819 4409 1884 4464 Et
1920 4412 2279 4468 misericordia

718 4505 809 4546 tua
848 4491 1188 4565 subsequetur
1221 4512 1300 4549 me
1323 4495 1564 4550 omnibus
1607 4498 1811 4551 diebus.
1841 4498 1972 4554 Nam
2016 4505 2106 4573 qui
2138 4520 2271 4573 pra:-

2382 3342 2508 3390 του,
2554 3325 2629 3388 ὼς
2678 3326 2814 3396 πρὸς
2858 3326 2946 3377 τὸν
2981 3325 3216 3396 Πατέρα.
3262 3325 3432 3378 Αὑτὸν
3473 3325 3528 3377 δὲ
3572 3326 3663 3378 τὸν
3713 3326 3954 3396 Χριστόν

2383 3433 2513 3485 φησι
2565 3417 2755 3488 ῥάϐδον
2800 3417 3117 3487 δυνάμεως.
3169 3417 3263 3471 καὶ
3313 3416 3506 3489 ῥάϐδον
3556 3416 3754 3486 εὐκλεῆ
3783 3457 3796 3479 ,
3863 3420 3957 3470 καὶ

2383 3505 2575 3576 ῥάϐδον
2611 3505 2994 3576 μεγαλότητας.
3020 3507 3231 3577 Ὠσπερ
3266 3505 3461 3575 ῥάϐδος
3514 3504 3778 3568 παιδεύει,
3807 3504 3953 3558 οὕτω

2383 3596 2475 3648 καὶ
2502 3596 2777 3668 πρακτικὴ
2809 3595 3193 3668 μετριοπαθεῖν
3221 3595 3574 3668 ὲκδιδάσκει.]
3609 3597 3689 3649 Τὰ
3715 3597 3952 3666 εὐαγγε-

2381 3686 2507 3738 λικά
2539 3703 2669 3757 φησι
2697 3687 2961 3758 δόγματα.

2461 3778 2519 3831 Ἠ
2551 3776 2774 3844 ῥάϐδος
2805 3794 2921 3832 σου
2954 3778 3052 3832 καὶ
3097 3779 3135 3846 ἡ
3165 3778 3467 3847 ,βακτήρια
3507 3794 3645 3844 σου,
3687 3779 3844 3832 αὐτά
3883 3796 3957 3849 με

2381 3868 2824 3937 παρεκάλεσαν.
2869 3871 3039 3925 Αὑτὸν
3075 3871 3166 3924 τὸν
3209 3872 3442 3943 Χριστόν
3477 3889 3661 3941 φησιν.
3713 3872 3826 3925 Καὶ
3869 3872 3927 3926 τό

2392 3960 2633 4014 Ῥάϐδον
2679 3959 2984 4030 δυνάμεως
3030 3960 3428 4025 ὲξαποστελεῒ
3480 3978 3581 4015 σοι
3630 3963 3847 4029 Κύριος
3890 3962 3957 4014 ἑκ

2382 4051 2550 4105 Σιών.
2574 4054 2681 4104 Καὶ
2701 4051 2924 4119 ῥάϐδος
2951 4053 3230 4122 εὐκλεὴς,
3249 4054 3343 4106 καὶ
3364 4052 3586 4120 ῥάϐδος
3615 4054 3958 4124 μεγαλώτα-

2383 4160 2504 4209 τος.
2548 4143 2765 4207 Ῥάὸδος
2792 4146 2824 4214 ὴ
2870 4143 3192 4214 παιδευτικὴ
3233 4143 3461 4214 δύναμις
3483 4160 3495 4172 ·
3529 4143 3803 4216 βακτηρία
3835 4145 3890 4199 δὲ
3922 4148 3954 4214 ἡ

2381 4232 2468 4284 διὰ
2495 4234 2592 4304 τῆς
2625 4235 3014 4306 παρακλήσεως
3045 4236 3347 4306 ἀντίληψις.

2466 4325 2782 4392 Ἑλίπανας
2831 4328 2899 4380 ἑν
2946 4330 3126 4394 ἐλαίῳ
3171 4329 3288 4398 τὴν
3339 4329 3614 4400 κεφαλήν
3651 4347 3789 4399 μου.
3849 4330 3958 4383 Καὶ

2383 4415 2539 4469 τοῦτο
2569 4418 2630 4471 τὸ
2657 4419 2859 4489 χρίσμα
2889 4420 2949 4472 τὸ
2978 4421 3256 4490 μυστικόν.
3291 4421 3398 4475 Kal
3427 4419 3494 4474 τὸ
3525 4419 3814 4487 ποτήριόν
3841 4437 3955 4474 σου

2377 4510 2684 4576 μεθύσκον
2711 4527 2806 4578 με.
2847 4511 3013 4565 Πάλιν
3038 4513 3137 4583 τὴν
3175 4513 3440 4585 μυστικὴν
3471 4511 3812 4583 εὐφροσύνην
3857 4529 3958 4582 φη-

714 4585 858 4641 dicta
910 4586 1091 4640 omnia
1130 4589 1273 4642 nacti
1299 4599 1448 4652 sunt,
1483 4589 1538 4642 in
1583 4591 1960 4647 misericordia
1993 4593 2082 4647 Dei
2114 4597 2228 4665 posi
2252 4598 2276 4649 .i

2388 4601 2488 4654 σίν.
2529 4603 2638 4655 Kal
2673 4602 2738 4655 τὸ
2781 4605 2950 4668 ἔλεός
2987 4580 3104 4658 σού
3145 4580 3488 4670 eamdem-{et
3615 4580 3819 4671 πάσας

715 4690 928 4743 semper
947 4685 1124 4742 erunt,
1162 4678 1490 4748 insuperque
1525 4680 1844 4736 hahitabunt
1869 4684 1921 4736 in
1954 4683 2116 4738 domo
2137 4686 2274 4756 ejus.

785 4759 1024 4833 [Parasti
1067 4764 1121 4816 in
1148 4776 1421 4833 conspectu
1457 4783 1567 4820 meo
1601 4785 1853 4822 mensam.
1898 4770 2134 4828 Mensam
2165 4791 2279 4844 my-

716 4853 904 4907 sticam
949 4853 1168 4920 indicat,
1204 4857 1382 4910 oleum
1436 4872 1565 4913 vero
1610 4858 1847 4916 chrisma
1883 4864 2188 4934 mysticum,
2226 4877 2279 4921 et

715 4948 938 5003 calicem
969 4946 1166 5004 ibidem
1192 4950 1504 5022 memorat.]

791 5231 836 5284 1.
866 5229 931 5283 In
956 5230 1111 5298 ﬁnem
1140 5228 1481 5286 PSALMUS
1506 5231 1674 5287 David
1711 5249 1815 5287 una
1840 5231 2206 5288 Sabbatorum.

1388 5319 1618 5377 XXIII.

1305 5413 1705 5484 Argumentum.

713 5499 909 5554 Daniel
936 5498 1227 5554 Barbarus.
1267 5502 1566 5557 Ascensum
1595 5502 1808 5559 Domini
1847 5521 2084 5574 prmsens
2129 5510 2277 5578 psal-

783 5605 903 5644 mus
922 5590 1077 5645 nobis
1098 5595 1441 5660 prmnuntiat,
1463 5609 1674 5648 necnon
1697 5598 1934 5662 gentium
1954 5598 2275 5665 doctrinam,

779 5694 830 5738 et
852 5686 1307 5751 quemadmodum
1339 5687 1544 5742 caalesti
1570 5688 1846 5744 domicilio
1872 5691 2102 5760 dignata:
2127 5703 2273 5746 sunt.

781 5860 1002 5917 “Joan.
1030 5879 1069 5926 1,
1112 5865 1189 5920 15.
1274 5865 1315 5895 ⁸³
1357 5864 1498 5922 Psal.
1534 5884 1642 5936 cus,
1683 5869 1727 5922 5.
1815 5874 1856 5907 ⁸⁵
1887 5873 1994 5928 Jcr.
2035 5893 2224 5936 xlviii.
2267 5883 2346 5936 ΓΙ.

2386 4692 2628 4761 ἡμέρας.
2673 4695 2732 4747 Ol
2775 4697 2881 4766 γὰρ
2912 4695 3021 4749 τῶν
3055 4697 3457 4768 προλεχθὼτων
3497 4696 3753 4751 ἁπάντων
3786 4714 3956 4767 μετα-

2386 4785 2640 4848 λαϐόντες
2674 4785 2883 4842 ἔσονται
2924 4788 3212 4854 διαπαντὸς
3245 4792 3302 4842 ὲν
3340 4789 3418 4860 τῷ
3455 4789 3592 4843 ἐλέει
3635 4789 3729 4843 τοῦ
3780 4789 3952 4843 Θεοῖν

2389 4877 2481 4930 καὶ
2521 4879 2626 4948 μὴν
2656 4881 2748 4932 καὶ⁵
2780 4884 3191 4953 κατοικήσουσιν
3220 4885 3276 4938 ὲν
3306 4884 3383 4955 τῷ
3415 4885 3546 4950 οίκῳ
3575 4883 3758 4938 αὑτοῦ.

2456 4970 2839 5043 [Ἠτοίμασας
2871 4977 3128 5034 ἐνώπιόν
3154 4999 3274 5050 μου
3317 4979 3622 5050 τράπεζαν.
3663 4980 3956 5052 Τράπεζαν

2385 5064 2484 5134 τὴν
2520 5066 2786 5138 μυστικὴν
2813 5069 2989 5137 λέγει,
3020 5072 3110 5124 καὶ
3140 5073 3199 5126 τὸ
3227 5072 3404 5127 ἔλαιον
3433 5073 3492 5126 τὸ
3528 5073 3734 5144 χρίσμα
3765 5091 3955 5144 μυστι-

2388 5155 2502 5220 κὸν,
2531 5157 2707 5210 καὶτὸ
2741 5162 3000 5230 ποτήριον
3032 5163 3226 5236 λέγει.]

2389 5249 2492 5310 Εἰς
2524 5248 2696 5310 τέλος
2732 5252 3035 5306 ΨΑΛΜΟΣ
3062 5252 3141 5318 τῷ
3163 5255 3341 5309 Δαυῒδ
3369 5255 3441 5323 τῇ
3465 5255 3572 5324 μιᾷ
3602 5255 3716 5309 τῶν
3739 5257 3956 5310 Σαϐϐά-

3013 5361 3148 5400 των.
3183 5349 3314 5402 Kl".

2993 5434 3312 5507 'I‘xdﬂemc.

2526 5522 2789 5593 ἀνάληψιν
2835 5526 2927 5579 τοῦ
2963 5529 3167 5601 Κυρίου
3206 5535 3235 5586 ό
3283 5535 3473 5607 παρὼν
3507 5539 3637 5608 ἡμῖν
3697 5540 3951 5611 κηρύττει

2457 5609 2671 5683 ψαλμὸς
2711 5618 2803 5669 καὶ
2839 5617 2946 5672 τῶν
2987 5619 3156 5673 ἐθνῶν
3202 5624 3543 5682 διδασκαλίαν
3565 5647 3576 5658 ο
3618 5629 3730 5693 πῶς
3757 5609 3832 5684 δάν
3863 5633 3952 5685 καὶ

2455 5705 2608 5760 αὐτοὶ
2637 5707 2772 5772 ἄξιοι
2804 5710 3062 5778 γένωνται
3091 5714 3198 5770 τῶν
3233 5718 3567 5788 ἐπουρανίων
3597 5721 3830 5791 σκηνῶν.
