4122 6554
717 469 816 528 H3
1547 477 1600 531 S.
1644 477 2012 534 ATIIANASII
2051 481 2197 537 OPP.
2243 484 2424 538 PARS
2462 486 2547 542 Ill.
2589 517 2656 528 —-
2696 488 3100 547 EXEGETICA.

1025 593 1074 645 1.
1117 592 1451 648 ΡδΑιΜυε
1478 593 1666 648 David.
1704 595 1916 650 XXIV.

2329 640 2340 664 ι
2747 610 3046 661 ΨΑΛΜΟΣ
3079 609 3157 674 τῷ
3191 612 3385 665 Δαυίδ.
3429 617 3550 668 KA'.

1289 687 1684 756 Argumentum.

2981 701 3301 767 Ὑπόθεσις.

707 777 761 831 in
796 777 1046 847 praesenti
1098 779 1303 848 psalmo
1357 779 1645 848 cujuslibet
1695 795 1879 834 eorum
1939 782 2031 851 qui
2084 794 2230 839 vocat

2371 787 2456 838 Ἐν
2498 787 2575 857 τῷ
2622 789 2963 860 προκειμένῳ
2990 789 3188 860 ψαλμῷ
3227 793 3287 845 τὸ
3317 793 3542 848 ἑκάστου
3571 795 3680 850 τῶν
3723 800 3910 871 κεκλη-

773 878 899 924 sunt
944 885 1171 940 persona
1211 870 1520 924 inducitur:
1556 885 1741 924 eorum
1786 872 1991 927 scilicet
2028 876 2120 943 qui
2151 893 2230 930 un:

2429 878 2602 947 μένων
2628 880 2935 951 εἰσφέρεται
2963 880 3249 950 πρόσωπον
3270 898 3283 912 ’
3311 885 3475 953 ῆγουν
3498 886 3674 940 αὐτῶν
3705 889 3814 942 τῶν
3839 870 3907 961 (θ)

773 961 930 1015 electi
982 971 1108 1016 sunt
1146 969 1205 1015 ut
1248 961 1314 1016 ad
1348 962 1680 1031 spiritualem
1723 962 1886 1016 vitam
1933 963 2230 1035 dirigantur

2425 971 2845 1043 συνειλεγμένων
2871 975 2952 1036 είς
2981 974 3079 1044 τὴν
3109 977 3479 1048 πνευματικὴν
3517 979 3908 1034 ἀπευθύνεσθαι

777 1053 901 1108 Haec
942 1068 1104 1123 porro
1146 1056 1308 1108 verba
1349 1063 1582 1124 tempore
1614 1053 1859 1124 martyrii
1899 1054 2123 1110 recitatu
2153 1072 2222 1127 0p

2423 1060 2586 1132 ζωήν.
2637 1064 2722 1116 Ἐν
2778 1066 2952 1137 καιρῷ
2994 1066 3048 1118 δὲ
3097 1067 3391 1136 μαρτυρίου
3437 1069 3652 1124 λεκτέον
3697 1070 3908 1134 τούτους

770 1156 999 1218 portuna
1021 1154 1168 1200 sunt.

2420 1155 2543 1217 τοὺς
2572 1155 2778 1223 λόγους.

767 1241 848 1295 Ad
876 1251 944 1306 te,
975 1240 1215 1304 Domine,
1246 1239 1407 1294 levavi
1441 1241 1671 1294 animam
1696 1256 1882 1295 meant.
1915 1241 2024 1297 Ceu
2046 1241 2158 1312 jam
2184 1243 2230 1297 al

2418 1244 2575 1312 Πρὸς
2600 1245 2693 1308 σὲ,
2721 1247 2917 1314 Κύριε,
2951 1244 3066 1317 ἦρα
3103 1249 3217 1318 τὴν
3242 1251 3453 1320 ψυχήν
3487 1269 3626 1320 μου.
3665 1252 3752 1315 Ὠς
3781 1253 3908 1305 ἀπο-

700 1332 1002 1386 idololatria
1029 1331 1203 1384 aversi
1249 1330 1565 1399 loquuntur.

2351 1336 2678 1408 στραφέντες
2703 1338 2804 1408 ἥδη
2835 1338 2935 1407 τῆς
2955 1340 3392 1415 είδωλολατρείας
3423 1345 3604 1412 φασίν.

767 1425 819 1478 5.
852 1424 1032 1492 Neque
1056 1423 1310 1476 irrideant
1339 1439 1417 1475 me
1446 1422 1647 1475 inimici
1679 1424 1796 1476 mei.
1829 1421 2149 1493 Spirituales
2172 1425 2230 1478 vir

2415 1426 2580 1495 Μηδὲ
2606 1427 3186 1499 καταγελασάτωο-ἀν
3211 1450 3331 1502 μου
3355 1436 3408 1487 οἱ
3437 1434 3657 1503 ἐχθροί.
3695 1437 3757 1488 Ui
3790 1453 3905 1506 vo'q-

695 1517 907 1570 delicet.

2347 1517 2426 1569 τοὶ
2457 1517 2717 1589 δηλονότι.

763 1605 961 1674 Adjicit
985 1603 1171 1658 Daniel
1185 1603 1484 1657 Barbarus:
1503 1601 1830 1658 Exsecrandi
1848 1613 1901 1658 et
1923 1604 2119 1674 impuri
2147 1605 2230 1659 dmi

2428 1609 2648 1682 Ἐχθρὸς
2690 1611 2746 1665 δὲ
2788 1615 2817 1666 ό
2863 1613 3105 1677 διάὁολος
3149 1614 3286 1684 μετά
3319 1614 3608 1684 δαιμονίων
3656 1617 3749 1670 καὶ
3801 1617 3904 1670 τῶν

694 1711 903 1760 mones,
929 1695 1178 1750 diabolus
1205 1710 1326 1749 cum
1351 1694 1528 1762 impiis
1550 1693 1878 1750 hominibus.
1913 1693 2037 1750 Haec
2066 1705 2230 1750 auten

2345 1698 2680 1754 ἀσεϐούντων
2723 1702 3042 1774 ἀνθρώπων.
3094 1704 3251 1768 Ἴσως
3301 1705 3356 1756 δὲ
3411 1706 3504 1757 καὶ
3552 1707 3759 1776 προορᾷ
3813 1704 3900 1759 τοῦ

690 1789 823 1843 dicit
850 1803 972 1842 cum
998 1785 1139 1840 forte
1175 1785 1465 1855 prcevideat
1492 1785 1694 1840 Christi
1720 1785 2107 1841 humanitatem
2140 1786 2230 1858 (in-

2346 1788 2593 1861 Σωτῆρος
2611 1791 2708 1862 τὴν
2731 1793 3157 1864 ὲνανθρώπησιν,
3195 1794 3314 1865 μεθ’
3346 1795 3412 1865 ἢν
3442 1796 3667 1849 καὶτῶν
3697 1796 3902 1868 ἐχθρῶν

689 1882 1103 1951 carnationem),
1128 1888 1413 1951 postquam
1435 1881 1778 1935 inimicorum
1816 1880 1957 1935 risus
1985 1883 2230 1936 cessavit.

2344 1874 2612 1932 πέπαυται
2651 1879 2802 1948 λόγος
2833 1879 3068 1953 [γέλως].

762 1976 988 2050 {lniquis
1016 1975 1170 2045 quasi
1200 1974 1418 2041 iniquus
1448 1972 1623 2028 lactus
1645 1988 1785 2028 sum.
1807 1971 1931 2027 Haac
1955 1975 2099 2028 enim
2135 1973 2230 2027 iui-

2409 1940 2733 2041 [Ἐγενήθην
2771 1940 2882 2034 ἑοὲξ
2914 1940 3132 2042 ἀνόμοις
3180 1974 3255 2037 ὡς
3283 1975 3499 2044 ἄνομος.
3544 1975 3688 2047 Αὕτη
3728 1977 3837 2050 γὰρ
3867 1982 3897 2050 ἡ

687 2072 866 2142 quitas
894 2083 999 2123 non
1026 2065 1226 2120 frustra
1254 2062 1402 2135 luit.]

2339 2058 2532 2128 ἀνομία
2555 2061 2615 2113 οὐ
2641 2062 2891 2134 διακενῆς
2923 2063 3184 2136 ὲγένετο.]

3813 501 3910 558 ιιι

758 2161 964 2216 Etenim
1000 2158 1225 2212 universi
1257 2158 1346 2225 qui
1381 2157 1634 2210 sustinent
1674 2169 1743 2224 te,
1784 2175 1884 2210 non
1921 2157 2241 2226 confunden-

687 2267 791 2311 tur.
833 2250 1090 2320 Exemplo
1121 2264 1309 2303 eorum
1359 2249 1450 2316 qui
1480 2249 1586 2316 iam
1625 2258 1749 2302 ante
1793 2249 1846 2302 in
1894 2249 2002 2303 Deo
2049 2249 2238 2304 conﬁsi

684 2348 923 2400 illustres
965 2341 1091 2397 facti
1139 2347 1294 2403 sunt,
1326 2338 1451 2407 quia
1499 2337 1750 2392 ﬁduciam
1800 2340 1978 2404 habet,
2011 2339 2240 2394 aﬁirmat

681 2439 924 2493 futurum
973 2449 1125 2498 esse,
1163 2439 1223 2484 ut
1260 2429 1404 2498 quod
1446 2429 1498 2482 in
1547 2429 1686 2484 votis
1730 2438 1814 2485 est
1850 2440 2234 2500 consequatur.

682 2529 1084 2598 Confundantur
1113 2524 1293 2590 iniqua
1322 2530 1528 2589 agentes
1565 2536 1900 2589 supervacue.
1931 2519 2057 2575 Ilaec
2076 2522 2142 2576 de
2171 2521 2238 2576 iis

677 2619 940 2690 loquitur,
968 2614 1059 2685 qui
1084 2614 1261 2668 adhuc
1290 2610 1557 2665 idolorum
1587 2611 1734 2665 cultu
1764 2611 2095 2666 detinentur.

750 2708 1184 2783 [Confundantur
1225 2704 1406 2771 iniqua
1455 2710 1685 2772 agentes,
1737 2703 1804 2756 ab
1847 2703 1914 2757 iis
1954 2704 2048 2772 qui
2083 2718 2232 2773 spem

677 2817 831 2857 suam
865 2803 918 2853 in
945 2799 1052 2852 Deo
1072 2802 1559 2867 posuerunt,atquc
1580 2793 1708 2848 clari
1736 2793 1906 2849 eﬁecti
1940 2803 2087 2858 sunt,
2106 2795 2233 2864 quia

678 2893 1020 2949 conﬁdebant
1070 2904 1128 2944 se
1172 2901 1334 2957 posse
1373 2895 1560 2940 votum
1607 2885 1889 2955 consequi.
1918 2884 2021 2952 Qui
2066 2894 2234 2955 agunt

675 2988 881 3056 inique,
915 2996 1227 3051 supervacue
1260 2977 1402 3032 ﬁrmi
1432 2977 1732 3031 consistere
1775 2976 1983 3030 volunt.
2011 2975 2134 3029 llaec
2167 2977 2232 3033 de

672 3080 740 3134 iis
788 3079 1063 3140 dicuntur,
1091 3071 1185 3142 qui
1232 3070 1410 3124 adhuc
1459 3068 1513 3120 in
1569 3066 1834 3121 idolorum
1867 3066 2010 3121 cultu
2061 3069 2230 3136 persi-

672 3165 868 3238 stunt.]

2406 2153 2514 2205 Kal
2546 2155 2652 2223 γὰρ
2680 2155 2898 2223 πάντες
2940 2161 2992 2211 ol
3019 2159 3423 2227 ὑπομένοντές
3455 2174 3528 2214 σε
3552 2162 3623 2215 οὐ
3647 2161 3734 2230 μὴ
3759 2181 3898 2216 κατ-

2335 2244 2762 2312 αισχυνθῶσιν.
2824 2249 2955 2300 Ἀπὸ
2994 2250 3100 2301 τῶν
3137 2248 3234 2319 ἤδη
3282 2251 3614 2305 πεποιθότων
3661 2254 3753 2306 ἐπὶ
3784 2255 3898 2325 Θεῴ

2337 2336 2428 2388 καὶ
2483 2339 2786 2409 γενομένων
2834 2340 3130 2410 λαμπρῶν,
3179 2341 3268 2394 διὰ
3326 2344 3386 2394 τὸ
3432 2343 3528 2414 τὴν
3579 2346 3897 2417 πεποίθησιν

2335 2425 2476 2494 ἔχειν
2496 2428 2592 2497 τῆς
2612 2428 2773 2500 εύχῆς
2798 2428 3196 2495 ὲπιτεύξασθαι,
3214 2429 3618 2500 διισχυρίζεται.
3635 2437 3896 2503 Αἰσχυν-

2335 2515 2610 2579 θήτωσαν
2657 2521 2711 2571 οἱ
2760 2519 3121 2588 ἀνομοῦντες
3159 2520 3456 2589 διακενῆς.
3522 2523 3706 2576 Ταῦτα
3771 2526 3897 2595 περὶ

2333 2609 2438 2659 τῶν
2466 2609 2563 2679 ἤδη
2591 2611 2967 2681 κατεχομένων
2993 2614 3050 2665 ἐν
3084 2612 3490 2685 είδωλολατρείᾳ
3524 2614 3706 2683 φησίν.

2404 2699 2934 2770 [Αίσχυνθήτωσαν
2974 2705 3028 2756 οἱ
3066 2704 3460 2772 ἀνομοῦντες,
3498 2705 3606 2758 ἀπὸ
3647 2705 3755 2758 τῶν
3795 2707 3894 2777 ἤδη

2332 2788 2664 2842 πεποιθότων
2694 2790 2785 2843 ἐπὶ
2806 2789 2924 2861 Θεῷ
2951 2792 3041 2844 καὶ
3068 2793 3372 2862 γενομένων
3403 2792 3690 2863 λαμπρῶν,
3721 2793 3808 2844 διά
3839 2796 3896 2844 τὸ

2331 2879 2426 2949 τὴν
2452 2881 2768 2953 πεποίθησιν
2797 2881 2938 2953 ἔχειν
2963 2883 3061 2952 τῆς
3087 2883 3251 2952 εὐχῆς
3273 2882 3673 2946 ὲπιτεύξασθαι.
3723 2883 3894 2952 ’ἰσχυ-

2336 2971 2566 3040 ρίζονται
2609 2974 2658 3026 οί
2705 2974 3030 3045 ἀνομοῦντες
3061 2973 3358 3042 διακενῆς.
3395 2973 3578 3027 Ταῦτα
3618 2974 3748 3045 περὶ
3787 2973 3894 3025 τῶν

2330 3062 2407 3114 ἔτι
2442 3065 2817 3136 κατεχομένων
2847 3068 2902 3119 ὲν
2932 3066 3387 3137 είδωλολατρεία.]

741 3262 795 3317 ι.
835 3259 957 3314 Via:
985 3267 1123 3322 tuas,
1157 3253 1391 3317 Domine,
1419 3250 1718 3304 demonstra
1744 3249 1890 3302 mihi.
1911 3247 2228 3316 Evangelica

2408 3266 2516 3330 Τὰς
2548 3267 2726 3331 ὁδούς
2751 3281 2888 3334 σου,
2923 3269 3116 3338 Κύριε,
3145 3266 3436 3336 γνώρισον
3461 3285 3583 3336 μοι.
3619 3267 3698 3321 Τὰ
3723 3268 3891 3336 εὐαγ-

670 3356 922 3426 dogmata
962 3353 1058 3405 ait.

742 3449 794 3502 5.
817 3447 996 3516 Dirige
1020 3460 1098 3497 me
1129 3442 1181 3495 in
1210 3441 1424 3494 veritate
1455 3448 1566 3492 tua.
1600 3436 1724 3491 Haec
1757 3436 1854 3504 ait,
1886 3445 1944 3491 ut
1965 3438 2055 3507 qui
2091 3453 2226 3492 non-

667 3544 793 3599 dum
822 3540 887 3595 ad
917 3540 1194 3593 veritatem
1224 3532 1530 3588 accesserit.
1564 3530 1632 3584 Et
1666 3531 1792 3583 doce
1820 3545 1918 3595 me,
1949 3531 2074 3599 quia
2099 3539 2154 3583 tu
2174 3547 2226 3585 es

667 3634 807 3690 Deus
862 3632 1093 3688 salvator
1141 3644 1304 3682 meus.
1351 3625 1486 3680 Cum
1529 3623 1786 3692 propheta
1831 3621 1906 3675 ita
1937 3631 2054 3675 oret
2087 3636 2150 3676 ac
2181 3621 2227 3675 si

665 3727 908 3783 nondum
950 3720 1263 3794 cognoverit
1302 3718 1417 3770 vias
1458 3714 1694 3780 Domini,
1727 3728 1903 3779 neque
1950 3712 2229 3768 edidicerit

668 3816 914 3872 incedere
954 3813 1004 3867 in
1051 3809 1259 3867 semitis
1291 3806 1441 3877 ejus;
1484 3806 1714 3859 necdum
1763 3803 2003 3858 directus
2044 3803 2115 3858 sit
2158 3803 2224 3858 ad

662 3907 942 3962 veritatem
998 3903 1126 3966 Dei,
1177 3915 1276 3954 nec
1316 3900 1541 3953 edoctus
1589 3897 1655 3951 de
1695 3895 1805 3951 Deo
1841 3906 1900 3951 ut
1929 3897 2221 3963 salvatore,

662 4000 787 4070 quis
819 4015 924 4053 non
956 3993 1332 4051 reformidabit
1353 3991 1481 4045 illud
1505 4009 1518 4044 :
1544 3988 1756 4043 Vmillis
1779 3988 1869 4058 qui
1892 3987 1992 4042 sibi
2014 3989 2223 4056 sapien-

665 4103 738 4146 tes
768 4101 814 4144 et
838 4088 1043 4156 judicio
1069 4102 1162 4140 suo
1190 4085 1329 4137 docti
1359 4093 1478 4137 sunt
1507 4083 1584 4135 δοῖ

735 4269 784 4320 7.
816 4266 1021 4319 Delicta
1045 4264 1336 4334 juventutis
1375 4277 1502 4315 mete
1540 4268 1590 4314 et
1622 4259 1953 4329 ignorantiae
1985 4273 2124 4310 meas
2159 4273 2219 4311 ne

2330 3356 2517 3425 γελικά
2546 3358 2788 3428 δόγματά
2822 3375 3004 3430 φησιν.

2407 3450 2729 3521 Ὁδήγησόν
2747 3468 2822 3520 με
2845 3452 2942 3504 ἐπὶ
2978 3452 3092 3519 τὴν
3119 3449 3423 3518 ἀλήθειαν.
3464 3454 3551 3515 Ὠς
3585 3452 3718 3523 μηδὲ
3749 3453 3891 3522 φθά-

2327 3558 2422 3604 σας
2442 3542 2532 3592 ὲπὶ
2555 3541 2649 3611 τὴν
2669 3542 2921 3612 ἀλήθειαν
2950 3542 3117 3595 ταῦτά
3150 3559 3332 3612 φησιν.
3375 3541 3485 3595 Καὶ
3521 3541 3770 3606 δίδαξὸν
3791 3559 3890 3612 με,

2326 3632 2412 3684 ὅτι
2435 3632 2513 3685 σὺ
2535 3629 2593 3684 εἷ
2617 3635 2648 3685 ό
2686 3631 2828 3697 Θεὸς
2860 3635 2892 3685 ό
2926 3631 3127 3699 Σωτήρ
3149 3650 3288 3700 μου.
3315 3632 3419 3685 Τοῦ
3450 3634 3750 3704 προφήτου,
3787 3651 3891 3704 μη-

2323 3722 2467 3776 δέπω
2494 3723 2787 3791 ἐγνωκότος
2813 3723 2910 3786 τὰς
2942 3723 3094 3786 όδοὺς
3123 3723 3349 3794 Κυρίου,
3381 3724 3514 3796 μηδὲ
3543 3723 3893 3794 διδαχθέντος

2325 3811 2647 3882 πορεύεσθαι
2678 3811 2895 3882 τρίϐους
2930 3812 3093 3865 αὐτοῦ
3116 3853 3130 3876 ,
3163 3813 3257 3866 καὶ
3301 3814 3376 3877 ὡς
3427 3813 3650 3885 μηδέπω
3689 3813 3893 3884 ὁδηγη-

2325 3901 2504 3964 θὲντος
2536 3903 2625 3956 ἐπὶ
2658 3903 2753 3973 τὴν
2782 3902 3032 3973 ἀλήθειαν
3065 3903 3154 3956 τοῦ
3185 3903 3340 3966 Θεοῦ,
3379 3905 3512 3975 μηδὲ
3541 3904 3891 3974 διδαχθέντος

2325 3994 2450 4063 περὶ
2478 3992 2609 4044 Θεοῦ
2641 3993 2714 4055 ὡς
2755 3993 3004 4062 Σωτῆρος
3024 4033 3038 4054 ,
3084 3993 3255 4056 οὕτως
3295 3994 3587 4064 εὐχομένου
3609 4035 3624 4058 ,
3671 3993 3754 4057 τίς
3787 3996 3892 4048 οὐκ

2323 4081 2744 4153 εύλαϐηθήσεται
2785 4083 2844 4134 τὸ
2867 4121 2882 4144 ,
2920 4085 3064 4136 Οὐαὶ
3103 4088 3154 4137 ol
3188 4085 3365 4154 σοφοὶ
3394 4085 3463 4138 ἑν
3487 4084 3750 4153 ἑαυτοῖς,
3787 4084 3892 4139 καί

2320 4172 2571 4226 ἐνώπιον
2600 4173 2797 4227 αὐτῶν
2819 4173 3242 4243 ἐπιστήμονες

2402 4266 2692 4334 Ἁμαρτίιις
2741 4266 3016 4333 νεότητός
3047 4285 3166 4334 μου
3211 4269 3308 4320 καὶ
3357 4269 3601 4336 ἀγνοίας
3635 4286 3756 4338 μου
3795 4269 3889 4338 μὴ

659 4361 974 4413 meniineris.
1005 4357 1346 4412 Juventutem
1380 4353 1661 4410 stultitiam
1691 4353 1785 4406 ait.
1815 4351 2007 4421 Aperta
2037 4357 2216 4403 autem

2329 4356 2612 4424 μνησθῇς.
2642 4357 2886 4426 Νεότητα
2919 4358 3014 4427 τὴν
3040 4360 3347 4430 ἀφροσύνην
3377 4359 3556 4429 φησιν.
3578 4358 3889 4431 Ἀφροσύνη

659 4452 882 4507 stultitia
919 4460 1034 4505 erat
1076 4448 1392 4504 idololatriae
1427 4460 1612 4501 eorum
1638 4454 1868 4514 tempus.
1896 4443 2015 4497 Alio
2059 4440 2218 4496 modo

2329 4445 2372 4496 52-:
2413 4443 2585 4513 σαφὴς
2629 4446 2656 4496 ό
2700 4444 2796 4515 τῆς
2826 4444 3264 4518 είδωλολατρείας
3307 4448 3485 4501 αὐτῶν
3522 4449 3730 4520 καιρός.
3773 4448 3890 4501 Καὶ

656 4559 751 4614 per
782 4544 975 4598 delicta
1002 4541 1302 4612 iuventutis
1344 4553 1406 4593 ea
1438 4553 1558 4607 qua!
1585 4537 1638 4590 in
1672 4534 1906 4606 Egypto
1930 4541 2213 4603 perpetra-

2329 4534 2490 4598 Ξλλως
2515 4537 2784 4606 ἁμαρτίας
2816 4535 2910 4589 τοῦ
2938 4537 3067 4590 λαοῦ
3097 4538 3194 4601 τὰς
3229 4542 3287 4592 ὲν
3315 4540 3602 4610 Αἰγύπτῳ·
3635 4540 3730 4592 καὶ
3771 4541 3890 4612 γὰρ

656 4645 782 4690 runt
811 4636 1098 4706 intelligit:
1145 4649 1267 4686 nam
1294 4639 1348 4687 et
1379 4631 1488 4685 illic
1533 4629 1799 4684 idolorum
1835 4627 2003 4681 cultui
2043 4640 2209 4679 vaca-

2329 4625 2797 4696 εἰδωλολάτρευσαν
2839 4629 2971 4681 ἐκεῖ.
3004 4629 3094 4698 Μὴ
3123 4625 3215 4681 οὖν
3244 4628 3466 4682 ἐκείνων
3498 4630 3603 4682 τῶν
3629 4631 3891 4704 ἁμαρτη-

653 4735 801 4780 runt.
830 4726 907 4781 Nc
936 4728 1114 4796 itaque
1144 4725 1459 4779 delictorum
1493 4722 1706 4775 illorum
1736 4721 1848 4790 jam
1877 4717 2212 4779 memineris,

2329 4719 2500 4783 adth
2529 4718 2622 4771 νῦν
2653 4719 2915 4790 μνησθῇς,
2944 4721 3076 4774 ἀλλά
3105 4721 3201 4789 τῆς
3235 4721 3674 4792 φιλανθρωπίας,
3708 4722 3778 4774 δι’
3815 4719 3890 4795 ἦς

654 4821 752 4878 sed
783 4819 1134 4874 humanitatis
1161 4829 1214 4871 et
1239 4813 1623 4870 misericordia:
1655 4827 1763 4883 qua
1794 4820 1921 4866 tunc
1949 4810 2033 4865 vel
2061 4811 2214 4880 igno.

2329 4812 2413 4864 ιιαί
2447 4813 2568 4864 τότε
2596 4811 2921 4878 ἀγνοοῦντας
2950 4811 3435 4884 ὲφιλανθρωπεύσα
3497 4813 3588 4868 καὶ
3618 4812 3885 4884 ὴλέησας.

653 4924 836 4972 rantes
868 4919 1190 4983 prosecutus
1224 4924 1301 4963 es.
1349 4905 1568 4973 Propter
1592 4904 1874 4957 bonitatem
1909 4913 2076 4967 tuam,
2107 4899 2213 4953 Do-

2329 4904 2561 4956 Ἐνεκεν
2592 4903 2701 4970 τῆς
2725 4904 3129 4972 χρηστότητος
3161 4919 3298 4966 σου,
3330 4905 3522 4971 Κύριε.
3555 4903 3629 4957 Οὐ
3657 4903 3767 4974 γὰρ
3792 4905 3890 4960 διὰ

654 5007 808 5060 mine.
841 5002 960 5057 Non
986 5001 1129 5056 enim
1158 5014 1288 5053 mea:
1314 4996 1612 5066 dignitatis,
1649 4991 1743 5048 scd
1775 5000 1878 5046 tua:
1912 4989 2213 5060 benignita—

2329 4995 2410 5063 τὴν
2464 4993 2600 5064 ἐμὴν
2647 4993 2839 5058 ἀξίαν,
2892 4994 3026 5047 ἀλλά
3072 4995 3160 5048 διὰ
3187 4995 3284 5065 τὴν
3321 4995 3418 5064 σὴν
3467 4994 3888 5066 φιλανθρωπίαν

655 5098 726 5152 tis
753 5095 923 5166 gratia
948 5093 1000 5147 id
1032 5091 1289 5159 consequi
1321 5103 1469 5159 rogo.

2329 5084 2500 5138 τούτου
2529 5089 2706 5154 τυχεῖν
2744 5085 2990 5138 ἱκετεύω.

722 5186 776 5241 8.
806 5184 1032 5252 Propter
1059 5182 1155 5235 hoc
1193 5179 1354 5250 legem
1385 5179 1530 5232 dabit
1571 5175 1990 5248 delinquentibus
2019 5190 2075 5227 in
2100 5176 2202 5227 via.

2379 5175 2481 5229 Διὰ
2508 5175 2685 5229 τοῦτο
2726 5175 3110 5245 νομοθετήσει
3141 5176 3588 5245 ἀμαρτανοντας
3631 5175 3701 5228 ἐν
3732 5174 3884 5242 ὀδῷ.

651 5275 981 5332 llluminabit
1006 5282 1337 5343 peccatores,
1371 5270 1627 5326 indicabit
1657 5266 2003 5338 peccantibus
2036 5267 2200 5320 viam.

2329 5268 2534 5320 luetluet
2567 5265 2920 5338 ἁμαρτωλούς
2940 5284 2953 5296 ·
2991 5267 3256 5332 ὑποδείξει
3283 5269 3687 5339 ἁμαρτάνουσιν
3732 5266 3882 5320 ὁδόν.

721 5367 807 5421 10.
842 5363 1106 5419 υιιίυεηω
1133 5363 1232 5416 vita
1263 5359 1476 5414 Domini
1521 5357 1880 5413 misericordia
1909 5367 1957 5410 et
1984 5358 2199 5419 veritas,

2378 5359 2573 5415 Πᾶσαι
2606 5364 2664 5414 at
2709 5361 2834 5415 όδοὶ
2877 5361 3093 5430 Κυρίου
3145 5362 3315 5426 ἕλεος
3362 5361 3460 5415 καὶ
3504 5360 3779 5428 ἀλήθεια.
3815 5360 3884 5412 Οί

648 5465 754 5511 etc.
784 5456 920 5510 Nam
960 5453 1054 5525 qui
1100 5452 1300 5508 divinis
1332 5451 1676 5508 sermonibus
1704 5449 1919 5505 assidue
1952 5449 2201 5504 nutriun-

2329 5450 2414 5521 ’ἀρ
2444 5451 2702 5522 διηνεκῶς
2747 5454 2860 5514 τοῖς
2907 5451 3068 5515 θείοις
3111 5453 3488 5524 ὲντρεφόμενοι
3519 5451 3694 5518 λόγοις
3736 5464 3888 5519 μαν-

649 5557 758 5611 tur,
789 5556 1038 5602 accurate
1066 5544 1315 5601 ediscunt
1337 5559 1526 5599 omnes
1540 5542 1838 5597 Salvatoris
1861 5542 2062 5597 Christi
2090 5542 2203 5597 dis-

2329 5544 2558 5596 ldvouatv
2589 5544 2833 5615 ἀκριϐῶς
2871 5544 2936 5596 δι’
2967 5544 3214 5611 ἐκείνων,
3243 5545 3318 5605 ὡς
3353 5547 3522 5598 πᾶσαι
3553 5541 3646 5594 τοῦ
3689 5541 3889 5611 Σωτῆ-

645 5638 993 5708 pensationes
1062 5636 1433 5694 misericordia
1477 5645 1530 5690 et
1571 5635 1797 5690 veritate
1840 5649 1961 5689 esse
2002 5634 2203 5703 permi-

2329 5653 2401 5699 20;
2429 5635 2662 5705 Χριστοῦ
2697 5634 2830 5689 Θεοῦ
2861 5637 3014 5707 ἡμῶν
3039 5637 3336 5707 οἰκονομίαι
3363 5635 3496 5706 ἐλέῳ
3524 5634 3615 5687 καὶ
3644 5630 3887 5705 ἀληθείᾳ

715 5751 791 5817 (9)
831 5751 1083 5803 Ambros.
1131 5750 1279 5804 ad'lit
1313 5749 1584 5821 ἁπάντων.
1637 5747 1754 5803 Mox
1789 5757 1912 5818 post
1941 5747 2084 5818 ζωήν
2131 5745 2230 5817 adji

2337 5791 2352 5817 ,
2396 5751 2459 5802 ὲκ
2505 5749 2792 5821 προσώπου
2827 5747 2882 5801 δὲ
2930 5740 3084 5810 οὗτος
3123 5748 3214 5802 τοῦ
3265 5747 3390 5802 λαοῦ
3443 5747 3639 5810 παντὸς
3680 5745 3886 5816 διορι-

643 5838 731 5878 νου
763 5822 858 5890 τῆς
882 5821 1251 5890 αἰχμαλωσίας
1283 5818 1673 5888 ἀπαλλαγῆναι.

727 5914 770 5946 ⁸⁸
801 5912 902 5968 lsa.
940 5931 992 5982 ν,
1021 5913 1110 5971 2|.
