4122 6528
196 480 281 534 αὖ
1256 470 1617 526 ΕΧΡΟΞΙΤΙΟ
1652 470 1717 525 IN
1755 469 2081 525 PSALMUM
2124 467 2285 521 XXV.
3283 461 3381 514 “6

198 589 592 659 συγκέκρανταιο
656 589 765 647 τοῖς
824 585 931 655 γὰρ
994 584 1450 654 μεταμελομένοις
1508 588 1591 653 ἐφ’
1652 587 1733 651 ως
1762 585 1803 640 Α

1762 585 1803 640 Α
1832 595 1963 639 stas.
1992 581 2125 636 Nam
2161 582 2227 635 iis
2272 592 2412 648 quos
2438 578 2757 632 delictorum
2802 574 3039 645 poenitet,
3071 572 3383 628 misericor-

195 677 585 748 ἐπλημμέλησαν
613 674 703 727 τὸν
735 673 879 726 ἔλεον
908 673 1000 725 καὶ
1024 672 1122 742 τὴν
1147 671 1474 743 συγγνώμην
1503 675 1684 746 ὀρέγει
1707 696 1714 706 ·

1828 678 1970 732 diam
1992 673 2146 728 offert
2165 680 2219 726 et
2243 670 2452 724 veniam
2484 686 2495 722 :
2528 668 2758 721 invictos
2778 676 2959 720 autem
2983 664 3198 718 virtutis
3220 662 3388 718 athle-

195 772 299 833 τοὺς
325 770 376 822 δὲ
406 768 701 838 ἀηττήτους
730 766 830 835 τῆς
862 764 1059 835 ἀρετῆς
1099 763 1335 835 ἀθλητὰς
1362 767 1722 838 ἁνακηρύττει

1828 777 1932 829 tas,
1962 765 2197 819 victores
2229 760 2533 822 denuntiat,
2566 770 2618 813 et
2662 766 2889 812 coronat
2929 772 3054 811 cum
3081 756 3308 810 veritate
3334 765 3387 808 et

195 867 275 917 καὶ
310 863 548 929 στεφανοῖ
591 861 688 913 σὺν
732 857 958 928 ἀληθείᾳ
985 858 1082 927 τὴν
1110 855 1289 926 ψῆφον
1316 857 1564 928 ἐκφέρων
1587 874 1600 888 ·
1634 862 1724 912 καὶ

1830 857 2080 927 :equitate
2121 852 2387 908 calculum
2417 850 2595 906 ferens
2623 868 2636 904 :
2664 864 2756 904 eos
2784 864 2912 904 vero
2951 849 3044 919 qui
3079 848 3133 902 in
3166 859 3388 917 peccato

197 954 355 1025 μέντοι
384 952 475 1006 καὶ
503 954 619 1015 τοῖς
647 949 956 1021 παρανομίᾳ
982 947 1298 1018 συνεζηκόσι
1317 988 1331 1011 ,
1362 948 1457 1000 καὶ
1485 966 1724 1019 μεταμε-

1852 951 1994 1004 ‘itam
2039 955 2287 1018 egerunt,
2322 959 2493 1014 neque
2533 942 2842 1013 paenitentia
2891 940 3106 1011 purgati
3139 946 3286 1003 sunt,
3323 952 3388 992 cx

194 1046 295 1116 λείᾳ
326 1045 393 1116 μὴ
420 1041 782 1115 χρησαμένοις
815 1040 953 1094 κατὰ
980 1042 1107 1102 τοὺς
1147 1039 1246 1109 τῆς
1274 1037 1532 1109 ἀληθείας
1567 1042 1724 1112 ὅρους

1449 1039 1532 1103 ίας
1567 1042 1724 1112 ὅρους
1832 1041 1945 1097 veri
1971 1049 2025 1096 et
2056 1039 2195 1109 aequi
2227 1037 2543 1108 praescripto
2576 1035 2859 1105 suppliciis
2894 1032 3072 1088 allicit.

195 1136 416 1205 ἐπιφέρει
445 1134 543 1198 τὰς
569 1134 859 1204 τιμωρίας.

256 1244 374 1315 [Kal
410 1244 474 1298 τὸ
511 1244 748 1312 σπέρμα
779 1243 964 1298 αὑτοῦ
1008 1244 1449 1312 κληρονομήσει
1488 1242 1621 1313 γῆν.
1663 1244 1726 1294 Αἱ

1904 1260 2016 1331 [15.
2040 1258 2104 1311 Et
2128 1276 2296 1313 semen
2326 1259 2438 1328 ejus
2465 1258 2790 1312 hwreditabit
2815 1267 3030 1310 terram.
3053 1254 3182 1324 Ejus
3210 1267 3395 1323 opera,

198 1333 427 1402 πράξεις,
472 1332 672 1403 φησὶν,
716 1335 770 1386 ai
814 1332 1099 1402 γενόμεναι
1153 1330 1400 1403 πρόξενοι
1448 1330 1595 1402 αὐτῷ
1636 1331 1726 1383 τοῦ

1838 1330 2035 1422 inquit,
2082 1353 2133 1405 in
2164 1367 2327 1405 causa
2364 1359 2512 1416 sunt,
2545 1359 2603 1403 ut
2628 1350 2740 1420 ipse
2771 1349 3160 1420 intelligibilem
3197 1356 3395 1402 terram

195 1426 568 1496 κληρονομῆσαι
596 1424 692 1494 τὴν
712 1423 904 1493 νοητὴν
923 1423 1026 1493 γῆν
1044 1441 1058 1455 ν
1076 1425 1393 1495 γενήσονταί
1423 1441 1483 1492 γε
1514 1424 1731 1494 σπέρμα

1839 1443 2150 1499 haereditate
2199 1442 2430 1513 accipiat
2463 1461 2473 1495 :
2522 1451 2683 1497 erunt
2730 1451 2908 1495 autem
2932 1481 2949 1507 ,
2986 1440 3184 1510 inquit,
3214 1454 3397 1494 semen

195 1512 285 1564 τῶν
314 1512 525 1581 ἀγαθῶν
554 1514 787 1585 ἀνδρῶν,
834 1512 899 1566 δι’
934 1507 1008 1566 ὧν
1051 1514 1173 1577 τοὺς
1206 1512 1346 1566 κατὰ
1378 1513 1507 1566 Θεὸν
1537 1530 1733 1582 γεννω-

1840 1535 1981 1606 frugi
2009 1536 2273 1597 virorum,
2313 1507 2513 1604 quibus
2556 1533 2804 1610 intelligit
2845 1546 2939 1589 eos
2979 1507 3078 1602 qui
3101 1531 3400 1587 secundum

197 1602 369 1673 μένους
398 1603 578 1672 φησίν.

1842 1629 2009 1683 Deum
2041 1626 2153 1681 nati
2183 1637 2329 1683 sunt.

265 1715 609 1784 Ἐπίϐλεψον
646 1716 738 1769 ἐπ’
778 1716 899 1784 ἑμέ.
941 1718 1031 1769 Δεῖ
1062 1717 1171 1789 γὰρ
1208 1719 1281 1789 μὴ
1329 1718 1553 1781 ὑπτίους
1599 1713 1736 1771 εἶναι

1913 1740 2126 1810 Respice
2165 1741 2220 1793 in
2252 1756 2351 1793 me.
2384 1738 2605 1809 Oportet
2637 1740 2779 1793 enim
2824 1754 2945 1802 nos,
2980 1737 3315 1792 conﬁdentes
3351 1734 3404 1790 in

196 1806 277 1858 καὶ
334 1808 832 1871 ἀναπεπτωκότας,
901 1807 1232 1880 θαρροῦντας
1304 1809 1382 1880 τῷ
1443 1809 1582 1862 ἐλέει
1642 1809 1735 1861 τοῦ

1843 1832 2218 1888 misericordia
2248 1830 2363 1891 Dei.
2398 1847 2504 1885 non
2529 1831 2757 1901 supinos
2792 1845 2913 1885 esse
2938 1839 2991 1884 et
3016 1830 3281 1899 abjectos,
3313 1829 3406 1883 sed

195 1898 345 1963 θεοῦ,
382 1899 515 1953 ἀλλὰ
559 1901 655 1954 καὶ
695 1902 839 1972 ἡμᾶς
868 1902 1140 1972 είσφέρειν
1174 1902 1264 1954 τὸν
1308 1901 1395 1955 διὰ
1424 1902 1531 1956 τῶν
1564 1902 1739 1973 ἔργων

196 1988 393 2064 novom]

1843 1929 2008 1984 etiam
2051 1927 2312 1993 laborem,
2341 1928 2436 1998 qui
2464 1928 2517 1980 in
2549 1927 2771 1996 agendis
2805 1926 3065 1994 occurrit,
3101 1924 3409 2002 exhibere.)

257 2128 333 2182 15.
366 2129 552 2184 Daniel
588 2130 855 2184 Barbarus
885 2146 903 2183 :
931 2130 1120 2183 Anima
1148 2130 1261 2200 ejus
1296 2133 1349 2184 in
1377 2132 1524 2185 bonis
1558 2129 1940 2186 demorabitur.
1976 2126 2230 2182 Actiones
2256 2126 2360 2180 illa!
2392 2143 2511 2191 qua:
2531 2128 2597 2181 ad
2631 2129 3045 2185 intellectualem
3076 2138 3271 2181 terram
3300 2130 3410 2179 lue-

195 2216 513 2273 reditamlam
538 2218 942 2274 conciliatrices
976 2219 1129 2274 lactte
1160 2220 1381 2286 fuerint,
1419 2223 1626 2276 semina
1659 2234 1814 2279 terra:
1843 2224 1974 2278 lient
2005 2223 2272 2278 bonorum
2305 2222 2433 2277 viris
2467 2225 2572 2278 illis
2610 2225 2703 2293 qui
2734 2224 3029 2279 secundum
3056 2221 3222 2276 Deum
3253 2234 3412 2273 reno-

195 2306 461 2364 Vabuntur.
519 2310 716 2382 Hujus,
748 2311 941 2382 inquit,
985 2328 1171 2368 semen
1208 2316 1547 2370 bmreditabit
1580 2325 1814 2383 terram;
1852 2332 1975 2371 nam
2021 2318 2315 2387 perveniet,
2366 2320 2460 2382 ait,
2496 2319 2797 2373 benedictio
2846 2334 3018 2389 usque
3057 2316 3121 2371 ad
3163 2324 3414 2388 posteros

194 2416 330 2457 SUOS.

256 2518 597 2586 Κραταίωμα
655 2518 864 2585 Κύριος
923 2516 1039 2572 τῶν
1094 2520 1478 2590 φοϐουμένων
1527 2524 1744 2576 αὐτόν·
1784 2527 1828 2586 Β

1784 2527 1828 2586 Β
1924 2526 2011 2579 Η.
2038 2524 2459 2580 Firmamentum
2485 2535 2559 2581 est
2590 2525 2842 2579 Dominus
2876 2524 3174 2578 timentibus
3217 2540 3333 2577 eum
3364 2533 3412 2575 ct

196 2608 279 2658 καὶ
322 2604 571 2673 διαθήκη
614 2606 800 2659 αὐτοῦ
838 2606 1096 2674 δηλώσει
1135 2611 1374 2676 αὐτούς.
1414 2611 1477 2663 Ἥ
1521 2612 1747 2680 εὐαγγεο

1855 2624 2223 2671 testamentum
2272 2620 2435 2687 ipsius
2487 2618 2843 2687 manifestubit
2896 2618 3023 2671 illis.
3065 2615 3411 2686 Evangelium

194 2696 324 2767 λική.
368 2697 431 2750 Τί
479 2697 536 2751 δὲ
583 2695 845 2769 δηλώσει;
888 2698 920 2769 ἢ
959 2698 1059 2771 τὴν
1106 2700 1376 2771 σωτηρίας
1420 2701 1558 2754 ὀδόν.
1594 2704 1750 2754 Πᾶσα

1854 2708 2078 2775 scilicet,
2120 2718 2215 2763 aut
2252 2711 2441 2765 salutis
2472 2711 2640 2764 viam.
2674 2709 2806 2764 Tota
2845 2709 3043 2779 quippe
3087 2708 3169 2762 lex
3211 2707 3414 2762 Christi

196 2788 321 2859 γὰρ,
346 2790 509 2859 φησι,
550 2789 838 2859 νομοθεσία
880 2787 973 2842 τοῦ
1003 2788 1138 2842 Θεοῦ
1168 2792 1303 2859 πρὸς
1330 2788 1486 2841 τοῦτο
1528 2789 1750 2859 βλέπει,

1856 2799 1959 2855 hoc
1990 2810 2198 2871 spectat
2231 2811 2287 2855 ut
2320 2801 2517 2871 probos
2552 2804 2751 2871 Optatis
2783 2810 2836 2855 et
2857 2801 3079 2855 delectis
3111 2801 3212 2854 frui
3244 2809 3413 2854 curet.

200 2877 321 2947 πρὸς
342 2878 400 2930 τὸ
428 2880 486 2931 ἐν
516 2878 817 2932 ἀπολαύσει
847 2880 973 2941 τοὺς
1002 2879 1238 2946 ἀγαθοὺς
1262 2883 1435 2933 ποιεῖν
1463 2873 1537 2932 ὧν
1568 2881 1752 2953 προεί-

1856 2889 1913 2945 ld
1954 2907 2185 2961 namque
2234 2894 2331 2960 ait,
2358 2892 2714 2960 manifestabit
2768 2892 2899 2956 illis,
2937 2892 2990 2945 id
3018 2900 3122 2954 est,
3147 2890 3415 2959 cxoptatis

198 2969 361 3022 λαντο.
387 2971 559 3022 Τοῦτο
584 2970 692 3041 γὰρ
719 2969 867 3038 λέγει
886 2984 900 2997 ο
928 2968 1190 3037 Δηλώσει
1230 2970 1452 3035 αὐτοῖς,
1486 2972 1605 3025 ἀντὶ
1638 2970 1753 3039 τοῦ,

596 2970 692 3041 γὰρ
719 2969 867 3038 λέγει
886 2984 900 2997 ο
928 2968 1190 3037 Δηλώσει
1230 2970 1452 3035 αὐτοῖς,
1486 2972 1605 3025 ἀντὶ
1638 2970 1753 3039 τοῦ,
1859 2982 1964 3038 frui
1994 2984 2224 3039 curabit,

198 3062 248 3112 ἐν
270 3062 558 3115 ἀπολαύσει
584 3063 777 3127 αὐτοὺς
801 3064 1130 3135 καταστήσει
1153 3057 1227 3117 ὧν
1258 3065 1593 3134 προείλαντο.

1935 3075 2015 3127 l7.
2063 3073 2448 3128 Tribulationes
2495 3076 2665 3128 cordis
2717 3074 2817 3126 mei
2864 3070 3231 3139 multiplicata:
3274 3079 3413 3122 sunt.

259 3155 322 3204 Al
376 3154 617 3221 θλίψεις
664 3155 769 3223 τῆς
810 3154 1057 3223 καρδίας
1092 3173 1211 3225 μου
1263 3156 1751 3224 ἐπληθύνθησαν.
1858 3162 1887 3215 L

1858 3162 2077 3228 Multis,
2125 3165 2334 3234 inquit,
2383 3164 2682 3234 angoribus
2735 3162 2976 3231 undique
3018 3161 3419 3215 circumventus

200 3243 428 3310 Πολλοῖς,
460 3246 630 3316 φησιν
650 3287 664 3309 ,
693 3246 959 3315 ἀλγεινοῖς
989 3246 1322 3314 πανταχόθεν
1365 3247 1756 3317 περιστοιχίξο-

1862 3270 2004 3309 sum.
2035 3254 2185 3312 lianc
2211 3257 2394 3327 itaque
2416 3271 2591 3310 meam
2620 3255 3003 3316 humilitatem,
3034 3252 3129 3306 has
3150 3264 3423 3304 aerumnas

202 3355 306 3405 μαι.
338 3338 555 3411 Ταύτην
592 3358 693 3411 μου
721 3340 897 3393 τοίνυν
927 3339 1026 3409 τὴν
1054 3340 1381 3392 ταπείνωσιν
1413 3340 1501 3392 καὶ
1531 3338 1629 3409 τὴν
1664 3355 1756 3392 τα-

1862 3348 2175 3417 appendens
2203 3363 2327 3403 eum
2361 3349 2598 3418 peccatis
2629 3347 2782 3410 meis,
2808 3347 2873 3400 da
2915 3343 3293 3399 remissionem
3330 3356 3420 3396 \e-

200 3427 489 3501 λαιπωρίαν
517 3433 637 3493 ταῖς
667 3432 822 3500 ἐμαῖς
854 3428 1343 3493 ἀντιταλαντεὺσας
1372 3431 1756 3501 παρανομίαις,

1864 3441 2117 3510 niamque
2174 3440 2371 3509 praebe.
2416 3439 2492 3493 De
2531 3440 2925 3493 necessitatibus
2975 3438 3101 3493 meis
3152 3453 3274 3491 erue
3311 3452 3424 3503 mc,

198 3519 278 3585 (τὸς
302 3522 397 3594 τὴν
429 3525 657 3592 ἄφεσιν,
710 3524 803 3577 καὶ
848 3524 946 3594 τὴν
991 3523 1316 3596 συγγνώμην
1359 3525 1621 3595 πάρασηχε.
1665 3526 1758 3579 Ἐκ

1092 3523 1316 3596 γνώμην
1359 3525 1621 3595 πάρατχε.
1665 3526 1758 3579 Ἐκ
1864 3534 2081 3590 assidue
2110 3535 2312 3589 scilicet
2338 3532 2720 3603 prementibus.

200 3609 307 3663 τῶν
351 3610 632 3681 ἀναγκῶν
677 3628 794 3680 μου
848 3611 1101 3681 ἑξάγαγέ
1136 3628 1249 3682 με·
1293 3612 1356 3664 ἐκ
1385 3610 1492 3666 τῶν
1527 3612 1761 3683 συνεχῶν

204 3719 314 3770 μου.

268 3794 374 3848 Ἴδε
406 3794 522 3862 τὴν
560 3795 918 3849 ταπείνωσιν
964 3812 1082 3864 μου
1112 3794 1211 3847 καὶ
1256 3793 1362 3847 τὸν
1396 3796 1584 3848 κόπον
1619 3812 1758 3863 μου.

1938 3801 2024 3857 l8.
2078 3798 2201 3853 Vide
2244 3797 2595 3852 humilitatem
2642 3812 2808 3850 meam
2855 3807 2902 3850 et
2959 3795 3192 3850 laborem
3231 3810 3421 3849 meum.

200 3886 285 3937 Δεῖ
310 3886 414 3959 γὰρ
447 3886 523 3958 μὴ
563 3887 786 3950 ὑπτίους
818 3883 952 3939 εἶναι
988 3886 1081 3939 καὶ
1121 3886 1595 3951 ἁναπεπτωκότας,
1629 3886 1762 3957 θαῤ-
1792 3883 1828 3940 C

1795 3883 1834 3940 C
1867 3892 2091 3962 Oportet
2137 3889 2281 3945 enim
2322 3904 2429 3943 non
2468 3888 2693 3957 supinos
2734 3896 2785 3940 ct
2817 3886 3001 3939 animo
3044 3887 3245 3940 lractos
3282 3902 3423 3947 esse.

204 3975 418 4046 ροὗντας
450 3978 529 4048 τῷ
559 3978 698 4030 ὲὶέει
730 3977 821 4030 τοῦ
852 3976 984 4031 Θεοῦ
1007 3994 1019 4007 ·
1057 3976 1192 4031 ἀλλὰ
1221 3977 1329 4052 γὰρ
1371 3978 1640 4048 είσφέρειν
1675 3977 1763 4029 τὸν

1867 3982 2094 4036 ﬁdentes
2147 3978 2535 4034 misericordiae
2583 3975 2700 4040 Dei,
2729 3975 2823 4031 sed
2867 3975 3060 4030 all‘erie
3092 3990 3314 4046 operum
3351 3976 3428 4029 la-

201 4067 281 4121 ὃιὰ
303 4071 408 4121 τῶν
433 4070 615 4141 ἔργων
644 4070 824 4125 πόνον.

445 4070 615 4141 ἔργων
644 4070 824 4125 πόνον.
1867 4075 2073 4128 borcnt.

272 4158 381 4214 Ἴδε
407 4162 555 4227 τοὺς
583 4162 836 4230 ἐχθρούς
853 4180 992 4234 μου,
1027 4161 1115 4215 ὅτι
1136 4162 1621 4228 ἐπληθύνθησαν.
1659 4158 1769 4212 Καὶ

1941 4163 2026 4217 19.
2060 4162 2273 4233 Respice
2315 4160 2554 4213 inimicos
2602 4174 2761 4224 meos,
2792 4159 3042 4228 quoniam
3094 4156 3431 4226 multiplicati

206 4250 305 4306 ἀπὸ
334 4255 433 4326 τῆς
477 4253 697 4317 ἀδικίας
736 4253 842 4305 τῶν
880 4253 1090 4325 ἐχθρῶν
1142 4255 1220 4316 είς
1267 4251 1412 4305 ἔλεον
1461 4250 1768 4305 ἐκκαλεῖται

1868 4265 2011 4311 sunt.
2052 4254 2128 4309 Ex
2166 4253 2515 4309 inimicorum
2561 4249 2850 4319 iniquitate
2880 4257 3093 4317 sumpta
3124 4249 3430 4313 occasione,

206 4342 289 4396 τὸν
314 4345 466 4398 Θεόν.

1871 4349 2041 4404 Deum
2074 4354 2233 4401 vocat
2258 4344 2327 4399 ad
2358 4342 2808 4399 misericordiam.

274 4438 504 4489 ’.ἱκακοι
556 4436 653 4489 καί
694 4434 887 4501 εὐθεῖς
915 4433 1255 4489 excisam:
1290 4451 1412 4502 μοι.
1466 4433 1575 4485 Καὶ
1613 4431 1769 4485 τοῦτο

1939 4442 2029 4495 2|.
2085 4439 2392 4495 Innucentes
2434 4446 2484 4493 et
2511 4438 2635 4493 recti
2676 4437 3010 4491 adiuuerunt
3044 4436 3190 4489 nti/ti.
3234 4434 3300 4489 Et
3330 4439 3435 4491 hoc

208 4525 327 4578 ίόιον
371 4527 617 4598 ἀρετῆς,
660 4526 720 4578 τὸ
757 4528 933 4595 μισεῖν
980 4525 1079 4595 μὲν
1107 4524 1217 4577 τῶν
1265 4522 1478 4593 φαύλων
1512 4522 1609 4586 τὰς
1642 4541 1769 4575 συν-

1872 4536 2153 4605 pr0prium
2186 4530 2403 4587 virtutis
2443 4540 2546 4599 est,
2594 4531 2968 4600 improborum
2996 4544 3325 4599 congressus
3354 4528 3436 4582 lu-

204 4618 382 4680 ουσίας
407 4659 422 4681 ,
453 4619 588 4679 τοὺς
626 4616 684 4669 δὲ
713 4616 809 4687 τὴν
841 4616 1062 4687 ἰσότητα
1089 4615 1361 4686 τιμῶντας
1403 4616 1495 4667 καὶ
1520 4614 1771 4685 εὐθύτητι

1876 4641 2018 4696 gere,
2054 4624 2193 4695 aequi
2224 4634 2404 4678 autem
2441 4632 2495 4678 et
2522 4622 2654 4677 recti
2689 4623 2930 4678 cultores
2959 4623 3013 4677 in
3059 4622 3249 4678 amicis
3273 4630 3328 4676 et
3357 4621 3436 4677 la-

206 4711 515 4781 χρωμένους
553 4707 804 4778 συνήθεις
831 4707 975 4778 ἔχειν
1002 4707 1094 4761 καὶ
1119 4706 1304 4776 φίλους
1324 4723 1338 4737 ο
1369 4705 1526 4759 τοῦτο
1550 4705 1657 4776 γὰρ
1682 4706 1775 4759 καὶ

1878 4718 2181 4773 miliaribus
2238 4716 2455 4771 habere.
2487 4714 2600 4771 Hoc
2637 4716 2802 4771 etiam
2844 4714 3112 4785 Propheta
3152 4731 3217 4770 se
3247 4714 3440 4771 fecisse

207 4815 233 4850 ο
278 4804 567 4873 προςρήτης
618 4798 721 4870 ἔφη
770 4798 1160 4869 πεποιηκέναι,
1201 4797 1297 4851 ἆτε
1340 4798 1404 4869 δὴ
1456 4797 1775 4868 θεραπεύειν

1626 4797 1775 4851 τεύειν
1882 4812 1957 4867 ait
1984 4829 1999 4868 :
2032 4818 2185 4866 ratus
2210 4809 2469 4865 nimirum
2500 4809 2553 4863 id
2586 4823 2709 4863 esse
2734 4806 3023 4861 Dominum
3058 4806 3254 4861 colere.

207 4893 357 4948 τοῦτο
381 4894 475 4947 τὸν
502 4891 785 4961 Δεσπότην
814 4889 945 4961 ἠγού
954 4906 1130 4961 μενος.

2092 4924 2145 4978 1.
2179 4922 2245 4976 1η
2277 4922 2432 4991 ﬁnem
2464 4918 2797 4975 PSALMUS
2832 4920 3019 4974 David.
3050 4917 3153 4971 XX
3169 4916 3227 4973 Υ.

366 5006 473 5069 Είς
499 5003 571 5056 τὸ
600 5001 772 5067 τέλος
807 5003 1111 5056 ΨΑΛΜΟΣ
1139 4998 1218 5065 τῷ
1246 4999 1440 5053 Δαυΐδ.
1468 4998 1598 5053 KE'.
2468 5018 2866 5087 Argumentum,

843 5093 900 5144 ’Υ
897 5093 1083 5146 πόθεσ
1087 5110 1161 5157 ις’
1884 5133 2163 5189 lnducitur
2194 5148 2421 5189 persona
2448 5148 2471 5187 ε

1884 5133 2163 5189 lnducitur
2194 5148 2421 5189 persona
2448 5147 2638 5187 eorum
2682 5132 2775 5189 qui
2807 5132 3157 5186 crediderunt
3200 5130 3254 5184 in
3287 5130 3411 5186 Chri

1910 5133 2163 5190 nducitur
2194 5148 2421 5203 persona
2448 5147 2638 5187 eorum
2682 5132 2775 5202 qui
2807 5132 3157 5186 crediderunt
3200 5130 3254 5184 in
3287 5130 3445 5186 Chri-

212 5206 324 5262 Τῶν
348 5208 794 5263 πεπιστευκότων
822 5208 901 5269 είς
930 5205 1161 5277 Χριστὸν
1184 5204 1493 5275 εἰσφέρεται
1520 5204 1579 5256 τὸ
1612 5204 1779 5276 πρόσ-

1954 5236 2119 5291 stum,
2142 5224 2462 5295 negantibus
2478 5226 2680 5279 interea
2708 5223 3274 5279 etcontradicentibus
3295 5238 3445 5278 com-

274 5319 421 5356 ωπον
454 5299 809 5373 ἀρνουμένων
836 5298 930 5351 καὶ
954 5295 1428 5369 διισχυριζομένων
1455 5297 1545 5348 ὲπὶ
1581 5298 1645 5365 τῇ
1680 5313 1779 5348 κα-

1956 5318 2231 5373 munionis
2272 5316 2644 5371 constitutioni
2686 5314 2910 5382 ludatis,
2945 5314 3038 5384 qui
3082 5325 3449 5369 convenerant

276 5395 540 5449 ταστάσει
582 5392 679 5463 τῆς
723 5390 1002 5453 κοινωνίας
1046 5389 1155 5442 τῶν
1205 5388 1469 5442 Ἰουδαίων
1503 5387 1610 5441 τῶν
1657 5404 1779 5439 συν-

1746 5406 1779 5477 ’ζ
1958 5412 2216 5466 adversus
2249 5408 2533 5464 Dominum
2564 5417 2617 5462 et
2647 5409 2908 5462 adversus
2932 5405 3209 5461 Christum
3239 5406 3374 5477 ejus.

277 5484 619 5555 εληλυθότων
640 5478 783 5533 κατὰ
802 5479 896 5532 τοῦ
920 5479 1123 5549 Κυρίου
1151 5478 1244 5531 καὶ
1268 5476 1405 5529 κατὰ
1433 5475 1525 5528 τοῦ
1542 5474 1776 5546 Χριστοῦ

277 5576 466 5634 αὑτοῦ.

280 5696 502 5767 Κρῖνόν
522 5709 600 5761 με
617 5730 631 5754 ,
656 5691 831 5759 Κύριε
855 5728 867 5751 ,
911 5687 998 5740 ὅτι
1024 5687 1152 5757 ἐγὼ·
1174 5686 1241 5737 ἐν
1273 5684 1488 5751 (inania
1508 5701 1625 5753 μου
1647 5682 1786 5734 ἐπο-

1955 5674 2151 5728 Judica
2198 5689 2296 5736 me,
2346 5670 2595 5732 Domine,
2643 5670 2890 5739 quoniam
2924 5683 3016 5739 ego
3059 5669 3113 5720 in
3156 5663 3453 5719 innocentia

209 5790 453 5858 ρεύθην.
496 5784 760 5839 ’Λκακίαν
784 5780 938 5833 καλεί
963 5780 1022 5833 τὸ
1049 5780 1122 5850 μὴ
1155 5779 1441 5849 μετασχεῖν
1469 5777 1565 5843 τῆς
1598 5773 1792 5843 φαυλό-

1890 5784 2005 5822 mca
2038 5768 2303 5835 ingressus
2342 5778 2479 5817 sum.
2514 5760 2883 5816 Innocentiam
2917 5759 3049 5815 dicit
3071 5773 3181 5813 non
3211 5766 3458 5812 commu-

216 5898 371 5951 τητος
413 5879 511 5935 καὶ
540 5877 639 5948 τῆς
670 5872 925 5936 ἀπονοίας
972 5870 1076 5925 τῶν
1125 5869 1407 5922 Ἰουδαίων.
1448 5867 1557 5923 Καὶ
1587 5864 1684 5919 ἐπὶ
1717 5861 1795 5929 τῷ

1893 5859 2076 5916 nicare
2103 5872 2225 5915 cum
2253 5855 2472 5926 perﬁdia
2499 5863 2553 5909 ct
2576 5854 2791 5910 vesania
2814 5851 3145 5908 Jutlmorum.
3174 5844 3241 5901 Ei
3265 5846 3321 5901 in
3350 5844 3458 5900 Do-
