4122 6526
720 444 819 498 M7

1561 450 1617 504 S.
1659 448 2028 506 ATHANASH
2065 452 2215 509 OPP.
2259 452 2440 508 PARS
2480 451 2564 508 lli.
2605 479 2676 491 --
2713 451 3123 507 EXEGETlCA.
3828 451 3920 506 H8

717 564 856 615 mino
883 578 1094 631 sperans
1117 580 1220 617 non
1246 565 1568 634 inﬁrmabor.
1598 567 1732 620 Cum
1767 570 1818 622 in
1856 577 1905 622 te
1932 584 2080 638 spem
2106 570 2220 624 salu

2367 571 2558 636 Κυρίῳ
2590 568 2840 628 eluta-ir
2879 571 2950 621 οὺ
2979 568 3064 637 μὴ
3092 567 3427 635 ἀσθενήσω.
3464 565 3713 629 Βεῦιιίαν,
3743 566 3916 634 φησιν,

715 652 783 705 tis
809 666 1086 720 reponam,
1116 653 1344 708 tirmiter
1373 663 1427 708 et
1460 654 1715 711 immotus
1754 659 2067 712 consistam.

777 829 832 884 9.
868 829 1039 883 Proba
1066 847 1162 892 me,
1195 830 1430 896 Domine,
1458 842 1506 886 et
1531 843 1669 887 tenta
1697 851 1793 887 me.
1820 835 1878 888 Si
1909 837 2258 908 pervestiges,

708 920 901 990 inquit,
936 920 1196 989 profunda
1251 923 1444 977 animai
1490 940 1640 988 meae,
1687 926 1741 978 in
1790 935 1840 980 te
1882 927 1998 980 solo
2041 943 2254 982 omnem

708 1013 907 1067 mentis
949 1014 1365 1069 sollicitudinem
1407 1032 1494 1071 me
1559 1033 1819 1086 reponere
1868 1019 2251 1088 deprehendes.

714 1103 866 1168 Quod
892 1119 1013 1158 cum
1038 1120 1214 1175 agam,
1232 1116 1487 1177 acceptus
1507 1125 1600 1164 ero
1623 1110 1737 1174 tibi,
1766 1121 1870 1164 tua:
1885 1113 2090 1167 scilicet
2115 1114 2256 1168 veri-

705 1197 830 1251 tatis
856 1211 1063 1253 amans.

2369 659 2472 724 ἔξω
2519 659 2616 729 τὴν
2649 659 2836 711 στάσιν
2903 660 2982 719 είς
3019 659 3076 710 σὲ
3109 658 3206 720 τὰς
3250 656 3469 718 ἐλπίδας
3515 655 3616 724 τῆς
3654 655 3918 725 σωτηρίας

2368 750 2838 822 ἀπογραψάμενος.

2435 843 2772 911 Δοκίμασόν
2790 859 2886 910 με,
2915 844 3118 909 Κύριε,
3147 840 3244 893 καὶ
3280 839 3570 906 περ’ρασόν
3591 853 3688 906 με.
3733 836 3799 890 Ei
3841 835 3920 900 ἐξ-

2366 935 2563 1006 ετάσῃς
2603 934 2698 1003 τῆς
2723 932 2897 1002 ψυχῆς
2932 950 3034 1003 μου
3073 930 3140 984 τὰ
3166 930 3304 1000 βάθη
3328 969 3344 992 ,
3391 928 3585 999 φησιν,
3617 927 3709 980 ἐπὶ
3745 926 3823 996 τῷ
3848 926 3918 995 at}:

2368 1025 2513 1095 μόνῳ
2541 1024 2791 1094 εὑρήσεις
2820 1023 2956 1076 ἐλέει
2990 1023 3166 1076 πάντα
3196 1037 3294 1091 μου
3329 1020 3426 1087 τῆς
3454 1017 3688 1080 διανοίας
3716 1019 3806 1069 τὸν
3828 1017 3918 1070 πό-

2363 1133 2450 1168 νον
2497 1116 2844 1184 ἐπανέχοντα.
2877 1112 3044 1165 Τοῦτο
3087 1111 3142 1163 δὲ
3187 1108 3354 1164 ποιῶν
3399 1109 3688 1178 εὐάρεστος
3732 1106 3916 1177 ἔσομαι

2365 1204 2516 1276 παρά
2543 1205 2624 1257 σοὶ
2656 1204 2750 1274 τὴν
2782 1205 2879 1274 σὴν
2907 1204 3197 1274 ἀγαπήσας
3230 1199 3504 1272 ἀλήθειαν.

771 1330 961 1386 Daniel
993 1333 1305 1388 Barbarus:
1339 1334 1440 1390 Ure
1470 1353 1612 1390 renes
1643 1354 1802 1391 meos.
1832 1337 1999 1404 Quasi
2024 1339 2188 1405 dicat,
2224 1340 2491 1395 succende
2524 1350 2577 1395 et
2600 1342 2850 1395 examina
2889 1339 3108 1393 intimas
3137 1337 3304 1390 animi
3338 1337 3442 1390 mei
3473 1335 3847 1404 cogitationes,
3869 1342 3919 1390 et

702 1438 1039 1497 perscrutare
1069 1445 1135 1484 an
1172 1431 1244 1485 ita
1275 1447 1359 1486 me
1389 1433 1562 1486 habeo
1598 1442 1656 1486 ut
1684 1433 1824 1488 dico.
1861 1432 2028 1488 Porro
2055 1436 2158 1489 alia
2192 1443 2278 1490 est
2330 1436 2414 1490 hic
2454 1435 2738 1490 succensio
2769 1433 3006 1496 Domini,
3040 1446 3203 1502 quam
3245 1429 3512 1499 Propheta
3560 1436 3728 1498 optat,
3756 1428 3826 1482 ab
3855 1443 3915 1482 ea

699 1535 821 1590 qua:
852 1522 911 1576 lit
935 1523 1247 1579 ardentibus
1281 1525 1500 1596 maligni
1532 1527 1759 1596 sagittis.
1794 1524 1929 1580 Nam
1959 1526 2221 1584 Dominus
2252 1528 2522 1583 deteriora
2560 1526 2854 1591 consumit,
2889 1533 2942 1578 et
2971 1538 3128 1579 renes
3168 1531 3223 1577 et
3250 1521 3413 1576 corda
3445 1526 3740 1590 expurgat;
3768 1519 3918 1572 mali—

697 1629 836 1683 gnus
865 1623 1044 1670 autem
1072 1616 1325 1672 libidines
1370 1626 1423 1673 et
1457 1617 1677 1673 allectus
1712 1619 1942 1680 excitat;
1980 1631 2262 1692 propterea
2295 1621 2435 1692 ignis
2467 1625 2558 1692 qui
2591 1621 2644 1674 in
2680 1619 2814 1674 rubo
2853 1627 2969 1672 erat
2999 1632 3106 1671 non
3139 1614 3362 1680 exarsit,
3395 1613 3489 1684 qui
3542 1626 3670 1666 vero
3697 1610 3751 1665 in
3778 1610 3917 1680 judi-

696 1705 851 1760 cibus
877 1706 1018 1774 est,"
1050 1721 1112 1760 ex
1145 1708 1373 1761 rliamno
1396 1709 1711 1763 comburere
1737 1707 1958 1764 dicitur.

766 1820 819 1875 4.
844 1818 966 1873 Non
987 1820 1096 1873 sedi
1118 1837 1233 1873 cum
1260 1821 1476 1874 consilio
1493 1822 1761 1876 vanitatis.
1783 1823 2248 1893 lniquissimorum

2424 1821 2542 1873 Οὐκ
2572 1818 2820 1873 ἐκάθισα
2843 1815 2992 1886 μετὰ
3022 1816 3340 1884 συνεδρίου
3381 1815 3790 1884 ματαιότητος.
3815 1815 3916 1868 Σα-

690 1913 893 1983 judaici
926 1913 1103 1982 populi
1145 1913 1450 1983 principum
1484 1914 1777 1969 consilium
1819 1915 1960 1986 apud
2003 1931 2127 1970 eum
2159 1914 2250 1984 qui

695 2002 856 2057 corda
897 2002 1046 2056 novit
1076 2010 1129 2057 et
1165 2010 1436 2057 scrutatur
1466 2012 1648 2074 aperte
1683 2011 1840 2075 negat
1871 2013 1925 2059 et
1954 2002 2176 2073 respuit.

765 2176 812 2231 θ.
848 2177 1056 2233 Lavabo
1103 2179 1236 2232 inter
1275 2180 1568 2234 innocentes
1609 2197 1793 2234 manus
1839 2196 1997 2234 meas.
2048 2178 2245 2242 Purus,

694 2269 891 2338 inquit,
923 2285 1019 2324 ero
1054 2286 1082 2323 a
1116 2269 1434 2325 foedissimis
1475 2286 1661 2325 eorum
1694 2273 1879 2341 gestis.
1918 2272 1983 2324 Et
2019 2272 2246 2324 circum-

691 2358 826 2411 dabo
849 2359 1016 2412 altare
1043 2370 1210 2424 tuum,
1244 2358 1484 2413 Domine.
1518 2361 1713 2430 Aperte
1749 2362 1982 2414 iii-hisce
2009 2360 2246 2415 rationa-

691 2450 853 2504 bilem
884 2450 1134 2518 praedicat
1159 2451 1386 2504 cultum.

761 2541 814 2595 8.
842 2540 1084 2608 Domine,
1110 2543 1272 2596 dilexi
1301 2541 1534 2595 decorem
1555 2541 1739 2595 domus
1770 2551 1891 2596 tute.
1928 2541 2140 2613 [Cupio,
2164 2541 2246 2596 in-

690 2634 828 2703 quit,
860 2634 1097 2686 divinam
1125 2634 1347 2687 domum
1382 2632 1564 2686 videre
1599 2641 1772 2699 tuam,
1805 2647 1925 2702 quae
1951 2631 2120 2703 gratia
2153 2640 2242 2686 tua

688 2723 967 2795 refulget.]
999 2723 1170 2778 Decor
1205 2724 1399 2778 domus
1421 2733 1548 2779 sunt
1571 2725 1663 2793 qui
1691 2734 1879 2779 ornate
1913 2733 1965 2778 et
1989 2723 2243 2794 religiose

689 2817 742 2868 in
769 2814 1009 2869 Ecclesia
1036 2814 1255 2886 degunt.

762 2907 813 2961 9.
851 2906 932 2961 Ne
957 2907 1143 2976 perdas
1186 2924 1300 2960 cum
1329 2909 1500 2978 impiis
1526 2911 1757 2960 animam
1798 2922 1983 2959 meam.
2011 2906 2181 2977 Rogat
2211 2919 2240 2958 a

688 2999 953 3069 supplicio
979 2999 1141 3053 eximi
1159 2997 1362 3053 Iudaeis
1388 3009 1596 3068 parato.

759 3177 846 3231 10.
879 3175 944 3230 In
972 3195 1190 3247 quorum
1230 3179 1466 3234 manibus
1509 3181 1804 3250 iniquitates
1840 3191 1983 3244 sunt,
2025 3182 2237 3234 dextera
2264 3195 2308 3251 ο

686 3283 865 3320 eorum
900 3267 1095 3336 repleta
1121 3277 1196 3322 est
1220 3271 1535 3324 muneribus.
1563 3271 1671 3324 Aut
1690 3273 1815 3340 quia
1846 3271 2005 3326 donis
2027 3270 2117 3340 jus
2139 3271 2238 3340 ipsi

688 3368 1070 3426 perverterent,
1100 3372 1192 3414 aut
1237 3363 1364 3431 quia
1403 3362 1562 3418 donis
1597 3364 1923 3432 proditorem
1964 3364 2238 3434 corrupis-

686 3459 808 3504 sent
833 3468 847 3515 ;
876 3461 970 3503 aut
998 3452 1120 3519 quia
1152 3453 1350 3521 injuste
1389 3464 1660 3522 raperent,
1703 3455 1823 3509 ideo
1851 3455 2123 3510 dexteram
2148 3470 2240 3510 eo-

685 3554 805 3591 rum
841 3539 1117 3607 replebant
1148 3544 1484 3597 muneribus.

721 3631 771 3684 i.
803 3629 1133 3687 PSALMUS
1167 3633 1334 3688 David
1354 3637 1658 3704 priusquam
1685 3637 1945 3690 ﬁniretur.
1979 3635 2079 3691 XX
2098 3635 2188 3690 VI.

1276 3731 1313 3780 Α
1328 3739 1672 3798 rgumentum.

686 3811 1102 3870 instructionem
1169 3816 1429 3873 adversus
1486 3819 1675 3874 hostes
1729 3820 2103 3888 complectitur
2151 3818 2239 3873 hic

754 3901 1023 3967 Psalmus,
1053 3921 1173 3974 quae
1223 3923 1290 3960 ex
1341 3907 1497 3963 bonis
1542 3908 1643 3963 sibi
1672 3924 1702 3962 a
1733 3909 1842 3964 Deo
1865 3908 2074 3962 collatis
2111 3917 2235 3961 nota

760 4003 899 4060 erat,
929 4005 1090 4065 atque
1139 4013 1262 4050 cum
1315 3999 1654 4054 confessione
1699 4010 1853 4070 mgat
1889 3999 2141 4055 secundis
2181 4014 2238 4055 se

758 4087 915 4142 donis
962 4089 1166 4158 augeri.
1201 4088 1331 4143 Illud
1361 4099 1537 4144 autem
1567 4109 1580 4143 :
1610 4092 1904 4162 Antequam
1937 4100 2233 4162 angeretur,

755 4178 1043 4248 significat,
1085 4179 1262 4248 ipsum
1303 4180 1489 4236 divino
1536 4181 1738 4253 Spiritu
1785 4185 2237 4254 prospicere,un-

755 4269 985 4337 gendum
1010 4285 1069 4324 se
1095 4269 1207 4325 fore
1231 4272 1282 4325 in
1312 4289 1512 4344 regem,
1544 4275 2033 4345 tentationibusque
2063 4274 2237 4343 impe-

754 4359 998 4414 tendum.
1026 4361 1364 4418 Fortitudine
1392 4366 1602 4421 lumbos
1630 4367 1951 4435 praecinctus
1998 4365 2063 4420 ad
2095 4365 2236 4435 pori-

754 4451 876 4505 eula
901 4452 1264 4522 propulsanda
1289 4454 1578 4509 admodum
1611 4457 1986 4525 prmmunitur.

2354 1910 2469 1980 φῶς
2497 1910 2587 1963 ἐπὶ
2618 1908 2710 1962 τοῦ
2741 1909 2938 1972 εἰδότος
2967 1908 3065 1971 τάς
3090 1907 3316 1977 καρδίας
3355 1906 3564 1969 ὲτάςειν
3587 1905 3647 1958 τὸ
3675 1905 3784 1958 τῶν
3819 1923 3917 1958 πα-

2354 2003 2745 2072 ρανομωτάτων
2785 2001 3060 2072 ἀρχόντων
3094 1997 3185 2050 τοῦ
3224 1996 3489 2050 Ἰουδαίων
3529 1997 3712 2060 ἔθνους
3741 1998 3917 2068 ἀρνεῖ-

2349 2108 2438 2145 ται
2475 2092 2765 2163 συνέδριον.

2419 2183 2678 2250 Νἰψομαι
2722 2181 2792 2234 ἐν
2836 2178 3046 2245 ἀθώοις
3083 2178 3188 2245 τὰς
3233 2179 3433 2248 χεῷἀς
3470 2195 3608 2247 μου.
3665 2177 3928 2249 Καθαρδς,

2348 2273 2573 2344 ἔσομαι,
2608 2273 2767 2344 φησι,
2809 2270 2915 2324 τῶν
2945 2271 3240 2340 μιαιφόνων
3283 2270 3461 2324 αὐτῶν
3495 2268 3768 2339 πράξεων.
3808 2269 3916 2325 Kal

2348 2363 2637 2418 κυκλὼσω
2667 2363 2734 2416 τὸ
2767 2362 3196 2430 θυσιαστήριον
3223 2375 3360 2424 σου,
3396 2361 3589 2426 Κύριε.
3622 2358 3818 2427 Σαφῶς
3860 2362 3928 2414 ἐν

2347 2455 2552 2517 τούτοις
2580 2455 2677 2524 τὴν
2711 2454 2932 2523 λογικὴν
2965 2451 3327 2523 ἀνακηρύττει
3351 2451 3626 2522 λατρείαν.

2415 2546 2609 2614 Κύριε,
2635 2544 2919 2613 ἠγάπησα
2946 2542 3302 2611 εὐπρέπειαν
3329 2544 3498 2596 οἷκου
3525 2559 3660 2598 σου.
3708 2543 3911 2616 [Ποθῶ.

2347 2635 2510 2705 φησι,
2554 2635 2641 2687 τὸν
2687 2635 2826 2687 θεῖον
2872 2630 3014 2687 οἷκον
3050 2633 3208 2696 ἰδεῖν,
3242 2633 3332 2685 τὸν
3377 2633 3475 2701 τὴν
3520 2633 3616 2703 σὴν
3655 2634 3911 2688 ἀποστίλ-

2345 2726 2506 2778 ϐοντα
2533 2725 2738 2796 χάριν.]
2769 2725 3084 2795 Εὑπρέπεια
3130 2723 3222 2776 τοῦ
3261 2722 3486 2776 οἷκουνοί
3522 2723 3912 2794 διαπρέποντες

2344 2819 2400 2869 ἐν
2425 2820 2490 2888 τῇ
2535 2816 2824 2886 Ἐκκλησία
2855 2815 2942 2869 διὰ
2970 2813 3295 2878 θεοσεϐείας.

2416 2906 2509 2976 Μὴ
2540 2905 2969 2974 συναπολέσῃς
2984 2906 3134 2974 μετὰ
3157 2901 3388 2958 ἀσεϐῶν
3412 2903 3524 2970 τὴν
3542 2904 3753 2973 ψυχήν
3764 2924 3906 2974 μου.

2347 2999 2492 3063 Ἐξω
2525 2998 2623 3069 τῆς
2647 2998 2919 3061 κολάσεως
2951 2996 3200 3066 γενέσθαι
3228 2995 3448 3065 εὔχεται
3485 2997 3582 3065 τῆς
3613 2997 3909 3068 ἀποκειμέ-

2343 3107 2438 3158 νης
2465 3093 2574 3152 τοῖς
2608 3089 2896 3151 Ἰουδαίοις.

2411 3175 2519 3232 Ὧν
2541 3179 2609 3232 ἐν
2637 3180 2849 3248 χερσὶν
2879 3181 2937 3230 al
2959 3178 3214 3245 ἀνομίαι,
3250 3180 3287 3246 ἠ
3314 3179 3476 3243 δεξιὰ
3499 3175 3695 3232 αὐτῶν
3714 3178 3909 3246 earl-zi-

2342 3276 2456 3339 σθη
2484 3271 2701 3340 δώρων.
2737 3271 2806 3323 Ἦ
2831 3270 2906 3333 ὡς
2931 3270 3024 3322 καὶ
3045 3268 3221 3322 αὐτῶν
3246 3269 3433 3340 δώροις
3463 3269 3908 3339 παρακρινόντων

2340 3365 2398 3416 τὸ
2420 3363 2642 3426 δίκαιον,
2661 3363 2694 3432 ἢ
2718 3361 2806 3414 διὰ
2830 3361 2890 3413 τὸ
2916 3360 3105 3431 δώροις
3123 3360 3212 3413 τὸν
3231 3361 3492 3432 προδότην
3505 3360 3907 3430 ἐξωνήσασθαι*

2340 3457 2372 3527 ἦ
2414 3454 2598 3525 ἐπειδὴ
2640 3454 2945 3524 ἡρπάζοντο
2985 3451 3213 3522 ἀνομίαν
3236 3468 3249 3481 °
3297 3453 3383 3506 διὰ
3414 3452 3569 3505 τοῦτο
3597 3451 3689 3522 τὴν
3724 3450 3908 3518 δεξιὰν

2341 3547 2516 3599 αὐτῶν
2546 3545 2811 3616 ἐπλήρουν
2839 3543 3045 3617 δώρων.

2381 3638 2686 3692 ΨΑΛΜΟΣ
2735 3635 2834 3690 τοῦ
2867 3636 3046 3689 Δαυῒδ
3072 3635 3185 3702 ,πρὸ
3219 3635 3322 3688 τοῦ
3351 3632 3686 3703 χρισθῆνίιι.
3723 3638 3869 3703 KCI'.

2956 3726 3276 3790 Ὑπόθεσις.

2341 3817 2588 3890 Περιέχει
2622 3818 2650 3869 ὁ
2690 3816 2902 3888 ψαλμδς
2942 3817 3238 3885 κατήχησιν
3279 3819 3395 3870 κατ’
3427 3816 3652 3886 ἐχθρῶν,
3697 3815 3791 3885 ἀφ’
3831 3807 3909 3869 ὧν

2410 3910 2508 3980 ἤδη
2536 3906 2753 3971 ἐδέξατο
2782 3909 2930 3977 παρὰ
2963 3905 3094 3958 Θεοῦ
3120 3906 3545 3978 γινωσκομένην,
3573 3907 3665 3960 καὶ
3690 3907 3908 3977 αἴτησιν

2410 3998 2675 4069 δευτέρων
2723 3997 2939 4066 ἀγαθῶν
2994 3998 3110 4067 μετ’
3174 3997 3626 4069 ὲξομολογήσεως.
3674 3997 3746 4050 Τὸ
3808 3998 3906 4061 δὲ,

2408 4092 2520 4161 πρὸ
2577 4090 2680 4144 τοῦ
2736 4089 3088 4159 χωσθῆναι.
3145 4093 3318 4143 ἐκεῖνο
3353 4092 3625 4162 σημαίνει,
3670 4090 3774 4151 ὅτι,
3831 4090 3908 4160 τῷ

2408 4182 2682 4252 Πνεῦματι
2718 4181 2797 4252 τῷ
2823 4179 2950 4252 θείῳ
2993 4181 3390 4253 προεωρακὼς,
3432 4181 3507 4244 ὼς
3548 4180 3906 4252 χρισθήσεται

2412 4273 2508 4342 μὲν
2553 4275 2632 4336 είς
2678 4272 2934 4342 βασιλέα,
2968 4273 3253 4345 περιπέσει
3283 4272 3340 4325 δὲ
3383 4275 3495 4336 τοῖς
3541 4276 3905 4343 πειρασμοῖς,

2408 4361 2624 4433 ἀνδρεία
2660 4361 3099 4432 περιζωσάμενος
3136 4361 3231 4431 τὴν
3274 4363 3456 4441 ὀσφὺν.
3485 4359 3542 4414 εὖ
3582 4361 3724 4430 μάλα
3771 4363 3907 4431 περὶ

2408 4451 2532 4514 τοὺς
2559 4449 2831 4513 κινδύνους
2864 4449 3206 4503 ἀντισοῧσθαι
3230 4449 3651 4504 διαϐεϐαιοῦται.

752 4601 948 4670 Adjicit
977 4600 1169 4656 Daniel
1196 4602 1463 4657 Barbarus
1496 4620 1513 4657 :
1548 4603 1851 4659 Vicesimus
1880 4613 2086 4668 sextus,
2110 4603 2394 4673 septimus,
2429 4610 2655 4656 octavus
2688 4608 2741 4655 et
2769 4614 2946 4654 nonus
2986 4599 3176 4669 psalmi
3212 4599 3351 4653 idem
3385 4600 3580 4655 nabent
3611 4615 3909 4670 argumen-

678 4703 814 4746 tum.
845 4692 1119 4763 Siquidem
1163 4695 1406 4764 subjecto
1433 4696 1487 4750 in
1521 4696 1773 4752 Assvrios
1805 4699 1992 4752 eodem
2033 4715 2097 4752 ex
2142 4710 2376 4766 persona
2411 4694 2550 4749 beati
2580 4693 2824 4748 Ezechia:
2853 4693 3128 4755 dicuntur,
3162 4690 3484 4760 praedicente
3532 4691 3720 4755 David,
3747 4704 3804 4748 et
3838 4698 3907 4752 ad

678 4794 781 4842 hoc
814 4799 1194 4858 argumentum
1220 4799 1508 4846 revocante
1540 4791 1807 4862 Propheta
1856 4793 2001 4847 illius
2035 4806 2342 4861 personam,
2375 4789 2447 4843 ita
2478 4795 2538 4842 ut
2570 4787 2755 4842 eadem
2796 4787 2958 4840 verba
3002 4786 3256 4854 praedicet
3291 4793 3346 4838 et
3373 4783 3596 4839 allectus
3625 4787 3906 4843 ostendat.

676 4883 940 4936 Caeterum
973 4880 1330 4937 imitationem
1359 4893 1412 4936 et
1444 4881 1798 4938 diﬂ'ereutiam
1825 4884 2112 4954 quamdam
2142 4883 2339 4936 habent
2363 4880 2416 4934 hi
2446 4879 2640 4949 psalmi
2668 4900 2681 4932 :
2711 4893 2834 4932 nam
2871 4877 3159 4931 vicesimus
3188 4886 3394 4942 sextus,
3424 4883 3479 4929 et
3505 4875 3795 4931 vicesimus
3820 4893 3908 4934 se-

678 4973 895 5040 ptimus,
924 4972 1162 5027 victoriae
1209 4975 1451 5030 carmina
1495 4985 1623 5030 sunt
1665 4985 1872 5032 tantum
1915 4992 2013 5046 pro
2041 4975 2228 5030 deletis

2351 4972 2528 5042 syriis:
2565 4979 2621 5025 at
2648 4969 2934 5025 vicesimus
2958 4976 3184 5023 octavus
3220 4977 3274 5022 et
3312 4966 3600 5022 vicesimus
3627 4979 3809 5022 nonus
3837 4970 3908 5022 de

677 5067 1047 5123 incolumitate
1077 5076 1133 5123 et
1161 5069 1394 5126 sanitate
1419 5070 1663 5127 Ezechiae
1689 5075 1933 5128 restituta
1964 5072 2290 5127 mentionem
2322 5067 2545 5122 faciunt.

745 5157 1001 5212 Dominus
1047 5159 1366 5214 illuminatio
1415 5179 1529 5216 mea
1564 5172 1612 5217 et
1641 5164 1787 5219 salus
1828 5182 1960 5228 mea,
1985 5183 2132 5236 quem
2163 5166 2232 5217 ti-

2406 5159 2617 5225 Κύριος
2646 5157 2946 5226 φωτισμός
2967 5173 3083 5224 μου
3113 5154 3210 5207 καί
3233 5153 3432 5220 Σωτήρ
3449 5170 3588 5222 μου,
3617 5152 3749 5206 τίνα
3791 5172 3903 5222 go—

676 5247 856 5300 mebo?
879 5249 1233 5305 Adversarias
1263 5259 1557 5320 potestates
1587 5254 1835 5324 despicit,
1867 5257 1991 5326 quia
2037 5257 2089 5310 in
2125 5254 2230 5310 Do-

2351 5248 2701 5316 ΰηθήσομαις
2729 5245 3134 5316 Κατευμεγεθεῖ
3159 5244 3266 5296 τῶν
3310 5243 3696 5312 ἀντικειμένων
3736 5243 3906 5298 δυνά-

676 5339 804 5391 mini
831 5339 1224 5395 illuminatione
1243 5344 1486 5398 conlidit.
1508 5345 1550 5397 Λ
1567 5355 1637 5410 le,
1661 5347 1853 5416 inquit.
1874 5349 2229 5407 illuminalus.

2351 5357 2484 5410 μεων
2526 5339 2603 5409 τῷ
2641 5339 2780 5408 φωτὶ
2827 5337 2922 5389 τοῦ
2966 5336 3167 5407 Κυρίου
3226 5335 3527 5406 θαρρήσας.
3581 5335 3716 5388 Ὑπὸ
3762 5339 3900 5398 σος,

675 5443 863 5483 omnes
896 5445 997 5483 una
1023 5433 1208 5487 hostes
1235 5444 1522 5490 contemno

2351 5435 2500 5503 ρησὶ,
2538 5432 2903 5501 φωτιζόμενος
2947 5428 3160 5482 πάντων
3195 5427 3329 5498 ὁμοῦ
3372 5426 3478 5480 τῶν
3516 5426 3903 5497 πολεμούντων

2335 5523 2675 5596 καταψρονῶ.

746 5585 932 5638 θαηίθί
973 5586 1281 5646 Barbam"
1312 5591 1565 5650 Ποηιίηιικ
1613 5609 1870 5662 Prolcclor
1909 5602 2022 5657 vim
2074 5622 2215 5661 mete.
2249 5607 2384 5674 Quis
2431 5585 2565 5669 adeo
2613 5612 2934 5668 insidiarum
2982 5621 3170 5680 potens
3227 5610 3349 5673 erit,
3411 5619 3469 5664 ut
3523 5619 3713 5679 potens
3751 5609 3904 5667 Deus

675 5690 755 5732 est
786 5680 849 5734 ad
889 5682 1144 5737 auxilium
1178 5685 1493 5744 ferendum?

763 5815 804 5842 ⁵⁷
837 5814 1011 5870 .lttrlir.
1049 5837 1118 5880 ιτ,
1155 5822 1234 5874 15.
