4122 6498
192 455 282 511 H9
1228 450 1584 506 EXPOSITIO
1625 449 1688 504 IN
1729 445 2056 502 PSALMUM
2091 442 2301 497 XXVII.
3295 437 3397 494 13⁸)

264 575 354 622 Ἐν
383 569 461 634 τῷ
489 570 738 639 ἐγγίζειν
769 568 858 620 ἐπ’
899 566 1002 636 ἐμὲ
1041 567 1392 631 κακοῦντας.
1436 564 1742 637 Προσῆλθον
1773 571 1817 624 Α

1773 571 1817 624 Α
1907 562 1962 615 2.
1996 560 2133 614 Dum
2176 557 2486 628 appropiunt
2531 572 2684 623 super
2732 570 2808 607 me
2848 562 3099 607 nocentes.
3137 551 3391 607 Accesse-

189 666 297 735 μὲν,
326 664 478 732 φησι,
525 660 834 730 διαρθεῖραι
863 659 1102 722 θέλοντες
1142 657 1435 711 πεπόνθασι
1470 659 1527 711 δὲ
1558 659 1586 710 ὃ
1611 658 1742 728 691-

1845 663 1990 717 runt,
2017 651 2209 720 inquit,
2238 650 2419 703 animo
2452 648 2556 701 mei
2598 645 2887 716 perdendi,
2922 645 3065 715 quod
3109 643 3396 715 sperabant

187 769 268 807 σαι
294 752 550 823 ῆλπισαν.

1843 744 2094 798 illaturos
2122 757 2179 795 se
2207 739 2356 803 mali,
2387 737 2584 792 accidit
2612 736 2762 805 ipsis.

252 843 364 899 Τοῦ
384 841 683 895 κατοικεῖν
705 857 780 910 με
814 841 883 894 ἐν
907 840 1048 907 οικῳ
1067 840 1307 907 Κυρίου.
1326 840 1436 892 Καὶ
1462 836 1569 908 γὰρ
1595 838 1743 903 αγιο-

1915 835 1968 887 ι.
2010 831 2077 887 Ut
2109 830 2389 886 inhabitem
2425 829 2479 881 in
2513 828 2666 881 domo
2703 826 2928 879 Domini.
2966 823 3175 879 Etenim
3208 831 3393 878 sancta

184 932 385 1004 πρεπὴς
416 935 450 1003 ἡ
489 932 709 1002 αἴτησις
739 930 959 998 γέγονε,
986 931 1080 982 καὶ
1111 928 1228 998 Θεῷ
1270 929 1450 982 δοῦναι
1476 929 1620 992 ἀξία.
1661 926 1744 990 Τῷ

1841 936 1894 982 et
1925 939 2076 995 aqua
2113 921 2419 993 postulatio,
2459 935 2621 989 quam
2676 919 2971 972 concedere
3021 915 3128 970 Deo
3175 915 3391 984 dignum

181 1020 406 1087 θεωρεῖν
443 1035 523 1088 με
579 1019 694 1084 τὴν
737 1017 1103 1086 τερπνότητα
1135 1018 1374 1085 Κυρίου.
1419 1017 1507 1069 Ἐν
1536 1015 1738 1086 ταύτῃ,

1841 1026 1941 1072 est.
1976 1015 2041 1070 Ut
2077 1014 2280 1068 videam
2325 1011 2637 1079 voluptatem
2681 1008 2910 1061 Domini.
2943 1007 3004 1060 In
3057 1007 3176 1068 hac,
3201 1005 3393 1073 inquit,

183 1113 354 1182 φησὶν,
372 1110 608 1182 εὔχομαι
633 1110 920 1173 διαπαντὸς
943 1110 1134 1173 οἰκεῖν,
1162 1109 1219 1160 ὲν
1317 1109 1412 1161 καὶ
1439 1107 1540 1175 τῆς
1568 1122 1740 1175 σωτη-

1841 1120 2029 1177 precor
2054 1104 2185 1158 milii
2218 1116 2431 1172 semper
2457 1099 2703 1154 habitare
2735 1100 2914 1166 liceat,
2947 1099 3001 1152 in
3027 1112 3132 1168 qua
3157 1112 3277 1153 sum
3303 1112 3392 1152 sa-

188 1204 294 1273 ρίας
329 1203 612 1272 ἐπέτυχον.

1842 1197 2004 1251 lntem
2038 1202 2383 1250 consecutus.

260 1295 350 1346 ‘Er
369 1294 559 1362 πέτρᾳ
580 1291 826 1362 ὕψωσέν
836 1307 932 1360 με.
949 1291 1141 1360 Σαφῶς
1155 1291 1182 1343 ὁ
1201 1288 1404 1352 Παῦλος
1422 1288 1519 1358 τὴν
1536 1288 1741 1357 πέτραν

1929 1287 1983 1340 6.
2030 1285 2095 1339 In
2138 1294 2284 1353 petra
2316 1285 2567 1338 exultavit
2597 1299 2693 1337 me.
2724 1281 2919 1351 Aperte
2945 1277 3147 1334 Paulus
3189 1286 3395 1349 petram

183 1381 311 1438 εἶναι
341 1384 431 1437 τὸν
457 1383 696 1454 Χριστὸν
718 1381 1127 1458 διισχυρίζεται.
1157 1382 1318 1450 ’ᾼσω
1339 1379 1435 1432 καὶ
1464 1376 1640 1446 ψαλῶ
1663 1376 1741 1441 τῷ

1839 1393 1960 1433 esse
1973 1376 2251 1430 Christum
2271 1374 2498 1428 al'lirmat
2523 1375 2586 1426 ".
2605 1372 2840 1428 Cantabo
2871 1381 2918 1424 et
2939 1370 3197 1440 psalmum
3222 1370 3395 1422 dicam

184 1473 381 1541 Κυρίῳ.
416 1471 615 1541 Σαφῶς
640 1473 740 1543 τὴν
766 1468 883 1534 τοῦ,
904 1470 1110 1539 Ἄγιος,
1135 1468 1306 1537 ἅγιος,
1338 1468 1510 1536 ἅγιος,
1538 1469 1742 1538 ἀνακη-

1842 1471 2084 1524 Domino.
2114 1466 2394 1523 Blanil‘este
2419 1467 2622 1521 cultum
2653 1480 2748 1534 per
2783 1466 2895 1518 hinc
2925 1462 3110 1527 verba,
3142 1460 3395 1522 Sanctus.

186 1563 352 1635 ρὺττει
376 1562 659 1634 λατρείαν.

1841 1568 2079 1618 sanctus.
2109 1567 2329 1613 sanctus
2355 1555 2419 1623 δ’,
2453 1554 2722 1610 redditum
2752 1553 3024 1624 prtedicat.

246 1654 652 1719 Εὶσάκουσον,
684 1656 879 1723 Κύριε,
914 1651 1020 1719 τῆς
1043 1649 1245 1720 φωνῆς
1271 1667 1410 1719 μου.
1445 1649 1586 1701 Ἀντὶ
1623 1648 1736 1712 τοῦ,

1917 1651 1968 1706 7.
2017 1649 2251 1716 Exaudi,
2284 1648 2524 1710 Domine,
2554 1662 2726 1701 vocem
2778 1661 2966 1698 meam.
3003 1642 3170 1710 Quasi
3213 1643 3395 1698 dicat:

183 1745 492 1816 Εὐχαριστῶ
518 1762 601 1798 σοι
619 1745 758 1816 ὑπὲρ
779 1743 885 1796 τῶν
919 1740 1383 1814 παρεληλυθότων,
1413 1740 1738 1812 δεηθήσομαι

1840 1749 2045 1814 gratias
2089 1742 2185 1798 tibi
2210 1741 2278 1797 de
2316 1739 2605 1812 praeteritis
2632 1753 2754 1810 ago,
2787 1737 3034 1808 supplico
3054 1751 3152 1806 pro
3175 1733 3396 1790 futuris.

181 1837 231 1890 δὲ
257 1838 389 1908 ὑπὲρ
417 1837 529 1890 τῶν
560 1834 700 1908 ἑξῆς.

243 1906 667 1998 Νοιίοθέτησόν
701 1943 810 1997 με,
849 1926 1056 1995 Κύριε,
1093 1924 1162 1978 ἐν
1196 1923 1270 1993 τῇ
1303 1921 1420 1988 ὀδῷ
1450 1938 1586 1976 σου.
1635 1921 1737 1973 Τὸν
1769 1906 1811 1961 Β

1770 1906 1811 1961 Β
1924 1922 2009 1978 Η.
2039 1921 2225 1992 Legem
2252 1935 2382 1991 pone
2418 1918 2568 1980 mihi,
2605 1915 2841 1978 Domine,
2879 1913 2932 1967 in
2974 1929 3055 1967 ora
3087 1920 3196 1966 tua.
3220 1909 3398 1964 Evan-

182 2020 527 2089 εὐαγγελικδν
557 2021 720 2089 νόμον
743 2017 958 2088 εὔχεται
988 2015 1338 2088 γυμνωθῆναι
1373 2013 1551 2084 αὐτῷ’
1578 2013 1738 2076 αὐτὸς

1844 2013 2067 2086 gelicam
2100 2013 2270 2082 legem
2305 2009 2406 2066 sibi
2435 2018 2620 2064 notam
2659 2006 2772 2061 lleri
2801 2004 3072 2075 postulat;
3103 2003 3221 2072 ipsa
3253 2001 3396 2056 enim

181 2109 233 2163 δὲ
261 2110 363 2180 γὰρ
391 2105 460 2180 ἦν
488 2110 587 2162 καὶ
611 2111 644 2181 ὴ
673 2108 855 2161 εὐθεῖα
883 2107 1017 2170 ὁδός.

611 2111 644 2181 ὴ
673 2108 855 2161 εὐθεῖα
883 2107 1017 2170 ὁδός.
1844 2115 1989 2162 recta
2015 2105 2100 2160 via
2131 2112 2232 2160 est.

245 2202 349 2257 Kal
380 2203 686 2271 ἐψεύσατο
719 2201 758 2269 ἡ
800 2200 1000 2255 ἀδικία
1026 2196 1232 2268 ἑαυτῇ.
1263 2196 1548 2250 Τουτέστιν
1578 2195 1739 2267 ὴσθέ-

1923 2196 2008 2250 12.
2044 2195 2113 2249 Et
2138 2195 2354 2249 mentita
2378 2202 2454 2246 est
2477 2191 2727 2262 iniquitas
2753 2189 2873 2243 sibi.
2906 2187 2963 2243 ld
2991 2195 3095 2251 est,
3127 2184 3295 2240 fracta
3317 2193 3399 2239 est

182 2311 330 2365 νησεν
359 2296 392 2366 ἡ
427 2294 552 2348 καθ’
585 2292 742 2365 ἡμῶν
771 2293 972 2346 ἀδικία.

1841 2287 2099 2357 iniquitas
2131 2302 2234 2356 qua
2275 2285 2681 2354 impetebamur.

242 2386 505 2439 Πιστεύω
535 2384 639 2447 τοῦ
672 2382 820 2436 ιόεῖν
855 2382 926 2435 τὰ
948 2379 1136 2450 ἀγαθὰ
1169 2377 1386 2447 Κυρίου
1414 2379 1483 2431 ὲν
1504 2375 1580 2447 γῇ
1606 2377 1738 2437 ζών-

1921 2377 2008 2430 15.
2035 2375 2201 2431 Credo
2245 2375 2412 2428 uidere
2441 2374 2574 2427 bona
2614 2373 2821 2426 Domini
2851 2372 2905 2425 in
2937 2381 3076 2426 terra
3097 2367 3395 2423 viventium.

180 2493 305 2530 των.
331 2477 442 2546 Τὴν
465 2477 578 2530 ἄνω
613 2474 959 2546 Ἰερουσαλήμ
995 2490 1174 2543 φησιν.

1139 2490 1174 2525 ν.
1845 2468 2143 2539 Supernatn
2167 2465 2465 2520 Jerusalem
2494 2463 2767 2531 intelligit.

561 2567 864 2620 ΨΑΛΜΟΣ
893 2564 972 2629 τῷ
1000 2562 1199 2618 Δαυτὸ.
1223 2565 1352 2617 ΚΖ’.

2191 2555 2529 2612 PSALMUS
2561 2554 2744 2608 David.
2773 2551 3020 2608 XXVII.

801 2656 1122 2720 Ὺπόθεσις.

2430 2647 2823 2716 Argumentum.

187 2753 323 2824 ᾊδει
351 2753 442 2806 τὸν
478 2751 718 2824 παρόντα
744 2747 954 2820 ψαλμὸν
979 2748 1043 2800 ὲκ
1069 2745 1357 2818 προσώπου
1391 2743 1496 2797 τῶν
1524 2759 1740 2796 πιστευ-

1843 2735 2167 2791 l’rtesentem
2202 2733 2639 2803 canitpsalmum
2689 2747 2754 2786 es
2800 2747 3028 2801 persona
3067 2728 3396 2785 credentium

248 2845 452 2898 σάντων
479 2821 858 2914 εἰς-Χριστὸν,
895 2840 982 2894 διὰ
1025 2840 1258 2909 δεήσεως
1302 2836 1380 2897 εἰς
1423 2833 1738 2905 ἐπικουρίαν

1910 2829 1963 2882 in
2010 2827 2308 2884 Christum,
2335 2833 2388 2878 et
2421 2823 2644 2892 supplex
2686 2821 2775 2876 Dei
2822 2822 3078 2890 implorat
3103 2821 3397 2885 auxilium;

245 2936 421 2990 καλῶν
455 2937 550 2988 τὸν
587 2913 719 2987 Θεόν
740 2953 752 2966 ο
787 2934 904 3003 ἅμα
933 2932 989 2985 δὲ
1024 2931 1118 2983 καὶ
1157 2929 1252 2999 τῆς
1301 2927 1566 2980 Ἰουδαίων
1607 2927 1740 2980 ἁπον-

1915 2931 2075 2988 atque
2103 2933 2209 2972 una
2240 2914 2548 2970 Iudaeorum
2571 2914 2802 2969 vesaniae
2817 2913 3238 2988 exsecrationem
3267 2927 3399 2966 con-

246 3031 388 3092 νοίας
430 3028 735 3098 κατάρασιν
775 3026 886 3097 ἔχει
932 3024 1027 3078 καὶ
1069 3021 1232 3092 εὐχὴν
1273 3019 1366 3073 τοῦ
1411 3017 1738 3090 χωρισθῆναι

1919 3015 2073 3075 tinet,
2101 3020 2262 3080 atque
2285 3025 2315 3063 a
2340 3007 2578 3078 pessima
2611 3006 2826 3062 illorum
2857 3012 3001 3058 sorte
3038 3002 3275 3072 separari
3299 3017 3397 3070 po~

243 3124 337 3194 τῆς
362 3122 608 3194 χείρονος
631 3120 853 3174 ἐκείνων
884 3117 1116 3189 μερίδος.

469 3138 608 3185 >ονος
631 3120 853 3174 ἐκείνων
884 3117 1116 3189 μερίδος.
1914 3104 2097 3159 stulat.

247 3185 399 3281 Πρὸξ·
433 3185 544 3278 σὲ,
577 3213 769 3278 Κύριε,
813 3185 1234 3276 κεκράξομαι...
1265 3205 1361 3259 καὶ
1386 3202 1744 3271 ὁμοιωθὴσο-
1769 3260 1807 3281 η

1773 3260 1807 3281 η
1913 3197 1965 3250 1.
2003 3195 2082 3250 Ad
2124 3203 2192 3259 te,
2227 3191 2463 3254 Domine,
2487 3190 2812 3244 clamabo....
2837 3199 2885 3241 et
2932 3186 3266 3241 assimilabor
3311 3185 3401 3237 de—

186 3322 276 3360 ιιιιι
290 3260 428 3370 iich
460 3260 928 3358 καταϐαίνουσινἶ
947 3302 1034 3365 εὶς
1058 3260 1308 3352 λάκκον.
1347 3296 1505 3358 Ἐθος
1533 3297 1598 3364 τῇ
1619 3260 1741 3364 θείᾳ
1769 3260 1808 3316 C

1770 3260 1808 3316 Ο
1842 3287 2202 3343 scendentibus
2233 3285 2286 3337 in
2312 3284 2505 3337 lacum.
2536 3281 2650 3337 Mos
2673 3279 2867 3336 divinae
2902 3277 3194 3348 Scriptum
3218 3276 3398 3330 lacum

187 3398 363 3469 Γραφῇ
394 3397 600 3450 λάκκον
631 3391 913 3464 ὀνομάζειν
945 3390 1034 3444 τὸν
1063 3389 1214 3461 ᾅδην.

805 3391 913 3456 ζειν
945 3390 1034 3444 τὸν
1063 3389 1214 3461 ᾇδην.
1840 3377 2109 3446 appellare
2140 3373 2433 3428 infernum.

246 3461 759 3558 Maevi-eludant;
775 3502 850 3555 με
867 3483 1016 3553 μετὰ
1043 3479 1420 3552 ἁμαρτωλῶν.
1462 3479 1741 3550 Ἀμαρτω-

1922 3471 1976 3524 3.
2004 3467 2086 3522 Ne
2121 3467 2277 3522 simul
2311 3465 2489 3519 trahas
2535 3480 2612 3516 me
2641 3479 2758 3516 cum
2787 3462 3167 3532 peccatoribus.
3201 3461 3397 3516 Pecca-

185 3583 298 3643 λοὺς
323 3550 382 3633 τὸ
407 3581 522 3633 τῶν
555 3550 821 3631 Ἰουδαίων
851 3550 998 3638 έονος
1044 3550 1196 3644 (paci,
1242 3572 1381 3626 κατὰ
1411 3572 1469 3625 τὸ
1508 3569 1736 3642 είρημέ-

1841 3569 1987 3615 tores
2021 3557 2329 3613 Iudaeorum
2363 3563 2574 3626 gentem
2613 3552 2761 3614 dicit,
2810 3552 2964 3622 juxta
3001 3550 3133 3605 illud
3156 3565 3186 3604 a
3213 3550 3399 3604 Salva-

185 3689 264 3725 νον
290 3673 478 3734 αὐτοῖς
500 3670 604 3723 ὑπὸ
637 3667 730 3722 τοῦ
757 3667 1002 3738 Σωτῆρος
1024 3682 1038 3694 °
1079 3663 1220 3717 Ἐὰν
1242 3663 1326 3730 μὴ
1357 3663 1738 3726 πιστεύσητε,

1842 3663 1956 3706 tore
1978 3651 2178 3706 dictum
2211 3669 2223 3704 :
2259 3647 2380 3702 Nisi
2408 3647 2736 3701 credideritis
2766 3647 2889 3716 quia
2917 3660 3009 3714 ego
3035 3658 3171 3706 sum,
3207 3641 3261 3694 in
3284 3657 3393 3709 pec—

185 3761 264 3814 ὅτι
412 3763 553 3830 ειμι,
571 3759 639 3813 ἐν
667 3757 793 3823 ταῖς
819 3733 1125 3826 ἁμαρτίαις
1145 3751 1309 3821 ὑμῶν
1326 3749 1736 3804 ἀποθανεῖσθε.

1840 3744 1972 3797 catis
1997 3743 2178 3796 vestris
2211 3739 2504 3793 moriemini
2528 3739 2596 3803 ⁸⁸,
2622 3739 2724 3806 ipsi
2760 3738 2960 3790 interea
2985 3742 3270 3805 operantes
3299 3733 3369 3785 ini

183 3829 336 3909 Adaei
366 3855 425 3908 δὲ
459 3829 552 3907 καὶ
574 3850 926 3923 ἐργαζόμενοι
951 3846 1047 3918 τὴν
1078 3843 1328 3916 ἀνομίαν,
1354 3845 1435 3897 ὃτι
1457 3841 1546 3895 τὸν
1568 3840 1740 3894 ἀθῶον

1840 3834 2125 3904 quitatem,
2161 3847 2283 3888 cum
2321 3831 2662 3884 innocentem
2700 3837 2753 3883 et
2778 3829 2984 3898 justum
3011 3836 3197 3881 contra
3235 3840 3395 3892 quam

186 3950 269 4002 καὶ
295 3948 501 4001 δίκαιον
530 3918 857 3999 ἀπέκτειναν
877 3981 892 4006 ,
929 3941 987 3993 ὃν
1021 3939 1120 3991 οὐκ
1152 3938 1468 3991 ἀποκτεῖναι
1510 3936 1538 3987 ὁ
1579 3933 1741 4004 νόμος

1841 3924 1924 3978 lex
1951 3931 2155 3976 vetaret
2177 3921 2502 3976 occiderent.
2531 3919 2634 3983 Qui
2649 3918 2935 3985 loquuntur
2946 3930 3123 3984 pacem
3147 3931 3264 3967 cum
3285 3929 3399 3982 pro-

187 4037 481 4090 ὲκέλευσεν.
501 4033 617 4088 Τῶν
657 4033 994 4086 λαλούντων
1017 4028 1262 4097 εἰρήνην
1279 4024 1428 4096 μετὰ
1451 4023 1571 4078 τῶν
1590 4027 1743 4089 πλη-

1839 4017 1984 4068 :rimo
2029 4029 2141 4067 suo.
2181 4011 2292 4067 Hoc
2336 4012 2412 4065 ait
2447 4011 2576 4080 quia
2618 4008 2954 4064 Salvatorem
2991 4007 3311 4077 magistrum
3345 4015 3399 4059 cf.

185 4129 314 4181 σίον
352 4125 573 4182 αὐτῶν.
605 4123 772 4178 Τοῦτό
801 4140 983 4196 φησιν,
1018 4124 1121 4188 ὅτι,
1153 4117 1466 4173 διδάσκαλον
1490 4116 1583 4168 καὶ
1606 4117 1740 4182 ἀγα-

1490 4116 1583 4168 καὶ
1606 4117 1740 4182 ἀγα-
1841 4108 2041 4161 bonum
2066 4104 2417 4174 appellantes,
2442 4102 2580 4157 mala
2613 4099 2971 4155 moliebantur
2997 4098 3117 4168 ipsi.

186 4221 268 4274 θὸν
304 4218 705 4282 ἀποκαλοῦντες
750 4217 842 4270 τὸν
883 4214 1144 4288 Σωτῆρα,
1188 4211 1333 4266 κακὰ
1389 4207 1741 4276 διελογίζοντο

187 4315 294 4368 κατ’
321 4313 510 4368 αὑτοῦ.

252 4405 364 4459 Ὀτι
395 4407 472 4460 οὐ
493 4401 770 4472 συνῆκαν
789 4403 874 4468 εἰς
904 4401 978 4454 τὰ
1009 4399 1151 4468 ἔργα
1181 4398 1417 4464 Κυρίου.
1461 4394 1603 4446 ’Δντὶ
1624 4390 1736 4455 τοῦ,

1912 4385 1963 4441 5.
1993 4385 2252 4452 Quoniam
2279 4401 2380 4438 non
2410 4383 2770 4438 intellexerunt
2804 4397 2957 4452 opera
2984 4379 3395 4446 Domini.Quasi

189 4497 290 4550 Οὔκ
313 4496 608 4566 ἠθέλησαν,
643 4493 794 4564 φησὶ,
828 4491 924 4563 τὴν
956 4489 1163 4544 οἰκείαν
1195 4484 1595 4560 παραδέξασθαι
1634 4501 1739 4536 σω-

1661 4502 1739 4536 ηω-
1839 4475 2042 4530 diceret
2067 4494 2078 4529 :
2106 4475 2408 4530 Noluerunt
2438 4475 2709 4546 propriam
2733 4474 3013 4528 admittere
3039 4471 3289 4525 salutem.

185 4605 242 4640 ττ
285 4605 386 4643 ιαν.

235 4605 349 4735 ⁸είαὶ
373 4681 672 4736 ἀνέθαλεν
700 4678 738 4745 ἠ
761 4675 915 4744 σάρξ
933 4693 1074 4746 μου.
1104 4672 1295 4742 Σαψῶς
1324 4671 1422 4740 τὴν
1449 4669 1737 4724 ἀνάστασιν
1768 4610 1812 4664 D

1768 4610 1812 4664 υ
1923 4660 1972 4714 7.
1999 4658 2067 4713 Et
2100 4657 2339 4726 refloruit
2368 4671 2490 4709 caro
2522 4673 2653 4709 mea.
2701 4655 2894 4724 Aperte
2931 4653 3015 4707 bis
3044 4649 3396 4706 resurrectio-

189 4774 240 4823 ὲν
261 4773 468 4835 τούτοις
500 4769 777 4842 κηρύττει.

629 4769 777 4822 ἱττει.
1848 4769 1967 4807 nem
1999 4750 2257 4822 praedicit.

250 4884 444 4953 Adjicit
480 4880 669 4934 Daniel
693 4879 958 4932 Barbarus
981 4893 999 4930 :
1031 4875 1266 4930 Reﬂoret
1294 4889 1422 4929 caro
1451 4881 1634 4928 nostra
1673 4885 1796 4924 cum
1826 4883 1975 4938 spem
2021 4863 2440 4921 resurrectionis
2470 4862 2788 4933 accipimus;
2817 4868 3068 4914 caeterum
3115 4874 3218 4914 non
3248 4872 3395 4922 caro,

188 4980 271 5033 sed
302 4993 396 5032 cor
431 4975 523 5030 alii
553 4983 848 5029 verterunt.

250 5071 438 5127 Daniel
475 5069 743 5123 Barbarus
768 5084 786 5122 :
820 5066 904 5122 Ea:
933 5067 1198 5122 voluntate
1235 5082 1349 5118 mea
1378 5062 1660 5132 conﬁtebor
1685 5060 1754 5115 ei.
1790 5058 1934 5112 Dixit
1961 5073 2026 5112 ea:
2065 5054 2350 5116 voluntate,
2379 5053 2445 5108 ad
2476 5050 2828 5107 dill'erentiam
2865 5048 3050 5119 legalis
3081 5045 3278 5109 cultus,
3305 5043 3397 5114 qui

189 5166 567 5234 suppliciorum
604 5172 750 5217 metu
781 5161 1135 5225 afﬁciebatur,
1167 5161 1218 5215 id
1246 5169 1348 5225 est,
1383 5175 1489 5214 non
1514 5157 1734 5213 invitam
1774 5164 1830 5209 et
1853 5161 2122 5215 coactam,
2148 5151 2240 5206 sed
2273 5148 2628 5203 voluntariam
2657 5155 2711 5200 et
2739 5154 3036 5215 promptam
3072 5142 3166 5195 tibi
3186 5139 3398 5194 laudem

187 5229 445 5324 proici-am
479 5273 491 5309 :
525 5255 606 5310 sic
633 5263 687 5308 et
712 5253 846 5308 alias
878 5252 1014 5306 dixit
1039 5271 1052 5306 :
1093 5251 1395 5306 Voluntarie
1419 5248 1727 5317 sacriﬁcabo
1756 5247 1850 5301 tibi
1871 5246 1913 5277 "
1941 5263 1952 5297 :
1988 5243 2054 5297 Et
2081 5242 2381 5297 voluntaria
2412 5241 2518 5292 oris
2544 5239 2641 5292 mei
2675 5236 2995 5304 beneplacita
3025 5234 3131 5301 fac,
3157 5229 3399 5292 Domine,

187 5354 232 5398 et
256 5347 444 5400 nandi
475 5360 556 5398 me
578 5345 645 5397 ⁵⁸.
671 5341 777 5398 Sed
799 5342 1058 5414 quoniam
1085 5342 1307 5396 verbum
1333 5339 1575 5396 conﬁteri
1608 5349 1660 5393 et
1685 5334 2084 5392 damnationem
2126 5341 2496 5402 peccatorum,
2524 5337 2578 5383 et
2610 5327 2904 5396 gratiarum
2937 5324 3202 5379 actionem
3235 5318 3401 5389 signi-

190 5438 336 5506 ficat;
366 5440 488 5496 ideo
517 5438 562 5494 si
595 5440 699 5494 boc
724 5438 841 5492 loco
872 5452 970 5508 pro
998 5438 1347 5492 damnatione
1378 5436 1581 5506 peccati
1608 5431 1886 5490 commissi
1912 5437 2181 5490 sumatur.
2215 5426 2393 5482 innuit
2413 5425 2559 5496 quod
2589 5439 2695 5478 non
2726 5422 2931 5495 pudore
2954 5427 3008 5473 et
3028 5426 3274 5486 respectu
3300 5417 3370 5468 ho

189 5531 380 5587 tninum
425 5546 654 5603 peccare
698 5530 945 5587 destitit:
979 5532 1072 5587 sed
1104 5531 1364 5602 quoniam
1403 5529 1701 5599 respexerit
1741 5529 1804 5583 ad
1845 5526 2028 5581 odium
2057 5533 2111 5578 et
2148 5538 2345 5577 noxam
2378 5519 2579 5591 peccati
2607 5537 2619 5573 :
2651 5519 2696 5574 si
2731 5531 2857 5572 vero
2890 5514 3122 5570 sumitur
3155 5525 3254 5583 pro
3283 5526 3403 5579 gra-

189 5621 374 5680 tiarum
412 5593 650 5693 actione,
686 5623 922 5680 ostendit
955 5639 1013 5678 se
1042 5623 1109 5679 de
1124 5593 1394 5678 'omnibus
1417 5593 1618 5691 gratias
1659 5633 1834 5692 agere,
1866 5617 2027 5686 idque
2054 5632 2266 5672 summa
2297 5630 2419 5669 cum
2460 5611 2734 5666 voluntate
2762 5616 3058 5680 praestare:
3087 5619 3213 5660 nam
3245 5600 3295 5656 id
3319 5593 3401 5650 vel

190 5713 362 5772 dolore
394 5716 478 5773 vel
508 5717 833 5773 necessitate
862 5730 1040 5786 agere,
1071 5730 1178 5771 non
1209 5722 1383 5770 estex
1410 5714 1686 5768 voluntate
1717 5709 1984 5766 confiteri.

250 5865 485 5924 “lCor.
523 5886 581 5934 κ,
619 5870 663 5924 ι.
747 5869 788 5903 δ’
824 5868 926 5925 lsa.
957 5885 1031 5933 γι.
1066 5869 1115 5926 3.
1197 5870 1240 5901 ’θ
1270 5868 1425 5924 Joan.
1466 5883 1586 5933 vin,
1620 5866 1702 5920 ιε..
1784 5863 1878 5916 ἠῐ

1270 5868 1425 5924 Joan.
1466 5883 1586 5933 vin,
1620 5866 1702 5920 ιε..
1784 5864 1823 5896 ⁵⁸
1855 5863 2133 5927 Psal.t.m,
2168 5863 2217 5916 8.
2300 5862 2344 5894 δε
2374 5859 2515 5915 Ρδτιι.
2538 5874 2722 5924 cxvnt,
2755 5857 2875 5911 l08.
