4122 6492
711 419 801 479 151
1565 420 1620 474 S.
1664 416 2034 471 ATIIANASII
2075 417 2226 471 OPP.
2269 412 2446 468 PARS
2485 413 2573 468 Ill.
2617 446 2683 456 —
2716 415 3125 471 EXEGETICA.

782 543 833 594 8.
875 540 942 592 Et
969 548 1233 608 protector
1263 537 1611 590 salvationum
1641 534 1840 587 Christi
1875 533 1954 587 sui
1987 544 2084 588 est.
2116 533 2275 585 Chri-
2307 539 2352 588 Α

702 648 847 690 stuzn
880 635 996 690 sive
1030 643 1254 687 unctum
1299 632 1385 684 hic
1409 638 1568 684 vocat
1609 627 1868 697 populum
1900 627 1952 680 in
1987 624 2166 695 regale
2197 640 2283 678 sa-

701 729 1002 782 cerdotium
1041 726 1343 779 inunetum.
1375 722 1493 791 Ipse
1528 722 1716 790 igitur,
1747 720 1843 783 ait,
1884 718 2152 773 Dominus
2181 733 2283 788 po-

711 823 895 891 pulum
941 821 1189 890 protegit,
1215 829 1272 872 ut
1311 819 1540 872 salutem
1577 814 1775 883 populo
1808 821 1960 883 paret
1993 826 2149 880 quem
2185 826 2280 879 per

711 933 769 968 se
794 925 847 968 ct
875 914 943 967 ad
974 927 1033 966 se
1064 913 1299 966 inunvit.

754 1005 806 1057 9.
838 1003 903 1055 Et
928 1019 1080 1070 pasce
1128 1002 1273 1060 illos,
1316 1015 1364 1054 et
1415 998 1602 1052 extolle
1658 997 1778 1049 illos
1830 1009 1989 1062 usque
2029 980 2084 1044 in
2121 1001 2278 1045 azter-

702 1112 844 1148 mrn.
884 1095 998 1163 lps‘e
1053 1108 1290 1161 namque
1333 1107 1432 1144 nos
1473 1099 1661 1159 pascet
1693 1087 1860 1141 misso
1893 1087 1946 1138 in
1979 1086 2151 1138 vicem
2190 1082 2274 1135 sui

702 1183 999 1239 l‘araelcto.
1033 1184 1098 1237 Et
1135 1184 1351 1252 quidem
1395 1198 1493 1235 nos
1527 1180 1762 1243 extollit,
1793 1179 1843 1232 id
1873 1186 1975 1240 est,
2010 1176 2274 1230 sublimes

700 1277 805 1346 agit
834 1278 885 1330 in
912 1275 1094 1329 futura
1118 1284 1166 1329 et
1202 1275 1410 1327 inlinita
1442 1273 1662 1326 saecula.

699 1455 1041 1512 I’SALJIL'S
1079 1457 1268 1522 Dartd,
1297 1459 1358 1509 tle
1393 1459 1534 1509 exitu
1572 1454 1938 1508 Taberuaculi.
1987 1452 2085 1504 XX
2104 1452 2265 1506 VIII.

1294 1552 1333 1601 Λ
1345 1566 1432 1618 rgu
1444 1557 1690 1600 mentum.

698 1639 925 1694 Canitur
958 1654 1200 1709 prmsens
1247 1640 1489 1708 psalmus
1539 1637 1715 1706 cjecto
1766 1633 1980 1690 Israelis
2030 1635 2265 1704 pepulo,

769 1733 1126 1802 gentibusque
1150 1745 1336 1784 eorum
1364 1730 1480 1783 vice
1514 1728 1726 1789 accitis,
1754 1727 1896 1796 quod
1925 1729 2040 1796 ipsa
2067 1727 2268 1779 indicat

766 1822 1070 1890 inscriptio,
1106 1819 1294 1875 Exitus
1330 1819 1713 1881 'I‘aberuaculi,
1744 1835 1864 1888 qua:
1898 1819 2073 1888 palam
2111 1817 2264 1870 nobis

762 1917 968 1968 exitum
995 1914 1211 1967 illorum
1232 1915 1522 1978 significat.

771 2007 824 2068 1,
856 2007 910 2059 ‘2.
944 2006 1141 2074 Afferte
1186 2005 1428 2069 Domino,
1462 2005 1561 2074 ﬁlii
1589 2005 1700 2059 Dei.
1724 2004 1888 2058 Filios
1921 2003 2009 2057 Dei
2047 2013 2263 2058 sanctos

695 2100 970 2168 apostolos
995 2107 1169 2162 vocat,
1199 2098 1396 2168 quippe
1424 2114 1558 2168 quos
1594 2099 1774 2151 dicere
1796 2098 2075 2151 docuerit:
2104 2097 2264 2148 Pater

695 2199 872 2244 uoster
910 2191 999 2258 qui
1033 2206 1085 2243 es
1121 2191 1176 2242 iu
1222 2190 1363 2242 cwlis
1388 2190 1451 2240 ⁵³.
1483 2189 1680 2256 A/ferte
1713 2189 1934 2241 Domino
1966 2189 2103 2255 ﬁlios
2127 2189 2261 2241 arie-

696 2296 827 2337 tum.
868 2281 1034 2337 Filios
1062 2283 1292 2336 arietum
1330 2292 1487 2336 vocat
1519 2298 1612 2336 eos
1641 2283 1733 2351 qui
1770 2298 1862 2351 per
1892 2283 2165 2352 apostolos
2195 2298 2257 2335 ex

695 2375 896 2430 Judmis
926 2378 989 2428 ad
1020 2376 1180 2429 tidem
1226 2373 1440 2429 Domini
1476 2384 1603 2430 sunt
1628 2375 1825 2437 vocati,
1857 2376 1938 2428 vel
1975 2375 2138 2428 etiam
2167 2375 2258 2440 qui

694 2481 758 2519 cx
791 2465 1040 2534 gentibus
1080 2473 1448 2526 accesserunt,
1478 2465 1676 2532 quippe
1704 2464 1796 2532 qui
1836 2480 1899 2516 ex
1933 2464 2258 2516 irrationali-

695 2557 797 2610 bus
834 2557 1079 2626 patribus
1125 2557 1236 2610 nati
1289 2566 1437 2611 sunt.
1471 2556 1668 2623 A/ferte
1705 2555 1928 2608 Domino
1958 2556 2181 2626 gloriam
2210 2565 2258 2609 et

695 2647 960 2700 honorem.
990 2647 1230 2702 Gloriam
1266 2647 1420 2700 alfert
1447 2646 1676 2700 Domino
1699 2648 1790 2716 qui
1819 2648 1974 2701 bonis
2003 2648 2257 2717 operibus

693 2752 868 2806 vacat,
902 2739 1200 2794 secundum
1233 2740 1362 2793 illud
1393 2741 1536 2809 quod
1572 2741 1775 2794 dictum
1803 2750 1919 2794 est:
1958 2739 2022 2794 L’t
2051 2741 2256 2793 videant

693 2851 850 2902 opera
880 2843 1050 2887 vestra
1090 2833 1245 2894 bona,
1283 2843 1330 2886 et
1362 2833 1654 2902 glorificent
1690 2834 1902 2886 Patrem
1941 2833 2254 2886 vestrum".

695 2926 906 2982 Rursus
957 2928 1216 2981 honorent
1255 2926 1407 2979 affert
1438 2926 1531 2994 qui
1576 2926 1716 2979 bona
1747 2926 1857 2979 edit
1894 2940 2077 2994 opera,
2101 2925 2255 2993 juxta

694 3020 745 3072 id
793 3020 937 3089 quod
982 3020 1184 3072 dictum
1218 3019 1401 3072 est":
1435 3016 1651 3070 llonora
1703 3017 1980 3070 Dominum
2010 3018 2073 3070 de
2093 3018 2254 3086 justis

696 3113 797 3162 tuis
825 3110 1083 3177 operibus.

767 3204 994 3255 Adorate
1027 3201 1304 3255 Dominum
1326 3203 1376 3255 iu
1407 3203 1544 3256 atrio
1572 3211 1756 3255 sancto
1778 3205 1912 3270 ejus.
1937 3201 2119 3255 Palam
2143 3202 2253 3256 edi-

693 3297 783 3358 cit,
809 3308 914 3347 non
943 3303 1188 3362 Oportere
1219 3309 1319 3347 nos
1345 3303 1496 3347 extra
1515 3293 1798 3347 ecclesiam
1831 3293 2090 3347 adorare:
2111 3294 2253 3362 quod

693 3386 1149 3441 heterodoxorum
1200 3391 1568 3438 convcntuum
1624 3401 1789 3439 causa
1841 3384 2060 3439 dicitur.
2112 3381 2252 3453 [Non

691 3484 907 3544 oportet
942 3486 1093 3528 extra
1141 3475 1423 3530 ecclesiam
1463 3475 1713 3539 adorare,
1760 3476 1852 3530 sed
1893 3477 1947 3529 in
1990 3477 2102 3544 ipsa
2133 3475 2253 3528 aula

693 3566 806 3622 Dei.
850 3565 924 3620 Ne
970 3567 1122 3631 mihi,
1166 3567 1360 3637 inquit,
1388 3568 1639 3636 proprias
1676 3567 1830 3621 aulas
1875 3575 1928 3621 et
1953 3582 2254 3637 synagogas

690 3659 1025 3731 excogitetis,
1046 3676 1150 3713 una
1174 3669 1256 3712 est
1283 3659 1404 3712 aula
1431 3668 1618 3712 sancta
1645 3656 2087 3731 Dc_i.]POSSItmt|s
2105 3659 2252 3718 item,

692 3763 871 3808 mente
913 3769 1132 3808 sursum
1170 3761 1368 3818 erecta,
1399 3767 1492 3821 per
1538 3725 1735 3805 atrium
1786 3751 2062 3805 ecelcstem
2101 3765 2254 3804 man-

693 3846 902 3900 sionem
936 3845 1254 3914 intelligere.

762 4025 815 4077 5.
868 4023 976 4074 Vox
1018 4020 1229 4074 Domini
1270 4037 1421 4089 super
1455 4037 1640 4090 aquas.
1681 4023 1863 4089 Aquas
1897 4019 2027 4074 dicit
2066 4033 2252 4072 eorum

693 4114 1092 4170 multitudinem
1137 4113 1228 4182 qui
1285 4128 1378 4182 per
1419 4128 1512 4166 eas
1559 4113 1790 4166 salutem
1825 4118 2250 4181 consequuntur.

691 4210 861 4276 Aqua:
889 4217 1016 4261 sunt
1041 4206 1234 4271 sancti,
1254 4205 1510 4274 quoniam
1530 4203 1751 4258 ﬂumina
1774 4204 1839 4258 de
1857 4212 2039 4257 ventre
2064 4218 2251 4257 eorum

693 4298 880 4363 ﬂuent,
906 4298 951 4328 “
966 4297 1267 4367 spiritualis
1298 4296 1546 4351 videlicet
1587 4295 1866 4358 doctriua‘,
1894 4310 2000 4365 qua
2031 4295 2256 4364 irrigant

694 4389 992 4443 auditores.
1033 4389 1206 4456 Super
1259 4387 1570 4456 hujusmodi
1629 4401 1798 4456 aquas
1850 4385 2112 4441 Dominus
2149 4395 2250 4439 est.

696 4475 812 4535 Sed
832 4479 977 4550 quod
1009 4480 1290 4534 historiam
1310 4487 1534 4548 spectat,
1559 4477 1702 4534 Elias
1731 4495 1852 4534 cum
1895 4481 2088 4548 pluvize
2112 4479 2256 4533 delc.

3837 422 3940 476 15!

2449 530 2554 581 Kal
2586 531 3038 598 ὑπερασπιστὴς
3065 530 3178 584 τῶν
3201 534 3507 600 σωτηρίων
3535 534 3640 588 τοῦ
3663 537 3934 603 Χριστοῦ.

2386 622 2616 691 Χριστὸν
2661 621 2892 676 ἐνταῦθα
2919 623 3010 676 τὸν
3052 623 3338 692 χρισθέντα
3384 625 3508 678 λαὸν
3550 629 3627 688 είς
3677 625 3938 696 βασίλειον

2386 713 2679 782 ἱεράτευμα
2715 730 2897 782 φησιν.
2925 714 3093 777 Αὐτὸς
3125 710 3235 777 οὖν,
3265 715 3427 785 φησιν
3446 756 3460 778 ,
3487 717 3515 768 ὁ
3543 717 3746 787 Κύριος
3776 717 3939 789 ὑπερ·

2381 802 2598 866 ασπίζει
2627 804 2704 865 είς
2735 802 2794 854 τὸ
2824 803 2991 856 σῶσαι
3025 804 3114 856 τὸν
3139 804 3425 875 χρισθέντα
3451 806 3516 857 δι’
3549 805 3712 859 αὑτοῦ
3745 809 3837 860 καὶ
3863 809 3938 870 είς

2381 894 2540 948 αὑτὸν
2564 894 2708 946 λαόν.
3337 953 3346 963 ο

2450 985 2554 1036 Καὶ
2589 984 2880 1053 ποίμανον
2910 987 3158 1052 αὐτοὺς,
3205 988 3304 1040 καὶ
3332 988 3556 1056 ἔπειρον
3582 991 3803 1056 αὐτοὺς
3833 990 3938 1056 ἕως

2377 1077 2483 1128 τοῦ
2527 1076 2757 1143 αἰῶνος.
2810 1080 2979 1142 Αὐτὸς
3025 1081 3132 1152 γὰρ
3182 1083 3328 1152 ἡμᾶς
3389 1086 3673 1154 ποιμανεῖ,
3721 1084 3937 1155 πέμψας

2376 1172 2505 1239 ἡμῖν
2537 1171 2650 1222 ἀντ’
2676 1172 2836 1224 αὑτοῦ
2867 1176 2957 1226 καὶ
2981 1174 3054 1238 ὡς
3081 1177 3269 1228 ἑαυτὸν
3296 1177 3385 1231 τὸν
3418 1179 3792 1250 Παράκλητον.
3832 1182 3938 1233 Καὶ

2378 1261 2484 1331 μὴν
2517 1261 2609 1312 καὶ
2647 1262 2891 1334 ἐπαίρει,
2934 1266 3212 1317 τουτέστιν
3271 1267 3504 1338 ὑψηλοὺς
3533 1269 3822 1338 ἀποφαίνει
3863 1273 3936 1332 εἰς

2373 1353 2496 1416 τοὺς
2530 1353 2820 1422 μέλλοντας
2847 1356 2941 1408 καὶ
2971 1356 3356 1426 ἁτελευτήτους
3392 1360 3612 1424 αἰῶνας.

2507 1448 2812 1499 ΨΑΛΜΟΣ
2834 1447 2911 1511 τῷ
2941 1452 3058 1501 Δαυ
3084 1448 3119 1500 ὃ
3141 1449 3355 1512 ἐξόδου
3383 1453 3639 1520 Σχηνῆς.
3677 1457 3808 1508 KII'.

3001 1541 3319 1606 'l'.‘rd()€0'tq.

2383 1632 2440 1684 '0
2473 1631 2656 1702 παρὼν
2684 1631 2864 1704 ᾄδεται
2894 1632 3126 1702 cuius;
3177 1633 3581 1703 ἐκϐαλλομένων
3621 1638 3716 1704 μὲν
3741 1637 3849 1688 τῶν
3880 1637 3937 1701 ἐξ

2452 1723 2662 1794 Ἰσραὴλ
2684 1765 2698 1787 ,
2726 1726 3192 1795 ἁντεισυιγομένων
3221 1727 3274 1778 δὲ
3303 1728 3410 1778 τῶν
3443 1726 3632 1781 ἐθνῶν.
3665 1729 3834 1781 Τοῦτο
3880 1729 3936 1781 δὲ

2438 1818 2584 1887 δηλοῖ
2613 1819 2755 1888 καὶὴ
2785 1819 3063 1889 ἐπιγραφὴ
3093 1820 3124 1886 ἡ
3151 1818 3401 1886 λέγουσι,
3420 1820 3934 1889 ἘξόδουΣκηνῆς,

2444 1910 2626 1977 σαφῶς
2656 1911 2751 1982 τὴν
2781 1910 2956 1974 ἔξοδον
2987 1911 3161 1963 αὐτῶν
3190 1913 3321 1980 ἡμῖν
3347 1911 3848 1981 κατασημαίνουσα.

2451 2003 2754 2071 Ἐνέγκατε
2782 2002 2860 2066 τῷ
2888 2004 3100 2068 Κυρίῳ,
3130 2003 3240 2055 1⁸1οί
3267 2001 3433 2055 Θεοῦ.
3463 2004 3621 2065 Υίοίδς
3645 2003 3779 2055 Θεοῦ
3812 2004 3934 2067 τοὺς

2370 2097 2552 2162 ἁγίους
2579 2096 2905 2158 ἀποστόλους
2924 2096 3077 2148 καλεῖ
3117 2095 3318 2159 ἐδίδαξε
3371 2096 3480 2168 γὰρ
3507 2097 3703 2158 αὐτοὺς
3730 2096 3930 2163 λέγειν·

2368 2188 2557 2255 Πάτερ
2606 2187 2773 2256 ἡμῶν
2811 2191 2842 2241 ὀ
2881 2189 2950 2240 ἐν
2994 2191 3116 2253 τοῖς
3158 2187 3455 2255 οὐρανοῖς.
3509 2188 3815 2257 Ἐνέγκατε
3859 2185 3935 2252 τῷ

2368 2283 2558 2348 Κυρίῳ
2584 2281 2750 2345 υἱοίσς
2779 2281 2977 2348 κριῶν.
3009 2281 3169 2342 Υίοὺς
3199 2279 3365 2350 κριῶν
3391 2281 3513 2342 τοὺς
3551 2279 3846 2350 κληθέντας
3869 2279 3934 2330 δι’

2366 2372 2540 2425 αὐτῶν
2581 2375 2640 2424 ἐκ
2680 2371 2772 2424 τοῦ
2811 2371 3074 2425 Ἰουδαίων
3104 2371 3284 2435 ἔθνους
3318 2373 3394 2434 εἰς
3421 2372 3518 2443 τὴν
3547 2372 3724 2424 πίστιν
3751 2373 3852 2442 τὴν
3879 2375 3935 2424 ἐν

2369 2467 2554 2537 Κυρίῳ
2602 2465 2891 2536 σημαίνει·
2935 2465 2967 2536 ἦ
2999 2464 3241 2527 καὶτοὺς
3281 2464 3340 2528 ἐξ
3372 2464 3539 2517 ἐθνῶν
3575 2466 3936 2517 πεπιστευκό-

2365 2577 2460 2622 τας
2481 2598 2496 2624 ,
2527 2559 2620 2612 ἅτε
2655 2558 2718 2628 δὴ
2753 2557 2954 2626 φύντας
2987 2557 3044 2623 ἐξ
3082 2556 3289 2625 ἀλόγων
3320 2557 3587 2628 πατέρων.
3628 2556 3934 2625 Ἐνέγκατε

2365 2652 2442 2718 τῷ
2467 2653 2660 2720 Κυρίῳ
2685 2651 2870 2715 δόξαν
2904 2651 3001 2704 καί
3024 2651 3218 2720 τιμήν.
3251 2650 3417 2714 Δόξαν
3448 2651 3544 2720 μέν
3571 2649 3723 2721 φέρει
3752 2669 3836 2715 τις
3856 2651 3935 2720 τῷ

2365 2743 2552 2814 Κυρίῳ
2583 2742 2960 2812 ἀγαθοεργῶν,
2992 2742 3132 2794 κατὰ
3172 2741 3232 2793 τὸ
3276 2740 3561 2811 εἰρημένον
3587 2757 3600 2770 ·
3633 2741 3838 2806 Ὅπως
3887 2742 3934 2793 ι-

2363 2834 2509 2886 δωσι
2547 2833 2617 2887 τὰ
2650 2835 2802 2892 κα.ίὰ
2826 2835 2966 2902 ἔργα
3005 2833 3188 2903 ὑμῶν,
3222 2833 3318 2887 καί
3344 2832 3644 2897 δοξάσωσι
3673 2832 3782 2886 τὸν
3812 2836 3932 2886 Πα-

2364 2926 2499 2994 τέρα
2545 2925 2728 2997 ὐμὼν.
2772 2926 2946 2998 Τιμὴν
2997 2927 3052 2979 δὲ
3100 2925 3295 2990 πάλιν,
3346 2925 3555 2994 ἀγαθὰς
3601 2925 3934 2994 ἐπιτηδεύων

2363 3019 2588 3091 πράξεις
2615 3058 2627 3080 ,
2658 3017 2798 3071 κατὰ
2821 3023 2880 3070 τὸ
2911 3017 3192 3088 εἰρημένον
3211 3035 3223 3047 ’
3263 3018 3403 3086 Τίμα
3427 3017 3532 3070 τὸν
3559 3018 3780 3084 Κύριον
3813 3017 3933 3070 ἀπὸ

2363 3109 2490 3162 σῶν
2522 3109 2765 3162 δικαίων
2793 3109 3012 3161 πόνων.

2433 3203 2901 3272 Προσκυνήσατε
2927 3204 3006 3269 τῷ
3037 3205 3231 3271 Κυρίῳ
3262 3204 3331 3256 ἐν
3371 3201 3526 3270 auiti
3555 3203 3690 3272 ἁγίᾳ
3718 3202 3930 3256 αὐτοῦ.

2365 3293 2553 3361 Σαφῶς
2583 3292 2668 3346 διὰ
2705 3293 2904 3346 τούτων
2933 3295 3060 3364 ἡμῖν
3093 3293 3556 3365 παρακελεύεται,
3588 3293 3663 3354 ὡς
3699 3291 3806 3357 ἔξω
3833 3293 3934 3362 τῆς

2363 3383 2653 3453 ἐκκλησίας
2697 3384 2757 3436 οὐ
2811 3383 2888 3435 δεῖ
2937 3386 3278 3452 προσκυνεῖν.
3330 3381 3498 3433 Τοῦτο
3551 3380 3605 3433 δέ
3662 3396 3797 3450 φησι
3846 3380 3935 3432 διὰ

2361 3478 2457 3540 τὰς
2496 3477 2601 3529 τῶν
2631 3476 2948 3547 ἑτεροδόξων
2977 3475 3313 3544 συναγωγάς.
3351 3473 3747 3545 [Προσκύνησις
3785 3472 3843 3525 δὲ
3871 3474 3930 3524 οὐ

2361 3571 2463 3642 χρὴ
2508 3570 2610 3636 ἔξω
2635 3569 2731 3639 τῆς
2775 3569 3068 3633 ἐκκλησίας
3090 3612 3105 3633 ,
3136 3568 3249 3620 ἀλλ’
3289 3567 3346 3619 ἐν
3397 3566 3532 3636 αὖτῇ
3565 3568 3630 3636 τῇ
3667 3565 3804 3637 αὐλῇ
3839 3566 3935 3620 τοῦ

2361 3661 2492 3714 Θεοῦ
2539 3661 2851 3731 τελουμένη.
2887 3661 2976 3730 Μή
3023 3676 3144 3729 μοι,
3189 3658 3384 3729 φησιν,
3441 3657 3574 3720 ἰδίας
3619 3656 3789 3720 αὐλὰς
3840 3657 3932 3710 καὶ

2363 3754 2679 3823 συναγωγὰς
2711 3755 2972 3806 ἐπινοεῖτε
2994 3769 3004 3781 ’
3044 3752 3139 3822 μία
3167 3753 3314 3805 ἐστὶν
3341 3750 3477 3820 αὐλὴ
3507 3752 3538 3820 ἡ
3569 3750 3699 3818 ἁγία
3743 3750 3931 3822 9:05.]

2361 3846 2589 3898 Δυνατὸν
2629 3844 2684 3896 δέ
2726 3842 2893 3912 αὐλὴν
2948 3839 3422 3910 ἐπαναδεὸηκότας
3467 3840 3654 3908 νοῆσαι
3684 3839 3783 3911 τὴν
3829 3842 3932 3893 ἐπ-

2361 3940 2605 4009 ουράνιον
2633 3937 2925 4006 διαγωγήν.

2430 4030 2600 4097 Φωνὴ
2632 4028 2848 4096 Κυρίου
2879 4025 3109 4079 ἐπὶτῶν
3125 4025 3378 4081 ὑδάτων.
3408 4025 3615 4078 Ὕδατὰ
3665 4042 3798 4096 φησι
3822 4027 3933 4081 τῶν

2359 4125 2445 4177 διὰ
2483 4123 2683 4176 τούτων
2724 4123 3041 4192 σωζομένων
3085 4120 3152 4173 τὰ
3197 4120 3393 4191 πλήθη.
3429 4119 3633 4172 "rem
3678 4119 3726 4172 oi
3756 4121 3931 4188 ἆγιοι.

2359 4216 2544 4286 διόπερ
2591 4215 2824 4284 ποταμοὶ
2877 4213 3156 4285 ῥεύσουσιν
3204 4214 3268 4265 ἐκ
3311 4211 3411 4278 τῆς
3461 4211 3664 4273 κοιλίας
3709 4211 3928 4264 αὐτῶνθ

2359 4310 2605 4363 τουτέστι
2637 4307 2976 4378 πνευματικὴ
3006 4305 3337 4367 διδασκαλία,
3362 4304 3427 4358 δι’
3457 4299 3524 4377 ἦς
3557 4304 3775 4376 ἄρδουσι
3803 4307 3931 4369 τοί-ς

2361 4401 2672 4462 ἀκούοντας.
2708 4399 2829 4452 Ἐπὶ
2865 4397 2969 4451 τῶν
3003 4398 3254 4451 τοιούτων
3288 4393 3378 4451 οὖν
3409 4396 3615 4450 ὑδάτων
3645 4399 3672 4449 ὀ
3699 4396 3925 4467 Κύριος.

2374 4493 2529 4545 Ἀλλὰ
2554 4491 2672 4544 καθ’
2709 4492 2946 4563 ἱστορίαν
2984 4491 3166 4554 Ἠλίας
3190 4491 3326 4561 μετὰ
3352 4491 3447 4560 τὴν
3477 4488 3735 4560 ἀδροχίαν
3757 4489 3929 4559 ἤκουε

694 4582 814 4626 ctus
840 4581 1004 4630 esset.
1031 4572 1236 4626 audivit
1263 4587 1448 4626 vocem
1475 4586 1738 4640 aquarum
1767 4573 2056 4624 multarum
2095 4573 2252 4641 (alius

2366 4586 2541 4653 ξωνὴν
2570 4585 2774 4637 ὑδάτων
2812 4582 3040 4636 πολλῶν.
3087 4583 3197 4652 Τὴν
3229 4581 3522 4652 γενομένην
3554 4581 3716 4650 φησὶν
3758 4582 3820 4632 ἐν
3852 4582 3930 4650 τῷ

693 4669 900 4733 codex).
929 4665 1124 4720 Vocem
1155 4665 1365 4719 Domini
1395 4665 1471 4718 ait
1499 4664 1553 4718 in
1578 4663 1814 4718 Jordane
1839 4681 1869 4718 a
1897 4664 2004 4718 Deo
2027 4674 2080 4718 et
2103 4663 2259 4718 Patre

692 4759 947 4814 emissam
977 4775 1039 4813 ac
1072 4759 1336 4813 dicentem
1369 4757 1447 4812 '7:
1487 4757 1588 4811 Hic
1631 4767 1705 4810 est
1752 4758 1893 4826 ﬁlius
1943 4775 2082 4811 meus
2127 4758 2257 4811 dile-

694 4863 829 4914 ctus,
860 4866 1025 4920 quam
1056 4851 1217 4905 etiam
1246 4850 1488 4904 touitruo
1521 4859 1820 4918 comparat.

761 4943 813 4997 5.
862 4941 974 4994 Vox
1002 4940 1214 4993 Domini
1259 4940 1632 5009 confringentis
1690 4941 1890 4992 cedros.
1937 4938 2142 4993 Ccdros
2173 4938 2259 4992 hic

693 5035 825 5090 dicit
851 5034 1190 5089 adversarias
1213 5042 1524 5102 potestates.
1556 5031 1623 5084 Et
1665 5032 1953 5101 confringet
2002 5029 2256 5083 Dominus

692 5128 873 5182 ccdros
919 5125 1129 5179 Libani.
1162 5125 1366 5181 Cedros
1409 5124 1601 5180 Libani
1645 5125 1720 5177 ait
1755 5125 2016 5178 sublimes
2048 5122 2255 5178 Judaici

692 5217 877 5287 populi
906 5217 1156 5273 homines
1184 5236 1195 5270 :
1221 5218 1347 5288 quia
1366 5217 1682 5287 plerumque
1709 5216 1956 5270 indiviua
1983 5213 2256 5285 Scriptura

693 5307 936 5362 Libanus
963 5306 1298 5378 Jerosolyma
1328 5308 1548 5364 dicitur.

753 5490 884 5544 6.Et
908 5491 1217 5544 comminuet
1241 5507 1328 5544 eas
1348 5499 1596 5558 tauquam
1622 5490 1843 5542 vitulum
1871 5488 2146 5546 Libanum.
2164 5492 2254 5546 Vi~

693 5586 859 5646 tulus,
893 5584 944 5637 id
991 5594 1074 5637 est
1120 5585 1305 5637 altare.
1343 5582 1410 5636 Et
1451 5583 1670 5637 dilectus
1713 5582 2148 5651 quemadmodum
2190 5588 2253 5655 [i-

693 5675 794 5729 lius
833 5676 1185 5729 unicoruium.
1228 5674 1460 5731 Dilectus
1487 5677 1856 5744 apostolorum
1883 5678 2081 5733 chorus
2111 5680 2253 5737 ﬁlius

759 5854 806 5885 "
833 5854 1020 5911 Matth.
1054 5871 1136 5920 Vl,
1170 5857 1222 5914 9.
1301 5857 1346 5889 ”
1378 5856 1541 5915 Matth
1589 5876 1643 5922 τ,
1682 5859 1760 5914 l6.

1837 5860 1881 5894 "
1922 5860 2079 5918 Prov.
2119 5876 2198 5930 ιιι,
2233 5862 2285 5919 9.

2370 4678 2603 4749 Ἰορδάνῃ
2632 4675 2724 4729 τοῦ
2751 4675 2884 4729 Θεοῦ
2917 4677 3008 4729 καὶ
3036 4675 3267 4747 Πατρὸς,
3295 4676 3387 4728 καὶ
3408 4675 3669 4743 λέγουσαν
3689 4689 3703 4702 ⁶
3736 4671 3930 4741 Οὗτός

2355 4772 2524 4824 ἐστιν
2545 4774 2576 4822 ό
2610 4771 2742 4834 Υἱός
2759 4785 2878 4837 μου
2901 4771 2932 4820 ό
2957 4767 3277 4836 ἀγαπητὸς,
3296 4769 3362 4837 ἣν
3385 4768 3475 4820 καὶ
3503 4767 3694 4837 βροντῇ
3726 4784 3926 4837 παρει-

2357 4881 2510 4918 καςει

2428 4955 2598 5021 Φωνὴ
2655 4955 2872 5022 Κυρίου
2912 4953 3332 5019 συντρίϐοντος
3370 4950 3636 5019 κέδρους.
3683 4950 3925 5021 Κέδρους

2363 5051 2418 5100 ἐν
2467 5046 2673 5108 τούτοις
2718 5046 2814 5107 τὰς
2867 5043 3242 5112 ἀντικειμένας
3288 5042 3542 5110 δυνάμεις
3569 5040 3746 5109 φησίν.
3812 5042 3924 5095 Kal

2363 5134 2673 5204 συντρίψει
2713 5138 2920 5201 Κύριος
2949 5137 3052 5198 τὰς
3078 5133 3325 5200 κέδρους
3355 5132 3459 5186 τοῦ
3492 5131 3767 5185 Λιϐάνου.
3812 5132 3923 5185 Κέ-

2360 5228 2517 5298 δρους
2558 5226 2786 5280 Λιϐάνου
2813 5225 2937 5286 τοὺς
2973 5223 3205 5292 ὑψηλοὺς
3237 5223 3330 5275 τοῦ
3371 5223 3634 5276 Ἰουδαίων
3661 5221 3791 5274 λαοῦ
3821 5241 3927 5292 φηο

2363 5338 2467 5382 σιν,
2488 5319 2573 5372 διὰ
2600 5320 2661 5372 τὸ
2687 5317 2998 5388 ὠνομάσθαι
3018 5316 3273 5380 πολλάκις
3289 5317 3346 5368 ἐν
3372 5318 3434 5386 τῇ
3462 5315 3580 5387 θείᾳ.
3611 5316 3796 5387 Γραφῇ
3831 5317 3923 5369 Λί-

2363 5413 2520 5465 ϐανον
2544 5410 2641 5480 τὴν
2674 5409 2735 5460 Ὶε
2748 5408 3039 5480 ρουσαλήμ.

2428 5503 2535 5556 Καὶ
2563 5498 2847 5554 λεπτυννεῖ
2886 5500 3069 5564 αὐτὰς
3099 5499 3178 5565 ὡς
3203 5500 3307 5552 τὸν
3331 5501 3568 5568 μόσχον
3612 5498 3716 5552 τὸν
3746 5501 3920 5554 Λίϐα-

2360 5614 2484 5649 νον.
2534 5597 2592 5646 '0
2636 5593 2831 5662 μόσχος
2868 5593 2927 5644 τὸ
2966 5593 3341 5662 θυσιαστήριον
3379 5591 3543 5662 δηλοῖ.
3576 5593 3681 5645 Kal
3716 5579 3921 5664 6133m-

2362 5685 2622 5753 πημένος
2663 5683 2741 5748 ὡς
2783 5682 2910 5748 υίὸς
2951 5681 3388 5752 μονοκερώτων.
3442 5684 3497 5736 Ὀ
3528 5683 3921 5757 ἠγαπημένος,

2362 5862 2406 5895 ⁸⁸
2433 5860 2587 5918 Joan.
2626 5875 2724 5929 vu,
2760 5861 2846 5916 38.
2927 5863 2966 5895 "
2992 5860 3178 5918 Matth.
3209 5879 3289 5930 ιιι,
3326 5863 3410 5919 Π.
