4122 6484
710 419 810 473 155

1539 418 1598 475 S.
1641 421 2014 478 ATHANASII
2053 424 2205 480 OPP.
2243 426 2422 481 PARS
2462 427 2544 482 Ill.
2591 461 2661 471 —
2698 430 3103 488 EXEGETICA.

3833 434 3931 491 156

779 534 829 587 4.
869 532 936 586 Ει
970 532 1288 602 conﬁtemini
1320 536 1581 588 memoria
1611 539 1911 592 sanctitatis
1935 540 2067 608 ejus.
2095 539 2267 610 Opor-

2437 543 2546 597 Καὶ
2583 544 3038 615 ἐξομολογεῖσθε
3088 547 3164 615 τῇ
3193 549 3402 618 μνήμῃ
3444 549 3556 618 τῆς
3599 553 3932 620 ἁγιωσύνης

710 635 803 690 tet,
830 624 1029 694 inquit,
1055 624 1282 694 hymnos
1310 624 1692 695 multiplicare,
1723 642 1991 686 memores
2020 631 2272 704 benigni-

708 716 840 771 tatis
874 716 1020 783 ejus.

775 803 829 858 6.
859 803 1121 870 Quoniam
1172 803 1257 856 ira
1307 805 1364 857 in
1415 804 1773 875 indignatione
1809 808 1944 877 ejus.
1988 807 2105 864 Non
2155 811 2273 880 ejus

706 896 937 951 consilio
961 904 1013 950 et
1037 897 1340 962 voluntate;
1373 896 1467 951 sed
1501 899 1644 966 quod
1675 899 1872 970 singuli
1915 916 2011 970 per
2053 912 2272 972 peccata

707 1003 801 1042 sua
822 1001 940 1041 eam
964 986 1068 1041 sibi
1091 989 1425 1057 pertrahant.
1451 986 1584 1042 Nam
1610 989 1730 1058 ejus
1753 991 2003 1047 voluntas
2030 993 2138 1047 vita
2168 1005 2268 1049 est.

706 1073 787 1125 Ad
817 1090 1084 1143 vesperum
1125 1075 1484 1130 demorabitur
1524 1077 1699 1145 ﬂetus.
1731 1076 1825 1134 His
1855 1081 2035 1135 verbis
2062 1083 2272 1153 signiti-

707 1171 861 1217 catur
908 1165 1238 1234 pamitentia:
1272 1169 1605 1236 praestantia.
1650 1167 1842 1226 Nullus
1867 1173 2012 1226 enim
2043 1183 2150 1228 tam
2191 1177 2273 1229 in-

705 1269 838 1324 gens
867 1265 1208 1324 peccatorum
1237 1273 1519 1326 numerus,
1552 1275 1713 1330 quem
1747 1277 1855 1317 non
1879 1264 2127 1320 celeriter
2154 1282 2271 1338 pa:-

707 1338 935 1394 niteutia
970 1342 1023 1395 in
1050 1344 1469 1400 exsultationem
1506 1357 1698 1403 vertat.

777 1432 831 1485 7.
869 1430 979 1503 Ego
1009 1444 1183 1488 autem
1229 1437 1347 1490 dixi
1378 1438 1433 1491 in
1467 1437 1795 1496 abundantia
1830 1461 1944 1498 mea
1967 1461 1986 1500 :
2012 1444 2132 1500 Non
2161 1463 2274 1501 mo-

703 1523 858 1578 vebar
877 1526 931 1579 in
953 1536 1227 1581 (sternunt.
1254 1529 1484 1584 Causam
1511 1531 1694 1600 lapsus
1714 1545 1950 1591 enarrat.
1980 1536 2270 1606 Quoniam,

703 1616 898 1686 inquit,
919 1619 1194 1686 prosperis
1217 1620 1398 1686 rebus,
1430 1625 1569 1677 altos
1591 1624 1814 1692 spiritus
1836 1631 2129 1698 assumpsi,
2147 1645 2273 1700 pro-

703 1716 890 1774 pterea
923 1710 1278 1766 conturbatus
1311 1726 1453 1765 sum.
1488 1711 1600 1768 Hoc
1647 1730 1778 1771 vero
1809 1731 1915 1771 non
1948 1727 2000 1774 te
2032 1722 2270 1790 compel-

704 1798 869 1862 lcute,
905 1798 997 1853 sed
1024 1809 1233 1855 tantum
1265 1799 1457 1857 faciem
1496 1811 1646 1858 tuam
1679 1816 1970 1876 avertente,
2006 1810 2138 1865 mihi
2182 1827 2272 1866 aco

2368 634 2554 687 αὐτοῦ
2606 637 2895 707 Προσηκει,
2923 639 3106 708 φησιν,
3135 639 3422 693 ἐπιτείνειν
3449 643 3571 704 τοὺς
3593 639 3815 711 ὕμνους,
3843 659 3935 713 με-

2373 726 2676 796 μνημένους
2702 728 2801 798 τῆς
2830 729 2924 782 τοῦ
2945 729 3079 782 Θεοῦ
3106 730 3526 802 φιλανθρωπίας.

2441 817 2562 870 Ὅτι
2594 818 2738 886 ὀργὴ
2777 819 2848 871 ἐν
2884 818 2966 885 τῷ
3001 821 3166 890 θυμῷ
3191 821 3396 875 αὐτοῦ.
3433 824 3546 876 Οὐκ
3585 824 3748 877 αὑτοῦ
3779 824 3934 880 τοῦτο

2372 907 2694 978 βουλομένου
2743 913 2943 963 ποιεῖν·
2989 909 3102 964 ἀλλ’
3147 913 3360 982 ἑκάστῳ
3402 913 3488 967 διὰ
3524 915 3620 985 τῆς
3665 917 3933 986 ἁμαρτίας

2370 997 2545 1069 ἐαυτῷ
2576 999 2781 1072 ταύτην
2816 1002 3217 1072 ἐπεισάγοντος.
3263 1004 3336 1056 Τὸ
3379 1005 3487 1077 γὰρ
3531 1006 3694 1059 αὐτοῦ
3728 1007 3933 1079 θέλημα

2370 1091 2482 1164 ζωή
2527 1093 2692 1146 ἐστιν.
2732 1093 2800 1147 Τὸ
2826 1094 3084 1163 ἑσπέρας
3128 1096 3558 1164 αὑλισθήσεται
3607 1103 3929 1170 κλαυθμός.

2369 1182 2442 1234 Τὸ
2476 1182 2879 1254 εύκατόρθωτον
2909 1188 3008 1256 τῆς
3055 1188 3340 1257 μετανοίας
3379 1189 3466 1242 διὰ
3504 1206 3705 1243 τούτων
3737 1193 3935 1262 σημαί-

2369 1291 2537 1327 νεται.
2588 1275 2751 1328 Ούδὲν
2784 1276 2892 1348 γὰρ
2935 1277 3182 1332 τοσοῦτον
3216 1279 3416 1350 πλῆθος
3459 1282 3770 1354 ἁμαρτιῶν,
3802 1283 3831 1335 δ
3863 1284 3932 1354 μὴ

2368 1363 2576 1434 ταχέως
2609 1367 2640 1435 ἠ
2679 1367 2933 1435 μετάνοια
2957 1369 3036 1432 είς
3067 1369 3383 1437 ἀγαλλίασιν
3411 1372 3648 1442 ἐκφέρει.

2454 1456 2594 1526 Ἐγὼ
2628 1457 2695 1510 δὲ
2719 1454 2856 1512 εἶπα
2881 1459 2952 1512 ἐν
2977 1458 3054 1528 τῇ
3083 1463 3331 1529 εὐθηνίᾳ
3350 1481 3466 1532 μου
3489 1479 3504 1495 ’
3529 1463 3626 1531 Μὴ
3661 1463 3937 1518 σαλευθῶ

2368 1551 2455 1613 εἰς
2482 1549 2586 1602 τὸν
2608 1549 2811 1605 αίῶνα.
2837 1551 2908 1603 Τδ
2928 1551 3096 1606 αἴτιον
3124 1553 3268 1622 λέγει
3285 1556 3384 1625 τῆς
3413 1555 3688 1620 πτώσεως.
3717 1558 3932 1629 Ἐπειδὴ

2374 1641 2535 1712 μέγα,
2561 1643 2746 1712 φησιν,
2779 1646 2835 1696 ἐν
2859 1647 2923 1714 τῇ
2958 1645 3224 1718 εὐημερίᾳ
3254 1648 3588 1718 πεφρόνηκα,
3618 1650 3809 1702 τούτου
3848 1651 3937 1720 χά-

2373 1747 2456 1800 ριν
2492 1733 2849 1803 τετάραγμαι.
2897 1735 3088 1803 Γέγονε
3134 1736 3192 1788 δέ
3247 1755 3336 1807 μοι
3386 1738 3562 1801 τοῦτο,
3604 1741 3666 1793 οὐ
3715 1741 3813 1793 σού
3869 1759 3933 1812 με

2373 1821 2846 1892 προσωθήσαντος,
2872 1824 3008 1878 ἀλλά
3036 1822 3473 1898 ἀποστρεψαντος
3505 1831 3663 1902 μόνον
3688 1831 3749 1885 τὸ
3770 1832 3936 1903 πρόσ-

703 1888 858 1944 cidit.
887 1889 1117 1956 Quando
1141 1893 1326 1960 igitur,
1363 1893 1467 1949 nisi
1503 1902 1593 1949 tua
1625 1894 1944 1954 fortitudine
1973 1900 2270 1956 innitamur

2371 1888 2538 1965 ωπον.
2578 1888 2791 1984 Ἐπειδὴ
2824 1913 3002 1967 τοίνυν
3033 1915 3162 1968 ἄνευ
3347 1888 3527 1989 ἰσχύος
3553 1921 3652 1992 τῆς
3685 1921 3786 1993 σῆς
3818 1888 3936 1976 οὐδὲ

703 1995 772 2036 ne
819 1982 1120 2038 consistere
1167 1984 1384 2052 quidem
1433 2001 1746 2055 possumus,
1790 1987 1897 2056 fac,
1931 1991 2177 2060 obsecro,
2215 2004 2272 2050 ut

701 2070 829 2124 dum
858 2079 1002 2126 tuam
1029 2071 1226 2142 impleo
1250 2075 1805 2143 voluntatem,decore
1829 2080 2066 2136 animam
2096 2098 2270 2138 meam

702 2163 941 2219 illustres
964 2162 1096 2234 (10).
1117 2164 1172 2218 ld
1202 2165 1304 2220 sibi
1329 2166 1500 2221 Adam
1527 2169 1580 2222 in
1601 2169 1857 2238 paradiso
1882 2172 2082 2242 degens
2106 2187 2275 2228 even-

703 2261 882 2312 turum
911 2257 1168 2324 speravit,
1195 2265 1484 2326 antequam
1514 2258 1568 2311 in
1595 2258 1840 2315 fraudem
1873 2261 2231 2318 deduceretur
2255 2283 2269 2320 :

701 2343 752 2397 i.l
788 2343 1052 2399 Ezechias
1096 2355 1381 2414 postquam
1415 2347 1696 2418 Assyrium
1738 2350 2028 2406 devicerat.
2070 2351 2137 2407 Et
2158 2354 2272 2409 haec

701 2444 886 2504 aperte
916 2435 1072 2490 docet
1109 2436 1243 2490 liber
1283 2437 1756 2507 Paralipomenon,
1791 2455 1915 2495 cum
1961 2443 2036 2496 ait
2062 2444 2270 2498 exalta-

703 2534 818 2579 tum
854 2524 1024 2581 l'uisse
1053 2541 1147 2581 cor
1181 2526 1424 2582 Ezechize
1457 2530 1601 2598 regis
1629 2530 1694 2582 °'.

767 2616 912 2672 9.Ad
945 2627 1012 2682 te,
1049 2615 1290 2685 Domine,
1324 2618 1655 2675 rlamabo....
1693 2620 1776 2675 10.
1805 2620 1938 2687 Qum
1971 2624 2176 2678 utilitas
2214 2626 2269 2678 in

700 2708 956 2776 sanguine
977 2724 1090 2761 meo
1111 2708 1237 2760 dum
1261 2711 1516 2764 descendo
1541 2711 1593 2764 in
1619 2715 2021 2780 corruptionem.
2046 2714 2264 2778 Precor,

699 2796 894 2866 inquit,
927 2797 1113 2852 reduci
1145 2813 1231 2850 me.
1264 2799 1329 2853 de
1356 2799 1498 2863 lacu,
1524 2801 1652 2870 quia
1675 2817 1778 2854 non
1804 2803 2140 2870 conﬁtebitur
2170 2806 2267 2858 tibi

697 2886 885 2956 pulvis.
920 2887 1074 2954 Quod
1106 2891 1148 2944 si
1180 2890 1512 2945 descendero
1553 2893 1605 2945 in
1637 2895 2062 2962 corruptionem,
2096 2913 2269 2967 neque

699 2978 833 3032 mihi
872 2994 1046 3048 neque
1097 2981 1218 3035 aliis
1270 2981 1379 3035 ulla
1421 2981 1524 3036 erit
1574 2983 1795 3038 utilitas.
1836 2983 1948 3054 Ego
1990 2997 2170 3041 autem
2204 3003 2266 3042 ea

701 3071 807 3124 vita
841 3071 1085 3140 privatus
1121 3087 1240 3126 sum
1275 3087 1397 3141 quae
1435 3074 1533 3127 abs
1585 3083 1634 3128 te
1683 3075 1993 3130 obtinetur:
2026 3077 2114 3131 alii
2141 3094 2267 3132 vero

699 3161 904 3215 nullam
933 3176 1029 3231 per
1059 3178 1144 3216 me
1174 3162 1402 3217 salutem
1440 3165 1581 3218 nacti
1615 3171 1762 3218 sunt.
1796 3165 1889 3218 Sin
1919 3182 2045 3220 vero
2078 3169 2267 3222 audie-

697 3252 776 3308 ris
807 3268 993 3307 vocem
1020 3269 1197 3308 meam
1229 3264 1282 3308 et
1310 3255 1646 3310 converteris
1674 3256 1874 3309 luctum
1906 3258 1958 3310 in
1987 3259 2266 3326 gaudium,

696 3354 859 3401 etme
889 3345 1074 3398 lattitia
1111 3345 1368 3410 cinxeris,
1399 3361 1506 3400 non
1547 3361 1710 3416 parva
1758 3349 1889 3402 mihi
1919 3353 2126 3406 eveniet
2164 3356 2268 3407 uti-

699 3434 1093 3488 titaszetenim
1143 3445 1427 3505 postquam
1479 3437 1768 3506 ptistinam
1814 3439 2039 3508 gloriam
2087 3457 2264 3496 meam

698 3540 1114 3595 recuperavero,
1157 3542 1281 3581 cum
1327 3542 1389 3581 ea
1427 3536 1478 3582 te
1517 3529 1783 3596 alloquar,
1813 3544 1920 3583 non
1954 3546 2075 3584 cum
2102 3548 2266 3602 prava

696 3618 1054 3673 conscientia.
1095 3615 1210 3672 [loc
1253 3617 1398 3672 enim
1451 3617 1724 3688 signiﬁcat
1767 3619 1920 3684 illud,
1957 3619 2077 3674 Non
2128 3638 2268 3674 com-

697 3726 922 3780 uungar.

768 3799 853 3856 12.
876 3797 1193 3854 Conscidisti
1227 3816 1437 3854 saccum
1463 3816 1655 3867 meum,
1682 3809 1732 3854 et
1763 3801 2157 3856 circumdedisti
2188 3819 2270 3856 me

695 3889 904 3945 latitia.
945 3887 1174 3943 Saccum
1207 3890 1338 3944 dicit
1367 3891 1573 3945 luctum
1597 3928 1612 3952 ,
1658 3890 1874 3958 quando
1904 3905 2022 3946 mos
2055 3901 2136 3946 est
2177 3892 2264 3946 lu-

696 3980 947 4049 gentibus
993 3981 1070 4033 uti
1107 3993 1288 4033 sacco.
1327 3978 1462 4034 Nam
1507 3995 1700 4035 saccus
1731 3981 1992 4035 malitiam
2025 3989 2078 4036 et
2109 3983 2265 4053 igno-

694 4070 926 4123 rantiam
958 4069 1223 4141 signiﬁcat
1244 4088 1256 4122 :
1278 4071 1538 4140 quoniam
1566 4086 1633 4125 ex
1660 4071 1935 4126 haedorum
1972 4073 2095 4142 pilis
2128 4088 2264 4128 con-

696 4160 822 4216 fecti
848 4171 976 4215 sunt
1002 4161 1170 4226 sacci,
1203 4162 1296 4231 qui
1336 4163 1472 4218 medi
1509 4165 1574 4217 ad
1611 4163 1893 4218 sinistram
1921 4165 2260 4231 consistunt;

694 4267 760 4306 ex
798 4251 922 4320 pilis
957 4252 1083 4304 item
1118 4251 1256 4304 hirci
1287 4251 1432 4305 illius
1462 4252 1752 4307 emissarii.

764 4339 831 4393 In
856 4340 1034 4408 ﬁnem,
1067 4337 1313 4392 PSALM
1322 4339 1409 4394 US
1436 4339 1627 4395 Davidi
1652 4357 1748 4410 pro
1765 4343 1992 4397 exstasi.
2025 4341 2207 4398 XXX.

1273 4431 1675 4501 Argumentum.
2126 4441 2142 4464 ί

694 4515 1018 4573 Prescmem
1057 4520 1205 4573 canit
1238 4522 1508 4588 psalmum
1554 4522 1710 4590 quasi
1752 4523 1958 4591 peccati
1993 4539 2157 4578 causa
2207 4524 2260 4577 in

762 4608 1082 4679 paenitentia
1113 4607 1290 4663 adhuc
1331 4618 1640 4664 versaretur
1669 4618 1722 4664 et
1755 4619 1970 4680 rogaret
2001 4611 2069 4664 ab
2099 4625 2163 4665 eo
2188 4610 2256 4663 li-

764 4700 962 4754 berari.
996 4699 1250 4766 Quinimo
1285 4710 1342 4755 ut
1367 4701 1478 4771 jam
1506 4702 1795 4757 exauditus
1829 4704 2033 4772 gratias
2060 4704 2169 4774 agit
2193 4718 2257 4757 ac

763 4805 886 4858 quat
923 4791 1025 4860 ipsi
1057 4792 1384 4861 paenitentiae
1413 4802 1654 4862 tempore
1701 4794 1975 4863 contigere
2020 4804 2204 4847 narrat
2237 4813 2250 4847 :

762 4882 894 4937 illud
924 4891 1101 4936 autem
1127 4923 1142 4947 ,
1175 4900 1270 4952 pro
1308 4886 1505 4937 exstasi
1525 4924 1539 4947 ,
1573 4885 1708 4938 nihil
1738 4885 1841 4938 nisi
1870 4895 2150 4955 peccatum
2179 4885 2255 4940 si-

760 4973 999 5044 gnitleat,
1032 4988 1140 5043 quo
1163 4976 1317 5043 quasi
1348 4990 1378 5028 a
1411 4989 1540 5029 sana
1572 4983 1750 5030 mente
1779 4977 1958 5030 anima
1986 4976 2249 5031 excessit:

763 5073 822 5118 ut
852 5080 957 5118 non
988 5065 1128 5119 ultra
1156 5080 1214 5120 se
1236 5077 1574 5136 assumptum
1608 5067 1673 5120 iri
1703 5078 1966 5135 speraret,
1987 5075 2041 5121 et
2071 5069 2249 5137 palam

761 5157 965 5212 diceret
990 5175 1002 5210 :
1031 5157 1139 5226 Ego
1169 5167 1340 5210 autem
1367 5159 1481 5212 dixi
1506 5160 1560 5211 in
1591 5173 1802 5212 excessu
1831 5173 1961 5224 meo,
1986 5159 2246 5228 projectus

761 5264 878 5300 sum
905 5264 937 5301 a
966 5247 1102 5317 facie
1131 5248 1402 5302 oculorum
1432 5258 1660 5303 tuorum.

757 5470 813 5538 2,
846 5470 900 5525 3.
941 5468 1006 5523 In
1038 5481 1105 5537 te,
1141 5469 1383 5534 Domine,
1418 5471 1686 5542 speravi...
1720 5468 1929 5524 Inclina
1953 5469 2022 5523 ad
2051 5485 2128 5522 me
2153 5485 2253 5522 au-

688 5579 795 5617 tem
824 5572 987 5617 tuam.
1017 5562 1243 5628 Quando
1274 5577 1382 5616 non
1413 5572 1585 5633 potest
1612 5564 1815 5618 clamor
1847 5574 2031 5618 noster
2061 5562 2115 5615 in
2158 5563 2237 5614 al-

754 5681 800 5712 “
827 5679 872 5733 ιι
899 5679 1129 5751 Paralip.
1164 5697 1337 5742 χχιιι,
1362 5680 1432 5735 23

2377 2002 2564 2070 στῆναι
2602 2003 2896 2074 δυνάμεθα,
2922 2004 2984 2058 τὸ
3013 2008 3104 2060 σὸν
3128 2008 3287 2062 πάλιν
3319 2011 3578 2064 ἐπιτελῶν
3607 2012 3840 2084 θέλημα,
3877 2017 3937 2068 τὸ

2374 2089 2567 2154 κάλλος
2617 2109 2716 2162 μου
2758 2095 2856 2164 τῆς
2899 2096 3074 2168 ψυχῆς
3123 2099 3445 2171 διαλάμπειν
3495 2104 3934 2174 παρασκεύασον.

2373 2180 2539 2234 Τοῦτο
2583 2183 2674 2236 καὶ
2702 2186 2731 2237 ὁ
2765 2185 2934 2256 Ἀδὰμ
2966 2187 3188 2256 ῆλπισεν
3221 2192 3313 2244 ἐπὶ
3349 2192 3443 2245 τοῦ
3473 2194 3800 2264 παραδείσου
3834 2212 3938 2266 προ

2370 2269 2467 2340 τῆς
2494 2271 2708 2343 ἀπάτης
2737 2272 3164 2345 πολιτευόμενος,
3193 2279 3287 2330 καὶ
3308 2279 3337 2330 δ
3369 2279 3613 2344 Ἑζεκίας
3637 2280 3936 2353 νενικηκὼς

2370 2360 2460 2413 τὸν
2494 2361 2790 2434 Ἀσσύριον,
2834 2365 2926 2418 καὶ
2953 2364 3189 2419 διδάσκει
3217 2367 3372 2421 τοῦτο
3401 2369 3585 2438 σαφῶς
3615 2369 3721 2424 τῶν
3753 2372 3937 2443 [lupa--

2370 2451 2699 2521 λειπομένων
2726 2456 2758 2525 ἡ
2794 2454 2991 2524 βίϐλος,
3021 2457 3295 2529 ὑψωθῆναι
3325 2459 3556 2530 λέγουσα
3584 2462 3683 2533 τὴν
3711 2463 3937 2536 καρδίαν

2383 2547 2617 2611 Ἐζεκίου
2646 2549 2737 2601 τοῦ
2770 2549 3046 2618 βασιλέως.

2439 2637 2594 2712 Πρὸς
2616 2638 2709 2702 σὲ,
2743 2642 2937 2708 Κύριε,
2967 2643 3433 2713 κεκράξομαι.....
3465 2646 3558 2711 Τίς
3589 2646 3847 2716 ὠφέλεια
3871 2648 3939 2701 ἐν

2369 2724 2447 2796 τῷ
2475 2729 2678 2798 αἵματι
2719 2748 2874 2799 μου,
2917 2732 2987 2785 ἐν
3035 2733 3114 2800 τῷ
3155 2737 3533 2790 καταϐαίνειν
3555 2754 3633 2806 με
3675 2741 3763 2804 εις
3817 2738 3938 2793 δια·

2368 2821 2634 2888 φθοράν;
2668 2822 2887 2892 Δέομαι,
2924 2825 3119 2895 φησὶν,
3148 2826 3440 2897 ἀναχθῆναι
3473 2829 3536 2881 ἐκ
3575 2829 3668 2882 τοῦ
3708 2829 3936 2894 λάκκον,

2367 2911 2549 2984 ἐπειδὴ
2575 2913 2673 2965 οὐκ
2695 2913 3138 2984 ἐξομολογεῖταί
3158 2931 3256 2970 σοι
3277 2917 3444 2986 χοῦς.
3477 2919 3563 2971 Ἑν
3591 2918 3647 2972 δὲ
3673 2919 3751 2989 τῷ
3776 2935 3938 2975 κατα·

2369 3002 2524 3072 ϐῆναί
2568 3020 2632 3073 με
2668 3004 2749 3066 είς
2792 3004 3082 3074 διαφθορὰν
3121 3005 3242 3059 οὔτε
3276 3009 3372 3077 μία
3419 3026 3500 3071 τις
3531 3009 3770 3078 ὠφέλεια
3813 3012 3935 3065 οετε

2369 3091 2511 3160 ἐμοὶ,
2543 3090 2664 3143 οὗτε
2703 3092 2926 3166 ἑτέροις.
2965 3093 3104 3161 Ἐγώ
3147 3112 3205 3146 τε
3245 3097 3351 3166 γὰρ
3388 3097 3804 3169 ἀπεστερούμην
3841 3102 3938 3169 τῆς

2369 3180 2518 3253 παρὰ
2562 3181 2654 3236 σοῦ
2695 3184 2870 3254 ζωῆς·
2908 3183 3056 3238 ἄλλοι
3106 3185 3162 3238 δὲ
3209 3187 3458 3258 οὐδαμῶς
3499 3188 3792 3259 ἐτύγχανον
3839 3191 3937 3261 τῆς

2369 3276 2497 3346 παρ’
2527 3275 2660 3344 ἐμοῦ
2712 3277 3002 3347 σωτηρίας.
3048 3277 3134 3330 Ἐν
3165 3277 3220 3329 δὲ
3257 3279 3333 3348 τῷ
3375 3279 3687 3333 εἰσακοῦσαί
3738 3297 3802 3333 σε
3837 3281 3937 3350 τῆς

2368 3367 2549 3437 φωνῆς
2568 3405 2582 3430 ,
2629 3367 2722 3419 καὶ
2770 3367 3091 3437 μεταϐαλεῖν
3130 3369 3219 3422 τὸν
3246 3371 3469 3423 κοπετὸν
3496 3372 3574 3436 εἰς
3603 3372 3810 3442 χαρὰν,
3843 3372 3937 3428 καὶ

2367 3455 2666 3527 περιζῶσαί
2701 3475 2767 3527 με
2815 3458 3169 3529 εὐφροσύνην,
3201 3460 3298 3528 ούχ
3328 3461 3360 3528 ὴ
3393 3462 3629 3529 τυχοῦσά
3660 3478 3748 3530 μοι
3776 3463 3936 3536 γενή-

2369 3561 2519 3598 σεται
2562 3546 2818 3615 ὠφέλεια.
2868 3545 3172 3599 Ἀπολαδὼν
3204 3548 3309 3618 γὰρ
3339 3546 3434 3618 τὴν
3466 3548 3732 3618 προτέραν
3764 3549 3936 3618 ἐμαυ-

2365 3634 2458 3689 τοῦ
2482 3635 2659 3702 δόξαν,
2686 3637 2753 3692 δι’
2782 3638 2952 3709 αὐτῆς
2983 3655 3064 3691 σοι
3092 3638 3254 3701 λαλῶ,
3285 3641 3345 3692 οὐ
3381 3640 3517 3710 μετά
3547 3655 3690 3703 τινος
3721 3640 3934 3710 φαύλης

2368 3729 2718 3801 συνειδήσεως
2739 3747 2752 3760 ·
2775 3731 2931 3783 τοῦτο
2956 3731 3064 3803 γὰρ
3087 3731 3236 3802 δηλοῖ
3263 3732 3323 3784 τό
3344 3750 3356 3762 ο
3389 3734 3470 3786 οὺ
3485 3732 3569 3801 μὴ
3593 3731 3929 3802 natast-vrri».

2435 3819 2752 3887 Διέρῤηξας
2790 3821 2897 3873 τὸν
2924 3819 3157 3875 σάκκον
3178 3838 3296 3890 μου
3315 3861 3330 3884 ,
3358 3821 3452 3874 καὶ
3480 3821 3838 3890 περιέζωσάς
3858 3838 3934 3890 με

2368 3909 2772 3976 εὐφροσύνην.
2809 3910 3016 3962 Σάκκον
3062 3918 3181 3963 εἰπε
3225 3910 3285 3963 τὸ
3329 3910 3548 3976 πένθος,
3591 3911 3775 3981 ἐπειδὴ
3811 3911 3932 3975 ἔθος

2365 4001 2474 4063 τοῖς
2502 4002 2559 4052 ὲν
2583 3998 2768 4052 πένθει
2801 4000 2893 4053 καὶ
2923 4001 3108 4072 σάκκῳ
3135 4002 3452 4073 κεχρῆσθαι.
3501 4003 3556 4056 Ὀ
3589 4002 3696 4073 γὰρ
3727 4003 3931 4066 σάκκος

2365 4091 2559 4144 κακίαν
2594 4093 2686 4144 καὶ
2734 4091 3004 4160 ἀγνωσίαν
3051 4094 3334 4164 σημαίνειο
3384 4095 3571 4165 ἐπειδὴ
3608 4095 3700 4149 καὶ
3740 4095 3930 4166 τρίχες

2363 4181 2470 4234 τῶν
2517 4183 2719 4251 ἐρίφων
2766 4185 2872 4236 εἰσὶ
2907 4183 3014 4237 τῶν
3060 4186 3356 4254 ἱσταμένων
3394 4184 3454 4250 ἐξ
3484 4186 3799 4257 εὐωνύμων,
3835 4187 3931 4240 καί

2361 4264 2454 4317 τοῦ
2483 4267 2866 4337 ἀποπομπαίου
2900 4287 2954 4338 χι
2961 4269 3155 4340 μάρου.

2363 4360 2467 4424 Εἰς
2493 4358 2559 4412 τὸ
2588 4359 2760 4425 τέλος
2801 4363 3104 4417 ΨΑΛΜΟΣ
3135 4361 3212 4429 τῷ
3246 4364 3425 4418 Δαυΐό
3451 4366 3810 4433 ἐκστάσεως.
3844 4367 3924 4422 Λ’.

2985 4454 3306 4522 Ὺπόθεσις.

2293 4554 2337 4609 ι)
2367 4540 2518 4592 Ἀδει
2549 4542 2640 4595 τὸν
2669 4543 3020 4614 προκείμενον
3041 4546 3250 4618 ψαλμὸν
3279 4548 3353 4611 ὡς
3385 4548 3463 4600 ἔτι
3488 4550 3544 4602 ἐν
3566 4553 3630 4621 τῇ
3663 4551 3926 4620 μετανοίσ

2432 4632 2498 4700 τῇ
2525 4629 2613 4684 διὰ
2640 4633 2738 4703 τὴν
2767 4633 3034 4704 ἁμαρτίαν
3060 4634 3154 4701 ῶν,
3189 4637 3281 4689 καὶ
3312 4637 3474 4704 ἀξιῶν
3501 4640 3668 4710 αὐτῆς
3702 4638 3923 4693 ἐλευθε-

2435 4719 2692 4791 ρωθῆναι.
2726 4724 2799 4774 Ob
2832 4725 2938 4794 μὴν
2975 4725 3109 4778 ἀλλὰ
3133 4730 3224 4781 καὶ
3251 4728 3326 4793 ὡς
3353 4729 3453 4799 ήδη
3500 4731 3923 4800 είσηκουσμένος

2432 4809 2782 4880 εὐχαριστίαν
2829 4813 3118 4885 ἀναφέρειο
3151 4817 3244 4869 καὶ⁵
3276 4816 3381 4887 μὴν
3419 4820 3512 4870 καὶ
3544 4817 3613 4871 τὰ
3638 4817 3924 4888 συμϐάντα

2429 4897 2578 4965 αὐτῷ
2600 4900 2655 4950 ἐν
2679 4897 2756 4967 τῷ
2786 4900 2886 4970 τῆς
2910 4903 3194 4970 μετανοίας
3226 4904 3399 4976 καιρῷ
3423 4905 3705 4976 διηγεῖται.
3731 4906 3808 4961 Τὸ
3837 4908 3918 4973 δὲ,

2428 4987 2797 5055 ἐκστάσεως,
2845 4992 2996 5046 οὐδὲν
3028 4993 3210 5066 ἕτερον
3240 4997 3272 5067 ἢ
3315 4998 3482 5068 αἰτὴν
3515 4998 3611 5070 τὴν
3643 5000 3918 5071 ἁμαρτίαν

2429 5082 2558 5151 ἡμῖν
2594 5086 3008 5155 κατασημαίνει,
3043 5089 3109 5141 δι’
3143 5091 3208 5163 ἣν
3240 5091 3424 5162 ῶσπερ
3457 5093 3673 5162 ἀγαθῶν
3704 5097 3917 5167 φρενῶν

2425 5168 2671 5234 ἐξίστατο
2697 5176 2730 5243 ἡ
2761 5176 2922 5247 ψυχή·
2952 5178 3044 5229 καὶ
3078 5178 3154 5243 ὡς
3182 5180 3254 5251 μὴ
3281 5181 3516 5246 ἐλπίζειν
3549 5183 3628 5235 ἐτι
3654 5182 3750 5255 τὴν
3777 5184 3913 5238 ἀνά-

2421 5261 2613 5331 ληψιν,
2649 5265 2874 5332 φάσκειν
2918 5285 2976 5320 τε
3021 5270 3235 5338 σαφῶς·
3273 5271 3410 5342 Ἐγὼ
3451 5271 3519 5327 δὲ
3556 5270 3693 5328 εἶπα
3733 5275 3910 5345 ἕκτῇ

2422 5354 2705 5411 ἐκστάσει
2731 5376 2871 5427 μουο
2915 5360 3276 5436 Ἂπέῤῥιμμαι
3301 5365 3412 5433 ἄρα
3441 5366 3558 5421 ἀπὸ
3585 5369 3911 5436 προσώπου

2424 5448 2540 5501 τῶν
2565 5451 2888 5522 ὀφθαλμῶν
2912 5472 3046 5512 σου.

2434 5563 2554 5615 Ἐπὶ
2613 5567 2746 5632 σοὶ,
2791 5571 2993 5638 Κύριε,
3041 5571 3269 5639 ἤλπισα
3329 5613 3340 5625 .
3387 5612 3398 5624 .
3447 5613 3458 5624 .
3505 5613 3516 5624 .
3564 5613 3574 5624 .
3621 5613 3631 5624 .
3686 5573 3914 5630 κλῖνον

752 5797 861 5868 (l0)
904 5796 1023 5854 "me
1057 5800 1194 5870 apud
1245 5797 1519 5855 Danielcm
1580 5796 1874 5855 Barbarum
1922 5796 2247 5853 Theodoreti
2281 5811 2398 5851 esse
2441 5793 2705 5854 feruntur.
