4122 6496
173 437 267 495 157

1258 445 1617 502 EXPOSITIO
1655 443 1719 499 IN
1759 443 1908 499 PSA!
1934 447 2084 503 MUM
2124 449 2289 509 XXX.

3289 453 3392 511 158

173 580 313 647 πρός
353 595 434 648 με
481 580 551 633 τὸ
601 575 709 646 οὖς
754 595 888 635 σου.
929 581 1078 634 Ἱίπελ⁵
1105 580 1181 652 μὴ
1216 582 1402 650 φθάνει
1427 583 1461 652 ἡ
1499 581 1737 652 ἡμετέρα

1845 571 1952 616 tum
1983 565 2284 633 pertingere
2306 605 2322 627 ,
2362 564 2557 620 inclina
2595 580 2778 621 aurem
2812 574 2957 621 tuam
2990 566 3055 620 ad
3083 580 3190 633 me,
3226 576 3276 623 te
3309 577 3393 623 at-

174 669 375 740 κραυγὴ
408 670 490 733 εις
534 669 597 722 τὺ
645 669 810 738 ὕψος,
856 670 1031 723 κλῖνον
1077 670 1137 722 τὸ
1181 667 1272 733 οὖς
1321 686 1414 722 σου
1447 669 1582 740 πρὸς
1614 667 1733 739 ἐμὲ,

172 760 253 812 διὰ
279 759 372 812 τοῦ
409 760 865 827 συγκαταϐαίνειν
895 777 1002 830 μοι.

248 849 513 915 ,Εξὰξεις
567 866 644 918 με
687 850 753 902 ἐκ
801 849 1049 920 παγίδος
1084 849 1303 915 ταύτης
1341 842 1416 916 ἧς
1465 844 1738 914 ἐκρυψάν

169 955 280 1006 μοι.
330 939 791 1008 Ἐφεδρεύσαντες
827 938 935 1010 γὰρ
966 937 1126 992 αὑτοῦ
1155 939 1252 1008 τὴν
1289 937 1486 1008 ψυχὴν,
1522 935 1738 990 συνελά-

175 1028 318 1081 6οντο
352 1029 542 1082 αὐτόν.
596 1030 684 1082 Ἐν
715 1030 852 1092 τίνις
885 1031 940 1081 ἐν
962 1031 1027 1099 τῇ
1057 1028 1317 1099 ἁμαρτία.

253 1117 604 1184 ἐλυτιῖώσω
631 1133 742 1186 με,
773 1118 981 1184 Κύριε,
1026 1119 1058 1168 ό
1104 1115 1246 1180 Θεὸς
1282 1113 1392 1183 τῆς
1431 1115 1733 1183 ἀληθείας.

185 1207 266 1270 Ὠς
288 1206 386 1277 ήδη
417 1206 799 1269 εἰσακουσθεὶς
823 1205 1046 1259 τοιαῦτά
1071 1223 1252 1277 φησιν.

249 1298 581 1365 ἐμίσησας
613 1297 754 1362 τοὺς
789 1296 1324 1366 διαφυλάσσοντας
1346 1300 1740 1366 ματαιότητας

175 1384 472 1453 διακενῆς.
521 1385 906 1457 Ματαιὸτητάς
971 1401 1101 1455 φησι
1168 1384 1261 1438 τοῦ
1311 1387 1573 1457 παρόντος
1626 1387 1737 1456 βίου

176 1478 290 1538 τοὺς
313 1476 762 1548 περισπασμούς
791 1475 882 1539 οὓς
910 1477 1002 1531 καὶ
1028 1474 1379 1547 ἐργαζόμενοι
1408 1478 1740 1547 ματαιότητα

178 1569 455 1641 πονοῦμεν.
484 1571 802 1641 Παρέπεται
842 1569 937 1630 τὸ,
971 1567 1271 1637 διακενῆς,
1311 1567 1390 1638 τῷ
1419 1569 1740 1638 φυλάσσοντι

180 1662 566 1732 ματαιότητας.

253 1752 737 1822 Ἀταλλιάσομαι,
767 1753 862 1806 καὶ
890 1753 1398 1822 εὐφρανθήσομαι.
1426 1752 1613 1822 Λύτιην
1645 1752 1740 1805 καὶ

176 1844 239 1898 τὰ
269 1843 429 1898 λοιπά
464 1843 619 1914 πάθη
651 1846 1058 1916 καταπατήσας.

239 1935 344 1989 Kal
366 1936 439 1987 οὐ
465 1933 880 1999 συνέκλεισάς
901 1951 978 2002 με
1000 1937 1087 2000 εις
1112 1935 1313 2004 χεῖρας
1336 1930 1580 2001 ἐχθρῶν.
1600 1932 1741 1984 Ἀντὶ

176 2026 282 2090 τοῦ,
308 2029 366 2080 οὐ
398 2025 816 2096 παραδέδωκας.
847 2026 1148 2092 ἐστησας
1174 2026 1244 2079 ἐν
1270 2022 1580 2093 εὐρυχώρῳ
1603 2022 1742 2087 τοὺς

177 2119 356 2182 ,τόδας
379 2135 528 2186 μου.
574 2115 909 2180 Ἀπαλλάξας
944 2132 1009 2187 με
1042 2115 1290 2187 θλίψεως,
1325 2115 1660 2185 κατέστησας
1687 2117 1743 2166 ὲν

179 2211 352 2264 ἀνέσει
387 2211 484 2263 καὶ
518 2207 851 2279 εὐρυχωρίᾳ.

251 2300 585 2369 Ἐταράχθη
631 2300 702 2352 ἐν
732 2298 895 2368 θυμῷ
944 2302 976 2353 ό
1004 2299 1307 2368 ὀφθαλμός
1341 2316 1481 2366 μου,
1508 2298 1545 2366 ἡ
1574 2296 1742 2366 ψυχή

172 2411 282 2462 μου
315 2394 414 2448 καὶ
460 2395 500 2461 ἡ
537 2392 769 2460 γαστήρ
791 2409 930 2461 μου.
959 2393 1167 2462 Ὥσπερ
1200 2389 1472 2460 ὀφθαλμὸν
1499 2390 1589 2442 τὸν
1620 2389 1742 2443 νοῦν

176 2485 269 2553 τῆς
310 2484 490 2554 ψυχῆς
526 2499 712 2554 φησιν,
744 2481 884 2535 οὕτω
923 2484 1016 2535 καὶ
1069 2481 1310 2552 γαστέρα
1351 2482 1484 2551 φησι
1514 2482 1611 2550 τῆς
1643 2479 1744 2548 ψυ-

178 2575 270 2643 χῆς
299 2575 399 2644 τὴν
430 2574 678 2644 μνήμην·
714 2574 770 2625 ἐν
864 2571 1052 2643 ὥσπερ
1086 2573 1142 2626 έν
1172 2571 1369 2642 γαστρὶ
1399 2571 1496 2634 τὰς
1523 2569 1744 2638 λογικὰς

179 2665 544 2736 ἀποτιθέμεθα
577 2665 800 2736 τροφάς.
842 2666 902 2719 Ἠ
939 2665 1108 2734 ψυχή
1143 2683 1262 2736 μου
1308 2665 1406 2718 καὶ
1445 2666 1483 2731 η
1517 2663 1744 2733 γαστήρ

172 2775 302 2824 μου.
342 2757 659 2826 Ἀπέστησα
690 2757 780 2812 τὸν
812 2755 1088 2826 ὀφθαλμόν
1117 2775 1214 2828 μου
1239 2756 1344 2810 ἀπὸ
1365 2754 1458 2808 τοῦ
1483 2753 1612 2807 λαοῦ
1637 2753 1743 2805 τῶν

189 2847 448 2900 Ἰουδαίων
482 2848 545 2900 έν
578 2845 732 2917 θυμῷ
756 2847 850 2898 καὶ
880 2849 1014 2917 ὀργῇ
1042 2849 1270 2918 μεγάλῃ.

243 2939 361 2992 Ὅτι
384 2938 674 3003 ἐξέλιπεν
697 2939 763 2990 ὲν
791 2937 977 3004 ὀδύνῃ
1007 2939 1045 3006 η
1080 2937 1188 3004 ζωή
1226 2954 1366 3006 μου.
1397 2937 1469 2990 Τὸ
1499 2938 1748 2990 ἐπιτετα-

183 3029 333 3097 μένον
364 3029 467 3098 τῆς
508 3027 748 3090 διανοίας
779 3027 947 3098 δηλοῖ.
975 3028 1083 3081 Kal
1112 3029 1182 3082 τὰ
1212 3030 1315 3097 ἐτη
1338 3047 1456 3099 μου
1496 3029 1566 3082 ὲν
1605 3045 1741 3082 στε-

179 3121 437 3193 ναγμοῖς.
459 3121 769 3184 Διετέλεσα,
816 3121 970 3191 φησι.
996 3120 1261 3184 στενάζων
1282 3123 1388 3175 ἀπὸ
1411 3122 1518 3174 τῶν
1535 3121 1740 3174 κακῶν.

1839 657 2178 726 temperando
2212 658 2363 711 mihi.

1906 839 1960 892 5.
2003 836 2206 891 Educes
2246 853 2324 890 me
2357 837 2420 890 de
2462 837 2647 908 laqueo
2690 838 2784 892 hoc
2817 855 2968 908 quem
3009 840 3389 893 absconderant

1839 931 1986 985 mihi.
2013 929 2232 984 lnsidiis
2263 927 2409 983 enim
2435 928 2553 995 ejus
2588 929 2784 984 animae
2810 930 3012 998 paratis
3039 932 3393 1000 comprehen-

1837 1024 2030 1079 derunt
2057 1039 2216 1089 eum;
2248 1023 2303 1076 in
2335 1023 2480 1092 quo?
2511 1021 2563 1074 in
2595 1031 2834 1089 peccato.

1909 1117 1961 1170 6.
2003 1113 2284 1168 Redemisti
2329 1129 2429 1178 me,
2479 1111 2718 1176 Domine,
2763 1111 2903 1165 Deus
2935 1114 3192 1168 veritatis.
3226 1113 3392 1178 Quasi

1835 1206 1946 1276 jam
1974 1207 2304 1274 postulatum
2329 1207 2648 1274 impetrarit,
2674 1207 2776 1261 hoc
2809 1206 2906 1259 ait.

1909 1298 1961 1350 7.
2007 1296 2180 1352 Odisti
2209 1299 2537 1352 observantes
2567 1298 2821 1350 vanitates
2853 1310 3231 1362 supervacue...
3284 1290 3392 1346 Va-

1841 1392 2035 1446 nitates
2064 1389 2299 1460 appellat
2321 1390 2481 1459 hujus
2504 1390 2628 1443 vita:
2652 1389 3056 1453 distractioues,
3086 1386 3283 1455 quibus
3305 1402 3396 1436 va-

1842 1495 2026 1541 cantes
2069 1486 2121 1537 in
2165 1499 2361 1537 vanum
2414 1484 2744 1537 laboramus.
2796 1479 3174 1548 Subsequitur,
3216 1493 3396 1546 super-

1840 1595 2019 1643 vacue,
2048 1578 2113 1633 de
2142 1592 2207 1632 eo
2237 1578 2445 1632 scilicet
2472 1576 2566 1646 qui
2597 1575 2852 1630 observat
2880 1572 3166 1625 vanitates.

1910 1755 1964 1810 8.
2021 1753 2309 1809 Exsultabo
2358 1764 2406 1808 et
2458 1752 2697 1808 laztabor.
2748 1749 2996 1806 Dolorem
3052 1760 3109 1804 et
3159 1748 3396 1818 reliquos

1841 1849 2006 1902 animi
2043 1857 2221 1902 motus
2251 1847 2596 1901 conculcans.

1911 1939 1964 1994 9.
2008 1937 2119 1992 Nec
2149 1938 2457 1992 conclusisti
2491 1954 2569 1990 me
2596 1939 2650 1990 in
2681 1935 2920 1989 manibus
2966 1930 3205 1995 inimici,
3238 1928 3399 1999 quasi

1840 2033 2003 2096 dicat,
2039 2046 2146 2086 non
2187 2029 2478 2084 tradidisti.
2512 2027 2765 2082 Statuisti
2798 2029 2853 2080 in
2888 2027 3002 2080 loco
3035 2023 3269 2093 spatioso
3307 2038 3400 2090 pe-

1841 2126 1930 2178 des
1965 2139 2146 2177 meos:
2176 2131 2458 2192 postquam
2490 2119 2727 2175 liberaSIi
2760 2133 2844 2172 me
2880 2117 2947 2171 ab
2977 2129 3178 2184 angore
3207 2113 3398 2179 animi,

1843 2215 2082 2270 statuisti
2109 2213 2161 2266 in
2191 2211 2543 2281 tranquillum
2568 2220 2621 2265 et
2650 2208 2930 2279 paciﬁcum
2962 2215 3187 2260 statum.

1913 2304 2269 2359 Conturbatus
2296 2312 2372 2356 est
2405 2304 2460 2355 in
2486 2304 2569 2354 ira
2603 2300 2782 2354 oculus
2817 2315 2979 2364 meus,
3006 2298 3183 2350 anima
3206 2311 3319 2348 mea
3350 2302 3402 2346 et

1843 2407 2013 2453 venter
2050 2413 2213 2450 meus.
2250 2394 2401 2449 Sicut
2440 2402 2671 2446 mentem
2703 2407 2801 2445 cett
2833 2391 3027 2444 anima!
3052 2385 3296 2448 oculum,
3327 2384 3399 2436 ita

1842 2503 1896 2546 et
1925 2490 2240 2545 memoriam
2263 2497 2510 2543 ventrem
2544 2484 2739 2539 animaa
2769 2482 2930 2535 habet
2958 2499 2970 2534 :
3008 2479 3060 2532 in
3091 2492 3198 2547 qua
3221 2491 3316 2531 ceu
3345 2475 3401 2529 in

1845 2593 2034 2640 ventre
2068 2582 2420 2639 rationabiles
2454 2580 2606 2635 cibos
2639 2576 2978 2646 deponimus.
3020 2571 3171 2624 Alius
3217 2570 3398 2623 codex.

1845 2677 2033 2730 Anima
2066 2693 2180 2728 mea
2213 2684 2260 2728 et
2295 2683 2467 2727 venter
2497 2687 2657 2725 meus.
2698 2668 2875 2722 Averti
2911 2665 3126 2720 oculum
3163 2675 3340 2716 meum
3371 2675 3400 2713 α

1843 2769 2069 2825 Judaico
2098 2768 2297 2838 populo
2325 2767 2379 2819 in
2411 2765 2594 2819 furore
2615 2771 2668 2819 et
2699 2762 2750 2815 in
2779 2761 2858 2814 ira
2888 2772 3101 2826 magna.

1918 2948 2003 3002 10.
2033 2947 2294 3013 Quoniam
2321 2945 2507 3015 defecit
2541 2945 2591 2997 in
2626 2941 2802 2995 dolore
2833 2939 2940 2994 vita
2973 2953 3106 2990 mea.
3137 2939 3399 2988 Intentum

1845 3041 1996 3094 valde
2049 3040 2292 3093 animum
2326 3038 2548 3092 iudicat.
2584 3036 2649 3090 Et
2682 3049 2845 3089 annos
2879 3047 3015 3084 meos
3041 3029 3095 3081 in
3129 3023 3403 3096 gemitibus

1846 3129 2078 3198 transegi
2110 3144 2330 3198 gemens
2362 3129 2432 3182 ob
2471 3128 2738 3180 malorum
2783 3120 3197 3177 vehementiam.
3242 3113 3405 3184 Inﬁr-

191 3215 556 3280 Ὴσθένησεν
605 3214 674 3265 ἐν
723 3213 980 3281 πτωχείᾳ
1014 3213 1052 3278 ἠ
1100 3215 1276 3280 ἰσχύς
1308 3231 1444 3282 μου.
1493 3211 1742 3281 Πτωχεύ-

1849 3231 1990 3274 mata
2034 3234 2110 3275 est
2142 3223 2192 3274 in
2222 3228 2526 3290 paupertate
2550 3219 2716 3271 virtus
2748 3230 2881 3268 mea.
2906 3213 3038 3269 Cum
3070 3220 3221 3265 tuum
3251 3209 3406 3262 auxi-

181 3320 291 3367 σας,
321 3304 478 3376 φησὶ,
517 3303 618 3373 τῆς
645 3301 795 3372 παρά
823 3301 916 3353 σοῦ
953 3301 1197 3370 βοηθείας
1218 3301 1302 3352 διὰ
1328 3300 1422 3371 τὴν
1453 3300 1742 3370 ἁμαρτίαν,

181 3395 465 3466 ἠσθένησα.
503 3395 612 3448 Kal
656 3394 727 3447 τὰ
772 3390 924 3446 ὀστᾶ
953 3410 1072 3461 μου
1110 3392 1544 3462 ἐταράχθησαν.
1588 3393 1748 3446 Ὀστᾶ

180 3489 269 3552 τὰς
289 3490 388 3559 τῆς
413 3488 600 3559 ψυχῆς
625 3487 882 3557 δυνάμεις
910 3487 1092 3558 φησίν.

247 3579 389 3650 [Ὅτι
428 3578 716 3642 ἐξέλιπεν
747 3578 814 3631 ὲν
843 3577 1026 3646 ὀδύνῃ
1073 3579 1111 3645 ἠ
1146 3577 1254 3645 ζωή
1279 3595 1417 3647 μου.
1463 3578 1524 3631 Ἥ
1551 3577 1742 3640 ἔνδεια,

182 3670 324 3739 φησι,
377 3669 488 3723 τῶν
532 3669 840 3738 ἀναγκαίων
870 3669 1128 3741 κατέτηξέ
1163 3686 1264 3738 μου
1293 3669 1353 3721 τὸ
1397 3669 1573 3738 σῶμα,
1607 3670 1686 3721 ὅτι
1718 3670 1746 3720 ό

183 3761 326 3828 Σιφεὶ
355 3762 449 3815 καὶ
494 3763 525 3814 ό
570 3761 824 3832 Βερσελεὶ
856 3762 1088 3832 ἧνεγκαν
1115 3759 1192 3830 τῷ
1217 3759 1378 3814 Δαυῒδ
1418 3759 1620 3830 πυροὺς
1653 3759 1744 3811 καὶ

182 3851 384 3921 κριθὰς,
408 3852 504 3906 καὶ
531 3850 750 3921 ἄλευρα,
780 3850 871 3904 καὶ
894 3850 1122 3922 κύαμον,
1149 3852 1242 3905 καὶ
1269 3851 1458 3921 φάκον,
1488 3849 1578 3902 καὶ
1601 3847 1740 3920 μέλι,

183 3942 270 3994 καὶ
313 3944 478 4014 ἕτερά
526 3955 680 3994 τινα·
727 3943 823 3995 καὶ
866 3943 1131 4014 τάπητας,
1160 3944 1252 3996 καὶ
1286 3941 1612 4015 στρώματα·
1653 3941 1745 3994 καὶ

184 4036 559 4106 προσήνεγκαν
603 4034 680 4105 τῷ
728 4033 839 4105 λαῷ
884 4035 1077 4100 ταῦτα,
1108 4036 1201 4088 καὶ
1248 4033 1346 4097 τὰς
1381 4033 1620 4104 τροφάς·
1663 4032 1743 4084 ὅτι

183 4126 353 4196 ελεγον
385 4127 480 4180 τὸν
533 4125 661 4179 λαὸν
708 4127 916 4196 πεινᾷν,
954 4127 1048 4178 καὶ
1092 4124 1407 4178 ἐκλελύσθαι
1446 4123 1745 4194 διψήσαντα

183 4218 236 4270 ἐν
261 4221 324 4289 τῇ
355 4215 600 4290 ἐρήμῳ-1

246 4310 408 4376 Παρὰ
436 4308 672 4372 πάντας
700 4309 836 4374 τοὺς
863 4309 1112 4377 ἐχθρούς
1133 4325 1250 4377 μου
1276 4307 1565 4375 ἐγενήθην
1591 4307 1744 4361 ὄνει-

182 4398 296 4463 δος.
331 4398 572 4471 [Νεκρὸς
604 4399 702 4468 μὲν
735 4399 842 4452 ἀπὸ
874 4399 1098 4471 καρδίας
1139 4399 1287 4452 ἐστὶν
1322 4401 1352 4451 ό
1387 4401 1744 4470 ἐστερημένος

182 4490 424 4563 tipatam]
476 4491 591 4544 Καὶ
630 4493 678 4542 οἱ
715 4489 896 4562 ἐχθροί
940 4509 1060 4560 μου,
1105 4490 1287 4561 φησιν,
1332 4489 1603 4554 ὠνείδιζόν
1651 4508 1738 4562 με,

184 4581 269 4633 καὶ
298 4582 345 4633 οἱ
376 4581 613 4649 γνωστοξ
649 4599 746 4650 μου
774 4581 1060 4650 ὲφοὸοὖντό
1089 4600 1185 4652 με,
1223 4581 1314 4636 καὶ⁸
1338 4584 1386 4635 οἱ
1420 4581 1744 4654 Θεωροῦντες

184 4673 483 4742 ἀπέφευγον
536 4671 625 4724 διά
675 4673 770 4743 τὴν
825 4673 1124 4744 ὑπερϐολὴν
1168 4669 1236 4745 ἦς
1285 4675 1745 4746 ὑπερεδεικνύμην

187 4765 489 4831 μετανοίας·
525 4764 708 4834 σάκκῳ
729 4765 786 4817 δὲ
815 4766 906 4817 καὶ
936 4765 1114 4835 σποδῴ
1146 4767 1629 4836 κατατρυχὸμενος,
1653 4769 1747 4821 καὶ

183 4855 383 4926 ἡμέρας
421 4856 523 4909 καὶ
568 4857 757 4920 νυκτὸς
791 4857 1010 4910 κλαίων.
1049 4858 1140 4911 Διὸ
1177 4858 1270 4910 καὶ
1316 4860 1620 4928 φευγόντων
1645 4861 1744 4913 αύ-

183 4943 302 5008 τῶν,
332 4945 389 4997 ἐν
422 4943 568 5017 λήθῃ
601 4952 919 5015 γεγένημαι,
969 4946 1156 5017 ὥσπερ
1201 4948 1389 5019 ἀμέλει
1425 4950 1518 5001 καὶ
1556 4951 1746 5022 νεκρὸς

184 5032 387 5087 ἐδόκουν
435 5034 623 5088 σκεύει
668 5035 898 5088 ἐοικέναι
954 5038 1270 5093 ἀπολωλότι.
1321 5039 1393 5091 Τὸ
1446 5040 1532 5102 δὲ,
1591 5041 1749 5108 παρὰ

187 5123 424 5192 πάντας,
458 5127 564 5195 οὐχ
591 5125 730 5197 ὑπὲρ
764 5125 967 5191 πάντας
997 5131 1167 5182 εἰπεῖν
1197 5130 1463 5200 βούλεται,
1495 5131 1605 5184 ἀλλ’
1629 5133 1748 5185 ἀντὶ

186 5212 290 5276 τοῦ,
313 5215 467 5287 παρά
488 5215 719 5278 πάνταςο
750 5215 1022 5270 τουτέστιν
1055 5218 1203 5288 παρά
1229 5220 1336 5272 τῶν
1367 5221 1573 5292 ἐχθρῶν
1595 5222 1749 5274 ὠνει-

187 5302 377 5374 δίσθην.
406 5304 568 5358 Οὕτω
594 5306 703 5376 γάρ
732 5306 876 5376 λέγει
909 5310 1001 5361 καὶ
1039 5311 1285 5374 Ἀκύλας*
1318 5313 1482 5381 Παρὰ
1508 5313 1749 5368 πάντων

185 5391 294 5450 τῶν
316 5396 550 5465 ἐχθρῶν
577 5413 696 5466 μου
724 5398 1020 5468 ἐγενήθην
1044 5400 1291 5468 ὄνειδος.

249 5486 366 5541 Ὀτι
391 5488 633 5556 ἥκουσα
671 5492 864 5560 ψόγον
895 5492 1140 5546 πολλῶν
1163 5496 1602 5563 παροικούντων
1633 5516 1740 5552 κιο-

187 5577 409 5632 κλόθεν.
447 5578 634 5646 Ψόγον
675 5580 774 5651 τὴν
824 5581 1113 5654 έπιῦουλήν
1147 5601 1326 5654 φησιν.
1355 5585 1514 5655 Λέγει
1547 5588 1636 5655 δὲ,
1665 5590 1739 5653 ὠς

187 5667 232 5718 οἱ
259 5668 435 5740 ἐχθροὶ
466 5671 730 5724 ἐκύκλουν
755 5674 1205 5740 ἐπιϐουλεύοντες.
1251 5679 1360 5732 Τοῦ
1391 5680 1598 5733 ,λαϐεῖν
1629 5680 1742 5746 τὴν

189 5759 384 5825 ψυχήν
410 5780 531 5830 μου
576 5764 1035 5823 ἐϐουλεύσαντο.
1078 5771 1214 5840 Ἐγὼ
1254 5772 1318 5825 δὲ
1351 5773 1445 5825 ἐπὶ
1475 5774 1596 5839 ro},
1632 5776 1742 5830 Κύα

253 5851 294 5882 ⁸⁸
331 5852 372 5906 ιι
407 5852 534 5925 Reg.
573 5872 684 5913 xvi.
722 5858 831 5912 1-4.

1848 3316 1980 3368 lium
2011 3314 2407 3369 emendicarem
2436 3318 2656 3380 pr0pter
2690 3317 2907 3378 peccata
2939 3320 3078 3371 mea,
3098 3302 3410 3364 infirmatus

1847 3425 1984 3466 sum.
2023 3407 2091 3461 Et
2120 3423 2238 3459 ossa
2270 3421 2382 3457 mea
2411 3403 2722 3455 conturbata
2748 3409 2890 3454 sunt.
2934 3396 3068 3452 Ossa
3103 3398 3296 3452 anima:
3327 3397 3407 3451 ia-

1845 3505 2076 3558 enltates
2103 3497 2355 3567 appellat.

1915 3592 2202 3665 [Quoniam
2231 3589 2414 3657 defecit
2448 3588 2501 3642 in
2532 3585 2711 3640 dolore
2742 3585 2850 3638 vita
2888 3600 3023 3637 mea.
3053 3582 3252 3636 lterum
3272 3621 3285 3647 ,
3323 3580 3406 3634 ἰη-

1845 3686 1961 3755 quit
1978 3686 2041 3748 “,
2069 3683 2496 3738 necessariarum
2520 3681 2718 3747 inOpia.
2734 3692 2932 3744 corpus
2946 3690 3121 3729 meum
3139 3673 3258 3728 tabe
3276 3687 3406 3726 con—

1849 3779 2005 3840 fecit,
2034 3779 2160 3846 qnla
2188 3775 2313 3829 Siba
2349 3784 2399 3826 ct
2425 3769 2682 3826 Bercellai
2729 3767 2915 3822 Davidi
2962 3765 3257 3821 attulerunt
3287 3765 3405 3820 fru-

1845 3879 2084 3924 mentum
2117 3874 2170 3920 et
2201 3863 2483 3927 hordeum,
2519 3859 2773 3926 farinam,
2827 3859 3002 3922 fabas,
3047 3859 3264 3922 lentem,
3299 3856 3405 3910 mel

1844 3973 1899 4018 et
1923 3962 2021 4016 alia
2048 3961 2316 4029 quadam,
2344 3972 2555 4011 necnon
2587 3963 2797 4023 tapetas
2836 3963 2889 4007 et
2915 3951 3178 4005 velamina
3208 3966 3221 4003 :
3246 3957 3407 4016 atque

1845 4056 2030 4110 istlmc
2076 4052 2276 4122 populo
2309 4066 2430 4106 cum
2464 4048 2583 4102 aliis
2618 4047 2753 4102 cibis
2783 4045 3125 4107 obtulerunt,
3159 4041 3286 4111 quia
3318 4040 3405 4092 di-

1845 4146 2039 4202 cebant
2078 4141 2336 4212 populum
2381 4141 2521 4194 fame
2556 4139 2803 4190 laborare
2825 4176 2840 4201 ,
2887 4151 2949 4189 ac
2978 4132 3066 4186 siti
3100 4131 3402 4186 confectum

1846 4237 2080 4292 solutum
2116 4234 2284 4288 fuisse
2322 4233 2372 4284 in
2401 4226 2659 4300 deserto.]

1917 4329 2002 4382 i2.
2048 4326 2216 4397 Super
2248 4339 2420 4377 omnes
2470 4321 2709 4374 inimicos
2756 4336 2894 4373 meos
2942 4318 3114 4387 factus
3159 4329 3274 4367 sum
3315 4328 3408 4379 op-

1844 4423 2133 4489 probrium,
2166 4427 2270 4471 etc.
2301 4415 2571 4487 [Mortuus
2597 4428 2625 4466 a
2662 4411 2824 4466 corde
2857 4419 2958 4472 est,
3000 4408 3092 4478 qui
3117 4404 3405 4460 virtutibus

1846 4523 1928 4569 est
1957 4508 2205 4580 vacuus.]
2232 4507 2438 4562 Inimici
2467 4506 2592 4568 mei,
2629 4505 2840 4572 inquit,
2873 4517 2958 4555 me
2992 4499 3251 4553 conviciis
3277 4511 3406 4549 one,-

1849 4607 2039 4662 rabant
2067 4624 2079 4658 :
2110 4613 2164 4658 et
2194 4604 2304 4658 noti
2341 4602 2442 4655 mei
2492 4599 2739 4666 fugerunt
2776 4612 2880 4649 me.
2915 4593 2979 4646 Et
3010 4591 3101 4661 qui
3142 4605 3226 4642 me
3255 4589 3400 4641 vide-

1844 4701 1972 4754 bant
1998 4698 2323 4767 aufugerunt
2345 4695 2414 4749 ob
2436 4691 2858 4762 magnitudinem
2889 4684 3221 4756 poenitentia:
3247 4698 3400 4742 mea';

1845 4810 2005 4850 sacco
2035 4793 2178 4846 enim
2211 4802 2263 4843 et
2304 4791 2485 4842 cinere
2518 4793 2855 4844 maceratus,
2888 4780 3076 4834 ﬂebam
3111 4777 3198 4830 die
3229 4782 3408 4828 noctv-

1845 4902 1970 4956 que.
1999 4883 2176 4950 Quare
2204 4881 2537 4952 fugientibus
2568 4878 2706 4939 illis,
2737 4874 2792 4927 in
2823 4873 3147 4928 oblivionem
3177 4869 3320 4929 veni,
3351 4876 3405 4919 ct

1846 4995 1943 5033 ceu
1983 4986 2231 5032 mortuus
2272 4991 2388 5029 esse
2415 4973 2655 5038 videbar,
2703 4979 2760 5023 ut
2806 4968 2921 5022 vasi
2957 4965 3167 5036 perdito
3211 4960 3404 5014 similis

1845 5083 2041 5124 essem.
2079 5065 2213 5120 ιιιυά
2246 5073 2424 5119 autem
2460 5078 2615 5132 super
2647 5077 2845 5125 omnes,
2884 5073 2990 5111 non
3021 5055 3121 5110 sibi
3151 5054 3263 5106 vult
3295 5066 3407 5120 pra.

1848 5162 2123 5223 omnibus,
2156 5159 2247 5214 sed
2275 5156 2416 5226 apud
2445 5171 2657 5216 omnes,
2695 5154 2745 5206 id
2779 5162 2860 5206 est
2883 5192 2897 5215 ,
2934 5151 3001 5203 ab
3037 5146 3272 5200 inimicis
3308 5160 3405 5211 0p-

1847 5253 2065 5323 probrio
2092 5259 2352 5305 oneratus
2380 5263 2522 5302 sum.
2568 5243 2659 5297 Sic
2693 5244 2836 5296 enim
2870 5240 3031 5294 habet
3059 5235 3248 5304 Aquila
3277 5248 3292 5286 :
3323 5234 3402 5286 Ab

1846 5343 2084 5400 omnibus
2115 5341 2346 5395 inimicis
2382 5339 2509 5393 meis
2546 5335 2718 5406 factus
2743 5348 2859 5387 sum
2884 5328 3237 5400 opprobrium.

1922 5502 2008 5555 H.
2079 5498 2341 5566 Quoniam
2397 5495 2576 5548 audivi
2632 5491 3062 5558 vituperationem
3118 5484 3398 5539 multorum

1847 5591 2280 5646 commorantium
2310 5587 2365 5639 in
2392 5585 2641 5638 circuitu.
2679 5578 3146 5648 Vituperationem
3179 5575 3406 5629 insidias

1851 5695 2026 5740 vocat.
2064 5685 2152 5738 Ait
2182 5692 2356 5736 autem
2401 5681 2544 5752 quod
2591 5677 2991 5731 circnmdantes
3024 5670 3225 5728 inimici
3272 5671 3407 5725 insi-

1849 5780 2144 5834 diarcntur.
2180 5777 2420 5845 Accipere
2459 5775 2693 5829 animam
2737 5786 2901 5824 meum
2947 5767 3214 5823 consiliati
3261 5776 3404 5819 sunt.
