4122 6548
229 484 318 538 εει

1325 486 1683 542 EXPOSITIO
1723 489 1788 542 IN
1827 490 2154 549 PSALMUM
2196 493 2381 548 XXXI.

3359 505 3458 558 162

224 598 494 671 γινομένῃ
529 616 626 670 μοι
656 601 926 661 ἐκστάσει,
960 601 1047 653 ὅτε
1074 600 1167 653 καὶ
1205 600 1473 671 ἐταράχθη
1511 606 1568 655 ἐν
1598 604 1751 675 θυμῷ

1855 615 1876 669 ι
1907 609 1960 659 in
1988 610 2397 676 superveniente
2429 609 2558 662 mibi
2591 611 2783 666 mentis
2808 627 3054 677 excessu,
3086 615 3303 686 quando
3328 632 3458 671 con-

225 691 502 760 ὀφθαλμός
541 710 670 761 μου,
709 693 991 763 ἐπέτριὸον
1031 693 1263 762 ἐμαυτὸν
1291 695 1367 757 ὡς
1396 697 1800 768 ἁπερῤιμμένος

224 781 306 832 διὰ
340 781 439 851 τὴν
469 782 622 854 ἐμὴν
671 785 958 855 ἁμαρτίαν.
1013 784 1148 836 Ἀλλ’
1182 786 1291 854 ἐγὼ
1336 787 1433 857 μὲν
1477 789 1662 851 ταῦτα,
1695 806 1799 859 φη-

227 875 329 935 σὶν,
359 873 582 941 ελεγον,
617 876 680 926 σὺ
717 874 773 927 δὲ
800 876 828 926 ὁ
857 876 1230 948 φιλάνθρωπος
1253 878 1352 931 οὑκ
1382 878 1686 950 ἀπέρριψας
1709 881 1800 932 τὸν

225 959 313 1011 σὺν
339 961 591 1031 οἰκέτην.

303 1052 688 1120 Ἀπαπήσατε
721 1054 825 1107 τὸν
866 1057 1111 1124 Κύριον,
1145 1057 1365 1124 πάντες
1410 1062 1464 1113 οί
1501 1059 1653 1112 ὅσιοι
1695 1061 1798 1114 αὐ-

223 1141 345 1193 τοῦ.
382 1142 601 1212 Τρέπει
646 1144 736 1199 τὸν
777 1145 930 1213 λόγον
972 1148 1051 1210 είς
1092 1149 1188 1220 τὴν
1237 1150 1435 1220 ἐτέρων
1482 1152 1796 1222 παραίνεσιν

221 1229 309 1295 ἀφ’
340 1223 417 1281 ὧν
456 1232 832 1302 εὑηργετήθη,
866 1236 989 1298 τοὺς
1021 1235 1210 1300 ἄλλους
1239 1240 1330 1290 ἐπὶ
1361 1239 1420 1291 τὸ
1461 1241 1795 1311 ἐξομολογεῖ-

221 1319 340 1372 σθαι
362 1323 727 1392 παρακαλῶν.
753 1325 862 1378 Καὶ
886 1327 1470 1397 ἀνταποδίδωσιτοῖς
1494 1334 1792 1402 περισσῶς

216 1409 503 1466 ποιοῦσιν
529 1416 967 1483 ὑπερηφανίαν.
1014 1421 1370 1492 Μακροθυμεῖ
1394 1425 1493 1494 μὲν
1529 1427 1557 1478 ό
1589 1425 1790 1496 Κύριος

215 1502 305 1554 ἐπὶ
348 1506 467 1566 τοῖς
521 1505 926 1579 ὑπερηφάνοις,
976 1514 1087 1574 τοῖς
1132 1513 1189 1566 δὲ
1235 1515 1505 1585 περισσῶς
1551 1517 1789 1571 ποιοῦσιν

217 1594 611 1665 ὑπερηφανίαν
645 1601 738 1652 καὶ
772 1601 1208 1657 ἀνταποδίδωσιν.

416 1690 742 1743 ΨΑΛΜΟΣ
772 1691 849 1756 τῷ
879 1693 1076 1758 Δαυῒδ,
1104 1695 1427 1763 συνέσεως.
1453 1704 1582 1754 ΛΑ¹.

853 1785 1173 1851 ’Υπόθεσις.

213 1871 318 1940 Τὴν
350 1872 735 1926 κακοπάθειαν
781 1875 942 1927 αὑτοῦ
988 1877 1086 1948 τὴν
1127 1877 1324 1949 πολλὴν
1355 1880 1783 1952 προϐαλλόμενος

282 1964 309 2016 ὁ
343 1965 536 2030 Δαυῒδ,
575 1967 643 2037 ἣν
670 1968 725 2019 ἐν
750 1970 815 2038 τῇ
847 1969 1100 2039 μετανοίᾳ
1139 1969 1449 2042 ὑπέμεινεν,
1493 1975 1780 2045 μακαρίζει

275 2055 402 2119 τοὺς
422 2057 528 2127 τῆς
556 2057 804 2126 ἀφέσεως
826 2061 1186 2129 τετυχηκότας
1209 2061 1295 2115 διὰ
1316 2062 1407 2115 τοῦ
1438 2064 1659 2136 λουτροῦ
1684 2069 1780 2137 τῆς

274 2146 724 2216 παλιγγενεσίας.
751 2150 1060 2218 Συνέσεως
1089 2153 1146 2205 δὲ
1168 2155 1560 2226 ἐπιγέγραπται
1586 2159 1613 2210 ὁ
1641 2158 1778 2228 ψαλ-

275 2239 394 2308 μὸς,
427 2241 522 2294 διὰ
553 2239 617 2292 τὸ
655 2242 856 2314 ταύτης
903 2245 1134 2315 μάλιστα
1165 2247 1371 2300 δεῖσθαι
1413 2251 1538 2312 τοὺς
1564 2249 1775 2320 ἀνθρὼ-

270 2345 442 2392 πουςο
477 2330 565 2383 ὅτι
606 2331 667 2401 δὴ
707 2332 906 2403 σφόδρα
937 2336 1307 2400 ἐκνενευκότες
1358 2339 1450 2392 ἐπὶ
1491 2339 1558 2393 τὰ
1593 2341 1770 2412 παθη,

271 2421 462 2484 ἵπποις
489 2422 592 2474 καὶ
617 2425 861 2493 ἡμιόνοις
890 2425 1320 2497 ἀπεικάσθησαν.

267 2513 566 2582 Μακάριοι
617 2510 704 2568 ὧν
755 2517 1067 2584 ἀφέθησαν
1112 2521 1172 2572 αι
1221 2520 1490 2587 ἀνομίαι,
1545 2523 1640 2575 καὶ
1685 2515 1772 2575 ὧν

201 2601 719 2674 ἐπεκαλύφθησαν
740 2611 799 2660 αι
825 2608 1114 2677 ἁμαρτίαι,
1153 2610 1421 2680 Ἀφίενται
1451 2613 1548 2684 μὲν
1572 2617 1628 2667 al
1657 2617 1770 2669 ἀνο-

207 2694 314 2766 μίαι
355 2695 445 2750 διὰ
497 2697 902 2768 βαπτίσματος,
939 2700 1390 2757 ἐπικαλύπτονται
1422 2705 1477 2757 δὲ
1507 2707 1766 2777 ἁμαρτίαι

200 2786 280 2838 διὰ
307 2788 404 2857 τῆς
429 2791 642 2861 πικρᾶς
671 2791 970 2860 μετανοίας.

262 2879 572 2948 Μακάριος
597 2881 751 2949 ἀνὴρ
798 2878 869 2937 οὗ
903 2885 974 2936 οὐ
1009 2883 1095 2952 μὴ
1134 2886 1445 2954 λογίσηται
1493 2890 1526 2941 o'
1553 2889 1764 2956 Κύριος

199 2966 509 3035 ἁμαρτίαν,
533 2969 677 3023 οὐδὲ
699 2971 869 3024 ἔστιν
887 2973 957 3024 ἐν
986 2973 1066 3038 τῷ
1089 2975 1335 3043 στόματι
1359 2976 1542 3031 αὑτοῦ
1561 2977 1760 3046 δόλος.

198 3053 355 3121 Οὗτος
384 3061 498 3130 γὰρ
532 3060 748 3132 ἀληθῶς
788 3063 1075 3134 μακάριος,
1107 3067 1135 3118 ὁ
1165 3065 1258 3136 ὅλῃ
1291 3068 1485 3140 καρδίᾳ
1531 3087 1762 3141 προσερ-

195 3150 410 3219 χόμενος
454 3152 537 3222 τῷ
588 3152 727 3223 ἁγίῳ
774 3153 1125 3225 βαπτίσματι.
1163 3156 1256 3228 [Ὀ
1296 3158 1402 3229 γὰρ
1439 3160 1576 3230 μετὰ
1606 3161 1757 3215 δόλου

196 3239 610 3348 βαπτιζόμενος,
642 3246 776 3315 πρὸς
800 3247 877 3317 τῷ
921 3249 995 3319 μὴ
1029 3251 1211 3319 τυχεῖν
1235 3251 1331 3320 τῆς
1359 3252 1625 3321 ἀφέσεως,
1663 3255 1757 3306 καὶ
1782 3288 1824 3348 c

193 3336 358 3404 κρῖμα
387 3337 552 3409 ἒξει.]
597 3338 701 3390 Τοῦ
744 3340 926 3392 αὑτοῦο
975 3342 1055 3405 τὸ,
1099 3342 1207 3406 ὅτι,
1243 3343 1344 3413 τῷ,
1395 3344 1750 3413 ἐπαλαιώθη,

194 3428 508 3492 συντατέον,
547 3431 614 3482 ἵν’
750 3432 875 3484 Ὅτι
919 3431 1253 3501 ἐπαλαιώθη
1296 3434 1366 3487 τὰ
1413 3435 1562 3489 ὀστᾶ
1598 3454 1748 3504 μου,

192 3519 299 3571 ἀ.τό
328 3521 436 3575 τοῦ
472 3521 711 3591 κράζειν
749 3541 825 3592 με
864 3523 1017 3591 ὅλην
1055 3524 1170 3593 τῆν
1198 3525 1441 3594 ἡμέραν.
1493 3527 1752 3599 Ἐσίγησα

193 3612 379 3680 μηκέτι
428 3616 616 3685 φωνὴν
652 3616 865 3684 ἀφεῖναι
911 3618 1222 3689 δυνάμενος.
1256 3618 1321 3670 Τί
1353 3618 1408 3672 δὲ
1435 3617 1679 3691 ἔκραξεν,
1714 3620 1746 3691 ἢ

187 3702 277 3774 τὴν
301 3705 631 3778 συγγνώμην
645 3709 743 3778 τῆς
762 3711 1034 3779 ἁμαρτίας
1061 3711 1257 3777 αίτῶν;

255 3796 369 3848 ’Ὁτι
408 3797 637 3867 ἡμέρας
682 3799 781 3851 καὶ
826 3800 1047 3864 νυκτὸς
1087 3802 1379 3870 ἐϐαρύνθη
1423 3804 1516 3856 ἐπ’
1565 3805 1668 3874 ἐμὲ
1706 3806 1744 3872 ἠ

189 3887 305 3954 χείρ
348 3906 488 3943 σου.
538 3890 781 3959 Ἀγαοὺς,
817 3891 1000 3962 φησὶν,
1041 3890 1115 3944 ῶν
1146 3891 1466 3956 ἐπαίδευσας
1505 3895 1745 3965 σφοδρῶς

187 3976 267 4028 διὰ
295 3977 392 4049 τῆς
419 3979 668 4043 παιδείας
701 3981 1040 4052 ἐπιστρέφων
1065 3983 1144 4044 είς
1177 3983 1464 4054 σωτηρίαν.
1513 3982 1746 4050 ἘΟ-τρά-

187 4085 299 4135 φην
325 4073 410 4136 εις
433 4072 840 4138 ταλαιπωρίαν
866 4073 936 4124 ἐν
967 4071 1046 4136 τῷ
1073 4073 1411 4142 ἑμπαγῆναί
1432 4091 1533 4143 μοι
1558 4073 1741 4128 ἅκαν-

188 4159 304 4212 θαν.
339 4160 615 4214 Ἀκανθαν
638 4159 735 4230 τὴν
761 4161 1033 4231 ἁμαρτίαν
1058 4161 1239 4231 φησίν.
1259 4163 1316 4214 '0
1343 4162 1398 4215 δὲ
1423 4163 1544 4226 νοῦς
1564 4157 1736 4228 οὗτος·

197 4247 396 4321 Ἐπειδὴ
445 4251 723 4322 ἐνεπάγη,
755 4251 918 4323 φησὶ,
953 4254 1019 4322 τῇ
1069 4251 1214 4322 ψυχῇ
1255 4269 1353 4322 μου
1399 4255 1431 4326 ὴ
1473 4254 1735 4326 ἁμαρτία,

185 4339 517 4415 ὲταλαιπώρη
527 4360 614 4399 σα.

249 4433 362 4501 Τὴν
409 4436 672 4504 ἀνομίαν
711 4453 828 4504 μου
877 4435 1189 4505 ἐγνώρισα.
1236 4435 1340 4487 Τὸν
1395 4437 1590 4506 τρόπον
1639 4437 1736 4508 τῆς

185 4521 607 4596 ἐξομολογήσεως
653 4523 920 4594 σημαίνει.
973 4520 1128 4577 Bina
1184 4521 1555 4591 dfapopsdmo
1606 4525 1732 4576 κατ’

1905 698 2149 753 turbatus
2183 707 2266 753 est
2307 701 2361 754 in
2396 701 2475 753 ira
2521 701 2714 756 oculus
2748 718 2934 770 meus,
2983 720 3070 760 me
3116 706 3455 761 macerabam

1900 790 2055 858 quasi
2082 791 2284 859 peccati
2316 792 2420 845 mei
2449 806 2611 846 causa
2645 794 2937 863 projectus.
2968 793 3074 850 Sed
3103 812 3203 862 ego
3235 797 3454 867 quidem

1899 882 2010 936 haec
2038 882 2281 936 dicebam
2319 901 2333 938 :
2368 892 2424 936 tu
2452 898 2579 938 vero
2625 884 2890 955 benignus
2929 902 3054 941 cum
3085 888 3184 953 sis,
3214 904 3322 944 non
3361 891 3453 944 ab-

1891 972 2069 1042 jecisti
2096 969 2357 1026 famulum
2384 983 2551 1027 tuum.

1962 1063 2051 1117 24.
2092 1062 2308 1133 Diligite
2334 1062 2637 1130 Dominum,
2675 1082 2849 1119 omnes
2874 1067 3043 1120 sancti
3077 1067 3208 1135 ejus.
3235 1066 3452 1124 Sermo—

1895 1169 2016 1209 nem
2059 1154 2323 1210 convertit
2349 1155 2414 1208 ad
2443 1155 2670 1210 aliorum
2701 1158 3154 1222 exhortationem,
3192 1175 3222 1213 a
3251 1161 3450 1229 quibus

1893 1245 2168 1300 beneﬁciis
2201 1254 2284 1300 est
2315 1244 2575 1310 allectus,
2628 1247 2765 1303 alios
2809 1250 2874 1302 ad
2924 1250 3286 1305 conﬁtendum
3321 1267 3449 1306 evo-

1891 1351 2040 1391 cans.
2069 1334 2140 1390 Et
2169 1337 2408 1389 retribuit
2430 1336 2756 1392 abundanter
2788 1339 3103 1407 [acientibus
3126 1343 3444 1410 superbiam.

1891 1425 1991 1479 Diu
2015 1425 2231 1492 quidem
2263 1425 2455 1479 tolerat
2478 1423 2743 1481 Dominus
2769 1427 3056 1496 superbos,
3088 1435 3144 1481 at
3172 1428 3447 1483 abundan-

1890 1525 1972 1572 ter
2001 1515 2327 1572 lacientibus
2356 1515 2668 1586 superbiam
2698 1517 2993 1586 promerita
3025 1517 3298 1574 retribuit.

2030 1690 2369 1747 PSALMUS
2399 1693 2500 1763 ipsi
2526 1691 2717 1758 David,
2746 1692 3058 1748 intellectus.
3085 1691 3298 1747 XXXI.

2450 1784 2849 1853 Argumentum.

1884 1871 2179 1929 Erumnas
2224 1883 2278 1930 et
2312 1874 2644 1930 calamitates
2687 1874 2883 1928 multas
2934 1874 3090 1943 queis
3129 1874 3185 1928 in
3229 1874 3436 1946 agenda

1950 1967 2264 2037 paenitentia
2287 1965 2604 2037 perfunctus
2633 1975 2716 2021 est
2744 1980 3051 2036 proponens
3076 1964 3263 2027 David,
3307 1967 3436 2020 bea-

1950 2068 2035 2114 tos
2068 2059 2190 2114 illos
2218 2060 2475 2128 praedicat
2509 2059 2602 2127 qui
2636 2075 2728 2128 per
2761 2058 3038 2112 lavacrum
3075 2059 3433 2128 regeneratioo

1947 2152 2032 2207 nis
2074 2153 2286 2206 veniam
2341 2161 2471 2206 sunt
2535 2152 2836 2207 consecuti.
2888 2151 3194 2207 Intellectus
3251 2162 3429 2207 autem

1945 2244 2186 2314 psalmus
2229 2243 2562 2308 inscribitur,
2588 2244 2714 2313 quia
2746 2245 2837 2297 illo
2873 2254 3031 2312 egent
3060 2244 3296 2298 maxime
3328 2245 3430 2299 lio-

1943 2336 2117 2392 mines
2143 2352 2155 2387 :
2186 2350 2309 2389 nam
2335 2336 2463 2389 dum
2488 2334 2768 2389 aﬂcctibus
2800 2335 2920 2404 plus
2943 2351 3097 2404 aequo
3126 2335 3425 2406 indulgent,

1941 2429 2096 2497 equis
2125 2437 2178 2482 et
2206 2426 2367 2480 mulis
2397 2427 2602 2480 similes
2631 2425 2760 2480 facti
2793 2435 2937 2480 sunt.

1942 2519 1994 2572 1.
2055 2518 2208 2573 Beati
2254 2534 2476 2588 quorum
2525 2519 2758 2571 remissa:
2800 2527 2921 2570 sunt
2981 2518 3324 2587 iniquitates,
3376 2528 3423 2573 et

1866 2627 2087 2681 quorum
2115 2619 2247 2663 tecta
2281 2620 2400 2664 sunt
2448 2620 2680 2678 peccata.
2725 2608 3080 2664 Dimiltuntur
3113 2611 3425 2680 iniquitates

1866 2719 1962 2774 per
1991 2703 2278 2774 baptisma,
2311 2712 2563 2774 teguntur
2605 2717 2700 2772 per
2731 2717 2974 2756 amaram
3028 2702 3418 2772 pmnitentiam.

1930 2881 1983 2934 2.
2024 2880 2218 2935 Beatus
2263 2881 2339 2935 vir
2387 2882 2473 2934 cui
2513 2898 2615 2934 non
2653 2881 2928 2948 imputavit
2961 2879 3215 2934 Dominus
3240 2897 3420 2951 pecca-

1865 2983 1994 3038 tum,
2035 2989 2126 3027 nec
2159 2981 2236 3026 est
2276 2974 2331 3025 in
2374 2990 2460 3026 ore
2507 2973 2620 3042 ejus
2660 2974 2832 3025 dolus.
2884 2970 2975 3025 llle
3016 2988 3251 3042 namque
3297 2989 3419 3028 vere

1861 3065 2050 3118 beatus
2073 3065 2163 3133 qui
2192 3071 2306 3119 toto
2331 3065 2497 3119 corde
2526 3063 2732 3118 accedit
2761 3063 2826 3116 ad
2855 3073 3097 3116 sanctum
3127 3064 3413 3132 baptisma.

1861 3155 2015 3227 [Nam
2058 3157 2147 3225 qni
2193 3171 2315 3210 cum
2367 3157 2490 3211 dolo
2560 3157 2882 3225 baptizatur,
2930 3156 3140 3209 veniam
3194 3157 3416 3212 minime

1859 3255 2201 3310 consecutus,
2227 3246 2434 3317 judicio
2477 3262 2693 3316 quoque
2719 3246 3112 3319 damnabitur.]
3141 3246 3295 3314 Quod
3327 3263 3416 3304 se-

1861 3341 2064 3411 quitur,
2093 3340 2370 3410 quoniam,
2399 3352 2520 3393 cum
2561 3337 2662 3391 hac
2689 3352 2838 3402 voce,
2867 3338 3299 3401 inveteraverunt,
3329 3346 3414 3393 est

1859 3431 2311 3494 connectendum,
2343 3439 2403 3484 ut
2446 3430 2711 3484 sententia
2739 3430 2843 3495 sit,
2887 3431 3131 3499 quoniam
3162 3432 3412 3484 invetera-

1858 3530 2037 3576 verunt
2059 3537 2176 3573 0‘sa
2203 3537 2335 3574 mea.
2364 3519 2501 3572 Dum
2523 3520 2805 3574 clamarem
2833 3532 2942 3574 tota
2969 3522 3054 3574 die
3093 3520 3258 3577 Tacui
3283 3537 3407 3576 cum

1858 3630 1965 3678 non
2015 3628 2229 3684 possem
2264 3613 2498 3682 amplius
2526 3627 2709 3666 vocem
2742 3613 3006 3667 emittere.
3057 3611 3195 3678 Quid
3226 3625 3405 3667 autem

1855 3711 2124 3774 clamavit,
2157 3711 2260 3764 nisi
2289 3712 2501 3764 veniam
2534 3709 2739 3780 peccati
2769 3710 3004 3777 rogans?

1920 3804 1974 3857 4.
2015 3802 2273 3866 Quoniam
2314 3802 2398 3853 die
2445 3817 2507 3852 ac
2554 3810 2700 3853 nocte
2752 3811 2966 3870 gravata
3017 3808 3092 3853 est
3132 3811 3287 3866 super
3325 3815 3403 3853 me

1851 3912 2035 3950 ntaitus
2063 3904 2172 3946 tua.
2203 3891 2401 3950 Bonus.
2432 3891 2626 3959 inquit,
2657 3907 2778 3944 cum
2809 3892 2908 3953 sis,
2937 3891 3054 3946 dire
3088 3901 3140 3945 et
3165 3893 3402 3960 graviter

1849 4005 1936 4044 me
1964 3984 2259 4055 castigasti,
2292 3990 2350 4036 ut
2391 3983 2456 4036 ad
2494 3982 2720 4036 salutem
2764 3981 3080 4036 adduceres.
3114 3981 3398 4036 Conversus

1846 4095 1963 4136 sum
1992 4080 2044 4133 in
2073 4091 2308 4132 aerumna
2338 4075 2464 4128 dum
2489 4073 2767 4143 conﬁgitur
2791 4073 2963 4141 spina.
2991 4072 3211 4141 Spinam
3243 4083 3400 4127 vocat

1844 4176 2146 4242 peccatum.
2197 4166 2321 4222 Haec
2365 4174 2447 4221 est
2501 4174 2680 4220 autem
2727 4164 2994 4220 sententia
3045 4182 3058 4217 :
3105 4161 3395 4232 Postquam

1843 4265 2114 4318 conﬁxum
2154 4268 2238 4315 est
2278 4259 2472 4313 anima
2511 4272 2644 4312 meae
2689 4265 2992 4326 peccatum,
3038 4257 3092 4309 in
3137 4255 3397 4311 aerumnis

1840 4363 2086 4411 versatus
2111 4366 2252 4407 sum.

1909 4447 1962 4500 5.
2003 4443 2263 4498 Delictum
2313 4455 2481 4492 meant
2534 4435 2797 4506 cognitum
2846 4435 2942 4488 tibi
2993 4434 3115 4503 feci.
3172 4434 3388 4490 Modum

1837 4534 2196 4593 confessionis
2237 4530 2523 4603 signiﬁcat.
2568 4527 2687 4581 Dixi
2711 4542 2729 4580 :
2773 4525 3072 4596 Conﬁtebor
3115 4527 3391 4581 adversum

182 4614 311 4681 ἐμοῦ
343 4616 458 4684 τὴν
481 4616 757 4684 ἀνομίαν.
784 4616 1017 4680 Δίκαιος
1059 4613 1275 4668 ἑαυτοῦ
1308 4613 1633 4681 κατήγορος
1664 4614 1732 4666 ἐν
1764 4643 1769 4696 γ

1855 4645 1916 4682 ne
1949 4624 2281 4696 injustitiam.
2308 4621 2495 4675 Justus
2522 4621 2575 4674 in
2601 4619 2860 4689 principio
2889 4619 3140 4672 sermonis
3171 4635 3385 4673 accusa-

183 4708 553 4778 πρωτολοτίᾳ.
586 4708 694 4761 Καὶ
739 4707 860 4776 λέγε
908 4708 994 4775 σὺ,
1029 4707 1182 4778 φησὶ,
1211 4706 1309 4770 τὰς
1336 4705 1604 4776 ἁμαρτίας
1634 4722 1727 4760 σου

182 4800 397 4868 πρῶτος.

252 4889 409 4960 Ὑπὲρ
441 4893 667 4959 ταύτης
692 4889 1081 4959 προσεύξεται
1110 4887 1258 4956 πρὸς
1291 4887 1365 4939 σὲ
1392 4885 1508 4952 πᾶς
1539 4885 1725 4953 ὅσιος.

191 4979 344 5053 ’Υπὲρ
387 4984 490 5053 τῆς
541 4984 692 5053 ἐμοὶ,
757 4982 907 5053 φησὶ,
963 4978 1403 5051 συγχωρηθείσης
1458 4977 1728 5048 ἁμαρτίας

183 5070 386 5138 ἕκαστος
427 5075 538 5128 τῶν
578 5075 738 5127 ὁσίων
780 5090 861 5127 σοι
906 5071 1134 5137 εὔξεται.
1175 5070 1277 5123 Δύο
1309 5069 1363 5122 δὲ
1407 5069 1496 5123 διὰ
1524 5069 1727 5124 τούτων

183 5165 430 5232 σημαίνειο
463 5166 499 5236 ἢ
527 5166 608 5218 ὅτι
638 5164 941 5234 ὑπόδειγμα
969 5165 1101 5216 πᾶσι
1130 5160 1412 5232 μετανοίας
1441 5160 1654 5232 ἔσομαι,
1690 5160 1722 5232 ἢ

184 5254 675 5326 προφητικώτερον,
720 5255 806 5309 διὰ
858 5255 919 5307 τὸ
978 5253 1035 5320 ἐξ
1079 5252 1241 5305 αὑτοῦ
1296 5251 1388 5304 τοῦ
1434 5250 1722 5322 προσώπου

182 5343 322 5397 Δαυῒδ
367 5347 544 5400 πάντα
589 5346 657 5398 τὰ
697 5345 820 5416 ἔθνη
865 5343 1004 5398 κατὰ
1043 5344 1264 5413 καιροὺς
1291 5341 1721 5412 ἐξομολογεῖσθαι

184 5435 304 5509 ὑπὲρ
331 5440 424 5511 τῆς
466 5439 741 5512 ἁμαρτίας
783 5439 965 5492 αυτοῦ.
1006 5436 1178 5504 Πλὴν
1220 5438 1289 5490 ἐν
1321 5439 1722 5505 κατακλυσμῳ

180 5526 385 5584 ὑδάτων
410 5531 660 5587 πολλῶν
703 5531 850 5598 πρὸς
894 5530 1082 5584 αὑτὸν
1114 5530 1222 5582 οὐκ
1261 5527 1584 5598 ἐγτιοῦσιν.
1618 5527 1720 5580 Τὸν

187 5624 540 5693 μετανοοῦντα,
595 5625 761 5694 φησὶ,
828 5622 1028 5692 πλῆθος
1079 5620 1396 5693 πειρασμῶν
1449 5619 1547 5672 οὑκ
1599 5620 1718 5672 ἐπι-

182 5711 361 5771 κλὺσει.

236 5915 273 5947 ⁸³
299 5911 443 5969 l'rov.
478 5929 635 5978 mu,
662 5912 746 5966 17.

1832 4732 1914 4775 tor
1944 4727 2019 4772 est
2052 4717 2133 4771 sui
2158 4716 2220 4781 ³⁸,
2251 4723 2304 4769 ιιι
2330 4713 2497 4783 prior,
2521 4711 2734 4781 inquit,
2756 4717 3006 4764 enarrato
3035 4719 3249 4780 peccata
3275 4720 3387 4764 tua.

1897 4869 1949 4924 6.
1997 4866 2102 4921 Pro
2128 4867 2224 4920 hac
2250 4865 2418 4920 orabit
2453 4866 2521 4918 ad
2555 4874 2604 4918 te
2627 4863 2795 4917 omnis
2824 4874 3059 4919 sanctus.
3101 4862 3207 4918 Pro
3231 4865 3383 4919 venia

1828 4960 2053 5032 peccati,
2085 4957 2280 5028 inquit,
2303 4957 2437 5011 mihi
2463 4970 2744 5020 concessa,
2775 4955 2955 5010 omnis
2983 4964 3206 5010 sanctus
3239 4956 3303 5011 ad
3333 4967 3386 5011 te

1827 5052 2023 5108 orabit.
2094 5048 2210 5104 Duo
2259 5059 2438 5104 autem
2490 5049 2639 5102 hisce
2681 5048 2860 5103 verbis
2918 5047 3187 5118 signiﬁcat
3238 5066 3251 5102 :
3299 5049 3379 5102 vel

1825 5138 2079 5195 omnibus
2101 5139 2426 5208 paenitentiae
2441 5137 2714 5207 exemplar
2736 5153 2831 5192 ero
2849 5155 2864 5204 ;
2885 5139 2968 5194 vel
2993 5139 3138 5208 quod
3164 5137 3230 5192 ad
3257 5153 3383 5208 pro-

1825 5231 2020 5302 phetia
2048 5231 2312 5286 rationem
2355 5230 2528 5300 magis
2553 5230 2780 5296 accedit,
2807 5230 2935 5300 quia
2963 5229 3207 5284 futurum
3237 5242 3379 5285 esset

1823 5336 1880 5382 ut
1909 5341 1976 5380 ex
2009 5340 2237 5396 persona
2263 5324 2626 5394 ipsiusDavid
2657 5338 2847 5379 omnes
2870 5336 3058 5393 gentes
3091 5324 3208 5380 suis
3249 5334 3379 5380 tem-

1821 5419 2043 5488 poribus
2084 5417 2467 5472 conﬁterentur
2513 5430 2610 5487 pro
2655 5425 2878 5486 peccato
2923 5414 3063 5484 ejus.
3127 5413 3376 5484 (Scilicet

1819 5513 1954 5566 hnitc
1999 5511 2266 5565 recitando
2314 5509 2630 5579 psalmum.)
2684 5507 3043 5562 Verumtamen
3090 5508 3145 5561 in
3178 5506 3377 5561 diluvio

1818 5620 2078 5674 aquarum
2143 5605 2432 5656 multarum
2482 5602 2550 5655 ad
2591 5617 2708 5655 eum
2759 5615 2862 5654 non
2915 5598 3370 5668 approximabunt.

1816 5694 2197 5750 Paenitentiam
2232 5702 2476 5764 agentem
2496 5733 2510 5760 ,
2559 5692 2768 5766 inquit,
2798 5689 3087 5746 multitudo
3119 5697 3369 5747 tentato-

1817 5805 1944 5845 num
1981 5804 2085 5844 non
2121 5789 2330 5844 obruet.
