4122 6490
705 439 806 494 165

1539 438 1598 494 S.
1641 437 2004 493 ATHANASII
2051 437 2199 492 OPP.
2243 433 2418 490 PARS
2455 434 2540 490 lll.
2579 462 2646 473 —
2684 435 3091 492 EXEGETICA.

3821 440 3917 494 164

774 553 823 605 7.
852 550 927 604 Tu
959 567 1010 604 es
1034 552 1288 620 refugium
1320 567 1510 616 meum,
1533 561 1637 606 etc.
1665 551 1798 604 Cum
1835 553 1921 604 illa
1955 551 2019 605 de
2044 559 2263 619 peccato
2293 602 2294 605 η

2435 550 2517 601 Σύ
2555 566 2672 617 μου
2718 547 3048 617 καταφυγή.
3097 550 3306 602 Ἐκεῖνα
3351 550 3478 621 περὶ
3517 551 3616 622 τῆς
3651 551 3918 625 ἁμαρτίας

702 643 948 705 dixisset,
983 652 1137 711 rogat
1173 657 1202 696 a
1248 641 1405 696 malis
1444 656 1542 711 per
1581 657 1700 694 eam
1748 641 1972 694 invectis
2001 641 2156 710 eripi.
2199 639 2263 694 Et

702 748 832 787 vero
874 733 1106 802 gratiosa
1147 732 1307 786 datur
1353 731 1631 800 responsio
1675 749 1688 784 :
1739 732 1812 783 ait
1861 733 2001 784 enim
2050 732 2123 784 illi
2173 730 2264 784 be-

704 826 900 895 nignus
935 823 1192 878 Dominus
1218 843 1230 876 :
1261 821 1591 876 Intellectum
1626 823 1722 876 tibi
1751 823 1908 887 dabo,
1930 835 1973 874 et
2006 825 2262 876 instruant

707 926 755 970 te
787 917 838 969 in
872 918 956 971 ria
989 917 1107 969 hac.
1155 915 1360 968 Potenti
1392 917 1758 970 liberationem
1805 917 1872 968 ab
1907 916 2139 969 inimicis
2179 930 2262 967 re-

706 1009 932 1076 spondet
959 1006 1121 1070 Deus,
1155 1007 1474 1076 promittens
1501 1021 1558 1060 se
1600 1007 1673 1058 illi
1703 1006 1752 1058 in
1785 1006 1865 1056 via
1904 1015 2046 1058 recta
2072 1005 2260 1058 ducem

708 1098 969 1152 futurum.

776 1187 828 1240 9.
871 1186 1050 1241 Nolite
1079 1187 1194 1254 fieri
1218 1187 1354 1239 sicut
1378 1202 1538 1255 equus
1573 1193 1620 1238 et
1646 1184 1838 1246 mulus,
1865 1183 2045 1253 quibus
2069 1200 2167 1237 non
2187 1193 2262 1237 est

705 1278 1018 1332 intellectus.
1069 1277 1324 1331 Hortatur
1368 1287 1679 1346 peccantes,
1727 1291 1791 1328 ne
1836 1292 1892 1329 se
1931 1276 2168 1330 efferatis
2212 1282 2264 1327 et

707 1366 959 1420 belluinis
1001 1366 1242 1419 moribus
1285 1365 1501 1419 dedant.
1541 1363 1606 1417 In
1638 1381 1784 1417 camo
1815 1374 1861 1418 et
1896 1366 2042 1433 freno
2073 1363 2265 1417 maxil-

707 1457 789 1510 las
848 1473 1025 1511 eorunt
1080 1459 1422 1527 constringes.
1479 1458 1589 1511 Ceu
1640 1459 1702 1510 ad
1751 1457 2037 1511 Dominum
2088 1470 2266 1510 sermo

707 1545 976 1616 dirigitur.
1037 1547 1354 1616 llujusmodi
1415 1557 1591 1602 autem
1657 1549 1919 1602 sententia
1973 1557 2054 1601 est
2099 1565 2111 1600 :
2162 1545 2265 1601 Eos

708 1639 800 1708 qui
847 1641 1107 1708 paenitere
1155 1641 1461 1706 noluerint,
1512 1655 1608 1694 ceu
1656 1640 1888 1708 quodam
1924 1639 2074 1694 h-eno
2111 1639 2177 1692 ad
2217 1646 2267 1692 te

710 1742 983 1785 converte.

710 1817 1049 1876 I’SALJIUS
1089 1821 1285 1885 David,
1318 1823 1408 1891 qui
1449 1832 1590 1874 caret
1632 1822 1784 1874 titulo
1818 1821 1955 1889 apud
2000 1819 2262 1874 Ilebrtzos.

1367 1909 1616 1964 XXXII.

1292 2001 1689 2071 Argumentum.

712 2090 768 2143 ιη
805 2093 1054 2160 ρι-ιιδεεηιί
1103 2091 1259 2146 docet
1306 2107 1400 2145 eos
1431 2092 1522 2160 qui
1563 2092 1672 2161 jam
1709 2091 1761 2144 in
1789 2091 2063 2146 Christum
2093 2092 2266 2146 credi-

781 2181 976 2236 derunt
1019 2183 1234 2236 laudare
1283 2181 1569 2235 Dominum
1613 2197 1802 2241 suum.
1834 2193 2267 2237 commonstrans

785 2282 1040 2340 pra-terea
1093 2272 1374 2342 potestatis
1408 2287 1520 2325 sua:
1568 2271 1971 2336 excellentiam;
2013 2273 2268 2340 quoniam

783 2364 897 2432 ipse
937 2363 1242 2430 redemptor
1282 2373 1364 2414 est
1395 2362 1766 2414 universorum
1795 2402 1810 2424 ,
1845 2361 1957 2429 ipse
1989 2360 2267 2422 Dominus,

786 2454 901 2522 ipse
950 2453 1228 2522 improbos
1276 2453 1428 2506 nihili
1476 2452 1637 2516 facit,
1672 2468 1967 2521 eorumque
2005 2452 2270 2506 disturbat

781 2545 1040 2608 consilia;
1066 2552 1342 2612 sperantes
1377 2554 1556 2596 autem
1593 2544 1646 2596 in
1678 2558 1736 2596 se
1767 2542 1944 2596 salvos
1982 2540 2128 2598 facit.

787 2634 838 2688 Ι.
881 2633 1162 2688 Exsultate
1184 2673 1198 2697 ,
1224 2634 1393 2703 justi,
1419 2636 1474 2687 in
1499 2634 1793 2687 Domino...
1825 2635 1881 2686 in
1906 2635 2156 2702 psalterio
2182 2633 2272 2688 de-

715 2741 824 2779 cent
847 2726 1164 2779 chordarum
1201 2726 1409 2796 psallite
1437 2726 1535 2779 illi.
1562 2724 1881 2780 Psalterium
1907 2727 2088 2780 decem
2113 2726 2272 2780 chor-

715 2821 912 2876 (larum
963 2833 1163 2887 corpus
1208 2827 1364 2873 vocat
1409 2836 1423 2870 :
1479 2819 1675 2888 quippe
1726 2818 1870 2887 quod
1916 2818 2154 2887 quinque
2203 2817 2274 2871 sit

716 2910 968 2964 sensibus
1011 2909 1331 2978 praeditum,
1365 2919 1418 2963 et
1462 2909 1606 2978 quod
1643 2909 1884 2978 quinque
1933 2910 2272 2978 operationes

717 3000 896 3054 anima
927 3001 1138 3060 habeat,
1171 3015 1265 3069 per
1291 2999 1532 3070 singulos
1562 3015 1796 3069 namque
1825 3015 2019 3055 sensus
2051 3001 2274 3071 singula:

718 3091 1060 3160 operatioues
1091 3091 1418 3144 excitantur.

788 3182 841 3236 3.
879 3179 1099 3236 Caritate
1128 3182 1175 3235 ei
1203 3183 1465 3236 canticum
1491 3198 1696 3236 nouunt.
1723 3183 1918 3252 Aperte
1945 3181 2076 3236 dicit
2104 3182 2271 3251 legem

719 3271 882 3328 Iiosis
915 3273 1073 3326 linem
1100 3274 1393 3343 accepisse.

789 3361 844 3418 ι.
887 3364 1024 3427 Quia
1051 3375 1246 3416 rectum
1275 3371 1350 3415 est
1374 3361 1586 3415 verbum
1616 3361 1848 3416 Domini.
1897 3362 2274 3435 Evangelicum

720 3454 985 3508 videlicet.
1033 3456 1102 3507 Et
1130 3454 1303 3507 omnia
1334 3471 1489 3524 opera
1531 3454 1644 3524 ejus
1674 3455 1728 3507 in
1753 3455 1876 3522 ﬁde.
1911 3455 2274 3520 Credendum,

721 3543 916 3614 inquit,
957 3542 1024 3598 iis
1051 3557 1172 3613 qua:
1199 3543 1308 3607 ille,
1346 3543 1584 3599 utDeum
1613 3543 1862 3607 decebat,
1893 3553 2154 3613 operatus
2169 3557 2272 3601 est.

787 3723 840 3777 5'.
883 3721 1070 3792 Diligit
1128 3722 1537 3776 misericordiam
1599 3733 1648 3777 et
1690 3723 1957 3794 judicium
1998 3724 2274 3780 Dominus.

721 3813 864 3879 llaec,
897 3815 1071 3885 inquit
1095 3855 1109 3878 ,
1146 3815 1379 3883 postulat
1418 3816 1485 3870 ab
1514 3816 1581 3872 iis
1607 3818 1700 3886 qui
1733 3817 1962 3873 credunt
1989 3818 2044 3872 in
2076 3819 2274 3889 ipsum.

722 3907 1090 3961 Misericordia
1118 3907 1330 3962 Domini
1362 3909 1516 3978 plena
1546 3919 1622 3964 est
1661 3919 1823 3964 terra.
1859 3907 2156 3966 Ostendere
2190 3912 2276 3966 in-

717 4000 848 4068 cipit
871 4000 1047 4068 ipsum
1071 4015 1249 4055 rerum
1276 4003 1521 4055 omnium
1544 4011 1850 4057 creatarum
1873 4002 2116 4072 opiﬁcem
2134 4017 2275 4068 esse,

719 4099 774 4145 et
812 4090 1026 4160 quidem
1075 4091 1308 4161 primum
1356 4100 1514 4146 teme
1553 4107 1714 4161 quam
1765 4091 2135 4149 misericordia
2188 4107 2277 4146 re-

719 4180 896 4251 plesse
925 4180 1000 4234 ait
1039 4195 1054 4233 :
1103 4196 1277 4250 neque
1319 4182 1463 4236 enim
1509 4183 1643 4238 alias
1693 4183 2044 4249 consisteret,
2075 4183 2180 4237 nisi
2213 4197 2276 4237 ea

720 4273 920 4340 repleta
950 4281 1112 4327 esset.
1148 4271 1214 4327 Et
1255 4287 1386 4329 sane
1427 4289 1602 4344 neque
1636 4273 1760 4329 C(Bli
1807 4288 2044 4344 unquam
2073 4275 2279 4328 consti-

720 4365 914 4418 tissent
934 4404 950 4430 ,
977 4363 1081 4418 nisi
1110 4364 1273 4419 verbo
1300 4365 1418 4436 ejus
1447 4364 1646 4420 ﬁrmati
1685 4365 1944 4432 fuissent,
1985 4365 2277 4436 itidemque

718 4452 945 4508 virtutes
969 4466 1154 4508 eorum
1174 4491 1189 4518 ,
1224 4467 1415 4523 nempe
1443 4453 1638 4509 divina:
1668 4464 1722 4509 et
1751 4453 2118 4510 rationabiles.

786 4623 998 4696 [Diligit
1048 4626 1228 4697 itaque
1278 4624 1704 4682 misericordiam
1738 4640 1865 4696 erga
1913 4624 2268 4696 pmnitentcs;

718 4716 891 4786 diligit
917 4716 1180 4786 judicium
1214 4733 1400 4772 eorum
1442 4718 1535 4787 qui
1577 4733 1803 4788 peccare
1832 4732 1940 4772 non
1980 4716 2268 4772 desistunt.

720 4805 850 4861 Tale
881 4809 1152 4877 quidpiam
1185 4806 1349 4863 Isaias
1373 4807 1482 4864 Deo
1509 4809 1771 4878 loquitur,
1805 4807 1946 4873 Quia
1975 4808 2272 4861 misericor-

717 4897 811 4950 dia
836 4907 927 4950 tua
952 4899 1006 4950 in
1028 4914 1326 4952 mensuram
1351 4899 1433 4953 "z
1467 4899 1736 4970 siquidem
1772 4900 1887 4969 ipse
1913 4913 2036 4953 cum
2067 4897 2272 4968 judicio

717 4987 1142 5043 misericordiam
1188 4997 1406 5060 praestat
1427 5030 1444 5054 ,
1495 4991 1548 5044 in
1581 4992 1819 5061 pondere
1843 4998 1897 5045 et
1924 5005 2150 5044 numero
2186 5005 2271 5043 re-

718 5079 958 5135 tribuens
987 5095 1084 5150 pro
1112 5081 1376 5150 cujusque
1403 5080 1643 5154 merito.]

783 5172 836 5226 ϐ.
889 5173 1051 5227 Verba
1077 5174 1288 5228 Domini
1311 5176 1424 5228 creti
1455 5177 1657 5245 ﬁrmati
1685 5186 1824 5231 sunt.
1853 5175 1919 5230 Et
1947 5176 2034 5231 hic
2053 5192 2271 5247 quoque

716 5278 900 5322 sancta
927 5267 1163 5325 Trinitas
1186 5270 1514 5326 declaratur.
1535 5270 1604 5324 Et
1628 5273 1816 5342 spiritu
1842 5272 1947 5325 oris
1967 5271 2078 5341 ejus
2099 5273 2268 5325 omnis

713 5359 880 5412 uirtus
925 5376 1124 5414 eorum.
1167 5362 1240 5417 Us
1282 5360 1376 5416 Dei
1413 5360 1672 5432 Spiritum
1707 5373 1955 5418 sanctum
1985 5365 2116 5419 dicit
2147 5383 2160 5418 :
2192 5364 2264 5418 si-

713 5451 931 5520 quidem
964 5453 1232 5521 propheta:
1276 5468 1398 5507 cum
1431 5469 1496 5508 eo
1543 5455 1754 5509 amante
1784 5455 2152 5525 loquerentur,
2187 5457 2270 5511 di-

713 5542 992 5608 cebant",
1019 5544 1264 5612 quoniam
1297 5560 1353 5596 os
1391 5544 1601 5598 Domini
1633 5547 1742 5601 hac
1766 5547 1996 5600 locutum
2027 5557 2124 5600 est.

782 5715 832 5770 7.
874 5717 1203 5790 Congregans
1231 5724 1366 5778 sicut
1398 5726 1451 5780 in
1480 5737 1592 5780 utre
1627 5744 1792 5798 aquas
1819 5730 2001 5785 maris.
2030 5729 2268 5801 Congre-

781 5830 826 5862 ⁶⁹
854 5829 954 5888 lsa.
989 5849 1178 5901 xxvnt,
1216 5836 1299 5890 l7.
1379 5839 1422 5871 τ’
1457 5837 1561 5895 lsa.
1595 5856 1632 5910 ι,
1655 5841 1746 5898 ‘20.

2361 637 2630 708 εἰρηκὼς,
2679 639 2907 692 ἱκετεύει
2963 639 3069 691 τῶν
3125 640 3213 693 διὰ
3267 640 3470 712 ταύτην
3527 645 3918 715 ἐπενεχθέντων

2365 726 2739 795 ἀπαλλαγῆναι
2788 728 2992 780 κακῶν.
3028 729 3134 780 Καὶ
3171 728 3348 798 μέντοι
3387 732 3479 783 καὶ
3522 733 3779 802 τυγχάνει
3824 734 3919 802 τῆς

2362 816 2731 886 ἀ.τοκρίσεως’
2769 817 2912 886 λέγει
2967 817 3073 887 γὰρ
3143 818 3278 889 πρὸς
3333 819 3491 873 αὑτὸν
3546 822 3920 894 φιλάνθρωπος

2363 906 2562 975 Κύριος
2584 923 2597 935 ·
2634 907 2887 959 Συνετιῶ
2911 923 2984 962 σε
3035 908 3128 960 καὶ
3164 909 3425 976 σισρόισῶ
3453 927 3526 964 σε
3551 913 3620 965 ἐν
3648 913 3766 980 ὀδῷ
3791 919 3923 969 tati-

2362 1013 2454 1062 τῃ.
2483 995 2775 1066 Εύξαμένῳ
2800 996 3065 1066 λυτρωσιν
3093 996 3299 1067 ἐχθρῶν
3325 999 3741 1068 ἀντιφθέγγεται
3769 1001 3918 1064 Θεὸς,

2362 1086 2639 1156 ὁδηγήσειν
2668 1087 3124 1158 ἐπαγγελλόμενος
3149 1090 3204 1139 ἐν
3236 1089 3416 1158 εὐθείᾳ
3453 1089 3574 1158 ὀδῷ.

2433 1177 2528 1245 Μὴ
2573 1179 2842 1246 γίνεσθαι
2884 1180 2962 1244 ὡς
3010 1180 3192 1244 ἵππος
3233 1179 3328 1232 καὶ
3370 1181 3650 1248 ⁴ἡμίονος,
3679 1176 3770 1246 οἷς
3817 1183 3925 1238 οὐκ

2365 1269 2495 1324 ἐστι
2541 1271 2812 1336 σύνεσις.
2856 1272 3166 1341 Εἱσηγεῑται
3215 1275 3328 1334 τοῖς
3377 1273 3777 1342 ἁμαρτάνουσι.
3816 1278 3926 1337 τοῖς

2366 1358 2580 1422 ἀλόγοις
2616 1359 2690 1430 μὴ
2731 1359 2989 1412 ἐκδιδόναι
3026 1360 3220 1423 αὐτοὺς
3245 1361 3459 1415 πάθεσι.
3506 1362 3600 1414 Ἐν
3631 1361 3797 1432 κημῷ
3830 1365 3924 1417 καὶ

2366 1446 2592 1516 χαλινῷ
2622 1448 2728 1512 τὰς
2752 1449 3038 1516 σιαγόνας
3064 1447 3261 1502 αὐτῶν
3289 1449 3509 1518 ἇγξεις.
3549 1450 3634 1512 Ὠς
3663 1451 3800 1522 πρὸς
3837 1451 3927 1504 τὸν

2366 1538 2568 1610 Κύριον
2591 1541 2618 1591 ὁ
2649 1538 2821 1607 λόγος.
2857 1540 2921 1592 Ὀ
2954 1539 3010 1592 δέ
3042 1539 3208 1607 λέγει,
3245 1540 3479 1594 τοιοῦτόν
3515 1543 3652 1594 ἐστι’
3677 1542 3814 1605 Τοὺς
3855 1541 3928 1612 μὴ

2370 1628 2718 1699 βουλομένους
2764 1635 3040 1700 μετανοεῖν
3085 1626 3173 1686 οἷά
3220 1649 3325 1685 τινι
3367 1632 3565 1702 χαλινῴ
3607 1634 3929 1706 ἐπίστρεψον

2369 1721 2500 1792 πρὸς
2531 1721 2738 1776 ἑαυτόν.

2522 1812 2826 1866 ΨΛΛΜΟΣ
2869 1812 2948 1878 τῷ
2989 1814 3166 1868 Δαυῒδ
3206 1816 3606 1883 ἀνεπίγραφος
3654 1818 3789 1884 παρ’

2917 1905 3218 1972 Ἑϐραίοις.
3261 1910 3390 1960 AB’.

2985 1997 3310 2063 Ὺπόθεσις.

2379 2086 2464 2139 Ἐν
2493 2084 2664 2155 τούτῳ
2696 2085 2932 2139 διδάσκει
2967 2087 3093 2150 τοὺς
3134 2087 3232 2158 ἢδη
3268 2089 3659 2155 πιστεύσαντας
3691 2092 3772 2154 είς
3795 2090 3932 2160 Χρ.-

2439 2177 2580 2239 στὸν,
2607 2176 2773 2230 αίνείν
2797 2177 2885 2228 τὸν
2911 2179 3112 2230 ἑαυτῶν
3143 2181 3714 2251 Δεσπότην,διδάσκων
3740 2181 3935 2243 αὐτοὺς

2443 2271 2559 2339 ἅμα
2589 2273 2688 2340 τῆς
2719 2269 2998 2339 δυνάμεως
3028 2270 3188 2323 αὑτοῦ
3213 2273 3311 2342 τὴν
3346 2273 3632 2345 ὑπεροχὴν,
3666 2275 3748 2327 ὅτι
3775 2273 3936 2336 αὐτὸς

2441 2359 2639 2431 eam;
2668 2358 2774 2412 τῶν
2818 2359 2973 2424 ὅλων,
3009 2360 3173 2424 αὐτὸς
3208 2363 3433 2433 Κύριος,
3468 2365 3627 2428 αὐτὸς
3665 2366 3789 2430 τοὺς
3837 2364 3936 2434 μὲν

2440 2451 2706 2521 πονηροὺς
2731 2451 3018 2517 ἐξουθενεῖ,
3049 2452 3141 2504 καὶ
3171 2452 3608 2509 διασκεδάννυσιν
3631 2455 3812 2510 αὐτῶν
3840 2455 3938 2518 vi;

2445 2540 2658 2610 βουλὰς,
2690 2542 2818 2604 τοὺς
2847 2541 2902 2594 δὲ
2931 2542 3245 2608 ἐλπίζοντας
3278 2547 3364 2598 ἐπ’
3390 2547 3549 2601 αὑτὸν
3573 2545 3755 2612 σώζει.

2455 2631 2868 2701 Ἀγαλλιιῑσθε,
2900 2632 3147 2699 δίκαιοι,
3177 2637 3246 2689 ἐν
3273 2639 3469 2706 Κιιρίφ
3512 2678 3526 2692 .
3572 2681 3586 2694 .
3629 2678 3644 2691 .
3689 2679 3703 2694 .
3750 2678 3766 2693 .
3812 2677 3826 2691 .
3871 2639 3940 2692 ἐν

2370 2723 2678 2791 ’.ί-αλτηρΐφ
2719 2721 3057 2789 δεκαχόρδῳ
3098 2724 3332 2791 titillare
3375 2726 3555 2793 αὐτῷ.
3605 2729 3939 2802 Δεκάχορδον

2369 2815 2664 2886 ψαλτήριον
2685 2813 2746 2865 τὸ
2769 2811 2927 2883 σῶμά
2959 2829 3143 2883 φησιν,
3171 2816 3266 2867 am:
3296 2816 3454 2869 πέντε
3483 2817 3759 2888 αἰσθήσεις
3793 2818 3938 2889 ἔχον,

2372 2909 2465 2961 καὶ
2500 2908 2658 2961 πέντε
2704 2906 2980 2976 ἐνεργείας
3012 2907 3209 2976 ψυχῆς,
3247 2908 3316 2962 δι’
3363 2909 3598 2982 ἑκάστης
3629 2911 3939 2981 αἰσθήσεως

2371 2999 2656 3070 γινομένης
2682 3000 2959 3071 ἐνεργείας
2987 3001 3243 3073 ἑκάστης.

2446 3178 2664 3246 ’ᾼσατε
2692 3176 2850 3244 αὐτῷ
2876 3172 3040 3248 ᾆσμα
3076 3182 3305 3232 καινόν.
3333 3179 3525 3248 Σαφῶς
3554 3180 3644 3235 τὸν
3676 3181 3764 3233 διὰ
3808 3183 3942 3234 Μω-

2377 3268 2512 3332 σέως
2540 3270 2699 3339 νόμον
2729 3269 2877 3334 τέλος
2909 3271 3197 3341 ἐσχηκέναι
3229 3271 3412 3341 φησίν.

2447 3360 2566 3412 Ὅτι
2594 3359 2773 3424 εὐθὺς
2797 3363 2829 3413 ό
2851 3361 3034 3428 λόγος
3064 3359 3168 3413 τοῦ
3201 3361 3443 3427 Κυρίου.
3484 3360 3541 3414 '0
3591 3361 3944 3430 εὖαγγελικὸς

2373 3448 2628 3519 δηλονότι.
2654 3451 2761 3504 Καὶ
2796 3449 2989 3503 πάντα
3017 3450 3088 3503 τὰ
3119 3450 3262 3520 ἔργα
3295 3451 3480 3506 αὐτοῦ
3505 3452 3574 3504 ἐν
3600 3453 3823 3506 πίστει.
3855 3454 3942 3506 Il:-

2377 3540 2584 3592 στεύειν
2609 3539 2708 3606 δεῖ,
2737 3541 2890 3609 φησὶ,
2913 3543 3024 3603 τοῖς
3052 3540 3117 3592 δι’
3148 3540 3310 3593 αὑτοῦ
3343 3540 3658 3612 θεοπρεπῶς
3691 3544 3944 3614 ἐνεργουο

2380 3631 2578 3701 μένοις.

2459 3719 2672 3792 ’Λταπᾷ
2723 3722 3141 3791 ἐλεημοσύνην
3204 3723 3303 3776 καὶ
3358 3724 3558 3794 κρίσιν
3613 3729 3647 3780 ό
3704 3729 3942 3796 Κύριος.

2376 3813 2580 3879 Ταῦτα,
2612 3815 2797 3885 φησὶν,
2830 3815 3050 3869 ἀπαιτεῖ
3091 3818 3217 3880 τοὺς
3249 3819 3329 3880 είς
3371 3818 3530 3872 αὐτὸν
3563 3821 3942 3887 πιστεύοντας.

2381 3903 2489 3958 Τοῦ
2536 3903 2745 3968 ἐλέους
2787 3905 3005 3972 Κυρίου
3039 3907 3276 3975 πλήρης
3321 3909 3359 3975 ἡ
3405 3907 3501 3978 γῆ.
3544 3910 3805 3980 ’Λρχεται
3849 3913 3944 3966 τοῦ

2377 3992 2470 4044 καὶ
2502 3991 2730 4061 ποιητὴν
2773 3991 2902 4046 ὄντα
2931 3993 3091 4046 αὐτὸν
3123 3995 3222 4064 τῆς
3269 3996 3449 4067 πάσης
3478 3997 3706 4063 κτίσεως
3731 3998 3944 4054 δεικνύ-

2376 4100 2483 4148 ναι,
2531 4082 2623 4137 καὶ
2671 4084 2777 4152 πρό
2819 4101 2881 4152 γε
2919 4085 3016 4156 τῆς
3049 4086 3152 4158 γῆς
3183 4087 3250 4158 ην
3297 4087 3391 4141 καὶ
3435 4088 3615 4152 ἐλέους
3655 4090 3944 4162 πληρῶσαί

2376 4192 2558 4246 φησιν·
2585 4175 2678 4228 καὶ
2703 4176 2803 4229 οῦκ
2833 4175 2899 4230 ἂν
2923 4177 3095 4241 ἄλλως
3122 4181 3504 4251 συνεστηκέναι
3536 4182 3610 4253 μὴ
3631 4182 3823 4238 τούτου
3853 4186 3944 4251 γέ-

2379 4283 2572 4336 μουσα.
2625 4266 2840 4336 Ἀμέλει
2880 4268 2973 4320 καὶ
3016 4269 3067 4320 οί
3109 4269 3327 4340 οὐρανοὶ
3368 4271 3467 4324 οὐκ
3511 4273 3576 4326 ἄν
3622 4290 3751 4327 ποτε
3817 4294 3943 4330 συν-

2375 4357 2625 4427 έστησαν,
2655 4357 2702 4410 εί
2733 4357 2805 4428 μὴ
2837 4357 2910 4428 τῷ
2937 4357 3079 4430 λόγῳ
3107 4360 3270 4413 αὑτοῦ
3297 4360 3692 4433 διεκρατοῦντο,
3716 4367 3810 4420 καὶ
3836 4367 3944 4439 μὴν

2377 4448 2467 4500 καὶ
2497 4449 2552 4500 αί
2581 4447 2834 4519 δυνάμεις
2866 4449 3074 4516 αὐτῶν,
3115 4451 3392 4504 τουτέστιν
3423 4454 3480 4505 αἱ
3525 4453 3665 4508 θεῖαι
3715 4455 3811 4509 καὶ
3856 4456 3944 4510 λο-

2301 4567 2347 4623 ι)
2375 4539 2546 4606 γικαί.

2445 4630 2694 4702 [Ἀγαπᾷ
2724 4627 2816 4686 οῦν
2841 4632 3208 4705 ἐλεημοσύνην
3249 4634 3340 4686 ἐπὶ
3375 4633 3484 4687 τῶν
3513 4633 3939 4705 μετανοούντων·

2371 4720 2558 4790 ἀγαπᾷ
2587 4720 2643 4772 δὲ
2673 4719 2848 4791 κρίσιν
2881 4722 2974 4774 ἐπὶ
2999 4721 3106 4774 τῶν
3135 4722 3445 4777 ἀνενδότων.
3475 4723 3727 4778 Τοιοῦτον
3755 4725 3816 4779 δὲ
3847 4727 3944 4780 καὶ

2369 4811 2397 4861 ὁ
2433 4810 2657 4873 Ἡσαΐας
2688 4809 2831 4879 λέγει
2872 4809 2950 4881 τῷ
2989 4811 3137 4883 Θεῷ·
3167 4814 3287 4866 Ὅτι
3321 4815 3359 4881 ὴ
3392 4815 3772 4883 ἐλεημοσύνη
3821 4833 3942 4875 σου

2369 4902 2455 4965 είς
2504 4901 2802 4970 σταθμόν·
2839 4902 2930 4954 καὶ
2975 4902 3082 4975 γὰρ
3123 4903 3371 4968 κάκεῖνος
3406 4905 3503 4976 τὴν
3536 4906 3674 4976 μετά
3703 4908 3943 4978 κρίσεως

2370 4992 2733 5062 ἐλεημοσύνην
2761 4991 3075 5065 παρίστησι,
3108 4994 3257 5066 ζυγῷ
3285 4996 3379 5050 καὶ
3413 4995 3632 5069 ἀριθμῷ
3664 4998 3810 5052 κατὰ
3839 5002 3942 5072 τὴν

2369 5083 2597 5136 ἑκάστου
2630 5082 2785 5148 ἀξίαν
2813 5085 3344 5158 άντιμετρούμενος.]

2445 5175 2527 5240 Τῷ
2580 5177 2740 5245 λόγῳ
2795 5177 3014 5243 Κυρίου
3064 5180 3118 5230 oi
3167 5180 3406 5247 οὐρανοὶ
3463 5177 3938 5247 ἐστερεώθησαν.

2368 5267 2606 5340 Δήλωσις
2634 5267 2908 5322 κάνταῦθα
2929 5269 3026 5340 τῆς
3058 5270 3218 5339 ἀγίας
3247 5270 3494 5341 Τριάδος.
3525 5272 3631 5326 Kal
3658 5270 3738 5336 τῷ
3763 5276 3942 5328 πνεύ-

2361 5374 2503 5425 ματι
2542 5358 2648 5411 τοῦ
2695 5359 2988 5425 στόματος
3035 5359 3221 5412 αὐτοῦ
3269 5357 3437 5413 πᾶσα
3474 5358 3512 5425 ἡ
3546 5357 3798 5429 δύναμις
3825 5362 3941 5415 ai»

2367 5445 2503 5499 τῶν.
2536 5447 2714 5517 Στόμα
2750 5446 2884 5499 Θεοῦ
2917 5447 2976 5499 τὸ
3005 5446 3225 5518 Πνεῦμα
3269 5448 3329 5502 τὸ
3362 5450 3513 5516 άγιον
3552 5448 3718 5519 λέγειν
3752 5453 3802 5505 οἳ
3829 5451 3939 5522 γάρ

2368 5537 2643 5609 προφῆται
2666 5539 2732 5591 δι’
2762 5537 2923 5592 αὑτοῦ
2948 5539 3228 5604 λαλοῦντες
3254 5541 3435 5610 ἔλεγον
3458 5558 3471 5571 ·
3501 5541 3620 5594 Ὅτι
3648 5542 3715 5594 τὸ
3743 5547 3941 5615 στόμα

2367 5633 2585 5699 Κυρίου
2614 5632 2882 5700 ἐλάλησε
2913 5632 3117 5688 ταῦτα.

2438 5723 2718 5792 Σιννάγιων
2759 5723 2897 5778 ὡσεί
2947 5723 3140 5779 ἀσκὸν
3181 5724 3365 5778 ὕδατα
3397 5724 3728 5793 θαλάσσης.
3764 5727 3937 5799 Προσ-
