4122 6498
196 481 292 537 165

1294 471 1651 529 EXPOSITIO
1689 471 1754 524 IN
1795 471 2118 528 PSALHUM
2156 473 2385 529 XXXlll.

3343 471 3445 526 166

199 608 572 667 καλουμενος,
611 598 778 668 φησι.
809 597 868 649 τὸ
909 595 1050 666 ὕδωρ
1081 595 1178 665 τῆς
1208 593 1499 664 Θαλάσσης,
1535 593 1783 660 καθάπερ

1889 609 2037 662 gans,
2077 595 2270 663 inquit.
2322 593 2479 664 quasi
2513 593 2564 647 in
2593 602 2713 648 utre
2748 593 2982 661 quodam
3020 605 3214 659 aquam
3257 593 3446 657 maris,

205 688 260 740 ἑν
290 684 446 754 ἀσκῷ
473 701 586 737 τινι
608 724 622 747 ,
652 687 774 746 ταῖς
802 683 1046 750 νεςιςέλαις
1076 680 1413 749 ὲπισυνέχει·
1448 681 1523 742 ὼς
1561 680 1653 732 καὶ
1685 678 1778 731 ἀλ-

207 777 369 848 λαχοῦ
415 794 609 848 φησιν·
651 778 704 829 '0
735 775 1219 844 προκαλούμενος
1252 775 1316 827 τὸ
1347 775 1501 841 ὕδωρ
1540 771 1646 840 τῆς
1678 775 1781 825 θα-

212 870 473 936 λάσσης,
508 870 608 923 καί
653 867 876 937 ἐκχέων
913 867 1056 920 αὐτὸ
1093 867 1188 920 ἐπὶ
1234 867 1554 934 πρόσωπον
1584 866 1782 933 πάσης

215 962 323 1030 τῆς
356 962 488 1031 τῆς·
520 961 614 1012 καὶ
642 960 819 1013 πάλιν·
863 957 1113 1026 Ὰνὰγων
1144 957 1400 1025 νεφέλας
1424 957 1492 1022 ἐξ
1521 956 1782 1026 ἐσχάτου

217 1050 323 1118 τῆς
352 1049 482 1120 m’c.
525 1051 712 1115 Τιθεὶς
736 1050 805 1102 ὲν
831 1047 1153 1116 θησαυροῖς
1185 1037 1512 1113 ἀϐύσσους.
1541 1048 1648 1101 Καὶ
1685 1047 1783 1110 τὰς

217 1144 483 1205 ἀϐύσσους
508 1183 523 1205 ,
562 1143 728 1212 φησι,
762 1140 1006 1211 καθάπερ
1040 1141 1096 1193 ὲν
1141 1139 1432 1211 Θησαοροίς
1473 1137 1780 1209 σφραγίζει,

217 1235 306 1290 ἵνα
330 1234 406 1304 μὴ
431 1233 820 1296 ἀναδλύζουααι
846 1232 1175 1285 ὲπικλύσωσι
1203 1233 1299 1301 τὴν
1325 1231 1492 1302 ξηράν

286 1323 604 1392 Φοϐηθτῇω
627 1322 733 1376 τὸν
755 1322 971 1389 Κύριον
997 1319 1160 1376 πᾶσα
1185 1322 1222 1387 ή
1253 1319 1348 1389 τῆ.
1375 1321 1605 1391 Μηκέτι,
1631 1319 1780 1390 φησὶ,

214 1420 326 1480 τοῖς
357 1415 650 1486 δαιμονίοις
693 1412 1011 1483 προσαγέτω
1056 1415 1089 1484 ὴ
1119 1412 1192 1482 γῆ
1219 1412 1279 1465 τὸ
1311 1411 1490 1475 σέϐας.
1532 1413 1648 1465 Ἀπ’
1681 1414 1745 1465 αἰ

214 1509 322 1562 τοῦ
371 1507 439 1560 δὲ
491 1506 961 1572 σαλευθήτωσαν
1001 1503 1221 1570 πάντες
1266 1507 1319 1557 ol
1368 1503 1785 1567 κατοικοῦντες

215 1600 330 1668 τὴν
357 1600 734 1670 οἰκουμένην.
779 1600 1116 1663 Ἀκούοντες,
1160 1599 1356 1669 φησὶν,
1400 1598 1563 1651 αὑτοῦ
1610 1599 1659 1650 oi
1688 1597 1785 1667 τὴν

214 1688 539 1761 οίκουμένην
569 1689 842 1753 οίκοῦντες
878 1689 1173 1760 ἄνθρωποι,
1205 1689 1305 1758 τῆς
1344 1689 1614 1761 προτέρας
1657 1689 1786 1742 στά-

216 1798 356 1844 σεως
399 1777 467 1852 ἦς
511 1776 652 1850 εἶχον
697 1779 1220 1850 εἰδωλολατροῦντες,
1252 1766 1492 1851 δήλονότι
1525 1779 1783 1850 σαλευθή-

213 1889 395 1925 τωσαν
427 1871 505 1941 τῷ
539 1871 652 1941 ίδίῳ
679 1871 990 1941 δημιουργῷ
1017 1872 1400 1936 ὑπακούοντες.

1882 689 1936 742 ἰιι
1971 687 2202 746 nubibus
2239 688 2476 741 continet
2505 686 2649 738 illam
2684 702 2698 736 :
2739 684 3198 754 quemadmodum
3247 693 3299 737 et
3339 684 3448 737 alio

1883 779 2003 832 loco
2045 778 2182 830 ait"
2221 792 2232 825 :
2265 775 2368 840 Qui
2400 786 2644 828 conuocat
2678 791 2865 842 aquam
2908 774 3073 825 maris
3096 813 3111 837 ,
3147 784 3191 824 et
3225 772 3450 840 e/fundit

1882 890 1996 927 eam
2026 886 2180 938 super
2211 870 2398 937 faciem
2425 870 2682 922 universa:
2712 877 2882 920 terrae.
2913 865 2976 918 Et
3009 882 3226 920 rursum
3257 883 3270 919 :
3306 863 3452 918 Edu-

1884 979 1999 1016 cens
2045 959 2202 1013 nubes
2239 960 2303 1012 ab
2351 968 2578 1012 extremo
2629 967 2802 1011 terrm.
2846 955 3048 1009 Ponens
3090 955 3142 1006 in
3191 953 3449 1006 thesauris

1884 1055 2120 1124 abyssos.
2137 1051 2202 1104 Et
2223 1051 2467 1118 abyssos,
2489 1049 2785 1117 inquit,ceu
2807 1047 2860 1100 in
2884 1046 3157 1101 thesauris
3177 1045 3448 1114 obsignat,

1887 1159 1952 1199 ne
1983 1143 2338 1199 scaturientes
2367 1151 2564 1194 terram
2600 1136 2882 1191 inundent.

1954 1318 2007 1371 8.
2043 1316 2243 1371 Timcat
2270 1313 2554 1368 Dominum
2577 1313 2742 1366 omnis
2769 1321 2930 1367 terra.
2955 1309 3032 1366 Nc
3061 1310 3224 1367 ultra.
3251 1309 3451 1377 inquit.

1883 1409 2220 1466 daemonibus
2253 1416 2392 1461 terra
2421 1406 2626 1459 cnltmn
2661 1403 2869 1458 oll'erat.
2914 1403 2989 1457 Ab
3026 1419 3086 1456 eo
3111 1411 3283 1454 autem
3310 1418 3454 1454 com-

1883 1511 2185 1556 moveantur
2212 1514 2385 1552 omnes
2412 1497 2766 1550 inhabitantes
2794 1495 2985 1548 orbem.
3023 1493 3125 1557 Qui
3158 1494 3343 1548 orbem
3375 1493 3456 1546 in-

1885 1593 2069 1648 colunt
2109 1589 2355 1644 homines
2389 1589 2480 1658 qui
2515 1588 2667 1656 prius
2720 1587 2879 1642 idolis
2922 1586 3084 1642 dediti
3135 1595 3322 1650 erant,
3357 1601 3455 1639 au—

1884 1685 1996 1740 dito
2045 1683 2164 1752 ejus
2215 1685 2433 1738 nomine
2480 1689 2930 1738 commoveantur
2975 1693 3184 1747 suoque
3230 1687 3455 1747 parcant

1885 1777 2174 1832 conditori.

289 1963 410 2016 Ὀτι
435 1937 773 2028 αυτὸς-εἷάε
801 1937 895 2016 καί
924 1937 1324 2031 ἐνενήθησαν,
1355 1960 1538 2027 αὐτὸς
1569 1961 1786 2013 ἐνετεί-

1963 1967 2016 2022 9.
2061 1966 2323 2030 Quoniam
2347 1966 2457 2034 ipse
2479 1965 2615 2018 dixit
2638 1975 2686 2018 et
2723 1965 2865 2033 facta
2888 1971 3029 2028 sunt,
3054 1963 3163 2032 ipse
3185 1963 3456 2016 mandarit

212 2054 502 2117 .lato,xal
529 2055 914 2120 ἐκτίσθησαν.
958 2055 1022 2107 Ἦ
1056 2055 1152 2124 μὲν
1181 2055 1402 2124 γένησις
1435 2053 1533 2123 τὴν
1565 2052 1670 2106 τῶν
1703 2052 1788 2105 λο-

213 2143 387 2210 γικῶν
415 2142 640 2212 ούσιώδη
663 2142 827 2212 δηλοῖ·
854 2143 886 2212 ἡ
911 2141 966 2193 δὲ
989 2142 1160 2205 κτίσις
1182 2143 1280 2212 τὴν
1304 2140 1410 2194 ἀπὸ
1433 2138 1524 2192 τοῦ
1550 2139 1787 2210 χείρονος

215 2233 393 2284 tif-.16
416 2233 657 2304 κρεῖττον
701 2233 951 2303 σημαίνει
989 2231 1311 2303 μεταϐολήν.
1356 2233 1428 2286 Εἴ
1466 2249 1556 2296 τις
1583 2232 1692 2301 γὰρ
1720 2231 1789 2285 ἐν

215 2323 450 2391 Χριστῷ
480 2324 658 2392 καινὴ
687 2327 900 2391 κτίσις.

290 2417 508 2483 Κύριος
538 2415 902 2477 διασκεδάζει
929 2417 1164 2482 ,ϐουλὰς
1191 2415 1401 2471 ἐθνῶν.
1434 2416 1553 2468 Τῶν
1582 2415 1788 2486 νοητῶν

215 2506 481 2575 δηλονότι.
519 2507 724 2559 Ἀθετεῑ
763 2506 830 2558 δὲ
871 2506 1198 2575 λογισμοὺς
1228 2505 1420 2571 λαῶν,
1455 2506 1553 2559 καὶ
1597 2504 1795 2560 ἀθετεῖ

210 2598 454 2664 ,βουλὰς
480 2599 804 2666 ἀρχόντων.
845 2597 1180 2665 Ἀπράκτους
1204 2598 1311 2668 γὰρ
1340 2597 1626 2661 ἐπιϐουλὰς
1653 2599 1781 2652 τεάν⁹

217 2707 329 2741 των
378 2688 539 2758 ἔθηκε
592 2687 700 2739 τῶν
764 2689 1065 2753 Ἰουδαίων,
1115 2690 1409 2760 τριήμερος
1458 2689 1786 2760 ἀναστήσας.

218 2778 396 2831 Τοῦτο
452 2778 559 2848 γὰρ
607 2773 674 2848 ἦν
717 2778 745 2831 6
785 2779 878 2832 καὶ
924 2778 1204 2849 βούλεται,
1237 2779 1380 2848 ὅπερ
1420 2779 1519 2833 καὶ
1561 2781 1648 2843 εις
1685 2779 1790 2831 τὸν

217 2870 407 2924 αἰῶνα
429 2869 616 2939 μένει.

292 2961 575 3030 Λοτισμοι
625 2958 732 3028 τῆς
778 2961 1022 3029 καρδίας
1064 2960 1249 3014 αὐτοῦ
1301 2962 1387 3026 είς
1436 2960 1648 3030 γενεὰν
1691 2962 1788 3014 καί

218 3052 454 3124 τενεὰν.
495 3051 575 3104 Τα
605 3051 868 3120 δόγματα,
917 3051 1098 3120 φησὶν,
1125 3049 1160 3105 ἃ
1191 3049 1534 3120 βεϐούλευται
1580 3052 1672 3104 καὶ
1712 3052 1790 3114 εἰς

216 3143 312 3198 τὸν
341 3143 580 3214 παρόντα
618 3143 786 3196 αίῶνα
823 3143 917 3196 καὶ
959 3144 1036 3206 είς
1069 3143 1161 3194 τὸν
1197 3143 1478 3213 μέλλοντα.
1526 3143 1790 3212 Λογισμυὶ

1887 2069 1934 2112 et
1979 2068 2156 2112 creata
2200 2067 2341 2113 sunt.
2400 2056 2592 2109 Factio
2641 2057 3044 2110 rationabilium
3097 2055 3454 2109 substantiam

1887 2152 2111 2205 denotat
2145 2166 2158 2202 :
2195 2149 2397 2204 ereatio
2439 2159 2641 2210 autem,
2673 2164 2700 2201 a
2746 2149 2930 2218 peiore
2962 2149 3013 2201 in
3045 2148 3240 2202 melius
3276 2157 3453 2200 muta-

1889 2242 2087 2297 tionem
2117 2257 2130 2292 :
2170 2239 2227 2295 Si
2259 2257 2375 2312 qua!
2405 2241 2540 2295 enim
2575 2241 2628 2293 in
2655 2239 2866 2294 Christo
2893 2255 3023 2292 noua
3053 2240 3383 2292 creatura".

1962 2419 2050 2474 10.
2097 2419 2346 2472 Dominus
2377 2419 2602 2486 dissipat
2637 2418 2860 2471 consilia
2898 2418 3148 2488 gentium.
3190 2414 3458 2486 Spiritua-

1889 2510 2023 2565 lium
2057 2509 2345 2572 videlicet,
2381 2507 2637 2578 Reprobat
2662 2519 2832 2561 autem
2869 2509 3207 2578 cogitationes
3235 2507 3455 2575 populo-

1890 2619 2035 2668 rum,
2101 2612 2150 2656 et
2227 2602 2466 2671 reprobat
2529 2600 2752 2653 consilia
2813 2601 3129 2668 principum.
3201 2597 3457 2652 Omnium

1889 2694 2085 2764 quippe
2128 2693 2437 2747 Iudaeorum
2490 2693 2716 2746 insidias
2759 2691 2941 2745 irritas
2996 2688 3142 2752 fecit,
3191 2698 3316 2758 post
3364 2690 3458 2742 tri-

1889 2786 2055 2839 duum
2102 2800 2410 2852 resurgens.
2454 2783 2507 2838 ld
2539 2785 2682 2838 enim
2716 2784 2817 2838 sibi
2853 2784 2965 2836 vult
2991 2783 3153 2836 etiam
3189 2782 3318 2836 illud
3347 2822 3361 2847 ,
3403 2782 3457 2834 in

1890 2886 2142 2929 a'ternum
2173 2884 2346 2928 manet
2377 2874 2656 2927 consilium
2690 2874 2925 2927 Domini.

1961 2967 2047 3021 Η.
2091 2964 2444 3036 Cogitationes
2492 2965 2665 3018 cordis
2725 2982 2838 3034 ejus
2882 2967 2936 3018 in
2981 2964 3370 3034 generationem
3407 2974 3455 3016 et

1891 3055 2294 3124 generationem.
2332 3053 2590 3125 Dogmata
2615 3095 2629 3117 ,
2662 3053 2871 3123 inquit,
2902 3069 3022 3124 quae
3061 3053 3276 3108 decreta
3308 3062 3455 3114 sunt.

1891 3147 2003 3200 sive
2034 3146 2087 3198 in
2125 3146 2373 3215 prmsenti
2403 3146 2516 3199 sive
2546 3146 2599 3199 in
2630 3145 2812 3200 futuro
2841 3145 3060 3200 saeculo.
3091 3143 3459 3215 Cogitationes

217 3233 355 3287 Θεοῦ
387 3236 441 3286 αί
464 3232 785 3304 κατάλληλοι
821 3231 1222 3304 διακοσμήσειςο
1256 3232 1450 3304 καρδία
1485 3231 1542 3286 δὲ
1572 3233 1632 3286 τὸ
1654 3233 1786 3286 ἀπό-

1897 3233 2008 3299 Dei,
2039 3234 2090 3288 id
2123 3243 2206 3290 est
2234 3243 2595 3303 congruentes
2639 3235 3026 3304 dispositiones
3056 3252 3068 3288 :
3100 3249 3231 3298 cor,
3277 3234 3458 3289 occul-

218 3343 427 3398 κρυφον
458 3326 555 3396 τῆς
585 3325 791 3388 οὐσίας.

295 3417 598 3485 Μακάριον
629 3417 694 3468 τὸ
728 3417 898 3480 ἔθνος
924 3410 996 3469 οὗ
1035 3413 1166 3468 ἐστί
1195 3415 1410 3481 Κύριος
1441 3417 1474 3468 ό
1508 3415 1650 3478 Θεὸς
1684 3418 1790 3468 αὺ-

219 3510 349 3563 τοῦ.
383 3510 520 3570 Τοὺς
550 3505 888 3575 είς.Χριστδν
936 3505 1288 3568 πιστεύοντας
1339 3506 1396 3557 ὲν
1429 3504 1636 3569 τούτοις
1683 3522 1787 3575 μα-

220 3619 293 3654 κα
301 3601 448 3670 ρίους
482 3598 764 3652 ἀποκαλεῖ.

296 3691 428 3764 [Ἐξ
451 3691 708 3760 οὐρανοῦ
737 3689 1073 3758 ἐπέϐλεψεν
1108 3691 1141 3742 ό
1174 3689 1404 3757 Κύριος.
1445 3690 1643 3753 Ειπεν,
1689 3690 1792 3742 ἐπ-

216 3781 501 3850 έϐλεψεν,
547 3781 633 3833 ἵνα
683 3781 758 3851 μή
792 3795 873 3841 τις
919 3779 1078 3831 αὑτὸν
1106 3778 1315 3846 ἀγνοεῖν
1354 3778 1510 3848 οἰηθῇ
1542 3777 1609 3830 τὰ
1641 3777 1792 3848 παρά

216 3875 328 3930 τῶν
357 3872 658 3944 ἀνθρώπων
682 3870 1022 3942 τολμώμενα.
1044 3870 1065 3942 ]

295 3966 429 4039 [Ἐξ
473 3966 711 4034 ἑτοίμου
740 3963 1190 4032 κατοικητηρίου
1232 3960 1438 4016 αὑτοῦ.
1469 3961 1624 4014 Ἤτοι
1650 3962 1793 4032 ἡτοι-

221 4059 522 4132 μασμένον,
571 4057 1015 4128 εὐτρεπισμένου.
1072 4051 1234 4118 Οἶκος
1276 4053 1409 4125 γὰρ]
1427 4053 1614 4124 ὥσπερ
1655 4054 1790 4107 Θεοῦ

217 4155 673 4225 ἀποκεκλήρωται
701 4155 729 4206 6
749 4148 1020 4222 οὐρανός.]

303 4248 357 4299 '0
382 4244 627 4308 πλάσας
653 4244 990 4312 καταμόνας
1015 4241 1121 4308 τὰς
1155 4239 1401 4308 καρδίας
1426 4238 1642 4292 αὐτῶν.
1677 4238 1791 4292 M6-

219 4355 330 4400 νος,
365 4339 551 4408 φησὶν,
575 4339 602 4390 6
631 4335 760 4398 Θεὸς
791 4329 898 4388 οἶδε
929 4333 1036 4387 τῶν
1082 4330 1381 4402 ἀνθρώπων
1411 4333 1506 4392 τὰς
1548 4329 1789 4400 καρδίας.

217 4429 310 4482 Διὸ
343 4429 439 4483 καὶ
481 4427 719 4495 δΣωτὴρ
747 4427 858 4488 τοῖς
902 4424 1173 4486 Ἰουδαίοις
1211 4423 1362 4490 ἔλεγε
1387 4440 1400 4454 θ
1440 4423 1499 4476 Τί
1537 4421 1792 4490 διαλογί-

217 4519 389 4583 ζεσθε
417 4517 650 4585 πονηρὰ
673 4518 742 4570 ὲν
769 4515 895 4581 ταῖς
921 4513 1188 4583 καρδίαις
1209 4513 1409 4582 optim;

1894 3332 2006 3377 tum
2039 3323 2377 3380 substantiae.

1962 3433 2047 3486 12.
2087 3433 2252 3486 Beata
2304 3451 2424 3504 gens
2473 3436 2623 3505 cujus
2670 3447 2746 3490 est
2797 3436 3046 3490 Dominus
3100 3435 3240 3490 Deus
3302 3436 3439 3506 ejus.

1891 3523 2086 3579 Beatos
2123 3525 2207 3580 his
2231 3525 2411 3580 verbis
2437 3537 2595 3582 vocat
2637 3544 2734 3583 eos
2757 3530 2850 3598 qui
2884 3529 2937 3582 in
2969 3527 3247 3583 Christum
3282 3529 3458 3583 credi-

1890 3619 2108 3673 derunt.

1961 3707 2082 3778 [15.
2127 3707 2201 3761 De
2235 3709 2362 3762 caelo
2393 3711 2616 3779 respexit
2651 3709 2925 3766 Dominus.
2953 3712 3077 3777 Ait.
3104 3715 3352 3782 respexit.
3393 3730 3460 3770 ne

1891 3801 2013 3868 quis
2049 3808 2290 3856 autumet
2318 3803 2492 3872 ipsum
2526 3804 2777 3874 ignorare
2798 3805 3080 3860 hominum
3104 3806 3361 3862 facinora.

1963 3969 2074 4042 [ιι.
2100 3972 2177 4027 De
2200 3983 2499 4044 praeparato
2529 3976 2835 4030 habitacula
2863 3994 2979 4033 suo.
3001 3977 3054 4032 Id
3081 3988 3185 4044 est,
3209 3992 3458 4038 accurate

1894 4061 2159 4118 instructo
2190 4073 2244 4118 et
2273 4075 2486 4120 ornato.
2520 4064 2652 4121 Nam
2687 4067 2882 4122 coelum
2924 4069 3080 4138 quasi
3123 4069 3189 4124 ad
3222 4069 3313 4124 Dei
3357 4070 3454 4125 do-

1895 4153 2154 4208 micilium
2193 4155 2520 4210 destinatum
2553 4157 2683 4227 est.]

1965 4244 2053 4298 15.
2085 4243 2189 4309 Qui
2216 4245 2371 4314 ﬁnxit
2403 4247 2682 4315 sigillatim
2732 4249 2892 4300 corda
2923 4263 3122 4303 eorum.
3151 4248 3335 4314 Solus,
3375 4251 3458 4305 in-

1893 4337 2030 4406 quit,
2065 4335 2205 4390 Dcus
2234 4336 2381 4390 novit
2419 4337 2701 4391 hominum
2725 4339 2907 4393 corda.
2941 4338 3303 4405 Quamobrem
3337 4341 3458 4396 Sal-

1895 4438 2049 4482 sator
2076 4427 2276 4483 Judzeis
2301 4429 2515 4484 dicebat
2545 4445 2556 4479 :
2593 4427 2733 4494 Quid
2761 4433 3005 4500 cogitatis
3032 4433 3173 4487 mala
3205 4436 3259 4488 in
3283 4437 3458 4490 cordi-

1896 4519 1987 4571 bus
2011 4519 2292 4572 restris"?

303 4610 448 4665 Ἰδοὺ
492 4612 546 4662 οί
584 4608 876 4677 ὀφθαλμοὶ
925 4607 1142 4674 Κυρίου
1185 4606 1282 4658 ἐπὶ
1325 4605 1464 4670 τοὺς
1502 4604 1786 4672 φοϐουμέ-

1971 4610 2052 4664 l8.
2082 4610 2216 4666 Ecce
2240 4614 2377 4666 oculi
2404 4612 2618 4666 Domini
2643 4630 2798 4683 super
2829 4624 3108 4670 metuentes
3141 4634 3280 4672 eum.
3306 4616 3459 4673 Oculi

216 4718 365 4766 rom;
389 4699 596 4754 αὐτόν.
640 4697 933 4769 Ὀφθαλμοὶ
965 4696 1166 4770 Κυρίου
1197 4699 1229 4765 ἡ
1265 4695 1602 4766 παντοπτικὴ
1626 4697 1789 4749 αὑτοῦ

214 4792 466 4860 δύναμις·
507 4790 540 4860 ἢ
591 4787 843 4851 πολλάκις
889 4790 918 4840 6
961 4788 1087 4850 Υίὸς
1121 4787 1213 4839 καὶ
1249 4786 1309 4838 τὸ
1355 4785 1592 4856 Πνεῦμα,
1625 4785 1699 4848 ὡς
1733 4786 1790 4838 έν

219 4883 370 4953 μέσῳ
393 4881 490 4935 δύο
517 4877 710 4949 φώτων
741 4880 768 4932 6
797 4876 982 4948 Πατὴρ
1012 4877 1122 4930 τῶν
1153 4875 1365 4946 φώτων.

289 4971 396 5028 Καὶ
423 4970 734 5038 διαθρέψαι
761 4967 981 5033 αὐτοὺς
1004 4966 1074 5019 ἐν
1101 4966 1274 5035 λιμῷ.
1307 4967 1394 5019 Ἐν
1416 4965 1610 5037 καιρῷ,
1636 4965 1786 5036 φησι,

212 5060 481 5133 διωγμοῦ,
512 5061 588 5132 μὴ
620 5058 1025 5130 συνισταμένων
1059 5056 1168 5110 τῶν
1198 5055 1401 5128 νοητῶν
1426 5056 1658 5127 τροφῶν,
1689 5055 1787 5108 αὑ-

212 5153 303 5216 τδς
331 5153 360 5204 6
392 5152 598 5224 Κύριος
631 5149 719 5203 διὰ
744 5149 1055 5219 Πνεύματος
1086 5147 1242 5216 ἁγίου
1278 5146 1462 5218 θρέψει
1491 5145 1705 5208 αὐτούς.

296 5247 356 5300 Ἡ
381 5243 451 5296 δὲ
483 5241 656 5312 ψυχὴ
688 5239 856 5311 ἡμῶν
893 5239 1176 5308 ὑπομένει
1212 5238 1291 5304 τῷ
1321 5237 1530 5306 Κυρίῳ.
1573 5239 1658 5301 Ὠς
1687 5237 1788 5308 ἤδη

212 5335 540 5408 δεδαγμένοι
571 5334 673 5402 τὴν
701 5335 780 5396 είς
810 5332 970 5385 αὑτὸν
996 5330 1316 5400 πεποίθησιν
1343 5327 1750 5399 προϐάλλονται.

217 5428 528 5482 ΨΛΑΜΟΣ
572 5421 652 5488 τῷ
698 5422 877 5475 Δαυτδ
916 5423 1094 5475 ὁπότε
1149 5421 1448 5487 ἡλλοίωσε
1494 5419 1558 5472 τὸ
1602 5420 1786 5487 πρόσ-

279 5533 444 5572 ωπον
471 5513 662 5570 αὑτοῦ
692 5512 970 5566 ἐναντίον
1008 5512 1324 5582 Ἀδιμέλεχ,
1344 5509 1440 5564 καί
1475 5509 1786 5562 ἀπέλυσεν

279 5609 486 5672 αὑτὸν,
514 5604 616 5660 καί
648 5602 941 5672 ἀπῆλθεν.
978 5606 1113 5657 AI".

847 5693 1170 5757 'deOeatc.

211 5789 422 5860 ξιξ-ἄγων
450 5795 480 5846 6
513 5786 680 5844 Δαυῗδ
706 5787 795 5837 τὸν
820 5783 1008 5843 Σαοὺλ,
1039 5779 1162 5855 ἦ).οε
1198 5782 1329 5853 πρὸς
1363 5777 1666 5848 ’Λειμέλεχ,
1694 5779 1786 5830 καὶ

271 5931 309 5959 ⁷⁸
336 5933 504 5982 Amos
542 5943 594 5990 ν,
630 5924 684 5977 8.
763 5923 806 5952 ⁷³
840 5919 878 5972 ll
910 5921 1036 5972 tior.
1068 5933 1120 5978 ν,
1162 5918 1240 5970 l7.
1317 5917 1360 5949 ⁷³
1396 5914 1581 5969 Matth.
1621 5929 1693 5976 Ix,
1731 5912 1780 5965 6.

1896 4703 2108 4758 Domini
2154 4714 2281 4759 sunt
2336 4708 2580 4759 omnium
2638 4707 2963 4775 speculatrix
3007 4709 3126 4778 ejus
3169 4721 3456 4779 potestas:

1896 4804 1988 4850 aut
2025 4797 2343 4866 plerumque
2393 4796 2560 4852 Filius
2584 4807 2637 4852 et
2661 4797 2898 4868 Spiritus
2926 4810 3171 4866 sanctus,
3205 4802 3276 4857 ita
3311 4812 3368 4857 ut
3403 4805 3458 4858 in

1895 4887 2074 4942 medio
2099 4888 2329 4942 duorum
2365 4889 2632 4944 luminum
2669 4891 2739 4944 sit
2772 4889 2945 4945 Pater
2978 4893 3261 4947 luminum.

1968 4975 2055 5031 l9.
2104 4975 2171 5029 Et
2203 4976 2316 5030 alat
2350 4993 2435 5033 eos
2464 4979 2516 5031 in
2551 4979 2711 5047 fame.
2753 4978 3053 5050 Tempore,
3084 4982 3292 5052 inquit.
3336 4998 3461 5052 per-

1896 5066 2191 5122 secutionis
2213 5107 2228 5132 ,
2263 5070 2307 5124 si
2339 5084 2446 5123 non
2480 5070 2662 5124 adsint
2687 5070 2995 5140 spirituales
3038 5073 3166 5136 cibi,
3219 5073 3333 5142 ipse
3361 5074 3460 5129 Do-

1900 5158 2082 5213 minus
2114 5173 2210 5228 per
2240 5159 2502 5230 Spiritum
2531 5172 2780 5216 sanctum
2803 5164 3040 5218 enutriet
3066 5163 3207 5218 illos.

1963 5249 2249 5304 20.Anima
2261 5262 2438 5305 nostra
2455 5255 2672 5307 sustinet
2688 5251 2986 5308 Dominum.
3007 5253 3178 5320 Quam
3189 5255 3300 5324 jam
3313 5257 3460 5312 exhi-

1897 5344 2125 5397 buerunt
2151 5341 2398 5396 llduciam
2419 5360 2542 5414 erga
2569 5344 2870 5403 Dominum.
2894 5361 3038 5400 nunc
3055 5362 3163 5416 pra:
3180 5362 3238 5401 se
3257 5346 3455 5404 lerunt.

1900 5435 1946 5489 Ι.
2004 5431 2344 5488 PSALMUS
2401 5437 2570 5490 Dauid
2630 5439 2837 5507 quando
2898 5439 3197 5492 immulauit
3255 5439 3456 5492 uultum

1966 5541 2120 5576 suum
2174 5541 2349 5578 coram
2407 5529 2734 5591 Abimelech,
2774 5539 2818 5586 et
2855 5529 3185 5583 dimisiteum
3215 5540 3262 5583 et
3306 5533 3434 5584 abiit

1967 5613 2245 5669 XXXIII.

2479 5712 2876 5776 Argumentum.

1896 5802 2030 5854 Cum
2067 5800 2274 5871 lugeret
2332 5801 2501 5858 David
2533 5802 2772 5868 Saulem,
2801 5803 2946 5860 venit
3003 5803 3070 5860 ad
3125 5803 3458 5860 Abimelccb.
