  <div class='ocr_page' id='page_1' title='image "/cluster/home/n/w/nwhite01/storage/ocr_20150623/27/uva.x030474749/095.png"; bbox 0 0 4122 6492; ppageno 0'>
   <div class='ocr_carea' id='block_1_1' title="bbox 755 407 849 464">
    <p class='ocr_par' dir='ltr' id='par_1_1' title="bbox 755 407 849 464">
     <span class='ocr_line' id='line_1_1' title="bbox 755 407 849 464; baseline -0.021 -1"><span class='ocrx_word' id='word_1_1' title='bbox 755 407 849 464; x_wconf 70' lang='lat' dir='ltr'><strong><em>Nl</em></strong></span> 
     </span>
    </p>
   </div>
   <div class='ocr_carea' id='block_1_2' title="bbox 1564 402 3142 459">
    <p class='ocr_par' dir='ltr' id='par_1_2' title="bbox 1564 402 3142 459">
     <span class='ocr_line' id='line_1_2' title="bbox 1564 402 3142 459; baseline -0.002 0"><span class='ocrx_word' id='word_1_2' title='bbox 1564 405 1621 459; x_wconf 90' lang='lat' dir='ltr'><strong><em>S.</em></strong></span> <span class='ocrx_word' id='word_1_3' title='bbox 1661 403 2032 459; x_wconf 70' lang='lat' dir='ltr'><strong><em>ATHANASII</em></strong></span> <span class='ocrx_word' id='word_1_4' title='bbox 2070 403 2222 458; x_wconf 82' lang='lat' dir='ltr'><strong><em>OPP.</em></strong></span> <span class='ocrx_word' id='word_1_5' title='bbox 2281 402 2458 457; x_wconf 77' lang='lat' dir='ltr'><strong><em>PARS</em></strong></span> <span class='ocrx_word' id='word_1_6' title='bbox 2498 403 2580 459; x_wconf 90' lang='lat' dir='ltr'><strong><em>lll.</em></strong></span> <span class='ocrx_word' id='word_1_7' title='bbox 2618 434 2686 447; x_wconf 89' lang='lat'><strong><em>—</em></strong></span> <span class='ocrx_word' id='word_1_8' title='bbox 2731 402 3142 458; x_wconf 78' lang='lat' dir='ltr'><strong><em>EXECETICA.</em></strong></span> 
     </span>
    </p>
   </div>
   <div class='ocr_carea' id='block_1_3' title="bbox 3881 408 3972 462">
    <p class='ocr_par' dir='ltr' id='par_1_3' title="bbox 3881 408 3972 462">
     <span class='ocr_line' id='line_1_3' title="bbox 3881 408 3972 462; baseline 0 -1"><span class='ocrx_word' id='word_1_9' title='bbox 3881 408 3972 462; x_wconf 72' lang='lat'><strong><em>{72</em></strong></span> 
     </span>
    </p>
   </div>
   <div class='ocr_carea' id='block_1_4' title="bbox 754 521 2331 601">
    <p class='ocr_par' dir='ltr' id='par_1_4' title="bbox 754 521 2313 592">
     <span class='ocr_line' id='line_1_4' title="bbox 754 521 2313 592; baseline -0.004 -12"><span class='ocrx_word' id='word_1_10' title='bbox 754 525 931 580; x_wconf 82' lang='lat' dir='ltr'><strong><em>anima</em></strong></span> <span class='ocrx_word' id='word_1_11' title='bbox 962 538 1098 586; x_wconf 84' lang='lat' dir='ltr'><strong><em>mea,</em></strong></span> <span class='ocrx_word' id='word_1_12' title='bbox 1132 521 1326 590; x_wconf 86' lang='lat' dir='ltr'><strong><em>inquit,</em></strong></span> <span class='ocrx_word' id='word_1_13' title='bbox 1356 521 1504 576; x_wconf 91' lang='lat' dir='ltr'><strong><em>omni</em></strong></span> <span class='ocrx_word' id='word_1_14' title='bbox 1563 523 1705 576; x_wconf 88' lang='lat' dir='ltr'><strong><em>malo</em></strong></span> <span class='ocrx_word' id='word_1_15' title='bbox 1732 538 1949 592; x_wconf 86' lang='lat' dir='ltr'><strong><em>semper</em></strong></span> <span class='ocrx_word' id='word_1_16' title='bbox 1989 523 2157 577; x_wconf 89' lang='lat' dir='ltr'><strong><em>libera</em></strong></span> <span class='ocrx_word' id='word_1_17' title='bbox 2191 521 2313 586; x_wconf 88' lang='lat' dir='ltr'><strong><em>erit,</em></strong></span> 
     </span>
    </p>
   </div>
   <div class='ocr_carea' id='block_1_5' title="bbox 2403 521 3972 601">
    <p class='ocr_par' dir='ltr' id='par_1_5' title="bbox 2419 522 3972 601">
     <span class='ocr_line' id='line_1_5' title="bbox 2419 522 3972 601; baseline 0.002 -27"><span class='ocrx_word' id='word_1_18' title='bbox 2419 522 2904 595; x_wconf 82' lang='grc' dir='ltr'>είσπραχθήσονται</span> <span class='ocrx_word' id='word_1_19' title='bbox 2958 523 3138 586; x_wconf 84' lang='grc' dir='ltr'>δίκας,</span> <span class='ocrx_word' id='word_1_20' title='bbox 3187 523 3326 576; x_wconf 83' lang='grc' dir='ltr'>κατά</span> <span class='ocrx_word' id='word_1_21' title='bbox 3356 543 3417 594; x_wconf 83' lang='grc' dir='ltr'><strong><em>γε</em></strong></span> <span class='ocrx_word' id='word_1_22' title='bbox 3459 528 3583 591; x_wconf 80' lang='grc' dir='ltr'>τοῦς</span> <span class='ocrx_word' id='word_1_23' title='bbox 3627 527 3824 601; x_wconf 85' lang='grc' dir='ltr'>ἀρτίως</span> <span class='ocrx_word' id='word_1_24' title='bbox 3853 528 3972 597; x_wconf 80' lang='grc' dir='ltr'>ἡμῖν</span> 
     </span>
    </p>
   </div>
   <div class='ocr_carea' id='block_1_6' title="bbox 753 610 2316 682">
    <p class='ocr_par' dir='ltr' id='par_1_6' title="bbox 753 610 2316 682">
     <span class='ocr_line' id='line_1_6' title="bbox 753 610 2316 682; baseline -0.001 -15"><span class='ocrx_word' id='word_1_25' title='bbox 753 623 1006 682; x_wconf 87' lang='lat' dir='ltr'><strong><em>perpetuo</em></strong></span> <span class='ocrx_word' id='word_1_26' title='bbox 1031 612 1174 682; x_wconf 84' lang='lat' dir='ltr'><strong><em>apud</em></strong></span> <span class='ocrx_word' id='word_1_27' title='bbox 1208 611 1369 665; x_wconf 88' lang='lat' dir='ltr'><strong><em>Deum</em></strong></span> <span class='ocrx_word' id='word_1_28' title='bbox 1391 610 1580 666; x_wconf 72' lang='lat' dir='ltr'><strong><em>fruens</em></strong></span> <span class='ocrx_word' id='word_1_29' title='bbox 1611 613 1828 682; x_wconf 80' lang='lat' dir='ltr'><strong><em>gaudio.</em></strong></span> <span class='ocrx_word' id='word_1_30' title='bbox 1855 621 1907 667; x_wconf 87' lang='lat' dir='ltr'><strong><em>et</em></strong></span> <span class='ocrx_word' id='word_1_31' title='bbox 1932 613 2189 667; x_wconf 79' lang='lat' dir='ltr'><strong><em>delectata</em></strong></span> <span class='ocrx_word' id='word_1_32' title='bbox 2221 629 2316 666; x_wconf 88' lang='lat' dir='ltr'><strong><em>su-</em></strong></span> 
     </span>
    </p>
   </div>
   <div class='ocr_carea' id='block_1_7' title="bbox 753 704 1264 772">
    <p class='ocr_par' dir='ltr' id='par_1_7' title="bbox 753 704 1264 772">
     <span class='ocr_line' id='line_1_7' title="bbox 753 704 1264 772; baseline -0.002 -16"><span class='ocrx_word' id='word_1_33' title='bbox 753 721 845 771; x_wconf 85' lang='lat' dir='ltr'><strong><em>per</em></strong></span> <span class='ocrx_word' id='word_1_34' title='bbox 868 706 1092 759; x_wconf 85' lang='lat' dir='ltr'><strong><em>salutari</em></strong></span> <span class='ocrx_word' id='word_1_35' title='bbox 1125 704 1264 772; x_wconf 79' lang='lat' dir='ltr'><strong><em>ejus.</em></strong></span> 
     </span>
    </p>
   </div>
   <div class='ocr_carea' id='block_1_8' title="bbox 2423 611 3974 686">
    <p class='ocr_par' dir='ltr' id='par_1_8' title="bbox 2423 611 3974 686">
     <span class='ocr_line' id='line_1_8' title="bbox 2423 611 3974 686; baseline 0.003 -24"><span class='ocrx_word' id='word_1_36' title='bbox 2423 612 2741 682; x_wconf 77' lang='grc' dir='ltr'><strong><em>εἰρημένους</em></strong></span> <span class='ocrx_word' id='word_1_37' title='bbox 2773 611 3022 682; x_wconf 61' lang='grc' dir='ltr'>τρόπους</span> <span class='ocrx_word' id='word_1_38' title='bbox 3062 614 3094 682; x_wconf 76' lang='grc' dir='ltr'>ἡ</span> <span class='ocrx_word' id='word_1_39' title='bbox 3129 611 3185 663; x_wconf 87' lang='grc' dir='ltr'><strong><em>δέ</em></strong></span> <span class='ocrx_word' id='word_1_40' title='bbox 3231 629 3292 679; x_wconf 90' lang='grc' dir='ltr'><strong><em>γε</em></strong></span> <span class='ocrx_word' id='word_1_41' title='bbox 3331 614 3434 684; x_wconf 80' lang='grc' dir='ltr'><strong><em>ἐμὴ</em></strong></span> <span class='ocrx_word' id='word_1_42' title='bbox 3461 615 3625 686; x_wconf 78' lang='grc' dir='ltr'>ψυχὴ,</span> <span class='ocrx_word' id='word_1_43' title='bbox 3658 616 3840 686; x_wconf 74' lang='grc' dir='ltr'>φησὶν,</span> <span class='ocrx_word' id='word_1_44' title='bbox 3878 615 3974 679; x_wconf 77' lang='grc' dir='ltr'>ἔξω</span> 
     </span>
    </p>
   </div>
   <div class='ocr_carea' id='block_1_9' title="bbox 2422 701 3976 775">
    <p class='ocr_par' dir='ltr' id='par_1_9' title="bbox 2422 701 3976 775">
     <span class='ocr_line' id='line_1_9' title="bbox 2422 701 3976 775; baseline 0.003 -22"><span class='ocrx_word' id='word_1_45' title='bbox 2422 702 2618 764; x_wconf 81' lang='grc' dir='ltr'>παντὸς</span> <span class='ocrx_word' id='word_1_46' title='bbox 2657 702 2806 754; x_wconf 79' lang='grc' dir='ltr'>ἔσται</span> <span class='ocrx_word' id='word_1_47' title='bbox 2854 701 3024 755; x_wconf 85' lang='grc' dir='ltr'>δεινοῦ</span> <span class='ocrx_word' id='word_1_48' title='bbox 3070 702 3342 772; x_wconf 84' lang='grc' dir='ltr'>διηνεκές·</span> <span class='ocrx_word' id='word_1_49' title='bbox 3395 706 3560 775; x_wconf 70' lang='grc' dir='ltr'>ἤγουν</span> <span class='ocrx_word' id='word_1_50' title='bbox 3612 707 3976 774; x_wconf 76' lang='grc' dir='ltr'>ἀκατάληκτον</span> 
     </span>
    </p>
   </div>
   <div class='ocr_carea' id='block_1_10' title="bbox 748 793 3164 867">
    <p class='ocr_par' dir='ltr' id='par_1_10' title="bbox 748 793 3164 867">
     <span class='ocr_line' id='line_1_10' title="bbox 748 793 3164 867; baseline 0 -19"><span class='ocrx_word' id='word_1_51' title='bbox 748 797 941 865; x_wconf 69' lang='grc' dir='ltr'>ἔχουσα</span> <span class='ocrx_word' id='word_1_52' title='bbox 989 797 1051 848; x_wconf 83' lang='grc' dir='ltr'><strong><em>τὸ</em></strong></span> <span class='ocrx_word' id='word_1_53' title='bbox 1098 795 1306 867; x_wconf 82' lang='grc' dir='ltr'><strong><em>χαίρειν</em></strong></span> <span class='ocrx_word' id='word_1_54' title='bbox 1357 797 1447 848; x_wconf 70' lang='grc' dir='ltr'><strong><em>ἐπὶ</em></strong></span> <span class='ocrx_word' id='word_1_55' title='bbox 1498 794 1644 865; x_wconf 82' lang='grc' dir='ltr'>Θεῷ,</span> <span class='ocrx_word' id='word_1_56' title='bbox 1690 795 1782 847; x_wconf 78' lang='grc' dir='ltr'>καὶ</span> <span class='ocrx_word' id='word_1_57' title='bbox 1828 795 2309 867; x_wconf 76' lang='grc' dir='ltr'>κατευφραίνεσθαι</span> <span class='ocrx_word' id='word_1_58' title='bbox 2337 793 2454 846; x_wconf 87' lang='grc' dir='ltr'>λίαν</span> <span class='ocrx_word' id='word_1_59' title='bbox 2479 796 2569 846; x_wconf 73' lang='grc' dir='ltr'><strong><em>ἐπὶ</em></strong></span> <span class='ocrx_word' id='word_1_60' title='bbox 2602 793 2678 863; x_wconf 85' lang='grc' dir='ltr'>τῷ</span> <span class='ocrx_word' id='word_1_61' title='bbox 2710 796 2956 865; x_wconf 80' lang='grc' dir='ltr'>σωτηρίῳ</span> <span class='ocrx_word' id='word_1_62' title='bbox 2981 795 3164 848; x_wconf 84' lang='grc' dir='ltr'>αὑτοῦ.</span> 
     </span>
    </p>
   </div>
   <div class='ocr_carea' id='block_1_11' title="bbox 820 886 2475 950">
    <p class='ocr_par' dir='ltr' id='par_1_11' title="bbox 820 886 2475 950">
     <span class='ocr_line' id='line_1_11' title="bbox 820 886 2475 950; baseline -0.001 -10"><span class='ocrx_word' id='word_1_63' title='bbox 820 887 1014 940; x_wconf 78' lang='lat' dir='ltr'><strong><em>Daniel</em></strong></span> <span class='ocrx_word' id='word_1_64' title='bbox 1038 887 1311 941; x_wconf 83' lang='lat' dir='ltr'><strong><em>Barbarus</em></strong></span> <span class='ocrx_word' id='word_1_65' title='bbox 1340 904 1356 940; x_wconf 93' lang='lat'><strong><em>:</em></strong></span> <span class='ocrx_word' id='word_1_66' title='bbox 1386 886 1578 941; x_wconf 89' lang='lat' dir='ltr'><strong><em>Omnia</em></strong></span> <span class='ocrx_word' id='word_1_67' title='bbox 1603 903 1740 948; x_wconf 78' lang='lat' dir='ltr'><strong><em>ossa,</em></strong></span> <span class='ocrx_word' id='word_1_68' title='bbox 1772 886 1822 939; x_wconf 87' lang='lat' dir='ltr'><strong>id</strong></span> <span class='ocrx_word' id='word_1_69' title='bbox 1855 897 1956 950; x_wconf 88' lang='lat' dir='ltr'><strong><em>est,</em></strong></span> <span class='ocrx_word' id='word_1_70' title='bbox 1988 902 2178 940; x_wconf 91' lang='lat' dir='ltr'><strong><em>omnes</em></strong></span> <span class='ocrx_word' id='word_1_71' title='bbox 2206 887 2475 940; x_wconf 87' lang='lat' dir='ltr'><strong><em>homines.</em></strong></span> 
     </span>
    </p>
   </div>
   <div class='ocr_carea' id='block_1_12' title="bbox 820 978 2310 1050">
    <p class='ocr_par' dir='ltr' id='par_1_12' title="bbox 820 978 2310 1050">
     <span class='ocr_line' id='line_1_12' title="bbox 820 978 2310 1050; baseline -0.003 -18"><span class='ocrx_word' id='word_1_72' title='bbox 820 981 1020 1046; x_wconf 68' lang='lat'><strong><em>10,“.</em></strong></span> <span class='ocrx_word' id='word_1_73' title='bbox 1075 979 1356 1050; x_wconf 85' lang='lat' dir='ltr'><strong><em>Surgentes</em></strong></span> <span class='ocrx_word' id='word_1_74' title='bbox 1411 989 1560 1032; x_wconf 78' lang='lat' dir='ltr'><strong><em>testes</em></strong></span> <span class='ocrx_word' id='word_1_75' title='bbox 1596 978 1785 1048; x_wconf 86' lang='lat' dir='ltr'><strong><em>iniqui,</em></strong></span> <span class='ocrx_word' id='word_1_76' title='bbox 1832 994 1950 1047; x_wconf 75' lang='lat' dir='ltr'><strong><em>quw</em></strong></span> <span class='ocrx_word' id='word_1_77' title='bbox 1998 978 2310 1047; x_wconf 83' lang='lat' dir='ltr'><strong><em>ignorabam</em></strong></span> 
     </span>
    </p>
   </div>
   <div class='ocr_carea' id='block_1_13' title="bbox 749 1067 2312 1141">
    <p class='ocr_par' dir='ltr' id='par_1_13' title="bbox 749 1067 2312 1141">
     <span class='ocr_line' id='line_1_13' title="bbox 749 1067 2312 1141; baseline -0.005 -15"><span class='ocrx_word' id='word_1_78' title='bbox 749 1071 1145 1141; x_wconf 86' lang='lat' dir='ltr'><strong><em>interrogabant</em></strong></span> <span class='ocrx_word' id='word_1_79' title='bbox 1178 1087 1278 1122; x_wconf 88' lang='lat' dir='ltr'><strong><em>me.</em></strong></span> <span class='ocrx_word' id='word_1_80' title='bbox 1315 1068 1452 1123; x_wconf 87' lang='lat' dir='ltr'><strong><em>Hinc</em></strong></span> <span class='ocrx_word' id='word_1_81' title='bbox 1496 1069 1771 1123; x_wconf 72' lang='lat' dir='ltr'><strong><em>inducitur</em></strong></span> <span class='ocrx_word' id='word_1_82' title='bbox 1800 1067 2006 1121; x_wconf 87' lang='lat' dir='ltr'><strong><em>Christi</em></strong></span> <span class='ocrx_word' id='word_1_83' title='bbox 2076 1080 2312 1136; x_wconf 83' lang='lat' dir='ltr'><strong><em>persona</em></strong></span> 
     </span>
    </p>
   </div>
   <div class='ocr_carea' id='block_1_14' title="bbox 749 1156 2173 1228">
    <p class='ocr_par' dir='ltr' id='par_1_14' title="bbox 749 1156 2173 1228">
     <span class='ocr_line' id='line_1_14' title="bbox 749 1156 2173 1228; baseline -0.004 -14"><span class='ocrx_word' id='word_1_84' title='bbox 749 1160 812 1214; x_wconf 81' lang='lat' dir='ltr'><strong><em>ad</em></strong></span> <span class='ocrx_word' id='word_1_85' title='bbox 841 1159 1078 1214; x_wconf 85' lang='lat' dir='ltr'><strong><em>tribunal</em></strong></span> <span class='ocrx_word' id='word_1_86' title='bbox 1107 1158 1410 1228; x_wconf 85' lang='lat' dir='ltr'><strong><em>principum</em></strong></span> <span class='ocrx_word' id='word_1_87' title='bbox 1438 1158 1782 1212; x_wconf 88' lang='lat' dir='ltr'><strong><em>sacerdotum</em></strong></span> <span class='ocrx_word' id='word_1_88' title='bbox 1818 1156 1956 1211; x_wconf 80' lang='lat' dir='ltr'><strong><em>falso</em></strong></span> <span class='ocrx_word' id='word_1_89' title='bbox 1989 1156 2173 1211; x_wconf 87' lang='lat' dir='ltr'><strong><em>delati.</em></strong></span> 
     </span>
    </p>
   </div>
   <div class='ocr_carea' id='block_1_15' title="bbox 829 1400 2307 1468">
    <p class='ocr_par' dir='ltr' id='par_1_15' title="bbox 829 1400 2307 1468">
     <span class='ocr_line' id='line_1_15' title="bbox 829 1400 2307 1468; baseline -0.001 -14"><span class='ocrx_word' id='word_1_90' title='bbox 829 1400 1198 1456; x_wconf 77' lang='lat' dir='ltr'><strong><em>Retribuebant</em></strong></span> <span class='ocrx_word' id='word_1_91' title='bbox 1227 1401 1351 1454; x_wconf 77' lang='lat' dir='ltr'><strong><em>milii</em></strong></span> <span class='ocrx_word' id='word_1_92' title='bbox 1398 1400 1541 1452; x_wconf 89' lang='lat' dir='ltr'><strong><em>mala</em></strong></span> <span class='ocrx_word' id='word_1_93' title='bbox 1577 1416 1671 1468; x_wconf 86' lang='lat' dir='ltr'><strong><em>pro</em></strong></span> <span class='ocrx_word' id='word_1_94' title='bbox 1710 1400 1855 1453; x_wconf 91' lang='lat' dir='ltr'><strong><em>bonis</em></strong></span> <span class='ocrx_word' id='word_1_95' title='bbox 1886 1407 1935 1453; x_wconf 87' lang='lat' dir='ltr'><strong><em>et</em></strong></span> <span class='ocrx_word' id='word_1_96' title='bbox 1979 1400 2307 1453; x_wconf 77' lang='lat' dir='ltr'><strong><em>sterilitatem</em></strong></span> 
     </span>
    </p>
   </div>
   <div class='ocr_carea' id='block_1_16' title="bbox 744 1489 2310 1559">
    <p class='ocr_par' dir='ltr' id='par_1_16' title="bbox 744 1489 2310 1559">
     <span class='ocr_line' id='line_1_16' title="bbox 744 1489 2310 1559; baseline -0.003 -13"><span class='ocrx_word' id='word_1_97' title='bbox 744 1495 935 1546; x_wconf 78' lang='lat' dir='ltr'><strong><em>auium:</em></strong></span> <span class='ocrx_word' id='word_1_98' title='bbox 959 1508 1103 1545; x_wconf 79' lang='lat' dir='ltr'><strong><em>mew.</em></strong></span> <span class='ocrx_word' id='word_1_99' title='bbox 1140 1490 1252 1545; x_wconf 83' lang='lat' dir='ltr'><strong><em>Hoc</em></strong></span> <span class='ocrx_word' id='word_1_100' title='bbox 1278 1491 1370 1555; x_wconf 85' lang='lat' dir='ltr'><strong><em>ait,</em></strong></span> <span class='ocrx_word' id='word_1_101' title='bbox 1400 1490 1527 1558; x_wconf 90' lang='lat' dir='ltr'><strong><em>quia</em></strong></span> <span class='ocrx_word' id='word_1_102' title='bbox 1571 1490 1775 1559; x_wconf 80' lang='lat' dir='ltr'><strong><em>indigni</em></strong></span> <span class='ocrx_word' id='word_1_103' title='bbox 1813 1489 1912 1543; x_wconf 87' lang='lat' dir='ltr'><strong><em>visi</em></strong></span> <span class='ocrx_word' id='word_1_104' title='bbox 1948 1498 2074 1543; x_wconf 90' lang='lat' dir='ltr'><strong><em>sunt</em></strong></span> <span class='ocrx_word' id='word_1_105' title='bbox 2103 1489 2178 1542; x_wconf 89' lang='lat' dir='ltr'><strong><em>illi</em></strong></span> <span class='ocrx_word' id='word_1_106' title='bbox 2214 1505 2310 1542; x_wconf 85' lang='lat' dir='ltr'><strong><em>vo-</em></strong></span> 
     </span>
    </p>
   </div>
   <div class='ocr_carea' id='block_1_17' title="bbox 743 1581 2304 1652">
    <p class='ocr_par' dir='ltr' id='par_1_17' title="bbox 743 1581 2304 1652">
     <span class='ocr_line' id='line_1_17' title="bbox 743 1581 2304 1652; baseline -0.003 -13"><span class='ocrx_word' id='word_1_107' title='bbox 743 1587 854 1639; x_wconf 86' lang='lat' dir='ltr'><strong><em>cari</em></strong></span> <span class='ocrx_word' id='word_1_108' title='bbox 885 1585 976 1637; x_wconf 82' lang='lat' dir='ltr'><strong><em>ﬁlii</em></strong></span> <span class='ocrx_word' id='word_1_109' title='bbox 1009 1583 1124 1647; x_wconf 89' lang='lat' dir='ltr'><strong><em>Dei,</em></strong></span> <span class='ocrx_word' id='word_1_110' title='bbox 1148 1584 1293 1652; x_wconf 89' lang='lat' dir='ltr'><strong><em>quod</em></strong></span> <span class='ocrx_word' id='word_1_111' title='bbox 1321 1582 1556 1635; x_wconf 83' lang='lat' dir='ltr'><strong><em>maxime</em></strong></span> <span class='ocrx_word' id='word_1_112' title='bbox 1591 1582 1836 1634; x_wconf 90' lang='lat' dir='ltr'><strong><em>omnium</em></strong></span> <span class='ocrx_word' id='word_1_113' title='bbox 1875 1581 2304 1650; x_wconf 70' lang='lat' dir='ltr'><strong><em>przetlicatjuxta</em></strong></span> 
     </span>
    </p>
   </div>
   <div class='ocr_carea' id='block_1_18' title="bbox 743 1671 2119 1743">
    <p class='ocr_par' dir='ltr' id='par_1_18' title="bbox 743 1671 2119 1743">
     <span class='ocr_line' id='line_1_18' title="bbox 743 1671 2119 1743; baseline -0.006 -12"><span class='ocrx_word' id='word_1_114' title='bbox 743 1677 906 1731; x_wconf 86' lang='lat' dir='ltr'><strong><em>illud:</em></strong></span> <span class='ocrx_word' id='word_1_115' title='bbox 939 1677 1154 1743; x_wconf 77' lang='lat' dir='ltr'><strong><em>Quoties</em></strong></span> <span class='ocrx_word' id='word_1_116' title='bbox 1184 1674 1322 1728; x_wconf 78' lang='lat' dir='ltr'><strong><em>volui</em></strong></span> <span class='ocrx_word' id='word_1_117' title='bbox 1362 1689 1676 1743; x_wconf 81' lang='lat' dir='ltr'><strong><em>congregare</em></strong></span> <span class='ocrx_word' id='word_1_118' title='bbox 1703 1672 1842 1740; x_wconf 83' lang='lat' dir='ltr'><strong><em>[ilics</em></strong></span> <span class='ocrx_word' id='word_1_119' title='bbox 1881 1683 1996 1725; x_wconf 84' lang='lat' dir='ltr'><strong><em>tuos</em></strong></span> <span class='ocrx_word' id='word_1_120' title='bbox 2033 1671 2078 1702; x_wconf 82' lang='grc'>⁷⁸</span> <span class='ocrx_word' id='word_1_121' title='bbox 2107 1671 2119 1723; x_wconf 85' lang='grc' dir='ltr'><strong><em>ι</em></strong></span> 
     </span>
    </p>
   </div>
   <div class='ocr_carea' id='block_1_19' title="bbox 815 1845 2374 1923">
    <p class='ocr_par' dir='ltr' id='par_1_19' title="bbox 815 1845 2374 1923">
     <span class='ocr_line' id='line_1_19' title="bbox 815 1845 2374 1923; baseline -0.007 -15"><span class='ocrx_word' id='word_1_122' title='bbox 815 1857 902 1908; x_wconf 69' lang='grc'><strong><em>12.</em></strong></span> <span class='ocrx_word' id='word_1_123' title='bbox 928 1853 1040 1923; x_wconf 86' lang='lat' dir='ltr'><strong><em>Ego</em></strong></span> <span class='ocrx_word' id='word_1_124' title='bbox 1061 1863 1259 1917; x_wconf 88' lang='lat' dir='ltr'><strong><em>autem,</em></strong></span> <span class='ocrx_word' id='word_1_125' title='bbox 1288 1867 1405 1904; x_wconf 89' lang='lat' dir='ltr'><strong><em>cum</em></strong></span> <span class='ocrx_word' id='word_1_126' title='bbox 1436 1850 1565 1903; x_wconf 82' lang='lat' dir='ltr'><strong><em>mihi</em></strong></span> <span class='ocrx_word' id='word_1_127' title='bbox 1590 1849 1794 1902; x_wconf 81' lang='lat' dir='ltr'><strong><em>molesti</em></strong></span> <span class='ocrx_word' id='word_1_128' title='bbox 1829 1857 2019 1910; x_wconf 88' lang='lat' dir='ltr'><strong><em>essent,</em></strong></span> <span class='ocrx_word' id='word_1_129' title='bbox 2047 1845 2302 1899; x_wconf 85' lang='lat' dir='ltr'><strong><em>induebar</em></strong></span> <span class='ocrx_word' id='word_1_130' title='bbox 2332 1867 2374 1920; x_wconf 76' lang='grc' dir='ltr'><strong>Β</strong></span> 
     </span>
    </p>
   </div>
   <div class='ocr_carea' id='block_1_20' title="bbox 751 1936 2306 2016">
    <p class='ocr_par' dir='ltr' id='par_1_20' title="bbox 751 1936 2306 2016">
     <span class='ocr_line' id='line_1_20' title="bbox 751 1936 2306 2016; baseline -0.006 -16"><span class='ocrx_word' id='word_1_131' title='bbox 751 1948 944 2001; x_wconf 86' lang='lat' dir='ltr'><strong><em>cilicio.</em></strong></span> <span class='ocrx_word' id='word_1_132' title='bbox 973 1946 1214 2016; x_wconf 78' lang='lat' dir='ltr'><strong><em>Lugebat</em></strong></span> <span class='ocrx_word' id='word_1_133' title='bbox 1244 1945 1388 1998; x_wconf 91' lang='lat' dir='ltr'><strong><em>enim</em></strong></span> <span class='ocrx_word' id='word_1_134' title='bbox 1415 1956 1603 1996; x_wconf 90' lang='lat' dir='ltr'><strong><em>eorum</em></strong></span> <span class='ocrx_word' id='word_1_135' title='bbox 1634 1940 1950 2011; x_wconf 77' lang='lat' dir='ltr'><strong><em>perniciem,</em></strong></span> <span class='ocrx_word' id='word_1_136' title='bbox 2010 1939 2082 1992; x_wconf 88' lang='lat' dir='ltr'><strong><em>ita</em></strong></span> <span class='ocrx_word' id='word_1_137' title='bbox 2117 1948 2175 1992; x_wconf 89' lang='lat' dir='ltr'><strong><em>ut</em></strong></span> <span class='ocrx_word' id='word_1_138' title='bbox 2205 1936 2306 1991; x_wconf 81' lang='lat' dir='ltr'><strong><em>do-</em></strong></span> 
     </span>
    </p>
   </div>
   <div class='ocr_carea' id='block_1_21' title="bbox 745 2035 2307 2105">
    <p class='ocr_par' dir='ltr' id='par_1_21' title="bbox 745 2035 2307 2105">
     <span class='ocr_line' id='line_1_21' title="bbox 745 2035 2307 2105; baseline -0.004 -13"><span class='ocrx_word' id='word_1_139' title='bbox 745 2043 894 2101; x_wconf 85' lang='lat' dir='ltr'><strong><em>leret,</em></strong></span> <span class='ocrx_word' id='word_1_140' title='bbox 919 2040 1265 2095; x_wconf 83' lang='lat' dir='ltr'><strong><em>vehementer</em></strong></span> <span class='ocrx_word' id='word_1_141' title='bbox 1311 2044 1619 2105; x_wconf 80' lang='lat' dir='ltr'><strong><em>angeretur,</em></strong></span> <span class='ocrx_word' id='word_1_142' title='bbox 1655 2035 2070 2104; x_wconf 85' lang='lat' dir='ltr'><strong><em>lacrymarctur,</em></strong></span> <span class='ocrx_word' id='word_1_143' title='bbox 2125 2041 2307 2087; x_wconf 87' lang='lat' dir='ltr'><strong><em>oraret</em></strong></span> 
     </span>
    </p>
   </div>
   <div class='ocr_carea' id='block_1_22' title="bbox 741 2139 1338 2202">
    <p class='ocr_par' dir='ltr' id='par_1_22' title="bbox 741 2139 1338 2202">
     <span class='ocr_line' id='line_1_22' title="bbox 741 2139 1338 2202; baseline -0.01 -17"><span class='ocrx_word' id='word_1_144' title='bbox 741 2148 840 2202; x_wconf 89' lang='lat' dir='ltr'><strong><em>pro</em></strong></span> <span class='ocrx_word' id='word_1_145' title='bbox 874 2139 1094 2200; x_wconf 88' lang='lat' dir='ltr'><strong><em>peccato</em></strong></span> <span class='ocrx_word' id='word_1_146' title='bbox 1128 2143 1338 2182; x_wconf 87' lang='lat' dir='ltr'><strong><em>eorum.</em></strong></span> 
     </span>
    </p>
   </div>
   <div class='ocr_carea' id='block_1_23' title="bbox 813 2211 2307 2285">
    <p class='ocr_par' dir='ltr' id='par_1_23' title="bbox 813 2211 2307 2285">
     <span class='ocr_line' id='line_1_23' title="bbox 813 2211 2307 2285; baseline -0.007 -9"><span class='ocrx_word' id='word_1_147' title='bbox 813 2223 900 2276; x_wconf 74' lang='lat' dir='ltr'><strong><em>l3.</em></strong></span> <span class='ocrx_word' id='word_1_148' title='bbox 931 2221 999 2275; x_wconf 86' lang='lat' dir='ltr'><strong><em>Et</em></strong></span> <span class='ocrx_word' id='word_1_149' title='bbox 1030 2218 1382 2274; x_wconf 83' lang='lat' dir='ltr'><strong><em>Itumiliabam</em></strong></span> <span class='ocrx_word' id='word_1_150' title='bbox 1408 2217 1463 2269; x_wconf 90' lang='lat' dir='ltr'><strong><em>in</em></strong></span> <span class='ocrx_word' id='word_1_151' title='bbox 1495 2215 1702 2285; x_wconf 82' lang='lat' dir='ltr'><strong><em>jejunio</em></strong></span> <span class='ocrx_word' id='word_1_152' title='bbox 1742 2215 1975 2268; x_wconf 87' lang='lat' dir='ltr'><strong><em>animant</em></strong></span> <span class='ocrx_word' id='word_1_153' title='bbox 2011 2230 2199 2267; x_wconf 87' lang='lat' dir='ltr'><strong><em>meam.</em></strong></span> <span class='ocrx_word' id='word_1_154' title='bbox 2239 2211 2307 2266; x_wconf 88' lang='lat' dir='ltr'><strong><em>Ut</em></strong></span> 
     </span>
    </p>
   </div>
   <div class='ocr_carea' id='block_1_24' title="bbox 739 2306 2301 2376">
    <p class='ocr_par' dir='ltr' id='par_1_24' title="bbox 739 2306 2301 2376">
     <span class='ocr_line' id='line_1_24' title="bbox 739 2306 2301 2376; baseline -0.006 -8"><span class='ocrx_word' id='word_1_155' title='bbox 739 2315 1088 2368; x_wconf 88' lang='lat' dir='ltr'><strong><em>conlirmaret</em></strong></span> <span class='ocrx_word' id='word_1_156' title='bbox 1105 2310 1557 2370; x_wconf 88' lang='lat' dir='ltr'><strong><em>incarnationem,</em></strong></span> <span class='ocrx_word' id='word_1_157' title='bbox 1584 2308 1757 2361; x_wconf 91' lang='lat' dir='ltr'><strong><em>uoluit</em></strong></span> <span class='ocrx_word' id='word_1_158' title='bbox 1775 2306 1984 2376; x_wconf 85' lang='lat' dir='ltr'><strong><em>jejunio</em></strong></span> <span class='ocrx_word' id='word_1_159' title='bbox 2011 2307 2301 2360; x_wconf 89' lang='lat' dir='ltr'><strong><em>abstinere.</em></strong></span> 
     </span>
    </p>
   </div>
   <div class='ocr_carea' id='block_1_25' title="bbox 735 2397 2307 2458">
    <p class='ocr_par' dir='ltr' id='par_1_25' title="bbox 735 2397 2307 2458">
     <span class='ocr_line' id='line_1_25' title="bbox 735 2397 2307 2458; baseline -0.004 -1"><span class='ocrx_word' id='word_1_160' title='bbox 735 2405 808 2457; x_wconf 80' lang='lat' dir='ltr'><strong><em>Et</em></strong></span> <span class='ocrx_word' id='word_1_161' title='bbox 844 2406 1011 2458; x_wconf 89' lang='lat' dir='ltr'><strong><em>oratio</em></strong></span> <span class='ocrx_word' id='word_1_162' title='bbox 1044 2419 1156 2456; x_wconf 89' lang='lat' dir='ltr'><strong><em>mea</em></strong></span> <span class='ocrx_word' id='word_1_163' title='bbox 1195 2403 1250 2454; x_wconf 86' lang='lat' dir='ltr'><strong><em>in</em></strong></span> <span class='ocrx_word' id='word_1_164' title='bbox 1276 2402 1392 2454; x_wconf 88' lang='lat' dir='ltr'><strong><em>sinu</em></strong></span> <span class='ocrx_word' id='word_1_165' title='bbox 1423 2415 1533 2452; x_wconf 90' lang='lat' dir='ltr'><strong><em>meo</em></strong></span> <span class='ocrx_word' id='word_1_166' title='bbox 1561 2407 1904 2451; x_wconf 73' lang='lat' dir='ltr'><strong><em>convertatur.</em></strong></span> <span class='ocrx_word' id='word_1_167' title='bbox 1939 2397 2048 2452; x_wconf 85' lang='lat' dir='ltr'><strong><em>Hoc</em></strong></span> <span class='ocrx_word' id='word_1_168' title='bbox 2076 2397 2307 2452; x_wconf 79' lang='lat' dir='ltr'><strong><em>fortasse</em></strong></span> 
     </span>
    </p>
   </div>
   <div class='ocr_carea' id='block_1_26' title="bbox 736 2486 2302 2561">
    <p class='ocr_par' dir='ltr' id='par_1_26' title="bbox 736 2486 2302 2561">
     <span class='ocr_line' id='line_1_26' title="bbox 736 2486 2302 2561; baseline -0.006 -12"><span class='ocrx_word' id='word_1_169' title='bbox 736 2497 918 2549; x_wconf 83' lang='lat' dir='ltr'><strong><em>innuit</em></strong></span> <span class='ocrx_word' id='word_1_170' title='bbox 951 2494 1071 2547; x_wconf 89' lang='lat' dir='ltr'><strong><em>illos</em></strong></span> <span class='ocrx_word' id='word_1_171' title='bbox 1102 2493 1156 2546; x_wconf 92' lang='lat' dir='ltr'><strong><em>in</em></strong></span> <span class='ocrx_word' id='word_1_172' title='bbox 1197 2499 1418 2561; x_wconf 80' lang='lat' dir='ltr'><strong><em>peccato</em></strong></span> <span class='ocrx_word' id='word_1_173' title='bbox 1472 2490 1784 2558; x_wconf 89' lang='lat' dir='ltr'><strong><em>persistere.</em></strong></span> <span class='ocrx_word' id='word_1_174' title='bbox 1821 2486 1964 2540; x_wconf 85' lang='lat' dir='ltr'><strong><em>Nihil</em></strong></span> <span class='ocrx_word' id='word_1_175' title='bbox 1998 2488 2163 2550; x_wconf 91' lang='lat' dir='ltr'><strong><em>enim,</em></strong></span> <span class='ocrx_word' id='word_1_176' title='bbox 2214 2491 2302 2540; x_wconf 88' lang='lat' dir='ltr'><strong><em>in-</em></strong></span> 
     </span>
    </p>
   </div>
   <div class='ocr_carea' id='block_1_27' title="bbox 742 2578 2306 2658">
    <p class='ocr_par' dir='ltr' id='par_1_27' title="bbox 742 2578 2306 2658">
     <span class='ocr_line' id='line_1_27' title="bbox 742 2578 2306 2658; baseline -0.007 -17"><span class='ocrx_word' id='word_1_177' title='bbox 742 2589 882 2658; x_wconf 86' lang='lat' dir='ltr'><strong><em>quit,</em></strong></span> <span class='ocrx_word' id='word_1_178' title='bbox 917 2583 1122 2657; x_wconf 78' lang='lat' dir='ltr'><strong><em>prol‘uit</em></strong></span> <span class='ocrx_word' id='word_1_179' title='bbox 1150 2585 1282 2654; x_wconf 88' lang='lat' dir='ltr'><strong><em>ipsis</em></strong></span> <span class='ocrx_word' id='word_1_180' title='bbox 1318 2583 1555 2652; x_wconf 86' lang='lat' dir='ltr'><strong><em>precatio</em></strong></span> <span class='ocrx_word' id='word_1_181' title='bbox 1591 2597 1732 2643; x_wconf 88' lang='lat' dir='ltr'><strong><em>mea,</em></strong></span> <span class='ocrx_word' id='word_1_182' title='bbox 1784 2595 1947 2648; x_wconf 88' lang='lat' dir='ltr'><strong><em>quam</em></strong></span> <span class='ocrx_word' id='word_1_183' title='bbox 1991 2596 2058 2633; x_wconf 81' lang='lat' dir='ltr'><strong><em>ex</em></strong></span> <span class='ocrx_word' id='word_1_184' title='bbox 2103 2578 2306 2648; x_wconf 74' lang='lat' dir='ltr'><strong><em>ingenti</em></strong></span> 
     </span>
    </p>
   </div>
   <div class='ocr_carea' id='block_1_28' title="bbox 742 2668 2038 2749">
    <p class='ocr_par' dir='ltr' id='par_1_28' title="bbox 742 2668 2038 2749">
     <span class='ocr_line' id='line_1_28' title="bbox 742 2668 2038 2749; baseline -0.007 -18"><span class='ocrx_word' id='word_1_185' title='bbox 742 2677 1049 2749; x_wconf 78' lang='lat' dir='ltr'><strong><em>ignorantia</em></strong></span> <span class='ocrx_word' id='word_1_186' title='bbox 1078 2675 1145 2728; x_wconf 91' lang='lat' dir='ltr'><strong><em>ad</em></strong></span> <span class='ocrx_word' id='word_1_187' title='bbox 1179 2688 1264 2727; x_wconf 88' lang='lat' dir='ltr'><strong><em>me</em></strong></span> <span class='ocrx_word' id='word_1_188' title='bbox 1293 2672 1451 2742; x_wconf 88' lang='lat' dir='ltr'><strong><em>quasi</em></strong></span> <span class='ocrx_word' id='word_1_189' title='bbox 1486 2669 1686 2725; x_wconf 84' lang='lat' dir='ltr'><strong><em>reﬂeeti</em></strong></span> <span class='ocrx_word' id='word_1_190' title='bbox 1721 2668 2038 2724; x_wconf 81' lang='lat' dir='ltr'><strong><em>eﬂ‘ccerunt.</em></strong></span> 
     </span>
    </p>
   </div>
   <div class='ocr_carea' id='block_1_29' title="bbox 814 2862 2308 2941">
    <p class='ocr_par' dir='ltr' id='par_1_29' title="bbox 814 2862 2308 2941">
     <span class='ocr_line' id='line_1_29' title="bbox 814 2862 2308 2941; baseline -0.01 -13"><span class='ocrx_word' id='word_1_191' title='bbox 814 2875 897 2928; x_wconf 69' lang='grc'><strong><em>14.</em></strong></span> <span class='ocrx_word' id='word_1_192' title='bbox 927 2873 1097 2939; x_wconf 86' lang='lat' dir='ltr'><strong><em>Quasi</em></strong></span> <span class='ocrx_word' id='word_1_193' title='bbox 1126 2870 1423 2941; x_wconf 75' lang='lat' dir='ltr'><strong><em>proximum</em></strong></span> <span class='ocrx_word' id='word_1_194' title='bbox 1451 2878 1499 2922; x_wconf 87' lang='lat' dir='ltr'><strong><em>et</em></strong></span> <span class='ocrx_word' id='word_1_195' title='bbox 1530 2867 1681 2937; x_wconf 86' lang='lat' dir='ltr'><strong><em>quasi</em></strong></span> <span class='ocrx_word' id='word_1_196' title='bbox 1715 2867 1935 2935; x_wconf 76' lang='lat' dir='ltr'><strong><em>fratrem</em></strong></span> <span class='ocrx_word' id='word_1_197' title='bbox 1967 2873 2204 2916; x_wconf 86' lang='lat' dir='ltr'><strong><em>nostrum</em></strong></span> <span class='ocrx_word' id='word_1_198' title='bbox 2232 2862 2308 2914; x_wconf 86' lang='lat' dir='ltr'><strong><em>sic</em></strong></span> 
     </span>
    </p>
   </div>
   <div class='ocr_carea' id='block_1_30' title="bbox 739 2953 2306 3033">
    <p class='ocr_par' dir='ltr' id='par_1_30' title="bbox 739 2953 2306 3033">
     <span class='ocr_line' id='line_1_30' title="bbox 739 2953 2306 3033; baseline -0.009 -14"><span class='ocrx_word' id='word_1_199' title='bbox 739 2965 1145 3033; x_wconf 82' lang='lat' dir='ltr'><strong><em>complaccbam.</em></strong></span> <span class='ocrx_word' id='word_1_200' title='bbox 1191 2962 1357 3029; x_wconf 87' lang='lat' dir='ltr'><strong><em>Quasi</em></strong></span> <span class='ocrx_word' id='word_1_201' title='bbox 1383 2960 1622 3018; x_wconf 82' lang='lat' dir='ltr'><strong><em>fratrem,</em></strong></span> <span class='ocrx_word' id='word_1_202' title='bbox 1647 2957 1842 3025; x_wconf 85' lang='lat' dir='ltr'><strong><em>inquit,</em></strong></span> <span class='ocrx_word' id='word_1_203' title='bbox 1871 2963 1920 3009; x_wconf 92' lang='lat' dir='ltr'><strong><em>et</em></strong></span> <span class='ocrx_word' id='word_1_204' title='bbox 1955 2956 2209 3018; x_wconf 88' lang='lat' dir='ltr'><strong><em>amicum,</em></strong></span> <span class='ocrx_word' id='word_1_205' title='bbox 2235 2953 2306 3006; x_wconf 84' lang='lat' dir='ltr'><strong><em>ita</em></strong></span> 
     </span>
    </p>
   </div>
   <div class='ocr_carea' id='block_1_31' title="bbox 741 3045 2304 3115">
    <p class='ocr_par' dir='ltr' id='par_1_31' title="bbox 741 3045 2304 3115">
     <span class='ocr_line' id='line_1_31' title="bbox 741 3045 2304 3115; baseline -0.011 -1"><span class='ocrx_word' id='word_1_206' title='bbox 741 3061 998 3115; x_wconf 84' lang='lat' dir='ltr'><strong><em>curabam</em></strong></span> <span class='ocrx_word' id='word_1_207' title='bbox 1029 3072 1125 3111; x_wconf 88' lang='lat' dir='ltr'><strong><em>eos</em></strong></span> <span class='ocrx_word' id='word_1_208' title='bbox 1157 3052 1420 3108; x_wconf 85' lang='lat' dir='ltr'><strong><em>benellcio</em></strong></span> <span class='ocrx_word' id='word_1_209' title='bbox 1448 3049 1735 3111; x_wconf 87' lang='lat' dir='ltr'><strong><em>demereri,</em></strong></span> <span class='ocrx_word' id='word_1_210' title='bbox 1772 3047 1957 3101; x_wconf 76' lang='lat' dir='ltr'><strong><em>volens</em></strong></span> <span class='ocrx_word' id='word_1_211' title='bbox 1997 3061 2091 3100; x_wconf 85' lang='lat' dir='ltr'><strong><em>eos</em></strong></span> <span class='ocrx_word' id='word_1_212' title='bbox 2115 3045 2180 3098; x_wconf 89' lang='lat' dir='ltr'><strong><em>ad</em></strong></span> <span class='ocrx_word' id='word_1_213' title='bbox 2215 3059 2304 3098; x_wconf 89' lang='lat' dir='ltr'><strong><em>sa-</em></strong></span> 
     </span>
    </p>
   </div>
   <div class='ocr_carea' id='block_1_32' title="bbox 736 3138 2302 3215">
    <p class='ocr_par' dir='ltr' id='par_1_32' title="bbox 736 3138 2302 3215">
     <span class='ocr_line' id='line_1_32' title="bbox 736 3138 2302 3215; baseline -0.011 -9"><span class='ocrx_word' id='word_1_214' title='bbox 736 3154 959 3207; x_wconf 83' lang='lat' dir='ltr'><strong><em>nitatem</em></strong></span> <span class='ocrx_word' id='word_1_215' title='bbox 1000 3147 1300 3202; x_wconf 88' lang='lat' dir='ltr'><strong><em>reducere:</em></strong></span> <span class='ocrx_word' id='word_1_216' title='bbox 1336 3152 1668 3215; x_wconf 89' lang='lat' dir='ltr'><strong><em>quapropter</em></strong></span> <span class='ocrx_word' id='word_1_217' title='bbox 1698 3142 1916 3196; x_wconf 91' lang='lat' dir='ltr'><strong><em>illorum</em></strong></span> <span class='ocrx_word' id='word_1_218' title='bbox 1950 3154 2115 3194; x_wconf 89' lang='lat' dir='ltr'><strong><em>causa</em></strong></span> <span class='ocrx_word' id='word_1_219' title='bbox 2151 3138 2302 3205; x_wconf 78' lang='lat' dir='ltr'><strong><em>luge-</em></strong></span> 
     </span>
    </p>
   </div>
   <div class='ocr_carea' id='block_1_33' title="bbox 736 3245 884 3298">
    <p class='ocr_par' dir='ltr' id='par_1_33' title="bbox 736 3245 884 3298">
     <span class='ocr_line' id='line_1_33' title="bbox 736 3245 884 3298; baseline -0.034 0"><span class='ocrx_word' id='word_1_220' title='bbox 736 3245 884 3298; x_wconf 88' lang='lat' dir='ltr'><strong><em>bam.</em></strong></span> 
     </span>
    </p>
   </div>
   <div class='ocr_carea' id='block_1_34' title="bbox 801 3323 2295 3388">
    <p class='ocr_par' dir='ltr' id='par_1_34' title="bbox 801 3323 2295 3388">
     <span class='ocr_line' id='line_1_34' title="bbox 801 3323 2295 3388; baseline -0.011 -2"><span class='ocrx_word' id='word_1_221' title='bbox 801 3332 887 3388; x_wconf 79' lang='grc'><strong><em>15.</em></strong></span> <span class='ocrx_word' id='word_1_222' title='bbox 925 3329 988 3382; x_wconf 86' lang='lat' dir='ltr'><strong><em>Et</em></strong></span> <span class='ocrx_word' id='word_1_223' title='bbox 1038 3329 1313 3382; x_wconf 83' lang='lat' dir='ltr'><strong><em>adversum</em></strong></span> <span class='ocrx_word' id='word_1_224' title='bbox 1357 3342 1435 3379; x_wconf 87' lang='lat' dir='ltr'><strong><em>me</em></strong></span> <span class='ocrx_word' id='word_1_225' title='bbox 1474 3323 1640 3378; x_wconf 60' lang='lat' dir='ltr'><strong><em>(artati</em></strong></span> <span class='ocrx_word' id='word_1_226' title='bbox 1687 3329 1805 3373; x_wconf 86' lang='lat' dir='ltr'><strong><em>sunt</em></strong></span> <span class='ocrx_word' id='word_1_227' title='bbox 1839 3327 1886 3372; x_wconf 88' lang='lat' dir='ltr'><strong><em>et</em></strong></span> <span class='ocrx_word' id='word_1_228' title='bbox 1935 3323 2295 3370; x_wconf 80' lang='lat' dir='ltr'><strong><em>convenerunt.</em></strong></span> 
     </span>
    </p>
   </div>
   <div class='ocr_carea' id='block_1_35' title="bbox 735 3411 2300 3492">
    <p class='ocr_par' dir='ltr' id='par_1_35' title="bbox 735 3411 2300 3492">
     <span class='ocr_line' id='line_1_35' title="bbox 735 3411 2300 3492; baseline -0.011 -12"><span class='ocrx_word' id='word_1_229' title='bbox 735 3424 880 3487; x_wconf 65' lang='lat' dir='ltr'><strong><em>Hae,</em></strong></span> <span class='ocrx_word' id='word_1_230' title='bbox 909 3423 1106 3492; x_wconf 83' lang='lat' dir='ltr'><strong><em>inquit,</em></strong></span> <span class='ocrx_word' id='word_1_231' title='bbox 1146 3422 1279 3474; x_wconf 92' lang='lat' dir='ltr'><strong><em>mihi</em></strong></span> <span class='ocrx_word' id='word_1_232' title='bbox 1304 3419 1550 3489; x_wconf 86' lang='lat' dir='ltr'><strong><em>opsonia,</em></strong></span> <span class='ocrx_word' id='word_1_233' title='bbox 1576 3416 1715 3486; x_wconf 89' lang='lat' dir='ltr'><strong><em>quod</em></strong></span> <span class='ocrx_word' id='word_1_234' title='bbox 1744 3429 1930 3469; x_wconf 90' lang='lat' dir='ltr'><strong><em>eorum</em></strong></span> <span class='ocrx_word' id='word_1_235' title='bbox 1956 3427 2174 3466; x_wconf 88' lang='lat' dir='ltr'><strong><em>causam</em></strong></span> <span class='ocrx_word' id='word_1_236' title='bbox 2204 3411 2300 3465; x_wconf 88' lang='lat' dir='ltr'><strong><em>do-</em></strong></span> 
     </span>
    </p>
   </div>
   <div class='ocr_carea' id='block_1_36' title="bbox 734 3501 2298 3577">
    <p class='ocr_par' dir='ltr' id='par_1_36' title="bbox 734 3501 2298 3577">
     <span class='ocr_line' id='line_1_36' title="bbox 734 3501 2298 3577; baseline -0.012 -8"><span class='ocrx_word' id='word_1_237' title='bbox 734 3519 923 3576; x_wconf 85' lang='lat' dir='ltr'><strong><em>lerem,</em></strong></span> <span class='ocrx_word' id='word_1_238' title='bbox 953 3511 1347 3566; x_wconf 87' lang='lat' dir='ltr'><strong><em>retribuerunt.</em></strong></span> <span class='ocrx_word' id='word_1_239' title='bbox 1391 3507 1717 3577; x_wconf 83' lang='lat' dir='ltr'><strong><em>Congregata</em></strong></span> <span class='ocrx_word' id='word_1_240' title='bbox 1744 3515 1864 3557; x_wconf 87' lang='lat' dir='ltr'><strong><em>sunt</em></strong></span> <span class='ocrx_word' id='word_1_241' title='bbox 1900 3519 2052 3571; x_wconf 88' lang='lat' dir='ltr'><strong><em>super</em></strong></span> <span class='ocrx_word' id='word_1_242' title='bbox 2086 3518 2164 3553; x_wconf 88' lang='lat' dir='ltr'><strong><em>me</em></strong></span> <span class='ocrx_word' id='word_1_243' title='bbox 2194 3501 2298 3567; x_wconf 62' lang='grc' dir='ltr'><strong><em>βαρ</em></strong></span> 
     </span>
    </p>
   </div>
   <div class='ocr_carea' id='block_1_37' title="bbox 732 3589 2299 3676">
    <p class='ocr_par' dir='ltr' id='par_1_37' title="bbox 732 3589 2299 3676">
     <span class='ocr_line' id='line_1_37' title="bbox 732 3589 2299 3676; baseline -0.01 -18"><span class='ocrx_word' id='word_1_244' title='bbox 732 3607 889 3676; x_wconf 86' lang='lat' dir='ltr'><strong><em>gella,</em></strong></span> <span class='ocrx_word' id='word_1_245' title='bbox 921 3614 966 3657; x_wconf 90' lang='lat' dir='ltr'><strong><em>et</em></strong></span> <span class='ocrx_word' id='word_1_246' title='bbox 986 3602 1244 3673; x_wconf 84' lang='lat' dir='ltr'><strong><em>ignoravi.</em></strong></span> <span class='ocrx_word' id='word_1_247' title='bbox 1279 3597 1489 3653; x_wconf 87' lang='lat' dir='ltr'><strong><em>Nullam</em></strong></span> <span class='ocrx_word' id='word_1_248' title='bbox 1522 3598 1665 3652; x_wconf 89' lang='lat' dir='ltr'><strong><em>enim</em></strong></span> <span class='ocrx_word' id='word_1_249' title='bbox 1708 3596 1928 3649; x_wconf 82' lang='lat' dir='ltr'><strong><em>cauSam</em></strong></span> <span class='ocrx_word' id='word_1_250' title='bbox 1961 3608 2059 3648; x_wconf 86' lang='lat' dir='ltr'><strong><em>cur</em></strong></span> <span class='ocrx_word' id='word_1_251' title='bbox 2091 3606 2176 3644; x_wconf 88' lang='lat' dir='ltr'><strong><em>me</em></strong></span> <span class='ocrx_word' id='word_1_252' title='bbox 2203 3589 2299 3643; x_wconf 87' lang='lat' dir='ltr'><strong><em>lla-</em></strong></span> 
     </span>
    </p>
   </div>
   <div class='ocr_carea' id='block_1_38' title="bbox 735 3690 1655 3768">
    <p class='ocr_par' dir='ltr' id='par_1_38' title="bbox 735 3690 1655 3768">
     <span class='ocr_line' id='line_1_38' title="bbox 735 3690 1655 3768; baseline -0.015 -15"><span class='ocrx_word' id='word_1_253' title='bbox 735 3698 890 3768; x_wconf 74' lang='lat' dir='ltr'><strong><em>gellis</em></strong></span> <span class='ocrx_word' id='word_1_254' title='bbox 926 3694 1199 3750; x_wconf 70' lang='lat' dir='ltr'><strong><em>caederent</em></strong></span> <span class='ocrx_word' id='word_1_255' title='bbox 1232 3690 1655 3760; x_wconf 84' lang='lat' dir='ltr'><strong><em>comperiebam.</em></strong></span> 
     </span>
    </p>
   </div>
   <div class='ocr_carea' id='block_1_39' title="bbox 805 3773 2295 3852">
    <p class='ocr_par' dir='ltr' id='par_1_39' title="bbox 805 3773 2295 3852">
     <span class='ocr_line' id='line_1_39' title="bbox 805 3773 2295 3852; baseline -0.011 -10"><span class='ocrx_word' id='word_1_256' title='bbox 805 3788 893 3842; x_wconf 77' lang='grc'><strong><em>16.</em></strong></span> <span class='ocrx_word' id='word_1_257' title='bbox 941 3785 1196 3852; x_wconf 83' lang='lat' dir='ltr'><strong><em>Dissipati</em></strong></span> <span class='ocrx_word' id='word_1_258' title='bbox 1242 3794 1382 3846; x_wconf 85' lang='lat' dir='ltr'><strong><em>sunt,</em></strong></span> <span class='ocrx_word' id='word_1_259' title='bbox 1406 3798 1496 3834; x_wconf 86' lang='lat' dir='ltr'><strong><em>nec</em></strong></span> <span class='ocrx_word' id='word_1_260' title='bbox 1537 3777 1853 3846; x_wconf 86' lang='lat' dir='ltr'><strong><em>compuncti,</em></strong></span> <span class='ocrx_word' id='word_1_261' title='bbox 1889 3785 1992 3830; x_wconf 88' lang='lat' dir='ltr'><strong><em>etc.</em></strong></span> <span class='ocrx_word' id='word_1_262' title='bbox 2021 3773 2077 3827; x_wconf 88' lang='lat' dir='ltr'><strong><em>In</em></strong></span> <span class='ocrx_word' id='word_1_263' title='bbox 2114 3774 2295 3827; x_wconf 83' lang='lat' dir='ltr'><strong><em>varias</em></strong></span> 
     </span>
    </p>
   </div>
   <div class='ocr_carea' id='block_1_40' title="bbox 734 3863 2298 3935">
    <p class='ocr_par' dir='ltr' id='par_1_40' title="bbox 734 3863 2298 3935">
     <span class='ocr_line' id='line_1_40' title="bbox 734 3863 2298 3935; baseline -0.013 0"><span class='ocrx_word' id='word_1_264' title='bbox 734 3878 942 3935; x_wconf 63' lang='lat' dir='ltr'><strong><em>scilicet</em></strong></span> <span class='ocrx_word' id='word_1_265' title='bbox 973 3871 1265 3929; x_wconf 91' lang='lat' dir='ltr'><strong><em>multitudo</em></strong></span> <span class='ocrx_word' id='word_1_266' title='bbox 1295 3872 1427 3925; x_wconf 85' lang='lat' dir='ltr'><strong><em>abiit</em></strong></span> <span class='ocrx_word' id='word_1_267' title='bbox 1455 3869 1772 3930; x_wconf 85' lang='lat' dir='ltr'><strong><em>sententias,</em></strong></span> <span class='ocrx_word' id='word_1_268' title='bbox 1817 3876 1873 3920; x_wconf 92' lang='lat' dir='ltr'><strong><em>ut</em></strong></span> <span class='ocrx_word' id='word_1_269' title='bbox 1913 3866 1988 3919; x_wconf 86' lang='lat' dir='ltr'><strong><em>ait</em></strong></span> <span class='ocrx_word' id='word_1_270' title='bbox 2025 3863 2298 3933; x_wconf 76' lang='lat' dir='ltr'><strong><em>evangeli-</em></strong></span> 
     </span>
    </p>
   </div>
   <div class='ocr_carea' id='block_1_41' title="bbox 732 3952 2299 4034">
    <p class='ocr_par' dir='ltr' id='par_1_41' title="bbox 732 3952 2299 4034">
     <span class='ocr_line' id='line_1_41' title="bbox 732 3952 2299 4034; baseline -0.011 -9"><span class='ocrx_word' id='word_1_271' title='bbox 732 3977 839 4034; x_wconf 88' lang='lat' dir='ltr'><strong><em>sta,</em></strong></span> <span class='ocrx_word' id='word_1_272' title='bbox 871 3967 994 4021; x_wconf 88' lang='lat' dir='ltr'><strong><em>aliis</em></strong></span> <span class='ocrx_word' id='word_1_273' title='bbox 1024 3967 1252 4027; x_wconf 85' lang='lat' dir='ltr'><strong><em>bonum,</em></strong></span> <span class='ocrx_word' id='word_1_274' title='bbox 1276 3963 1398 4016; x_wconf 88' lang='lat' dir='ltr'><strong><em>aliis</em></strong></span> <span class='ocrx_word' id='word_1_275' title='bbox 1427 3961 1626 4015; x_wconf 89' lang='lat' dir='ltr'><strong><em>malum</em></strong></span> <span class='ocrx_word' id='word_1_276' title='bbox 1655 3973 1777 4013; x_wconf 89' lang='lat' dir='ltr'><strong><em>esse</em></strong></span> <span class='ocrx_word' id='word_1_277' title='bbox 1808 3956 2137 4012; x_wconf 89' lang='lat' dir='ltr'><strong><em>dicentibus.</em></strong></span> <span class='ocrx_word' id='word_1_278' title='bbox 2175 3952 2299 4008; x_wconf 80' lang='lat' dir='ltr'><strong><em>HIs-</em></strong></span> 
     </span>
    </p>
   </div>
   <div class='ocr_carea' id='block_1_42' title="bbox 733 4048 2298 4129">
    <p class='ocr_par' dir='ltr' id='par_1_42' title="bbox 733 4048 2298 4129">
     <span class='ocr_line' id='line_1_42' title="bbox 733 4048 2298 4129; baseline -0.008 -17"><span class='ocrx_word' id='word_1_279' title='bbox 733 4073 840 4129; x_wconf 86' lang='lat' dir='ltr'><strong><em>que</em></strong></span> <span class='ocrx_word' id='word_1_280' title='bbox 875 4068 1052 4110; x_wconf 90' lang='lat' dir='ltr'><strong><em>tamen</em></strong></span> <span class='ocrx_word' id='word_1_281' title='bbox 1083 4054 1250 4124; x_wconf 73' lang='lat' dir='ltr'><strong><em>gestis</em></strong></span> <span class='ocrx_word' id='word_1_282' title='bbox 1284 4066 1626 4120; x_wconf 84' lang='lat' dir='ltr'><strong><em>nequaquam</em></strong></span> <span class='ocrx_word' id='word_1_283' title='bbox 1673 4048 1989 4118; x_wconf 86' lang='lat' dir='ltr'><strong><em>compuncti</em></strong></span> <span class='ocrx_word' id='word_1_284' title='bbox 2020 4056 2169 4111; x_wconf 87' lang='lat' dir='ltr'><strong><em>sunt,</em></strong></span> <span class='ocrx_word' id='word_1_285' title='bbox 2203 4061 2298 4100; x_wconf 87' lang='lat' dir='ltr'><strong><em>ne-</em></strong></span> 
     </span>
    </p>
   </div>
   <div class='ocr_carea' id='block_1_43' title="bbox 733 4139 2292 4221">
    <p class='ocr_par' dir='ltr' id='par_1_43' title="bbox 733 4139 2292 4221">
     <span class='ocr_line' id='line_1_43' title="bbox 733 4139 2292 4221; baseline -0.009 -17"><span class='ocrx_word' id='word_1_286' title='bbox 733 4166 840 4221; x_wconf 84' lang='lat' dir='ltr'><strong><em>que</em></strong></span> <span class='ocrx_word' id='word_1_287' title='bbox 872 4147 1252 4202; x_wconf 81' lang='lat' dir='ltr'><strong><em>intellexerunt</em></strong></span> <span class='ocrx_word' id='word_1_288' title='bbox 1305 4152 1494 4197; x_wconf 88' lang='lat' dir='ltr'><strong><em>contra</em></strong></span> <span class='ocrx_word' id='word_1_289' title='bbox 1545 4156 1703 4210; x_wconf 85' lang='lat' dir='ltr'><strong><em>quem</em></strong></span> <span class='ocrx_word' id='word_1_290' title='bbox 1754 4139 1880 4193; x_wconf 84' lang='lat' dir='ltr'><strong><em>talia</em></strong></span> <span class='ocrx_word' id='word_1_291' title='bbox 1928 4139 2292 4193; x_wconf 82' lang='lat' dir='ltr'><strong><em>admitterent.</em></strong></span> 
     </span>
    </p>
   </div>
   <div class='ocr_carea' id='block_1_44' title="bbox 734 4229 2297 4301">
    <p class='ocr_par' dir='ltr' id='par_1_44' title="bbox 734 4229 2297 4301">
     <span class='ocr_line' id='line_1_44' title="bbox 734 4229 2297 4301; baseline -0.01 -4"><span class='ocrx_word' id='word_1_292' title='bbox 734 4242 849 4297; x_wconf 81' lang='lat' dir='ltr'><strong><em>Hoc</em></strong></span> <span class='ocrx_word' id='word_1_293' title='bbox 883 4249 1062 4294; x_wconf 88' lang='lat' dir='ltr'><strong><em>autem</em></strong></span> <span class='ocrx_word' id='word_1_294' title='bbox 1115 4252 1222 4291; x_wconf 90' lang='lat' dir='ltr'><strong><em>non</em></strong></span> <span class='ocrx_word' id='word_1_295' title='bbox 1265 4233 1576 4289; x_wconf 83' lang='lat' dir='ltr'><strong><em>accusando</em></strong></span> <span class='ocrx_word' id='word_1_296' title='bbox 1625 4230 1850 4301; x_wconf 81' lang='lat' dir='ltr'><strong><em>profert,</em></strong></span> <span class='ocrx_word' id='word_1_297' title='bbox 1908 4229 2002 4284; x_wconf 89' lang='lat' dir='ltr'><strong><em>sed</em></strong></span> <span class='ocrx_word' id='word_1_298' title='bbox 2034 4238 2297 4298; x_wconf 82' lang='lat' dir='ltr'><strong><em>exoptans</em></strong></span> 
     </span>
    </p>
   </div>
   <div class='ocr_carea' id='block_1_45' title="bbox 731 4320 2288 4391">
    <p class='ocr_par' dir='ltr' id='par_1_45' title="bbox 731 4320 2288 4391">
     <span class='ocr_line' id='line_1_45' title="bbox 731 4320 2288 4391; baseline -0.01 -3"><span class='ocrx_word' id='word_1_299' title='bbox 731 4333 998 4388; x_wconf 82' lang='lat' dir='ltr'><strong><em>auxilium</em></strong></span> <span class='ocrx_word' id='word_1_300' title='bbox 1050 4331 1167 4385; x_wconf 88' lang='lat' dir='ltr'><strong><em>dari</em></strong></span> <span class='ocrx_word' id='word_1_301' title='bbox 1229 4329 1353 4384; x_wconf 91' lang='lat' dir='ltr'><strong><em>sibi.</em></strong></span> <span class='ocrx_word' id='word_1_302' title='bbox 1402 4324 1649 4391; x_wconf 88' lang='lat' dir='ltr'><strong><em>Quando,</em></strong></span> <span class='ocrx_word' id='word_1_303' title='bbox 1675 4322 1870 4391; x_wconf 88' lang='lat' dir='ltr'><strong><em>inquit,</em></strong></span> <span class='ocrx_word' id='word_1_304' title='bbox 1895 4320 2179 4390; x_wconf 87' lang='lat' dir='ltr'><strong><em>apparebis</em></strong></span> <span class='ocrx_word' id='word_1_305' title='bbox 2233 4327 2288 4373; x_wconf 89' lang='lat' dir='ltr'><strong><em>et</em></strong></span> 
     </span>
    </p>
   </div>
   <div class='ocr_carea' id='block_1_46' title="bbox 732 4414 1560 4491">
    <p class='ocr_par' dir='ltr' id='par_1_46' title="bbox 732 4414 1560 4491">
     <span class='ocr_line' id='line_1_46' title="bbox 732 4414 1560 4491; baseline -0.012 -14"><span class='ocrx_word' id='word_1_306' title='bbox 732 4423 932 4491; x_wconf 86' lang='lat' dir='ltr'><strong><em>injuria</em></strong></span> <span class='ocrx_word' id='word_1_307' title='bbox 966 4419 1214 4474; x_wconf 64' lang='lat' dir='ltr'><strong><em>allectum</em></strong></span> <span class='ocrx_word' id='word_1_308' title='bbox 1242 4414 1560 4472; x_wconf 86' lang='lat' dir='ltr'><strong><em>ulcisceris?</em></strong></span> 
     </span>
    </p>
   </div>
   <div class='ocr_carea' id='block_1_47' title="bbox 808 4503 2370 4588">
    <p class='ocr_par' dir='ltr' id='par_1_47' title="bbox 808 4503 2370 4588">
     <span class='ocr_line' id='line_1_47' title="bbox 808 4503 2370 4588; baseline -0.01 -19"><span class='ocrx_word' id='word_1_309' title='bbox 808 4516 891 4569; x_wconf 83' lang='lat' dir='ltr'><strong><em>l7.</em></strong></span> <span class='ocrx_word' id='word_1_310' title='bbox 919 4514 1152 4567; x_wconf 83' lang='lat' dir='ltr'><strong><em>Restitue</em></strong></span> <span class='ocrx_word' id='word_1_311' title='bbox 1181 4511 1412 4565; x_wconf 86' lang='lat' dir='ltr'><strong><em>animam</em></strong></span> <span class='ocrx_word' id='word_1_312' title='bbox 1455 4522 1622 4560; x_wconf 87' lang='lat' dir='ltr'><strong><em>meam</em></strong></span> <span class='ocrx_word' id='word_1_313' title='bbox 1655 4522 1686 4558; x_wconf 91' lang='lat' dir='ltr'><strong><em>a</em></strong></span> <span class='ocrx_word' id='word_1_314' title='bbox 1723 4503 2050 4574; x_wconf 84' lang='lat' dir='ltr'><strong><em>malignitate</em></strong></span> <span class='ocrx_word' id='word_1_315' title='bbox 2090 4517 2290 4557; x_wconf 87' lang='lat' dir='ltr'><strong><em>eorum.</em></strong></span> <span class='ocrx_word' id='word_1_316' title='bbox 2327 4533 2370 4588; x_wconf 69' lang='grc' dir='ltr'>ο</span> 
     </span>
    </p>
   </div>
   <div class='ocr_carea' id='block_1_48' title="bbox 731 4598 2298 4675">
    <p class='ocr_par' dir='ltr' id='par_1_48' title="bbox 731 4598 2298 4675">
     <span class='ocr_line' id='line_1_48' title="bbox 731 4598 2298 4675; baseline -0.01 -11"><span class='ocrx_word' id='word_1_317' title='bbox 731 4608 1079 4675; x_wconf 61' lang='lat' dir='ltr'><strong><em>Quacumque</em></strong></span> <span class='ocrx_word' id='word_1_318' title='bbox 1124 4604 1324 4674; x_wconf 85' lang='lat' dir='ltr'><strong><em>patitur</em></strong></span> <span class='ocrx_word' id='word_1_319' title='bbox 1351 4609 1444 4655; x_wconf 89' lang='lat' dir='ltr'><strong><em>aut</em></strong></span> <span class='ocrx_word' id='word_1_320' title='bbox 1487 4598 1744 4667; x_wconf 83' lang='lat' dir='ltr'><strong><em>loquitur,</em></strong></span> <span class='ocrx_word' id='word_1_321' title='bbox 1777 4598 1826 4649; x_wconf 90' lang='lat' dir='ltr'><strong><em>id</em></strong></span> <span class='ocrx_word' id='word_1_322' title='bbox 1861 4612 1959 4666; x_wconf 86' lang='lat' dir='ltr'><strong><em>pro</em></strong></span> <span class='ocrx_word' id='word_1_323' title='bbox 1996 4605 2179 4650; x_wconf 88' lang='lat' dir='ltr'><strong><em>nostra</em></strong></span> <span class='ocrx_word' id='word_1_324' title='bbox 2209 4610 2298 4649; x_wconf 82' lang='lat' dir='ltr'><strong><em>sa-</em></strong></span> 
     </span>
    </p>
   </div>
   <div class='ocr_carea' id='block_1_49' title="bbox 731 4686 2298 4760">
    <p class='ocr_par' dir='ltr' id='par_1_49' title="bbox 731 4686 2298 4760">
     <span class='ocr_line' id='line_1_49' title="bbox 731 4686 2298 4760; baseline -0.01 -7"><span class='ocrx_word' id='word_1_325' title='bbox 731 4701 840 4754; x_wconf 90' lang='lat' dir='ltr'><strong><em>lute</em></strong></span> <span class='ocrx_word' id='word_1_326' title='bbox 870 4697 1123 4753; x_wconf 84' lang='lat' dir='ltr'><strong><em>admittit.</em></strong></span> <span class='ocrx_word' id='word_1_327' title='bbox 1166 4694 1301 4760; x_wconf 85' lang='lat' dir='ltr'><strong><em>Quia</em></strong></span> <span class='ocrx_word' id='word_1_328' title='bbox 1329 4690 1602 4748; x_wconf 88' lang='lat' dir='ltr'><strong><em>descendit</em></strong></span> <span class='ocrx_word' id='word_1_329' title='bbox 1635 4691 1747 4759; x_wconf 90' lang='lat' dir='ltr'><strong><em>ipse</em></strong></span> <span class='ocrx_word' id='word_1_330' title='bbox 1795 4689 2002 4741; x_wconf 90' lang='lat' dir='ltr'><strong><em>scilicet</em></strong></span> <span class='ocrx_word' id='word_1_331' title='bbox 2048 4686 2298 4739; x_wconf 72' lang='lat' dir='ltr'><strong><em>Christus</em></strong></span> 
     </span>
    </p>
   </div>
   <div class='ocr_carea' id='block_1_50' title="bbox 730 4776 2297 4858">
    <p class='ocr_par' dir='ltr' id='par_1_50' title="bbox 730 4776 2297 4858">
     <span class='ocr_line' id='line_1_50' title="bbox 730 4776 2297 4858; baseline -0.012 -13"><span class='ocrx_word' id='word_1_332' title='bbox 730 4801 784 4845; x_wconf 83' lang='lat' dir='ltr'><strong><em>et</em></strong></span> <span class='ocrx_word' id='word_1_333' title='bbox 843 4805 940 4858; x_wconf 85' lang='lat' dir='ltr'><strong><em>pro</em></strong></span> <span class='ocrx_word' id='word_1_334' title='bbox 993 4787 1148 4842; x_wconf 79' lang='lat' dir='ltr'><strong><em>nobis</em></strong></span> <span class='ocrx_word' id='word_1_335' title='bbox 1199 4793 1285 4839; x_wconf 89' lang='lat' dir='ltr'><strong><em>est</em></strong></span> <span class='ocrx_word' id='word_1_336' title='bbox 1333 4784 1665 4838; x_wconf 86' lang='lat' dir='ltr'><strong><em>incarnatus.</em></strong></span> <span class='ocrx_word' id='word_1_337' title='bbox 1719 4779 1761 4832; x_wconf 83' lang='grc' dir='ltr'><em>Α</em></span> <span class='ocrx_word' id='word_1_338' title='bbox 1813 4776 2048 4830; x_wconf 88' lang='lat' dir='ltr'><strong><em>leonibus</em></strong></span> <span class='ocrx_word' id='word_1_339' title='bbox 2089 4777 2297 4830; x_wconf 87' lang='lat' dir='ltr'><strong><em>unicam</em></strong></span> 
     </span>
    </p>
   </div>
   <div class='ocr_carea' id='block_1_51' title="bbox 731 4869 2294 4937">
    <p class='ocr_par' dir='ltr' id='par_1_51' title="bbox 731 4869 2294 4937">
     <span class='ocr_line' id='line_1_51' title="bbox 731 4869 2294 4937; baseline -0.011 0"><span class='ocrx_word' id='word_1_340' title='bbox 731 4896 919 4937; x_wconf 85' lang='lat' dir='ltr'><strong><em>meam.</em></strong></span> <span class='ocrx_word' id='word_1_341' title='bbox 960 4877 1166 4931; x_wconf 70' lang='lat' dir='ltr'><strong><em>Leones</em></strong></span> <span class='ocrx_word' id='word_1_342' title='bbox 1201 4883 1355 4929; x_wconf 79' lang='lat' dir='ltr'><strong><em>vocat</em></strong></span> <span class='ocrx_word' id='word_1_343' title='bbox 1385 4883 1480 4928; x_wconf 89' lang='lat' dir='ltr'><strong><em>aut</em></strong></span> <span class='ocrx_word' id='word_1_344' title='bbox 1512 4872 1682 4927; x_wconf 86' lang='lat' dir='ltr'><strong><em>malas</em></strong></span> <span class='ocrx_word' id='word_1_345' title='bbox 1711 4879 1765 4925; x_wconf 92' lang='lat' dir='ltr'><strong><em>et</em></strong></span> <span class='ocrx_word' id='word_1_346' title='bbox 1806 4869 2145 4923; x_wconf 84' lang='lat' dir='ltr'><strong><em>adversarias</em></strong></span> <span class='ocrx_word' id='word_1_347' title='bbox 2195 4882 2294 4936; x_wconf 86' lang='lat' dir='ltr'><strong><em>po-</em></strong></span> 
     </span>
    </p>
   </div>
   <div class='ocr_carea' id='block_1_52' title="bbox 734 4959 2289 5034">
    <p class='ocr_par' dir='ltr' id='par_1_52' title="bbox 734 4959 2289 5034">
     <span class='ocr_line' id='line_1_52' title="bbox 734 4959 2289 5034; baseline -0.009 -12"><span class='ocrx_word' id='word_1_348' title='bbox 734 4981 974 5030; x_wconf 81' lang='lat' dir='ltr'><strong><em>testates,</em></strong></span> <span class='ocrx_word' id='word_1_349' title='bbox 1011 4984 1129 5034; x_wconf 72' lang='lat' dir='ltr'><strong><em>quae</em></strong></span> <span class='ocrx_word' id='word_1_350' title='bbox 1179 4975 1385 5020; x_wconf 81' lang='lat' dir='ltr'><strong><em>tantum</em></strong></span> <span class='ocrx_word' id='word_1_351' title='bbox 1429 4979 1534 5017; x_wconf 90' lang='lat' dir='ltr'><strong><em>u0n</em></strong></span> <span class='ocrx_word' id='word_1_352' title='bbox 1569 4962 1854 5032; x_wconf 75' lang='lat' dir='ltr'><strong><em>rugiebant</em></strong></span> <span class='ocrx_word' id='word_1_353' title='bbox 1904 4961 1957 5012; x_wconf 90' lang='lat' dir='ltr'><strong><em>in</em></strong></span> <span class='ocrx_word' id='word_1_354' title='bbox 1989 4959 2289 5021; x_wconf 83' lang='lat' dir='ltr'><strong><em>Christum,</em></strong></span> 
     </span>
    </p>
   </div>
   <div class='ocr_carea' id='block_1_53' title="bbox 729 5051 2293 5123">
    <p class='ocr_par' dir='ltr' id='par_1_53' title="bbox 729 5051 2293 5123">
     <span class='ocr_line' id='line_1_53' title="bbox 729 5051 2293 5123; baseline -0.01 -6"><span class='ocrx_word' id='word_1_355' title='bbox 729 5074 824 5117; x_wconf 88' lang='lat' dir='ltr'><strong><em>:ut</em></strong></span> <span class='ocrx_word' id='word_1_356' title='bbox 857 5061 1087 5115; x_wconf 81' lang='lat' dir='ltr'><strong><em>fortasse</em></strong></span> <span class='ocrx_word' id='word_1_357' title='bbox 1115 5055 1421 5112; x_wconf 69' lang='lat' dir='ltr'><strong><em>Iudaeorum</em></strong></span> <span class='ocrx_word' id='word_1_358' title='bbox 1471 5055 1851 5123; x_wconf 78' lang='lat' dir='ltr'><strong><em>magistratus;</em></strong></span> <span class='ocrx_word' id='word_1_359' title='bbox 1896 5052 1974 5105; x_wconf 83' lang='lat' dir='ltr'><strong><em>ita</em></strong></span> <span class='ocrx_word' id='word_1_360' title='bbox 2001 5051 2144 5103; x_wconf 87' lang='lat' dir='ltr'><strong><em>enim</em></strong></span> <span class='ocrx_word' id='word_1_361' title='bbox 2183 5064 2293 5102; x_wconf 86' lang='lat' dir='ltr'><strong><em>me-</em></strong></span> 
     </span>
    </p>
   </div>
   <div class='ocr_carea' id='block_1_54' title="bbox 730 5141 2290 5217">
    <p class='ocr_par' dir='ltr' id='par_1_54' title="bbox 730 5141 2290 5217">
     <span class='ocr_line' id='line_1_54' title="bbox 730 5141 2290 5217; baseline -0.01 -9"><span class='ocrx_word' id='word_1_362' title='bbox 730 5161 906 5208; x_wconf 83' lang='lat' dir='ltr'><strong><em>morat</em></strong></span> <span class='ocrx_word' id='word_1_363' title='bbox 934 5167 1027 5204; x_wconf 84' lang='lat' dir='ltr'><strong><em>eos</em></strong></span> <span class='ocrx_word' id='word_1_364' title='bbox 1066 5165 1157 5217; x_wconf 88' lang='lat' dir='ltr'><strong><em>per</em></strong></span> <span class='ocrx_word' id='word_1_365' title='bbox 1189 5163 1372 5203; x_wconf 86' lang='lat' dir='ltr'><strong><em>vocem</em></strong></span> <span class='ocrx_word' id='word_1_366' title='bbox 1403 5145 1684 5200; x_wconf 62' lang='lat' dir='ltr'><strong><em>Jeremiaez</em></strong></span> <span class='ocrx_word' id='word_1_367' title='bbox 1713 5143 1879 5196; x_wconf 82' lang='lat' dir='ltr'><strong><em>Facta</em></strong></span> <span class='ocrx_word' id='word_1_368' title='bbox 1908 5151 1983 5196; x_wconf 87' lang='lat' dir='ltr'><strong><em>est</em></strong></span> <span class='ocrx_word' id='word_1_369' title='bbox 2014 5141 2290 5194; x_wconf 80' lang='lat' dir='ltr'><strong><em>Iuereditas</em></strong></span> 
     </span>
    </p>
   </div>
   <div class='ocr_carea' id='block_1_55' title="bbox 730 5232 2287 5313">
    <p class='ocr_par' dir='ltr' id='par_1_55' title="bbox 730 5232 2287 5313">
     <span class='ocr_line' id='line_1_55' title="bbox 730 5232 2287 5313; baseline -0.008 -16"><span class='ocrx_word' id='word_1_370' title='bbox 730 5261 842 5297; x_wconf 74' lang='lat' dir='ltr'><strong><em>mea</em></strong></span> <span class='ocrx_word' id='word_1_371' title='bbox 867 5244 1016 5313; x_wconf 83' lang='lat' dir='ltr'><strong><em>quasi</em></strong></span> <span class='ocrx_word' id='word_1_372' title='bbox 1033 5240 1111 5293; x_wconf 86' lang='lat' dir='ltr'><strong><em>leo</em></strong></span> <span class='ocrx_word' id='word_1_373' title='bbox 1137 5239 1190 5290; x_wconf 89' lang='lat' dir='ltr'><strong><em>in</em></strong></span> <span class='ocrx_word' id='word_1_374' title='bbox 1219 5239 1369 5303; x_wconf 85' lang='lat' dir='ltr'><strong><em>silva,</em></strong></span> <span class='ocrx_word' id='word_1_375' title='bbox 1399 5239 1732 5307; x_wconf 86' lang='lat' dir='ltr'><strong><em>quamobrem</em></strong></span> <span class='ocrx_word' id='word_1_376' title='bbox 1749 5235 1867 5286; x_wconf 86' lang='lat' dir='ltr'><strong><em>odio</em></strong></span> <span class='ocrx_word' id='word_1_377' title='bbox 1887 5232 2045 5285; x_wconf 80' lang='lat' dir='ltr'><strong><em>habui</em></strong></span> <span class='ocrx_word' id='word_1_378' title='bbox 2070 5232 2287 5284; x_wconf 81' lang='lat' dir='ltr'><strong><em>illaut&quot;.</em></strong></span> 
     </span>
    </p>
   </div>
   <div class='ocr_carea' id='block_1_56' title="bbox 731 5321 2291 5398">
    <p class='ocr_par' dir='ltr' id='par_1_56' title="bbox 731 5321 2291 5398">
     <span class='ocr_line' id='line_1_56' title="bbox 731 5321 2291 5398; baseline -0.008 -11"><span class='ocrx_word' id='word_1_379' title='bbox 731 5333 954 5388; x_wconf 78' lang='lat' dir='ltr'><strong><em>Unicum</em></strong></span> <span class='ocrx_word' id='word_1_380' title='bbox 1020 5341 1199 5385; x_wconf 88' lang='lat' dir='ltr'><strong><em>autem</em></strong></span> <span class='ocrx_word' id='word_1_381' title='bbox 1251 5330 1482 5398; x_wconf 83' lang='lat' dir='ltr'><strong><em>appellat</em></strong></span> <span class='ocrx_word' id='word_1_382' title='bbox 1531 5329 1770 5380; x_wconf 89' lang='lat' dir='ltr'><strong><em>animam</em></strong></span> <span class='ocrx_word' id='word_1_383' title='bbox 1820 5340 1999 5387; x_wconf 85' lang='lat' dir='ltr'><strong><em>suam,</em></strong></span> <span class='ocrx_word' id='word_1_384' title='bbox 2041 5321 2291 5392; x_wconf 90' lang='lat' dir='ltr'><strong><em>ponendo</em></strong></span> 
     </span>
    </p>
   </div>
   <div class='ocr_carea' id='block_1_57' title="bbox 727 5413 2290 5492">
    <p class='ocr_par' dir='ltr' id='par_1_57' title="bbox 727 5413 2290 5492">
     <span class='ocr_line' id='line_1_57' title="bbox 727 5413 2290 5492; baseline -0.008 -14"><span class='ocrx_word' id='word_1_385' title='bbox 727 5426 935 5478; x_wconf 76' lang='lat' dir='ltr'><strong><em>unicam</em></strong></span> <span class='ocrx_word' id='word_1_386' title='bbox 968 5439 1064 5492; x_wconf 84' lang='lat' dir='ltr'><strong><em>pro</em></strong></span> <span class='ocrx_word' id='word_1_387' title='bbox 1095 5422 1360 5474; x_wconf 79' lang='lat' dir='ltr'><strong><em>dilectam.</em></strong></span> <span class='ocrx_word' id='word_1_388' title='bbox 1390 5419 1539 5474; x_wconf 87' lang='lat' dir='ltr'><strong><em>Solet</em></strong></span> <span class='ocrx_word' id='word_1_389' title='bbox 1566 5418 1710 5472; x_wconf 88' lang='lat' dir='ltr'><strong><em>enim</em></strong></span> <span class='ocrx_word' id='word_1_390' title='bbox 1747 5417 1937 5486; x_wconf 78' lang='lat' dir='ltr'><strong><em>ingens</em></strong></span> <span class='ocrx_word' id='word_1_391' title='bbox 1976 5429 2132 5468; x_wconf 80' lang='lat' dir='ltr'><strong><em>amor</em></strong></span> <span class='ocrx_word' id='word_1_392' title='bbox 2171 5413 2290 5468; x_wconf 88' lang='lat' dir='ltr'><strong><em>uni-</em></strong></span> 
     </span>
    </p>
   </div>
   <div class='ocr_carea' id='block_1_58' title="bbox 725 5515 1208 5586">
    <p class='ocr_par' dir='ltr' id='par_1_58' title="bbox 725 5515 1208 5586">
     <span class='ocr_line' id='line_1_58' title="bbox 725 5515 1208 5586; baseline -0.004 -17"><span class='ocrx_word' id='word_1_393' title='bbox 725 5515 1032 5586; x_wconf 72' lang='lat' dir='ltr'><strong><em>genitorum</em></strong></span> <span class='ocrx_word' id='word_1_394' title='bbox 1063 5527 1208 5567; x_wconf 80' lang='lat' dir='ltr'><strong><em>esse.</em></strong></span> 
     </span>
    </p>
   </div>
   <div class='ocr_carea' id='block_1_59' title="bbox 794 5801 2040 5874">
    <p class='ocr_par' dir='ltr' id='par_1_59' title="bbox 794 5801 2040 5874">
     <span class='ocr_line' id='line_1_59' title="bbox 794 5801 2040 5874; baseline -0.003 -13"><span class='ocrx_word' id='word_1_395' title='bbox 794 5807 841 5836; x_wconf 83' lang='lat'>&quot;</span> <span class='ocrx_word' id='word_1_396' title='bbox 876 5805 1063 5862; x_wconf 76' lang='lat' dir='ltr'><strong><em>Matth.</em></strong></span> <span class='ocrx_word' id='word_1_397' title='bbox 1103 5822 1256 5874; x_wconf 72' lang='grc' dir='ltr'>χχιιι,</span> <span class='ocrx_word' id='word_1_398' title='bbox 1294 5806 1380 5860; x_wconf 77' lang='lat'><strong><em>57.</em></strong></span> <span class='ocrx_word' id='word_1_399' title='bbox 1502 5801 1770 5861; x_wconf 76' lang='lat' dir='ltr'><strong><em>&quot;Jerem.</em></strong></span> <span class='ocrx_word' id='word_1_400' title='bbox 1827 5819 1935 5871; x_wconf 82' lang='lat' dir='ltr'><strong><em>xu,</em></strong></span> <span class='ocrx_word' id='word_1_401' title='bbox 1992 5802 2040 5857; x_wconf 90' lang='lat'><strong><em>8.</em></strong></span> 
     </span>
    </p>
   </div>
   <div class='ocr_carea' id='block_1_60' title="bbox 2497 975 3972 1046">
    <p class='ocr_par' dir='ltr' id='par_1_60' title="bbox 2497 975 3972 1046">
     <span class='ocr_line' id='line_1_60' title="bbox 2497 975 3972 1046; baseline 0.001 -16"><span class='ocrx_word' id='word_1_402' title='bbox 2497 975 2883 1042; x_wconf 80' lang='grc' dir='ltr'>Ἀναστάντες</span> <span class='ocrx_word' id='word_1_403' title='bbox 2928 995 3030 1046; x_wconf 88' lang='grc' dir='ltr'><strong><em>μοι</em></strong></span> <span class='ocrx_word' id='word_1_404' title='bbox 3068 977 3365 1046; x_wconf 82' lang='grc' dir='ltr'>μάρτυρες</span> <span class='ocrx_word' id='word_1_405' title='bbox 3397 975 3606 1040; x_wconf 80' lang='grc' dir='ltr'>ἄδικοι,</span> <span class='ocrx_word' id='word_1_406' title='bbox 3648 977 3684 1030; x_wconf 77' lang='grc' dir='ltr'><em>ἆ</em></span> <span class='ocrx_word' id='word_1_407' title='bbox 3718 980 3829 1031; x_wconf 73' lang='grc' dir='ltr'>οὐκ</span> <span class='ocrx_word' id='word_1_408' title='bbox 3868 980 3972 1046; x_wconf 79' lang='grc' dir='ltr'>ἐγί-</span> 
     </span>
    </p>
   </div>
   <div class='ocr_carea' id='block_1_61' title="bbox 2415 1064 3970 1135">
    <p class='ocr_par' dir='ltr' id='par_1_61' title="bbox 2415 1064 3970 1135">
     <span class='ocr_line' id='line_1_61' title="bbox 2415 1064 3970 1135; baseline 0.001 -19"><span class='ocrx_word' id='word_1_409' title='bbox 2415 1081 2655 1119; x_wconf 82' lang='grc' dir='ltr'>νωσκον</span> <span class='ocrx_word' id='word_1_410' title='bbox 2703 1064 2944 1133; x_wconf 78' lang='grc' dir='ltr'>ἠρώτων</span> <span class='ocrx_word' id='word_1_411' title='bbox 2983 1083 3080 1135; x_wconf 88' lang='grc' dir='ltr'><strong><em>με.</em></strong></span> <span class='ocrx_word' id='word_1_412' title='bbox 3138 1066 3414 1119; x_wconf 83' lang='grc' dir='ltr'><strong><em>Ἐντεῦθεν</em></strong></span> <span class='ocrx_word' id='word_1_413' title='bbox 3454 1065 3727 1132; x_wconf 78' lang='grc' dir='ltr'><strong>εἰσάγεται</strong></span> <span class='ocrx_word' id='word_1_414' title='bbox 3780 1065 3842 1118; x_wconf 82' lang='grc' dir='ltr'>τὸ</span> <span class='ocrx_word' id='word_1_415' title='bbox 3885 1065 3970 1117; x_wconf 88' lang='grc' dir='ltr'><strong><em>τοῦ</em></strong></span> 
     </span>
    </p>
   </div>
   <div class='ocr_carea' id='block_1_62' title="bbox 2409 1154 3975 1228">
    <p class='ocr_par' dir='ltr' id='par_1_62' title="bbox 2409 1154 3975 1228">
     <span class='ocr_line' id='line_1_62' title="bbox 2409 1154 3975 1228; baseline -0.003 -17"><span class='ocrx_word' id='word_1_416' title='bbox 2409 1154 2649 1228; x_wconf 75' lang='grc' dir='ltr'><strong><em>Χριστοῦ</em></strong></span> <span class='ocrx_word' id='word_1_417' title='bbox 2701 1156 2988 1226; x_wconf 82' lang='grc' dir='ltr'>πρόσωπον</span> <span class='ocrx_word' id='word_1_418' title='bbox 3030 1155 3181 1226; x_wconf 87' lang='grc' dir='ltr'><strong><em>παρά</em></strong></span> <span class='ocrx_word' id='word_1_419' title='bbox 3218 1158 3283 1226; x_wconf 76' lang='grc' dir='ltr'>τῇ</span> <span class='ocrx_word' id='word_1_420' title='bbox 3314 1155 3489 1227; x_wconf 86' lang='grc' dir='ltr'>κρίσει</span> <span class='ocrx_word' id='word_1_421' title='bbox 3528 1154 3636 1207; x_wconf 84' lang='grc' dir='ltr'>τῶν</span> <span class='ocrx_word' id='word_1_422' title='bbox 3679 1155 3975 1227; x_wconf 84' lang='grc' dir='ltr'>ἀρχιερέων</span> 
     </span>
    </p>
   </div>
   <div class='ocr_carea' id='block_1_63' title="bbox 2398 1247 2940 1316">
    <p class='ocr_par' dir='ltr' id='par_1_63' title="bbox 2398 1247 2940 1316">
     <span class='ocr_line' id='line_1_63' title="bbox 2398 1247 2940 1316; baseline 0 -17"><span class='ocrx_word' id='word_1_423' title='bbox 2398 1263 2749 1316; x_wconf 60' lang='grc' dir='ltr'><strong><em>⁸οἰικοςραντον</em></strong></span> <span class='ocrx_word' id='word_1_424' title='bbox 2759 1247 2940 1316; x_wconf 84' lang='grc' dir='ltr'>μένου.</span> 
     </span>
    </p>
   </div>
   <div class='ocr_carea' id='block_1_64' title="bbox 2499 1412 3974 1484">
    <p class='ocr_par' dir='ltr' id='par_1_64' title="bbox 2499 1412 3974 1484">
     <span class='ocr_line' id='line_1_64' title="bbox 2499 1412 3974 1484; baseline 0.001 -18"><span class='ocrx_word' id='word_1_425' title='bbox 2499 1414 2993 1469; x_wconf 80' lang='grc' dir='ltr'>Ἀνταπεδίδοσάν</span> <span class='ocrx_word' id='word_1_426' title='bbox 3032 1433 3132 1484; x_wconf 82' lang='grc' dir='ltr'><strong><em>μοι</em></strong></span> <span class='ocrx_word' id='word_1_427' title='bbox 3164 1415 3394 1484; x_wconf 81' lang='grc' dir='ltr'>πονηρά</span> <span class='ocrx_word' id='word_1_428' title='bbox 3431 1415 3565 1469; x_wconf 77' lang='grc' dir='ltr'>ἀντὶ</span> <span class='ocrx_word' id='word_1_429' title='bbox 3608 1412 3848 1483; x_wconf 73' lang='grc' dir='ltr'>ἀγαθῶν</span> <span class='ocrx_word' id='word_1_430' title='bbox 3884 1414 3974 1468; x_wconf 72' lang='grc' dir='ltr'><strong><em>καί</em></strong></span> 
     </span>
    </p>
   </div>
   <div class='ocr_carea' id='block_1_65' title="bbox 2409 1504 3977 1576">
    <p class='ocr_par' dir='ltr' id='par_1_65' title="bbox 2409 1504 3977 1576">
     <span class='ocr_line' id='line_1_65' title="bbox 2409 1504 3977 1576; baseline -0.003 -15"><span class='ocrx_word' id='word_1_431' title='bbox 2409 1505 2689 1561; x_wconf 77' lang='grc' dir='ltr'>ἀτεκνίαν</span> <span class='ocrx_word' id='word_1_432' title='bbox 2730 1504 2805 1575; x_wconf 78' lang='grc' dir='ltr'>τῇ</span> <span class='ocrx_word' id='word_1_433' title='bbox 2852 1504 3019 1576; x_wconf 70' lang='grc' dir='ltr'><strong><em>ψυχῇ</em></strong></span> <span class='ocrx_word' id='word_1_434' title='bbox 3059 1525 3199 1576; x_wconf 87' lang='grc' dir='ltr'>μου.</span> <span class='ocrx_word' id='word_1_435' title='bbox 3253 1507 3420 1560; x_wconf 77' lang='grc' dir='ltr'>Τοῦτό</span> <span class='ocrx_word' id='word_1_436' title='bbox 3465 1523 3628 1576; x_wconf 80' lang='grc' dir='ltr'>φησι,</span> <span class='ocrx_word' id='word_1_437' title='bbox 3668 1505 3758 1558; x_wconf 89' lang='grc' dir='ltr'><strong><em>διά</em></strong></span> <span class='ocrx_word' id='word_1_438' title='bbox 3805 1505 3865 1558; x_wconf 81' lang='grc' dir='ltr'>τὸ</span> <span class='ocrx_word' id='word_1_439' title='bbox 3893 1506 3977 1558; x_wconf 83' lang='grc' dir='ltr'>ἀν-</span> 
     </span>
    </p>
   </div>
   <div class='ocr_carea' id='block_1_66' title="bbox 2413 1595 3976 1667">
    <p class='ocr_par' dir='ltr' id='par_1_66' title="bbox 2413 1595 3976 1667">
     <span class='ocr_line' id='line_1_66' title="bbox 2413 1595 3976 1667; baseline 0 -19"><span class='ocrx_word' id='word_1_440' title='bbox 2413 1596 2597 1660; x_wconf 80' lang='grc' dir='ltr'>αξίους</span> <span class='ocrx_word' id='word_1_441' title='bbox 2623 1598 2816 1659; x_wconf 76' lang='grc' dir='ltr'>αὐτοὺς</span> <span class='ocrx_word' id='word_1_442' title='bbox 2841 1596 3066 1666; x_wconf 71' lang='grc' dir='ltr'>ὀφθῆναι</span> <span class='ocrx_word' id='word_1_443' title='bbox 3085 1595 3175 1649; x_wconf 89' lang='grc' dir='ltr'><strong><em>τοῦ</em></strong></span> <span class='ocrx_word' id='word_1_444' title='bbox 3201 1597 3462 1667; x_wconf 84' lang='grc' dir='ltr'>κληθῆναι</span> <span class='ocrx_word' id='word_1_445' title='bbox 3487 1597 3652 1649; x_wconf 86' lang='grc' dir='ltr'>τέκνα</span> <span class='ocrx_word' id='word_1_446' title='bbox 3667 1595 3826 1648; x_wconf 72' lang='grc' dir='ltr'>Θεοῦο</span> <span class='ocrx_word' id='word_1_447' title='bbox 3850 1596 3976 1664; x_wconf 84' lang='grc' dir='ltr'>ὅπερ</span> 
     </span>
    </p>
   </div>
   <div class='ocr_carea' id='block_1_67' title="bbox 2415 1685 3977 1757">
    <p class='ocr_par' dir='ltr' id='par_1_67' title="bbox 2415 1685 3977 1757">
     <span class='ocr_line' id='line_1_67' title="bbox 2415 1685 3977 1757; baseline 0.001 -19"><span class='ocrx_word' id='word_1_448' title='bbox 2415 1687 2646 1756; x_wconf 80' lang='grc' dir='ltr'>μάλιστα</span> <span class='ocrx_word' id='word_1_449' title='bbox 2686 1686 2974 1757; x_wconf 78' lang='grc' dir='ltr'><strong><em>ἐγνώριζεν</em></strong></span> <span class='ocrx_word' id='word_1_450' title='bbox 3004 1687 3164 1750; x_wconf 72' lang='grc' dir='ltr'>αὐτὸς</span> <span class='ocrx_word' id='word_1_451' title='bbox 3199 1687 3338 1740; x_wconf 81' lang='grc' dir='ltr'><strong><em>κατά</em></strong></span> <span class='ocrx_word' id='word_1_452' title='bbox 3360 1687 3447 1751; x_wconf 81' lang='grc' dir='ltr'><strong><em>τὸ,</em></strong></span> <span class='ocrx_word' id='word_1_453' title='bbox 3472 1686 3737 1752; x_wconf 84' lang='grc' dir='ltr'>Ποσὰκις</span> <span class='ocrx_word' id='word_1_454' title='bbox 3766 1685 3977 1754; x_wconf 75' lang='grc' dir='ltr'>ἠθέλη-</span> 
     </span>
    </p>
   </div>
   <div class='ocr_carea' id='block_1_68' title="bbox 2411 1775 3391 1846">
    <p class='ocr_par' dir='ltr' id='par_1_68' title="bbox 2411 1775 3391 1846">
     <span class='ocr_line' id='line_1_68' title="bbox 2411 1775 3391 1846; baseline 0.001 -17"><span class='ocrx_word' id='word_1_455' title='bbox 2411 1793 2492 1829; x_wconf 86' lang='grc' dir='ltr'><strong><em>σα</em></strong></span> <span class='ocrx_word' id='word_1_456' title='bbox 2519 1775 2906 1846; x_wconf 76' lang='grc' dir='ltr'>ἐπισυνάγειν</span> <span class='ocrx_word' id='word_1_457' title='bbox 2936 1777 3003 1832; x_wconf 83' lang='grc' dir='ltr'>τὰ</span> <span class='ocrx_word' id='word_1_458' title='bbox 3031 1777 3211 1830; x_wconf 80' lang='grc' dir='ltr'>τέκνα</span> <span class='ocrx_word' id='word_1_459' title='bbox 3238 1777 3391 1831; x_wconf 67' lang='grc' dir='ltr'>σου]</span> 
     </span>
    </p>
   </div>
   <div class='ocr_carea' id='block_1_69' title="bbox 2487 1868 3977 1940">
    <p class='ocr_par' dir='ltr' id='par_1_69' title="bbox 2487 1868 3977 1940">
     <span class='ocr_line' id='line_1_69' title="bbox 2487 1868 3977 1940; baseline 0.001 -19"><span class='ocrx_word' id='word_1_460' title='bbox 2487 1869 2622 1938; x_wconf 69' lang='grc' dir='ltr'><strong><em>Ἐγὼ</em></strong></span> <span class='ocrx_word' id='word_1_461' title='bbox 2653 1869 2740 1931; x_wconf 86' lang='grc' dir='ltr'>δὲ,</span> <span class='ocrx_word' id='word_1_462' title='bbox 2781 1869 2850 1922; x_wconf 79' lang='grc' dir='ltr'><strong><em>ἐν</em></strong></span> <span class='ocrx_word' id='word_1_463' title='bbox 2882 1868 2962 1934; x_wconf 86' lang='grc' dir='ltr'>τῷ</span> <span class='ocrx_word' id='word_1_464' title='bbox 3005 1869 3227 1936; x_wconf 82' lang='grc' dir='ltr'>αὐτοὺς</span> <span class='ocrx_word' id='word_1_465' title='bbox 3273 1869 3669 1938; x_wconf 73' lang='grc' dir='ltr'>παρενοχλεῖν</span> <span class='ocrx_word' id='word_1_466' title='bbox 3721 1887 3862 1940; x_wconf 82' lang='grc' dir='ltr'>μοι,</span> <span class='ocrx_word' id='word_1_467' title='bbox 3891 1870 3977 1923; x_wconf 78' lang='grc' dir='ltr'><strong><em>ἐν-</em></strong></span> 
     </span>
    </p>
   </div>
   <div class='ocr_carea' id='block_1_70' title="bbox 2405 1960 3975 2033">
    <p class='ocr_par' dir='ltr' id='par_1_70' title="bbox 2405 1960 3975 2033">
     <span class='ocr_line' id='line_1_70' title="bbox 2405 1960 3975 2033; baseline -0.001 -19"><span class='ocrx_word' id='word_1_468' title='bbox 2405 1961 2672 2030; x_wconf 84' lang='grc' dir='ltr'>εδυόμην</span> <span class='ocrx_word' id='word_1_469' title='bbox 2687 1960 2938 2015; x_wconf 76' lang='grc' dir='ltr'>σάκκον.</span> <span class='ocrx_word' id='word_1_470' title='bbox 2957 1960 3199 2013; x_wconf 82' lang='grc' dir='ltr'>Ἐπένθει</span> <span class='ocrx_word' id='word_1_471' title='bbox 3222 1961 3334 2033; x_wconf 88' lang='grc' dir='ltr'><strong><em>γὰρ</em></strong></span> <span class='ocrx_word' id='word_1_472' title='bbox 3360 1961 3535 2014; x_wconf 77' lang='grc' dir='ltr'>αὐτῶν</span> <span class='ocrx_word' id='word_1_473' title='bbox 3562 1962 3660 2033; x_wconf 85' lang='grc' dir='ltr'>τὴν</span> <span class='ocrx_word' id='word_1_474' title='bbox 3683 1960 3975 2022; x_wconf 80' lang='grc' dir='ltr'>ἀπώλειαν,</span> 
     </span>
    </p>
   </div>
   <div class='ocr_carea' id='block_1_71' title="bbox 2404 2050 3979 2124">
    <p class='ocr_par' dir='ltr' id='par_1_71' title="bbox 2404 2050 3979 2124">
     <span class='ocr_line' id='line_1_71' title="bbox 2404 2050 3979 2124; baseline -0.002 -18"><span class='ocrx_word' id='word_1_475' title='bbox 2404 2053 2477 2117; x_wconf 81' lang='grc' dir='ltr'>ὡς</span> <span class='ocrx_word' id='word_1_476' title='bbox 2502 2056 2594 2106; x_wconf 75' lang='grc' dir='ltr'><strong><em>καὶ</em></strong></span> <span class='ocrx_word' id='word_1_477' title='bbox 2616 2052 2917 2115; x_wconf 87' lang='grc' dir='ltr'>λυπεῖσθαι,</span> <span class='ocrx_word' id='word_1_478' title='bbox 2944 2053 3036 2105; x_wconf 74' lang='grc' dir='ltr'><strong><em>καὶ</em></strong></span> <span class='ocrx_word' id='word_1_479' title='bbox 3083 2052 3390 2124; x_wconf 77' lang='grc' dir='ltr'><strong><em>ἀδημονεῖν,</em></strong></span> <span class='ocrx_word' id='word_1_480' title='bbox 3421 2053 3513 2105; x_wconf 68' lang='grc' dir='ltr'>καὶ</span> <span class='ocrx_word' id='word_1_481' title='bbox 3555 2050 3833 2123; x_wconf 77' lang='grc' dir='ltr'><strong><em>δακρύειν,</em></strong></span> <span class='ocrx_word' id='word_1_482' title='bbox 3891 2052 3979 2104; x_wconf 79' lang='grc' dir='ltr'>καὶ</span> 
     </span>
    </p>
   </div>
   <div class='ocr_carea' id='block_1_72' title="bbox 2406 2145 3624 2218">
    <p class='ocr_par' dir='ltr' id='par_1_72' title="bbox 2406 2145 3624 2218">
     <span class='ocr_line' id='line_1_72' title="bbox 2406 2145 3624 2218; baseline 0.002 -20"><span class='ocrx_word' id='word_1_483' title='bbox 2406 2147 2802 2218; x_wconf 76' lang='grc' dir='ltr'><strong><em>προσεύχεσθαι</em></strong></span> <span class='ocrx_word' id='word_1_484' title='bbox 2831 2147 2969 2218; x_wconf 81' lang='grc' dir='ltr'>ὑπὲρ</span> <span class='ocrx_word' id='word_1_485' title='bbox 3003 2147 3102 2217; x_wconf 85' lang='grc' dir='ltr'>τῆς</span> <span class='ocrx_word' id='word_1_486' title='bbox 3130 2146 3402 2216; x_wconf 80' lang='grc' dir='ltr'>ἁμαρτίας</span> <span class='ocrx_word' id='word_1_487' title='bbox 3429 2145 3624 2200; x_wconf 77' lang='grc' dir='ltr'>αὐτῶν.</span> 
     </span>
    </p>
   </div>
   <div class='ocr_carea' id='block_1_73' title="bbox 2478 2235 3978 2306">
    <p class='ocr_par' dir='ltr' id='par_1_73' title="bbox 2478 2235 3978 2306">
     <span class='ocr_line' id='line_1_73' title="bbox 2478 2235 3978 2306; baseline -0.003 -13"><span class='ocrx_word' id='word_1_488' title='bbox 2478 2240 2587 2293; x_wconf 84' lang='lat' dir='ltr'><strong><em>Kal</em></strong></span> <span class='ocrx_word' id='word_1_489' title='bbox 2617 2239 2973 2293; x_wconf 83' lang='grc' dir='ltr'>ἑταπείνουν</span> <span class='ocrx_word' id='word_1_490' title='bbox 2996 2239 3065 2292; x_wconf 84' lang='grc' dir='ltr'>ἐν</span> <span class='ocrx_word' id='word_1_491' title='bbox 3085 2238 3332 2306; x_wconf 77' lang='grc' dir='ltr'>νηστείᾳ</span> <span class='ocrx_word' id='word_1_492' title='bbox 3352 2235 3463 2303; x_wconf 80' lang='grc' dir='ltr'>τὴν</span> <span class='ocrx_word' id='word_1_493' title='bbox 3483 2236 3691 2304; x_wconf 72' lang='grc' dir='ltr'>ψυχήν</span> <span class='ocrx_word' id='word_1_494' title='bbox 3707 2252 3852 2306; x_wconf 88' lang='grc' dir='ltr'>μου.</span> <span class='ocrx_word' id='word_1_495' title='bbox 3883 2237 3978 2288; x_wconf 86' lang='grc' dir='ltr'><strong><em>Βε-</em></strong></span> 
     </span>
    </p>
   </div>
   <div class='ocr_carea' id='block_1_74' title="bbox 2411 2329 3973 2403">
    <p class='ocr_par' dir='ltr' id='par_1_74' title="bbox 2411 2329 3973 2403">
     <span class='ocr_line' id='line_1_74' title="bbox 2411 2329 3973 2403; baseline -0.001 -20"><span class='ocrx_word' id='word_1_496' title='bbox 2411 2331 2576 2385; x_wconf 85' lang='grc' dir='ltr'>6αιῶν</span> <span class='ocrx_word' id='word_1_497' title='bbox 2597 2331 2693 2403; x_wconf 82' lang='grc' dir='ltr'>τὴν</span> <span class='ocrx_word' id='word_1_498' title='bbox 2720 2331 2874 2384; x_wconf 85' lang='grc' dir='ltr'>ἐνανθ</span> <span class='ocrx_word' id='word_1_499' title='bbox 2885 2329 3148 2403; x_wconf 85' lang='grc' dir='ltr'>ρὼπησιν,</span> <span class='ocrx_word' id='word_1_500' title='bbox 3171 2332 3262 2384; x_wconf 75' lang='grc' dir='ltr'><strong><em>καὶ</em></strong></span> <span class='ocrx_word' id='word_1_501' title='bbox 3284 2329 3536 2400; x_wconf 77' lang='grc' dir='ltr'><strong><em>νηστείας</em></strong></span> <span class='ocrx_word' id='word_1_502' title='bbox 3557 2329 3656 2381; x_wconf 82' lang='grc' dir='ltr'>οὐκ</span> <span class='ocrx_word' id='word_1_503' title='bbox 3686 2330 3973 2399; x_wconf 69' lang='grc' dir='ltr'>ἀπέσχετο.</span> 
     </span>
    </p>
   </div>
   <div class='ocr_carea' id='block_1_75' title="bbox 2406 2420 3980 2492">
    <p class='ocr_par' dir='ltr' id='par_1_75' title="bbox 2406 2420 3980 2492">
     <span class='ocr_line' id='line_1_75' title="bbox 2406 2420 3980 2492; baseline -0.003 -15"><span class='ocrx_word' id='word_1_504' title='bbox 2406 2425 2512 2477; x_wconf 83' lang='lat' dir='ltr'><strong><em>Kal</em></strong></span> <span class='ocrx_word' id='word_1_505' title='bbox 2538 2425 2574 2490; x_wconf 79' lang='grc' dir='ltr'><em>ὴ</em></span> <span class='ocrx_word' id='word_1_506' title='bbox 2599 2422 2906 2492; x_wconf 71' lang='grc' dir='ltr'>προσευχὴ</span> <span class='ocrx_word' id='word_1_507' title='bbox 2945 2440 3063 2492; x_wconf 86' lang='grc' dir='ltr'><strong><em>μου</em></strong></span> <span class='ocrx_word' id='word_1_508' title='bbox 3085 2424 3170 2487; x_wconf 88' lang='grc' dir='ltr'><strong><em>είς</em></strong></span> <span class='ocrx_word' id='word_1_509' title='bbox 3193 2423 3425 2474; x_wconf 71' lang='grc' dir='ltr'>κόλπον</span> <span class='ocrx_word' id='word_1_510' title='bbox 3445 2437 3565 2489; x_wconf 92' lang='grc' dir='ltr'>μου</span> <span class='ocrx_word' id='word_1_511' title='bbox 3593 2420 3980 2489; x_wconf 73' lang='grc' dir='ltr'>ἀποστραφὴ-</span> 
     </span>
    </p>
   </div>
   <div class='ocr_carea' id='block_1_76' title="bbox 2406 2507 3979 2584">
    <p class='ocr_par' dir='ltr' id='par_1_76' title="bbox 2406 2507 3979 2584">
     <span class='ocr_line' id='line_1_76' title="bbox 2406 2507 3979 2584; baseline -0.006 -16"><span class='ocrx_word' id='word_1_512' title='bbox 2406 2530 2593 2568; x_wconf 82' lang='grc' dir='ltr'>σεται.</span> <span class='ocrx_word' id='word_1_513' title='bbox 2623 2511 2788 2566; x_wconf 86' lang='grc' dir='ltr'>Τοῦτο</span> <span class='ocrx_word' id='word_1_514' title='bbox 2823 2511 3150 2584; x_wconf 82' lang='grc' dir='ltr'>σημαντικὸν</span> <span class='ocrx_word' id='word_1_515' title='bbox 3185 2511 3267 2580; x_wconf 74' lang='grc' dir='ltr'>εἴη</span> <span class='ocrx_word' id='word_1_516' title='bbox 3309 2509 3402 2563; x_wconf 87' lang='grc' dir='ltr'><strong><em>τοῦ</em></strong></span> <span class='ocrx_word' id='word_1_517' title='bbox 3448 2510 3800 2578; x_wconf 59' lang='grc' dir='ltr'>ἐναπομεωαι</span> <span class='ocrx_word' id='word_1_518' title='bbox 3842 2507 3979 2562; x_wconf 82' lang='grc' dir='ltr'>ἐκεί-</span> 
     </span>
    </p>
   </div>
   <div class='ocr_carea' id='block_1_77' title="bbox 2406 2599 3974 2677">
    <p class='ocr_par' dir='ltr' id='par_1_77' title="bbox 2406 2599 3974 2677">
     <span class='ocr_line' id='line_1_77' title="bbox 2406 2599 3974 2677; baseline -0.005 -18"><span class='ocrx_word' id='word_1_519' title='bbox 2406 2623 2527 2670; x_wconf 89' lang='grc' dir='ltr'>νους</span> <span class='ocrx_word' id='word_1_520' title='bbox 2569 2607 2634 2676; x_wconf 78' lang='grc' dir='ltr'>τῇ</span> <span class='ocrx_word' id='word_1_521' title='bbox 2684 2606 2944 2677; x_wconf 70' lang='grc' dir='ltr'>ἁμαρτίᾳ.</span> <span class='ocrx_word' id='word_1_522' title='bbox 2985 2605 3147 2659; x_wconf 75' lang='grc' dir='ltr'>Οὐδὲν</span> <span class='ocrx_word' id='word_1_523' title='bbox 3179 2603 3286 2674; x_wconf 81' lang='grc' dir='ltr'><strong><em>γὰρ</em></strong></span> <span class='ocrx_word' id='word_1_524' title='bbox 3318 2601 3693 2672; x_wconf 57' lang='grc' dir='ltr'>ὠφελήθησαν,</span> <span class='ocrx_word' id='word_1_525' title='bbox 3726 2599 3884 2672; x_wconf 66' lang='grc' dir='ltr'>φησι,</span> <span class='ocrx_word' id='word_1_526' title='bbox 3916 2603 3974 2667; x_wconf 79' lang='grc' dir='ltr'>τῇ</span> 
     </span>
    </p>
   </div>
   <div class='ocr_carea' id='block_1_78' title="bbox 2408 2692 3978 2770">
    <p class='ocr_par' dir='ltr' id='par_1_78' title="bbox 2408 2692 3978 2770">
     <span class='ocr_line' id='line_1_78' title="bbox 2408 2692 3978 2770; baseline -0.003 -20"><span class='ocrx_word' id='word_1_527' title='bbox 2408 2696 2677 2770; x_wconf 76' lang='grc' dir='ltr'>ὑπερϐολῇ</span> <span class='ocrx_word' id='word_1_528' title='bbox 2703 2698 2801 2768; x_wconf 86' lang='grc' dir='ltr'>τῆς</span> <span class='ocrx_word' id='word_1_529' title='bbox 2829 2697 3068 2764; x_wconf 86' lang='grc' dir='ltr'>ἀγνοίας,</span> <span class='ocrx_word' id='word_1_530' title='bbox 3087 2697 3185 2766; x_wconf 82' lang='grc' dir='ltr'>τὴν</span> <span class='ocrx_word' id='word_1_531' title='bbox 3218 2693 3524 2763; x_wconf 77' lang='grc' dir='ltr'>προσευχὴν</span> <span class='ocrx_word' id='word_1_532' title='bbox 3555 2692 3746 2762; x_wconf 82' lang='grc' dir='ltr'>ὥσπερ</span> <span class='ocrx_word' id='word_1_533' title='bbox 3783 2693 3978 2745; x_wconf 63' lang='lat' dir='ltr'><strong><em>enova-</em></strong></span> 
     </span>
    </p>
   </div>
   <div class='ocr_carea' id='block_1_79' title="bbox 2406 2788 2996 2861">
    <p class='ocr_par' dir='ltr' id='par_1_79' title="bbox 2406 2788 2996 2861">
     <span class='ocr_line' id='line_1_79' title="bbox 2406 2788 2996 2861; baseline -0.003 -20"><span class='ocrx_word' id='word_1_534' title='bbox 2406 2788 2624 2859; x_wconf 80' lang='grc' dir='ltr'>κάμψαι</span> <span class='ocrx_word' id='word_1_535' title='bbox 2654 2791 2996 2861; x_wconf 83' lang='grc' dir='ltr'>ποιήσαντες.</span> 
     </span>
    </p>
   </div>
   <div class='ocr_carea' id='block_1_80' title="bbox 2488 2872 3978 2946">
    <p class='ocr_par' dir='ltr' id='par_1_80' title="bbox 2488 2872 3978 2946">
     <span class='ocr_line' id='line_1_80' title="bbox 2488 2872 3978 2946; baseline -0.007 -12"><span class='ocrx_word' id='word_1_536' title='bbox 2488 2882 2580 2944; x_wconf 83' lang='grc' dir='ltr'>Ὦς</span> <span class='ocrx_word' id='word_1_537' title='bbox 2602 2881 2880 2946; x_wconf 80' lang='grc' dir='ltr'>πλησίον.</span> <span class='ocrx_word' id='word_1_538' title='bbox 2912 2879 2991 2945; x_wconf 85' lang='grc' dir='ltr'>ὡς</span> <span class='ocrx_word' id='word_1_539' title='bbox 3022 2875 3289 2945; x_wconf 70' lang='grc' dir='ltr'>ἀδελφὸν</span> <span class='ocrx_word' id='word_1_540' title='bbox 3315 2873 3622 2943; x_wconf 72' lang='grc' dir='ltr'>ἡμέτερον,</span> <span class='ocrx_word' id='word_1_541' title='bbox 3661 2872 3856 2938; x_wconf 82' lang='grc' dir='ltr'>οὕτως</span> <span class='ocrx_word' id='word_1_542' title='bbox 3888 2873 3978 2926; x_wconf 84' lang='grc' dir='ltr'><strong><em>εὐ-</em></strong></span> 
     </span>
    </p>
   </div>
   <div class='ocr_carea' id='block_1_81' title="bbox 2404 2963 3977 3043">
    <p class='ocr_par' dir='ltr' id='par_1_81' title="bbox 2404 2963 3977 3043">
     <span class='ocr_line' id='line_1_81' title="bbox 2404 2963 3977 3043; baseline -0.006 -16"><span class='ocrx_word' id='word_1_543' title='bbox 2404 2973 2720 3043; x_wconf 79' lang='grc' dir='ltr'>ηρέστουν.</span> <span class='ocrx_word' id='word_1_544' title='bbox 2748 2971 2957 3040; x_wconf 81' lang='grc' dir='ltr'>Ὠσπερ</span> <span class='ocrx_word' id='word_1_545' title='bbox 3002 2967 3244 3037; x_wconf 74' lang='grc' dir='ltr'>ἀδελφὸν,</span> <span class='ocrx_word' id='word_1_546' title='bbox 3285 2967 3436 3037; x_wconf 73' lang='grc' dir='ltr'>φησὶ,</span> <span class='ocrx_word' id='word_1_547' title='bbox 3477 2965 3571 3019; x_wconf 71' lang='grc' dir='ltr'><strong><em>καὶ</em></strong></span> <span class='ocrx_word' id='word_1_548' title='bbox 3601 2963 3773 3033; x_wconf 75' lang='grc' dir='ltr'>φίλον,</span> <span class='ocrx_word' id='word_1_549' title='bbox 3807 2963 3977 3027; x_wconf 79' lang='grc' dir='ltr'>οὕτως</span> 
     </span>
    </p>
   </div>
   <div class='ocr_carea' id='block_1_82' title="bbox 2407 3055 3977 3132">
    <p class='ocr_par' dir='ltr' id='par_1_82' title="bbox 2407 3055 3977 3132">
     <span class='ocr_line' id='line_1_82' title="bbox 2407 3055 3977 3132; baseline -0.008 -12"><span class='ocrx_word' id='word_1_550' title='bbox 2407 3063 2733 3127; x_wconf 78' lang='grc' dir='ltr'>ἐσπούδαζον</span> <span class='ocrx_word' id='word_1_551' title='bbox 2796 3064 3098 3132; x_wconf 75' lang='grc' dir='ltr'>εὐεργετεῖν</span> <span class='ocrx_word' id='word_1_552' title='bbox 3171 3060 3387 3121; x_wconf 67' lang='grc' dir='ltr'>αὐτοὺς,</span> <span class='ocrx_word' id='word_1_553' title='bbox 3438 3057 3760 3128; x_wconf 84' lang='grc' dir='ltr'>βουλόμενος</span> <span class='ocrx_word' id='word_1_554' title='bbox 3819 3055 3977 3125; x_wconf 73' lang='grc' dir='ltr'>θερα-</span> 
     </span>
    </p>
   </div>
   <div class='ocr_carea' id='block_1_83' title="bbox 2409 3149 3538 3219">
    <p class='ocr_par' dir='ltr' id='par_1_83' title="bbox 2409 3149 3538 3219">
     <span class='ocr_line' id='line_1_83' title="bbox 2409 3149 3538 3219; baseline -0.007 -9"><span class='ocrx_word' id='word_1_555' title='bbox 2409 3157 2594 3209; x_wconf 85' lang='grc' dir='ltr'>πεύειν</span> <span class='ocrx_word' id='word_1_556' title='bbox 2613 3173 2626 3185; x_wconf 80' lang='lat'><strong><em>°</em></strong></span> <span class='ocrx_word' id='word_1_557' title='bbox 2657 3155 2734 3208; x_wconf 86' lang='grc' dir='ltr'><strong><em>διὸ</em></strong></span> <span class='ocrx_word' id='word_1_558' title='bbox 2767 3155 2860 3206; x_wconf 77' lang='grc' dir='ltr'>καὶ</span> <span class='ocrx_word' id='word_1_559' title='bbox 2887 3153 3145 3206; x_wconf 76' lang='grc' dir='ltr'>ἐπένθουν</span> <span class='ocrx_word' id='word_1_560' title='bbox 3179 3151 3317 3219; x_wconf 83' lang='grc' dir='ltr'>ὑπὲρ</span> <span class='ocrx_word' id='word_1_561' title='bbox 3341 3149 3538 3202; x_wconf 73' lang='grc' dir='ltr'>αὐτῶν.</span> 
     </span>
    </p>
   </div>
   <div class='ocr_carea' id='block_1_84' title="bbox 2471 3318 3972 3399">
    <p class='ocr_par' dir='ltr' id='par_1_84' title="bbox 2471 3318 3972 3399">
     <span class='ocr_line' id='line_1_84' title="bbox 2471 3318 3972 3399; baseline -0.011 -12"><span class='ocrx_word' id='word_1_562' title='bbox 2471 3332 2579 3389; x_wconf 77' lang='lat' dir='ltr'><strong><em>Kal</em></strong></span> <span class='ocrx_word' id='word_1_563' title='bbox 2621 3331 2745 3385; x_wconf 84' lang='grc' dir='ltr'>κατ’</span> <span class='ocrx_word' id='word_1_564' title='bbox 2771 3328 2914 3399; x_wconf 85' lang='grc' dir='ltr'>ἐμοῦ</span> <span class='ocrx_word' id='word_1_565' title='bbox 2958 3324 3406 3395; x_wconf 62' lang='grc' dir='ltr'>εὐφράνθησαν,</span> <span class='ocrx_word' id='word_1_566' title='bbox 3432 3321 3529 3375; x_wconf 78' lang='grc' dir='ltr'>καὶ</span> <span class='ocrx_word' id='word_1_567' title='bbox 3551 3318 3972 3388; x_wconf 70' lang='grc' dir='ltr'>συνήχθησαν.</span> 
     </span>
    </p>
   </div>
   <div class='ocr_carea' id='block_1_85' title="bbox 2399 3410 3973 3492">
    <p class='ocr_par' dir='ltr' id='par_1_85' title="bbox 2399 3410 3973 3492">
     <span class='ocr_line' id='line_1_85' title="bbox 2399 3410 3973 3492; baseline -0.01 -14"><span class='ocrx_word' id='word_1_568' title='bbox 2399 3424 2582 3478; x_wconf 87' lang='grc' dir='ltr'>Ταῦτά</span> <span class='ocrx_word' id='word_1_569' title='bbox 2611 3439 2719 3492; x_wconf 88' lang='grc' dir='ltr'>μοι,</span> <span class='ocrx_word' id='word_1_570' title='bbox 2753 3420 2906 3489; x_wconf 62' lang='grc' dir='ltr'>φησι,</span> <span class='ocrx_word' id='word_1_571' title='bbox 2943 3418 3040 3486; x_wconf 83' lang='grc' dir='ltr'>τῆς</span> <span class='ocrx_word' id='word_1_572' title='bbox 3078 3417 3217 3487; x_wconf 77' lang='grc' dir='ltr'>ὑπὲρ</span> <span class='ocrx_word' id='word_1_573' title='bbox 3256 3414 3434 3467; x_wconf 78' lang='grc' dir='ltr'>αὐτῶν</span> <span class='ocrx_word' id='word_1_574' title='bbox 3470 3413 3659 3482; x_wconf 80' lang='grc' dir='ltr'>ὀδύνης</span> <span class='ocrx_word' id='word_1_575' title='bbox 3684 3410 3973 3464; x_wconf 75' lang='grc' dir='ltr'>ἀπεδίδουν</span> 
     </span>
    </p>
   </div>
   <div class='ocr_carea' id='block_1_86' title="bbox 2399 3502 3973 3581">
    <p class='ocr_par' dir='ltr' id='par_1_86' title="bbox 2399 3502 3973 3581">
     <span class='ocr_line' id='line_1_86' title="bbox 2399 3502 3973 3581; baseline -0.007 -16"><span class='ocrx_word' id='word_1_576' title='bbox 2399 3514 2465 3568; x_wconf 79' lang='grc' dir='ltr'>τὰ</span> <span class='ocrx_word' id='word_1_577' title='bbox 2493 3513 2698 3581; x_wconf 40' lang='lat' dir='ltr'><strong><em>birds/ta.</em></strong></span> <span class='ocrx_word' id='word_1_578' title='bbox 2726 3508 3132 3576; x_wconf 81' lang='grc' dir='ltr'>Συνήχθησαν</span> <span class='ocrx_word' id='word_1_579' title='bbox 3155 3506 3246 3558; x_wconf 75' lang='grc' dir='ltr'><strong><em>ἐπ’</em></strong></span> <span class='ocrx_word' id='word_1_580' title='bbox 3268 3503 3372 3573; x_wconf 79' lang='grc' dir='ltr'>ἐμὲ</span> <span class='ocrx_word' id='word_1_581' title='bbox 3387 3503 3696 3571; x_wconf 73' lang='grc' dir='ltr'>μάστιγες,</span> <span class='ocrx_word' id='word_1_582' title='bbox 3721 3502 3824 3553; x_wconf 79' lang='grc' dir='ltr'><strong><em>καί</em></strong></span> <span class='ocrx_word' id='word_1_583' title='bbox 3866 3504 3973 3554; x_wconf 80' lang='grc' dir='ltr'>οὐκ</span> 
     </span>
    </p>
   </div>
   <div class='ocr_carea' id='block_1_87' title="bbox 2397 3590 3972 3672">
    <p class='ocr_par' dir='ltr' id='par_1_87' title="bbox 2397 3590 3972 3672">
     <span class='ocr_line' id='line_1_87' title="bbox 2397 3590 3972 3672; baseline -0.009 -15"><span class='ocrx_word' id='word_1_584' title='bbox 2397 3604 2608 3672; x_wconf 73' lang='grc' dir='ltr'>ἔγνων.</span> <span class='ocrx_word' id='word_1_585' title='bbox 2645 3597 3008 3663; x_wconf 73' lang='grc' dir='ltr'>Μαστίζοντές</span> <span class='ocrx_word' id='word_1_586' title='bbox 3054 3614 3142 3665; x_wconf 84' lang='grc' dir='ltr'><strong><em>με,</em></strong></span> <span class='ocrx_word' id='word_1_587' title='bbox 3172 3595 3325 3665; x_wconf 73' lang='grc' dir='ltr'>φησὶ,</span> <span class='ocrx_word' id='word_1_588' title='bbox 3355 3595 3456 3647; x_wconf 82' lang='grc' dir='ltr'>οὐκ</span> <span class='ocrx_word' id='word_1_589' title='bbox 3501 3592 3800 3660; x_wconf 73' lang='grc' dir='ltr'>ἐγίνωσκον</span> <span class='ocrx_word' id='word_1_590' title='bbox 3853 3590 3972 3644; x_wconf 82' lang='grc' dir='ltr'><strong><em>οὐδὲ</em></strong></span> 
     </span>
    </p>
   </div>
   <div class='ocr_carea' id='block_1_88' title="bbox 2397 3685 3482 3766">
    <p class='ocr_par' dir='ltr' id='par_1_88' title="bbox 2397 3685 3482 3766">
     <span class='ocr_line' id='line_1_88' title="bbox 2397 3685 3482 3766; baseline -0.008 -19"><span class='ocrx_word' id='word_1_591' title='bbox 2397 3693 2650 3766; x_wconf 71' lang='grc' dir='ltr'>εὕρισκον</span> <span class='ocrx_word' id='word_1_592' title='bbox 2674 3691 2852 3746; x_wconf 74' lang='grc' dir='ltr'>αἰτίαν</span> <span class='ocrx_word' id='word_1_593' title='bbox 2878 3689 3132 3758; x_wconf 79' lang='grc' dir='ltr'>οὐδεμίαν</span> <span class='ocrx_word' id='word_1_594' title='bbox 3172 3688 3291 3740; x_wconf 81' lang='grc' dir='ltr'>κατ’</span> <span class='ocrx_word' id='word_1_595' title='bbox 3325 3685 3482 3756; x_wconf 83' lang='grc' dir='ltr'>ἐμοῦ.</span> 
     </span>
    </p>
   </div>
   <div class='ocr_carea' id='block_1_89' title="bbox 2468 3777 3969 3855">
    <p class='ocr_par' dir='ltr' id='par_1_89' title="bbox 2468 3777 3969 3855">
     <span class='ocr_line' id='line_1_89' title="bbox 2468 3777 3969 3855; baseline -0.008 -14"><span class='ocrx_word' id='word_1_596' title='bbox 2468 3787 2930 3855; x_wconf 83' lang='grc' dir='ltr'>Διεσχίσθησαν,</span> <span class='ocrx_word' id='word_1_597' title='bbox 2968 3783 3063 3834; x_wconf 78' lang='grc' dir='ltr'>καὶ</span> <span class='ocrx_word' id='word_1_598' title='bbox 3092 3784 3164 3834; x_wconf 85' lang='grc' dir='ltr'>οὐ</span> <span class='ocrx_word' id='word_1_599' title='bbox 3199 3779 3638 3848; x_wconf 69' lang='grc' dir='ltr'><strong><em>κατενύγησαν.</em></strong></span> <span class='ocrx_word' id='word_1_600' title='bbox 3670 3777 3969 3850; x_wconf 84' lang='grc' dir='ltr'>Ἐμερίσθη</span> 
     </span>
    </p>
   </div>
   <div class='ocr_carea' id='block_1_90' title="bbox 2397 3869 3971 3951">
    <p class='ocr_par' dir='ltr' id='par_1_90' title="bbox 2397 3869 3971 3951">
     <span class='ocr_line' id='line_1_90' title="bbox 2397 3869 3971 3951; baseline -0.008 -19"><span class='ocrx_word' id='word_1_601' title='bbox 2397 3880 2505 3951; x_wconf 77' lang='grc' dir='ltr'><strong><em>γὰρ</em></strong></span> <span class='ocrx_word' id='word_1_602' title='bbox 2532 3879 2591 3931; x_wconf 82' lang='grc' dir='ltr'>τὸ</span> <span class='ocrx_word' id='word_1_603' title='bbox 2627 3877 2847 3947; x_wconf 80' lang='grc' dir='ltr'>πλῆθος,</span> <span class='ocrx_word' id='word_1_604' title='bbox 2887 3875 2962 3938; x_wconf 86' lang='grc' dir='ltr'>ὼς</span> <span class='ocrx_word' id='word_1_605' title='bbox 3006 3875 3034 3925; x_wconf 84' lang='grc' dir='ltr'><strong>ὁ</strong></span> <span class='ocrx_word' id='word_1_606' title='bbox 3083 3872 3468 3940; x_wconf 76' lang='grc' dir='ltr'>εὐαγγελιστής</span> <span class='ocrx_word' id='word_1_607' title='bbox 3510 3886 3663 3938; x_wconf 81' lang='grc' dir='ltr'>φησι,</span> <span class='ocrx_word' id='word_1_608' title='bbox 3710 3869 3826 3921; x_wconf 83' lang='grc' dir='ltr'>τῶν</span> <span class='ocrx_word' id='word_1_609' title='bbox 3877 3869 3971 3940; x_wconf 77' lang='grc' dir='ltr'>μὲν</span> 
     </span>
    </p>
   </div>
   <div class='ocr_carea' id='block_1_91' title="bbox 2397 3960 3970 4039">
    <p class='ocr_par' dir='ltr' id='par_1_91' title="bbox 2397 3960 3970 4039">
     <span class='ocr_line' id='line_1_91' title="bbox 2397 3960 3970 4039; baseline -0.006 -15"><span class='ocrx_word' id='word_1_610' title='bbox 2397 3970 2597 4039; x_wconf 73' lang='grc' dir='ltr'>ἀγαθὸν</span> <span class='ocrx_word' id='word_1_611' title='bbox 2627 3965 2765 4021; x_wconf 78' lang='grc' dir='ltr'>εἶναι</span> <span class='ocrx_word' id='word_1_612' title='bbox 2795 3966 3081 4033; x_wconf 83' lang='grc' dir='ltr'>λεγόντων,</span> <span class='ocrx_word' id='word_1_613' title='bbox 3108 3963 3216 4016; x_wconf 83' lang='grc' dir='ltr'><strong><em>τῶν</em></strong></span> <span class='ocrx_word' id='word_1_614' title='bbox 3240 3964 3296 4016; x_wconf 85' lang='grc' dir='ltr'><strong><em>δέ</em></strong></span> <span class='ocrx_word' id='word_1_615' title='bbox 3336 3962 3588 4034; x_wconf 83' lang='grc' dir='ltr'>πονηρόν.</span> <span class='ocrx_word' id='word_1_616' title='bbox 3623 3960 3731 4013; x_wconf 76' lang='grc' dir='ltr'><strong><em>Καὶ</em></strong></span> <span class='ocrx_word' id='word_1_617' title='bbox 3766 3962 3970 4014; x_wconf 86' lang='grc' dir='ltr'>τούτων</span> 
     </span>
    </p>
   </div>
   <div class='ocr_carea' id='block_1_92' title="bbox 2397 4052 3972 4134">
    <p class='ocr_par' dir='ltr' id='par_1_92' title="bbox 2397 4052 3972 4134">
     <span class='ocr_line' id='line_1_92' title="bbox 2397 4052 3972 4134; baseline -0.007 -18"><span class='ocrx_word' id='word_1_618' title='bbox 2397 4062 2710 4134; x_wconf 79' lang='grc' dir='ltr'>γινομένων,</span> <span class='ocrx_word' id='word_1_619' title='bbox 2734 4059 2916 4129; x_wconf 67' lang='grc' dir='ltr'>φησιν,</span> <span class='ocrx_word' id='word_1_620' title='bbox 2939 4058 2998 4110; x_wconf 77' lang='grc' dir='ltr'>ού</span> <span class='ocrx_word' id='word_1_621' title='bbox 3018 4056 3410 4126; x_wconf 83' lang='grc' dir='ltr'>κατενύγησαν,</span> <span class='ocrx_word' id='word_1_622' title='bbox 3433 4054 3549 4108; x_wconf 78' lang='grc' dir='ltr'>οὐδὲ</span> <span class='ocrx_word' id='word_1_623' title='bbox 3571 4054 3811 4124; x_wconf 81' lang='grc' dir='ltr'>συνῆκαν</span> <span class='ocrx_word' id='word_1_624' title='bbox 3832 4052 3972 4108; x_wconf 76' lang='grc' dir='ltr'><strong><em>κατά</em></strong></span> 
     </span>
    </p>
   </div>
   <div class='ocr_carea' id='block_1_93' title="bbox 2395 4140 3971 4223">
    <p class='ocr_par' dir='ltr' id='par_1_93' title="bbox 2395 4140 3971 4223">
     <span class='ocr_line' id='line_1_93' title="bbox 2395 4140 3971 4223; baseline -0.007 -14"><span class='ocrx_word' id='word_1_625' title='bbox 2395 4156 2538 4217; x_wconf 79' lang='grc' dir='ltr'>τίνος</span> <span class='ocrx_word' id='word_1_626' title='bbox 2567 4153 2622 4207; x_wconf 78' lang='grc' dir='ltr'>αἱ</span> <span class='ocrx_word' id='word_1_627' title='bbox 2654 4150 2898 4223; x_wconf 82' lang='grc' dir='ltr'>πράξεις.</span> <span class='ocrx_word' id='word_1_628' title='bbox 2939 4148 3108 4202; x_wconf 86' lang='grc' dir='ltr'>Τοῦτο</span> <span class='ocrx_word' id='word_1_629' title='bbox 3138 4147 3193 4201; x_wconf 85' lang='grc' dir='ltr'>δὲ</span> <span class='ocrx_word' id='word_1_630' title='bbox 3219 4147 3318 4200; x_wconf 79' lang='grc' dir='ltr'>οὐκ</span> <span class='ocrx_word' id='word_1_631' title='bbox 3346 4145 3593 4216; x_wconf 84' lang='grc' dir='ltr'>ἐγκαλῶν</span> <span class='ocrx_word' id='word_1_632' title='bbox 3633 4140 3808 4208; x_wconf 78' lang='grc' dir='ltr'>εἶπεν,</span> <span class='ocrx_word' id='word_1_633' title='bbox 3839 4145 3971 4199; x_wconf 69' lang='grc' dir='ltr'>ἀλλὰ</span> 
     </span>
    </p>
   </div>
   <div class='ocr_carea' id='block_1_94' title="bbox 2398 4236 3972 4314">
    <p class='ocr_par' dir='ltr' id='par_1_94' title="bbox 2398 4236 3972 4314">
     <span class='ocr_line' id='line_1_94' title="bbox 2398 4236 3972 4314; baseline -0.006 -16"><span class='ocrx_word' id='word_1_634' title='bbox 2398 4244 2578 4298; x_wconf 80' lang='grc' dir='ltr'>ποθῶν</span> <span class='ocrx_word' id='word_1_635' title='bbox 2604 4243 2701 4314; x_wconf 83' lang='grc' dir='ltr'><strong><em>τὴν</em></strong></span> <span class='ocrx_word' id='word_1_636' title='bbox 2733 4241 3002 4312; x_wconf 81' lang='grc' dir='ltr'>βοήθειαν.</span> <span class='ocrx_word' id='word_1_637' title='bbox 3029 4240 3183 4302; x_wconf 86' lang='grc' dir='ltr'>Πότε,</span> <span class='ocrx_word' id='word_1_638' title='bbox 3221 4240 3406 4308; x_wconf 77' lang='grc' dir='ltr'>φησὶν,</span> <span class='ocrx_word' id='word_1_639' title='bbox 3441 4236 3706 4309; x_wconf 81' lang='grc' dir='ltr'>ἐπιφαίνῃ</span> <span class='ocrx_word' id='word_1_640' title='bbox 3738 4237 3840 4291; x_wconf 77' lang='grc' dir='ltr'>καὶ</span> <span class='ocrx_word' id='word_1_641' title='bbox 3877 4239 3972 4290; x_wconf 79' lang='grc' dir='ltr'>ἐπ-</span> 
     </span>
    </p>
   </div>
   <div class='ocr_carea' id='block_1_95' title="bbox 2397 4328 3031 4405">
    <p class='ocr_par' dir='ltr' id='par_1_95' title="bbox 2397 4328 3031 4405">
     <span class='ocr_line' id='line_1_95' title="bbox 2397 4328 3031 4405; baseline -0.013 -18"><span class='ocrx_word' id='word_1_642' title='bbox 2397 4335 2619 4405; x_wconf 84' lang='grc' dir='ltr'>αμυνεῖς</span> <span class='ocrx_word' id='word_1_643' title='bbox 2657 4328 2996 4399; x_wconf 77' lang='grc' dir='ltr'>ἀδικουμένῳ</span> <span class='ocrx_word' id='word_1_644' title='bbox 3017 4344 3031 4392; x_wconf 87' lang='lat'><strong>;</strong></span> 
     </span>
    </p>
   </div>
   <div class='ocr_carea' id='block_1_96' title="bbox 2482 4495 3972 4570">
    <p class='ocr_par' dir='ltr' id='par_1_96' title="bbox 2482 4495 3972 4570">
     <span class='ocr_line' id='line_1_96' title="bbox 2482 4495 3972 4570; baseline -0.009 -9"><span class='ocrx_word' id='word_1_645' title='bbox 2482 4501 3000 4570; x_wconf 81' lang='grc' dir='ltr'>Ἀποκατάστησον</span> <span class='ocrx_word' id='word_1_646' title='bbox 3036 4499 3152 4568; x_wconf 79' lang='grc' dir='ltr'>τὴν</span> <span class='ocrx_word' id='word_1_647' title='bbox 3175 4498 3385 4569; x_wconf 64' lang='grc' dir='ltr'><strong><em>ψυχήν</em></strong></span> <span class='ocrx_word' id='word_1_648' title='bbox 3417 4515 3537 4567; x_wconf 90' lang='grc' dir='ltr'>μου</span> <span class='ocrx_word' id='word_1_649' title='bbox 3575 4496 3694 4550; x_wconf 77' lang='grc' dir='ltr'>ἀπὸ</span> <span class='ocrx_word' id='word_1_650' title='bbox 3730 4495 3848 4564; x_wconf 81' lang='grc' dir='ltr'>τῆς</span> <span class='ocrx_word' id='word_1_651' title='bbox 3873 4512 3972 4549; x_wconf 80' lang='grc' dir='ltr'>κα-</span> 
     </span>
    </p>
   </div>
   <div class='ocr_carea' id='block_1_97' title="bbox 2395 4587 3971 4668">
    <p class='ocr_par' dir='ltr' id='par_1_97' title="bbox 2395 4587 3971 4668">
     <span class='ocr_line' id='line_1_97' title="bbox 2395 4587 3971 4668; baseline -0.01 -13"><span class='ocrx_word' id='word_1_652' title='bbox 2395 4598 2677 4668; x_wconf 76' lang='grc' dir='ltr'>κουργίας</span> <span class='ocrx_word' id='word_1_653' title='bbox 2711 4593 2924 4648; x_wconf 83' lang='grc' dir='ltr'>αὐτῶν.</span> <span class='ocrx_word' id='word_1_654' title='bbox 2960 4593 3143 4646; x_wconf 82' lang='grc' dir='ltr'>Πάντα</span> <span class='ocrx_word' id='word_1_655' title='bbox 3182 4592 3281 4644; x_wconf 82' lang='grc' dir='ltr'>ὅσα</span> <span class='ocrx_word' id='word_1_656' title='bbox 3327 4590 3522 4660; x_wconf 82' lang='grc' dir='ltr'>πάσχει</span> <span class='ocrx_word' id='word_1_657' title='bbox 3565 4588 3598 4659; x_wconf 76' lang='grc' dir='ltr'>ἢ</span> <span class='ocrx_word' id='word_1_658' title='bbox 3627 4587 3797 4655; x_wconf 81' lang='grc' dir='ltr'>λέγει,</span> <span class='ocrx_word' id='word_1_659' title='bbox 3833 4588 3971 4656; x_wconf 79' lang='grc' dir='ltr'>ὑπὲρ</span> 
     </span>
    </p>
   </div>
   <div class='ocr_carea' id='block_1_98' title="bbox 2393 4677 3969 4762">
    <p class='ocr_par' dir='ltr' id='par_1_98' title="bbox 2393 4677 3969 4762">
     <span class='ocr_line' id='line_1_98' title="bbox 2393 4677 3969 4762; baseline -0.009 -18"><span class='ocrx_word' id='word_1_660' title='bbox 2393 4693 2490 4762; x_wconf 76' lang='grc' dir='ltr'>τῆς</span> <span class='ocrx_word' id='word_1_661' title='bbox 2523 4688 2795 4760; x_wconf 78' lang='grc' dir='ltr'>ἡμετέρας</span> <span class='ocrx_word' id='word_1_662' title='bbox 2827 4685 3098 4755; x_wconf 83' lang='grc' dir='ltr'>σωτηρίας</span> <span class='ocrx_word' id='word_1_663' title='bbox 3125 4685 3285 4746; x_wconf 84' lang='grc' dir='ltr'>ποιεῖ,</span> <span class='ocrx_word' id='word_1_664' title='bbox 3311 4680 3398 4734; x_wconf 79' lang='grc' dir='ltr'>διὰ</span> <span class='ocrx_word' id='word_1_665' title='bbox 3443 4679 3503 4733; x_wconf 81' lang='grc' dir='ltr'><strong><em>τὸ</em></strong></span> <span class='ocrx_word' id='word_1_666' title='bbox 3547 4677 3827 4734; x_wconf 82' lang='grc' dir='ltr'>κατελθεῖν</span> <span class='ocrx_word' id='word_1_667' title='bbox 3871 4679 3969 4732; x_wconf 84' lang='grc' dir='ltr'><strong><em>αὺ-</em></strong></span> 
     </span>
    </p>
   </div>
   <div class='ocr_carea' id='block_1_99' title="bbox 2393 4771 3967 4853">
    <p class='ocr_par' dir='ltr' id='par_1_99' title="bbox 2393 4771 3967 4853">
     <span class='ocr_line' id='line_1_99' title="bbox 2393 4771 3967 4853; baseline -0.009 -17"><span class='ocrx_word' id='word_1_668' title='bbox 2393 4785 2505 4847; x_wconf 80' lang='grc' dir='ltr'>τὸν,</span> <span class='ocrx_word' id='word_1_669' title='bbox 2540 4783 2707 4853; x_wconf 75' lang='grc' dir='ltr'>ήγουν</span> <span class='ocrx_word' id='word_1_670' title='bbox 2753 4780 2844 4831; x_wconf 77' lang='grc' dir='ltr'><strong><em>τὸν</em></strong></span> <span class='ocrx_word' id='word_1_671' title='bbox 2889 4778 3142 4849; x_wconf 80' lang='grc' dir='ltr'>Χριστὸν,</span> <span class='ocrx_word' id='word_1_672' title='bbox 3184 4776 3279 4828; x_wconf 80' lang='grc' dir='ltr'>καὶ</span> <span class='ocrx_word' id='word_1_673' title='bbox 3320 4773 3667 4844; x_wconf 84' lang='grc' dir='ltr'>σαρκωθῆναι</span> <span class='ocrx_word' id='word_1_674' title='bbox 3697 4771 3756 4837; x_wconf 81' lang='grc' dir='ltr'><strong><em>ἐξ</em></strong></span> <span class='ocrx_word' id='word_1_675' title='bbox 3787 4771 3967 4842; x_wconf 77' lang='grc' dir='ltr'>ἡμῶν.</span> 
     </span>
    </p>
   </div>
   <div class='ocr_carea' id='block_1_100' title="bbox 2411 4861 3968 4936">
    <p class='ocr_par' dir='ltr' id='par_1_100' title="bbox 2411 4861 3968 4936">
     <span class='ocr_line' id='line_1_100' title="bbox 2411 4861 3968 4936; baseline -0.009 -8"><span class='ocrx_word' id='word_1_676' title='bbox 2411 4875 2540 4930; x_wconf 81' lang='grc' dir='ltr'><strong><em>Ἀπὸ</em></strong></span> <span class='ocrx_word' id='word_1_677' title='bbox 2585 4873 2846 4926; x_wconf 78' lang='grc' dir='ltr'><strong><em>λεόντων</em></strong></span> <span class='ocrx_word' id='word_1_678' title='bbox 2870 4869 2984 4934; x_wconf 77' lang='grc' dir='ltr'><strong><em>τὴν</em></strong></span> <span class='ocrx_word' id='word_1_679' title='bbox 3001 4865 3296 4936; x_wconf 75' lang='grc' dir='ltr'><strong><em>μονογενῆ</em></strong></span> <span class='ocrx_word' id='word_1_680' title='bbox 3340 4882 3474 4933; x_wconf 88' lang='grc' dir='ltr'>μου.</span> <span class='ocrx_word' id='word_1_681' title='bbox 3511 4861 3740 4925; x_wconf 83' lang='grc' dir='ltr'>Λέοντάς</span> <span class='ocrx_word' id='word_1_682' title='bbox 3769 4879 3906 4933; x_wconf 79' lang='grc' dir='ltr'>φησι</span> <span class='ocrx_word' id='word_1_683' title='bbox 3937 4861 3968 4931; x_wconf 82' lang='grc' dir='ltr'>ἢ</span> 
     </span>
    </p>
   </div>
   <div class='ocr_carea' id='block_1_101' title="bbox 2398 4953 3972 5033">
    <p class='ocr_par' dir='ltr' id='par_1_101' title="bbox 2398 4953 3972 5033">
     <span class='ocr_line' id='line_1_101' title="bbox 2398 4953 3972 5033; baseline -0.008 -14"><span class='ocrx_word' id='word_1_684' title='bbox 2398 4966 2495 5028; x_wconf 83' lang='grc' dir='ltr'><strong><em>τάς</em></strong></span> <span class='ocrx_word' id='word_1_685' title='bbox 2523 4963 2758 5033; x_wconf 75' lang='grc' dir='ltr'>πονηρὰς</span> <span class='ocrx_word' id='word_1_686' title='bbox 2787 4963 2878 5015; x_wconf 70' lang='grc' dir='ltr'><strong><em>καὶ</em></strong></span> <span class='ocrx_word' id='word_1_687' title='bbox 2906 4959 3282 5030; x_wconf 83' lang='grc' dir='ltr'>ἀντικειμένας</span> <span class='ocrx_word' id='word_1_688' title='bbox 3305 4958 3579 5026; x_wconf 71' lang='grc' dir='ltr'>δυνάμεις,</span> <span class='ocrx_word' id='word_1_689' title='bbox 3605 4955 3660 5008; x_wconf 88' lang='grc' dir='ltr'>αἳ</span> <span class='ocrx_word' id='word_1_690' title='bbox 3695 4953 3859 5024; x_wconf 86' lang='grc' dir='ltr'>μόνον</span> <span class='ocrx_word' id='word_1_691' title='bbox 3883 4955 3972 5007; x_wconf 83' lang='grc' dir='ltr'><strong><em>οὐ-</em></strong></span> 
     </span>
    </p>
   </div>
   <div class='ocr_carea' id='block_1_102' title="bbox 2398 5045 3970 5128">
    <p class='ocr_par' dir='ltr' id='par_1_102' title="bbox 2398 5045 3970 5128">
     <span class='ocr_line' id='line_1_102' title="bbox 2398 5045 3970 5128; baseline -0.009 -18"><span class='ocrx_word' id='word_1_692' title='bbox 2398 5059 2451 5128; x_wconf 67' lang='grc' dir='ltr'>χὶ</span> <span class='ocrx_word' id='word_1_693' title='bbox 2482 5054 2950 5124; x_wconf 82' lang='grc' dir='ltr'>κατεϐρυχήσαντο</span> <span class='ocrx_word' id='word_1_694' title='bbox 2976 5050 3071 5104; x_wconf 89' lang='grc' dir='ltr'><strong><em>τοῦ</em></strong></span> <span class='ocrx_word' id='word_1_695' title='bbox 3102 5047 3354 5121; x_wconf 80' lang='grc' dir='ltr'>Χριστοῦ,</span> <span class='ocrx_word' id='word_1_696' title='bbox 3387 5049 3421 5119; x_wconf 81' lang='grc' dir='ltr'>ἢ</span> <span class='ocrx_word' id='word_1_697' title='bbox 3446 5048 3583 5116; x_wconf 84' lang='grc' dir='ltr'>τάχα</span> <span class='ocrx_word' id='word_1_698' title='bbox 3619 5063 3720 5098; x_wconf 84' lang='grc' dir='ltr'><strong><em>που</em></strong></span> <span class='ocrx_word' id='word_1_699' title='bbox 3751 5047 3848 5098; x_wconf 75' lang='grc' dir='ltr'><strong><em>καὶ</em></strong></span> <span class='ocrx_word' id='word_1_700' title='bbox 3873 5045 3970 5098; x_wconf 83' lang='grc' dir='ltr'>αὺ-</span> 
     </span>
    </p>
   </div>
   <div class='ocr_carea' id='block_1_103' title="bbox 2397 5135 3967 5210">
    <p class='ocr_par' dir='ltr' id='par_1_103' title="bbox 2397 5135 3967 5210">
     <span class='ocr_line' id='line_1_103' title="bbox 2397 5135 3967 5210; baseline -0.009 -8"><span class='ocrx_word' id='word_1_701' title='bbox 2397 5149 2520 5210; x_wconf 75' lang='grc' dir='ltr'>τοὺς</span> <span class='ocrx_word' id='word_1_702' title='bbox 2542 5149 2667 5208; x_wconf 78' lang='grc' dir='ltr'>τοὺς</span> <span class='ocrx_word' id='word_1_703' title='bbox 2693 5144 2799 5196; x_wconf 85' lang='grc' dir='ltr'><strong><em>τῶν</em></strong></span> <span class='ocrx_word' id='word_1_704' title='bbox 2829 5141 3093 5196; x_wconf 86' lang='grc' dir='ltr'>Ἰουδαίων</span> <span class='ocrx_word' id='word_1_705' title='bbox 3117 5140 3449 5210; x_wconf 83' lang='grc' dir='ltr'>καθηγητάς.</span> <span class='ocrx_word' id='word_1_706' title='bbox 3479 5137 3635 5191; x_wconf 72' lang='grc' dir='ltr'>Οὕτω</span> <span class='ocrx_word' id='word_1_707' title='bbox 3655 5136 3762 5208; x_wconf 87' lang='grc' dir='ltr'><strong><em>γὰρ</em></strong></span> <span class='ocrx_word' id='word_1_708' title='bbox 3788 5135 3967 5189; x_wconf 74' lang='grc' dir='ltr'>αὐτῶν</span> 
     </span>
    </p>
   </div>
   <div class='ocr_carea' id='block_1_104' title="bbox 2397 5230 3964 5309">
    <p class='ocr_par' dir='ltr' id='par_1_104' title="bbox 2397 5230 3964 5309">
     <span class='ocr_line' id='line_1_104' title="bbox 2397 5230 3964 5309; baseline -0.01 -15"><span class='ocrx_word' id='word_1_709' title='bbox 2397 5237 2812 5309; x_wconf 80' lang='grc' dir='ltr'>διαμνημονεύει</span> <span class='ocrx_word' id='word_1_710' title='bbox 2844 5236 3014 5303; x_wconf 86' lang='grc' dir='ltr'>λέγων</span> <span class='ocrx_word' id='word_1_711' title='bbox 3043 5234 3130 5288; x_wconf 91' lang='grc' dir='ltr'><strong><em>διά</em></strong></span> <span class='ocrx_word' id='word_1_712' title='bbox 3160 5232 3342 5301; x_wconf 79' lang='grc' dir='ltr'>φωνῆς</span> <span class='ocrx_word' id='word_1_713' title='bbox 3380 5231 3665 5300; x_wconf 82' lang='grc' dir='ltr'>Ἱερεμίας·</span> <span class='ocrx_word' id='word_1_714' title='bbox 3686 5230 3964 5298; x_wconf 73' lang='grc' dir='ltr'>Ἑτενήοη</span> 
     </span>
    </p>
   </div>
   <div class='ocr_carea' id='block_1_105' title="bbox 2397 5319 3967 5400">
    <p class='ocr_par' dir='ltr' id='par_1_105' title="bbox 2397 5319 3967 5400">
     <span class='ocr_line' id='line_1_105' title="bbox 2397 5319 3967 5400; baseline -0.008 -16"><span class='ocrx_word' id='word_1_715' title='bbox 2397 5334 2436 5400; x_wconf 76' lang='grc' dir='ltr'>ἡ</span> <span class='ocrx_word' id='word_1_716' title='bbox 2468 5330 2830 5397; x_wconf 70' lang='grc' dir='ltr'>κληρονομία</span> <span class='ocrx_word' id='word_1_717' title='bbox 2854 5345 2970 5396; x_wconf 90' lang='grc' dir='ltr'><strong><em>μου</em></strong></span> <span class='ocrx_word' id='word_1_718' title='bbox 3005 5326 3084 5392; x_wconf 87' lang='grc' dir='ltr'>ὠς</span> <span class='ocrx_word' id='word_1_719' title='bbox 3113 5324 3265 5379; x_wconf 74' lang='grc' dir='ltr'>λέων</span> <span class='ocrx_word' id='word_1_720' title='bbox 3303 5324 3372 5376; x_wconf 83' lang='grc' dir='ltr'><strong><em>ὲν</em></strong></span> <span class='ocrx_word' id='word_1_721' title='bbox 3411 5319 3635 5391; x_wconf 79' lang='grc' dir='ltr'>δρυμῷ·</span> <span class='ocrx_word' id='word_1_722' title='bbox 3668 5320 3764 5373; x_wconf 78' lang='grc' dir='ltr'>διὰ</span> <span class='ocrx_word' id='word_1_723' title='bbox 3793 5319 3967 5373; x_wconf 78' lang='grc' dir='ltr'>τοῦτο</span> 
     </span>
    </p>
   </div>
   <div class='ocr_carea' id='block_1_106' title="bbox 2396 5409 3966 5491">
    <p class='ocr_par' dir='ltr' id='par_1_106' title="bbox 2396 5409 3966 5491">
     <span class='ocr_line' id='line_1_106' title="bbox 2396 5409 3966 5491; baseline -0.008 -17"><span class='ocrx_word' id='word_1_724' title='bbox 2396 5423 2662 5491; x_wconf 83' lang='grc' dir='ltr'>ἐμίσησα</span> <span class='ocrx_word' id='word_1_725' title='bbox 2694 5418 2903 5485; x_wconf 81' lang='grc' dir='ltr'>αὐτήν.</span> <span class='ocrx_word' id='word_1_726' title='bbox 2937 5415 3215 5483; x_wconf 82' lang='grc' dir='ltr'>Μονογενῆ</span> <span class='ocrx_word' id='word_1_727' title='bbox 3269 5413 3364 5482; x_wconf 82' lang='grc' dir='ltr'>μὲν</span> <span class='ocrx_word' id='word_1_728' title='bbox 3407 5413 3503 5483; x_wconf 85' lang='grc' dir='ltr'>τὴν</span> <span class='ocrx_word' id='word_1_729' title='bbox 3553 5409 3745 5463; x_wconf 87' lang='grc' dir='ltr'>ἐαυτοῦ</span> <span class='ocrx_word' id='word_1_730' title='bbox 3791 5409 3966 5480; x_wconf 73' lang='grc' dir='ltr'>ψυχὴν</span> 
     </span>
    </p>
   </div>
   <div class='ocr_carea' id='block_1_107' title="bbox 2397 5498 3963 5580">
    <p class='ocr_par' dir='ltr' id='par_1_107' title="bbox 2397 5498 3963 5580">
     <span class='ocr_line' id='line_1_107' title="bbox 2397 5498 3963 5580; baseline -0.008 -17"><span class='ocrx_word' id='word_1_731' title='bbox 2397 5508 2674 5580; x_wconf 78' lang='grc' dir='ltr'>ὀνομάζει.</span> <span class='ocrx_word' id='word_1_732' title='bbox 2710 5508 2766 5560; x_wconf 81' lang='grc' dir='ltr'>τὸ</span> <span class='ocrx_word' id='word_1_733' title='bbox 2805 5507 3129 5576; x_wconf 69' lang='grc' dir='ltr'>μονογενὲς</span> <span class='ocrx_word' id='word_1_734' title='bbox 3177 5503 3343 5566; x_wconf 81' lang='grc' dir='ltr'>τιθεὶς</span> <span class='ocrx_word' id='word_1_735' title='bbox 3374 5504 3491 5555; x_wconf 79' lang='grc' dir='ltr'>ἀντὶ</span> <span class='ocrx_word' id='word_1_736' title='bbox 3530 5499 3623 5553; x_wconf 88' lang='grc' dir='ltr'><strong><em>τοῦ</em></strong></span> <span class='ocrx_word' id='word_1_737' title='bbox 3659 5498 3963 5571; x_wconf 60' lang='grc' dir='ltr'>ἠγαπημέ-</span> 
     </span>
    </p>
   </div>
   <div class='ocr_carea' id='block_1_108' title="bbox 2399 5592 3965 5670">
    <p class='ocr_par' dir='ltr' id='par_1_108' title="bbox 2399 5592 3965 5670">
     <span class='ocr_line' id='line_1_108' title="bbox 2399 5592 3965 5670; baseline -0.004 -16"><span class='ocrx_word' id='word_1_738' title='bbox 2399 5602 2664 5669; x_wconf 75' lang='grc' dir='ltr'>νην.Ἀεὶ</span> <span class='ocrx_word' id='word_1_739' title='bbox 2694 5599 2800 5670; x_wconf 82' lang='grc' dir='ltr'>γάρ</span> <span class='ocrx_word' id='word_1_740' title='bbox 2828 5598 2940 5662; x_wconf 79' lang='grc' dir='ltr'>πὼς</span> <span class='ocrx_word' id='word_1_741' title='bbox 2975 5600 3121 5651; x_wconf 80' lang='grc' dir='ltr'>ἐστιν</span> <span class='ocrx_word' id='word_1_742' title='bbox 3166 5598 3222 5651; x_wconf 81' lang='grc' dir='ltr'>ὲν</span> <span class='ocrx_word' id='word_1_743' title='bbox 3253 5596 3438 5665; x_wconf 75' lang='grc' dir='ltr'>ἀγάπῃ</span> <span class='ocrx_word' id='word_1_744' title='bbox 3464 5593 3690 5668; x_wconf 79' lang='grc' dir='ltr'>πλείστῃ</span> <span class='ocrx_word' id='word_1_745' title='bbox 3711 5592 3772 5647; x_wconf 80' lang='grc' dir='ltr'><strong><em>τὸ</em></strong></span> <span class='ocrx_word' id='word_1_746' title='bbox 3809 5607 3965 5663; x_wconf 78' lang='grc' dir='ltr'>μονο-</span> 
     </span>
    </p>
   </div>
   <div class='ocr_carea' id='block_1_109' title="bbox 2400 5691 2894 5765">
    <p class='ocr_par' dir='ltr' id='par_1_109' title="bbox 2400 5691 2894 5765">
     <span class='ocr_line' id='line_1_109' title="bbox 2400 5691 2894 5765; baseline -0.002 -19"><span class='ocrx_word' id='word_1_747' title='bbox 2400 5694 2553 5765; x_wconf 81' lang='grc' dir='ltr'>γενές</span> <span class='ocrx_word' id='word_1_748' title='bbox 2587 5695 2643 5746; x_wconf 81' lang='grc' dir='ltr'><strong><em>ἐν</em></strong></span> <span class='ocrx_word' id='word_1_749' title='bbox 2669 5691 2894 5753; x_wconf 83' lang='grc' dir='ltr'>τέκνοις.</span> 
     </span>
    </p>
   </div>
  </div>
