4122 6498
724 395 824 451 173

1555 395 1612 450 S.
1655 393 2029 448 ATHANASII
2069 392 2218 447 OPP.
2257 390 2435 446 PARS
2476 390 2560 444 111.
2599 424 2666 433 -
2704 391 3110 448 EXEGETlCA.

3828 400 3926 452 HG

722 523 909 565 eorum
940 508 1031 578 qui
1053 507 1268 562 Christo
1296 507 1518 562 insidias
1547 511 1806 577 parabant
1829 510 2116 579 significat.
2150 509 2267 563 Μα-

2368 508 2463 578 τῆς
2509 509 2586 570 είς
2629 507 2859 577 Χριστὸν
2894 506 3182 577 ἐπιϐουλῆς
3211 507 3482 577 σημαίνει.
3517 510 3707 578 Κακίᾳ
3755 509 3822 563 δὲ
3865 513 3918 564 oi

721 603 894 656 litium
944 611 1116 654 autem
1161 616 1259 651 non
1306 601 1486 654 adivit.
1537 601 1614 654 Ac
1672 602 1718 657 si
1753 601 1973 666 diceret,
2011 601 2270 653 malitiam

722 706 827 743 11011
863 698 1141 743 aversatus
1178 698 1279 741 CSL

790 783 842 838 5.
885 782 1122 846 Domine,
1154 783 1207 834 in
1231 783 1357 836 coelo
1382 783 1741 838 misericordia
1783 797 1893 838 tua.
1927 785 2173 841 Declarat
2206 802 2269 840 ex

720 875 1087 930 misericordia
1122 875 1240 944 ejus
1268 876 1530 939 coelestia,
1561 876 1612 930 id
1658 886 1740 930 est
1781 877 2131 932 rationabiles
2179 894 2270 946 po-

720 974 938 1020 testates
969 967 1286 1021 consistere.
1321 965 1388 1017 Et
1420 968 1606 1020 veritas
1646 978 1735 1020 tua
1768 983 1927 1037 usque
1958 969 2026 1020 ad
2057 969 2235 1023 nubes.

787 1139 838 1192 6.
862 1139 1081 1193 Justitia
1111 1149 1199 1192 tua
1229 1141 1364 1193 sicut
1396 1151 1592 1194 montes
1618 1140 1731 1194 Dei.
1763 1138 1950 1204 Veras,
1991 1139 2185 1208 inquit,
2220 1149 2271 1192 et

717 1229 900 1284 ﬁrmas
938 1246 1054 1284 esse
1090 1232 1470 1300 prophetarum
1512 1232 1902 1302 promissiones
1961 1232 2267 1286 ostendisti.

717 1318 895 1373 Nubes
925 1321 1066 1374 enim
1099 1332 1222 1374 sunt
1253 1323 1524 1390 prophetae
1549 1340 1559 1374 :
1588 1338 1739 1376 veras
1765 1331 1942 1376 autem
1971 1337 2063 1376 eas
2092 1332 2266 1376 osten-

717 1412 864 1475 disti,
923 1421 1126 1466 tantam
1161 1414 1424 1468 exhibens
1459 1415 1562 1466 vim
1609 1414 1849 1483 justitiaz,
1887 1425 1946 1468 ut
1996 1417 2270 1470 montibus

719 1504 811 1558 Dei
841 1505 1141 1574 comparari
1187 1506 1373 1574 possit.
1425 1504 1636 1558 Iudicia
1675 1518 1763 1559 tua
1813 1508 2026 1576 abyssus
2080 1508 2266 1560 multa.

717 1596 851 1650 Cum
887 1607 1031 1652 tanta
1081 1602 1282 1654 veritas
1326 1611 1486 1670 atque
1529 1603 1733 1670 justitia
1768 1603 1892 1656 insit
1926 1603 2043 1666 tibi,
2081 1602 2268 1669 ignoro

714 1703 834 1755 quae
875 1703 1040 1742 causa
1088 1689 1153 1744 sit
1201 1691 1342 1758 quod
1397 1692 1580 1745 tandiu
1639 1692 1852 1746 toleres.
1886 1690 2018 1745 Nam
2065 1692 2266 1760 judicia

715 1787 806 1831 tua
838 1777 1274 1850 inaspectabilem
1303 1782 1482 1852 abyssi
1515 1781 1934 1850 profunditatem
1964 1783 2264 1835 imitantur.

2374 598 2822 667 πρεσώχθησεν.
2843 599 2985 651 Ἀντὶ
3014 598 3130 662 τοῦ,
3159 597 3254 668 τὴν
3282 600 3479 652 κακίαν
3511 601 3608 653 οὐκ
3648 601 3898 672 ἐμίσησε.

2444 777 2635 844 Κύριε,
2675 779 2743 830 ἐν
2780 777 2858 843 τῷ
2898 777 3128 846 minam-(Ia
3163 777 3227 830 τὸ
3253 779 3421 842 ἔλεός
3461 792 3597 830 σου.
3639 776 3918 828 Δείκνυσιν

2372 867 2444 930 ὡς
2471 868 2548 938 τῷ
2581 868 2742 921 αὑτοῦ
2775 869 2912 920 ἐλέει
2951 869 3043 921 καὶ
3075 868 3145 921 τὰ
3189 869 3418 939 οὐράνια
3445 869 3762 936 συνέστηκε,
3785 885 3910 920 τοντ

2373 959 2515 1011 ἐστιν
2549 961 2602 1011 αἱ
2650 960 2862 1026 λογικαὶ
2902 960 3175 1030 δυνάμεις.
3202 960 3312 1012 Kal
3341 961 3377 1028 ἡ
3414 960 3662 1028 ἀλήθειὰ
3687 976 3808 1015 σου
3835 962 3941 1029 ἓως

2372 1047 2488 1100 τῶν
2520 1048 2808 1115 νεφελῶν.

2452 1139 2511 1193 Ἠ
2540 1140 2889 1206 δικαιοσύνη
2914 1156 3028 1194 σου
3056 1141 3135 1206 ὡς
3159 1139 3263 1208 ὄρη
3300 1141 3466 1195 Θεοῦ.
3487 1143 3752 1214 Ἀληθείςε
3787 1145 3938 1215 φησι,

2372 1231 2464 1282 καὶ
2500 1230 2842 1304 βεϐαίαςᾼτας
2868 1230 2954 1284 διὰ
2981 1230 3087 1283 τῶν
3123 1233 3412 1302 προφητῶν
3446 1234 3778 1304 ἐπαγγελίας
3802 1237 3940 1289 ἔδειν

2371 1318 2494 1384 ξας·
2550 1319 2765 1388 νεφέλαι
2809 1320 2916 1391 γὰρ
2965 1321 3012 1372 oi
3063 1321 3609 1392 προφῆται.Ἔδειξας
3650 1324 3705 1378 δὲ
3738 1325 3941 1387 ταύτας

2371 1410 2627 1481 ἀληθεῖς,
2680 1409 2880 1482 πλῆθος
2909 1411 3253 1480 δικαιοσύνης
3302 1416 3612 1486 χορηγήσας
3664 1417 3937 1478 τοσοῦτον,

2369 1501 2444 1564 ὼς
2501 1502 2649 1572 δρεσι
2720 1502 3159 1572 παραϐάλλεσθαι
3201 1503 3361 1557 Θεοῦ.
3412 1507 3485 1558 Τὰ
3529 1505 3784 1574 κριζιιατά
3827 1523 3943 1560 σου

2369 1593 2638 1659 ἄϐυσσος
2689 1593 2907 1660 πολλή.
2939 1594 3218 1664 Τοσαύτην
3256 1595 3313 1647 δὲ
3361 1595 3499 1665 ἔχων
3544 1597 3801 1667 ἀλήθειαν
3850 1599 3943 1650 καὶ

2367 1683 2728 1753 δικαιοσύνην,
2757 1685 2897 1748 τίνος
2918 1685 3103 1739 ἕνεκεν
3132 1685 3500 1757 μακροθυμεκ
3525 1688 3704 1755 ἀγνοῶ
3723 1706 3736 1717 ·
3761 1688 3824 1742 τὸ
3845 1692 3940 1759 τῆς

2370 1776 2605 1828 ἀϐύσσου
2653 1775 2759 1846 γὰρ
2806 1776 3115 1848 ἀθεώρητον
3151 1779 3394 1848 μιμεῖται
3431 1795 3524 1832 σου
3553 1779 3620 1832 τὰ
3658 1782 3936 1851 κρίματα·

712 1870 844 1926 Nam
879 1873 1020 1926 sicut
1070 1873 1188 1941 ejus
1231 1873 1566 1942 profunditas
1611 1875 1678 1928 ab
1723 1875 2032 1929 hominibus
2065 1875 2263 1944 percipi

2367 1867 2615 1938 καθάπερ
2644 1868 2752 1938 γὰρ
2777 1869 2989 1938 ἐκείνης
3019 1868 3325 1940 ἀνθρώποις
3351 1869 3661 1943 ἀθεώρητος
3699 1876 3727 1926 ὁ
3758 1873 3940 1943 βυθὸς,

710 1961 914 2029 nequit,
953 1961 1022 2014 ita
1053 1962 1384 2031 iudiciorum
1433 1972 1648 2017 tuorum
1691 1965 1947 2034 cogitatio
1988 1973 2140 2018 extra
2173 1979 2264 2018 ca-

710 2065 858 2120 ptum
886 2052 1120 2107 hominis
1146 2064 1254 2108 est.

778 2143 827 2194 7.
875 2143 1120 2196 Homines
1162 2155 1208 2198 et
1231 2145 1472 2212 jumenta
1530 2146 1781 2212 salvabis,
1823 2145 2061 2201 Domine.
2106 2147 2266 2200 Post.

708 2247 871 2301 quam
903 2232 967 2286 de
1000 2232 1211 2287 duobus
1238 2234 1450 2303 populis
1477 2235 1590 2288 hac
1618 2236 1911 2304 Apostolus
1933 2237 2160 2289 dixisset
2181 2236 2258 2290 "z

711 2319 974 2373 Conclusit
1008 2321 1259 2375 Dominus
1293 2339 1466 2376 omnes
1497 2324 1548 2377 in
1579 2325 1968 2391 incredulitate,
1997 2335 2051 2377 ut
2088 2341 2262 2378 omnes

708 2411 874 2463 salvos
904 2411 1116 2476 faceret,
1148 2412 1466 2480 subjunxit:
1510 2415 1681 2479 Quam
1720 2417 2263 2484 incomprehensibilia

708 2510 827 2553 sunt
847 2501 1051 2567 judicia
1083 2515 1171 2555 tua
1197 2503 1216 2554 .'
1242 2503 1429 2557 Simile
1459 2506 1544 2556 hic
1579 2507 1803 2558 habetur
1829 2525 1842 2558 :
1873 2523 1994 2558 nam
2031 2509 2261 2560 duorum

709 2593 1053 2661 populorum,
1087 2596 1178 2661 qui
1208 2595 1369 2646 etiam
1409 2610 1502 2663 per
1537 2595 1784 2650 homines
1821 2607 1873 2649 et
1913 2597 2157 2663 jumenta
2191 2600 2262 2650 si-

706 2685 1050 2753 gnilieantur,
1086 2687 1313 2738 salutem
1341 2696 1693 2741 enarraturus
1732 2707 1744 2740 :
1791 2687 2066 2742 hominum
2117 2690 2262 2743 scili-

707 2784 790 2830 cet
821 2774 1183 2831 lsraelitarum
1218 2778 1310 2847 qui
1344 2778 1572 2833 instituti
1631 2779 1681 2832 in
1716 2781 1829 2850 lege
1860 2789 2007 2846 sunt,
2042 2790 2095 2834 ct
2125 2797 2260 2851 prmo

707 2871 967 2923 stantiora
1016 2871 1289 2936 cogitant:
1340 2871 1713 2940 iumentorum
1758 2884 1935 2926 autem
1965 2912 1980 2935 ,
2020 2875 2256 2941 gentium

707 2973 913 3025 nempe,
947 2967 1131 3028 utpote
1167 2961 1688 3014 irrationabiliorum
1719 2980 1732 3026 ;
1767 2961 1934 3015 Ιυιιαεὶ
1968 2964 2110 3016 enim
2148 2981 2260 3034 my—

705 3048 926 3102 sterium
956 3063 1049 3117 per
1099 3050 1244 3120 leges
1277 3061 1330 3106 et
1365 3055 1653 3122 prophetas
1693 3054 1867 3106 edocti
1911 3055 2254 3119 exciderunt,

707 3147 887 3205 gentes
921 3153 1043 3193 vero
1075 3155 1194 3209 qua:
1230 3157 1502 3212 nunquam
1542 3144 1672 3198 illud
1719 3145 2007 3197 audierant
2040 3159 2257 3198 assum-

2367 1953 2536 2018 οὓτως
2559 1957 2842 2024 ἀνέφικτος
2869 1956 2975 2009 τῶν
3002 1957 3108 2010 σῶν
3137 1959 3417 2030 χριμάτων
3445 1961 3796 2033 κατανόησις.

2447 2134 2807 2202 Ἀνθρώπους
2838 2135 2935 2190 καί
2973 2136 3161 2204 κτήνη
3186 2141 3424 2205 σώσεις,
3447 2141 3638 2209 Κύριε.
3669 2141 3805 2212 Περὶ
3832 2140 3942 2194 τῶν

2364 2225 2455 2278 δύο
2500 2226 2642 2278 λαῶν
2692 2227 2926 2297 εἰρηκὼς
2974 2229 3002 2280 ὁ
3049 2227 3399 2294 Ἀπόστολος,
3452 2230 3856 2286 Συνέκλεισεν
3907 2236 3940 2286 ό

2366 2315 2510 2379 Θεὸς
2538 2315 2677 2380 τοὺς
2711 2317 2938 2382 πάντας
2960 2320 3045 2380 εις
3071 2319 3397 2382 ἀπείθειαν,
3429 2321 3528 2373 ἵνα
3550 2320 3688 2386 τοὺς
3709 2321 3937 2386 πάντας

2362 2409 2554 2473 σώσῃ,
2604 2409 2916 2478 ἐπήγαγενο
2960 2409 3052 2474 Ὠς
3097 2410 3530 2479 ἀνεξερεύνητα
3574 2413 3645 2464 τὰ
3687 2413 3939 2480 κρίματα

2363 2494 2545 2552 αὑτοῦ
2565 2499 2584 2550 .¹
2610 2500 2718 2551 Καὶ
2756 2499 2990 2552 ἐνταῦθα
3018 2501 3201 2569 ὅμοιόν
3222 2502 3372 2554 ἐστιν
3391 2518 3404 2531 ·
3437 2501 3621 2572 ἐπειδὴ
3649 2502 3760 2572 γὰρ
3784 2503 3937 2572 ἔμελ-

2362 2588 2420 2640 λε
2458 2589 2688 2640 τῶνδύο
2717 2589 2862 2642 λαῶν
2892 2591 2990 2660 τὴν
3026 2591 3298 2662 σωτηρίαν
3325 2591 3707 2662 διηγήσασθαι,
3751 2594 3801 2646 οἳ
3844 2595 3938 2647 καὶ

2364 2680 2714 2748 σημαίνονται
2745 2680 2831 2734 διὰ
2858 2681 2965 2733 τῶν
2989 2682 3289 2753 ἀνθρώπων
3319 2686 3414 2738 καὶ
3441 2684 3547 2736 τῶν
3575 2685 3789 2754 κτηνῶν
3810 2702 3823 2716 ·
3851 2688 3938 2739 ἀνο

2361 2771 2592 2841 θρῶπων
2647 2774 2744 2844 μὲν
2795 2774 2902 2826 τῶν
2955 2774 3014 2838 ἐξ
3051 2765 3265 2846 Ἰσραὴλ
3301 2777 3375 2839 ὡς
3408 2778 3829 2849 κατηχουμένων
3871 2782 3937 2832 ἐκ

2358 2862 2450 2914 τοῦ
2487 2864 2670 2933 νόμου,
2698 2865 2790 2916 καὶ
2822 2864 3082 2918 νοούντων
3131 2865 3197 2918 τὰ
3242 2866 3565 2937 διαφέροντα
3588 2886 3600 2898 ·
3635 2869 3852 2938 κτηνῶν
3878 2869 3937 2924 δὲ

2358 2954 2432 3016 ὡς
2464 2954 2818 3022 ἁλογωτέρων
2847 2955 2954 3009 τῶν
2995 2957 3051 3024 ἐξ
3101 2956 3269 3011 ὲονῶν
3293 2973 3306 2988 ⁸
3338 2957 3716 3023 παιδευθέντες
3755 2959 3862 3031 γὰρ
3885 2962 3939 3013 ci

2358 3044 2416 3108 ἐξ
2454 3045 2717 3098 Ἰουδαίων
2746 3045 2804 3097 τὸ
2841 3048 3138 3118 μυστήριον
3169 3047 3256 3102 διὰ
3294 3049 3458 3118 νόμον
3486 3051 3578 3102 καὶ
3609 3051 3926 3121 προφητῶν,

2359 3134 2643 3199 ἐξέπεσονο
2697 3136 2745 3186 oi
2799 3135 2857 3186 δὲ
2889 3135 3153 3187 ὀὐδέποτε
3205 3137 3501 3205 ἀκηκοότες
3548 3138 3597 3189 oi
3651 3139 3710 3201 ἐξ
3762 3137 3937 3191 ἐθνῶν

706 3236 806 3296 pta:
836 3238 959 3282 sunt
987 3246 999 3293 ;
1036 3229 1137 3284 hac
1182 3230 1248 3285 de
1280 3248 1442 3287 causa
1487 3243 1643 3289 antea
1694 3235 1828 3288 dixit
1857 3253 1870 3288 :
1903 3234 2118 3288 Jutticia
2166 3248 2254 3288 tua
2283 3227 2285 3250 '

2359 3225 2840 3296 προσελήφθησαν·
2885 3223 3075 3278 τούτου
3122 3226 3282 3298 χάριν
3328 3227 3656 3299 προείρηκε·
3696 3231 3772 3282 Τὰ
3809 3231 3940 3298 κρί-

701 3317 921 3386 abyssus
954 3318 1138 3371 multa.
1171 3317 1407 3372 Rursum
1438 3322 1685 3376 homines
1705 3323 1836 3375 dicit
1863 3338 1955 3376 eos
1978 3325 2068 3391 qui
2099 3326 2258 3376 ratio-

705 3407 934 3460 nabilem
954 3409 1264 3477 dignitatem
1285 3422 1598 3478 servarunt;
1620 3413 1862 3481 jumenta
1886 3429 2030 3475 vero,
2054 3430 2147 3466 eos
2166 3415 2256 3482 qui

702 3513 888 3552 versus
938 3509 1132 3552 terram
1179 3501 1432 3554 deorsum
1497 3503 1860 3566 inclinantur,
1913 3513 1966 3556 et
2030 3504 2256 3557 terrenis

704 3605 998 3660 pascuntur
1032 3591 1300 3661 cogitatis.
1329 3593 1443 3647 Non
1495 3597 1668 3649 solum
1701 3597 1881 3665 itaque
1914 3596 2113 3665 justas,
2163 3597 2254 3651 sed

701 3683 862 3736 etiam
895 3694 1203 3751 peccatores
1237 3685 1302 3736 ad
1333 3687 1561 3739 salutem
1596 3687 1825 3738 vocavit.

770 3773 824 3826 8.
860 3771 992 3826 Filii
1025 3783 1197 3828 autem
1247 3774 1510 3827 hominum
1555 3777 1609 3828 in
1642 3778 1860 3845 tegmine
1889 3777 2097 3829 alarum
2134 3786 2253 3829 tua-

700 3880 814 3918 rum
843 3867 1138 3934 sperabunt.
1173 3865 1225 3920 Id
1259 3878 1361 3931 est,
1390 3879 1438 3922 te
1469 3877 1822 3937 protectorem
1848 3869 2254 3939 adjutoremque

698 3957 988 4026 evangelici
1026 3960 1172 4011 Verbi
1205 3960 1546 4014 obtinebunt.

768 4047 822 4110 9,
856 4048 939 4100 10.
975 4046 1385 4101 Inebriabuntur
1427 4050 1504 4102 ab-
1540 4051 1771 4104 ubertate
1800 4053 1982 4105 domus
2034 4065 2154 4118 tute,
2203 4063 2252 4105 et

701 4148 923 4191 torrente
963 4139 1240 4206 voluptatis
1269 4149 1371 4192 tum
1392 4141 1597 4210 potabis
1621 4158 1727 4204 eos,
1759 4153 1861 4196 etc.
1893 4141 2125 4198 Torrens
2156 4161 2250 4198 vo-

700 4229 917 4299 luptatis
974 4229 1224 4286 Christus
1275 4243 1377 4296 est,
1417 4234 1566 4303 juxta
1624 4234 1764 4302 quod
1811 4235 2013 4289 dictum
2065 4238 2245 4290 est”:

697 4321 977 4374 Declinabo
1011 4338 1162 4389 super
1195 4341 1278 4378 cos
1307 4327 1458 4393 quasi
1501 4335 1699 4380 torrens
1735 4327 1997 4380 inundans
2023 4330 2247 4398 gloriam

695 4413 941 4480 gentium.
962 4409 1054 4463 Est
1076 4424 1252 4466 autem
1281 4425 1333 4468 et
1357 4415 1476 4469 fons
1494 4419 1612 4470 vitae
1642 4428 1695 4470 et
1723 4418 1900 4473 lumen
1921 4419 1987 4473 de
2019 4421 2242 4473 lumine.

773 4499 851 4552 12.
901 4501 1020 4556 Non
1059 4505 1225 4557 venint
1277 4505 1403 4556 milii
1431 4522 1517 4574 pes
1550 4507 1825 4575 superbire.
1873 4507 2045 4580 Rogat
2095 4512 2240 4564 nulla
2279 4536 2322 4591 υ

697 4595 894 4646 moveri
927 4610 984 4649 se
1015 4597 1285 4664 passione.
1340 4595 1405 4651 Et
1445 4615 1628 4652 manus
1669 4603 1956 4668 peccatoris
1987 4620 2088 4655 non
2139 4621 2247 4655 mo-

693 4695 804 4736 teat
834 4701 928 4738 me.
977 4686 1158 4756 Neque
1195 4704 1300 4753 me,
1337 4688 1530 4759 inquit,
1567 4707 1787 4759 pravum
1829 4691 2039 4747 facinus
2081 4711 2247 4766 prope

695 4783 745 4827 te
775 4783 999 4828 stantem
1029 4778 1322 4831 dimoveat.

937 4955 987 5008 1.
1026 4955 1360 5015 PSALML'S
1407 4962 1504 5029 ipsi
1532 4962 1719 5015 David.
1765 4962 1921 5016 XXX
1941 4963 2031 5018 Vl.

1284 5055 1674 5122 Argumentum.

692 5135 997 5193 Doctrinatu
1028 5141 1113 5196 hic
1147 5143 1387 5212 psalmus
1417 5145 1793 5213 complectitur
1815 5189 1829 5212 ,
1857 5147 2240 5205 abstinentiam

759 5244 789 5282 ε
821 5231 975 5284 rutilis
997 5273 1012 5295 ,
1041 5233 1413 5303 bonorumque
1441 5237 1676 5290 studium
1713 5254 1852 5292 novo
1883 5242 2082 5308 populo
2114 5259 2240 5312 pra:-

758 5324 943 5377 dieans
974 5343 986 5380 :
1024 5337 1248 5394 utroque
1287 5328 1352 5379 ad
1387 5330 1720 5383 suadendum
1759 5347 1925 5397 usus,
1953 5349 2048 5402 Spe
2088 5337 2238 5390 scili-

755 5425 836 5468 cet
865 5418 1205 5484 praemiorum
1248 5420 1418 5474 bonos
1449 5423 1842 5489 spectantium,
1882 5433 1935 5478 et
1977 5428 2238 5494 supplicio

757 5506 912 5558 malis
940 5519 1227 5564 reservato.

753 5596 806 5648 2.
842 5593 967 5648 Noli
1003 5599 1244 5652 cumulari
1274 5601 1323 5654 in
1356 5602 1767 5671 malignantibus
1789 5645 1804 5670 ,
1841 5623 1999 5677 neque
2035 5611 2232 5667 zelare-

751 5777 794 5806 “
821 5773 974 5830 Rom.
1008 5792 1083 5842 st,
1115 5780 1298 5835 31-35.
1373 5784 1541 5839 “lsa.
1575 5801 1720 5850 LXVI,
1761 5787 1845 5841 l2.

2353 3317 2508 3386 ματιὶ
2531 3334 2644 3372 σου
2670 3318 2940 3386 ἄϐυσσος
2964 3320 3185 3386 πολλή.
3205 3320 3547 3392 Ἀνθρώπους
3572 3323 3716 3391 λέγει
3742 3325 3928 3386 πάλιν,

2357 3410 2481 3471 τοὺς
2507 3410 2604 3480 τὴν
2630 3409 2856 3480 λογικὴν
2887 3411 3040 3475 ἀξίαν
3074 3413 3438 3478 φυλάττοντας
3457 3431 3470 3443 ο
3504 3415 3676 3484 κτήνη
3701 3416 3781 3480 δὲ,
3808 3417 3934 3481 τοὺς

2358 3501 2436 3564 είς
2449 3501 2551 3570 γῆν
2569 3501 2717 3553 κάτω
2735 3500 3007 3566 νεύοντας,
3033 3502 3123 3555 καὶ
3148 3502 3216 3556 τὰ
3239 3505 3399 3574 γήῖνα
3423 3503 3784 3574 βοσκομενους
3801 3524 3924 3576 φρο-

2356 3593 2586 3663 νήματα.
2615 3592 2689 3645 Οὐ
2717 3593 2875 3663 μόνον
2897 3590 2986 3646 οὖν
3010 3594 3271 3659 δικαίους,
3299 3595 3434 3648 ἀλλὰ
3455 3597 3548 3648 καὶ⁸
3572 3597 3932 3668 ἁμαρτωλοὺς

2356 3686 2435 3746 είς
2466 3685 2736 3753 σωτηρίαν
2768 3685 3042 3737 ἐκάλεσεν.

2427 3777 2489 3828 Ol
2521 3775 2588 3827 δὲ
2616 3776 2729 3828 υἱοὶ
2756 3775 2872 3828 τῶν
2896 3775 3218 3842 ἀνθρώπων
3242 3777 3311 3829 ἐν
3341 3778 3540 3847 σκέπῃ
3575 3778 3691 3834 τῶν
3719 3785 3931 3852 πτερύσ-

2353 3883 2472 3934 των
2498 3881 2613 3920 σου
2647 3865 2946 3920 ἐλπιοῦσι.
2969 3867 3246 3927 Τουτέστι,
3276 3868 3587 3938 σκεπαστὴν
3611 3870 3706 3921 καὶ
3735 3870 3931 3942 βοηθόν

2356 3973 2413 4007 σε
2444 3957 2620 4021 ἕξουσι
2654 3957 2748 4008 τοῦ
2780 3956 3136 4024 εὐαγγελικοῦ
3172 3957 3353 4025 λόγου,
3384 3959 3568 4029 φησίν.

2421 4048 2911 4113 Μεθυσθήσονται
2944 4049 3060 4103 ἀπὸ
3108 4051 3387 4116 πιότητος
3435 4051 3604 4104 οἴκου
3647 4067 3787 4116 σου,
3825 4054 3924 4106 καὶ

2352 4139 2456 4191 τὸν
2484 4139 2842 4208 χειμάρῤουν
2875 4138 2985 4206 τῆς
3025 4139 3256 4208 τρυφῆς
3283 4157 3396 4194 σου
3427 4141 3649 4205 ποτιεῖς
3681 4145 3924 4208 αὐτούς.

2351 4230 2693 4300 Χειμάρῥους
2719 4233 2929 4301 τρυφῆς
2956 4232 3100 4284 ἐστιν
3131 4233 3158 4283 ὀ
3187 4230 3418 4301 Χριστὸς
3453 4233 3590 4285 κατὰ
3612 4232 3672 4284 τὸ
3699 4234 3924 4304 εἰρημέ-

2349 4337 2436 4371 νον
2458 4338 2469 4349 ο
2514 4321 2797 4374 Ἐκκλίνω
2833 4322 2925 4374 ἐπ’
2949 4323 3167 4389 αὐτοὺς
3193 4325 3272 4390 ὡς
3308 4324 3662 4394 χειμάρῤους
3683 4327 3922 4382 ἐπικλύ-

2349 4409 2457 4469 ζων
2488 4409 2673 4474 δόξαν
2692 4411 3064 4466 ἐθνῶν.Ἔστι
3089 4414 3142 4467 δὲ
3174 4415 3266 4467 καὶ
3482 4415 3626 4487 ζωῆς
3672 4417 3766 4470 καὶ
3809 4418 3925 4488 φῶς

2351 4499 2413 4550 ἐκ
2442 4500 2634 4564 φωτός.

2419 4590 2512 4657 Μὴ
2545 4590 2760 4644 ἐλθέτω
2781 4609 2880 4660 μοι
2906 4591 3058 4658 ποῦς
3083 4595 3673 4664 ὐπερηφανίαςῙΕξω
3695 4597 3790 4651 τοῦ
3821 4601 3922 4651 τά-

2347 4679 2470 4743 Θους
2509 4681 2647 4744 ἀξιοῖ
2673 4682 2943 4749 γενέσθαι.
2986 4684 3090 4736 Καὶ
3125 4687 3253 4753 χείρ
3295 4687 3642 4755 ἁμαρτακίοῦ
3678 4688 3764 4758 μὴ
3805 4705 3916 4744 σα-

2343 4773 2555 4824 λεύσιιι
2583 4789 2680 4840 με.
2708 4774 2858 4841 Μηδὲ
2899 4779 3314 4845 μετακινησεὴω
3342 4795 3430 4848 με,
3463 4779 3616 4849 φησι,
3639 4779 3742 4850 τῆς
3770 4781 3918 4852 παρὰ

2347 4863 2427 4916 σοὶ
2455 4864 2693 4927 στάσεως
2729 4865 2926 4936 πρᾶξις
2952 4867 3171 4929 ἄτοπος.

2735 4960 3041 5011 ΨΑΛΜΟΣ
3074 4959 3152 5023 τῷ
3180 4959 3376 5015 Δαυτδ.
3408 4963 3564 5027 AG'.

2962 5049 2974 5067 '
2988 5051 3293 5116 Υπόθεσις.

2343 5137 2698 5192 Διδασκαλίαν
2727 5139 2968 5208 περιέχει
2992 5142 3018 5192 ὁ
3041 5140 3274 5210 ψαλμδς.
3307 5142 3693 5212 είσηγούμενος
3706 5144 3786 5215 τῷ
3811 5145 3913 5216 νέῳ

2411 5227 2522 5297 λαῷ
2566 5230 2771 5299 ἀποχὴν
2801 5230 2895 5298 μὲν
2917 5231 3024 5281 τῶν
3059 5232 3327 5303 πονηρῶν,
3359 5234 3698 5304 ἐπιτήδευσιν
3719 5236 3775 5289 δὲ
3806 5237 3912 5290 τῶν

2411 5318 2657 5386 ἀγαθῶν·
2687 5321 2743 5384 ἐξ
2777 5322 3047 5391 ἑκατέρων
3071 5321 3271 5374 πείθων
3291 5367 3304 5382 ,
3333 5323 3394 5375 ἐκ
3426 5341 3483 5376 τε
3511 5324 3608 5394 τῆς
3636 5329 3747 5388 τοῖς
3777 5328 3912 5394 ἀγα-

2411 5411 2520 5472 οοῖς
2554 5413 2992 5482 ηὑτρεπισμένης
3025 5413 3234 5476 ἐλπίδος
3255 5455 3267 5475 ,
3301 5414 3362 5467 ἔκ
3389 5432 3447 5468 τε
3477 5416 3576 5484 τῆς
3606 5419 3718 5478 τοϊς
3746 5434 3908 5485 πονη-

2412 5506 2524 5574 ροῖς
2544 5504 2906 5574 ἀποκειμένης
2934 5504 3224 5566 κολάσεως.

2406 5599 2464 5649 Μ
2471 5595 2503 5664 ἲι
2530 5594 2870 5665 παραζήλου
2901 5596 2969 5648 ἑν
2992 5596 3510 5665 πονηρειιομένοις,
3544 5595 3698 5666 μηδὲ
3723 5597 3903 5664 ζῆλον
