  <div class='ocr_page' id='page_1' title='image "/cluster/home/n/w/nwhite01/storage/ocr_20150623/27/uva.x030474749/098.png"; bbox 0 0 4122 6484; ppageno 0'>
   <div class='ocr_carea' id='block_1_1' title="bbox 163 479 2267 538">
    <p class='ocr_par' dir='ltr' id='par_1_1' title="bbox 163 479 2267 538">
     <span class='ocr_line' id='line_1_1' title="bbox 163 479 2267 538; baseline -0.003 -1"><span class='ocrx_word' id='word_1_1' title='bbox 163 485 245 538; x_wconf 78' lang='grc' dir='ltr'><strong>ΓΠ</strong></span> <span class='ocrx_word' id='word_1_2' title='bbox 1173 481 1532 536; x_wconf 75' lang='lat' dir='ltr'><strong><em>EXPOSITIO</em></strong></span> <span class='ocrx_word' id='word_1_3' title='bbox 1574 480 1635 534; x_wconf 67' lang='grc' dir='ltr'><strong><em>ΙΝ</em></strong></span> <span class='ocrx_word' id='word_1_4' title='bbox 1667 480 1994 536; x_wconf 76' lang='lat' dir='ltr'><strong><em>PSALMUM</em></strong></span> <span class='ocrx_word' id='word_1_5' title='bbox 2032 479 2267 534; x_wconf 73' lang='lat' dir='ltr'><strong>XXXVI.</strong></span> 
     </span>
    </p>
   </div>
   <div class='ocr_carea' id='block_1_2' title="bbox 3245 474 3345 531">
    <p class='ocr_par' dir='ltr' id='par_1_2' title="bbox 3245 474 3345 531">
     <span class='ocr_line' id='line_1_2' title="bbox 3245 474 3345 531; baseline 0.04 -5"><span class='ocrx_word' id='word_1_6' title='bbox 3245 474 3345 531; x_wconf 80' lang='grc'><strong><em>178</em></strong></span> 
     </span>
    </p>
   </div>
   <div class='ocr_carea' id='block_1_3' title="bbox 161 589 1712 666">
    <p class='ocr_par' dir='ltr' id='par_1_3' title="bbox 161 595 1693 666">
     <span class='ocr_line' id='line_1_3' title="bbox 161 595 1693 666; baseline -0.001 -16"><span class='ocrx_word' id='word_1_7' title='bbox 161 597 276 662; x_wconf 75' lang='grc' dir='ltr'>τοὺς</span> <span class='ocrx_word' id='word_1_8' title='bbox 295 595 603 660; x_wconf 75' lang='grc' dir='ltr'><strong><em>ποιοῦντας</em></strong></span> <span class='ocrx_word' id='word_1_9' title='bbox 628 595 741 664; x_wconf 72' lang='grc' dir='ltr'><strong><em>τὴν</em></strong></span> <span class='ocrx_word' id='word_1_10' title='bbox 766 597 1036 665; x_wconf 75' lang='grc' dir='ltr'><strong><em>ἀνομίαν.</em></strong></span> <span class='ocrx_word' id='word_1_11' title='bbox 1069 597 1328 666; x_wconf 82' lang='grc' dir='ltr'>Παραινεῐ</span> <span class='ocrx_word' id='word_1_12' title='bbox 1355 595 1572 665; x_wconf 87' lang='grc' dir='ltr'>φεύγειν</span> <span class='ocrx_word' id='word_1_13' title='bbox 1596 597 1693 666; x_wconf 80' lang='grc' dir='ltr'>τὴν</span> 
     </span>
    </p>
   </div>
   <div class='ocr_carea' id='block_1_4' title="bbox 1811 589 3346 666">
    <p class='ocr_par' dir='ltr' id='par_1_4' title="bbox 1812 589 3346 663">
     <span class='ocr_line' id='line_1_4' title="bbox 1812 589 3346 663; baseline -0.002 -14"><span class='ocrx_word' id='word_1_14' title='bbox 1812 599 1867 649; x_wconf 80' lang='lat' dir='ltr'><strong><em>&#39;is</em></strong></span> <span class='ocrx_word' id='word_1_15' title='bbox 1896 598 2140 660; x_wconf 71' lang='lat' dir='ltr'><strong><em>facientes</em></strong></span> <span class='ocrx_word' id='word_1_16' title='bbox 2174 595 2521 663; x_wconf 72' lang='lat' dir='ltr'><strong><em>iniquitatem.</em></strong></span> <span class='ocrx_word' id='word_1_17' title='bbox 2551 591 2810 646; x_wconf 83' lang='lat' dir='ltr'><strong><em>Malitiam</em></strong></span> <span class='ocrx_word' id='word_1_18' title='bbox 2839 589 3020 660; x_wconf 76' lang='lat' dir='ltr'><strong><em>fugere</em></strong></span> <span class='ocrx_word' id='word_1_19' title='bbox 3051 589 3301 646; x_wconf 76' lang='lat' dir='ltr'><strong><em>hortatur</em></strong></span> <span class='ocrx_word' id='word_1_20' title='bbox 3333 610 3346 645; x_wconf 90' lang='lat'><strong>:</strong></span> 
     </span>
    </p>
   </div>
   <div class='ocr_carea' id='block_1_5' title="bbox 161 683 1695 759">
    <p class='ocr_par' dir='ltr' id='par_1_5' title="bbox 161 683 1695 759">
     <span class='ocr_line' id='line_1_5' title="bbox 161 683 1695 759; baseline 0.004 -23"><span class='ocrx_word' id='word_1_21' title='bbox 161 689 390 759; x_wconf 72' lang='grc' dir='ltr'>πονηρίαν</span> <span class='ocrx_word' id='word_1_22' title='bbox 402 713 424 748; x_wconf 75' lang='grc' dir='ltr'>ο,</span> <span class='ocrx_word' id='word_1_23' title='bbox 453 688 528 750; x_wconf 84' lang='grc' dir='ltr'>ὡς</span> <span class='ocrx_word' id='word_1_24' title='bbox 559 689 829 740; x_wconf 69' lang='grc' dir='ltr'>ἔκπτωσιν</span> <span class='ocrx_word' id='word_1_25' title='bbox 857 683 994 740; x_wconf 73' lang='grc' dir='ltr'>εἶναι</span> <span class='ocrx_word' id='word_1_26' title='bbox 1035 688 1231 750; x_wconf 72' lang='grc' dir='ltr'>παντὸς</span> <span class='ocrx_word' id='word_1_27' title='bbox 1259 687 1465 754; x_wconf 78' lang='grc' dir='ltr'>ἀγαθοῦ</span> <span class='ocrx_word' id='word_1_28' title='bbox 1494 688 1695 757; x_wconf 74' lang='grc' dir='ltr'>ταύτης</span> 
     </span>
    </p>
   </div>
   <div class='ocr_carea' id='block_1_6' title="bbox 161 779 750 850">
    <p class='ocr_par' dir='ltr' id='par_1_6' title="bbox 161 779 750 850">
     <span class='ocr_line' id='line_1_6' title="bbox 161 779 750 850; baseline -0.002 -17"><span class='ocrx_word' id='word_1_29' title='bbox 161 780 462 850; x_wconf 72' lang='grc' dir='ltr'>ὑπογράφων</span> <span class='ocrx_word' id='word_1_30' title='bbox 495 779 555 831; x_wconf 73' lang='grc' dir='ltr'>τὸ</span> <span class='ocrx_word' id='word_1_31' title='bbox 578 779 750 842; x_wconf 83' lang='grc' dir='ltr'>τέλος.</span> 
     </span>
    </p>
   </div>
   <div class='ocr_carea' id='block_1_7' title="bbox 217 863 1697 940">
    <p class='ocr_par' dir='ltr' id='par_1_7' title="bbox 217 863 1697 940">
     <span class='ocr_line' id='line_1_7' title="bbox 217 863 1697 940; baseline -0.003 -15"><span class='ocrx_word' id='word_1_32' title='bbox 217 873 312 925; x_wconf 81' lang='grc' dir='ltr'><strong><em>Καὶ</em></strong></span> <span class='ocrx_word' id='word_1_33' title='bbox 344 863 726 938; x_wconf 72' lang='grc' dir='ltr'>κατασκήνου</span> <span class='ocrx_word' id='word_1_34' title='bbox 757 870 869 937; x_wconf 83' lang='grc' dir='ltr'><strong><em>τὴν</em></strong></span> <span class='ocrx_word' id='word_1_35' title='bbox 895 869 1026 940; x_wconf 74' lang='grc' dir='ltr'>γῆν,</span> <span class='ocrx_word' id='word_1_36' title='bbox 1055 870 1151 922; x_wconf 86' lang='grc' dir='ltr'>καὶ</span> <span class='ocrx_word' id='word_1_37' title='bbox 1191 870 1569 938; x_wconf 73' lang='grc' dir='ltr'>ποιμανθιῖσῃ</span> <span class='ocrx_word' id='word_1_38' title='bbox 1599 868 1697 921; x_wconf 75' lang='grc' dir='ltr'><strong><em>ἐπὶ</em></strong></span> 
     </span>
    </p>
   </div>
   <div class='ocr_carea' id='block_1_8' title="bbox 159 959 1699 1031">
    <p class='ocr_par' dir='ltr' id='par_1_8' title="bbox 159 959 1699 1031">
     <span class='ocr_line' id='line_1_8' title="bbox 159 959 1699 1031; baseline -0.003 -16"><span class='ocrx_word' id='word_1_39' title='bbox 159 961 227 1026; x_wconf 77' lang='grc' dir='ltr'>τῷ</span> <span class='ocrx_word' id='word_1_40' title='bbox 254 963 480 1024; x_wconf 70' lang='grc' dir='ltr'>πλούτῳ</span> <span class='ocrx_word' id='word_1_41' title='bbox 511 960 724 1028; x_wconf 76' lang='grc' dir='ltr'>αὐτῆς.</span> <span class='ocrx_word' id='word_1_42' title='bbox 757 961 864 1031; x_wconf 83' lang='grc' dir='ltr'>Γῆν</span> <span class='ocrx_word' id='word_1_43' title='bbox 893 961 1037 1028; x_wconf 84' lang='grc' dir='ltr'>λέγει</span> <span class='ocrx_word' id='word_1_44' title='bbox 1060 962 1156 1030; x_wconf 76' lang='grc' dir='ltr'>τὴν</span> <span class='ocrx_word' id='word_1_45' title='bbox 1181 959 1534 1012; x_wconf 78' lang='grc' dir='ltr'>Θεὸπνευστον</span> <span class='ocrx_word' id='word_1_46' title='bbox 1561 959 1699 1029; x_wconf 86' lang='grc' dir='ltr'>Γρα-</span> 
     </span>
    </p>
   </div>
   <div class='ocr_carea' id='block_1_9' title="bbox 161 1046 1697 1123">
    <p class='ocr_par' dir='ltr' id='par_1_9' title="bbox 161 1046 1697 1123">
     <span class='ocr_line' id='line_1_9' title="bbox 161 1046 1697 1123; baseline -0.001 -21"><span class='ocrx_word' id='word_1_47' title='bbox 161 1053 279 1120; x_wconf 68' lang='grc' dir='ltr'>φὴν,</span> <span class='ocrx_word' id='word_1_48' title='bbox 312 1053 363 1102; x_wconf 82' lang='grc' dir='ltr'>ὲν</span> <span class='ocrx_word' id='word_1_49' title='bbox 462 1052 490 1101; x_wconf 89' lang='grc' dir='ltr'><strong>ὀ</strong></span> <span class='ocrx_word' id='word_1_50' title='bbox 520 1050 748 1112; x_wconf 72' lang='grc' dir='ltr'>πλοῦτος</span> <span class='ocrx_word' id='word_1_51' title='bbox 777 1050 884 1101; x_wconf 86' lang='grc' dir='ltr'>τῶν</span> <span class='ocrx_word' id='word_1_52' title='bbox 908 1050 1106 1118; x_wconf 83' lang='grc' dir='ltr'>ἁγίων,</span> <span class='ocrx_word' id='word_1_53' title='bbox 1142 1051 1411 1102; x_wconf 78' lang='grc' dir='ltr'><strong><em>τουτέστιν</em></strong></span> <span class='ocrx_word' id='word_1_54' title='bbox 1439 1051 1490 1102; x_wconf 84' lang='grc' dir='ltr'><strong><em>αί</em></strong></span> <span class='ocrx_word' id='word_1_55' title='bbox 1529 1053 1697 1117; x_wconf 78' lang='grc' dir='ltr'>ἐπαγ-</span> 
     </span>
    </p>
   </div>
   <div class='ocr_carea' id='block_1_10' title="bbox 159 1140 1699 1212">
    <p class='ocr_par' dir='ltr' id='par_1_10' title="bbox 159 1140 1699 1212">
     <span class='ocr_line' id='line_1_10' title="bbox 159 1140 1699 1212; baseline 0 -18"><span class='ocrx_word' id='word_1_56' title='bbox 159 1143 328 1210; x_wconf 82' lang='grc' dir='ltr'>γελίαι.</span> <span class='ocrx_word' id='word_1_57' title='bbox 397 1142 662 1212; x_wconf 86' lang='grc' dir='ltr'>Παραινεῖ</span> <span class='ocrx_word' id='word_1_58' title='bbox 707 1141 995 1204; x_wconf 78' lang='grc' dir='ltr'>διαπαντὸς</span> <span class='ocrx_word' id='word_1_59' title='bbox 1028 1141 1132 1194; x_wconf 84' lang='grc' dir='ltr'>τῶν</span> <span class='ocrx_word' id='word_1_60' title='bbox 1167 1142 1323 1194; x_wconf 83' lang='grc' dir='ltr'>οείων</span> <span class='ocrx_word' id='word_1_61' title='bbox 1370 1140 1699 1212; x_wconf 76' lang='grc' dir='ltr'><strong><em>προσχέσθαι</em></strong></span> 
     </span>
    </p>
   </div>
   <div class='ocr_carea' id='block_1_11' title="bbox 160 1232 1698 1304">
    <p class='ocr_par' dir='ltr' id='par_1_11' title="bbox 160 1232 1698 1304">
     <span class='ocr_line' id='line_1_11' title="bbox 160 1232 1698 1304; baseline -0.001 -19"><span class='ocrx_word' id='word_1_62' title='bbox 160 1234 348 1301; x_wconf 81' lang='grc' dir='ltr'>λογίων,</span> <span class='ocrx_word' id='word_1_63' title='bbox 381 1232 539 1301; x_wconf 75' lang='grc' dir='ltr'>ἔρωτι</span> <span class='ocrx_word' id='word_1_64' title='bbox 576 1233 685 1285; x_wconf 83' lang='grc' dir='ltr'>τῶν</span> <span class='ocrx_word' id='word_1_65' title='bbox 716 1235 773 1285; x_wconf 85' lang='grc' dir='ltr'>ὲν</span> <span class='ocrx_word' id='word_1_66' title='bbox 789 1233 970 1296; x_wconf 76' lang='grc' dir='ltr'>αὐτοῖς</span> <span class='ocrx_word' id='word_1_67' title='bbox 985 1234 1360 1304; x_wconf 74' lang='grc' dir='ltr'><strong><em>ἀποκειμένων</em></strong></span> <span class='ocrx_word' id='word_1_68' title='bbox 1385 1237 1496 1296; x_wconf 80' lang='grc' dir='ltr'>τοῖς</span> <span class='ocrx_word' id='word_1_69' title='bbox 1528 1232 1698 1300; x_wconf 80' lang='grc' dir='ltr'>ἁγίοις</span> 
     </span>
    </p>
   </div>
   <div class='ocr_carea' id='block_1_12' title="bbox 161 1327 370 1393">
    <p class='ocr_par' dir='ltr' id='par_1_12' title="bbox 161 1327 370 1393">
     <span class='ocr_line' id='line_1_12' title="bbox 161 1327 370 1393; baseline -0.019 -13"><span class='ocrx_word' id='word_1_70' title='bbox 161 1327 370 1393; x_wconf 78' lang='grc' dir='ltr'>ἀγαθῶν.</span> 
     </span>
    </p>
   </div>
   <div class='ocr_carea' id='block_1_13' title="bbox 232 1416 1699 1486">
    <p class='ocr_par' dir='ltr' id='par_1_13' title="bbox 232 1416 1699 1486">
     <span class='ocr_line' id='line_1_13' title="bbox 232 1416 1699 1486; baseline -0.001 -16"><span class='ocrx_word' id='word_1_71' title='bbox 232 1417 636 1486; x_wconf 72' lang='grc' dir='ltr'><strong><em>Ὰποκιὶλυψον</em></strong></span> <span class='ocrx_word' id='word_1_72' title='bbox 680 1416 827 1483; x_wconf 78' lang='grc' dir='ltr'>πρὸς</span> <span class='ocrx_word' id='word_1_73' title='bbox 875 1418 1094 1484; x_wconf 81' lang='grc' dir='ltr'><strong><em>Κύριον</em></strong></span> <span class='ocrx_word' id='word_1_74' title='bbox 1127 1418 1239 1485; x_wconf 72' lang='grc' dir='ltr'><strong><em>τὴν</em></strong></span> <span class='ocrx_word' id='word_1_75' title='bbox 1265 1417 1408 1472; x_wconf 77' lang='grc' dir='ltr'><strong><em>ὁδόν</em></strong></span> <span class='ocrx_word' id='word_1_76' title='bbox 1431 1434 1566 1478; x_wconf 85' lang='grc' dir='ltr'>σου,</span> <span class='ocrx_word' id='word_1_77' title='bbox 1601 1417 1699 1470; x_wconf 77' lang='grc' dir='ltr'><strong><em>καί</em></strong></span> 
     </span>
    </p>
   </div>
   <div class='ocr_carea' id='block_1_14' title="bbox 161 1487 1699 1578">
    <p class='ocr_par' dir='ltr' id='par_1_14' title="bbox 161 1487 1699 1578">
     <span class='ocr_line' id='line_1_14' title="bbox 161 1487 1699 1578; baseline -0.002 -18"><span class='ocrx_word' id='word_1_78' title='bbox 161 1508 390 1560; x_wconf 61' lang='lat' dir='ltr'><strong><em>intuor</em></strong></span> <span class='ocrx_word' id='word_1_79' title='bbox 409 1507 500 1560; x_wconf 82' lang='grc' dir='ltr'><strong><em>ἐπ’</em></strong></span> <span class='ocrx_word' id='word_1_80' title='bbox 525 1509 731 1571; x_wconf 70' lang='grc' dir='ltr'>αὐτὸν,</span> <span class='ocrx_word' id='word_1_81' title='bbox 755 1487 853 1560; x_wconf 69' lang='grc' dir='ltr'><strong><em>καί</em></strong></span> <span class='ocrx_word' id='word_1_82' title='bbox 877 1509 1058 1572; x_wconf 77' lang='grc' dir='ltr'>αὐτὸς</span> <span class='ocrx_word' id='word_1_83' title='bbox 1079 1507 1338 1575; x_wconf 76' lang='grc' dir='ltr'>ποιήσει.</span> <span class='ocrx_word' id='word_1_84' title='bbox 1365 1508 1522 1578; x_wconf 47' lang='lat' dir='ltr'><strong><em>&#39;Ecrm</em></strong></span> <span class='ocrx_word' id='word_1_85' title='bbox 1546 1507 1699 1576; x_wconf 69' lang='grc' dir='ltr'>φησι,</span> 
     </span>
    </p>
   </div>
   <div class='ocr_carea' id='block_1_15' title="bbox 163 1597 1483 1669">
    <p class='ocr_par' dir='ltr' id='par_1_15' title="bbox 163 1597 1483 1669">
     <span class='ocr_line' id='line_1_15' title="bbox 163 1597 1483 1669; baseline -0.002 -17"><span class='ocrx_word' id='word_1_86' title='bbox 163 1599 382 1668; x_wconf 72' lang='grc' dir='ltr'>φανερῶς</span> <span class='ocrx_word' id='word_1_87' title='bbox 409 1597 504 1669; x_wconf 78' lang='grc' dir='ltr'>τὴν</span> <span class='ocrx_word' id='word_1_88' title='bbox 538 1599 874 1668; x_wconf 86' lang='grc' dir='ltr'>ἀρέσκουσαν</span> <span class='ocrx_word' id='word_1_89' title='bbox 907 1599 1055 1668; x_wconf 79' lang='grc' dir='ltr'>αὐτῷ</span> <span class='ocrx_word' id='word_1_90' title='bbox 1087 1599 1318 1668; x_wconf 77' lang='grc' dir='ltr'>βαδίζων</span> <span class='ocrx_word' id='word_1_91' title='bbox 1349 1599 1483 1652; x_wconf 68' lang='grc' dir='ltr'>ὁδὸν.</span> 
     </span>
    </p>
   </div>
   <div class='ocr_carea' id='block_1_16' title="bbox 221 1686 1701 1759">
    <p class='ocr_par' dir='ltr' id='par_1_16' title="bbox 221 1686 1701 1759">
     <span class='ocr_line' id='line_1_16' title="bbox 221 1686 1701 1759; baseline -0.001 -19"><span class='ocrx_word' id='word_1_92' title='bbox 221 1687 314 1740; x_wconf 83' lang='lat' dir='ltr'><strong><em>Kal</em></strong></span> <span class='ocrx_word' id='word_1_93' title='bbox 339 1686 557 1750; x_wconf 82' lang='grc' dir='ltr'><strong><em>ἐξοίσει</em></strong></span> <span class='ocrx_word' id='word_1_94' title='bbox 589 1687 668 1752; x_wconf 86' lang='grc' dir='ltr'>ὡς</span> <span class='ocrx_word' id='word_1_95' title='bbox 693 1687 814 1755; x_wconf 66' lang='grc' dir='ltr'>φῶς</span> <span class='ocrx_word' id='word_1_96' title='bbox 843 1687 956 1754; x_wconf 79' lang='grc' dir='ltr'><strong><em>τὴν</em></strong></span> <span class='ocrx_word' id='word_1_97' title='bbox 981 1688 1377 1755; x_wconf 73' lang='grc' dir='ltr'>δικαιοσύνην</span> <span class='ocrx_word' id='word_1_98' title='bbox 1405 1706 1540 1742; x_wconf 83' lang='grc' dir='ltr'>σου.</span> <span class='ocrx_word' id='word_1_99' title='bbox 1597 1689 1701 1759; x_wconf 78' lang='grc' dir='ltr'><strong><em>Δῆ-</em></strong></span> 
     </span>
    </p>
   </div>
   <div class='ocr_carea' id='block_1_17' title="bbox 161 1777 1703 1847">
    <p class='ocr_par' dir='ltr' id='par_1_17' title="bbox 161 1777 1703 1847">
     <span class='ocr_line' id='line_1_17' title="bbox 161 1777 1703 1847; baseline 0.003 -21"><span class='ocrx_word' id='word_1_100' title='bbox 161 1777 238 1828; x_wconf 67' lang='grc' dir='ltr'><strong><em>λον</em></strong></span> <span class='ocrx_word' id='word_1_101' title='bbox 261 1777 360 1846; x_wconf 85' lang='grc' dir='ltr'>γάρ</span> <span class='ocrx_word' id='word_1_102' title='bbox 397 1777 566 1840; x_wconf 73' lang='grc' dir='ltr'>ἐστιν,</span> <span class='ocrx_word' id='word_1_103' title='bbox 596 1777 676 1829; x_wconf 83' lang='grc' dir='ltr'>ὅτι</span> <span class='ocrx_word' id='word_1_104' title='bbox 703 1779 759 1830; x_wconf 83' lang='grc' dir='ltr'>ὲν</span> <span class='ocrx_word' id='word_1_105' title='bbox 783 1777 859 1847; x_wconf 84' lang='grc' dir='ltr'>τῷ</span> <span class='ocrx_word' id='word_1_106' title='bbox 892 1779 1133 1847; x_wconf 85' lang='grc' dir='ltr'>μέλλοντι</span> <span class='ocrx_word' id='word_1_107' title='bbox 1163 1779 1352 1844; x_wconf 78' lang='grc' dir='ltr'>αἰῶνι,</span> <span class='ocrx_word' id='word_1_108' title='bbox 1387 1781 1460 1842; x_wconf 79' lang='grc' dir='ltr'>ὼς</span> <span class='ocrx_word' id='word_1_109' title='bbox 1489 1779 1650 1842; x_wconf 74' lang='grc' dir='ltr'>αὐτὸς</span> <span class='ocrx_word' id='word_1_110' title='bbox 1675 1779 1703 1830; x_wconf 84' lang='grc' dir='ltr'>ὁ</span> 
     </span>
    </p>
   </div>
   <div class='ocr_carea' id='block_1_18' title="bbox 163 1866 1704 1938">
    <p class='ocr_par' dir='ltr' id='par_1_18' title="bbox 163 1866 1704 1938">
     <span class='ocr_line' id='line_1_18' title="bbox 163 1866 1704 1938; baseline 0.001 -20"><span class='ocrx_word' id='word_1_111' title='bbox 163 1867 337 1937; x_wconf 76' lang='grc' dir='ltr'>Κύριος</span> <span class='ocrx_word' id='word_1_112' title='bbox 363 1867 582 1936; x_wconf 78' lang='grc' dir='ltr'>εἴρηκεν</span> <span class='ocrx_word' id='word_1_113' title='bbox 605 1906 619 1929; x_wconf 90' lang='grc'><strong><em>,</em></strong></span> <span class='ocrx_word' id='word_1_114' title='bbox 650 1868 732 1919; x_wconf 82' lang='grc' dir='ltr'><strong><em>δτι</em></strong></span> <span class='ocrx_word' id='word_1_115' title='bbox 777 1871 829 1920; x_wconf 77' lang='lat' dir='ltr'><strong><em>oi</em></strong></span> <span class='ocrx_word' id='word_1_116' title='bbox 861 1866 1071 1921; x_wconf 84' lang='grc' dir='ltr'>δίκαιοι</span> <span class='ocrx_word' id='word_1_117' title='bbox 1106 1867 1528 1938; x_wconf 71' lang='grc' dir='ltr'>ἐκλάμψουσιν</span> <span class='ocrx_word' id='word_1_118' title='bbox 1555 1869 1634 1932; x_wconf 88' lang='grc' dir='ltr'>ὼς</span> <span class='ocrx_word' id='word_1_119' title='bbox 1671 1871 1704 1920; x_wconf 89' lang='lat' dir='ltr'><strong><em>o&#39;</em></strong></span> 
     </span>
    </p>
   </div>
   <div class='ocr_carea' id='block_1_19' title="bbox 163 1958 1702 2032">
    <p class='ocr_par' dir='ltr' id='par_1_19' title="bbox 163 1958 1702 2032">
     <span class='ocr_line' id='line_1_19' title="bbox 163 1958 1702 2032; baseline 0 -20"><span class='ocrx_word' id='word_1_120' title='bbox 163 1959 330 2025; x_wconf 70' lang='grc' dir='ltr'>ἥλιος.</span> <span class='ocrx_word' id='word_1_121' title='bbox 359 1958 474 2022; x_wconf 79' lang='grc' dir='ltr'><strong><em>Φῶς</em></strong></span> <span class='ocrx_word' id='word_1_122' title='bbox 502 1959 558 2012; x_wconf 83' lang='grc' dir='ltr'>δὲ</span> <span class='ocrx_word' id='word_1_123' title='bbox 589 1958 934 2031; x_wconf 76' lang='grc' dir='ltr'>δικαιοσύνης</span> <span class='ocrx_word' id='word_1_124' title='bbox 966 1960 1193 2028; x_wconf 76' lang='grc' dir='ltr'>γνῶσιςο</span> <span class='ocrx_word' id='word_1_125' title='bbox 1237 1960 1419 2032; x_wconf 74' lang='grc' dir='ltr'>ἐπειδὴ</span> <span class='ocrx_word' id='word_1_126' title='bbox 1449 1961 1541 2014; x_wconf 75' lang='grc' dir='ltr'>καὶ</span> <span class='ocrx_word' id='word_1_127' title='bbox 1567 1962 1598 2028; x_wconf 85' lang='grc' dir='ltr'>ἠ</span> <span class='ocrx_word' id='word_1_128' title='bbox 1623 1960 1702 2012; x_wconf 85' lang='grc' dir='ltr'>δι-</span> 
     </span>
    </p>
   </div>
   <div class='ocr_carea' id='block_1_20' title="bbox 162 2047 1704 2122">
    <p class='ocr_par' dir='ltr' id='par_1_20' title="bbox 162 2047 1704 2122">
     <span class='ocr_line' id='line_1_20' title="bbox 162 2047 1704 2122; baseline 0.005 -23"><span class='ocrx_word' id='word_1_129' title='bbox 162 2049 392 2118; x_wconf 81' lang='grc' dir='ltr'>καιοσύνη</span> <span class='ocrx_word' id='word_1_130' title='bbox 420 2047 597 2102; x_wconf 85' lang='grc' dir='ltr'>κανών</span> <span class='ocrx_word' id='word_1_131' title='bbox 622 2052 766 2102; x_wconf 77' lang='grc' dir='ltr'>ἐστιν</span> <span class='ocrx_word' id='word_1_132' title='bbox 789 2051 1013 2122; x_wconf 81' lang='grc' dir='ltr'><strong><em>ἀρετῶν.</em></strong></span> <span class='ocrx_word' id='word_1_133' title='bbox 1048 2053 1154 2106; x_wconf 80' lang='grc' dir='ltr'><strong><em>Καὶ</em></strong></span> <span class='ocrx_word' id='word_1_134' title='bbox 1183 2051 1248 2106; x_wconf 86' lang='grc' dir='ltr'>τὸ</span> <span class='ocrx_word' id='word_1_135' title='bbox 1277 2051 1452 2121; x_wconf 82' lang='grc' dir='ltr'>κρῖμά</span> <span class='ocrx_word' id='word_1_136' title='bbox 1481 2069 1596 2106; x_wconf 92' lang='grc' dir='ltr'>σου</span> <span class='ocrx_word' id='word_1_137' title='bbox 1625 2053 1704 2118; x_wconf 88' lang='grc' dir='ltr'>ὡς</span> 
     </span>
    </p>
   </div>
   <div class='ocr_carea' id='block_1_21' title="bbox 157 2142 1700 2214">
    <p class='ocr_par' dir='ltr' id='par_1_21' title="bbox 157 2142 1700 2214">
     <span class='ocr_line' id='line_1_21' title="bbox 157 2142 1700 2214; baseline -0.001 -19"><span class='ocrx_word' id='word_1_138' title='bbox 157 2145 518 2211; x_wconf 60' lang='grc' dir='ltr'>μεσημϐρίαν.</span> <span class='ocrx_word' id='word_1_139' title='bbox 560 2144 704 2197; x_wconf 70' lang='grc' dir='ltr'>Ἀντὶ</span> <span class='ocrx_word' id='word_1_140' title='bbox 727 2143 818 2196; x_wconf 81' lang='grc' dir='ltr'>τοῦ</span> <span class='ocrx_word' id='word_1_141' title='bbox 839 2161 852 2173; x_wconf 77' lang='grc' dir='ltr'><strong>ο</strong></span> <span class='ocrx_word' id='word_1_142' title='bbox 879 2145 1066 2214; x_wconf 83' lang='grc' dir='ltr'>Κρινεῖ</span> <span class='ocrx_word' id='word_1_143' title='bbox 1088 2159 1146 2195; x_wconf 90' lang='grc' dir='ltr'><strong><em>σε</em></strong></span> <span class='ocrx_word' id='word_1_144' title='bbox 1177 2142 1324 2206; x_wconf 78' lang='grc' dir='ltr'>ἄξιον</span> <span class='ocrx_word' id='word_1_145' title='bbox 1349 2144 1475 2195; x_wconf 71' lang='grc' dir='ltr'>ὄντα</span> <span class='ocrx_word' id='word_1_146' title='bbox 1507 2142 1700 2211; x_wconf 87' lang='grc' dir='ltr'>φωτός.</span> 
     </span>
    </p>
   </div>
   <div class='ocr_carea' id='block_1_22' title="bbox 221 2232 1706 2304">
    <p class='ocr_par' dir='ltr' id='par_1_22' title="bbox 221 2232 1706 2304">
     <span class='ocr_line' id='line_1_22' title="bbox 221 2232 1706 2304; baseline -0.001 -18"><span class='ocrx_word' id='word_1_147' title='bbox 221 2235 318 2287; x_wconf 73' lang='grc' dir='ltr'><strong><em>Καὶ</em></strong></span> <span class='ocrx_word' id='word_1_148' title='bbox 355 2234 536 2302; x_wconf 83' lang='grc' dir='ltr'>αὐτὸς</span> <span class='ocrx_word' id='word_1_149' title='bbox 575 2233 832 2300; x_wconf 73' lang='grc' dir='ltr'>ποιήσει.</span> <span class='ocrx_word' id='word_1_150' title='bbox 871 2236 1037 2288; x_wconf 82' lang='grc' dir='ltr'>Ὅταν</span> <span class='ocrx_word' id='word_1_151' title='bbox 1067 2236 1150 2287; x_wconf 77' lang='grc' dir='ltr'><strong><em>ἐπ’</em></strong></span> <span class='ocrx_word' id='word_1_152' title='bbox 1177 2235 1326 2304; x_wconf 84' lang='grc' dir='ltr'><strong><em>αὑτῷ</em></strong></span> <span class='ocrx_word' id='word_1_153' title='bbox 1350 2275 1363 2298; x_wconf 87' lang='grc'><strong><em>,</em></strong></span> <span class='ocrx_word' id='word_1_154' title='bbox 1396 2236 1590 2304; x_wconf 82' lang='grc' dir='ltr'>φησὶν,</span> <span class='ocrx_word' id='word_1_155' title='bbox 1622 2232 1706 2285; x_wconf 78' lang='grc' dir='ltr'><strong><em>έλ-</em></strong></span> 
     </span>
    </p>
   </div>
   <div class='ocr_carea' id='block_1_23' title="bbox 162 2322 1704 2396">
    <p class='ocr_par' dir='ltr' id='par_1_23' title="bbox 162 2322 1704 2396">
     <span class='ocr_line' id='line_1_23' title="bbox 162 2322 1704 2396; baseline 0.001 -21"><span class='ocrx_word' id='word_1_156' title='bbox 162 2325 339 2394; x_wconf 77' lang='grc' dir='ltr'>πίσῃς,</span> <span class='ocrx_word' id='word_1_157' title='bbox 375 2326 492 2378; x_wconf 78' lang='grc' dir='ltr'>τότε</span> <span class='ocrx_word' id='word_1_158' title='bbox 524 2326 618 2378; x_wconf 74' lang='grc' dir='ltr'>καὶ</span> <span class='ocrx_word' id='word_1_159' title='bbox 650 2325 810 2389; x_wconf 73' lang='grc' dir='ltr'>αὐτὸς</span> <span class='ocrx_word' id='word_1_160' title='bbox 847 2326 1082 2396; x_wconf 84' lang='grc' dir='ltr'>ποιήσει.</span> <span class='ocrx_word' id='word_1_161' title='bbox 1139 2325 1204 2378; x_wconf 82' lang='grc' dir='ltr'>Τί</span> <span class='ocrx_word' id='word_1_162' title='bbox 1249 2322 1304 2378; x_wconf 81' lang='grc' dir='ltr'>δὲ</span> <span class='ocrx_word' id='word_1_163' title='bbox 1345 2327 1557 2395; x_wconf 74' lang='grc' dir='ltr'>ποιησει</span> <span class='ocrx_word' id='word_1_164' title='bbox 1590 2325 1704 2377; x_wconf 75' lang='grc' dir='ltr'>διαο</span> 
     </span>
    </p>
   </div>
   <div class='ocr_carea' id='block_1_24' title="bbox 161 2412 1708 2483">
    <p class='ocr_par' dir='ltr' id='par_1_24' title="bbox 161 2412 1708 2483">
     <span class='ocr_line' id='line_1_24' title="bbox 161 2412 1708 2483; baseline -0.002 -14"><span class='ocrx_word' id='word_1_165' title='bbox 161 2417 403 2469; x_wconf 82' lang='grc' dir='ltr'>δείκνυσιν</span> <span class='ocrx_word' id='word_1_166' title='bbox 431 2415 770 2483; x_wconf 57' lang='grc' dir='ltr'>ἐπενεγκών</span> <span class='ocrx_word' id='word_1_167' title='bbox 819 2415 1080 2480; x_wconf 74' lang='grc' dir='ltr'>Ἐξοίσει</span> <span class='ocrx_word' id='word_1_168' title='bbox 1109 2416 1188 2481; x_wconf 84' lang='grc' dir='ltr'>ὡς</span> <span class='ocrx_word' id='word_1_169' title='bbox 1212 2412 1337 2483; x_wconf 74' lang='grc' dir='ltr'>φῶς</span> <span class='ocrx_word' id='word_1_170' title='bbox 1356 2413 1470 2482; x_wconf 82' lang='grc' dir='ltr'><strong><em>τὴν</em></strong></span> <span class='ocrx_word' id='word_1_171' title='bbox 1491 2413 1708 2466; x_wconf 82' lang='grc' dir='ltr'>δικαιο-</span> 
     </span>
    </p>
   </div>
   <div class='ocr_carea' id='block_1_25' title="bbox 161 2506 1702 2576">
    <p class='ocr_par' dir='ltr' id='par_1_25' title="bbox 161 2506 1702 2576">
     <span class='ocr_line' id='line_1_25' title="bbox 161 2506 1702 2576; baseline -0.001 -16"><span class='ocrx_word' id='word_1_172' title='bbox 161 2507 338 2572; x_wconf 77' lang='grc' dir='ltr'>σύνην</span> <span class='ocrx_word' id='word_1_173' title='bbox 382 2522 496 2560; x_wconf 89' lang='grc' dir='ltr'>σου</span> <span class='ocrx_word' id='word_1_174' title='bbox 523 2547 538 2568; x_wconf 89' lang='grc'><strong><em>,</em></strong></span> <span class='ocrx_word' id='word_1_175' title='bbox 589 2509 687 2561; x_wconf 76' lang='grc' dir='ltr'>καὶ</span> <span class='ocrx_word' id='word_1_176' title='bbox 728 2508 790 2560; x_wconf 80' lang='grc' dir='ltr'>τὸ</span> <span class='ocrx_word' id='word_1_177' title='bbox 840 2507 1016 2576; x_wconf 79' lang='grc' dir='ltr'>κρῖμά</span> <span class='ocrx_word' id='word_1_178' title='bbox 1057 2523 1173 2560; x_wconf 91' lang='grc' dir='ltr'><strong><em>σου</em></strong></span> <span class='ocrx_word' id='word_1_179' title='bbox 1206 2508 1286 2572; x_wconf 85' lang='grc' dir='ltr'><strong><em>ὡς</em></strong></span> <span class='ocrx_word' id='word_1_180' title='bbox 1310 2506 1702 2574; x_wconf 79' lang='grc' dir='ltr'>μεσημϐρίαν.</span> 
     </span>
    </p>
   </div>
   <div class='ocr_carea' id='block_1_26' title="bbox 165 2596 1704 2668">
    <p class='ocr_par' dir='ltr' id='par_1_26' title="bbox 165 2596 1704 2668">
     <span class='ocr_line' id='line_1_26' title="bbox 165 2596 1704 2668; baseline 0.003 -22"><span class='ocrx_word' id='word_1_181' title='bbox 165 2597 277 2648; x_wconf 72' lang='grc' dir='ltr'>Τότε</span> <span class='ocrx_word' id='word_1_182' title='bbox 299 2598 350 2648; x_wconf 80' lang='grc' dir='ltr'>δὲ</span> <span class='ocrx_word' id='word_1_183' title='bbox 376 2596 594 2663; x_wconf 76' lang='grc' dir='ltr'>ἐξοίσει,</span> <span class='ocrx_word' id='word_1_184' title='bbox 624 2598 807 2668; x_wconf 78' lang='grc' dir='ltr'>φησὶν,</span> <span class='ocrx_word' id='word_1_185' title='bbox 838 2599 958 2651; x_wconf 76' lang='grc' dir='ltr'>ἀντὶ</span> <span class='ocrx_word' id='word_1_186' title='bbox 990 2597 1082 2650; x_wconf 81' lang='grc' dir='ltr'>τοῦ</span> <span class='ocrx_word' id='word_1_187' title='bbox 1106 2597 1321 2667; x_wconf 75' lang='grc' dir='ltr'>ἐμφανῆ</span> <span class='ocrx_word' id='word_1_188' title='bbox 1354 2599 1704 2667; x_wconf 74' lang='grc' dir='ltr'>καταστήσει,</span> 
     </span>
    </p>
   </div>
   <div class='ocr_carea' id='block_1_27' title="bbox 164 2683 1708 2760">
    <p class='ocr_par' dir='ltr' id='par_1_27' title="bbox 164 2683 1708 2760">
     <span class='ocr_line' id='line_1_27' title="bbox 164 2683 1708 2760; baseline 0.003 -24"><span class='ocrx_word' id='word_1_189' title='bbox 164 2688 242 2738; x_wconf 79' lang='grc' dir='ltr'>καὶ</span> <span class='ocrx_word' id='word_1_190' title='bbox 283 2683 386 2740; x_wconf 72' lang='grc' dir='ltr'>οἷον</span> <span class='ocrx_word' id='word_1_191' title='bbox 438 2688 728 2760; x_wconf 77' lang='grc' dir='ltr'>περίοπτον</span> <span class='ocrx_word' id='word_1_192' title='bbox 760 2690 1058 2758; x_wconf 80' lang='grc' dir='ltr'><strong><em>ἀποφανεῖ,</em></strong></span> <span class='ocrx_word' id='word_1_193' title='bbox 1109 2687 1291 2741; x_wconf 79' lang='grc' dir='ltr'>λαϐεῖν</span> <span class='ocrx_word' id='word_1_194' title='bbox 1332 2688 1432 2741; x_wconf 87' lang='grc' dir='ltr'><strong><em>ούκ</em></strong></span> <span class='ocrx_word' id='word_1_195' title='bbox 1471 2688 1574 2740; x_wconf 85' lang='grc' dir='ltr'>ὲῶν</span> <span class='ocrx_word' id='word_1_196' title='bbox 1611 2689 1708 2757; x_wconf 75' lang='grc' dir='ltr'>τῆς</span> 
     </span>
    </p>
   </div>
   <div class='ocr_carea' id='block_1_28' title="bbox 164 2776 1704 2850">
    <p class='ocr_par' dir='ltr' id='par_1_28' title="bbox 164 2776 1704 2850">
     <span class='ocr_line' id='line_1_28' title="bbox 164 2776 1704 2850; baseline 0.004 -22"><span class='ocrx_word' id='word_1_197' title='bbox 164 2776 366 2842; x_wconf 74' lang='grc' dir='ltr'>εὐζωίις</span> <span class='ocrx_word' id='word_1_198' title='bbox 398 2780 459 2832; x_wconf 78' lang='grc' dir='ltr'>τὸ</span> <span class='ocrx_word' id='word_1_199' title='bbox 497 2779 714 2843; x_wconf 83' lang='grc' dir='ltr'>κάλλος.</span> <span class='ocrx_word' id='word_1_200' title='bbox 788 2781 978 2834; x_wconf 83' lang='grc' dir='ltr'>Ἔσται</span> <span class='ocrx_word' id='word_1_201' title='bbox 1005 2779 1111 2850; x_wconf 85' lang='grc' dir='ltr'><strong><em>γάρ</em></strong></span> <span class='ocrx_word' id='word_1_202' title='bbox 1145 2779 1344 2832; x_wconf 75' lang='grc' dir='ltr'>ἅπασιν</span> <span class='ocrx_word' id='word_1_203' title='bbox 1393 2779 1626 2850; x_wconf 78' lang='grc' dir='ltr'>ἐναργὴς</span> <span class='ocrx_word' id='word_1_204' title='bbox 1671 2781 1704 2850; x_wconf 78' lang='grc' dir='ltr'>ἡ</span> 
     </span>
    </p>
   </div>
   <div class='ocr_carea' id='block_1_29' title="bbox 162 2869 1708 2941">
    <p class='ocr_par' dir='ltr' id='par_1_29' title="bbox 162 2869 1708 2941">
     <span class='ocr_line' id='line_1_29' title="bbox 162 2869 1708 2941; baseline 0.003 -23"><span class='ocrx_word' id='word_1_205' title='bbox 162 2869 446 2940; x_wconf 73' lang='grc' dir='ltr'>δικαιοσύνη</span> <span class='ocrx_word' id='word_1_206' title='bbox 501 2887 596 2924; x_wconf 90' lang='grc' dir='ltr'><strong><em>σου</em></strong></span> <span class='ocrx_word' id='word_1_207' title='bbox 637 2871 792 2941; x_wconf 89' lang='grc' dir='ltr'>δίκην</span> <span class='ocrx_word' id='word_1_208' title='bbox 838 2871 1016 2938; x_wconf 80' lang='grc' dir='ltr'>φωτὸς</span> <span class='ocrx_word' id='word_1_209' title='bbox 1046 2870 1436 2939; x_wconf 85' lang='grc' dir='ltr'>ἀναλάμπουσα</span> <span class='ocrx_word' id='word_1_210' title='bbox 1461 2912 1476 2935; x_wconf 95' lang='grc'><strong><em>,</em></strong></span> <span class='ocrx_word' id='word_1_211' title='bbox 1535 2869 1708 2938; x_wconf 80' lang='grc' dir='ltr'>φωτὸς</span> 
     </span>
    </p>
   </div>
   <div class='ocr_carea' id='block_1_30' title="bbox 167 2959 1711 3032">
    <p class='ocr_par' dir='ltr' id='par_1_30' title="bbox 167 2959 1711 3032">
     <span class='ocr_line' id='line_1_30' title="bbox 167 2959 1711 3032; baseline 0.001 -21"><span class='ocrx_word' id='word_1_212' title='bbox 167 2960 534 3030; x_wconf 71' lang='grc' dir='ltr'>μεσημϐρινοῦ.</span> <span class='ocrx_word' id='word_1_213' title='bbox 558 2961 891 3032; x_wconf 76' lang='grc' dir='ltr'>Μεσημϐρία</span> <span class='ocrx_word' id='word_1_214' title='bbox 913 2977 976 3028; x_wconf 90' lang='grc' dir='ltr'><strong><em>γε</em></strong></span> <span class='ocrx_word' id='word_1_215' title='bbox 999 2962 1106 3032; x_wconf 82' lang='grc' dir='ltr'>μὴν</span> <span class='ocrx_word' id='word_1_216' title='bbox 1126 2961 1442 3032; x_wconf 76' lang='grc' dir='ltr'>ὀνομάζεται</span> <span class='ocrx_word' id='word_1_217' title='bbox 1464 2961 1561 3030; x_wconf 80' lang='grc' dir='ltr'>τῆς</span> <span class='ocrx_word' id='word_1_218' title='bbox 1586 2959 1711 3030; x_wconf 73' lang='grc' dir='ltr'>ἠμέ-</span> 
     </span>
    </p>
   </div>
   <div class='ocr_carea' id='block_1_31' title="bbox 166 3051 1712 3123">
    <p class='ocr_par' dir='ltr' id='par_1_31' title="bbox 166 3051 1712 3123">
     <span class='ocr_line' id='line_1_31' title="bbox 166 3051 1712 3123; baseline 0.002 -21"><span class='ocrx_word' id='word_1_219' title='bbox 166 3066 251 3117; x_wconf 85' lang='grc' dir='ltr'>ρας</span> <span class='ocrx_word' id='word_1_220' title='bbox 279 3052 400 3104; x_wconf 79' lang='grc' dir='ltr'>αὑτδ</span> <span class='ocrx_word' id='word_1_221' title='bbox 428 3051 489 3104; x_wconf 82' lang='grc' dir='ltr'><strong><em>τὸ</em></strong></span> <span class='ocrx_word' id='word_1_222' title='bbox 521 3053 862 3123; x_wconf 81' lang='grc' dir='ltr'><strong><em>μεσαίτατον.</em></strong></span> <span class='ocrx_word' id='word_1_223' title='bbox 890 3054 964 3106; x_wconf 84' lang='grc' dir='ltr'>Ού</span> <span class='ocrx_word' id='word_1_224' title='bbox 996 3055 1175 3123; x_wconf 87' lang='grc' dir='ltr'>μόνον,</span> <span class='ocrx_word' id='word_1_225' title='bbox 1202 3054 1333 3123; x_wconf 76' lang='grc' dir='ltr'>φησὶ</span> <span class='ocrx_word' id='word_1_226' title='bbox 1351 3093 1366 3116; x_wconf 95' lang='grc'><strong><em>,</em></strong></span> <span class='ocrx_word' id='word_1_227' title='bbox 1399 3053 1596 3106; x_wconf 87' lang='grc' dir='ltr'>δικαιοῖ</span> <span class='ocrx_word' id='word_1_228' title='bbox 1619 3052 1712 3106; x_wconf 77' lang='grc' dir='ltr'><strong><em>τὸν</em></strong></span> 
     </span>
    </p>
   </div>
   <div class='ocr_carea' id='block_1_32' title="bbox 166 3139 1712 3217">
    <p class='ocr_par' dir='ltr' id='par_1_32' title="bbox 166 3139 1712 3217">
     <span class='ocr_line' id='line_1_32' title="bbox 166 3139 1712 3217; baseline 0.005 -27"><span class='ocrx_word' id='word_1_229' title='bbox 166 3139 646 3212; x_wconf 77' lang='grc' dir='ltr'>ἐξομολογούμενον,</span> <span class='ocrx_word' id='word_1_230' title='bbox 672 3143 767 3196; x_wconf 75' lang='grc' dir='ltr'>καὶ</span> <span class='ocrx_word' id='word_1_231' title='bbox 789 3147 963 3216; x_wconf 83' lang='grc' dir='ltr'>κρῖμα</span> <span class='ocrx_word' id='word_1_232' title='bbox 991 3145 1139 3215; x_wconf 78' lang='grc' dir='ltr'>αὐτῷ</span> <span class='ocrx_word' id='word_1_233' title='bbox 1162 3144 1461 3217; x_wconf 82' lang='grc' dir='ltr'>προσφέρει</span> <span class='ocrx_word' id='word_1_234' title='bbox 1488 3145 1712 3216; x_wconf 80' lang='grc' dir='ltr'>χρηστόο</span> 
     </span>
    </p>
   </div>
   <div class='ocr_carea' id='block_1_33' title="bbox 1797 683 3172 757">
    <p class='ocr_par' dir='ltr' id='par_1_33' title="bbox 1797 683 3172 757">
     <span class='ocr_line' id='line_1_33' title="bbox 1797 683 3172 757; baseline -0.007 -14"><span class='ocrx_word' id='word_1_235' title='bbox 1797 691 1996 744; x_wconf 82' lang='lat' dir='ltr'><strong><em>docens</em></strong></span> <span class='ocrx_word' id='word_1_236' title='bbox 2021 689 2136 757; x_wconf 89' lang='lat' dir='ltr'><strong><em>ejus</em></strong></span> <span class='ocrx_word' id='word_1_237' title='bbox 2169 690 2327 740; x_wconf 85' lang='lat' dir='ltr'><strong><em>tinem</em></strong></span> <span class='ocrx_word' id='word_1_238' title='bbox 2351 701 2470 741; x_wconf 88' lang='lat' dir='ltr'><strong><em>esse</em></strong></span> <span class='ocrx_word' id='word_1_239' title='bbox 2504 686 2711 754; x_wconf 84' lang='lat' dir='ltr'><strong><em>lapsum</em></strong></span> <span class='ocrx_word' id='word_1_240' title='bbox 2737 685 2804 738; x_wconf 85' lang='lat' dir='ltr'><strong><em>ab</em></strong></span> <span class='ocrx_word' id='word_1_241' title='bbox 2830 684 2977 737; x_wconf 92' lang='lat' dir='ltr'><strong><em>omni</em></strong></span> <span class='ocrx_word' id='word_1_242' title='bbox 3009 683 3172 736; x_wconf 72' lang='lat' dir='ltr'><strong><em>liono.</em></strong></span> 
     </span>
    </p>
   </div>
   <div class='ocr_carea' id='block_1_34' title="bbox 1868 863 3349 936">
    <p class='ocr_par' dir='ltr' id='par_1_34' title="bbox 1868 863 3349 936">
     <span class='ocr_line' id='line_1_34' title="bbox 1868 863 3349 936; baseline -0.003 -15"><span class='ocrx_word' id='word_1_243' title='bbox 1868 873 1919 924; x_wconf 69' lang='lat'><strong><em>5.</em></strong></span> <span class='ocrx_word' id='word_1_244' title='bbox 1965 868 2028 922; x_wconf 83' lang='lat' dir='ltr'><strong><em>Et</em></strong></span> <span class='ocrx_word' id='word_1_245' title='bbox 2057 870 2293 922; x_wconf 83' lang='lat' dir='ltr'><strong><em>inlmbita</em></strong></span> <span class='ocrx_word' id='word_1_246' title='bbox 2313 877 2527 928; x_wconf 84' lang='lat' dir='ltr'><strong><em>terram,</em></strong></span> <span class='ocrx_word' id='word_1_247' title='bbox 2553 877 2600 920; x_wconf 89' lang='lat' dir='ltr'><strong><em>et</em></strong></span> <span class='ocrx_word' id='word_1_248' title='bbox 2636 865 2864 936; x_wconf 84' lang='lat' dir='ltr'><strong><em>pasceris</em></strong></span> <span class='ocrx_word' id='word_1_249' title='bbox 2901 866 2954 916; x_wconf 88' lang='lat' dir='ltr'><strong><em>in</em></strong></span> <span class='ocrx_word' id='word_1_250' title='bbox 2984 863 3181 919; x_wconf 75' lang='lat' dir='ltr'><strong><em>divitiis</em></strong></span> <span class='ocrx_word' id='word_1_251' title='bbox 3214 863 3349 932; x_wconf 77' lang='lat' dir='ltr'><strong><em>ejus.</em></strong></span> 
     </span>
    </p>
   </div>
   <div class='ocr_carea' id='block_1_35' title="bbox 1800 955 3349 1028">
    <p class='ocr_par' dir='ltr' id='par_1_35' title="bbox 1800 955 3349 1028">
     <span class='ocr_line' id='line_1_35' title="bbox 1800 955 3349 1028; baseline -0.005 -11"><span class='ocrx_word' id='word_1_252' title='bbox 1800 965 2021 1017; x_wconf 80' lang='lat' dir='ltr'><strong><em>Terram</em></strong></span> <span class='ocrx_word' id='word_1_253' title='bbox 2065 963 2192 1016; x_wconf 92' lang='lat' dir='ltr'><strong><em>dicit</em></strong></span> <span class='ocrx_word' id='word_1_254' title='bbox 2235 961 2495 1014; x_wconf 71' lang='lat' dir='ltr'><strong><em>divinitus</em></strong></span> <span class='ocrx_word' id='word_1_255' title='bbox 2525 960 2838 1028; x_wconf 78' lang='lat' dir='ltr'><strong><em>inspiratam</em></strong></span> <span class='ocrx_word' id='word_1_256' title='bbox 2885 955 3218 1026; x_wconf 86' lang='lat' dir='ltr'><strong><em>Scripturam</em></strong></span> <span class='ocrx_word' id='word_1_257' title='bbox 3246 998 3260 1020; x_wconf 90' lang='lat'><strong><em>,</em></strong></span> <span class='ocrx_word' id='word_1_258' title='bbox 3297 958 3349 1010; x_wconf 90' lang='lat' dir='ltr'><strong><em>in</em></strong></span> 
     </span>
    </p>
   </div>
   <div class='ocr_carea' id='block_1_36' title="bbox 1799 1048 3349 1122">
    <p class='ocr_par' dir='ltr' id='par_1_36' title="bbox 1799 1048 3349 1122">
     <span class='ocr_line' id='line_1_36' title="bbox 1799 1048 3349 1122; baseline -0.003 -17"><span class='ocrx_word' id='word_1_259' title='bbox 1799 1068 1904 1122; x_wconf 90' lang='lat' dir='ltr'><strong><em>qua</em></strong></span> <span class='ocrx_word' id='word_1_260' title='bbox 1935 1053 2050 1106; x_wconf 77' lang='lat' dir='ltr'><strong><em>sita:</em></strong></span> <span class='ocrx_word' id='word_1_261' title='bbox 2096 1059 2408 1105; x_wconf 91' lang='lat' dir='ltr'><strong><em>sanctorum</em></strong></span> <span class='ocrx_word' id='word_1_262' title='bbox 2442 1050 2660 1115; x_wconf 70' lang='lat' dir='ltr'><strong><em>uiritim,</em></strong></span> <span class='ocrx_word' id='word_1_263' title='bbox 2712 1050 2762 1102; x_wconf 88' lang='lat' dir='ltr'><strong><em>id</em></strong></span> <span class='ocrx_word' id='word_1_264' title='bbox 2812 1059 2895 1103; x_wconf 86' lang='lat' dir='ltr'><strong><em>est</em></strong></span> <span class='ocrx_word' id='word_1_265' title='bbox 2941 1048 3349 1117; x_wconf 84' lang='lat' dir='ltr'><strong><em>promissiones.</em></strong></span> 
     </span>
    </p>
   </div>
   <div class='ocr_carea' id='block_1_37' title="bbox 1799 1138 3356 1210">
    <p class='ocr_par' dir='ltr' id='par_1_37' title="bbox 1799 1138 3356 1210">
     <span class='ocr_line' id='line_1_37' title="bbox 1799 1138 3356 1210; baseline -0.001 -17"><span class='ocrx_word' id='word_1_266' title='bbox 1799 1141 2056 1197; x_wconf 81' lang='lat' dir='ltr'><strong><em>Hortatur</em></strong></span> <span class='ocrx_word' id='word_1_267' title='bbox 2085 1152 2264 1195; x_wconf 86' lang='lat' dir='ltr'><strong><em>autem</em></strong></span> <span class='ocrx_word' id='word_1_268' title='bbox 2311 1151 2368 1195; x_wconf 91' lang='lat' dir='ltr'><strong><em>ut</em></strong></span> <span class='ocrx_word' id='word_1_269' title='bbox 2398 1141 2596 1195; x_wconf 75' lang='lat' dir='ltr'><strong><em>divinis</em></strong></span> <span class='ocrx_word' id='word_1_270' title='bbox 2638 1141 2870 1210; x_wconf 83' lang='lat' dir='ltr'><strong><em>eloquiis</em></strong></span> <span class='ocrx_word' id='word_1_271' title='bbox 2903 1153 3112 1208; x_wconf 90' lang='lat' dir='ltr'><strong><em>semper</em></strong></span> <span class='ocrx_word' id='word_1_272' title='bbox 3151 1138 3356 1192; x_wconf 69' lang='lat' dir='ltr'><strong><em>haerea-</em></strong></span> 
     </span>
    </p>
   </div>
   <div class='ocr_carea' id='block_1_38' title="bbox 1801 1230 3356 1302">
    <p class='ocr_par' dir='ltr' id='par_1_38' title="bbox 1801 1230 3356 1302">
     <span class='ocr_line' id='line_1_38' title="bbox 1801 1230 3356 1302; baseline -0.002 -16"><span class='ocrx_word' id='word_1_273' title='bbox 1801 1249 1943 1297; x_wconf 90' lang='lat' dir='ltr'><strong><em>mus,</em></strong></span> <span class='ocrx_word' id='word_1_274' title='bbox 1974 1249 2158 1287; x_wconf 88' lang='lat' dir='ltr'><strong><em>amore</em></strong></span> <span class='ocrx_word' id='word_1_275' title='bbox 2190 1233 2339 1288; x_wconf 90' lang='lat' dir='ltr'><strong><em>ducti</em></strong></span> <span class='ocrx_word' id='word_1_276' title='bbox 2372 1233 2636 1288; x_wconf 84' lang='lat' dir='ltr'><strong><em>bonorum</em></strong></span> <span class='ocrx_word' id='word_1_277' title='bbox 2672 1249 2792 1302; x_wconf 75' lang='lat' dir='ltr'><strong><em>qua:</em></strong></span> <span class='ocrx_word' id='word_1_278' title='bbox 2825 1233 2878 1285; x_wconf 90' lang='lat' dir='ltr'><strong><em>in</em></strong></span> <span class='ocrx_word' id='word_1_279' title='bbox 2911 1232 2990 1286; x_wconf 90' lang='lat' dir='ltr'><strong><em>eis</em></strong></span> <span class='ocrx_word' id='word_1_280' title='bbox 3023 1245 3119 1300; x_wconf 88' lang='lat' dir='ltr'><strong><em>pro</em></strong></span> <span class='ocrx_word' id='word_1_281' title='bbox 3154 1230 3356 1284; x_wconf 88' lang='lat' dir='ltr'><strong><em>sanctis</em></strong></span> 
     </span>
    </p>
   </div>
   <div class='ocr_carea' id='block_1_39' title="bbox 1800 1325 2200 1392">
    <p class='ocr_par' dir='ltr' id='par_1_39' title="bbox 1800 1325 2200 1392">
     <span class='ocr_line' id='line_1_39' title="bbox 1800 1325 2200 1392; baseline 0.003 -14"><span class='ocrx_word' id='word_1_282' title='bbox 1800 1334 1925 1378; x_wconf 87' lang='lat' dir='ltr'><strong><em>sunt</em></strong></span> <span class='ocrx_word' id='word_1_283' title='bbox 1950 1325 2200 1392; x_wconf 88' lang='lat' dir='ltr'><strong><em>reposita.</em></strong></span> 
     </span>
    </p>
   </div>
   <div class='ocr_carea' id='block_1_40' title="bbox 1871 1413 3356 1482">
    <p class='ocr_par' dir='ltr' id='par_1_40' title="bbox 1871 1413 3356 1482">
     <span class='ocr_line' id='line_1_40' title="bbox 1871 1413 3356 1482; baseline -0.003 -14"><span class='ocrx_word' id='word_1_284' title='bbox 1871 1415 1921 1468; x_wconf 87' lang='lat'><strong><em>5.</em></strong></span> <span class='ocrx_word' id='word_1_285' title='bbox 1949 1413 2134 1467; x_wconf 80' lang='lat' dir='ltr'><strong><em>Revela</em></strong></span> <span class='ocrx_word' id='word_1_286' title='bbox 2172 1414 2394 1467; x_wconf 85' lang='lat' dir='ltr'><strong><em>Domino</em></strong></span> <span class='ocrx_word' id='word_1_287' title='bbox 2437 1416 2574 1466; x_wconf 75' lang='lat' dir='ltr'><strong><em>ciam</em></strong></span> <span class='ocrx_word' id='word_1_288' title='bbox 2621 1424 2762 1466; x_wconf 80' lang='lat' dir='ltr'><strong><em>tuam</em></strong></span> <span class='ocrx_word' id='word_1_289' title='bbox 2801 1423 2848 1466; x_wconf 88' lang='lat' dir='ltr'><strong><em>et</em></strong></span> <span class='ocrx_word' id='word_1_290' title='bbox 2890 1429 3040 1482; x_wconf 84' lang='lat' dir='ltr'><strong><em>spera</em></strong></span> <span class='ocrx_word' id='word_1_291' title='bbox 3086 1416 3136 1464; x_wconf 87' lang='lat' dir='ltr'><strong><em>in</em></strong></span> <span class='ocrx_word' id='word_1_292' title='bbox 3177 1429 3266 1471; x_wconf 90' lang='lat' dir='ltr'><strong><em>eo,</em></strong></span> <span class='ocrx_word' id='word_1_293' title='bbox 3307 1421 3356 1464; x_wconf 87' lang='lat' dir='ltr'><strong><em>et</em></strong></span> 
     </span>
    </p>
   </div>
   <div class='ocr_carea' id='block_1_41' title="bbox 1802 1504 3358 1573">
    <p class='ocr_par' dir='ltr' id='par_1_41' title="bbox 1802 1504 3358 1573">
     <span class='ocr_line' id='line_1_41' title="bbox 1802 1504 3358 1573; baseline 0.001 -18"><span class='ocrx_word' id='word_1_294' title='bbox 1802 1504 1910 1572; x_wconf 82' lang='lat' dir='ltr'><strong><em>ipse</em></strong></span> <span class='ocrx_word' id='word_1_295' title='bbox 1946 1505 2125 1572; x_wconf 79' lang='lat' dir='ltr'><strong><em>faciet.</em></strong></span> <span class='ocrx_word' id='word_1_296' title='bbox 2160 1504 2340 1557; x_wconf 83' lang='lat' dir='ltr'><strong><em>Palam</em></strong></span> <span class='ocrx_word' id='word_1_297' title='bbox 2369 1545 2381 1567; x_wconf 93' lang='lat'><strong><em>,</em></strong></span> <span class='ocrx_word' id='word_1_298' title='bbox 2413 1506 2620 1573; x_wconf 84' lang='lat' dir='ltr'><strong><em>inquit,</em></strong></span> <span class='ocrx_word' id='word_1_299' title='bbox 2657 1505 2759 1557; x_wconf 89' lang='lat' dir='ltr'><strong><em>crit</em></strong></span> <span class='ocrx_word' id='word_1_300' title='bbox 2792 1513 2842 1556; x_wconf 89' lang='lat' dir='ltr'><strong><em>te</em></strong></span> <span class='ocrx_word' id='word_1_301' title='bbox 2878 1519 2972 1572; x_wconf 91' lang='lat' dir='ltr'><strong><em>per</em></strong></span> <span class='ocrx_word' id='word_1_302' title='bbox 3001 1513 3274 1573; x_wconf 77' lang='lat' dir='ltr'><strong><em>acceptam</em></strong></span> <span class='ocrx_word' id='word_1_303' title='bbox 3305 1513 3358 1556; x_wconf 91' lang='lat' dir='ltr'><strong><em>ct</em></strong></span> 
     </span>
    </p>
   </div>
   <div class='ocr_carea' id='block_1_42' title="bbox 1803 1596 2624 1668">
    <p class='ocr_par' dir='ltr' id='par_1_42' title="bbox 1803 1596 2624 1668">
     <span class='ocr_line' id='line_1_42' title="bbox 1803 1596 2624 1668; baseline -0.004 -19"><span class='ocrx_word' id='word_1_304' title='bbox 1803 1606 2010 1668; x_wconf 73' lang='lat' dir='ltr'><strong><em>gratam</em></strong></span> <span class='ocrx_word' id='word_1_305' title='bbox 2041 1597 2142 1666; x_wconf 88' lang='lat' dir='ltr'><strong><em>ipsi</em></strong></span> <span class='ocrx_word' id='word_1_306' title='bbox 2177 1597 2319 1649; x_wconf 72' lang='lat' dir='ltr'><strong><em>riam</em></strong></span> <span class='ocrx_word' id='word_1_307' title='bbox 2357 1596 2624 1649; x_wconf 82' lang='lat' dir='ltr'><strong><em>incedere.</em></strong></span> 
     </span>
    </p>
   </div>
   <div class='ocr_carea' id='block_1_43' title="bbox 1873 1681 3360 1753">
    <p class='ocr_par' dir='ltr' id='par_1_43' title="bbox 1873 1681 3360 1753">
     <span class='ocr_line' id='line_1_43' title="bbox 1873 1681 3360 1753; baseline -0.003 -13"><span class='ocrx_word' id='word_1_308' title='bbox 1873 1689 1924 1740; x_wconf 84' lang='grc'><strong><em>6.</em></strong></span> <span class='ocrx_word' id='word_1_309' title='bbox 1967 1684 2032 1738; x_wconf 81' lang='lat' dir='ltr'><strong><em>Et</em></strong></span> <span class='ocrx_word' id='word_1_310' title='bbox 2061 1685 2242 1739; x_wconf 84' lang='lat' dir='ltr'><strong><em>educet</em></strong></span> <span class='ocrx_word' id='word_1_311' title='bbox 2270 1684 2419 1753; x_wconf 81' lang='lat' dir='ltr'><strong><em>quasi</em></strong></span> <span class='ocrx_word' id='word_1_312' title='bbox 2455 1685 2625 1738; x_wconf 85' lang='lat' dir='ltr'><strong><em>lumen</em></strong></span> <span class='ocrx_word' id='word_1_313' title='bbox 2673 1687 2934 1746; x_wconf 83' lang='lat' dir='ltr'><strong><em>iustitiam</em></strong></span> <span class='ocrx_word' id='word_1_314' title='bbox 2975 1694 3138 1739; x_wconf 85' lang='lat' dir='ltr'><strong><em>tuam.</em></strong></span> <span class='ocrx_word' id='word_1_315' title='bbox 3189 1681 3360 1736; x_wconf 66' lang='lat' dir='ltr'><strong><em>Mini-</em></strong></span> 
     </span>
    </p>
   </div>
   <div class='ocr_carea' id='block_1_44' title="bbox 1807 1775 3362 1845">
    <p class='ocr_par' dir='ltr' id='par_1_44' title="bbox 1807 1775 3362 1845">
     <span class='ocr_line' id='line_1_44' title="bbox 1807 1775 3362 1845; baseline -0.002 -13"><span class='ocrx_word' id='word_1_316' title='bbox 1807 1779 1999 1833; x_wconf 87' lang='lat' dir='ltr'><strong><em>l&#39;estum</em></strong></span> <span class='ocrx_word' id='word_1_317' title='bbox 2050 1777 2193 1832; x_wconf 89' lang='lat' dir='ltr'><strong><em>enim</em></strong></span> <span class='ocrx_word' id='word_1_318' title='bbox 2239 1787 2320 1831; x_wconf 84' lang='lat' dir='ltr'><strong><em>est</em></strong></span> <span class='ocrx_word' id='word_1_319' title='bbox 2365 1778 2507 1845; x_wconf 85' lang='lat' dir='ltr'><strong><em>quod</em></strong></span> <span class='ocrx_word' id='word_1_320' title='bbox 2552 1777 2603 1830; x_wconf 92' lang='lat' dir='ltr'><strong><em>in</em></strong></span> <span class='ocrx_word' id='word_1_321' title='bbox 2649 1777 2830 1831; x_wconf 72' lang='lat' dir='ltr'><strong><em>futuro</em></strong></span> <span class='ocrx_word' id='word_1_322' title='bbox 2872 1778 3106 1838; x_wconf 66' lang='lat' dir='ltr'><strong><em>sarculo,</em></strong></span> <span class='ocrx_word' id='word_1_323' title='bbox 3142 1786 3200 1829; x_wconf 86' lang='grc' dir='ltr'><strong><em>ιιι</em></strong></span> <span class='ocrx_word' id='word_1_324' title='bbox 3247 1775 3362 1844; x_wconf 86' lang='lat' dir='ltr'><strong><em>ipse</em></strong></span> 
     </span>
    </p>
   </div>
   <div class='ocr_carea' id='block_1_45' title="bbox 1807 1866 3357 1940">
    <p class='ocr_par' dir='ltr' id='par_1_45' title="bbox 1807 1866 3357 1940">
     <span class='ocr_line' id='line_1_45' title="bbox 1807 1866 3357 1940; baseline -0.003 -17"><span class='ocrx_word' id='word_1_325' title='bbox 1807 1870 2068 1924; x_wconf 89' lang='lat' dir='ltr'><strong><em>Dominus</em></strong></span> <span class='ocrx_word' id='word_1_326' title='bbox 2099 1871 2226 1924; x_wconf 89' lang='lat' dir='ltr'><strong><em>dicit</em></strong></span> <span class='ocrx_word' id='word_1_327' title='bbox 2253 1870 2320 1932; x_wconf 67' lang='grc'><strong><em>⁸⁸,</em></strong></span> <span class='ocrx_word' id='word_1_328' title='bbox 2358 1869 2494 1938; x_wconf 81' lang='lat' dir='ltr'><strong><em>justi</em></strong></span> <span class='ocrx_word' id='word_1_329' title='bbox 2529 1869 2791 1940; x_wconf 81' lang='lat' dir='ltr'><strong><em>fulgebunt</em></strong></span> <span class='ocrx_word' id='word_1_330' title='bbox 2828 1871 2962 1922; x_wconf 79' lang='lat' dir='ltr'><strong><em>sicut</em></strong></span> <span class='ocrx_word' id='word_1_331' title='bbox 3003 1868 3101 1921; x_wconf 86' lang='lat' dir='ltr'><strong><em>sol.</em></strong></span> <span class='ocrx_word' id='word_1_332' title='bbox 3154 1866 3357 1920; x_wconf 88' lang='lat' dir='ltr'><strong><em>Lumen</em></strong></span> 
     </span>
    </p>
   </div>
   <div class='ocr_carea' id='block_1_46' title="bbox 1804 1957 3364 2031">
    <p class='ocr_par' dir='ltr' id='par_1_46' title="bbox 1804 1957 3364 2031">
     <span class='ocr_line' id='line_1_46' title="bbox 1804 1957 3364 2031; baseline -0.004 -14"><span class='ocrx_word' id='word_1_333' title='bbox 1804 1973 1982 2017; x_wconf 87' lang='lat' dir='ltr'><strong><em>autem</em></strong></span> <span class='ocrx_word' id='word_1_334' title='bbox 2011 1962 2256 2031; x_wconf 71' lang='lat' dir='ltr'><strong><em>jnstitim,</em></strong></span> <span class='ocrx_word' id='word_1_335' title='bbox 2285 1963 2550 2031; x_wconf 78' lang='lat' dir='ltr'><strong><em>cognitio;</em></strong></span> <span class='ocrx_word' id='word_1_336' title='bbox 2577 1961 3011 2031; x_wconf 86' lang='lat' dir='ltr'><strong><em>quandoquidem</em></strong></span> <span class='ocrx_word' id='word_1_337' title='bbox 3039 1957 3247 2028; x_wconf 72' lang='lat' dir='ltr'><strong><em>jnsdtia</em></strong></span> <span class='ocrx_word' id='word_1_338' title='bbox 3279 1973 3364 2011; x_wconf 89' lang='lat' dir='ltr'><strong><em>re-</em></strong></span> 
     </span>
    </p>
   </div>
   <div class='ocr_carea' id='block_1_47' title="bbox 1804 2053 3361 2125">
    <p class='ocr_par' dir='ltr' id='par_1_47' title="bbox 1804 2053 3361 2125">
     <span class='ocr_line' id='line_1_47' title="bbox 1804 2053 3361 2125; baseline -0.003 -17"><span class='ocrx_word' id='word_1_339' title='bbox 1804 2055 1924 2125; x_wconf 77' lang='lat' dir='ltr'><strong><em>gula</em></strong></span> <span class='ocrx_word' id='word_1_340' title='bbox 1958 2056 2216 2107; x_wconf 71' lang='lat' dir='ltr'><strong><em>virtutum</em></strong></span> <span class='ocrx_word' id='word_1_341' title='bbox 2241 2064 2340 2106; x_wconf 85' lang='lat' dir='ltr'><strong><em>est.</em></strong></span> <span class='ocrx_word' id='word_1_342' title='bbox 2384 2053 2447 2106; x_wconf 85' lang='lat' dir='ltr'><strong><em>Et</em></strong></span> <span class='ocrx_word' id='word_1_343' title='bbox 2474 2055 2740 2122; x_wconf 75' lang='lat' dir='ltr'><strong><em>judicium</em></strong></span> <span class='ocrx_word' id='word_1_344' title='bbox 2785 2065 2931 2106; x_wconf 86' lang='lat' dir='ltr'><strong><em>tuum</em></strong></span> <span class='ocrx_word' id='word_1_345' title='bbox 2968 2063 3218 2123; x_wconf 86' lang='lat' dir='ltr'><strong><em>tanquam</em></strong></span> <span class='ocrx_word' id='word_1_346' title='bbox 3252 2067 3361 2104; x_wconf 84' lang='lat' dir='ltr'><strong><em>ms-</em></strong></span> 
     </span>
    </p>
   </div>
   <div class='ocr_carea' id='block_1_48' title="bbox 1804 2141 3218 2212">
    <p class='ocr_par' dir='ltr' id='par_1_48' title="bbox 1804 2141 3218 2212">
     <span class='ocr_line' id='line_1_48' title="bbox 1804 2141 3218 2212; baseline -0.003 -15"><span class='ocrx_word' id='word_1_347' title='bbox 1804 2146 2008 2198; x_wconf 85' lang='lat' dir='ltr'><strong><em>ridiem.</em></strong></span> <span class='ocrx_word' id='word_1_348' title='bbox 2039 2143 2094 2197; x_wconf 90' lang='lat' dir='ltr'><strong><em>ld</em></strong></span> <span class='ocrx_word' id='word_1_349' title='bbox 2117 2154 2220 2209; x_wconf 86' lang='lat' dir='ltr'><strong><em>est,</em></strong></span> <span class='ocrx_word' id='word_1_350' title='bbox 2254 2141 2331 2195; x_wconf 87' lang='lat' dir='ltr'><strong><em>Te</em></strong></span> <span class='ocrx_word' id='word_1_351' title='bbox 2362 2142 2584 2212; x_wconf 79' lang='lat' dir='ltr'><strong><em>dignum</em></strong></span> <span class='ocrx_word' id='word_1_352' title='bbox 2620 2144 2756 2197; x_wconf 88' lang='lat' dir='ltr'><strong><em>lucis</em></strong></span> <span class='ocrx_word' id='word_1_353' title='bbox 2782 2143 3048 2212; x_wconf 86' lang='lat' dir='ltr'><strong><em>judicabit</em></strong></span> <span class='ocrx_word' id='word_1_354' title='bbox 3079 2156 3218 2194; x_wconf 82' lang='lat' dir='ltr'><strong><em>esse.</em></strong></span> 
     </span>
    </p>
   </div>
   <div class='ocr_carea' id='block_1_49' title="bbox 1876 2233 3361 2305">
    <p class='ocr_par' dir='ltr' id='par_1_49' title="bbox 1876 2233 3361 2305">
     <span class='ocr_line' id='line_1_49' title="bbox 1876 2233 3361 2305; baseline -0.005 -14"><span class='ocrx_word' id='word_1_355' title='bbox 1876 2237 2021 2292; x_wconf 87' lang='lat' dir='ltr'><strong><em>Dan.</em></strong></span> <span class='ocrx_word' id='word_1_356' title='bbox 2052 2235 2214 2290; x_wconf 85' lang='lat' dir='ltr'><strong><em>Barb.</em></strong></span> <span class='ocrx_word' id='word_1_357' title='bbox 2236 2251 2254 2289; x_wconf 92' lang='lat'><strong><em>:</em></strong></span> <span class='ocrx_word' id='word_1_358' title='bbox 2274 2234 2338 2289; x_wconf 79' lang='lat' dir='ltr'><strong><em>Et</em></strong></span> <span class='ocrx_word' id='word_1_359' title='bbox 2363 2237 2469 2305; x_wconf 87' lang='lat' dir='ltr'><strong><em>ipse</em></strong></span> <span class='ocrx_word' id='word_1_360' title='bbox 2486 2236 2664 2304; x_wconf 80' lang='lat' dir='ltr'><strong><em>faciet.</em></strong></span> <span class='ocrx_word' id='word_1_361' title='bbox 2688 2234 2809 2298; x_wconf 85' lang='lat' dir='ltr'><strong><em>Ubi,</em></strong></span> <span class='ocrx_word' id='word_1_362' title='bbox 2841 2233 3034 2304; x_wconf 84' lang='lat' dir='ltr'><strong><em>inquit,</em></strong></span> <span class='ocrx_word' id='word_1_363' title='bbox 3059 2235 3111 2286; x_wconf 90' lang='lat' dir='ltr'><strong><em>in</em></strong></span> <span class='ocrx_word' id='word_1_364' title='bbox 3138 2246 3204 2286; x_wconf 90' lang='lat' dir='ltr'><strong><em>eo</em></strong></span> <span class='ocrx_word' id='word_1_365' title='bbox 3235 2245 3361 2300; x_wconf 83' lang='lat' dir='ltr'><strong><em>spe-</em></strong></span> 
     </span>
    </p>
   </div>
   <div class='ocr_carea' id='block_1_50' title="bbox 1806 2322 3362 2398">
    <p class='ocr_par' dir='ltr' id='par_1_50' title="bbox 1806 2322 3362 2398">
     <span class='ocr_line' id='line_1_50' title="bbox 1806 2322 3362 2398; baseline -0.008 -12"><span class='ocrx_word' id='word_1_366' title='bbox 1806 2331 2028 2396; x_wconf 82' lang='lat' dir='ltr'><strong><em>raveris,</em></strong></span> <span class='ocrx_word' id='word_1_367' title='bbox 2059 2339 2186 2383; x_wconf 90' lang='lat' dir='ltr'><strong><em>tunc</em></strong></span> <span class='ocrx_word' id='word_1_368' title='bbox 2233 2329 2347 2398; x_wconf 90' lang='lat' dir='ltr'><strong><em>ipse</em></strong></span> <span class='ocrx_word' id='word_1_369' title='bbox 2397 2326 2575 2382; x_wconf 80' lang='lat' dir='ltr'><strong><em>faciet.</em></strong></span> <span class='ocrx_word' id='word_1_370' title='bbox 2612 2327 2714 2382; x_wconf 86' lang='lat' dir='ltr'><strong><em>Sed</em></strong></span> <span class='ocrx_word' id='word_1_371' title='bbox 2748 2327 2892 2397; x_wconf 87' lang='lat' dir='ltr'><strong><em>.quid</em></strong></span> <span class='ocrx_word' id='word_1_372' title='bbox 2936 2325 3096 2378; x_wconf 84' lang='lat' dir='ltr'><strong><em>faciet</em></strong></span> <span class='ocrx_word' id='word_1_373' title='bbox 3128 2322 3362 2378; x_wconf 84' lang='lat' dir='ltr'><strong><em>ostendit</em></strong></span> 
     </span>
    </p>
   </div>
   <div class='ocr_carea' id='block_1_51' title="bbox 1807 2416 3360 2486">
    <p class='ocr_par' dir='ltr' id='par_1_51' title="bbox 1807 2416 3360 2486">
     <span class='ocr_line' id='line_1_51' title="bbox 1807 2416 3360 2486; baseline -0.007 -11"><span class='ocrx_word' id='word_1_374' title='bbox 1807 2420 2040 2475; x_wconf 80' lang='lat' dir='ltr'><strong><em>inferens</em></strong></span> <span class='ocrx_word' id='word_1_375' title='bbox 2077 2438 2089 2473; x_wconf 92' lang='lat'>:</span> <span class='ocrx_word' id='word_1_376' title='bbox 2133 2421 2197 2471; x_wconf 80' lang='lat' dir='ltr'><strong><em>Et</em></strong></span> <span class='ocrx_word' id='word_1_377' title='bbox 2228 2417 2407 2470; x_wconf 82' lang='lat' dir='ltr'><strong><em>educet</em></strong></span> <span class='ocrx_word' id='word_1_378' title='bbox 2437 2418 2590 2486; x_wconf 85' lang='lat' dir='ltr'><strong><em>quasi</em></strong></span> <span class='ocrx_word' id='word_1_379' title='bbox 2631 2418 2800 2469; x_wconf 82' lang='lat' dir='ltr'><strong><em>lumen</em></strong></span> <span class='ocrx_word' id='word_1_380' title='bbox 2836 2416 3104 2486; x_wconf 77' lang='lat' dir='ltr'><strong><em>justitiam</em></strong></span> <span class='ocrx_word' id='word_1_381' title='bbox 3135 2425 3280 2468; x_wconf 83' lang='lat' dir='ltr'><strong><em>tuam</em></strong></span> <span class='ocrx_word' id='word_1_382' title='bbox 3313 2423 3360 2465; x_wconf 78' lang='lat' dir='ltr'><strong><em>et</em></strong></span> 
     </span>
    </p>
   </div>
   <div class='ocr_carea' id='block_1_52' title="bbox 1797 2503 3365 2582">
    <p class='ocr_par' dir='ltr' id='par_1_52' title="bbox 1797 2503 3365 2582">
     <span class='ocr_line' id='line_1_52' title="bbox 1797 2503 3365 2582; baseline -0.006 -16"><span class='ocrx_word' id='word_1_383' title='bbox 1797 2513 2060 2582; x_wconf 83' lang='lat' dir='ltr'><strong><em>judicium</em></strong></span> <span class='ocrx_word' id='word_1_384' title='bbox 2106 2519 2251 2562; x_wconf 87' lang='lat' dir='ltr'><strong><em>tuum</em></strong></span> <span class='ocrx_word' id='word_1_385' title='bbox 2292 2518 2541 2578; x_wconf 85' lang='lat' dir='ltr'><strong><em>tanquam</em></strong></span> <span class='ocrx_word' id='word_1_386' title='bbox 2580 2509 2867 2561; x_wconf 81' lang='lat' dir='ltr'><strong><em>meridiem.</em></strong></span> <span class='ocrx_word' id='word_1_387' title='bbox 2900 2506 3037 2560; x_wconf 83' lang='lat' dir='ltr'><strong><em>Tum</em></strong></span> <span class='ocrx_word' id='word_1_388' title='bbox 3070 2520 3198 2561; x_wconf 74' lang='lat' dir='ltr'><strong><em>vero</em></strong></span> <span class='ocrx_word' id='word_1_389' title='bbox 3232 2503 3365 2559; x_wconf 88' lang='lat' dir='ltr'><strong><em>edu-</em></strong></span> 
     </span>
    </p>
   </div>
   <div class='ocr_carea' id='block_1_53' title="bbox 1806 2597 3362 2672">
    <p class='ocr_par' dir='ltr' id='par_1_53' title="bbox 1806 2597 3362 2672">
     <span class='ocr_line' id='line_1_53' title="bbox 1806 2597 3362 2672; baseline -0.007 -13"><span class='ocrx_word' id='word_1_390' title='bbox 1806 2613 1910 2667; x_wconf 85' lang='lat' dir='ltr'><strong><em>cet,</em></strong></span> <span class='ocrx_word' id='word_1_391' title='bbox 1941 2604 2136 2672; x_wconf 83' lang='lat' dir='ltr'><strong><em>inquit,</em></strong></span> <span class='ocrx_word' id='word_1_392' title='bbox 2167 2615 2284 2669; x_wconf 90' lang='lat' dir='ltr'><strong><em>pro,</em></strong></span> <span class='ocrx_word' id='word_1_393' title='bbox 2317 2601 2664 2654; x_wconf 80' lang='lat' dir='ltr'><strong><em>manifestum</em></strong></span> <span class='ocrx_word' id='word_1_394' title='bbox 2710 2600 2927 2666; x_wconf 83' lang='lat' dir='ltr'><strong><em>reddet,</em></strong></span> <span class='ocrx_word' id='word_1_395' title='bbox 2959 2609 3010 2654; x_wconf 91' lang='lat' dir='ltr'><strong><em>et</em></strong></span> <span class='ocrx_word' id='word_1_396' title='bbox 3039 2597 3195 2668; x_wconf 88' lang='lat' dir='ltr'><strong><em>quasi</em></strong></span> <span class='ocrx_word' id='word_1_397' title='bbox 3227 2611 3362 2652; x_wconf 83' lang='lat' dir='ltr'><strong><em>con-</em></strong></span> 
     </span>
    </p>
   </div>
   <div class='ocr_carea' id='block_1_54' title="bbox 1807 2689 3365 2763">
    <p class='ocr_par' dir='ltr' id='par_1_54' title="bbox 1807 2689 3365 2763">
     <span class='ocr_line' id='line_1_54' title="bbox 1807 2689 3365 2763; baseline -0.005 -15"><span class='ocrx_word' id='word_1_398' title='bbox 1807 2695 2054 2763; x_wconf 84' lang='lat' dir='ltr'><strong><em>spicuum</em></strong></span> <span class='ocrx_word' id='word_1_399' title='bbox 2088 2693 2417 2755; x_wconf 85' lang='lat' dir='ltr'><strong><em>declarabit,</em></strong></span> <span class='ocrx_word' id='word_1_400' title='bbox 2453 2708 2558 2744; x_wconf 90' lang='lat' dir='ltr'><strong><em>non</em></strong></span> <span class='ocrx_word' id='word_1_401' title='bbox 2609 2691 2924 2760; x_wconf 81' lang='lat' dir='ltr'><strong><em>permittens</em></strong></span> <span class='ocrx_word' id='word_1_402' title='bbox 2969 2690 3207 2744; x_wconf 77' lang='lat' dir='ltr'><strong><em>honesta:</em></strong></span> <span class='ocrx_word' id='word_1_403' title='bbox 3243 2689 3365 2741; x_wconf 65' lang='lat' dir='ltr'><strong><em>vita</em></strong></span> 
     </span>
    </p>
   </div>
   <div class='ocr_carea' id='block_1_55' title="bbox 1807 2779 3366 2853">
    <p class='ocr_par' dir='ltr' id='par_1_55' title="bbox 1807 2779 3366 2853">
     <span class='ocr_line' id='line_1_55' title="bbox 1807 2779 3366 2853; baseline -0.004 -15"><span class='ocrx_word' id='word_1_404' title='bbox 1807 2785 2054 2838; x_wconf 85' lang='lat' dir='ltr'><strong><em>decorem</em></strong></span> <span class='ocrx_word' id='word_1_405' title='bbox 2079 2791 2132 2837; x_wconf 91' lang='lat' dir='ltr'><strong><em>et</em></strong></span> <span class='ocrx_word' id='word_1_406' title='bbox 2165 2783 2615 2853; x_wconf 84' lang='lat' dir='ltr'><strong><em>pulchritudinem</em></strong></span> <span class='ocrx_word' id='word_1_407' title='bbox 2639 2783 2822 2836; x_wconf 85' lang='lat' dir='ltr'><strong><em>latere.</em></strong></span> <span class='ocrx_word' id='word_1_408' title='bbox 2845 2779 3130 2836; x_wconf 33' lang='lat' dir='ltr'><strong><em>Erit&#39;enim</em></strong></span> <span class='ocrx_word' id='word_1_409' title='bbox 3155 2779 3366 2850; x_wconf 88' lang='lat' dir='ltr'><strong><em>justitia</em></strong></span> 
     </span>
    </p>
   </div>
   <div class='ocr_carea' id='block_1_56' title="bbox 1809 2871 3365 2945">
    <p class='ocr_par' dir='ltr' id='par_1_56' title="bbox 1809 2871 3365 2945">
     <span class='ocr_line' id='line_1_56' title="bbox 1809 2871 3365 2945; baseline -0.003 -15"><span class='ocrx_word' id='word_1_410' title='bbox 1809 2885 1900 2930; x_wconf 89' lang='lat' dir='ltr'><strong><em>tua</em></strong></span> <span class='ocrx_word' id='word_1_411' title='bbox 1931 2887 2185 2945; x_wconf 85' lang='lat' dir='ltr'><strong><em>tanquam</em></strong></span> <span class='ocrx_word' id='word_1_412' title='bbox 2217 2876 2398 2930; x_wconf 91' lang='lat' dir='ltr'><strong><em>lumen</em></strong></span> <span class='ocrx_word' id='word_1_413' title='bbox 2425 2873 2678 2928; x_wconf 78' lang='lat' dir='ltr'><strong><em>omnibus</em></strong></span> <span class='ocrx_word' id='word_1_414' title='bbox 2709 2871 2992 2927; x_wconf 79' lang='lat' dir='ltr'><strong><em>manifesta</em></strong></span> <span class='ocrx_word' id='word_1_415' title='bbox 3015 2914 3028 2938; x_wconf 92' lang='lat'><strong><em>,</em></strong></span> <span class='ocrx_word' id='word_1_416' title='bbox 3070 2873 3365 2927; x_wconf 90' lang='lat' dir='ltr'><strong><em>meridiana</em></strong></span> 
     </span>
    </p>
   </div>
   <div class='ocr_carea' id='block_1_57' title="bbox 1810 2963 3364 3039">
    <p class='ocr_par' dir='ltr' id='par_1_57' title="bbox 1810 2963 3364 3039">
     <span class='ocr_line' id='line_1_57' title="bbox 1810 2963 3364 3039; baseline -0.003 -17"><span class='ocrx_word' id='word_1_417' title='bbox 1810 2970 1929 3023; x_wconf 87' lang='lat' dir='ltr'><strong><em>luce</em></strong></span> <span class='ocrx_word' id='word_1_418' title='bbox 1974 2967 2322 3039; x_wconf 86' lang='lat' dir='ltr'><strong><em>splendidior.</em></strong></span> <span class='ocrx_word' id='word_1_419' title='bbox 2366 2965 2618 3020; x_wconf 80' lang='lat' dir='ltr'><strong><em>Meridies</em></strong></span> <span class='ocrx_word' id='word_1_420' title='bbox 2678 2966 2782 3019; x_wconf 89' lang='lat' dir='ltr'><strong><em>dici</em></strong></span> <span class='ocrx_word' id='word_1_421' title='bbox 2821 2965 3102 3018; x_wconf 89' lang='lat' dir='ltr'><strong><em>dimidium</em></strong></span> <span class='ocrx_word' id='word_1_422' title='bbox 3147 2963 3364 3020; x_wconf 64' lang='lat' dir='ltr'><strong><em>dicitur.</em></strong></span> 
     </span>
    </p>
   </div>
   <div class='ocr_carea' id='block_1_58' title="bbox 1809 3053 3368 3126">
    <p class='ocr_par' dir='ltr' id='par_1_58' title="bbox 1809 3053 3368 3126">
     <span class='ocr_line' id='line_1_58' title="bbox 1809 3053 3368 3126; baseline -0.003 -14"><span class='ocrx_word' id='word_1_423' title='bbox 1809 3057 1926 3113; x_wconf 74' lang='lat' dir='ltr'><strong><em>Non</em></strong></span> <span class='ocrx_word' id='word_1_424' title='bbox 1962 3060 2143 3123; x_wconf 88' lang='lat' dir='ltr'><strong><em>modo,</em></strong></span> <span class='ocrx_word' id='word_1_425' title='bbox 2171 3059 2366 3126; x_wconf 89' lang='lat' dir='ltr'><strong><em>inquit,</em></strong></span> <span class='ocrx_word' id='word_1_426' title='bbox 2399 3057 2746 3112; x_wconf 75' lang='lat' dir='ltr'><strong><em>c0ntitentem</em></strong></span> <span class='ocrx_word' id='word_1_427' title='bbox 2785 3054 3064 3124; x_wconf 82' lang='lat' dir='ltr'><strong><em>justillcat,</em></strong></span> <span class='ocrx_word' id='word_1_428' title='bbox 3099 3062 3152 3108; x_wconf 89' lang='lat' dir='ltr'><strong><em>et</em></strong></span> <span class='ocrx_word' id='word_1_429' title='bbox 3178 3053 3227 3107; x_wconf 91' lang='lat' dir='ltr'><strong><em>ei</em></strong></span> <span class='ocrx_word' id='word_1_430' title='bbox 3257 3053 3368 3108; x_wconf 82' lang='lat' dir='ltr'><strong><em>cle-</em></strong></span> 
     </span>
    </p>
   </div>
   <div class='ocr_carea' id='block_1_59' title="bbox 1812 3144 3367 3219">
    <p class='ocr_par' dir='ltr' id='par_1_59' title="bbox 1812 3144 3367 3219">
     <span class='ocr_line' id='line_1_59' title="bbox 1812 3144 3367 3219; baseline -0.005 -14"><span class='ocrx_word' id='word_1_431' title='bbox 1812 3158 2020 3206; x_wconf 89' lang='lat' dir='ltr'><strong><em>menter</em></strong></span> <span class='ocrx_word' id='word_1_432' title='bbox 2062 3150 2365 3219; x_wconf 89' lang='lat' dir='ltr'><strong><em>adjudicat,</em></strong></span> <span class='ocrx_word' id='word_1_433' title='bbox 2407 3164 2595 3202; x_wconf 75' lang='lat' dir='ltr'><strong><em>verum</em></strong></span> <span class='ocrx_word' id='word_1_434' title='bbox 2639 3149 2800 3201; x_wconf 85' lang='lat' dir='ltr'><strong><em>etiam</em></strong></span> <span class='ocrx_word' id='word_1_435' title='bbox 2837 3146 3104 3215; x_wconf 88' lang='lat' dir='ltr'><strong><em>justitiam</em></strong></span> <span class='ocrx_word' id='word_1_436' title='bbox 3145 3144 3264 3214; x_wconf 86' lang='lat' dir='ltr'><strong><em>ejus</em></strong></span> <span class='ocrx_word' id='word_1_437' title='bbox 3313 3145 3367 3198; x_wconf 90' lang='lat' dir='ltr'><strong><em>in</em></strong></span> 
     </span>
    </p>
   </div>
   <div class='ocr_carea' id='block_1_60' title="bbox 166 3233 1712 3320">
    <p class='ocr_par' dir='ltr' id='par_1_60' title="bbox 166 3233 1711 3306">
     <span class='ocr_line' id='line_1_60' title="bbox 166 3233 1711 3306; baseline -0.001 -19"><span class='ocrx_word' id='word_1_438' title='bbox 166 3247 321 3300; x_wconf 76' lang='grc' dir='ltr'>τητος,</span> <span class='ocrx_word' id='word_1_439' title='bbox 346 3233 478 3287; x_wconf 83' lang='grc' dir='ltr'><strong><em>ἀλλά</em></strong></span> <span class='ocrx_word' id='word_1_440' title='bbox 507 3234 603 3287; x_wconf 79' lang='grc' dir='ltr'>καὶ</span> <span class='ocrx_word' id='word_1_441' title='bbox 628 3237 706 3298; x_wconf 88' lang='grc' dir='ltr'><strong><em>είς</em></strong></span> <span class='ocrx_word' id='word_1_442' title='bbox 727 3234 840 3304; x_wconf 76' lang='grc' dir='ltr'><strong><em>φῶς</em></strong></span> <span class='ocrx_word' id='word_1_443' title='bbox 873 3235 1036 3288; x_wconf 79' lang='grc' dir='ltr'>αὑτοῦ</span> <span class='ocrx_word' id='word_1_444' title='bbox 1070 3236 1367 3306; x_wconf 83' lang='grc' dir='ltr'>προσφέρει</span> <span class='ocrx_word' id='word_1_445' title='bbox 1392 3236 1490 3305; x_wconf 83' lang='grc' dir='ltr'>τὴν</span> <span class='ocrx_word' id='word_1_446' title='bbox 1516 3235 1711 3288; x_wconf 91' lang='grc' dir='ltr'>δικαιο-</span> 
     </span>
    </p>
   </div>
   <div class='ocr_carea' id='block_1_61' title="bbox 1811 3233 3367 3320">
    <p class='ocr_par' dir='ltr' id='par_1_61' title="bbox 1812 3235 3367 3310">
     <span class='ocr_line' id='line_1_61' title="bbox 1812 3235 3367 3310; baseline -0.005 -16"><span class='ocrx_word' id='word_1_447' title='bbox 1812 3249 1997 3310; x_wconf 88' lang='lat' dir='ltr'><strong><em>aperto</em></strong></span> <span class='ocrx_word' id='word_1_448' title='bbox 2013 3242 2180 3310; x_wconf 89' lang='lat' dir='ltr'><strong><em>ponit,</em></strong></span> <span class='ocrx_word' id='word_1_449' title='bbox 2207 3239 2310 3294; x_wconf 88' lang='lat' dir='ltr'><strong><em>hoc</em></strong></span> <span class='ocrx_word' id='word_1_450' title='bbox 2331 3249 2433 3304; x_wconf 87' lang='lat' dir='ltr'><strong><em>est,</em></strong></span> <span class='ocrx_word' id='word_1_451' title='bbox 2471 3247 2658 3293; x_wconf 88' lang='lat' dir='ltr'><strong><em>notum</em></strong></span> <span class='ocrx_word' id='word_1_452' title='bbox 2688 3236 2944 3290; x_wconf 88' lang='lat' dir='ltr'><strong><em>omnibus</em></strong></span> <span class='ocrx_word' id='word_1_453' title='bbox 2972 3235 3102 3290; x_wconf 79' lang='lat' dir='ltr'><strong><em>facit</em></strong></span> <span class='ocrx_word' id='word_1_454' title='bbox 3129 3250 3188 3290; x_wconf 88' lang='lat' dir='ltr'><strong><em>se</em></strong></span> <span class='ocrx_word' id='word_1_455' title='bbox 3216 3235 3367 3289; x_wconf 86' lang='lat' dir='ltr'><strong><em>illum</em></strong></span> 
     </span>
    </p>
   </div>
   <div class='ocr_carea' id='block_1_62' title="bbox 167 3322 1712 3404">
    <p class='ocr_par' dir='ltr' id='par_1_62' title="bbox 167 3322 1709 3397">
     <span class='ocr_line' id='line_1_62' title="bbox 167 3322 1709 3397; baseline 0.003 -23"><span class='ocrx_word' id='word_1_456' title='bbox 167 3322 311 3393; x_wconf 81' lang='grc' dir='ltr'>σύνην</span> <span class='ocrx_word' id='word_1_457' title='bbox 385 3327 631 3379; x_wconf 77' lang='grc' dir='ltr'><strong><em>τουτέστι</em></strong></span> <span class='ocrx_word' id='word_1_458' title='bbox 662 3325 913 3397; x_wconf 73' lang='grc' dir='ltr'>γνωρίζει</span> <span class='ocrx_word' id='word_1_459' title='bbox 958 3328 1123 3379; x_wconf 78' lang='grc' dir='ltr'>πᾶσιν</span> <span class='ocrx_word' id='word_1_460' title='bbox 1143 3365 1156 3387; x_wconf 86' lang='grc'><strong><em>,</em></strong></span> <span class='ocrx_word' id='word_1_461' title='bbox 1192 3327 1385 3397; x_wconf 80' lang='grc' dir='ltr'>ὅτιπερ</span> <span class='ocrx_word' id='word_1_462' title='bbox 1411 3326 1570 3378; x_wconf 84' lang='grc' dir='ltr'>αὐτὸν</span> <span class='ocrx_word' id='word_1_463' title='bbox 1603 3325 1709 3380; x_wconf 74' lang='grc' dir='ltr'>ὲδι-</span> 
     </span>
    </p>
   </div>
   <div class='ocr_carea' id='block_1_63' title="bbox 1811 3322 3368 3404">
    <p class='ocr_par' dir='ltr' id='par_1_63' title="bbox 1811 3328 3368 3404">
     <span class='ocr_line' id='line_1_63' title="bbox 1811 3328 3368 3404; baseline -0.004 -19"><span class='ocrx_word' id='word_1_464' title='bbox 1811 3333 2158 3404; x_wconf 82' lang='lat' dir='ltr'><strong><em>justilicasse.</em></strong></span> <span class='ocrx_word' id='word_1_465' title='bbox 2183 3333 2499 3401; x_wconf 77' lang='lat' dir='ltr'><strong><em>Cujusmodi</em></strong></span> <span class='ocrx_word' id='word_1_466' title='bbox 2534 3331 2632 3385; x_wconf 84' lang='lat' dir='ltr'><strong><em>fuit</em></strong></span> <span class='ocrx_word' id='word_1_467' title='bbox 2659 3331 2815 3396; x_wconf 81' lang='lat' dir='ltr'><strong><em>latro,</em></strong></span> <span class='ocrx_word' id='word_1_468' title='bbox 2847 3329 3004 3400; x_wconf 84' lang='lat' dir='ltr'><strong><em>cujus</em></strong></span> <span class='ocrx_word' id='word_1_469' title='bbox 3025 3328 3288 3398; x_wconf 89' lang='lat' dir='ltr'><strong><em>judicium</em></strong></span> <span class='ocrx_word' id='word_1_470' title='bbox 3315 3328 3368 3380; x_wconf 88' lang='lat' dir='ltr'><strong><em>in</em></strong></span> 
     </span>
    </p>
   </div>
   <div class='ocr_carea' id='block_1_64' title="bbox 167 3410 1713 3488">
    <p class='ocr_par' dir='ltr' id='par_1_64' title="bbox 167 3410 1713 3488">
     <span class='ocr_line' id='line_1_64' title="bbox 167 3410 1713 3488; baseline 0.003 -22"><span class='ocrx_word' id='word_1_471' title='bbox 167 3414 396 3470; x_wconf 70' lang='grc' dir='ltr'>ιαίωσεν.</span> <span class='ocrx_word' id='word_1_472' title='bbox 452 3412 578 3478; x_wconf 73' lang='grc' dir='ltr'>Οἷος</span> <span class='ocrx_word' id='word_1_473' title='bbox 603 3412 670 3484; x_wconf 79' lang='grc' dir='ltr'>ἦν</span> <span class='ocrx_word' id='word_1_474' title='bbox 695 3417 723 3467; x_wconf 87' lang='grc' dir='ltr'>ὁ</span> <span class='ocrx_word' id='word_1_475' title='bbox 753 3415 953 3488; x_wconf 74' lang='grc' dir='ltr'>λῃστὴς</span> <span class='ocrx_word' id='word_1_476' title='bbox 978 3457 992 3481; x_wconf 92' lang='grc'><strong><em>,</em></strong></span> <span class='ocrx_word' id='word_1_477' title='bbox 1023 3410 1084 3470; x_wconf 78' lang='grc' dir='ltr'><strong><em>οὗ</em></strong></span> <span class='ocrx_word' id='word_1_478' title='bbox 1119 3415 1182 3469; x_wconf 81' lang='grc' dir='ltr'>τὸ</span> <span class='ocrx_word' id='word_1_479' title='bbox 1209 3418 1382 3486; x_wconf 80' lang='grc' dir='ltr'>κρῖμα</span> <span class='ocrx_word' id='word_1_480' title='bbox 1411 3418 1467 3468; x_wconf 80' lang='grc' dir='ltr'>ὲν</span> <span class='ocrx_word' id='word_1_481' title='bbox 1503 3433 1713 3487; x_wconf 82' lang='grc' dir='ltr'>μεσημ-</span> 
     </span>
    </p>
   </div>
   <div class='ocr_carea' id='block_1_65' title="bbox 168 3501 1716 3578">
    <p class='ocr_par' dir='ltr' id='par_1_65' title="bbox 168 3501 1716 3578">
     <span class='ocr_line' id='line_1_65' title="bbox 168 3501 1716 3578; baseline 0.004 -23"><span class='ocrx_word' id='word_1_482' title='bbox 168 3501 278 3575; x_wconf 76' lang='grc' dir='ltr'>ϐρίᾳ</span> <span class='ocrx_word' id='word_1_483' title='bbox 310 3505 445 3559; x_wconf 89' lang='grc' dir='ltr'><strong><em>κατά</em></strong></span> <span class='ocrx_word' id='word_1_484' title='bbox 471 3507 534 3557; x_wconf 89' lang='grc' dir='ltr'>τὸ</span> <span class='ocrx_word' id='word_1_485' title='bbox 563 3506 728 3575; x_wconf 85' lang='grc' dir='ltr'>μέσον</span> <span class='ocrx_word' id='word_1_486' title='bbox 754 3509 852 3577; x_wconf 82' lang='grc' dir='ltr'>τῆς</span> <span class='ocrx_word' id='word_1_487' title='bbox 885 3506 1094 3578; x_wconf 85' lang='grc' dir='ltr'>ἡμέρας</span> <span class='ocrx_word' id='word_1_488' title='bbox 1121 3506 1516 3578; x_wconf 85' lang='grc' dir='ltr'>σταυρούμενος</span> <span class='ocrx_word' id='word_1_489' title='bbox 1545 3509 1573 3561; x_wconf 83' lang='grc' dir='ltr'>ὁ</span> <span class='ocrx_word' id='word_1_490' title='bbox 1614 3508 1716 3578; x_wconf 81' lang='grc' dir='ltr'><strong><em>Ἰη-</em></strong></span> 
     </span>
    </p>
   </div>
   <div class='ocr_carea' id='block_1_66' title="bbox 171 3592 1711 3668">
    <p class='ocr_par' dir='ltr' id='par_1_66' title="bbox 171 3592 1711 3668">
     <span class='ocr_line' id='line_1_66' title="bbox 171 3592 1711 3668; baseline 0.006 -26"><span class='ocrx_word' id='word_1_491' title='bbox 171 3592 277 3655; x_wconf 75' lang='grc' dir='ltr'>σοῦς</span> <span class='ocrx_word' id='word_1_492' title='bbox 301 3595 548 3665; x_wconf 75' lang='grc' dir='ltr'>ἐξήγαγε,</span> <span class='ocrx_word' id='word_1_493' title='bbox 579 3597 674 3648; x_wconf 80' lang='grc' dir='ltr'>καὶ</span> <span class='ocrx_word' id='word_1_494' title='bbox 702 3598 800 3668; x_wconf 84' lang='grc' dir='ltr'>τὴν</span> <span class='ocrx_word' id='word_1_495' title='bbox 824 3598 909 3651; x_wconf 69' lang='grc' dir='ltr'><strong><em>ἐπ’</em></strong></span> <span class='ocrx_word' id='word_1_496' title='bbox 935 3597 1082 3667; x_wconf 85' lang='grc' dir='ltr'><strong><em>αὑτῷ</em></strong></span> <span class='ocrx_word' id='word_1_497' title='bbox 1105 3597 1446 3667; x_wconf 81' lang='grc' dir='ltr'>δικαιοσύνην</span> <span class='ocrx_word' id='word_1_498' title='bbox 1475 3601 1553 3661; x_wconf 79' lang='grc' dir='ltr'><strong><em>εἰς</em></strong></span> <span class='ocrx_word' id='word_1_499' title='bbox 1578 3599 1711 3668; x_wconf 79' lang='grc' dir='ltr'>φῶς,</span> 
     </span>
    </p>
   </div>
   <div class='ocr_carea' id='block_1_67' title="bbox 168 3682 1712 3758">
    <p class='ocr_par' dir='ltr' id='par_1_67' title="bbox 168 3682 1712 3758">
     <span class='ocr_line' id='line_1_67' title="bbox 168 3682 1712 3758; baseline 0.003 -24"><span class='ocrx_word' id='word_1_500' title='bbox 168 3682 415 3738; x_wconf 74' lang='grc' dir='ltr'>τουτέστιν</span> <span class='ocrx_word' id='word_1_501' title='bbox 465 3689 546 3750; x_wconf 88' lang='grc' dir='ltr'><strong><em>είς</em></strong></span> <span class='ocrx_word' id='word_1_502' title='bbox 581 3689 796 3741; x_wconf 79' lang='grc' dir='ltr'>πάντων</span> <span class='ocrx_word' id='word_1_503' title='bbox 833 3688 1032 3757; x_wconf 86' lang='grc' dir='ltr'>γνῶσιν</span> <span class='ocrx_word' id='word_1_504' title='bbox 1063 3688 1312 3758; x_wconf 66' lang='grc' dir='ltr'>ἤνεγκεν.</span> <span class='ocrx_word' id='word_1_505' title='bbox 1381 3688 1444 3739; x_wconf 84' lang='grc' dir='ltr'><em>Ἢ</em></span> <span class='ocrx_word' id='word_1_506' title='bbox 1485 3686 1594 3757; x_wconf 83' lang='grc' dir='ltr'><strong><em>γὰρ</em></strong></span> <span class='ocrx_word' id='word_1_507' title='bbox 1627 3689 1712 3739; x_wconf 77' lang='grc' dir='ltr'><strong><em>ἐπ’</em></strong></span> 
     </span>
    </p>
   </div>
   <div class='ocr_carea' id='block_1_68' title="bbox 170 3774 1713 3849">
    <p class='ocr_par' dir='ltr' id='par_1_68' title="bbox 170 3774 1713 3849">
     <span class='ocr_line' id='line_1_68' title="bbox 170 3774 1713 3849; baseline 0.005 -24"><span class='ocrx_word' id='word_1_508' title='bbox 170 3774 296 3844; x_wconf 75' lang='grc' dir='ltr'>αὐτῷ</span> <span class='ocrx_word' id='word_1_509' title='bbox 331 3779 509 3849; x_wconf 81' lang='grc' dir='ltr'>φωνὴ,</span> <span class='ocrx_word' id='word_1_510' title='bbox 557 3779 753 3848; x_wconf 79' lang='grc' dir='ltr'>Ἀμὴν,</span> <span class='ocrx_word' id='word_1_511' title='bbox 783 3778 946 3847; x_wconf 78' lang='grc' dir='ltr'>ἀμὴν</span> <span class='ocrx_word' id='word_1_512' title='bbox 970 3777 1124 3849; x_wconf 74' lang='grc' dir='ltr'>λέγω</span> <span class='ocrx_word' id='word_1_513' title='bbox 1143 3794 1263 3846; x_wconf 90' lang='grc' dir='ltr'>σοι,</span> <span class='ocrx_word' id='word_1_514' title='bbox 1293 3779 1560 3848; x_wconf 76' lang='grc' dir='ltr'>σήμερον</span> <span class='ocrx_word' id='word_1_515' title='bbox 1587 3781 1713 3848; x_wconf 80' lang='grc' dir='ltr'>μετ’</span> 
     </span>
    </p>
   </div>
   <div class='ocr_carea' id='block_1_69' title="bbox 170 3865 1714 3944">
    <p class='ocr_par' dir='ltr' id='par_1_69' title="bbox 170 3865 1714 3944">
     <span class='ocr_line' id='line_1_69' title="bbox 170 3865 1714 3944; baseline 0.003 -24"><span class='ocrx_word' id='word_1_516' title='bbox 170 3865 294 3933; x_wconf 77' lang='grc' dir='ltr'>ἐμοῦ</span> <span class='ocrx_word' id='word_1_517' title='bbox 322 3869 432 3938; x_wconf 79' lang='grc' dir='ltr'><strong><em>ἔσῃ</em></strong></span> <span class='ocrx_word' id='word_1_518' title='bbox 453 3872 524 3924; x_wconf 78' lang='grc' dir='ltr'>ἐν</span> <span class='ocrx_word' id='word_1_519' title='bbox 552 3871 632 3936; x_wconf 83' lang='grc' dir='ltr'>τῷ</span> <span class='ocrx_word' id='word_1_520' title='bbox 668 3871 1027 3938; x_wconf 81' lang='grc' dir='ltr'>παραδείσῳ,</span> <span class='ocrx_word' id='word_1_521' title='bbox 1060 3874 1140 3934; x_wconf 81' lang='grc' dir='ltr'><strong><em>εἰς</em></strong></span> <span class='ocrx_word' id='word_1_522' title='bbox 1183 3872 1412 3944; x_wconf 81' lang='grc' dir='ltr'>φανερὸν</span> <span class='ocrx_word' id='word_1_523' title='bbox 1438 3875 1503 3943; x_wconf 80' lang='grc' dir='ltr'>τῇ</span> <span class='ocrx_word' id='word_1_524' title='bbox 1537 3873 1714 3925; x_wconf 81' lang='grc' dir='ltr'>οίκου-</span> 
     </span>
    </p>
   </div>
   <div class='ocr_carea' id='block_1_70' title="bbox 173 3953 1715 4035">
    <p class='ocr_par' dir='ltr' id='par_1_70' title="bbox 173 3953 1715 4035">
     <span class='ocr_line' id='line_1_70' title="bbox 173 3953 1715 4035; baseline 0.006 -29"><span class='ocrx_word' id='word_1_525' title='bbox 173 3953 318 4026; x_wconf 73' lang='grc' dir='ltr'>μένῃ,</span> <span class='ocrx_word' id='word_1_526' title='bbox 347 3959 542 4027; x_wconf 72' lang='grc' dir='ltr'>μᾶλλον</span> <span class='ocrx_word' id='word_1_527' title='bbox 571 3960 629 4012; x_wconf 79' lang='grc' dir='ltr'>δὲ</span> <span class='ocrx_word' id='word_1_528' title='bbox 657 3959 771 4028; x_wconf 80' lang='grc' dir='ltr'>φῶς</span> <span class='ocrx_word' id='word_1_529' title='bbox 794 3963 858 4030; x_wconf 82' lang='grc' dir='ltr'>τῇ</span> <span class='ocrx_word' id='word_1_530' title='bbox 885 3962 1178 4034; x_wconf 75' lang='grc' dir='ltr'>οἰκουμένῃ</span> <span class='ocrx_word' id='word_1_531' title='bbox 1228 3962 1548 4033; x_wconf 79' lang='grc' dir='ltr'>γεγένηται,</span> <span class='ocrx_word' id='word_1_532' title='bbox 1578 3979 1715 4035; x_wconf 88' lang='grc' dir='ltr'>προ-</span> 
     </span>
    </p>
   </div>
   <div class='ocr_carea' id='block_1_71' title="bbox 171 4047 1713 4123">
    <p class='ocr_par' dir='ltr' id='par_1_71' title="bbox 171 4047 1713 4123">
     <span class='ocr_line' id='line_1_71' title="bbox 171 4047 1713 4123; baseline 0.005 -25"><span class='ocrx_word' id='word_1_533' title='bbox 171 4047 324 4117; x_wconf 73' lang='grc' dir='ltr'>τροπὴ</span> <span class='ocrx_word' id='word_1_534' title='bbox 351 4051 480 4101; x_wconf 82' lang='grc' dir='ltr'>πᾶσι</span> <span class='ocrx_word' id='word_1_535' title='bbox 501 4053 618 4112; x_wconf 85' lang='grc' dir='ltr'>τοῖς</span> <span class='ocrx_word' id='word_1_536' title='bbox 645 4051 703 4104; x_wconf 86' lang='grc' dir='ltr'>ὲν</span> <span class='ocrx_word' id='word_1_537' title='bbox 728 4054 982 4123; x_wconf 74' lang='grc' dir='ltr'>μετανοίᾳ</span> <span class='ocrx_word' id='word_1_538' title='bbox 1005 4054 1378 4123; x_wconf 74' lang='grc' dir='ltr'>τυγχάνουσιν.</span> <span class='ocrx_word' id='word_1_539' title='bbox 1407 4055 1520 4107; x_wconf 79' lang='grc' dir='ltr'>Οὐκ</span> <span class='ocrx_word' id='word_1_540' title='bbox 1541 4054 1713 4118; x_wconf 75' lang='grc' dir='ltr'>ἔσται,</span> 
     </span>
    </p>
   </div>
   <div class='ocr_carea' id='block_1_72' title="bbox 172 4134 1712 4217">
    <p class='ocr_par' dir='ltr' id='par_1_72' title="bbox 172 4134 1712 4217">
     <span class='ocr_line' id='line_1_72' title="bbox 172 4134 1712 4217; baseline 0.009 -33"><span class='ocrx_word' id='word_1_541' title='bbox 172 4134 320 4202; x_wconf 66' lang='grc' dir='ltr'>φησι,</span> <span class='ocrx_word' id='word_1_542' title='bbox 370 4139 782 4211; x_wconf 83' lang='grc' dir='ltr'>κεκαλυμμένον</span> <span class='ocrx_word' id='word_1_543' title='bbox 819 4142 880 4195; x_wconf 81' lang='grc' dir='ltr'>τὸ</span> <span class='ocrx_word' id='word_1_544' title='bbox 910 4144 1008 4213; x_wconf 83' lang='grc' dir='ltr'>τῆς</span> <span class='ocrx_word' id='word_1_545' title='bbox 1054 4143 1399 4213; x_wconf 74' lang='grc' dir='ltr'>δικαιοσύνης</span> <span class='ocrx_word' id='word_1_546' title='bbox 1445 4144 1712 4217; x_wconf 84' lang='grc' dir='ltr'>λαμπρὸν,</span> 
     </span>
    </p>
   </div>
   <div class='ocr_carea' id='block_1_73' title="bbox 172 4225 1714 4310">
    <p class='ocr_par' dir='ltr' id='par_1_73' title="bbox 172 4225 1714 4310">
     <span class='ocr_line' id='line_1_73' title="bbox 172 4225 1714 4310; baseline 0.008 -31"><span class='ocrx_word' id='word_1_547' title='bbox 172 4225 302 4280; x_wconf 79' lang='grc' dir='ltr'>ὥσπε</span> <span class='ocrx_word' id='word_1_548' title='bbox 311 4247 338 4301; x_wconf 92' lang='grc' dir='ltr'><strong><em>ρ</em></strong></span> <span class='ocrx_word' id='word_1_549' title='bbox 359 4231 470 4296; x_wconf 76' lang='grc' dir='ltr'>νῦν,</span> <span class='ocrx_word' id='word_1_550' title='bbox 497 4233 616 4287; x_wconf 81' lang='grc' dir='ltr'>ἀλλ’</span> <span class='ocrx_word' id='word_1_551' title='bbox 640 4235 899 4302; x_wconf 74' lang='grc' dir='ltr'>ἐπιφανὲς</span> <span class='ocrx_word' id='word_1_552' title='bbox 918 4234 1106 4305; x_wconf 84' lang='grc' dir='ltr'>ὥσπερ</span> <span class='ocrx_word' id='word_1_553' title='bbox 1122 4236 1270 4306; x_wconf 78' lang='grc' dir='ltr'>ἥλιος</span> <span class='ocrx_word' id='word_1_554' title='bbox 1297 4239 1356 4290; x_wconf 83' lang='grc' dir='ltr'>ὲν</span> <span class='ocrx_word' id='word_1_555' title='bbox 1377 4237 1714 4310; x_wconf 75' lang='grc' dir='ltr'>μεσημϐρίᾳ,</span> 
     </span>
    </p>
   </div>
   <div class='ocr_carea' id='block_1_74' title="bbox 172 4319 1720 4397">
    <p class='ocr_par' dir='ltr' id='par_1_74' title="bbox 172 4319 1720 4397">
     <span class='ocr_line' id='line_1_74' title="bbox 172 4319 1720 4397; baseline 0.005 -23"><span class='ocrx_word' id='word_1_556' title='bbox 172 4319 335 4393; x_wconf 77' lang='grc' dir='ltr'>ὥσπερ</span> <span class='ocrx_word' id='word_1_557' title='bbox 363 4327 392 4377; x_wconf 83' lang='grc' dir='ltr'><strong><em>δ</em></strong></span> <span class='ocrx_word' id='word_1_558' title='bbox 420 4326 622 4395; x_wconf 81' lang='grc' dir='ltr'>Κύριός</span> <span class='ocrx_word' id='word_1_559' title='bbox 653 4341 785 4395; x_wconf 83' lang='grc' dir='ltr'>φησι</span> <span class='ocrx_word' id='word_1_560' title='bbox 805 4343 819 4357; x_wconf 84' lang='lat'><strong><em>°</em></strong></span> <span class='ocrx_word' id='word_1_561' title='bbox 879 4329 1012 4380; x_wconf 85' lang='grc' dir='ltr'>Τότε</span> <span class='ocrx_word' id='word_1_562' title='bbox 1042 4331 1094 4381; x_wconf 78' lang='grc' dir='ltr'><strong><em>οι</em></strong></span> <span class='ocrx_word' id='word_1_563' title='bbox 1131 4327 1347 4382; x_wconf 79' lang='grc' dir='ltr'>δίκαιοι</span> <span class='ocrx_word' id='word_1_564' title='bbox 1368 4327 1720 4397; x_wconf 76' lang='grc' dir='ltr'>λάμψουσιν</span> 
     </span>
    </p>
   </div>
   <div class='ocr_carea' id='block_1_75' title="bbox 172 4411 1674 4487">
    <p class='ocr_par' dir='ltr' id='par_1_75' title="bbox 172 4411 1674 4487">
     <span class='ocr_line' id='line_1_75' title="bbox 172 4411 1674 4487; baseline 0.005 -22"><span class='ocrx_word' id='word_1_565' title='bbox 172 4411 237 4476; x_wconf 79' lang='grc' dir='ltr'>ὡς</span> <span class='ocrx_word' id='word_1_566' title='bbox 261 4416 290 4465; x_wconf 86' lang='grc' dir='ltr'><em>ό</em></span> <span class='ocrx_word' id='word_1_567' title='bbox 321 4415 485 4482; x_wconf 72' lang='grc' dir='ltr'>ἥλιος</span> <span class='ocrx_word' id='word_1_568' title='bbox 513 4417 586 4470; x_wconf 81' lang='grc' dir='ltr'><strong><em>ἐν</em></strong></span> <span class='ocrx_word' id='word_1_569' title='bbox 616 4413 688 4484; x_wconf 78' lang='grc' dir='ltr'>τῇ</span> <span class='ocrx_word' id='word_1_570' title='bbox 708 4418 991 4484; x_wconf 71' lang='grc' dir='ltr'>,ϐασιλείᾳ</span> <span class='ocrx_word' id='word_1_571' title='bbox 1020 4418 1126 4472; x_wconf 86' lang='grc' dir='ltr'>τοῦ</span> <span class='ocrx_word' id='word_1_572' title='bbox 1153 4420 1382 4487; x_wconf 81' lang='grc' dir='ltr'>Πατρὸς</span> <span class='ocrx_word' id='word_1_573' title='bbox 1405 4419 1624 4475; x_wconf 77' lang='grc' dir='ltr'>αὐτῶν.</span> <span class='ocrx_word' id='word_1_574' title='bbox 1663 4459 1674 4472; x_wconf 92' lang='grc'><strong><em>.</em></strong></span> 
     </span>
    </p>
   </div>
   <div class='ocr_carea' id='block_1_76' title="bbox 241 4503 1718 4576">
    <p class='ocr_par' dir='ltr' id='par_1_76' title="bbox 241 4503 1718 4576">
     <span class='ocr_line' id='line_1_76' title="bbox 241 4503 1718 4576; baseline 0.006 -22"><span class='ocrx_word' id='word_1_575' title='bbox 241 4503 584 4576; x_wconf 72' lang='grc' dir='ltr'>’Υποτάγηθι</span> <span class='ocrx_word' id='word_1_576' title='bbox 608 4507 686 4572; x_wconf 84' lang='grc' dir='ltr'>τῷ</span> <span class='ocrx_word' id='word_1_577' title='bbox 712 4509 903 4576; x_wconf 79' lang='grc' dir='ltr'>Κυρίῳ</span> <span class='ocrx_word' id='word_1_578' title='bbox 927 4509 1024 4561; x_wconf 80' lang='grc' dir='ltr'><strong><em>καί</em></strong></span> <span class='ocrx_word' id='word_1_579' title='bbox 1045 4509 1356 4564; x_wconf 73' lang='grc' dir='ltr'>ἱκέτευσον</span> <span class='ocrx_word' id='word_1_580' title='bbox 1382 4512 1587 4565; x_wconf 77' lang='grc' dir='ltr'>αὐτόν.</span> <span class='ocrx_word' id='word_1_581' title='bbox 1613 4513 1718 4564; x_wconf 77' lang='grc' dir='ltr'><strong><em>Αὑ-</em></strong></span> 
     </span>
    </p>
   </div>
   <div class='ocr_carea' id='block_1_77' title="bbox 1813 3416 3371 3487">
    <p class='ocr_par' dir='ltr' id='par_1_77' title="bbox 1813 3416 3371 3487">
     <span class='ocr_line' id='line_1_77' title="bbox 1813 3416 3371 3487; baseline -0.003 -13"><span class='ocrx_word' id='word_1_582' title='bbox 1813 3420 2057 3487; x_wconf 88' lang='lat' dir='ltr'><strong><em>meridie,</em></strong></span> <span class='ocrx_word' id='word_1_583' title='bbox 2092 3421 2195 3474; x_wconf 85' lang='lat' dir='ltr'><strong><em>hoc</em></strong></span> <span class='ocrx_word' id='word_1_584' title='bbox 2221 3429 2297 3474; x_wconf 90' lang='lat' dir='ltr'><strong><em>est</em></strong></span> <span class='ocrx_word' id='word_1_585' title='bbox 2329 3419 2504 3474; x_wconf 90' lang='lat' dir='ltr'><strong><em>medio</em></strong></span> <span class='ocrx_word' id='word_1_586' title='bbox 2529 3421 2614 3473; x_wconf 91' lang='lat' dir='ltr'><strong><em>die</em></strong></span> <span class='ocrx_word' id='word_1_587' title='bbox 2640 3461 2654 3484; x_wconf 91' lang='lat'><strong><em>,</em></strong></span> <span class='ocrx_word' id='word_1_588' title='bbox 2679 3416 2837 3473; x_wconf 88' lang='lat' dir='ltr'><strong><em>Jesus</em></strong></span> <span class='ocrx_word' id='word_1_589' title='bbox 2867 3419 2919 3472; x_wconf 91' lang='lat' dir='ltr'><strong><em>in</em></strong></span> <span class='ocrx_word' id='word_1_590' title='bbox 2949 3432 3108 3473; x_wconf 87' lang='lat' dir='ltr'><strong><em>cruce</em></strong></span> <span class='ocrx_word' id='word_1_591' title='bbox 3134 3417 3371 3486; x_wconf 90' lang='lat' dir='ltr'><strong><em>pendens</em></strong></span> 
     </span>
    </p>
   </div>
   <div class='ocr_carea' id='block_1_78' title="bbox 1812 3509 3370 3580">
    <p class='ocr_par' dir='ltr' id='par_1_78' title="bbox 1812 3509 3370 3580">
     <span class='ocr_line' id='line_1_78' title="bbox 1812 3509 3370 3580; baseline -0.004 -15"><span class='ocrx_word' id='word_1_592' title='bbox 1812 3511 2015 3574; x_wconf 83' lang='lat' dir='ltr'><strong><em>eduxit,</em></strong></span> <span class='ocrx_word' id='word_1_593' title='bbox 2045 3526 2261 3579; x_wconf 89' lang='lat' dir='ltr'><strong><em>unaque</em></strong></span> <span class='ocrx_word' id='word_1_594' title='bbox 2289 3511 2406 3579; x_wconf 89' lang='lat' dir='ltr'><strong><em>ejus</em></strong></span> <span class='ocrx_word' id='word_1_595' title='bbox 2429 3511 2695 3580; x_wconf 88' lang='lat' dir='ltr'><strong><em>justitiam</em></strong></span> <span class='ocrx_word' id='word_1_596' title='bbox 2728 3509 2781 3562; x_wconf 92' lang='lat' dir='ltr'><strong><em>in</em></strong></span> <span class='ocrx_word' id='word_1_597' title='bbox 2817 3510 3027 3571; x_wconf 87' lang='lat' dir='ltr'><strong><em>lucem,</em></strong></span> <span class='ocrx_word' id='word_1_598' title='bbox 3061 3509 3164 3562; x_wconf 85' lang='lat' dir='ltr'><strong><em>hoc</em></strong></span> <span class='ocrx_word' id='word_1_599' title='bbox 3195 3516 3278 3561; x_wconf 88' lang='lat' dir='ltr'><strong><em>est</em></strong></span> <span class='ocrx_word' id='word_1_600' title='bbox 3316 3523 3370 3559; x_wconf 84' lang='lat' dir='ltr'><strong><em>in</em></strong></span> 
     </span>
    </p>
   </div>
   <div class='ocr_carea' id='block_1_79' title="bbox 1813 3597 3371 3670">
    <p class='ocr_par' dir='ltr' id='par_1_79' title="bbox 1813 3597 3371 3670">
     <span class='ocr_line' id='line_1_79' title="bbox 1813 3597 3371 3670; baseline -0.003 -14"><span class='ocrx_word' id='word_1_601' title='bbox 1813 3603 2055 3656; x_wconf 90' lang='lat' dir='ltr'><strong><em>omnium</em></strong></span> <span class='ocrx_word' id='word_1_602' title='bbox 2084 3604 2468 3670; x_wconf 84' lang='lat' dir='ltr'><strong><em>cognitionem,</em></strong></span> <span class='ocrx_word' id='word_1_603' title='bbox 2509 3600 2783 3670; x_wconf 77' lang='lat' dir='ltr'><strong><em>produxit.</em></strong></span> <span class='ocrx_word' id='word_1_604' title='bbox 2821 3597 2956 3652; x_wconf 82' lang='lat' dir='ltr'><strong><em>Nam</em></strong></span> <span class='ocrx_word' id='word_1_605' title='bbox 2987 3614 3241 3668; x_wconf 76' lang='lat' dir='ltr'><strong><em>expressa</em></strong></span> <span class='ocrx_word' id='word_1_606' title='bbox 3267 3613 3371 3653; x_wconf 76' lang='lat' dir='ltr'><strong><em>vox</em></strong></span> 
     </span>
    </p>
   </div>
   <div class='ocr_carea' id='block_1_80' title="bbox 1816 3691 3374 3758">
    <p class='ocr_par' dir='ltr' id='par_1_80' title="bbox 1816 3691 3374 3758">
     <span class='ocr_line' id='line_1_80' title="bbox 1816 3691 3374 3758; baseline -0.003 -11"><span class='ocrx_word' id='word_1_607' title='bbox 1816 3694 1926 3755; x_wconf 90' lang='lat' dir='ltr'><strong><em>illa,</em></strong></span> <span class='ocrx_word' id='word_1_608' title='bbox 1955 3695 2139 3755; x_wconf 77' lang='lat' dir='ltr'><strong><em>Amen,</em></strong></span> <span class='ocrx_word' id='word_1_609' title='bbox 2177 3708 2327 3744; x_wconf 82' lang='lat' dir='ltr'><strong><em>amen</em></strong></span> <span class='ocrx_word' id='word_1_610' title='bbox 2357 3693 2474 3744; x_wconf 81' lang='lat' dir='ltr'><strong><em>dico</em></strong></span> <span class='ocrx_word' id='word_1_611' title='bbox 2506 3693 2622 3754; x_wconf 81' lang='lat' dir='ltr'><strong><em>tibi,</em></strong></span> <span class='ocrx_word' id='word_1_612' title='bbox 2655 3692 2806 3745; x_wconf 84' lang='lat' dir='ltr'><strong><em>hodie</em></strong></span> <span class='ocrx_word' id='word_1_613' title='bbox 2833 3707 3032 3744; x_wconf 88' lang='lat' dir='ltr'><strong><em>mecum</em></strong></span> <span class='ocrx_word' id='word_1_614' title='bbox 3059 3691 3163 3744; x_wconf 87' lang='lat' dir='ltr'><strong><em>eris</em></strong></span> <span class='ocrx_word' id='word_1_615' title='bbox 3195 3692 3248 3743; x_wconf 87' lang='lat' dir='ltr'><strong><em>in</em></strong></span> <span class='ocrx_word' id='word_1_616' title='bbox 3279 3708 3374 3758; x_wconf 85' lang='lat' dir='ltr'><strong><em>pa-</em></strong></span> 
     </span>
    </p>
   </div>
   <div class='ocr_carea' id='block_1_81' title="bbox 1817 3779 3370 3849">
    <p class='ocr_par' dir='ltr' id='par_1_81' title="bbox 1817 3779 3370 3849">
     <span class='ocr_line' id='line_1_81' title="bbox 1817 3779 3370 3849; baseline 0.001 -19"><span class='ocrx_word' id='word_1_617' title='bbox 1817 3781 1995 3832; x_wconf 81' lang='lat' dir='ltr'><strong><em>radiso</em></strong></span> <span class='ocrx_word' id='word_1_618' title='bbox 2017 3779 2084 3846; x_wconf 80' lang='grc'><strong><em>⁸⁸,</em></strong></span> <span class='ocrx_word' id='word_1_619' title='bbox 2106 3781 2252 3833; x_wconf 87' lang='lat' dir='ltr'><strong><em>clara</em></strong></span> <span class='ocrx_word' id='word_1_620' title='bbox 2279 3780 2502 3845; x_wconf 89' lang='lat' dir='ltr'><strong><em>mundo,</em></strong></span> <span class='ocrx_word' id='word_1_621' title='bbox 2528 3789 2688 3849; x_wconf 85' lang='lat' dir='ltr'><strong><em>atque</em></strong></span> <span class='ocrx_word' id='word_1_622' title='bbox 2714 3780 2848 3832; x_wconf 87' lang='lat' dir='ltr'><strong><em>adeo</em></strong></span> <span class='ocrx_word' id='word_1_623' title='bbox 2865 3781 2952 3832; x_wconf 79' lang='lat' dir='ltr'><strong><em>lux</em></strong></span> <span class='ocrx_word' id='word_1_624' title='bbox 2967 3779 3084 3833; x_wconf 85' lang='lat' dir='ltr'><strong><em>orbi</em></strong></span> <span class='ocrx_word' id='word_1_625' title='bbox 3108 3789 3370 3833; x_wconf 87' lang='lat' dir='ltr'><strong><em>terrarum</em></strong></span> 
     </span>
    </p>
   </div>
   <div class='ocr_carea' id='block_1_82' title="bbox 1816 3869 3374 3938">
    <p class='ocr_par' dir='ltr' id='par_1_82' title="bbox 1816 3869 3374 3938">
     <span class='ocr_line' id='line_1_82' title="bbox 1816 3869 3374 3938; baseline -0.001 -14"><span class='ocrx_word' id='word_1_626' title='bbox 1816 3869 1956 3924; x_wconf 77' lang='lat' dir='ltr'><strong><em>facta</em></strong></span> <span class='ocrx_word' id='word_1_627' title='bbox 1990 3879 2091 3935; x_wconf 91' lang='lat' dir='ltr'><strong><em>est,</em></strong></span> <span class='ocrx_word' id='word_1_628' title='bbox 2125 3880 2173 3924; x_wconf 92' lang='lat' dir='ltr'><strong><em>et</em></strong></span> <span class='ocrx_word' id='word_1_629' title='bbox 2208 3871 2461 3925; x_wconf 83' lang='lat' dir='ltr'><strong><em>omnibus</em></strong></span> <span class='ocrx_word' id='word_1_630' title='bbox 2501 3869 2946 3938; x_wconf 85' lang='lat' dir='ltr'><strong><em>resipiscentibus</em></strong></span> <span class='ocrx_word' id='word_1_631' title='bbox 2974 3879 3027 3922; x_wconf 94' lang='lat' dir='ltr'><strong><em>ct</em></strong></span> <span class='ocrx_word' id='word_1_632' title='bbox 3066 3869 3374 3938; x_wconf 73' lang='lat' dir='ltr'><strong><em>pmnitenti-</em></strong></span> 
     </span>
    </p>
   </div>
   <div class='ocr_carea' id='block_1_83' title="bbox 1815 3958 3371 4029">
    <p class='ocr_par' dir='ltr' id='par_1_83' title="bbox 1815 3958 3371 4029">
     <span class='ocr_line' id='line_1_83' title="bbox 1815 3958 3371 4029; baseline -0.001 -12"><span class='ocrx_word' id='word_1_633' title='bbox 1815 3962 1918 4017; x_wconf 84' lang='lat' dir='ltr'><strong><em>bus</em></strong></span> <span class='ocrx_word' id='word_1_634' title='bbox 1945 3962 2250 4016; x_wconf 84' lang='lat' dir='ltr'><strong><em>adhortatio</em></strong></span> <span class='ocrx_word' id='word_1_635' title='bbox 2278 3959 2522 4029; x_wconf 69' lang='lat' dir='ltr'><strong><em>quaedam</em></strong></span> <span class='ocrx_word' id='word_1_636' title='bbox 2554 3959 2671 4014; x_wconf 79' lang='lat' dir='ltr'><strong><em>fuit.</em></strong></span> <span class='ocrx_word' id='word_1_637' title='bbox 2703 3958 2818 4015; x_wconf 82' lang='lat' dir='ltr'><strong><em>Non</em></strong></span> <span class='ocrx_word' id='word_1_638' title='bbox 2843 3961 3010 4023; x_wconf 85' lang='lat' dir='ltr'><strong><em>enim,</em></strong></span> <span class='ocrx_word' id='word_1_639' title='bbox 3035 3962 3128 4025; x_wconf 83' lang='lat' dir='ltr'><strong><em>ait,</em></strong></span> <span class='ocrx_word' id='word_1_640' title='bbox 3156 3960 3371 4015; x_wconf 86' lang='lat' dir='ltr'><strong><em>claritas</em></strong></span> 
     </span>
    </p>
   </div>
   <div class='ocr_carea' id='block_1_84' title="bbox 1811 4048 3372 4119">
    <p class='ocr_par' dir='ltr' id='par_1_84' title="bbox 1811 4048 3372 4119">
     <span class='ocr_line' id='line_1_84' title="bbox 1811 4048 3372 4119; baseline 0.002 -19"><span class='ocrx_word' id='word_1_641' title='bbox 1811 4049 2033 4117; x_wconf 73' lang='lat' dir='ltr'><strong><em>justitia:</em></strong></span> <span class='ocrx_word' id='word_1_642' title='bbox 2059 4048 2175 4115; x_wconf 87' lang='lat' dir='ltr'><strong><em>ejus</em></strong></span> <span class='ocrx_word' id='word_1_643' title='bbox 2205 4048 2416 4102; x_wconf 92' lang='lat' dir='ltr'><strong><em>occulta</em></strong></span> <span class='ocrx_word' id='word_1_644' title='bbox 2440 4048 2561 4115; x_wconf 90' lang='lat' dir='ltr'><strong><em>erit,</em></strong></span> <span class='ocrx_word' id='word_1_645' title='bbox 2591 4059 2651 4102; x_wconf 91' lang='lat' dir='ltr'><strong><em>ut</em></strong></span> <span class='ocrx_word' id='word_1_646' title='bbox 2677 4051 2834 4104; x_wconf 91' lang='lat' dir='ltr'><strong><em>modo</em></strong></span> <span class='ocrx_word' id='word_1_647' title='bbox 2863 4061 2964 4109; x_wconf 90' lang='lat' dir='ltr'><strong><em>est.</em></strong></span> <span class='ocrx_word' id='word_1_648' title='bbox 2999 4050 3090 4104; x_wconf 89' lang='lat' dir='ltr'><strong><em>sed</em></strong></span> <span class='ocrx_word' id='word_1_649' title='bbox 3117 4064 3372 4119; x_wconf 80' lang='lat' dir='ltr'><strong><em>tanquam</em></strong></span> 
     </span>
    </p>
   </div>
   <div class='ocr_carea' id='block_1_85' title="bbox 1817 4138 3375 4210">
    <p class='ocr_par' dir='ltr' id='par_1_85' title="bbox 1817 4138 3375 4210">
     <span class='ocr_line' id='line_1_85' title="bbox 1817 4138 3375 4210; baseline 0.002 -16"><span class='ocrx_word' id='word_1_650' title='bbox 1817 4141 1896 4194; x_wconf 89' lang='lat' dir='ltr'><strong><em>sol</em></strong></span> <span class='ocrx_word' id='word_1_651' title='bbox 1928 4140 1979 4191; x_wconf 91' lang='lat' dir='ltr'><strong><em>in</em></strong></span> <span class='ocrx_word' id='word_1_652' title='bbox 2009 4138 2232 4194; x_wconf 85' lang='lat' dir='ltr'><strong><em>meridie</em></strong></span> <span class='ocrx_word' id='word_1_653' title='bbox 2261 4141 2572 4210; x_wconf 86' lang='lat' dir='ltr'><strong><em>conspicua.</em></strong></span> <span class='ocrx_word' id='word_1_654' title='bbox 2612 4139 3078 4205; x_wconf 87' lang='lat' dir='ltr'><strong><em>Quemadmodum</em></strong></span> <span class='ocrx_word' id='word_1_655' title='bbox 3112 4140 3375 4197; x_wconf 78' lang='lat' dir='ltr'><strong><em>Dominus</em></strong></span> 
     </span>
    </p>
   </div>
   <div class='ocr_carea' id='block_1_86' title="bbox 1817 4228 3374 4303">
    <p class='ocr_par' dir='ltr' id='par_1_86' title="bbox 1817 4228 3374 4303">
     <span class='ocr_line' id='line_1_86' title="bbox 1817 4228 3374 4303; baseline 0.003 -21"><span class='ocrx_word' id='word_1_656' title='bbox 1817 4230 1892 4284; x_wconf 86' lang='lat' dir='ltr'><strong><em>ait</em></strong></span> <span class='ocrx_word' id='word_1_657' title='bbox 1912 4229 1956 4260; x_wconf 84' lang='lat'>“</span> <span class='ocrx_word' id='word_1_658' title='bbox 1990 4247 2005 4285; x_wconf 90' lang='lat'><strong>:</strong></span> <span class='ocrx_word' id='word_1_659' title='bbox 2036 4228 2168 4284; x_wconf 84' lang='lat' dir='ltr'><strong><em>Tum</em></strong></span> <span class='ocrx_word' id='word_1_660' title='bbox 2199 4230 2334 4301; x_wconf 87' lang='lat' dir='ltr'><strong><em>justi</em></strong></span> <span class='ocrx_word' id='word_1_661' title='bbox 2363 4231 2630 4302; x_wconf 82' lang='lat' dir='ltr'><strong><em>fulgebunt</em></strong></span> <span class='ocrx_word' id='word_1_662' title='bbox 2666 4233 2802 4285; x_wconf 86' lang='lat' dir='ltr'><strong><em>sicut</em></strong></span> <span class='ocrx_word' id='word_1_663' title='bbox 2826 4233 2905 4286; x_wconf 82' lang='lat' dir='ltr'><strong><em>sol</em></strong></span> <span class='ocrx_word' id='word_1_664' title='bbox 2930 4235 2984 4285; x_wconf 85' lang='lat' dir='ltr'><strong><em>iu</em></strong></span> <span class='ocrx_word' id='word_1_665' title='bbox 3013 4249 3166 4303; x_wconf 84' lang='lat' dir='ltr'><strong><em>regno</em></strong></span> <span class='ocrx_word' id='word_1_666' title='bbox 3191 4231 3374 4288; x_wconf 85' lang='lat' dir='ltr'><strong><em>Patris</em></strong></span> 
     </span>
    </p>
   </div>
   <div class='ocr_carea' id='block_1_87' title="bbox 1815 4337 2016 4378">
    <p class='ocr_par' dir='ltr' id='par_1_87' title="bbox 1815 4337 2016 4378">
     <span class='ocr_line' id='line_1_87' title="bbox 1815 4337 2016 4378; baseline 0.01 -3"><span class='ocrx_word' id='word_1_667' title='bbox 1815 4337 2016 4378; x_wconf 87' lang='lat' dir='ltr'><strong><em>eorum.</em></strong></span> 
     </span>
    </p>
   </div>
   <div class='ocr_carea' id='block_1_88' title="bbox 1890 4504 3377 4575">
    <p class='ocr_par' dir='ltr' id='par_1_88' title="bbox 1890 4504 3377 4575">
     <span class='ocr_line' id='line_1_88' title="bbox 1890 4504 3377 4575; baseline 0.001 -16"><span class='ocrx_word' id='word_1_668' title='bbox 1890 4506 1940 4561; x_wconf 90' lang='lat'><strong><em>7.</em></strong></span> <span class='ocrx_word' id='word_1_669' title='bbox 1973 4505 2224 4560; x_wconf 84' lang='lat' dir='ltr'><strong><em>Subditus</em></strong></span> <span class='ocrx_word' id='word_1_670' title='bbox 2248 4516 2359 4558; x_wconf 82' lang='lat' dir='ltr'><strong><em>esto</em></strong></span> <span class='ocrx_word' id='word_1_671' title='bbox 2397 4504 2616 4557; x_wconf 86' lang='lat' dir='ltr'><strong><em>Domino</em></strong></span> <span class='ocrx_word' id='word_1_672' title='bbox 2651 4514 2700 4558; x_wconf 85' lang='lat' dir='ltr'><strong><em>et</em></strong></span> <span class='ocrx_word' id='word_1_673' title='bbox 2727 4521 2821 4558; x_wconf 85' lang='lat' dir='ltr'><strong><em>ora</em></strong></span> <span class='ocrx_word' id='word_1_674' title='bbox 2851 4522 2988 4558; x_wconf 80' lang='lat' dir='ltr'><strong><em>eum.</em></strong></span> <span class='ocrx_word' id='word_1_675' title='bbox 3015 4506 3135 4574; x_wconf 84' lang='lat' dir='ltr'><strong><em>ipse</em></strong></span> <span class='ocrx_word' id='word_1_676' title='bbox 3157 4508 3377 4575; x_wconf 83' lang='lat' dir='ltr'><strong><em>quidem</em></strong></span> 
     </span>
    </p>
   </div>
   <div class='ocr_carea' id='block_1_89' title="bbox 172 4590 1712 4673">
    <p class='ocr_par' dir='ltr' id='par_1_89' title="bbox 172 4590 1712 4673">
     <span class='ocr_line' id='line_1_89' title="bbox 172 4590 1712 4673; baseline 0.007 -28"><span class='ocrx_word' id='word_1_677' title='bbox 172 4590 250 4656; x_wconf 78' lang='grc' dir='ltr'><strong><em>τὸς</em></strong></span> <span class='ocrx_word' id='word_1_678' title='bbox 276 4595 397 4662; x_wconf 74' lang='grc' dir='ltr'>μὲν,</span> <span class='ocrx_word' id='word_1_679' title='bbox 421 4597 586 4666; x_wconf 62' lang='grc' dir='ltr'>φησι,</span> <span class='ocrx_word' id='word_1_680' title='bbox 621 4598 767 4663; x_wconf 81' lang='grc' dir='ltr'>ἄξιον</span> <span class='ocrx_word' id='word_1_681' title='bbox 791 4599 918 4652; x_wconf 85' lang='grc' dir='ltr'>δντα</span> <span class='ocrx_word' id='word_1_682' title='bbox 947 4597 1022 4670; x_wconf 90' lang='lat' dir='ltr'><strong><em>(a)</em></strong></span> <span class='ocrx_word' id='word_1_683' title='bbox 1048 4601 1222 4670; x_wconf 84' lang='grc' dir='ltr'>φωτὸς</span> <span class='ocrx_word' id='word_1_684' title='bbox 1251 4601 1522 4667; x_wconf 78' lang='grc' dir='ltr'>ἀποδείξει</span> <span class='ocrx_word' id='word_1_685' title='bbox 1561 4605 1618 4655; x_wconf 85' lang='grc' dir='ltr'>ὲν</span> <span class='ocrx_word' id='word_1_686' title='bbox 1640 4602 1712 4673; x_wconf 80' lang='grc' dir='ltr'>τῷ</span> 
     </span>
    </p>
   </div>
   <div class='ocr_carea' id='block_1_90' title="bbox 1811 4590 3374 4673">
    <p class='ocr_par' dir='ltr' id='par_1_90' title="bbox 1822 4595 3374 4666">
     <span class='ocr_line' id='line_1_90' title="bbox 1822 4595 3374 4666; baseline -0.001 -13"><span class='ocrx_word' id='word_1_687' title='bbox 1822 4608 1872 4653; x_wconf 89' lang='lat' dir='ltr'><strong><em>te</em></strong></span> <span class='ocrx_word' id='word_1_688' title='bbox 1907 4600 2024 4652; x_wconf 89' lang='lat' dir='ltr'><strong><em>luce</em></strong></span> <span class='ocrx_word' id='word_1_689' title='bbox 2051 4598 2272 4666; x_wconf 79' lang='lat' dir='ltr'><strong><em>dignum</em></strong></span> <span class='ocrx_word' id='word_1_690' title='bbox 2321 4596 2569 4650; x_wconf 88' lang='lat' dir='ltr'><strong><em>ostendet</em></strong></span> <span class='ocrx_word' id='word_1_691' title='bbox 2605 4595 2657 4648; x_wconf 89' lang='lat' dir='ltr'><strong><em>in</em></strong></span> <span class='ocrx_word' id='word_1_692' title='bbox 2690 4595 2875 4648; x_wconf 79' lang='lat' dir='ltr'><strong><em>futuro</em></strong></span> <span class='ocrx_word' id='word_1_693' title='bbox 2914 4597 3146 4661; x_wconf 67' lang='lat' dir='ltr'><strong><em>saeculo,</em></strong></span> <span class='ocrx_word' id='word_1_694' title='bbox 3177 4607 3231 4651; x_wconf 91' lang='lat' dir='ltr'><strong><em>tu</em></strong></span> <span class='ocrx_word' id='word_1_695' title='bbox 3275 4614 3374 4651; x_wconf 81' lang='lat' dir='ltr'><strong><em>au-</em></strong></span> 
     </span>
    </p>
   </div>
   <div class='ocr_carea' id='block_1_91' title="bbox 177 4681 1717 4760">
    <p class='ocr_par' dir='ltr' id='par_1_91' title="bbox 177 4681 1717 4760">
     <span class='ocr_line' id='line_1_91' title="bbox 177 4681 1717 4760; baseline 0.008 -27"><span class='ocrx_word' id='word_1_696' title='bbox 177 4681 397 4749; x_wconf 80' lang='grc' dir='ltr'>μέλλοντι</span> <span class='ocrx_word' id='word_1_697' title='bbox 432 4687 592 4739; x_wconf 85' lang='grc' dir='ltr'>αἰῶνι</span> <span class='ocrx_word' id='word_1_698' title='bbox 616 4702 630 4716; x_wconf 91' lang='grc'><strong>·</strong></span> <span class='ocrx_word' id='word_1_699' title='bbox 667 4687 731 4740; x_wconf 80' lang='grc' dir='ltr'>σὺ</span> <span class='ocrx_word' id='word_1_700' title='bbox 761 4688 819 4742; x_wconf 83' lang='grc' dir='ltr'>δὲ</span> <span class='ocrx_word' id='word_1_701' title='bbox 859 4688 1092 4744; x_wconf 78' lang='grc' dir='ltr'>ἐνταῦθα</span> <span class='ocrx_word' id='word_1_702' title='bbox 1124 4690 1449 4760; x_wconf 77' lang='grc' dir='ltr'>ὑποτάγηθι.</span> <span class='ocrx_word' id='word_1_703' title='bbox 1481 4693 1578 4760; x_wconf 82' lang='grc' dir='ltr'><strong><em>Μὴ</em></strong></span> <span class='ocrx_word' id='word_1_704' title='bbox 1604 4708 1717 4745; x_wconf 72' lang='grc' dir='ltr'>παρ-</span> 
     </span>
    </p>
   </div>
   <div class='ocr_carea' id='block_1_92' title="bbox 169 4773 1712 4852">
    <p class='ocr_par' dir='ltr' id='par_1_92' title="bbox 169 4773 1712 4852">
     <span class='ocr_line' id='line_1_92' title="bbox 169 4773 1712 4852; baseline 0.003 -17"><span class='ocrx_word' id='word_1_705' title='bbox 169 4773 400 4841; x_wconf 70' lang='grc' dir='ltr'>ραξήλου</span> <span class='ocrx_word' id='word_1_706' title='bbox 437 4779 507 4833; x_wconf 78' lang='grc' dir='ltr'><strong><em>ἐν</em></strong></span> <span class='ocrx_word' id='word_1_707' title='bbox 540 4778 623 4845; x_wconf 83' lang='grc' dir='ltr'>τῷ</span> <span class='ocrx_word' id='word_1_708' title='bbox 653 4781 1134 4851; x_wconf 80' lang='grc' dir='ltr'>κατευοὸουμένῳ</span> <span class='ocrx_word' id='word_1_709' title='bbox 1161 4783 1231 4836; x_wconf 78' lang='grc' dir='ltr'><strong><em>ἐν</em></strong></span> <span class='ocrx_word' id='word_1_710' title='bbox 1261 4783 1335 4852; x_wconf 76' lang='grc' dir='ltr'>τῇ</span> <span class='ocrx_word' id='word_1_711' title='bbox 1365 4782 1480 4850; x_wconf 81' lang='grc' dir='ltr'><strong><em>ὀδῷ</em></strong></span> <span class='ocrx_word' id='word_1_712' title='bbox 1503 4784 1712 4840; x_wconf 78' lang='grc' dir='ltr'>αὐτοῦ.</span> 
     </span>
    </p>
   </div>
   <div class='ocr_carea' id='block_1_93' title="bbox 177 4864 1715 4948">
    <p class='ocr_par' dir='ltr' id='par_1_93' title="bbox 177 4864 1715 4948">
     <span class='ocr_line' id='line_1_93' title="bbox 177 4864 1715 4948; baseline 0.008 -32"><span class='ocrx_word' id='word_1_713' title='bbox 177 4864 253 4936; x_wconf 75' lang='grc' dir='ltr'><strong><em>Μὴ</em></strong></span> <span class='ocrx_word' id='word_1_714' title='bbox 310 4871 549 4943; x_wconf 77' lang='grc' dir='ltr'>μιμήσῃ,</span> <span class='ocrx_word' id='word_1_715' title='bbox 617 4873 809 4942; x_wconf 64' lang='grc' dir='ltr'>φησιν,</span> <span class='ocrx_word' id='word_1_716' title='bbox 858 4871 1202 4943; x_wconf 82' lang='grc' dir='ltr'>εὐδαιμονίαν</span> <span class='ocrx_word' id='word_1_717' title='bbox 1259 4877 1324 4928; x_wconf 85' lang='grc' dir='ltr'>ὲκ</span> <span class='ocrx_word' id='word_1_718' title='bbox 1376 4876 1715 4948; x_wconf 85' lang='grc' dir='ltr'>παρανομίας</span> 
     </span>
    </p>
   </div>
   <div class='ocr_carea' id='block_1_94' title="bbox 178 4963 648 5033">
    <p class='ocr_par' dir='ltr' id='par_1_94' title="bbox 178 4963 648 5033">
     <span class='ocr_line' id='line_1_94' title="bbox 178 4963 648 5033; baseline 0.011 -23"><span class='ocrx_word' id='word_1_719' title='bbox 178 4963 648 5033; x_wconf 81' lang='grc' dir='ltr'>συγκροτουμένην.</span> 
     </span>
    </p>
   </div>
   <div class='ocr_carea' id='block_1_95' title="bbox 238 5043 1716 5130">
    <p class='ocr_par' dir='ltr' id='par_1_95' title="bbox 238 5043 1716 5130">
     <span class='ocr_line' id='line_1_95' title="bbox 238 5043 1716 5130; baseline 0.009 -29"><span class='ocrx_word' id='word_1_720' title='bbox 238 5043 340 5119; x_wconf 76' lang='grc' dir='ltr'><strong><em>[Μὴ</em></strong></span> <span class='ocrx_word' id='word_1_721' title='bbox 372 5051 617 5124; x_wconf 79' lang='grc' dir='ltr'>θαύμαζε</span> <span class='ocrx_word' id='word_1_722' title='bbox 649 5053 932 5125; x_wconf 74' lang='grc' dir='ltr'>ἄνθρωπον</span> <span class='ocrx_word' id='word_1_723' title='bbox 965 5058 1275 5128; x_wconf 79' lang='grc' dir='ltr'>παράνομον</span> <span class='ocrx_word' id='word_1_724' title='bbox 1317 5061 1716 5130; x_wconf 85' lang='grc' dir='ltr'>κατευθυνόμε-</span> 
     </span>
    </p>
   </div>
   <div class='ocr_carea' id='block_1_96' title="bbox 177 5142 1720 5225">
    <p class='ocr_par' dir='ltr' id='par_1_96' title="bbox 177 5142 1720 5225">
     <span class='ocr_line' id='line_1_96' title="bbox 177 5142 1720 5225; baseline 0.012 -37"><span class='ocrx_word' id='word_1_725' title='bbox 177 5153 267 5201; x_wconf 84' lang='grc' dir='ltr'>νον,</span> <span class='ocrx_word' id='word_1_726' title='bbox 287 5142 409 5211; x_wconf 69' lang='grc' dir='ltr'>μηδὲ</span> <span class='ocrx_word' id='word_1_727' title='bbox 435 5147 653 5219; x_wconf 80' lang='grc' dir='ltr'>μιμήσῃ</span> <span class='ocrx_word' id='word_1_728' title='bbox 677 5146 1018 5217; x_wconf 77' lang='grc' dir='ltr'>εὐδαιμονίαν</span> <span class='ocrx_word' id='word_1_729' title='bbox 1042 5152 1104 5201; x_wconf 84' lang='grc' dir='ltr'>ὲκ</span> <span class='ocrx_word' id='word_1_730' title='bbox 1128 5152 1469 5221; x_wconf 82' lang='grc' dir='ltr'>παρανομίας</span> <span class='ocrx_word' id='word_1_731' title='bbox 1495 5170 1720 5225; x_wconf 78' lang='grc' dir='ltr'>συγκρο-</span> 
     </span>
    </p>
   </div>
   <div class='ocr_carea' id='block_1_97' title="bbox 177 5231 1714 5311">
    <p class='ocr_par' dir='ltr' id='par_1_97' title="bbox 177 5231 1714 5311">
     <span class='ocr_line' id='line_1_97' title="bbox 177 5231 1714 5311; baseline 0.011 -30"><span class='ocrx_word' id='word_1_732' title='bbox 177 5231 435 5302; x_wconf 75' lang='grc' dir='ltr'>τονμένην,</span> <span class='ocrx_word' id='word_1_733' title='bbox 472 5237 608 5307; x_wconf 70' lang='grc' dir='ltr'>μηδὲ</span> <span class='ocrx_word' id='word_1_734' title='bbox 640 5237 900 5307; x_wconf 80' lang='grc' dir='ltr'>πράττειν</span> <span class='ocrx_word' id='word_1_735' title='bbox 932 5239 1170 5309; x_wconf 74' lang='grc' dir='ltr'>ἐρεθίζου</span> <span class='ocrx_word' id='word_1_736' title='bbox 1199 5242 1266 5293; x_wconf 75' lang='grc' dir='ltr'>τὰ</span> <span class='ocrx_word' id='word_1_737' title='bbox 1292 5244 1482 5311; x_wconf 78' lang='grc' dir='ltr'><strong><em>ὃμοια⁸</em></strong></span> <span class='ocrx_word' id='word_1_738' title='bbox 1514 5245 1631 5296; x_wconf 78' lang='grc' dir='ltr'>ἀλλ’</span> <span class='ocrx_word' id='word_1_739' title='bbox 1663 5248 1714 5298; x_wconf 87' lang='grc' dir='ltr'><strong><em>εί</em></strong></span> 
     </span>
    </p>
   </div>
   <div class='ocr_carea' id='block_1_98' title="bbox 180 5323 1722 5406">
    <p class='ocr_par' dir='ltr' id='par_1_98' title="bbox 180 5323 1722 5406">
     <span class='ocr_line' id='line_1_98' title="bbox 180 5323 1722 5406; baseline 0.01 -35"><span class='ocrx_word' id='word_1_740' title='bbox 180 5323 257 5406; x_wconf 66' lang='grc' dir='ltr'><strong><em>καὶ</em></strong></span> <span class='ocrx_word' id='word_1_741' title='bbox 291 5325 421 5378; x_wconf 83' lang='grc' dir='ltr'><strong><em>κατά</em></strong></span> <span class='ocrx_word' id='word_1_742' title='bbox 452 5328 579 5398; x_wconf 76' lang='grc' dir='ltr'>ῥοῦν</span> <span class='ocrx_word' id='word_1_743' title='bbox 612 5329 761 5398; x_wconf 82' lang='grc' dir='ltr'>αὐτῷ</span> <span class='ocrx_word' id='word_1_744' title='bbox 798 5332 1017 5401; x_wconf 83' lang='grc' dir='ltr'>φέρεται</span> <span class='ocrx_word' id='word_1_745' title='bbox 1051 5334 1256 5396; x_wconf 76' lang='grc' dir='ltr'>πάντα,</span> <span class='ocrx_word' id='word_1_746' title='bbox 1297 5335 1368 5403; x_wconf 81' lang='grc' dir='ltr'>μὴ</span> <span class='ocrx_word' id='word_1_747' title='bbox 1395 5333 1722 5406; x_wconf 79' lang='grc' dir='ltr'>δάκνουμη-</span> 
     </span>
    </p>
   </div>
   <div class='ocr_carea' id='block_1_99' title="bbox 180 5405 1723 5491">
    <p class='ocr_par' dir='ltr' id='par_1_99' title="bbox 180 5405 1723 5491">
     <span class='ocr_line' id='line_1_99' title="bbox 180 5405 1723 5491; baseline 0.014 -34"><span class='ocrx_word' id='word_1_748' title='bbox 180 5405 226 5457; x_wconf 78' lang='grc' dir='ltr'>δὲ</span> <span class='ocrx_word' id='word_1_749' title='bbox 249 5407 516 5484; x_wconf 75' lang='grc' dir='ltr'>δυσφόρει,</span> <span class='ocrx_word' id='word_1_750' title='bbox 540 5417 623 5468; x_wconf 81' lang='grc' dir='ltr'>ὃτι</span> <span class='ocrx_word' id='word_1_751' title='bbox 661 5417 734 5488; x_wconf 79' lang='grc' dir='ltr'>μὴ</span> <span class='ocrx_word' id='word_1_752' title='bbox 759 5418 957 5472; x_wconf 84' lang='grc' dir='ltr'>διδόασι</span> <span class='ocrx_word' id='word_1_753' title='bbox 981 5419 1136 5489; x_wconf 84' lang='grc' dir='ltr'>δίκην</span> <span class='ocrx_word' id='word_1_754' title='bbox 1168 5423 1216 5473; x_wconf 91' lang='grc' dir='ltr'><strong><em>οί</em></strong></span> <span class='ocrx_word' id='word_1_755' title='bbox 1245 5424 1487 5491; x_wconf 74' lang='grc' dir='ltr'>πονηροὶ,</span> <span class='ocrx_word' id='word_1_756' title='bbox 1521 5423 1631 5477; x_wconf 78' lang='grc' dir='ltr'>ἀλλ’</span> <span class='ocrx_word' id='word_1_757' title='bbox 1665 5405 1723 5478; x_wconf 77' lang='grc' dir='ltr'><strong><em>έν</em></strong></span> 
     </span>
    </p>
   </div>
   <div class='ocr_carea' id='block_1_100' title="bbox 181 5496 1720 5582">
    <p class='ocr_par' dir='ltr' id='par_1_100' title="bbox 181 5496 1720 5582">
     <span class='ocr_line' id='line_1_100' title="bbox 181 5496 1720 5582; baseline 0.014 -37"><span class='ocrx_word' id='word_1_758' title='bbox 181 5496 404 5572; x_wconf 68' lang='grc' dir='ltr'>εὐθηνεία</span> <span class='ocrx_word' id='word_1_759' title='bbox 432 5505 747 5574; x_wconf 75' lang='grc' dir='ltr'>διάγουσιν,</span> <span class='ocrx_word' id='word_1_760' title='bbox 800 5507 874 5569; x_wconf 82' lang='grc' dir='ltr'>ὡς</span> <span class='ocrx_word' id='word_1_761' title='bbox 921 5509 994 5578; x_wconf 76' lang='grc' dir='ltr'>μή</span> <span class='ocrx_word' id='word_1_762' title='bbox 1041 5527 1183 5573; x_wconf 87' lang='grc' dir='ltr'>τινος</span> <span class='ocrx_word' id='word_1_763' title='bbox 1226 5511 1323 5582; x_wconf 77' lang='grc' dir='ltr'>τὴν</span> <span class='ocrx_word' id='word_1_764' title='bbox 1379 5512 1514 5564; x_wconf 83' lang='grc' dir='ltr'>τίσιν</span> <span class='ocrx_word' id='word_1_765' title='bbox 1563 5513 1720 5566; x_wconf 83' lang='grc' dir='ltr'>εύού-</span> 
     </span>
    </p>
   </div>
   <div class='ocr_carea' id='block_1_101' title="bbox 180 5601 354 5655">
    <p class='ocr_par' dir='ltr' id='par_1_101' title="bbox 180 5601 354 5655">
     <span class='ocr_line' id='line_1_101' title="bbox 180 5601 354 5655; baseline 0.023 -15"><span class='ocrx_word' id='word_1_766' title='bbox 180 5601 354 5655; x_wconf 79' lang='grc' dir='ltr'>νοντος.</span> 
     </span>
    </p>
   </div>
   <div class='ocr_carea' id='block_1_102' title="bbox 239 5682 1720 5764">
    <p class='ocr_par' dir='ltr' id='par_1_102' title="bbox 239 5682 1720 5764">
     <span class='ocr_line' id='line_1_102' title="bbox 239 5682 1720 5764; baseline 0.011 -32"><span class='ocrx_word' id='word_1_767' title='bbox 239 5682 519 5747; x_wconf 78' lang='grc' dir='ltr'>Κρεῑσσον</span> <span class='ocrx_word' id='word_1_768' title='bbox 556 5688 762 5757; x_wconf 62' lang='grc' dir='ltr'><strong><em>ὀλίγον</em></strong></span> <span class='ocrx_word' id='word_1_769' title='bbox 803 5689 880 5754; x_wconf 84' lang='grc' dir='ltr'>τῷ</span> <span class='ocrx_word' id='word_1_770' title='bbox 930 5690 1136 5756; x_wconf 82' lang='grc' dir='ltr'>δικαίῳ</span> <span class='ocrx_word' id='word_1_771' title='bbox 1161 5711 1172 5722; x_wconf 77' lang='grc'><em>’</em></span> <span class='ocrx_word' id='word_1_772' title='bbox 1213 5694 1329 5746; x_wconf 69' lang='grc' dir='ltr'>ἀντὶ</span> <span class='ocrx_word' id='word_1_773' title='bbox 1377 5695 1500 5759; x_wconf 73' lang='grc' dir='ltr'>τοῦ,</span> <span class='ocrx_word' id='word_1_774' title='bbox 1541 5697 1720 5764; x_wconf 79' lang='grc' dir='ltr'>μεῖζόν</span> 
     </span>
    </p>
   </div>
   <div class='ocr_carea' id='block_1_103' title="bbox 1820 4687 3383 4758">
    <p class='ocr_par' dir='ltr' id='par_1_103' title="bbox 1820 4687 3383 4758">
     <span class='ocr_line' id='line_1_103' title="bbox 1820 4687 3383 4758; baseline -0.007 -12"><span class='ocrx_word' id='word_1_775' title='bbox 1820 4703 1925 4746; x_wconf 90' lang='lat' dir='ltr'><strong><em>tem</em></strong></span> <span class='ocrx_word' id='word_1_776' title='bbox 1964 4691 2050 4744; x_wconf 90' lang='lat' dir='ltr'><strong><em>hic</em></strong></span> <span class='ocrx_word' id='word_1_777' title='bbox 2077 4689 2327 4744; x_wconf 87' lang='lat' dir='ltr'><strong><em>subditus</em></strong></span> <span class='ocrx_word' id='word_1_778' title='bbox 2355 4699 2493 4744; x_wconf 87' lang='lat' dir='ltr'><strong><em>esto.</em></strong></span> <span class='ocrx_word' id='word_1_779' title='bbox 2527 4687 2654 4741; x_wconf 80' lang='lat' dir='ltr'><strong><em>Noli</em></strong></span> <span class='ocrx_word' id='word_1_780' title='bbox 2692 4688 2932 4742; x_wconf 72' lang='lat' dir='ltr'><strong><em>azmulari</em></strong></span> <span class='ocrx_word' id='word_1_781' title='bbox 2969 4689 3018 4740; x_wconf 85' lang='lat' dir='ltr'><strong><em>in</em></strong></span> <span class='ocrx_word' id='word_1_782' title='bbox 3045 4703 3103 4740; x_wconf 87' lang='lat' dir='ltr'><strong><em>eo</em></strong></span> <span class='ocrx_word' id='word_1_783' title='bbox 3127 4690 3216 4758; x_wconf 85' lang='lat' dir='ltr'><strong><em>qui</em></strong></span> <span class='ocrx_word' id='word_1_784' title='bbox 3260 4704 3383 4758; x_wconf 77' lang='lat' dir='ltr'><strong><em>prn-</em></strong></span> 
     </span>
    </p>
   </div>
   <div class='ocr_carea' id='block_1_104' title="bbox 1818 4777 3384 4853">
    <p class='ocr_par' dir='ltr' id='par_1_104' title="bbox 1818 4777 3384 4853">
     <span class='ocr_line' id='line_1_104' title="bbox 1818 4777 3384 4853; baseline -0.004 -14"><span class='ocrx_word' id='word_1_785' title='bbox 1818 4793 2058 4853; x_wconf 82' lang='lat' dir='ltr'><strong><em>speratur</em></strong></span> <span class='ocrx_word' id='word_1_786' title='bbox 2086 4783 2141 4835; x_wconf 85' lang='lat' dir='ltr'><strong><em>in</em></strong></span> <span class='ocrx_word' id='word_1_787' title='bbox 2165 4783 2246 4835; x_wconf 83' lang='lat' dir='ltr'><strong><em>via</em></strong></span> <span class='ocrx_word' id='word_1_788' title='bbox 2271 4798 2388 4836; x_wconf 84' lang='lat' dir='ltr'><strong><em>sua.</em></strong></span> <span class='ocrx_word' id='word_1_789' title='bbox 2422 4779 2497 4834; x_wconf 80' lang='lat' dir='ltr'><strong><em>Ne</em></strong></span> <span class='ocrx_word' id='word_1_790' title='bbox 2519 4781 2808 4842; x_wconf 70' lang='lat' dir='ltr'><strong><em>aemuleris,</em></strong></span> <span class='ocrx_word' id='word_1_791' title='bbox 2828 4780 2923 4844; x_wconf 89' lang='lat' dir='ltr'><strong><em>ait,</em></strong></span> <span class='ocrx_word' id='word_1_792' title='bbox 2941 4777 3250 4833; x_wconf 76' lang='lat' dir='ltr'><strong><em>felicitatem</em></strong></span> <span class='ocrx_word' id='word_1_793' title='bbox 3280 4781 3384 4834; x_wconf 87' lang='lat' dir='ltr'><strong><em>ini-</em></strong></span> 
     </span>
    </p>
   </div>
   <div class='ocr_carea' id='block_1_105' title="bbox 1819 4876 2440 4945">
    <p class='ocr_par' dir='ltr' id='par_1_105' title="bbox 1819 4876 2440 4945">
     <span class='ocr_line' id='line_1_105' title="bbox 1819 4876 2440 4945; baseline -0.006 -16"><span class='ocrx_word' id='word_1_794' title='bbox 1819 4876 2024 4945; x_wconf 85' lang='lat' dir='ltr'><strong><em>quitate</em></strong></span> <span class='ocrx_word' id='word_1_795' title='bbox 2049 4887 2440 4944; x_wconf 87' lang='lat' dir='ltr'><strong><em>comparatam.</em></strong></span> 
     </span>
    </p>
   </div>
   <div class='ocr_carea' id='block_1_106' title="bbox 1895 5055 3384 5130">
    <p class='ocr_par' dir='ltr' id='par_1_106' title="bbox 1895 5055 3384 5130">
     <span class='ocr_line' id='line_1_106' title="bbox 1895 5055 3384 5130; baseline -0.001 -20"><span class='ocrx_word' id='word_1_796' title='bbox 1895 5057 1993 5130; x_wconf 83' lang='lat' dir='ltr'><strong><em>[Ne</em></strong></span> <span class='ocrx_word' id='word_1_797' title='bbox 2023 5057 2382 5112; x_wconf 82' lang='lat' dir='ltr'><strong><em>admiratione</em></strong></span> <span class='ocrx_word' id='word_1_798' title='bbox 2410 5056 2644 5125; x_wconf 88' lang='lat' dir='ltr'><strong><em>capiaris</em></strong></span> <span class='ocrx_word' id='word_1_799' title='bbox 2661 5055 2777 5110; x_wconf 80' lang='lat' dir='ltr'><strong><em>viso</em></strong></span> <span class='ocrx_word' id='word_1_800' title='bbox 2802 5055 3021 5108; x_wconf 86' lang='lat' dir='ltr'><strong><em>homine</em></strong></span> <span class='ocrx_word' id='word_1_801' title='bbox 3047 5055 3233 5123; x_wconf 86' lang='lat' dir='ltr'><strong><em>iniquo</em></strong></span> <span class='ocrx_word' id='word_1_802' title='bbox 3261 5070 3384 5124; x_wconf 87' lang='lat' dir='ltr'><strong><em>prn-</em></strong></span> 
     </span>
    </p>
   </div>
   <div class='ocr_carea' id='block_1_107' title="bbox 1825 5145 3379 5218">
    <p class='ocr_par' dir='ltr' id='par_1_107' title="bbox 1825 5145 3379 5218">
     <span class='ocr_line' id='line_1_107' title="bbox 1825 5145 3379 5218; baseline -0.003 -16"><span class='ocrx_word' id='word_1_803' title='bbox 1825 5164 1978 5217; x_wconf 86' lang='lat' dir='ltr'><strong><em>spere</em></strong></span> <span class='ocrx_word' id='word_1_804' title='bbox 2006 5158 2220 5218; x_wconf 79' lang='lat' dir='ltr'><strong><em>agente,</em></strong></span> <span class='ocrx_word' id='word_1_805' title='bbox 2243 5162 2417 5216; x_wconf 90' lang='lat' dir='ltr'><strong><em>neque</em></strong></span> <span class='ocrx_word' id='word_1_806' title='bbox 2441 5145 2710 5200; x_wconf 75' lang='lat' dir='ltr'><strong><em>aemuleris</em></strong></span> <span class='ocrx_word' id='word_1_807' title='bbox 2739 5145 3048 5200; x_wconf 84' lang='lat' dir='ltr'><strong><em>felicitatem</em></strong></span> <span class='ocrx_word' id='word_1_808' title='bbox 3075 5161 3140 5198; x_wconf 80' lang='lat' dir='ltr'><strong><em>ex</em></strong></span> <span class='ocrx_word' id='word_1_809' title='bbox 3172 5145 3379 5216; x_wconf 80' lang='lat' dir='ltr'><strong><em>injusti-</em></strong></span> 
     </span>
    </p>
   </div>
   <div class='ocr_carea' id='block_1_108' title="bbox 1829 5236 3381 5307">
    <p class='ocr_par' dir='ltr' id='par_1_108' title="bbox 1829 5236 3381 5307">
     <span class='ocr_line' id='line_1_108' title="bbox 1829 5236 3381 5307; baseline -0.001 -17"><span class='ocrx_word' id='word_1_810' title='bbox 1829 5241 1897 5292; x_wconf 85' lang='lat' dir='ltr'><strong><em>tia</em></strong></span> <span class='ocrx_word' id='word_1_811' title='bbox 1927 5239 2270 5305; x_wconf 79' lang='lat' dir='ltr'><strong><em>acquisilam,</em></strong></span> <span class='ocrx_word' id='word_1_812' title='bbox 2298 5252 2470 5305; x_wconf 86' lang='lat' dir='ltr'><strong><em>neque</em></strong></span> <span class='ocrx_word' id='word_1_813' title='bbox 2497 5236 2792 5290; x_wconf 88' lang='lat' dir='ltr'><strong><em>stimuleris</em></strong></span> <span class='ocrx_word' id='word_1_814' title='bbox 2818 5236 2884 5290; x_wconf 92' lang='lat' dir='ltr'><strong><em>ad</em></strong></span> <span class='ocrx_word' id='word_1_815' title='bbox 2917 5236 3115 5290; x_wconf 87' lang='lat' dir='ltr'><strong><em>similia</em></strong></span> <span class='ocrx_word' id='word_1_816' title='bbox 3146 5237 3381 5307; x_wconf 79' lang='lat' dir='ltr'><strong><em>agenda:</em></strong></span> 
     </span>
    </p>
   </div>
   <div class='ocr_carea' id='block_1_109' title="bbox 1827 5327 3380 5396">
    <p class='ocr_par' dir='ltr' id='par_1_109' title="bbox 1827 5327 3380 5396">
     <span class='ocr_line' id='line_1_109' title="bbox 1827 5327 3380 5396; baseline -0.001 -15"><span class='ocrx_word' id='word_1_817' title='bbox 1827 5329 1916 5381; x_wconf 83' lang='lat' dir='ltr'><strong><em>scd</em></strong></span> <span class='ocrx_word' id='word_1_818' title='bbox 1944 5328 2155 5382; x_wconf 85' lang='lat' dir='ltr'><strong><em>etiamsi</em></strong></span> <span class='ocrx_word' id='word_1_819' title='bbox 2196 5329 2377 5381; x_wconf 90' lang='lat' dir='ltr'><strong><em>omnia</em></strong></span> <span class='ocrx_word' id='word_1_820' title='bbox 2416 5328 2514 5396; x_wconf 88' lang='lat' dir='ltr'><strong><em>ipsi</em></strong></span> <span class='ocrx_word' id='word_1_821' title='bbox 2555 5343 2620 5382; x_wconf 80' lang='lat' dir='ltr'><strong><em>ex</em></strong></span> <span class='ocrx_word' id='word_1_822' title='bbox 2656 5335 2781 5381; x_wconf 84' lang='lat' dir='ltr'><strong><em>voto</em></strong></span> <span class='ocrx_word' id='word_1_823' title='bbox 2822 5338 3015 5396; x_wconf 90' lang='lat' dir='ltr'><strong><em>sponte</em></strong></span> <span class='ocrx_word' id='word_1_824' title='bbox 3049 5327 3380 5390; x_wconf 84' lang='lat' dir='ltr'><strong><em>succedant,</em></strong></span> 
     </span>
    </p>
   </div>
   <div class='ocr_carea' id='block_1_110' title="bbox 1829 5417 3386 5486">
    <p class='ocr_par' dir='ltr' id='par_1_110' title="bbox 1829 5417 3386 5486">
     <span class='ocr_line' id='line_1_110' title="bbox 1829 5417 3386 5486; baseline -0.001 -15"><span class='ocrx_word' id='word_1_825' title='bbox 1829 5435 1893 5471; x_wconf 90' lang='lat' dir='ltr'><strong><em>ne</em></strong></span> <span class='ocrx_word' id='word_1_826' title='bbox 1926 5418 2111 5471; x_wconf 82' lang='lat' dir='ltr'><strong><em>doleas</em></strong></span> <span class='ocrx_word' id='word_1_827' title='bbox 2144 5433 2244 5469; x_wconf 87' lang='lat' dir='ltr'><strong><em>neu</em></strong></span> <span class='ocrx_word' id='word_1_828' title='bbox 2289 5418 2502 5486; x_wconf 81' lang='lat' dir='ltr'><strong><em>indigne</em></strong></span> <span class='ocrx_word' id='word_1_829' title='bbox 2535 5417 2706 5482; x_wconf 80' lang='lat' dir='ltr'><strong><em>feras,</em></strong></span> <span class='ocrx_word' id='word_1_830' title='bbox 2739 5418 2894 5486; x_wconf 87' lang='lat' dir='ltr'><strong><em>quasi</em></strong></span> <span class='ocrx_word' id='word_1_831' title='bbox 2928 5417 3158 5484; x_wconf 88' lang='lat' dir='ltr'><strong><em>improbi</em></strong></span> <span class='ocrx_word' id='word_1_832' title='bbox 3200 5431 3386 5484; x_wconf 62' lang='lat' dir='ltr'><strong><em>pasnas</em></strong></span> 
     </span>
    </p>
   </div>
   <div class='ocr_carea' id='block_1_111' title="bbox 1827 5508 3385 5578">
    <p class='ocr_par' dir='ltr' id='par_1_111' title="bbox 1827 5508 3385 5578">
     <span class='ocr_line' id='line_1_111' title="bbox 1827 5508 3385 5578; baseline -0.002 -15"><span class='ocrx_word' id='word_1_833' title='bbox 1827 5527 1934 5564; x_wconf 90' lang='lat' dir='ltr'><strong><em>non</em></strong></span> <span class='ocrx_word' id='word_1_834' title='bbox 1963 5511 2147 5574; x_wconf 90' lang='lat' dir='ltr'><strong><em>luant,</em></strong></span> <span class='ocrx_word' id='word_1_835' title='bbox 2180 5508 2273 5561; x_wconf 85' lang='lat' dir='ltr'><strong><em>sed</em></strong></span> <span class='ocrx_word' id='word_1_836' title='bbox 2307 5523 2563 5578; x_wconf 88' lang='lat' dir='ltr'><strong><em>prospere</em></strong></span> <span class='ocrx_word' id='word_1_837' title='bbox 2598 5519 2780 5578; x_wconf 80' lang='lat' dir='ltr'><strong><em>agant,</em></strong></span> <span class='ocrx_word' id='word_1_838' title='bbox 2819 5525 2917 5563; x_wconf 92' lang='lat' dir='ltr'><strong><em>ceu</em></strong></span> <span class='ocrx_word' id='word_1_839' title='bbox 2949 5508 3099 5562; x_wconf 90' lang='lat' dir='ltr'><strong><em>nullo</em></strong></span> <span class='ocrx_word' id='word_1_840' title='bbox 3127 5508 3385 5563; x_wconf 85' lang='lat' dir='ltr'><strong><em>ultionem</em></strong></span> 
     </span>
    </p>
   </div>
   <div class='ocr_carea' id='block_1_112' title="bbox 1823 5602 2618 5671">
    <p class='ocr_par' dir='ltr' id='par_1_112' title="bbox 1823 5602 2618 5671">
     <span class='ocr_line' id='line_1_112' title="bbox 1823 5602 2618 5671; baseline -0.004 -15"><span class='ocrx_word' id='word_1_841' title='bbox 1823 5615 1874 5656; x_wconf 79' lang='lat' dir='ltr'><strong><em>ct</em></strong></span> <span class='ocrx_word' id='word_1_842' title='bbox 1903 5603 2310 5671; x_wconf 64' lang='lat' dir='ltr'><strong><em>castigationem</em></strong></span> <span class='ocrx_word' id='word_1_843' title='bbox 2338 5602 2618 5654; x_wconf 79' lang='lat' dir='ltr'><strong><em>intercute.</em></strong></span> 
     </span>
    </p>
   </div>
   <div class='ocr_carea' id='block_1_113' title="bbox 1895 5693 3390 5760">
    <p class='ocr_par' dir='ltr' id='par_1_113' title="bbox 1895 5693 3390 5760">
     <span class='ocr_line' id='line_1_113' title="bbox 1895 5693 3390 5760; baseline -0.001 -13"><span class='ocrx_word' id='word_1_844' title='bbox 1895 5695 2083 5749; x_wconf 76' lang='lat' dir='ltr'><strong><em>Melius</em></strong></span> <span class='ocrx_word' id='word_1_845' title='bbox 2113 5705 2186 5746; x_wconf 87' lang='lat' dir='ltr'><strong><em>cst</em></strong></span> <span class='ocrx_word' id='word_1_846' title='bbox 2213 5696 2469 5748; x_wconf 80' lang='lat' dir='ltr'><strong><em>modicum</em></strong></span> <span class='ocrx_word' id='word_1_847' title='bbox 2496 5694 2645 5760; x_wconf 74' lang='lat' dir='ltr'><strong><em>justo</em></strong></span> <span class='ocrx_word' id='word_1_848' title='bbox 2669 5736 2683 5756; x_wconf 93' lang='lat'><strong><em>,</em></strong></span> <span class='ocrx_word' id='word_1_849' title='bbox 2721 5711 2782 5747; x_wconf 83' lang='lat' dir='ltr'><strong><em>ac</em></strong></span> <span class='ocrx_word' id='word_1_850' title='bbox 2813 5693 2856 5747; x_wconf 85' lang='lat' dir='ltr'><strong><em>si</em></strong></span> <span class='ocrx_word' id='word_1_851' title='bbox 2888 5695 3059 5758; x_wconf 81' lang='lat' dir='ltr'><strong><em>dicat,</em></strong></span> <span class='ocrx_word' id='word_1_852' title='bbox 3095 5693 3283 5747; x_wconf 88' lang='lat' dir='ltr'><strong><em>melior</em></strong></span> <span class='ocrx_word' id='word_1_853' title='bbox 3309 5701 3390 5746; x_wconf 82' lang='lat' dir='ltr'><strong><em>est</em></strong></span> 
     </span>
    </p>
   </div>
   <div class='ocr_carea' id='block_1_114' title="bbox 243 5789 1987 5876">
    <p class='ocr_par' dir='ltr' id='par_1_114' title="bbox 243 5789 1987 5876">
     <span class='ocr_line' id='line_1_114' title="bbox 243 5789 1987 5876; baseline 0.021 -34"><span class='ocrx_word' id='word_1_854' title='bbox 243 5789 281 5817; x_wconf 80' lang='lat'><strong>&quot;</strong></span> <span class='ocrx_word' id='word_1_855' title='bbox 311 5791 488 5849; x_wconf 72' lang='lat' dir='ltr'><strong><em>Matth.</em></strong></span> <span class='ocrx_word' id='word_1_856' title='bbox 520 5813 642 5861; x_wconf 77' lang='lat' dir='ltr'><strong><em>xm,</em></strong></span> <span class='ocrx_word' id='word_1_857' title='bbox 679 5799 766 5853; x_wconf 66' lang='grc'><strong><em>63.</em></strong></span> <span class='ocrx_word' id='word_1_858' title='bbox 831 5803 874 5834; x_wconf 71' lang='grc'>⁸⁸</span> <span class='ocrx_word' id='word_1_859' title='bbox 904 5803 1034 5862; x_wconf 90' lang='lat' dir='ltr'><strong><em>Luc.</em></strong></span> <span class='ocrx_word' id='word_1_860' title='bbox 1085 5824 1238 5874; x_wconf 73' lang='lat' dir='ltr'><strong><em>xxut,</em></strong></span> <span class='ocrx_word' id='word_1_861' title='bbox 1277 5811 1364 5864; x_wconf 70' lang='grc'><strong><em>43.</em></strong></span> <span class='ocrx_word' id='word_1_862' title='bbox 1446 5810 1491 5840; x_wconf 77' lang='grc'><strong><em>⁸⁸</em></strong></span> <span class='ocrx_word' id='word_1_863' title='bbox 1519 5809 1710 5866; x_wconf 72' lang='lat' dir='ltr'><strong><em>Matth-</em></strong></span> <span class='ocrx_word' id='word_1_864' title='bbox 1754 5828 1868 5876; x_wconf 66' lang='lat' dir='ltr'><strong><em>Xllls</em></strong></span> <span class='ocrx_word' id='word_1_865' title='bbox 1911 5810 1987 5864; x_wconf 69' lang='grc' dir='ltr'><strong><em>ίδ·</em></strong></span> 
     </span>
    </p>
   </div>
   <div class='ocr_carea' id='block_1_115' title="bbox 245 5880 798 5948">
    <p class='ocr_par' dir='ltr' id='par_1_115' title="bbox 245 5880 798 5948">
     <span class='ocr_line' id='line_1_115' title="bbox 245 5880 798 5948; baseline -0.005 0"><span class='ocrx_word' id='word_1_866' title='bbox 245 5880 310 5948; x_wconf 68' lang='grc'><strong><em>(⁸)</em></strong></span> <span class='ocrx_word' id='word_1_867' title='bbox 347 5885 496 5943; x_wconf 82' lang='lat' dir='ltr'><strong><em>Deest</em></strong></span> <span class='ocrx_word' id='word_1_868' title='bbox 529 5907 607 5944; x_wconf 87' lang='grc' dir='ltr'><strong><em>σε.</em></strong></span> <span class='ocrx_word' id='word_1_869' title='bbox 642 5889 798 5945; x_wconf 74' lang='lat' dir='ltr'><strong><em>Enn.</em></strong></span> 
     </span>
    </p>
   </div>
  </div>
