4122 6488
710 459 810 515 179

1537 463 1595 518 S.
1636 465 2007 523 ATHANASII
2045 468 2199 524 OPP.
2240 470 2417 527 PARS
2456 474 2545 528 lli.
2589 502 2655 512 —
2694 473 3108 533 EXECETICA.

3832 485 3930 539 l80

705 573 915 628 modica
956 572 1170 628 Domini
1200 571 1569 630 misericordia
1594 619 1609 642 ,
1651 595 1816 648 quam
1845 595 2034 637 omnes
2068 584 2253 638 mundi
2287 640 2290 646 η

2365 588 2472 639 [στι
2508 591 2699 660 {147.9%
2738 590 2884 654 ἔλεος
2916 592 3007 643 τοῦ
3039 592 3239 662 Κυρίου
3275 593 3413 664 ὑπὲρ
3440 593 3616 648 πάντα
3649 597 3741 649 τὸν
3769 598 3936 654 πλοῦ-

703 663 947 736 divitia]

773 756 823 809 8.
854 755 1043 809 Desine
1063 757 1126 809 ab
1157 757 1257 823 ira,
1291 766 1340 810 et
1367 757 1662 829 derelinque
1694 761 1940 817 furorem.
1974 763 2050 817 Ne
2080 766 2249 833 respi-

700 847 813 899 cias
842 848 1245 915 prosperitatem
1267 863 1477 913 eorum,
1508 850 1605 905 sed
1630 862 1940 921 exspectato
1970 855 2128 909 linem
2154 896 2168 918 ,
2200 868 2254 910 et

698 937 905 991 videbis
946 938 1261 1005 perniciem.
1300 939 1381 994 lra
1428 952 1607 996 autem
1649 954 1731 997 est
1769 947 2037 1015 appetitus
2078 947 2254 1000 vindi-

699 1038 798 1081 cta:
830 1046 842 1080 :
881 1028 1112 1082 vindicta
1139 1040 1319 1084 autem
1349 1032 1474 1085 mali
1502 1034 1806 1090 retributio.
1844 1036 1971 1089 Noli
2014 1040 2254 1091 inmutari

700 1130 758 1171 ut
785 1118 1105 1188 maligneris.
1141 1118 1315 1175 Probe
1358 1124 1503 1176 nosti
1536 1125 1677 1193 quod
1710 1126 1745 1178 ii
1785 1128 1878 1195 qui
1920 1129 1985 1181 ad
2017 1128 2253 1183 divinam

698 1223 758 1263 se
799 1224 947 1279 spem
977 1210 1398 1276 commiserunt,
1427 1223 1481 1267 et
1518 1213 1658 1284 frugi
1708 1216 1871 1270 vitam
1906 1216 2252 1289 delegerunt,

700 1320 713 1346 ι
736 1313 822 1351 um
858 1299 1244 1367 tranquillitate
1266 1310 1318 1354 et
1348 1317 1498 1370 pace,
1532 1311 1588 1356 et
1613 1304 1886 1373 voluptate
1916 1306 2136 1376 degunt.
2166 1310 2255 1362 lir-

698 1402 841 1442 mam
874 1389 1182 1445 obtinentes
1214 1391 1562 1447 conscientiae
1589 1394 1917 1462 puritatem;
1948 1397 2043 1466 qui
2075 1407 2253 1452 autem

697 1489 1057 1549 temporaneae
1099 1482 1441 1552 prosperitati
1491 1482 1701 1552 fidunt,
1752 1496 2055 1556 promptam
2104 1489 2256 1545 inve-

697 1569 848 1625 nient
876 1571 1252 1635 mutationem,
1286 1582 1339 1627 et
1370 1574 1629 1630 oblivioni
1658 1577 1870 1645 penitus
1900 1578 2201 1634 tradentur.

774 1749 853 1803 l0.
886 1750 957 1803 Et
977 1769 1173 1821 quazres
1210 1754 1381 1806 locum
1420 1756 1532 1823 ejus
1568 1765 1617 1808 et
1646 1771 1747 1808 non
1779 1757 2024 1811 inuenies.
2064 1759 2251 1815 Simile

696 1841 841 1897 dicto
865 1842 989 1897 huic
1016 1860 1029 1894 :
1068 1842 1229 1913 [mpii
1260 1854 1431 1898 autem
1459 1847 1715 1900 radicitus
1734 1848 1973 1914 peribunt
1996 1850 2060 1901 ⁸⁷.

2356 695 2448 730 τον
2473 680 2567 732 τοῦ
2606 682 2831 752 κόσμου.
2852 682 2872 753 ]

2428 772 2655 826 Παῦσαι
2684 774 2802 827 ἀπὸ
2828 775 3027 843 ὀργῆς,
3052 777 3150 829 καὶ
3175 775 3560 845 ἐγνιατάλειπε
3582 781 3793 847 θυμόν.
3842 782 3935 852 Μὴ

2358 861 2471 932 ἴδῃς
2499 863 2676 916 αὐτῶν
2709 866 2806 935 τὴν
2838 867 3136 937 εὐημερίαν
3160 908 3174 931 ,
3209 867 3344 921 ἀλλά
3374 870 3701 939 πρόσμεινον
3741 872 3803 923 τὸ
3843 873 3937 924 τέ-

2354 954 2445 1017 λος
2470 993 2483 1015 ,
2519 956 2607 1006 καὶ
2638 954 2759 1022 ὄψει
2791 956 2878 1007 τὸν
2905 957 3142 1027 ὄλεθρον.
3189 959 3353 1030 Ὀργὴ
3383 959 3440 1012 δέ
3470 961 3616 1014 ἐστιν
3646 961 3827 1030 ὄρεξις
3852 979 3936 1014 τις

2362 1046 2600 1117 μωρίαςο
2635 1049 2870 1118 τιμωρία
2912 1048 2967 1101 δέ
3013 1050 3132 1101 ἐστι
3181 1050 3350 1103 κακοῦ
3383 1052 3751 1116 ἀνταπόδοσις.
3830 1054 3933 1123 Μὴ

2359 1136 2696 1204 παραζήλου
2727 1138 2881 1192 ὥστε
2911 1142 3362 1209 πονηρεύεσθαι.
3388 1139 3461 1195 Εὖ
3488 1142 3615 1207 ῐσθι,
3643 1144 3725 1197 ὅτι
3755 1147 3803 1198 οἱ
3833 1146 3939 1216 μὲν

2358 1226 2458 1295 τῆς
2486 1226 2636 1289 θείας
2662 1227 2876 1292 ἐλπίδος
2898 1232 3035 1298 σφᾶς
3057 1232 3254 1294 αὐτοὺς
3273 1233 3693 1303 ἀναρτήσαντες,
3726 1235 3936 1289 καὶτὸν

2361 1316 2579 1387 ἐπιεικῆ
2626 1318 3046 1389 προαιρούμενοι
3096 1320 3240 1391 βίον,
3300 1323 3358 1375 ὲν
3392 1324 3790 1398 ἀπραγμοσύνῃ
3840 1327 3937 1378 καὶ

2361 1409 2555 1479 εἰρήνῃ
2581 1408 2904 1476 διατελοῦσι,
2929 1414 3138 1484 τρυφὴν
3159 1414 3373 1484 ἔχοντες
3404 1416 3627 1487 μόνιμον
3652 1417 3745 1470 τοῦ
3768 1401 3951 1472 συνειί

2362 1500 2512 1564 δότος
2537 1502 2635 1573 τήν
2663 1502 3010 1574 καθαρότητα
3029 1520 3042 1533 ⁸
3066 1505 3114 1556 oi
3144 1505 3201 1557 δὲ
3229 1507 3294 1575 τῇ
3321 1507 3638 1577 προσκαίρῳ
3665 1508 3939 1578 εὐημερίᾳ

2362 1587 2688 1659 θαρροῦντες
2718 1596 2939 1661 ταχείαν
2973 1593 3211 1658 δέξονται
3245 1595 3342 1665 τὴν
3375 1595 3695 1666 μεταϐολὴν,
3731 1598 3824 1649 καὶ
3842 1596 3946 1666 λή-

2362 1677 2431 1749 θῃ
2456 1680 2919 1751 παραδοθήσονται
2943 1683 3212 1738 παντελεῖ.

2429 1771 2538 1824 Kal
2570 1771 2840 1839 ζητήσεις
2871 1775 2976 1828 τὸν
3005 1778 3192 1830 τόπον
3228 1776 3433 1841 αὐτοῦ,
3480 1778 3577 1831 καὶ
3614 1780 3686 1833 οὐ
3725 1778 3812 1848 μὴ
3841 1782 3950 1833 εὔ-

2354 1880 2493 1930 ρης-
2537 1865 2760 1935 Ὅμοιον
2806 1864 2883 1936 τῷ
2934 1867 3239 1939 εἰρημένῳο
3269 1872 3334 1923 οι
3382 1868 3452 1922 δὲ
3482 1870 3721 1937 ἀσεϐεῖς
3768 1873 3949 1939 6.16p-

2290 1942 2333 1997 B
2357 1946 2503 2014 ριὢι
2533 1950 2918 2006 ἀπολοῦνται.

766 2024 955 2080 Daniel
998 2027 1283 2081 Barbarus.
1324 2028 1406 2080 ll.
1440 2025 1702 2084 Mansueti
1751 2043 1925 2086 autem
1972 2034 2357 2091 hareditabunt
2404 2050 2621 2095 terram.
2681 2043 2903 2099 Terram
2954 2047 3351 2105 h&rcditabunt
3417 2052 3509 2121 qui
3569 2054 3941 2123 perniciosum

696 2116 989 2173 iracundiae
1040 2117 1291 2172 allectum
1344 2119 1686 2189 spiraverint.
1744 2120 1827 2176 lra
1857 2124 1998 2177 enim
2044 2136 2098 2180 et
2154 2130 2450 2197 prudentes
2498 2134 2692 2202 perdit,
2744 2135 3009 2205 siquidem
3042 2139 3337 2208 quominus
3382 2116 3606 2196 honeste
3648 2157 3707 2197 se
3750 2135 3948 2213 geran‘

696 2212 1083 2282 impediuntur.
1116 2211 1211 2266 Ira
1260 2214 1397 2267 enim
1440 2214 1539 2266 viri
1594 2213 1690 2268 Dei
1728 2216 1999 2283 justitiam
2058 2235 2161 2272 non
2203 2226 2525 2290 operatur".
2562 2226 2829 2283 Caeterum
2875 2230 2943 2285 ab
2971 2230 3050 2285 ira
3099 2241 3153 2286 et
3190 2231 3375 2288 furore
3414 2233 3507 2288 Dei
3557 2211 3788 2291 securus
3817 2247 3903 2291 est
3928 2263 3944 2283 ν

693 2306 787 2376 qui
816 2306 1053 2359 abstinet
1083 2304 1152 2358 ab
1182 2304 1249 2359 iis
1269 2318 1391 2373 qua:
1426 2303 1565 2357 iram
1591 2315 1644 2358 et
1683 2305 1922 2361 furorem
1958 2311 2251 2366 concitant.

776 2398 843 2453 Et
887 2397 1285 2453 delectabantur
1309 2399 1364 2451 in
1398 2398 1733 2453 multitudine
1765 2404 1933 2469 pacis.
1968 2401 2267 2459 Delectatio

695 2492 834 2560 justi
868 2507 1080 2547 summa
1115 2508 1219 2561 pax
1247 2500 1350 2558 est,
1376 2502 1431 2546 et
1458 2500 1540 2546 est
1567 2493 1813 2563 quadam
1844 2510 1942 2549 ceu
1971 2496 2267 2553 indolentia

702 2583 872 2637 animi
911 2598 1033 2637 cum
1060 2600 1183 2639 vera
1210 2599 1389 2637 rerum
1424 2584 1670 2638 scientia.

779 2675 866 2727 12.
921 2674 1225 2730 Observabit
1274 2683 1515 2743 peccator
1552 2675 1780 2743 justum.
1832 2675 1887 2730 ΙιΙ
1939 2677 2006 2732 de
2047 2678 2265 2733 diabolo

702 2776 885 2834 potest
913 2776 1214 2836 opportune
1242 2765 1436 2835 accipi,
1464 2774 1625 2835 atque
1659 2767 1807 2822 hisce
1835 2769 2263 2825 consolationem

703 2859 857 2914 affert
887 2859 953 2914 iis
978 2859 1070 2928 qui
1108 2858 1302 2928 injuria
1332 2857 1659 2913 adiciuntur.
1689 2858 1923 2913 Exhibet
1956 2861 2101 2914 enim
2137 2875 2265 2929 pec~

704 2962 940 3006 calorem
988 2952 1256 3007 dolentem
1306 2967 1369 3006 ac
1419 2950 1689 3005 furentem
1736 2951 1999 3006 adversus
2036 2966 2130 3007 eos
2170 2950 2263 3019 qui

709 3042 1051 3110 tranquillam
1086 3039 1319 3109 atttplexi
1358 3050 1485 3095 sunt
1521 3040 1727 3104 vitam;
1757 3040 1965 3109 justum
2000 3055 2128 3095 vero
2169 3039 2261 3109 ju-

705 3132 879 3186 dicem
905 3131 1239 3186 deridentem
1271 3131 1389 3200 ejus
1430 3140 1576 3200 gesta
1610 3150 1623 3186 :
1654 3133 1850 3201 quippe
1892 3132 1985 3201 qui
2015 3147 2143 3187 mox
2177 3132 2261 3185 fu-

704 3232 881 3276 turam
908 3222 1027 3291 ejus
1057 3233 1282 3277 intortem
1312 3222 1628 3292 prospiciat.

768 3312 854 3365 i3.
892 3310 1146 3365 Dominus
1194 3323 1368 3366 autem
1415 3313 1658 3367 irridebit
1700 3330 1838 3367 eum.
1891 3314 2122 3376 lrridet,
2175 3314 2258 3367 in-
2286 3352 2328 3408 ϐ

700 3406 838 3474 quit,
873 3416 1219 3474 peccatorum
1248 3405 1473 3460 insidias
1511 3405 1771 3460 adversus
1809 3405 2059 3474 justum;
2085 3403 2260 3459 sciens

701 3500 919 3569 quidem
959 3498 1102 3567 quod
1151 3497 1293 3550 diem
1339 3497 1563 3558 statuit,
1602 3499 1657 3550 in
1700 3511 1810 3564 quo
1860 3494 1989 3550 huic
2039 3495 2260 3564 quidem

700 3601 956 3647 cternam
988 3590 1149 3642 vitam
1176 3628 1191 3652 ,
1228 3588 1300 3641 illi
1352 3602 1480 3642 vero
1513 3587 1899 3657 sempiternum
1936 3587 2258 3658 supplicium

702 3682 979 3735 retribuet.

775 3774 862 3826 14.
915 3771 1162 3826 Gladium
1202 3773 1599 3841 eoaginaverunt
1644 3780 2007 3839 peccatores...
2054 3771 2260 3840 gladius

700 3880 879 3919 eorum
908 3865 1067 3918 intret
1110 3866 1166 3917 in
1197 3865 1356 3917 corda
1382 3865 1634 3931 ipsorum.
1682 3861 1781 3924 Ea,
1811 3862 2020 3931 inquit,
2057 3863 2260 3917 daemo-

700 3972 801 4012 nes
827 3956 966 4009 mala
999 3963 1130 4010 sunt
1156 3952 1421 4024 perpessi,
1457 3968 1579 4022 quas
1604 3953 1809 4009 sanctis
1835 3952 2036 4009 inferre
2070 3955 2263 4008 molie-

702 4050 921 4105 bantur.

770 4139 857 4194 l8.
898 4136 1056 4192 Novit
1090 4135 1341 4192 Dominus
1388 4137 1501 4190 uias
1546 4135 2027 4189 immaculatorum.
2074 4135 2128 4190 ld
2160 4143 2261 4198 est,

701 4228 963 4298 approbat
1000 4240 1056 4281 et
1091 4228 1341 4281 honorat.
1379 4224 1449 4279 Et
1491 4224 1771 4279 hareditas
1808 4242 1987 4281 eorum
2027 4226 2081 4279 in
2114 4235 2265 4279 teter-

702 4334 826 4371 num
865 4318 985 4370 erit.
1016 4316 1347 4385 lncorrupta:
1390 4330 1625 4385 namque
1664 4325 1718 4369 et
1758 4318 2098 4385 sempiternae
2137 4325 2263 4372 sunt

704 4418 1017 4465 sanctorum
1054 4408 1355 4463 mercedes.

778 4502 864 4555 19.
900 4499 1021 4553 Non
1050 4499 1435 4567 confundentur
1476 4500 1532 4551 in
1572 4508 1798 4567 tempore
1838 4500 1997 4552 malo.
2049 4500 2104 4553 lu
2146 4515 2267 4569 per-

703 4592 1070 4654 secutionum,
1109 4589 1305 4658 inquit,
1347 4589 1706 4659 temporibus,
1738 4587 2118 4644 deficientibus
2147 4605 2264 4643 ma-

2441 2408 2549 2461 Kal
2574 2409 3140 2477 κατατρυςρήσουσιν
3162 2412 3258 2463 ἐπὶ
3281 2411 3493 2478 πλήθει
3514 2413 3775 2481 εἰρήνης.
3802 2414 3944 2484 Τρυ-

2374 2500 2448 2568 φὴ
2477 2499 2707 2563 δικαίου,
2732 2500 2935 2570 πλῆθος
2951 2502 3172 2573 εἰρήνης
3198 2504 3344 2556 ἐστίν
3360 2521 3373 2533 ·
3397 2503 3632 2557 ἀπάθεια
3652 2504 3707 2557 δὲ
3738 2505 3942 2575 ψυχῆς,

2374 2587 2510 2659 μετά
2539 2588 2791 2656 γνώσεως
2821 2592 2927 2643 τῶν
2950 2592 3117 2645 ὄντων
3142 2592 3392 2664 ἀληθοῦς.

2438 2680 2923 2748 Παρατηρήσεται
2939 2684 2972 2735 d
2994 2681 3340 2750 ἁμαρτωλὸς
3366 2683 3467 2736 τὸν
3483 2683 3735 2738 δίκαιον.
3770 2685 3948 2738 Τοῦτο

2369 2771 2463 2823 καὶ
2477 2772 2567 2824 ἐπὶ
2580 2770 2673 2823 τοῦ
2689 2771 2933 2824 διαὸόλου
2963 2771 3231 2841 ληφθῆναι
3257 2775 3583 2846 πρόσφορον,
3608 2776 3700 2828 καὶ
3714 2775 3801 2827 διὰ
3819 2774 3948 2827 τού-

2369 2878 2476 2914 των
2504 2863 2828 2935 παραψυχὴν
2852 2866 2961 2927 τοί.⁵
2988 2863 3359 2935 ἀδικουμένοις
3379 2866 3695 2938 προσφέρει.
3722 2865 3947 2918 Δείκνυο

2371 2969 2423 3006 σι
2475 2953 2580 3025 γάρ
2630 2954 2719 3008 τὸν
2754 2955 2851 3025 μὲν
2882 2956 3196 3027 παράνομον
3230 2956 3496 3010 λυποῦντα
3527 2959 3623 3011 καὶ
3659 2960 3946 3028 μεμηνότα

2368 3044 2508 3097 κατὰ
2534 3044 2640 3097 τῶν
2669 3046 2998 3116 ἀπράγμονα
3030 3047 3143 3115 βίον
3170 3048 3560 3117 ἀσπαζομένων
3579 3087 3594 3111 ,
3625 3050 3717 3101 τὸν
3760 3049 3819 3102 δὲ
3862 3050 3946 3102 δί-

2366 3150 2518 3185 καιον
2551 3133 2741 3203 κριτήν
2780 3133 3162 3201 καταγελῶντα
3189 3136 3287 3206 τῆς
3309 3138 3672 3208 ἐγχειρήσεως
3691 3177 3705 3202 ,
3746 3138 3840 3190 ἀτε
3873 3139 3942 3209 δὴ

2362 3226 2461 3296 τὴν
2492 3227 2711 3295 ταχεῖαν
2740 3225 2905 3277 αὐτοῦ
2938 3225 3193 3297 τελευτὴν
3220 3228 3552 3299 προορῶντα.

2446 3315 2499 3366 '0
2522 3313 2589 3367 δὲ
2606 3316 2818 3382 Κύριος
2840 3314 3225 3384 ἐκγελάσεται
3254 3318 3456 3371 αὐτόν.
3498 3319 3753 3391 Διαγελᾷ,
3782 3321 3942 3390 φησι,

2358 3405 2458 3468 τὰς
2509 3406 2649 3459 κκτά
2706 3406 2800 3459 τοῦ
2855 3406 3061 3459 δικαίου
3100 3406 3389 3470 ἐπιϐουλὰς
3424 3408 3518 3461 τοῦ
3573 3410 3940 3480 ἀμαρτωλοῖν

2360 3495 2536 3561 εἰδὼς,
2570 3496 2645 3559 ὡς
2678 3496 2903 3565 ἔστησεν
2932 3496 3144 3567 ἡμέραν
3178 3497 3300 3550 καθ’
3326 3499 3392 3569 ήν
3417 3498 3494 3569 τῷ
3528 3500 3626 3568 μὲν
3664 3499 3943 3555 ἀποδώσει

2361 3588 2458 3659 τὴν
2489 3587 2704 3641 αἰώνιον
2729 3588 2893 3660 ζωήν,
2917 3588 2995 3660 τῷ
3022 3588 3078 3641 δὲ
3096 3588 3195 3659 τὴν
3220 3588 3435 3643 αἰώνιον
3465 3590 3704 3645 κόλασιν.

2443 3766 2769 3835 Ῥομφαίαν
2787 3766 3137 3821 ἐσπάσαντο
3159 3770 3215 3820 ol
3238 3765 3605 3835 ἁμαρτωλοὶ,
3638 3767 3945 3821 ἐνέτειναν·

2361 3858 2540 3919 τόξον
2576 3856 2775 3910 αὐτῶν
2809 3897 2822 3911 .
2856 3897 2871 3911 .
2912 3898 2925 3910 .
2960 3859 2999 3925 ἡ
3043 3858 3310 3926 ῥομφαία
3336 3856 3535 3910 αὐτῶν
3562 3857 3827 3911 εἰσέλθοι
3856 3860 3946 3922 εἰς

2361 3947 2612 4015 καρδίαν
2636 3946 2853 4001 αὐτῶν.
2877 3944 3080 4010 Ταῦτα,
3106 3946 3260 4016 φησι,
3285 3946 3616 4000 πεπόνθασιν
3640 3946 3690 3998 οι
3712 3949 3946 4017 πονηροὶ

2362 4039 2633 4109 δαίμονες,
2663 4038 2700 4092 ἀ
2735 4040 2978 4110 ποιήσειν
3009 4040 3122 4102 τοῖς
3148 4039 3326 4108 ἁγίοις
3357 4036 3773 4090 ἐπεσούλευσαν.

2433 4130 2726 4187 Γινώσκει
2750 4132 2963 4199 Κύριος
2998 4131 3104 4197 τὰς
3131 4130 3311 4196 ὁδοὺς
3339 4128 3456 4183 τῶν
3488 4128 3761 4198 ἀμώμων.
3792 4128 3941 4180 Ἀντὶ

2362 4222 2478 4286 τοῦ,
2508 4222 2828 4293 ἀποδέχεται
2850 4224 2943 4274 καὶ
2961 4224 3116 4292 τιμᾷ.
3156 4221 3263 4274 Καὶ
3286 4222 3323 4288 ἠ
3348 4220 3713 4287 κληρονομία
3743 4217 3946 4272 αὐτῶν

2362 4318 2449 4380 εὶς
2480 4313 2667 4369 αίῶνα
2695 4315 2883 4369 ἔσται.
2949 4312 3251 4385 Ἀφθαρτοι
3302 4311 3410 4382 γὰρ
3442 4309 3537 4364 καὶ
3578 4309 3786 4363 αἰώνιοι
3835 4309 3944 4363 τῶν

2367 4407 2536 4474 ἁγίων
2568 4406 2624 4458 αἱ
2658 4403 3058 4465 ἀνταποδόσεις.

2433 4502 2515 4553 Οὐ
2559 4497 3182 4567 καταισχυνθήσογται
3217 4496 3288 4549 ἐν
3324 4495 3502 4565 καιρῷ
3530 4494 3789 4562 πονηρῷ.
3856 4496 3946 4549 Ἑν

2367 4593 2480 4654 τοῖς
2508 4590 2616 4643 τῶν
2647 4589 2922 4660 διωγμῶν,
2967 4588 3133 4659 φησὶ,
3170 4590 3399 4658 καιροῖς,
3446 4585 3805 4639 ἐκλειπόντων
3837 4586 3947 4640 τῶν

703 4683 909 4753 gistris,
936 4683 1047 4750 ipse
1070 4680 1335 4735 Dominus
1356 4688 1547 4750 suopte
1577 4681 1767 4750 spiritu
1796 4680 2034 4735 enutrict
2055 4695 2151 4735 eos
2172 4680 2263 4750 qui

2370 4681 2725 4745 διδασκάλων,
2748 4679 2909 4742 αὐτὸς
2937 4682 2966 4732 ό
2984 4681 3186 4751 Κύριος
3207 4678 3284 4748 τῷ
3309 4677 3500 4732 ἑαυτοῦ
3528 4676 3798 4749 πνεύματι
3823 4677 3949 4749 θρέ-

706 4778 766 4831 in
790 4777 966 4845 ipsum
995 4772 1341 4828 crediderint.

772 4864 931 4939 [Non
952 4863 1337 4933 confundentur
1368 4865 1420 4917 in
1446 4874 1669 4930 tempore
1701 4863 1863 4916 malo.
1898 4861 2097 4917 Malum
2128 4872 2267 4917 tent-

703 4976 808 5030 pus
835 4970 918 5015 est
968 4959 1063 5013 irae
1093 4972 1158 5011 ac
1187 4954 1390 5011 furoris
1435 4966 1625 5011 contra
1671 4956 1903 5025 impios,
1935 4956 2155 5025 quando
2191 4954 2268 5009 illi

705 5052 923 5122 quidem
944 5051 1151 5119 justum
1180 5046 1271 5102 Dei
1298 5048 1559 5116 judicium
1586 5046 1935 5115 experientur
1960 5063 1974 5111 ;
2009 5045 2143 5114 justi
2173 5060 2270 5098 au-

709 5154 819 5201 tem
862 5143 1089 5214 gloriam
1114 5182 1133 5209 ,
1170 5143 1466 5203 honorem,
1507 5138 1968 5208 incorruptionem
2009 5147 2063 5191 et
2102 5137 2270 5190 vitam

708 5244 963 5289 aeternam
991 5230 1437 5302 consequentur.]

775 5330 869 5384 2|.
909 5329 1239 5384 Hutuabitur
1267 5339 1529 5398 peccator,
1561 5338 1608 5381 et
1642 5344 1743 5381 non
1763 5328 1940 5382 solvet.
1985 5324 2099 5382 Non
2154 5342 2275 5395 gra-

715 5423 816 5478 tias
842 5420 982 5491 agit,
1020 5421 1197 5492 inquit
1220 5458 1236 5482 ,
1268 5430 1550 5489 peccator,
1585 5420 1651 5474 de
1697 5419 1909 5473 collatis
1951 5418 2053 5473 sibi
2098 5434 2129 5472 a
2167 5416 2275 5471 Deo

719 5512 1015 5567 benellciis.
1046 5511 1233 5566 Justus
1273 5520 1447 5565 autem
1478 5512 1775 5574 miseretur,
1793 5522 1841 5563 et
1873 5509 2075 5562 tribuit.
2109 5507 2271 5563 Mise-

716 5606 1004 5660 ricordiam
1041 5603 1411 5659 retributionis
1442 5605 1560 5657 loco
1590 5603 1773 5666 solvit,
1796 5600 2088 5656 Dominum
2112 5615 2270 5657 suum

717 5699 979 5754 imitatus.

772 5855 815 5885 ‘"
845 5852 944 5907 Job
981 5870 1052 5917 tv,
1080 5855 1133 5908 7.
1204 5854 1247 5885 ⁸⁸
1286 5852 1398 5907 Jac.
1432 5872 1469 5920 ι,
1510 5856 1601 5910 ‘20.

2371 4774 2461 4842 ψει
2492 4774 2616 4835 τοὺς
2650 4774 2730 4833 είς
2761 4769 2921 4823 αὑτὸν
2953 4770 3319 4833 πιστεύοντας.
3887 4843 3897 4855 ι

2444 4863 2566 4936 [οὺ
2628 4861 3248 4929 καταισχυνθήσονται
3303 4862 3373 4914 ὲν
3442 4857 3622 4927 καιρῷ
3684 4859 3944 4928 πονηρῷ.

2376 4956 2579 5028 Καιρὸς
2606 4954 2838 5025 πονηρὸς
2864 4954 2893 5004 ὁ
2924 4956 3023 5022 τῆς
3049 4952 3188 5005 κατά
3214 4951 3320 5004 τῶν
3347 4950 3557 5004 ἀσεϐῶν
3584 4952 3753 5023 ὀργῆς
3772 4989 3787 5013 ,
3824 4952 3881 5003 έν
3900 4945 3950 5019 ᾧ

2374 5049 2426 5099 oi.
2456 5048 2553 5117 μὲν
2583 5046 2680 5116 τῆς
2705 5045 3099 5115 δικαιοκρισίας
3132 5043 3225 5097 τοῦ
3249 5042 3383 5095 Θεοῦ
3413 5044 3865 5114 πειραθήσονται·
3896 5045 3948 5097 oi

2376 5138 2433 5191 δὲ
2452 5138 2609 5203 δόξαν
2628 5137 2721 5189 καὶ
2742 5134 2927 5205 τιμὴν,
2959 5135 3053 5189 καὶ
3076 5132 3401 5204 ἀφθαρσίαν,
3444 5135 3539 5189 καὶ
3563 5133 3704 5205 ζωήν
3733 5136 3947 5189 αἰώνιον

2377 5230 2759 5302 ἀπολήψονται.
2779 5228 2798 5300 ]

2457 5320 2786 5381 Δανείζεται
2811 5324 2843 5374 ό
2866 5318 3229 5389 ἁμαρτωλὸς,
3258 5318 3355 5372 καὶ
3374 5319 3485 5371 οὐκ
3506 5317 3800 5373 ἀποτίσει.
3835 5320 3948 5373 Οὐκ

2380 5416 2703 5475 ἀντιδίδωσι,
2735 5412 2915 5483 φησὶν.
2944 5414 2972 5465 ὁ
3000 5409 3318 5483 ἁμαρτωλὸς
3341 5408 3689 5480 εὐχαριστίαν
3715 5410 3814 5462 im!
3824 5427 3856 5482 ρ
3874 5404 3950 5462 ὧν

2380 5507 2747 5579 εὑεργετεῖται
2778 5502 2926 5573 παρὰ
2964 5501 3122 5555 Θεοῦ.
3169 5501 3231 5553 '0
3277 5499 3345 5553 δὲ
3386 5500 3617 5564 δίκαιος
3653 5501 3948 5569 οίκτείρει,

2382 5597 2477 5649 καὶ
2511 5596 2774 5649 δίδωσιν.
2845 5590 3173 5645 Ἀντιδίδωσι
3193 5632 3208 5656 ,
3260 5590 3423 5661 φησὶν
3444 5628 3458 5653 ,
3484 5588 3827 5660 οίκτιρμοὺς,
3860 5589 3951 5643 τὸν

2384 5689 2574 5743 ἑαυτοῦ
2606 5688 2878 5757 Δεσπότην
2910 5685 3257 5756 μιμούμενος.
