4122 6550
202 488 284 541 l8l

1249 486 1620 544 EXPOSI'IIO
1662 485 1723 539 IN
1759 485 2093 540 PSALMUM
2137 485 2375 540 XXXVI.

3316 483 3420 537 482

262 607 379 660 Ὅτι
438 609 494 660 οὶ
537 607 941 678 εὐλογοῦντες
997 607 1180 662 αὑτὸν
1239 608 1744 676 κληρονομήσουσ

1933 607 2021 660 ‘22.
2058 607 2195 672 Quia
2227 607 2576 660 benedicentes
2599 606 2646 658 ei
2676 603 3057 659 litereditabunt
3087 611 3277 655 terram
3333 601 3390 656 Si

196 697 313 768 γῆν.
380 700 614 769 Ὅμοιον
647 701 708 754 τὸ
745 700 1030 770 εἰρημένον
1087 701 1220 770 πρὸς
1264 700 1537 771 Ἀδραὰμο
1619 699 1745 765 Τοὺς

1865 699 1987 752 mile
2013 699 2139 752 huic
2169 699 2296 754 illud
2331 699 2396 752 ad
2446 697 2717 751 Abraham
2759 697 2963 752 dictum
2994 713 3006 747 :
3045 694 3387 750 Benedicsnte

191 789 589 858 εὐλογοῦντάς
640 805 715 843 σε
761 789 1070 858 εὐλογήσω
1091 829 1105 853 ,
1139 789 1235 842 καὶ
1267 790 1406 855 τοὺς
1437 788 1764 857 καταρωμέ-

193 899 326 946 νους
351 897 423 934 σε
445 880 887 950 καταράσομαι.

255 971 414 1039 Παρὰ
440 972 673 1038 Κυρίου
699 973 772 1024 τὰ
799 971 1123 1040 διαδήματα
1140 969 1449 1039 ἀνθρώπου
1481 971 1761 1024 κατευθύ-

1865 802 1911 845 te
1940 793 2256 858 benedicam,
2281 801 2327 844 et
2359 790 2722 844 maledicentes
2752 801 2798 844 te
2823 790 3133 843 maledicam
3157 789 3222 843 ".

1927 972 2016 1026 25.
2050 971 2199 1041 Apud
2248 972 2528 1025 Dominam
2575 987 2779 1041 gressus
2827 971 3054 1024 hominis
3099 971 3390 1039 dirigentur

191 1076 361 1112 retas.
395 1059 778 1129 Ἀποδέχεται,
801 1060 983 1130 φησὶν,
1009 1063 1073 1130 ἢν
1104 1064 1334 1113 ποιεῖται
1362 1059 1503 1113 κατὰ
1530 1060 1619 1112 τὸν
1647 1061 1745 1130 βίοι

1861 1061 2089 1133 Recipil,
2121 1064 2214 1129 ait,
2243 1063 2543 1118 mercedem
2581 1078 2806 1132 operum
2833 1103 2847 1128 ,
2877 1078 2998 1132 qua:
3029 1063 3167 1115 lianc
3200 1061 3407 1131 agendo

193 1151 490 1221 πρακτικὴν
522 1150 776 1221 πορείαν.

255 1241 432 1292 Ὅταν
470 1239 639 1308 πέσῃ
673 1244 745 1295 οὐ
779 1244 1345 1312 καταρῤακθήσεταί·
1401 1245 1463 1297 Εἰ
1494 1245 1620 1308 καὶ⁹
1653 1261 1755 1314 (m-

191 1334 284 1394 c‘tv,
323 1331 505 1403 συμόᾗ
541 1331 724 1400 ὀλίγον
753 1352 802 1386 τι
832 1335 1247 1406 παρασφαλῆναι
1278 1336 1366 1388 τὸν
1394 1337 1596 1390 δίκαιον
1614 1376 1627 1399 ,
1659 1337 1756 1390 οὐκ

189 1423 568 1494 ἁδικηθήσεται
605 1423 745 1494 ἔχων
782 1425 1221 1497 ἀντιστηρίζοντα
1246 1428 1335 1479 τὸν
1362 1427 1513 1482 Θεόν.

253 1517 400 1570 Οὐδὲ
433 1515 503 1571 τὸ
553 1521 797 1588 σπέρμα
844 1520 1027 1573 αὐτοῦ
1078 1517 1292 1586 ζητοῦν
1327 1518 1560 1587 ἄρτους.
1620 1521 1755 1582 Τοὺς

187 1608 397 1678 von-cod;
433 1628 628 1682 φησιν,
657 1613 850 1675 οἵτινές
875 1615 1008 1665 εἰσιν
1041 1615 1087 1664 οἱ
1123 1613 1251 1665 Θεῖοι
1281 1611 1448 1679 λόγοι.

250 1701 353 1753 Καὶ
377 1704 775 1770 κατασκήνου
798 1707 884 1769 εἰς
900 1703 1081 1757 αἰῶνα
1105 1703 1336 1769 αἰῶνος.
1364 1704 1471 1754 Καὶ
1503 1702 1756 1773 κληρονο-

192 1794 386 1862 μήσεις,
421 1796 582 1865 φησὶ,
613 1797 710 1858 τὰς
736 1795 982 1858 αἰωνίους
1016 1797 1237 1866 σκηνάς.

249 1886 462 1937 Δίκαιοι
488 1884 560 1938 δὲ
589 1886 1115 1956 κληρονομήσουσι
1158 1886 1291 1954 γῆν.
1351 1883 1624 1954 Πολλαχοῦ
1657 1886 1752 1956 τῆς

1858 1157 2021 1209 vitam
2051 1155 2236 1209 edidit.

1926 1243 2023 1300 24:
2054 1244 2185 1298 Cum
2219 1245 2459 1298 ceciderit
2478 1261 2580 1297 non
2613 1243 2913 1296 collidetur.
2947 1240 3194 1306 Etiamsi,
3222 1241 3413 1310 inquit,

1857 1336 2140 1405 contigerit
2181 1335 2519 1404 aliquantum
2564 1334 2670 1387 labi
2705 1334 2911 1397 justum
2938 1373 2952 1396 ,
2999 1333 3133 1387 nihil
3175 1334 3302 1387 hinc
3339 1333 3414 1387 illi

1858 1427 1983 1480 mali
2012 1427 2240 1489 eveniet,
2267 1441 2386 1480 cum
2422 1425 2587 1480 Deum
2617 1426 2810 1480 habeat
2834 1441 2892 1480 se
2928 1425 3358 1480 confirmantem.

1925 1518 2016 1572 25.
2071 1517 2180 1571 Nec
2227 1534 2397 1572 semen
2435 1518 2548 1586 ejus
2591 1534 2826 1587 quazrens
2873 1533 3051 1585 panes.
3097 1517 3416 1590 Spirituales

1855 1606 2078 1668 scilicet,
2115 1607 2208 1676 qui
2240 1615 2367 1661 sunt
2391 1607 2558 1661 divini
2593 1622 2894 1663 sermones.

1921 1697 2010 1749 27.
2039 1694 2107 1748 Et
2132 1696 2367 1748 inhabita
2391 1696 2440 1749 in
2465 1696 2714 1750 steculum
2736 1698 2938 1752 saeculi.
2968 1698 3038 1754 Et
3071 1699 3406 1766 haereditate,

1854 1790 2052 1858 inquit,
2085 1788 2320 1856 accipies
2349 1797 2548 1842 aeterna
2577 1790 2945 1845 tabernacula.

1919 1878 2008 1934 29.
2043 1876 2188 1933 Iusti
2213 1887 2384 1931 autem
2425 1877 2803 1932 hareditabunt
2828 1890 3042 1932 terram.
3078 1878 3401 1950 Plerumque

187 1973 452 2046 διδομένης
485 1980 595 2048 γῆς
625 1946 734 2041 τοὶς
768 1946 993 2049 πραὲσιν
1026 1946 1416 2048 ἐμνημόνευσε,
1455 1946 1745 2047 προτρεπόέ

1853 1969 2034 2024 datam
2066 1970 2361 2025 mansuetis
2403 1979 2597 2024 terram
2634 1974 2985 2037 memoravit,
3023 1977 3087 2026 ad
3130 1973 3247 2042 ejus
3275 1988 3410 2028 con-

190 2081 336 2133 μενος
363 2069 442 2130 εἰς
471 2066 771 2138 ἐπιθυμίαν
800 2069 986 2140 αὐτῆς.

251 2159 442 2225 Στόμα
463 2157 705 2213 δικαίου
730 2159 1047 2229 μελετήσει
1067 2161 1307 2230 σοφίαν.
1331 2163 1620 2230 Ῑιροσὴκει,
1654 2177 1754 2230 φης

190 2247 293 2311 civ,
324 2248 428 2302 κᾶν
459 2253 528 2322 τῇ
560 2251 797 2326 γλώττῃ,
833 2252 933 2307 κᾶν
965 2255 1019 2307 ὲν
1052 2257 1116 2325 τῇ
1141 2253 1347 2324 διανοίᾳ
1379 2253 1448 2306 τὰ
1470 2253 1586 2304 Θεῖα
1601 2251 1753 2319 λόγια

189 2337 514 2408 περιφέρειν,
557 2341 654 2392 καί
679 2339 776 2410 τὴν
802 2341 1005 2395 τούτων
1034 2341 1260 2411 μελέτην
1290 2340 1552 2394 ποιεῖσθαι
1581 2341 1753 2410 διηνε-

189 2423 315 2488 χῶςσ
347 2428 520 2490 οὕτως
547 2429 658 2499 γὰρ
681 2431 742 2483 τὸ
763 2431 1030 2500 πρακτέον
1063 2431 1346 2501 μανθάνων
1375 2433 1403 2482 ό
1427 2433 1524 2501 τῆς
1553 2432 1751 2501 ἀρετῆς

188 2520 407 2592 ἐραστὴς
426 2562 440 2586 ,
468 2523 716 2593 ἀτρεμὴς
747 2526 896 2592 μενεί
923 2525 1013 2576 καὶ
1034 2524 1347 2588 ἀσάλευτος,
1369 2525 1475 2577 τῶν
1492 2525 1752 2578 καταϐάλ-

188 2611 286 2663 λειν
319 2614 739 2684 ἐπιχειρούντων
778 2617 1211 2686 περιγενόμενος.
1248 2616 1433 2670 Ταῦτα
1473 2617 1566 2670 καὶ
1594 2619 1648 2669 ὲν
1674 2618 1750 2687 τῷ

189 2701 373 2775 πρώτῳ
405 2706 608 2776 ψαλμῷ
659 2707 759 2776 ἔφη
782 2724 795 2736 ·
856 2709 1015 2762 Ἀλλ’
1040 2710 1109 2761 ἐν
1142 2706 1219 2773 τῷ
1249 2710 1406 2777 νόμῳ
1433 2709 1650 2776 Κυρίου
1684 2709 1746 2761 τὸ

190 2791 400 2862 θέλημα
432 2796 624 2849 αὑτοῦ
645 2835 658 2859 ,
693 2797 790 2850 καὶ
815 2797 883 2849 ἐν
912 2797 989 2861 τῷ
1021 2799 1178 2864 νόμῳ
1211 2799 1394 2851 αὐτοῦ
1430 2798 1747 2867 μελετήσει

187 2883 392 2951 ἡμέρας
415 2888 516 2939 καὶ
552 2888 808 2953 νυκτὸς,
842 2890 933 2940 καὶ
965 2888 1034 2940 τὰ
1072 2889 1216 2960 ἑξῆς.
1270 2892 1377 2944 Kal
1423 2891 1460 2958 ἠ
1498 2889 1748 2960 γλῶσσα

188 2974 358 3028 αὐτοῦ
383 2978 646 3046 λαλήσει
683 2979 901 3046 κρίσιν.
950 2981 1355 3052 Δικαιοκρισίαν
1387 2983 1446 3034 οὐ
1471 2981 1567 3053 τὴν
1597 2983 1747 3035 δικα-

190 3066 382 3135 στικὴν,
417 3067 553 3122 ἀλλὰ
578 3070 677 3140 τὴν
710 3069 767 3136 ἐξ
801 3069 1071 3134 ἀπλανοῦς
1095 3072 1189 3124 καὶ
1222 3072 1406 3141 ὑγιοῦς
1438 3074 1742 3145 κριτηρίου.

259 3157 315 3209 '0
346 3161 528 3226 νόμος
560 3159 667 3214 τοῦ
699 3160 845 3214 Θεοῦ
881 3161 950 3214 ἐν
982 3162 1196 3230 καρδίᾳ
1233 3163 1448 3228 αὐτοῦ,
1495 3165 1592 3218 καὶ
1632 3167 1745 3232 οὐχ

1855 2061 2248 2130 cupiscentiam
2279 2063 2614 2118 cohortatus.

1924 2151 2010 2206 50.
2054 2151 2124 2207 0s
2159 2153 2296 2222 justi
2334 2154 2675 2206 meditabitur
2716 2155 3054 2222 sapientiam.
3101 2154 3404 2223 Convenit,

1854 2241 2049 2310 inquit,
2086 2242 2198 2296 sive
2232 2242 2415 2310 lingua
2437 2283 2452 2308 ,
2485 2242 2600 2297 sive
2633 2253 2812 2298 mente
2844 2244 3027 2297 divina
3054 2245 3267 2314 eloquia
3301 2248 3406 2300 cir-

1852 2332 2141 2396 cumferre,
2162 2333 2214 2385 in
2239 2347 2536 2402 eorumque
2559 2332 2910 2388 meditatione
2937 2333 3155 2389 assidue
3177 2339 3405 2392 versari.

1852 2429 1929 2480 Ita
1953 2426 2096 2479 enim
2122 2442 2244 2480 cum
2279 2425 2410 2495 quid
2441 2426 2712 2496 agendum
2746 2427 2818 2481 sit
2859 2427 3143 2482 edidicerit
3172 2431 3264 2498 qui
3294 2427 3410 2482 vir-

1851 2517 1982 2571 tutis
2026 2531 2215 2570 amans
2262 2525 2364 2578 est,
2414 2516 2713 2585 intrepidus
2762 2517 3130 2588 immotusque
3171 2520 3411 2574 manebit

1851 2611 2114 2664 adversus
2156 2624 2251 2664 eos
2294 2610 2387 2678 qui
2432 2608 2664 2677 dejicere
2718 2609 2892 2678 ipsum
2944 2609 3234 2666 voluerint.
3288 2611 3414 2667 Hac

1850 2701 2014 2755 etiam
2050 2701 2185 2753 dixit
2211 2700 2422 2768 psalmo
2453 2701 2628 2769 primo
2661 2716 2674 2752 :
2709 2698 2812 2754 Sed
2849 2701 2904 2753 in
2934 2699 3043 2770 lege
3084 2700 3295 2755 Domini
3323 2718 3411 2756 vo-

1849 2793 2022 2844 luntas
2055 2790 2189 2860 ejus,
2211 2800 2261 2844 et
2289 2792 2344 2843 in
2396 2791 2504 2860 lege
2536 2791 2648 2859 ejus
2682 2792 3023 2844 meditabitur
3069 2793 3152 2847 die
3193 2809 3255 2846 ac
3310 2809 3404 2847 no-

1847 2884 2008 2948 cte",
2042 2893 2146 2937 etc.
2175 2881 2241 2935 Et
2267 2882 2444 2952 lingua
2460 2881 2570 2950 ejus
2591 2881 3117 2950 loqueturjudicium.
3141 2881 3410 2939 Iudicium

1843 2973 2075 3043 justum,
2107 2989 2215 3028 non
2243 2972 2477 3036 forense,
2514 2972 2608 3026 sed
2638 2972 2777 3039 quod
2805 2972 2858 3024 in
2897 2971 2990 3026 illo
3019 2987 3152 3027 sano
3183 2981 3236 3026 et
3269 2989 3411 3028 nun-

1846 3080 2008 3135 quam
2035 3073 2252 3120 errante
2281 3065 2539 3118 tribunali
2574 3062 2768 3119 fertur.

1915 3156 2004 3218 51,
2039 3155 2127 3208 32.
2156 3153 2262 3207 Lex
2291 3153 2386 3206 Dei
2414 3154 2526 3222 ejus
2552 3155 2605 3206 in
2635 3157 2789 3208 corde
2829 3157 2994 3224 ipsius
3015 3196 3029 3222 ,
3061 3165 3110 3208 et
3144 3172 3246 3209 non
3287 3173 3408 3227 sup-

189 3248 758 3316 εἴικοσκελισθήσεται
789 3251 859 3302 τὰ
885 3250 1211 3319 διαδήματα
1233 3240 1438 3307 αὐτοῦ.
1460 3254 1745 3307 Κατανοεῐ

1845 3247 2228 3317 plantabuntur
2265 3262 2469 3315 gressus
2514 3247 2646 3315 ejus.
2696 3245 3008 3300 Considerat
3043 3257 3284 3315 peccator
3317 3249 3405 3316 juo

190 3340 218 3388 ό
241 3337 576 3406 ἁμαρτωλὸς
599 3340 706 3392 τὸν
734 3341 986 3422 δίκαιον.
1032 3342 1084 3394 '0
1113 3342 1179 3394 δὲ
1204 3346 1435 3412 Κύριος.
1467 3347 1745 3422 Διαφόρως

188 3429 245 3479 τὰ
274 3429 403 3482 αὐτὰ
435 3431 603 3500 λέγει,
632 3436 697 3504 τῇ
732 3433 935 3487 πλείονι
963 3435 1158 3506 μελέτῃ
1191 3438 1562 3507 μονιμωτέραν
1585 3457 1748 3492 κατα-

189 3521 448 3585 σκευάζων
473 3524 575 3594 τὴν
608 3527 847 3596 μνήμην.
881 3527 1041 3595 Λέγει
1071 3527 1126 3579 δέ
1152 3543 1167 3558 ο
1204 3529 1274 3580 Οὐ
1310 3529 1623 3600 περιόψεται
1656 3531 1745 3584 τὸν

188 3607 373 3664 δίκαιον
403 3613 434 3663 ὁ
462 3615 740 3682 Δεσπότης
777 3615 1255 3686 ἐπιϐουλευόμενον
1291 3619 1394 3670 ὑπὸ
1427 3621 1535 3671 τῶν
1575 3639 1744 3693 πονη-

191 3696 304 3764 ρῶν,
332 3700 448 3754 οὐδὲ
475 3702 869 3772 συμψηφιεῖται
892 3706 1074 3768 αὐτοῖς
1106 3706 1172 3759 τὰ
1195 3707 1419 3760 τοιαῦτα
1441 3710 1737 3778 τολμῶσιν·

187 3787 286 3839 ἀλλ’
319 3791 696 3864 ὑπερπηδῆσαι
732 3795 1140 3866 παρασκευάσει
1169 3797 1238 3849 τὰ
1258 3798 1470 3852 δίκτυα.
1525 3798 1741 3869 Ταύτης

190 3879 476 3950 ἁπήλαυσεν
521 3885 767 3957 Ἀϐραὰμ
807 3887 904 3956 τῆς
948 3889 1235 3958 προνοίας.
1287 3891 1366 3953 δὶς
1403 3892 1740 3962 ἁρπαγείσης

188 3969 272 4038 τῆς
297 3973 504 4045 Σάρρας
530 3992 544 4005 ο
594 3977 795 4046 ταύτης
822 3979 850 4030 ὀ
892 3979 1070 4032 Ἰσαὰκ
1095 4020 1108 4043 ,
1156 3981 1286 4033 αὐτὸ
1331 3980 1486 4034 τοῦτο
1518 3982 1703 4036 παθών
1723 4002 1734 4014 ·

188 4062 364 4133 ταύτης
393 4069 420 4119 ό
457 4065 674 4130 Ἰακὼϐ,
693 4068 783 4121 ὑπ’
802 4069 1027 4138 ἀδελφοῦ
1052 4072 1144 4124 καὶ
1165 4071 1423 4142 κηδεστοῦ
1445 4073 1734 4144 φθονούμε-

189 4168 293 4216 νος
328 4156 529 4231 ταύτης
557 4161 586 4212 ὁ
635 4160 853 4231 Ἰωσὴφ,
876 4162 978 4214 ὑπὸ
1013 4161 1204 4231 φθόνου
1237 4165 1329 4216 καὶ
1379 4167 1736 4234 συκοφαντίας

188 4243 514 4318 πολεμηθείς.
569 4251 679 4303 Καὶ
705 4252 756 4304 τί
788 4253 868 4305 δεῖ
900 4254 1220 4323 καταλέγειν
1251 4257 1495 4322 actm-ta;
1555 4259 1734 4330 ῥᾴδιον

189 4333 281 4405 γὰρ
298 4341 401 4403 τοῖς
431 4339 756 4410 φιλομαθέσι
785 4344 878 4395 καὶ
900 4344 968 4397 τὰ
992 4345 1159 4397 πάλαι
1190 4344 1454 4413 συλλέξαι,
1485 4349 1574 4401 καὶ
1597 4348 1731 4402 θεω-

191 4422 329 4492 ρῆσαι
353 4427 418 4480 τὰ
447 4429 570 4484 νέα.

243 4514 380 4570 Οὐδὲ
399 4520 488 4588 μὴ
547 4520 997 4577 καταδικάσεται
1046 4527 1231 4580 αὐτὸν
1270 4527 1415 4582 ὅταν
1463 4530 1728 4598 κρίνηται

187 4607 363 4664 αὐτόν.
399 4613 546 4667 Ἀντὶ
570 4613 686 4677 τοῦ,
721 4616 778 4668 ὲν
805 4615 882 4686 τῷ
911 4617 1184 4687 κρίνεσθαι
1217 4621 1398 4675 αὐτόν.

256 4698 346 4753 Ἐν
372 4703 449 4768 τῷ
475 4703 963 4773 ἐξολυθρεύεσθαι
1001 4711 1379 4777 ἁμαρτωλοὺς
1405 4713 1557 4780 ὄψει.
1607 4714 1728 4767 Ἐκ-

188 4795 546 4862 κοπτομένους,
580 4797 731 4866 φησι,
777 4800 901 4862 τοὺς
925 4801 1280 4870 ἁμαρτωλοὺς
1306 4803 1492 4876 θεάσῃ.

241 4877 398 4938 Εἶδον
421 4888 532 4941 τὸν
554 4888 742 4957 ἀσεϐῆ
767 4892 1282 4961 ὑπερυψούμενον,
1309 4897 1404 4950 καὶ
1430 4899 1726 4966 ἐπαιρόμε-

186 4983 278 5061 νον
301 4976 372 5042 ὡς
401 4979 513 5045 τὰς
547 4981 795 5048 κέδρους
829 4983 932 5036 τοῦ
967 4985 1240 5042 Λιϐάνου.
1309 4988 1462 5041 Κατὰ
1489 4991 1548 5041 τὸ
1575 4993 1724 5061 εἰρη-

191 5059 343 5126 μένον·
373 5069 520 5123 Σκιὰ
549 5073 582 5122 ό
605 5070 745 5135 ,ϐίος
775 5071 958 5140 ἡμῶν.

246 5157 340 5209 Καὶ
369 5161 681 5230 παρῆλθον
703 5205 717 5227 ,
769 5168 866 5220 καὶ
901 5166 1028 5220 ἰδοὺ
1059 5171 1167 5221 οὐκ
1207 5167 1301 5238 ἦν.
1362 5171 1720 5244 Θεασάμενος,

190 5248 341 5313 φησὶν,
360 5251 557 5324 ἄνδρας
582 5259 846 5327 πονηροὺς
899 5259 1318 5330 εὑημεροῦντας,
1343 5265 1580 5317 ἐνενόουν
1608 5267 1723 5329 πῶς

188 5332 344 5390 τούτου
363 5342 652 5412 ἐπέτυχονο
704 5341 815 5397 εἶτα
854 5347 1074 5400 τοιαῦτα
1122 5350 1315 5403 ἐννοῶν
1364 5353 1453 5404 καὶ
1496 5354 1720 5425 δεύτερα

189 5420 574 5500 βουλευόμενος,
628 5433 896 5506 Θεωρῆσαι
929 5439 1123 5503 αὐτοὺς
1175 5443 1271 5494 οὐκ
1328 5443 1552 5515 ἴσχυσαο
1605 5448 1719 5500 ἀλλ’

1851 3345 2010 3390 stum.
2041 3336 2298 3389 Dominus
2323 3345 2521 3400 autem,
2543 3344 2648 3390 etc.
2684 3334 2856 3392 Variis
2877 3337 3064 3392 eadem
3093 3338 3206 3406 ipsa
3234 3338 3408 3392 modis

1852 3428 2075 3499 profert,
2111 3427 2305 3497 majori
2335 3428 2426 3480 illa
2455 3443 2585 3482 cura
2615 3438 2668 3482 et
2702 3429 3053 3484 meditatione
3076 3429 3406 3485 stabiliorem

1847 3534 2046 3588 parans
2079 3518 2157 3572 rei
2205 3519 2546 3572 memoriam.
2597 3518 2684 3570 Ait
2723 3527 2902 3573 autem
2943 3538 2956 3572 :
2996 3517 3111 3574 Non
3170 3521 3404 3590 negliget

1841 3610 2048 3680 justum
2096 3608 2355 3663 Dominus
2386 3608 2759 3678 improborum
2817 3609 3027 3664 insidiis
3066 3611 3362 3680 appetitum
3389 3651 3404 3677 ,

1845 3716 2020 3769 neque
2046 3716 2149 3753 una
2193 3701 2462 3754 calculum
2515 3699 2652 3755 feret
2689 3715 2814 3755 cum
2854 3702 2935 3756 eis
2969 3701 3094 3756 talia
3140 3701 3405 3758 molienti-

1842 3794 1944 3849 bus
1970 3811 1983 3847 :
2017 3794 2110 3849 sed
2139 3795 2350 3848 curabit
2381 3806 2438 3848 ut
2469 3795 2606 3850 retia
2635 3796 2724 3850 ille
2757 3797 3048 3852 transiliat.
3082 3796 3403 3867 Huiusmodi

1842 3887 2178 3956 providentia
2215 3886 2498 3940 fruebatur
2541 3887 2818 3941 Abraham
2845 3929 2859 3952 ,
2912 3887 3045 3942 Sara
3083 3889 3166 3942 bis
3202 3900 3354 3957 rapta
3385 3908 3399 3945 :

1839 3978 2024 4032 eadem
2043 3977 2209 4043 Isaac,
2238 3979 2330 4048 qui
2363 3979 2595 4047 idipsum
2619 3993 2811 4049 passus
2837 3988 2919 4033 est
2946 3999 2959 4033 :
2986 3979 3173 4034 eadem
3203 3977 3398 4046 Iacob,

1839 4069 2005 4124 fratre
2031 4083 2085 4124 et
2114 4086 2304 4125 socero
2332 4071 2695 4127 invidentibus
2734 4092 2746 4126 :
2783 4072 2972 4127 eadem
2997 4070 3197 4143 Josepli
3223 4074 3393 4129 livore

1837 4170 1890 4216 et
1914 4162 2184 4215 calumnia
2227 4162 2595 4230 impugnatura.
2649 4161 2853 4231 Ecquid
2897 4179 3033 4234 Opus
3079 4167 3262 4220 omnia
3304 4181 3392 4221 re-

1837 4250 2107 4305 censere?
2137 4248 2295 4304 facile
2322 4265 2554 4318 namque
2582 4257 2664 4303 est
2687 4251 2933 4305 studioso
2965 4253 3163 4322 cuique
3204 4263 3258 4307 et
3305 4271 3395 4309 ve-

1835 4353 1946 4396 tera
1973 4341 2244 4410 colligere,
2273 4349 2327 4395 et
2350 4356 2485 4395 nova
2522 4341 2970 4397 animadvertere.

1905 4543 1994 4596 '53.
2021 4541 2131 4595 Nec
2158 4543 2430 4596 damnabit
2454 4559 2569 4597 eum
2597 4560 2714 4597 cum
2728 4544 3057 4612 jndicabltur
3079 4547 3182 4602 illi.
3209 4547 3261 4601 Id
3287 4558 3388 4613 est,

1757 4623 1806 4681 D
1833 4636 2049 4704 quando
2080 4636 2343 4690 sententia
2369 4635 2436 4690 de
2469 4637 2561 4690 illo
2593 4635 2812 4691 feretur.

1903 4725 1989 4779 34.
2043 4722 2177 4780 Cum
2229 4727 2477 4796 perierint
2530 4736 2826 4796 peccatores
2871 4729 3087 4782 videbis.
3128 4729 3388 4794 Accisos,

1835 4816 2031 4885 inquit,
2061 4817 2262 4871 videbis
2291 4826 2619 4886 peccatores.

1901 4905 1987 4960 35.
2022 4903 2140 4958 Vidi
2165 4909 2384 4975 impium
2414 4909 2884 4981 superexaltatum,
2915 4919 2963 4963 et
2995 4909 3250 4964 eleuatum
3278 4911 3387 4964 sic-

1829 5009 1886 5052 ut
1927 4999 2104 5052 cedros
2140 4998 2348 5065 Libani,
2387 5009 2491 5054 etc.
2531 4999 2693 5055 Juxta
2733 5002 2865 5058 illud
2899 5003 3100 5058 dictum
3136 5021 3149 5056 :
3190 5000 3387 5056 Umbra

1825 5100 1901 5146 est
1925 5093 2030 5145 vita
2060 5103 2236 5144 nostra
2255 5092 2320 5146 9‘.

1894 5182 1981 5236 56.
2016 5182 2079 5235 Et
2115 5185 2356 5249 transivi,
2383 5193 2432 5236 ct
2457 5200 2572 5237 ecce
2604 5200 2703 5236 non
2733 5194 2864 5237 erat.
2895 5181 2995 5237 Ubi
3029 5185 3160 5247 vidi,
3186 5184 3379 5254 inquit,

1825 5274 2072 5327 homines
2102 5275 2376 5344 improbos
2403 5290 2660 5343 prospere
2690 5283 2908 5344 agentes
2929 5316 2942 5338 ,
2974 5289 3184 5329 mecum
3221 5290 3382 5345 repu-

1823 5363 2001 5418 tabam
2030 5379 2134 5432 qua
2172 5365 2378 5418 ratione
2401 5365 2452 5417 id
2479 5365 2604 5417 boni
2635 5365 2909 5418 consecuti
2943 5373 3147 5419 essent.
3180 5361 3379 5419 Deinde

1821 5469 1945 5508 vero
2000 5455 2114 5508 lucc
2142 5456 2383 5523 cogitans
2428 5463 2479 5508 et
2525 5453 2626 5506 alia
2677 5469 2887 5508 mecum
2937 5453 3237 5517 revolvens,
3279 5470 3375 5507 eos

187 5513 394 5615 υνδε-τὸν
426 5524 610 5589 τόπον,
644 5528 699 5577 ὲν
728 5521 771 5594 ᾧ
804 5531 1021 5584 ἑστάναι
1054 5532 1285 5599 ἐδόκουν,
1307 5513 1404 5588 οὐῇ
1436 5538 1716 5609 ἠδυνάμην

1843 5547 1994 5600 lenno
2028 5546 2207 5599 videre
2236 5561 2339 5598 non
2377 5548 2523 5614 potui
2557 5562 2568 5597 :
2609 5547 2717 5600 imo
2745 5560 2916 5615 neque
2957 5544 3134 5600 locum
3180 5546 3231 5597 in
3267 5561 3375 5614 quo

187 5603 233 5653 εὖ
241 5610 330 5673 ρεῖν
337 5650 349 5664 ,

243 5699 502 5756 φύλασσε
529 5704 804 5769 ἀκακίαν,
841 5725 933 5760 και
969 5710 1057 5764 ἴδε
1086 5715 1392 5782 εὐθύτητα,
1436 5719 1520 5771 ὅτι
1547 5719 1714 5772 ἔστιν

252 5850 429 5914 “Gen.
469 5861 640 5922 xu,5.
715 5864 758 5895 9°
789 5863 932 5922 Psal.
968 5887 1003 5930 ι,
1045 5872 1096 5923 2.
1180 5875 1217 5903 "
1253 5872 1352 5930 Job
1390 5893 1503 5938 vm.
1535 5879 1586 5932 9.

1818 5637 2117 5692 consistere
2148 5635 2472 5690 videbantur
2505 5638 2742 5706 reperire
2773 5636 3001 5692 facultas
3039 5636 3159 5690 fuit.

1882 5729 1967 5784 57.
2016 5726 2232 5782 Custodi
2258 5729 2627 5790 innocentiam,
2664 5741 2710 5782 et
2752 5729 2864 5783 vide
2895 5730 3211 5797 (equitatem,
3240 5743 3368 5798 quo-
