  <div class='ocr_page' id='page_1' title='image "/cluster/home/n/w/nwhite01/storage/ocr_20150623/27/uva.x030474749/102.png"; bbox 0 0 4122 6494; ppageno 0'>
   <div class='ocr_carea' id='block_1_1' title="bbox 204 470 2407 529">
    <p class='ocr_par' dir='ltr' id='par_1_1' title="bbox 204 470 2407 529">
     <span class='ocr_line' id='line_1_1' title="bbox 204 470 2407 529; baseline -0.003 -4"><span class='ocrx_word' id='word_1_1' title='bbox 204 472 292 529; x_wconf 74' lang='grc'><strong>185</strong></span> <span class='ocrx_word' id='word_1_2' title='bbox 1244 470 1618 527; x_wconf 78' lang='lat' dir='ltr'><strong>EXPOSITIO</strong></span> <span class='ocrx_word' id='word_1_3' title='bbox 1654 470 1720 526; x_wconf 78' lang='lat' dir='ltr'><strong>IN</strong></span> <span class='ocrx_word' id='word_1_4' title='bbox 1757 472 2085 529; x_wconf 71' lang='lat' dir='ltr'><strong>PSALIIUM</strong></span> <span class='ocrx_word' id='word_1_5' title='bbox 2126 470 2407 525; x_wconf 67' lang='lat' dir='ltr'><strong>XXXVﬂJ</strong></span> 
     </span>
    </p>
   </div>
   <div class='ocr_carea' id='block_1_2' title="bbox 3322 467 3423 521">
    <p class='ocr_par' dir='ltr' id='par_1_2' title="bbox 3322 467 3423 521">
     <span class='ocr_line' id='line_1_2' title="bbox 3322 467 3423 521; baseline 0 0"><span class='ocrx_word' id='word_1_6' title='bbox 3322 467 3423 521; x_wconf 71' lang='grc'><strong>186</strong></span> 
     </span>
    </p>
   </div>
   <div class='ocr_carea' id='block_1_3' title="bbox 199 578 1764 658">
    <p class='ocr_par' dir='ltr' id='par_1_3' title="bbox 199 584 1761 658">
     <span class='ocr_line' id='line_1_3' title="bbox 199 584 1761 658; baseline -0.007 -14"><span class='ocrx_word' id='word_1_7' title='bbox 199 589 271 652; x_wconf 80' lang='grc' dir='ltr'><strong>είς</strong></span> <span class='ocrx_word' id='word_1_8' title='bbox 292 586 415 656; x_wconf 85' lang='grc' dir='ltr'>γῆν,</span> <span class='ocrx_word' id='word_1_9' title='bbox 438 586 536 638; x_wconf 72' lang='grc' dir='ltr'>καὶ</span> <span class='ocrx_word' id='word_1_10' title='bbox 556 585 818 655; x_wconf 78' lang='grc' dir='ltr'><strong>διηνεκῶς</strong></span> <span class='ocrx_word' id='word_1_11' title='bbox 840 584 1192 657; x_wconf 74' lang='grc' dir='ltr'>ὀλοφύρεσθαι</span> <span class='ocrx_word' id='word_1_12' title='bbox 1213 586 1300 640; x_wconf 68' lang='grc' dir='ltr'><strong>διὰ</strong></span> <span class='ocrx_word' id='word_1_13' title='bbox 1319 586 1418 650; x_wconf 67' lang='grc' dir='ltr'><strong>τὰς</strong></span> <span class='ocrx_word' id='word_1_14' title='bbox 1439 588 1641 658; x_wconf 68' lang='grc' dir='ltr'>πικρὰς</span> <span class='ocrx_word' id='word_1_15' title='bbox 1663 587 1761 657; x_wconf 76' lang='grc' dir='ltr'>τῆς</span> 
     </span>
    </p>
   </div>
   <div class='ocr_carea' id='block_1_4' title="bbox 1863 578 3426 658">
    <p class='ocr_par' dir='ltr' id='par_1_4' title="bbox 1866 578 3426 653">
     <span class='ocr_line' id='line_1_4' title="bbox 1866 578 3426 653; baseline -0.006 -10"><span class='ocrx_word' id='word_1_16' title='bbox 1866 599 1971 653; x_wconf 85' lang='lat' dir='ltr'><strong>tus,</strong></span> <span class='ocrx_word' id='word_1_17' title='bbox 2002 600 2062 643; x_wconf 93' lang='lat' dir='ltr'><strong>ut</strong></span> <span class='ocrx_word' id='word_1_18' title='bbox 2109 603 2300 642; x_wconf 79' lang='lat' dir='ltr'><strong>versus</strong></span> <span class='ocrx_word' id='word_1_19' title='bbox 2353 596 2551 639; x_wconf 74' lang='lat' dir='ltr'><strong>terram</strong></span> <span class='ocrx_word' id='word_1_20' title='bbox 2602 583 2892 636; x_wconf 70' lang='lat' dir='ltr'><strong>inclinatura</strong></span> <span class='ocrx_word' id='word_1_21' title='bbox 2930 580 3158 651; x_wconf 80' lang='lat' dir='ltr'><strong>gemitus</strong></span> <span class='ocrx_word' id='word_1_22' title='bbox 3205 578 3426 633; x_wconf 86' lang='lat' dir='ltr'><strong>assidue</strong></span> 
     </span>
    </p>
   </div>
   <div class='ocr_carea' id='block_1_5' title="bbox 198 661 1759 748">
    <p class='ocr_par' dir='ltr' id='par_1_5' title="bbox 198 661 1759 748">
     <span class='ocr_line' id='line_1_5' title="bbox 198 661 1759 748; baseline -0.001 -16"><span class='ocrx_word' id='word_1_23' title='bbox 198 676 410 748; x_wconf 80' lang='grc' dir='ltr'>καρδίας</span> <span class='ocrx_word' id='word_1_24' title='bbox 434 675 649 739; x_wconf 71' lang='grc' dir='ltr'>ὀδύνας.</span> <span class='ocrx_word' id='word_1_25' title='bbox 682 676 883 729; x_wconf 80' lang='grc' dir='ltr'><strong>Τούτου</strong></span> <span class='ocrx_word' id='word_1_26' title='bbox 906 661 1063 747; x_wconf 59' lang='grc' dir='ltr'>χάριν</span> <span class='ocrx_word' id='word_1_27' title='bbox 1086 676 1187 747; x_wconf 84' lang='grc' dir='ltr'>τῆς</span> <span class='ocrx_word' id='word_1_28' title='bbox 1213 675 1504 747; x_wconf 72' lang='grc' dir='ltr'><strong>ἐπιθυμίας</strong></span> <span class='ocrx_word' id='word_1_29' title='bbox 1533 676 1759 747; x_wconf 75' lang='grc' dir='ltr'>μεταδα-</span> 
     </span>
    </p>
   </div>
   <div class='ocr_carea' id='block_1_6' title="bbox 198 768 1754 840">
    <p class='ocr_par' dir='ltr' id='par_1_6' title="bbox 198 768 1754 840">
     <span class='ocr_line' id='line_1_6' title="bbox 198 768 1754 840; baseline -0.001 -18"><span class='ocrx_word' id='word_1_30' title='bbox 198 768 295 822; x_wconf 83' lang='grc' dir='ltr'><strong>λὼν</strong></span> <span class='ocrx_word' id='word_1_31' title='bbox 319 769 415 839; x_wconf 81' lang='grc' dir='ltr'>τὴν</span> <span class='ocrx_word' id='word_1_32' title='bbox 443 768 732 839; x_wconf 68' lang='grc' dir='ltr'>ἐνέργειαν</span> <span class='ocrx_word' id='word_1_33' title='bbox 750 807 764 830; x_wconf 91' lang='grc'><strong>,</strong></span> <span class='ocrx_word' id='word_1_34' title='bbox 796 768 1068 839; x_wconf 74' lang='grc' dir='ltr'><strong>ὑπουργὸν</strong></span> <span class='ocrx_word' id='word_1_35' title='bbox 1112 770 1281 840; x_wconf 74' lang='grc' dir='ltr'>αὐτὴν</span> <span class='ocrx_word' id='word_1_36' title='bbox 1310 768 1615 840; x_wconf 76' lang='grc' dir='ltr'>κατέστησα</span> <span class='ocrx_word' id='word_1_37' title='bbox 1661 768 1754 822; x_wconf 74' lang='grc' dir='ltr'>τοῦ</span> 
     </span>
    </p>
   </div>
   <div class='ocr_carea' id='block_1_7' title="bbox 196 856 1759 929">
    <p class='ocr_par' dir='ltr' id='par_1_7' title="bbox 196 856 1759 929">
     <span class='ocr_line' id='line_1_7' title="bbox 196 856 1759 929; baseline -0.007 -17"><span class='ocrx_word' id='word_1_38' title='bbox 196 858 331 912; x_wconf 81' lang='grc' dir='ltr'>θείου</span> <span class='ocrx_word' id='word_1_39' title='bbox 362 857 722 928; x_wconf 81' lang='grc' dir='ltr'>βουλήματος.</span> <span class='ocrx_word' id='word_1_40' title='bbox 773 856 943 911; x_wconf 80' lang='grc' dir='ltr'>Τοῦτο</span> <span class='ocrx_word' id='word_1_41' title='bbox 972 858 1080 929; x_wconf 83' lang='grc' dir='ltr'>γὰρ</span> <span class='ocrx_word' id='word_1_42' title='bbox 1105 858 1380 929; x_wconf 78' lang='grc' dir='ltr'>ἐπήγαγεν</span> <span class='ocrx_word' id='word_1_43' title='bbox 1412 875 1428 889; x_wconf 80' lang='grc' dir='ltr'><strong>ο</strong></span> <span class='ocrx_word' id='word_1_44' title='bbox 1466 860 1759 928; x_wconf 77' lang='grc' dir='ltr'>Ὠρυόμην</span> 
     </span>
    </p>
   </div>
   <div class='ocr_carea' id='block_1_8' title="bbox 204 946 1758 1018">
    <p class='ocr_par' dir='ltr' id='par_1_8' title="bbox 204 946 1758 1018">
     <span class='ocr_line' id='line_1_8' title="bbox 204 946 1758 1018; baseline -0.002 -15"><span class='ocrx_word' id='word_1_45' title='bbox 204 950 307 1003; x_wconf 58' lang='grc' dir='ltr'><strong>διὸ</strong></span> <span class='ocrx_word' id='word_1_46' title='bbox 336 948 683 1018; x_wconf 76' lang='grc' dir='ltr'><strong>στεναγμοῦ</strong></span> <span class='ocrx_word' id='word_1_47' title='bbox 711 947 822 1017; x_wconf 81' lang='grc' dir='ltr'>τῆς</span> <span class='ocrx_word' id='word_1_48' title='bbox 869 948 1113 1017; x_wconf 75' lang='grc' dir='ltr'><strong>καρδίας</strong></span> <span class='ocrx_word' id='word_1_49' title='bbox 1149 966 1289 1018; x_wconf 79' lang='grc' dir='ltr'>μου.</span> <span class='ocrx_word' id='word_1_50' title='bbox 1369 946 1659 1012; x_wconf 79' lang='grc' dir='ltr'>Μαστίζων</span> <span class='ocrx_word' id='word_1_51' title='bbox 1696 947 1758 1000; x_wconf 85' lang='grc' dir='ltr'>τὸ</span> 
     </span>
    </p>
   </div>
   <div class='ocr_carea' id='block_1_9' title="bbox 205 1037 1757 1111">
    <p class='ocr_par' dir='ltr' id='par_1_9' title="bbox 205 1037 1757 1111">
     <span class='ocr_line' id='line_1_9' title="bbox 205 1037 1757 1111; baseline -0.003 -16"><span class='ocrx_word' id='word_1_52' title='bbox 205 1040 471 1104; x_wconf 74' lang='grc' dir='ltr'>συνειδὸς,</span> <span class='ocrx_word' id='word_1_53' title='bbox 548 1040 650 1111; x_wconf 70' lang='grc' dir='ltr'>τὴν</span> <span class='ocrx_word' id='word_1_54' title='bbox 693 1039 916 1111; x_wconf 76' lang='grc' dir='ltr'><strong>καρδίαν</strong></span> <span class='ocrx_word' id='word_1_55' title='bbox 987 1056 1087 1110; x_wconf 85' lang='grc' dir='ltr'><strong>μου</strong></span> <span class='ocrx_word' id='word_1_56' title='bbox 1146 1039 1476 1111; x_wconf 73' lang='grc' dir='ltr'>στεναγμοὺς</span> <span class='ocrx_word' id='word_1_57' title='bbox 1542 1037 1757 1108; x_wconf 83' lang='grc' dir='ltr'>ἀφιέναι</span> 
     </span>
    </p>
   </div>
   <div class='ocr_carea' id='block_1_10' title="bbox 201 1133 424 1186">
    <p class='ocr_par' dir='ltr' id='par_1_10' title="bbox 201 1133 424 1186">
     <span class='ocr_line' id='line_1_10' title="bbox 201 1133 424 1186; baseline 0 0"><span class='ocrx_word' id='word_1_58' title='bbox 201 1133 424 1186; x_wconf 77' lang='grc' dir='ltr'>ἐποίουν.</span> 
     </span>
    </p>
   </div>
   <div class='ocr_carea' id='block_1_11' title="bbox 262 1220 1755 1292">
    <p class='ocr_par' dir='ltr' id='par_1_11' title="bbox 262 1220 1755 1292">
     <span class='ocr_line' id='line_1_11' title="bbox 262 1220 1755 1292; baseline -0.005 -14"><span class='ocrx_word' id='word_1_59' title='bbox 262 1223 366 1278; x_wconf 76' lang='grc' dir='ltr'><strong>Καὶ</strong></span> <span class='ocrx_word' id='word_1_60' title='bbox 396 1227 431 1278; x_wconf 87' lang='lat' dir='ltr'><strong>d</strong></span> <span class='ocrx_word' id='word_1_61' title='bbox 470 1224 805 1292; x_wconf 62' lang='grc' dir='ltr'>στεναςμός</span> <span class='ocrx_word' id='word_1_62' title='bbox 846 1239 966 1292; x_wconf 80' lang='grc' dir='ltr'><strong>μου</strong></span> <span class='ocrx_word' id='word_1_63' title='bbox 995 1220 1113 1275; x_wconf 73' lang='grc' dir='ltr'><strong>ἀπὸ</strong></span> <span class='ocrx_word' id='word_1_64' title='bbox 1140 1220 1255 1275; x_wconf 86' lang='grc' dir='ltr'><strong>σοῦ</strong></span> <span class='ocrx_word' id='word_1_65' title='bbox 1287 1224 1400 1276; x_wconf 82' lang='grc' dir='ltr'><strong>οὐκ</strong></span> <span class='ocrx_word' id='word_1_66' title='bbox 1435 1220 1755 1289; x_wconf 76' lang='grc' dir='ltr'>ἁπεκρύὄη.</span> 
     </span>
    </p>
   </div>
   <div class='ocr_carea' id='block_1_12' title="bbox 199 1311 1757 1384">
    <p class='ocr_par' dir='ltr' id='par_1_12' title="bbox 199 1311 1757 1384">
     <span class='ocr_line' id='line_1_12' title="bbox 199 1311 1757 1384; baseline -0.004 -17"><span class='ocrx_word' id='word_1_67' title='bbox 199 1314 301 1384; x_wconf 75' lang='grc' dir='ltr'><strong>τῆς</strong></span> <span class='ocrx_word' id='word_1_68' title='bbox 329 1316 649 1384; x_wconf 81' lang='grc' dir='ltr'>μετανοίας,</span> <span class='ocrx_word' id='word_1_69' title='bbox 679 1315 871 1382; x_wconf 80' lang='grc' dir='ltr'>φησὶν,</span> <span class='ocrx_word' id='word_1_70' title='bbox 903 1315 933 1367; x_wconf 84' lang='grc' dir='ltr'>ὁ</span> <span class='ocrx_word' id='word_1_71' title='bbox 980 1312 1141 1376; x_wconf 77' lang='grc' dir='ltr'>πόθος</span> <span class='ocrx_word' id='word_1_72' title='bbox 1164 1314 1343 1382; x_wconf 73' lang='grc' dir='ltr'>στήτω</span> <span class='ocrx_word' id='word_1_73' title='bbox 1383 1311 1607 1365; x_wconf 78' lang='grc' dir='ltr'>ἐνώπιόν</span> <span class='ocrx_word' id='word_1_74' title='bbox 1640 1327 1757 1375; x_wconf 86' lang='grc' dir='ltr'>σου,</span> 
     </span>
    </p>
   </div>
   <div class='ocr_carea' id='block_1_13' title="bbox 201 1399 1756 1476">
    <p class='ocr_par' dir='ltr' id='par_1_13' title="bbox 201 1399 1756 1476">
     <span class='ocr_line' id='line_1_13' title="bbox 201 1399 1756 1476; baseline -0.002 -19"><span class='ocrx_word' id='word_1_75' title='bbox 201 1399 232 1476; x_wconf 82' lang='grc' dir='ltr'>ᾖ</span> <span class='ocrx_word' id='word_1_76' title='bbox 281 1404 385 1475; x_wconf 77' lang='grc' dir='ltr'><strong>ῑχω</strong></span> <span class='ocrx_word' id='word_1_77' title='bbox 440 1405 712 1475; x_wconf 75' lang='grc' dir='ltr'>ἐπιθυμίᾳ</span> <span class='ocrx_word' id='word_1_78' title='bbox 771 1400 1007 1473; x_wconf 79' lang='grc' dir='ltr'>σωθῆναι</span> <span class='ocrx_word' id='word_1_79' title='bbox 1054 1401 1391 1473; x_wconf 69' lang='grc' dir='ltr'>βουλόμενος.</span> <span class='ocrx_word' id='word_1_80' title='bbox 1458 1403 1566 1456; x_wconf 75' lang='grc' dir='ltr'>Καὶ</span> <span class='ocrx_word' id='word_1_81' title='bbox 1609 1403 1691 1464; x_wconf 84' lang='grc' dir='ltr'><strong>τίς</strong></span> <span class='ocrx_word' id='word_1_82' title='bbox 1721 1404 1756 1473; x_wconf 79' lang='grc' dir='ltr'><strong>η</strong></span> 
     </span>
    </p>
   </div>
   <div class='ocr_carea' id='block_1_14' title="bbox 201 1490 1759 1563">
    <p class='ocr_par' dir='ltr' id='par_1_14' title="bbox 201 1490 1759 1563">
     <span class='ocr_line' id='line_1_14' title="bbox 201 1490 1759 1563; baseline 0.001 -21"><span class='ocrx_word' id='word_1_83' title='bbox 201 1490 455 1561; x_wconf 79' lang='grc' dir='ltr'>ἐπιθυμία</span> <span class='ocrx_word' id='word_1_84' title='bbox 484 1492 581 1545; x_wconf 76' lang='grc' dir='ltr'><strong>τοῦ</strong></span> <span class='ocrx_word' id='word_1_85' title='bbox 638 1490 908 1562; x_wconf 75' lang='grc' dir='ltr'>Χριστοῦ;</span> <span class='ocrx_word' id='word_1_86' title='bbox 961 1490 1024 1544; x_wconf 83' lang='grc' dir='ltr'>τὸ</span> <span class='ocrx_word' id='word_1_87' title='bbox 1070 1491 1211 1563; x_wconf 77' lang='grc' dir='ltr'>ὑπὲρ</span> <span class='ocrx_word' id='word_1_88' title='bbox 1246 1491 1401 1563; x_wconf 75' lang='grc' dir='ltr'>ἡμῶν</span> <span class='ocrx_word' id='word_1_89' title='bbox 1452 1490 1759 1545; x_wconf 75' lang='grc' dir='ltr'><strong>ἐπιτελέσαι</strong></span> 
     </span>
    </p>
   </div>
   <div class='ocr_carea' id='block_1_15' title="bbox 202 1579 400 1651">
    <p class='ocr_par' dir='ltr' id='par_1_15' title="bbox 202 1579 400 1651">
     <span class='ocr_line' id='line_1_15' title="bbox 202 1579 400 1651; baseline 0.01 -18"><span class='ocrx_word' id='word_1_90' title='bbox 202 1579 400 1651; x_wconf 69' lang='grc' dir='ltr'>Πάσχα.</span> 
     </span>
    </p>
   </div>
   <div class='ocr_carea' id='block_1_16' title="bbox 274 1669 1757 1751">
    <p class='ocr_par' dir='ltr' id='par_1_16' title="bbox 274 1669 1757 1751">
     <span class='ocr_line' id='line_1_16' title="bbox 274 1669 1757 1751; baseline -0.001 -26"><span class='ocrx_word' id='word_1_91' title='bbox 274 1672 334 1725; x_wconf 81' lang='grc' dir='ltr'><strong><em>Ἠ</em></strong></span> <span class='ocrx_word' id='word_1_92' title='bbox 385 1672 604 1740; x_wconf 78' lang='grc' dir='ltr'>καρδιά</span> <span class='ocrx_word' id='word_1_93' title='bbox 644 1690 762 1741; x_wconf 87' lang='grc' dir='ltr'><strong>μου</strong></span> <span class='ocrx_word' id='word_1_94' title='bbox 812 1671 1107 1751; x_wconf 49' lang='lat' dir='ltr'><strong>baptizari</strong></span> <span class='ocrx_word' id='word_1_95' title='bbox 1131 1711 1146 1735; x_wconf 92' lang='lat'><strong>,</strong></span> <span class='ocrx_word' id='word_1_96' title='bbox 1201 1669 1545 1740; x_wconf 67' lang='grc' dir='ltr'>ἐγκατέλιπέ</span> <span class='ocrx_word' id='word_1_97' title='bbox 1591 1687 1668 1740; x_wconf 78' lang='grc' dir='ltr'><strong>με</strong></span> <span class='ocrx_word' id='word_1_98' title='bbox 1718 1670 1757 1737; x_wconf 76' lang='grc' dir='ltr'><strong><em>ἠ</em></strong></span> 
     </span>
    </p>
   </div>
   <div class='ocr_carea' id='block_1_17' title="bbox 201 1761 1759 1836">
    <p class='ocr_par' dir='ltr' id='par_1_17' title="bbox 201 1761 1759 1836">
     <span class='ocr_line' id='line_1_17' title="bbox 201 1761 1759 1836; baseline 0.001 -25"><span class='ocrx_word' id='word_1_99' title='bbox 201 1761 369 1828; x_wconf 74' lang='grc' dir='ltr'>ισχύς</span> <span class='ocrx_word' id='word_1_100' title='bbox 391 1779 535 1829; x_wconf 81' lang='grc' dir='ltr'>μου.</span> <span class='ocrx_word' id='word_1_101' title='bbox 572 1764 647 1815; x_wconf 84' lang='grc' dir='ltr'><strong>Τὸ</strong></span> <span class='ocrx_word' id='word_1_102' title='bbox 672 1763 1059 1831; x_wconf 77' lang='grc' dir='ltr'>διαλογιστικδν</span> <span class='ocrx_word' id='word_1_103' title='bbox 1093 1764 1317 1836; x_wconf 80' lang='grc' dir='ltr'>καρδίαν</span> <span class='ocrx_word' id='word_1_104' title='bbox 1350 1762 1501 1833; x_wconf 81' lang='grc' dir='ltr'>φησί.</span> <span class='ocrx_word' id='word_1_105' title='bbox 1562 1761 1669 1816; x_wconf 76' lang='grc' dir='ltr'><strong>Καὶ</strong></span> <span class='ocrx_word' id='word_1_106' title='bbox 1692 1761 1759 1814; x_wconf 83' lang='grc' dir='ltr'>τὸ</span> 
     </span>
    </p>
   </div>
   <div class='ocr_carea' id='block_1_18' title="bbox 202 1850 1757 1924">
    <p class='ocr_par' dir='ltr' id='par_1_18' title="bbox 202 1850 1757 1924">
     <span class='ocr_line' id='line_1_18' title="bbox 202 1850 1757 1924; baseline -0.001 -19"><span class='ocrx_word' id='word_1_107' title='bbox 202 1850 310 1918; x_wconf 69' lang='grc' dir='ltr'>ρςίς</span> <span class='ocrx_word' id='word_1_108' title='bbox 337 1850 455 1905; x_wconf 84' lang='grc' dir='ltr'>τῶν</span> <span class='ocrx_word' id='word_1_109' title='bbox 480 1854 803 1923; x_wconf 61' lang='grc' dir='ltr'><strong>ὀφθαλμῶν</strong></span> <span class='ocrx_word' id='word_1_110' title='bbox 826 1873 943 1924; x_wconf 80' lang='grc' dir='ltr'><strong>μου</strong></span> <span class='ocrx_word' id='word_1_111' title='bbox 964 1899 979 1920; x_wconf 89' lang='grc'><strong>,</strong></span> <span class='ocrx_word' id='word_1_112' title='bbox 1036 1857 1131 1909; x_wconf 75' lang='grc' dir='ltr'><strong>καί</strong></span> <span class='ocrx_word' id='word_1_113' title='bbox 1160 1854 1306 1910; x_wconf 82' lang='grc' dir='ltr'>αὐτὸ</span> <span class='ocrx_word' id='word_1_114' title='bbox 1328 1857 1437 1909; x_wconf 77' lang='grc' dir='ltr'><strong>οὐκ</strong></span> <span class='ocrx_word' id='word_1_115' title='bbox 1460 1856 1591 1909; x_wconf 84' lang='grc' dir='ltr'>ἐστι</span> <span class='ocrx_word' id='word_1_116' title='bbox 1631 1851 1757 1921; x_wconf 80' lang='grc' dir='ltr'>μετ’</span> 
     </span>
    </p>
   </div>
   <div class='ocr_carea' id='block_1_19' title="bbox 202 1929 1831 2016">
    <p class='ocr_par' dir='ltr' id='par_1_19' title="bbox 202 1929 1831 2016">
     <span class='ocr_line' id='line_1_19' title="bbox 202 1929 1831 2016; baseline -0.001 -21"><span class='ocrx_word' id='word_1_117' title='bbox 202 1941 355 2009; x_wconf 74' lang='grc' dir='ltr'>ἐμοῦ.</span> <span class='ocrx_word' id='word_1_118' title='bbox 414 1943 490 1995; x_wconf 77' lang='grc' dir='ltr'>Τὸ</span> <span class='ocrx_word' id='word_1_119' title='bbox 522 1943 639 2012; x_wconf 81' lang='grc' dir='ltr'><strong>φῶς</strong></span> <span class='ocrx_word' id='word_1_120' title='bbox 667 1944 775 1997; x_wconf 88' lang='grc' dir='ltr'><strong>τῶν</strong></span> <span class='ocrx_word' id='word_1_121' title='bbox 800 1944 1091 2013; x_wconf 79' lang='grc' dir='ltr'>ὀφθαλμῶν</span> <span class='ocrx_word' id='word_1_122' title='bbox 1118 1946 1178 1998; x_wconf 75' lang='grc' dir='ltr'>τὸ</span> <span class='ocrx_word' id='word_1_123' title='bbox 1208 1945 1420 2016; x_wconf 82' lang='grc' dir='ltr'>πνεῦμα</span> <span class='ocrx_word' id='word_1_124' title='bbox 1455 1945 1515 1996; x_wconf 82' lang='grc' dir='ltr'>τὸ</span> <span class='ocrx_word' id='word_1_125' title='bbox 1556 1942 1757 2013; x_wconf 81' lang='grc' dir='ltr'>ἐκλάμ-</span> <span class='ocrx_word' id='word_1_126' title='bbox 1790 1929 1831 1979; x_wconf 71' lang='grc' dir='ltr'><strong>Β</strong></span> 
     </span>
    </p>
   </div>
   <div class='ocr_carea' id='block_1_20' title="bbox 202 2034 1299 2105">
    <p class='ocr_par' dir='ltr' id='par_1_20' title="bbox 202 2034 1299 2105">
     <span class='ocr_line' id='line_1_20' title="bbox 202 2034 1299 2105; baseline 0.005 -22"><span class='ocrx_word' id='word_1_127' title='bbox 202 2047 295 2083; x_wconf 81' lang='grc' dir='ltr'><strong>πον</strong></span> <span class='ocrx_word' id='word_1_128' title='bbox 322 2035 428 2096; x_wconf 83' lang='grc' dir='ltr'>τοῖς</span> <span class='ocrx_word' id='word_1_129' title='bbox 454 2034 553 2103; x_wconf 81' lang='grc' dir='ltr'>τῆς</span> <span class='ocrx_word' id='word_1_130' title='bbox 581 2034 819 2097; x_wconf 79' lang='grc' dir='ltr'>διανοίας</span> <span class='ocrx_word' id='word_1_131' title='bbox 850 2034 1012 2087; x_wconf 73' lang='grc' dir='ltr'>αὐτοῦ</span> <span class='ocrx_word' id='word_1_132' title='bbox 1040 2036 1299 2105; x_wconf 73' lang='grc' dir='ltr'>ὄμμασιν.</span> 
     </span>
    </p>
   </div>
   <div class='ocr_carea' id='block_1_21' title="bbox 270 2124 1759 2195">
    <p class='ocr_par' dir='ltr' id='par_1_21' title="bbox 270 2124 1759 2195">
     <span class='ocr_line' id='line_1_21' title="bbox 270 2124 1759 2195; baseline 0.001 -20"><span class='ocrx_word' id='word_1_133' title='bbox 270 2126 330 2175; x_wconf 85' lang='grc' dir='ltr'><strong>οι</strong></span> <span class='ocrx_word' id='word_1_134' title='bbox 361 2126 528 2192; x_wconf 69' lang='grc' dir='ltr'>φίλοι</span> <span class='ocrx_word' id='word_1_135' title='bbox 553 2142 673 2193; x_wconf 83' lang='grc' dir='ltr'><strong>μου</strong></span> <span class='ocrx_word' id='word_1_136' title='bbox 707 2126 804 2178; x_wconf 77' lang='grc' dir='ltr'><strong>καί</strong></span> <span class='ocrx_word' id='word_1_137' title='bbox 850 2128 905 2178; x_wconf 79' lang='grc' dir='ltr'><strong>οἱ</strong></span> <span class='ocrx_word' id='word_1_138' title='bbox 946 2126 1213 2193; x_wconf 73' lang='grc' dir='ltr'>πλησίον</span> <span class='ocrx_word' id='word_1_139' title='bbox 1236 2143 1355 2195; x_wconf 82' lang='grc' dir='ltr'>μου</span> <span class='ocrx_word' id='word_1_140' title='bbox 1384 2124 1453 2190; x_wconf 81' lang='grc' dir='ltr'>ἐξ</span> <span class='ocrx_word' id='word_1_141' title='bbox 1485 2124 1759 2190; x_wconf 81' lang='grc' dir='ltr'>ἐναντίας</span> 
     </span>
    </p>
   </div>
   <div class='ocr_carea' id='block_1_22' title="bbox 198 2213 1757 2286">
    <p class='ocr_par' dir='ltr' id='par_1_22' title="bbox 198 2213 1757 2286">
     <span class='ocr_line' id='line_1_22' title="bbox 198 2213 1757 2286; baseline 0 -22"><span class='ocrx_word' id='word_1_142' title='bbox 198 2231 305 2280; x_wconf 77' lang='grc' dir='ltr'><strong>μου</strong></span> <span class='ocrx_word' id='word_1_143' title='bbox 333 2213 595 2282; x_wconf 73' lang='grc' dir='ltr'>ἤγγισαν</span> <span class='ocrx_word' id='word_1_144' title='bbox 621 2215 715 2267; x_wconf 76' lang='grc' dir='ltr'>καὶ</span> <span class='ocrx_word' id='word_1_145' title='bbox 742 2216 1030 2283; x_wconf 78' lang='grc' dir='ltr'>ἔστησαν.</span> <span class='ocrx_word' id='word_1_146' title='bbox 1078 2216 1165 2269; x_wconf 85' lang='grc' dir='ltr'>Ἐν</span> <span class='ocrx_word' id='word_1_147' title='bbox 1195 2215 1274 2285; x_wconf 81' lang='grc' dir='ltr'>τῷ</span> <span class='ocrx_word' id='word_1_148' title='bbox 1303 2215 1634 2286; x_wconf 81' lang='grc' dir='ltr'><strong>πεπληγέναι</strong></span> <span class='ocrx_word' id='word_1_149' title='bbox 1668 2230 1757 2283; x_wconf 84' lang='grc' dir='ltr'><strong>με,</strong></span> 
     </span>
    </p>
   </div>
   <div class='ocr_carea' id='block_1_23' title="bbox 203 2302 1763 2374">
    <p class='ocr_par' dir='ltr' id='par_1_23' title="bbox 203 2302 1763 2374">
     <span class='ocr_line' id='line_1_23' title="bbox 203 2302 1763 2374; baseline -0.001 -19"><span class='ocrx_word' id='word_1_150' title='bbox 203 2305 375 2373; x_wconf 71' lang='grc' dir='ltr'>φησὶν,</span> <span class='ocrx_word' id='word_1_151' title='bbox 401 2304 739 2374; x_wconf 76' lang='grc' dir='ltr'>ἀντέστησαν</span> <span class='ocrx_word' id='word_1_152' title='bbox 776 2321 882 2373; x_wconf 88' lang='grc' dir='ltr'>μοι.</span> <span class='ocrx_word' id='word_1_153' title='bbox 910 2303 1091 2357; x_wconf 76' lang='grc' dir='ltr'>Ταῦτα</span> <span class='ocrx_word' id='word_1_154' title='bbox 1110 2302 1165 2355; x_wconf 79' lang='grc' dir='ltr'>δὲ</span> <span class='ocrx_word' id='word_1_155' title='bbox 1195 2302 1339 2372; x_wconf 80' lang='grc' dir='ltr'>λέγει</span> <span class='ocrx_word' id='word_1_156' title='bbox 1364 2302 1452 2356; x_wconf 71' lang='grc' dir='ltr'><strong>διὰ</strong></span> <span class='ocrx_word' id='word_1_157' title='bbox 1476 2303 1563 2355; x_wconf 73' lang='grc' dir='ltr'><strong>τὸν</strong></span> <span class='ocrx_word' id='word_1_158' title='bbox 1579 2302 1763 2354; x_wconf 82' lang='grc' dir='ltr'>Ἀδεσ-</span> 
     </span>
    </p>
   </div>
   <div class='ocr_carea' id='block_1_24' title="bbox 204 2390 1761 2464">
    <p class='ocr_par' dir='ltr' id='par_1_24' title="bbox 204 2390 1761 2464">
     <span class='ocr_line' id='line_1_24' title="bbox 204 2390 1761 2464; baseline -0.003 -17"><span class='ocrx_word' id='word_1_159' title='bbox 204 2395 383 2464; x_wconf 84' lang='grc' dir='ltr'>σαλὼμ</span> <span class='ocrx_word' id='word_1_160' title='bbox 409 2394 507 2447; x_wconf 74' lang='grc' dir='ltr'>καὶ</span> <span class='ocrx_word' id='word_1_161' title='bbox 532 2395 624 2447; x_wconf 74' lang='grc' dir='ltr'><strong>τὸν</strong></span> <span class='ocrx_word' id='word_1_162' title='bbox 663 2393 957 2462; x_wconf 78' lang='grc' dir='ltr'>Ἀχιτόφελ.</span> <span class='ocrx_word' id='word_1_163' title='bbox 1003 2393 1110 2448; x_wconf 80' lang='grc' dir='ltr'><strong>Καὶ</strong></span> <span class='ocrx_word' id='word_1_164' title='bbox 1153 2396 1206 2447; x_wconf 82' lang='grc' dir='ltr'><strong>οι</strong></span> <span class='ocrx_word' id='word_1_165' title='bbox 1234 2392 1475 2461; x_wconf 74' lang='grc' dir='ltr'>ἔγγιστὰ</span> <span class='ocrx_word' id='word_1_166' title='bbox 1501 2410 1617 2460; x_wconf 82' lang='grc' dir='ltr'><strong>μου</strong></span> <span class='ocrx_word' id='word_1_167' title='bbox 1643 2390 1761 2444; x_wconf 82' lang='grc' dir='ltr'><strong>ἀπὸ</strong></span> 
     </span>
    </p>
   </div>
   <div class='ocr_carea' id='block_1_25' title="bbox 197 2482 1762 2557">
    <p class='ocr_par' dir='ltr' id='par_1_25' title="bbox 197 2482 1762 2557">
     <span class='ocr_line' id='line_1_25' title="bbox 197 2482 1762 2557; baseline -0.003 -18"><span class='ocrx_word' id='word_1_168' title='bbox 197 2489 486 2557; x_wconf 64' lang='grc' dir='ltr'>μακρόθεν</span> <span class='ocrx_word' id='word_1_169' title='bbox 517 2486 806 2551; x_wconf 78' lang='grc' dir='ltr'>ἔστησαν.</span> <span class='ocrx_word' id='word_1_170' title='bbox 858 2487 917 2538; x_wconf 85' lang='grc' dir='ltr'><strong>Οἱ</strong></span> <span class='ocrx_word' id='word_1_171' title='bbox 962 2485 1069 2555; x_wconf 81' lang='grc' dir='ltr'><strong>γὰρ</strong></span> <span class='ocrx_word' id='word_1_172' title='bbox 1100 2483 1588 2554; x_wconf 69' lang='grc' dir='ltr'>ωνυπουργοῦντες</span> <span class='ocrx_word' id='word_1_173' title='bbox 1616 2482 1762 2553; x_wconf 73' lang='grc' dir='ltr'><strong>αὑτῷ</strong></span> 
     </span>
    </p>
   </div>
   <div class='ocr_carea' id='block_1_26' title="bbox 204 2576 1764 2648">
    <p class='ocr_par' dir='ltr' id='par_1_26' title="bbox 204 2576 1764 2648">
     <span class='ocr_line' id='line_1_26' title="bbox 204 2576 1764 2648; baseline -0.003 -15"><span class='ocrx_word' id='word_1_174' title='bbox 204 2580 411 2647; x_wconf 73' lang='grc' dir='ltr'>ἄγγελοι</span> <span class='ocrx_word' id='word_1_175' title='bbox 444 2577 802 2645; x_wconf 79' lang='grc' dir='ltr'><strong>ἐγκατέλιπον</strong></span> <span class='ocrx_word' id='word_1_176' title='bbox 833 2577 992 2629; x_wconf 74' lang='grc' dir='ltr'>αὑτὸν</span> <span class='ocrx_word' id='word_1_177' title='bbox 1014 2577 1102 2629; x_wconf 77' lang='grc' dir='ltr'><strong>διὰ</strong></span> <span class='ocrx_word' id='word_1_178' title='bbox 1136 2578 1234 2647; x_wconf 86' lang='grc' dir='ltr'>τὴν</span> <span class='ocrx_word' id='word_1_179' title='bbox 1266 2576 1557 2648; x_wconf 74' lang='grc' dir='ltr'>ἁμαρτίαν.</span> <span class='ocrx_word' id='word_1_180' title='bbox 1612 2576 1764 2646; x_wconf 80' lang='grc' dir='ltr'><strong>Τάχα</strong></span> 
     </span>
    </p>
   </div>
   <div class='ocr_carea' id='block_1_27' title="bbox 203 2666 1761 2740">
    <p class='ocr_par' dir='ltr' id='par_1_27' title="bbox 203 2666 1761 2740">
     <span class='ocr_line' id='line_1_27' title="bbox 203 2666 1761 2740; baseline -0.001 -18"><span class='ocrx_word' id='word_1_181' title='bbox 203 2672 302 2740; x_wconf 75' lang='grc' dir='ltr'><strong>γὰρ</strong></span> <span class='ocrx_word' id='word_1_182' title='bbox 330 2670 424 2721; x_wconf 75' lang='grc' dir='ltr'>καὶ</span> <span class='ocrx_word' id='word_1_183' title='bbox 454 2670 514 2721; x_wconf 88' lang='grc' dir='ltr'><strong>αί</strong></span> <span class='ocrx_word' id='word_1_184' title='bbox 566 2668 821 2738; x_wconf 72' lang='grc' dir='ltr'>δυνάμεις</span> <span class='ocrx_word' id='word_1_185' title='bbox 850 2670 905 2720; x_wconf 90' lang='grc' dir='ltr'>αἱ</span> <span class='ocrx_word' id='word_1_186' title='bbox 940 2667 1089 2735; x_wconf 77' lang='grc' dir='ltr'>ἅγιαι</span> <span class='ocrx_word' id='word_1_187' title='bbox 1133 2666 1505 2738; x_wconf 81' lang='grc' dir='ltr'>ὑποχωροῦσιν</span> <span class='ocrx_word' id='word_1_188' title='bbox 1536 2669 1594 2720; x_wconf 86' lang='grc' dir='ltr'>ὲν</span> <span class='ocrx_word' id='word_1_189' title='bbox 1641 2685 1761 2721; x_wconf 86' lang='grc' dir='ltr'>και-</span> 
     </span>
    </p>
   </div>
   <div class='ocr_carea' id='block_1_28' title="bbox 209 2758 1763 2831">
    <p class='ocr_par' dir='ltr' id='par_1_28' title="bbox 209 2758 1763 2831">
     <span class='ocr_line' id='line_1_28' title="bbox 209 2758 1763 2831; baseline -0.001 -19"><span class='ocrx_word' id='word_1_190' title='bbox 209 2758 278 2831; x_wconf 79' lang='grc' dir='ltr'>ρῷ</span> <span class='ocrx_word' id='word_1_191' title='bbox 298 2758 609 2831; x_wconf 80' lang='grc' dir='ltr'>πειρασμοῦ</span> <span class='ocrx_word' id='word_1_192' title='bbox 630 2760 763 2830; x_wconf 82' lang='grc' dir='ltr'>πρὸς</span> <span class='ocrx_word' id='word_1_193' title='bbox 778 2758 1001 2830; x_wconf 80' lang='grc' dir='ltr'>δοκιμὴν</span> <span class='ocrx_word' id='word_1_194' title='bbox 1024 2758 1116 2813; x_wconf 81' lang='grc' dir='ltr'>τοῦ</span> <span class='ocrx_word' id='word_1_195' title='bbox 1141 2758 1552 2831; x_wconf 69' lang='grc' dir='ltr'>πειραζομένου,</span> <span class='ocrx_word' id='word_1_196' title='bbox 1574 2759 1607 2830; x_wconf 72' lang='grc' dir='ltr'>ἢ</span> <span class='ocrx_word' id='word_1_197' title='bbox 1628 2759 1763 2829; x_wconf 68' lang='grc' dir='ltr'>πρὸς</span> 
     </span>
    </p>
   </div>
   <div class='ocr_carea' id='block_1_29' title="bbox 204 2867 429 2904">
    <p class='ocr_par' dir='ltr' id='par_1_29' title="bbox 204 2867 429 2904">
     <span class='ocr_line' id='line_1_29' title="bbox 204 2867 429 2904; baseline 0.009 -2"><span class='ocrx_word' id='word_1_198' title='bbox 204 2867 325 2903; x_wconf 69' lang='grc' dir='ltr'>κολα</span> <span class='ocrx_word' id='word_1_199' title='bbox 332 2869 429 2904; x_wconf 80' lang='grc' dir='ltr'>σιν.</span> 
     </span>
    </p>
   </div>
   <div class='ocr_carea' id='block_1_30' title="bbox 266 2936 1760 3006">
    <p class='ocr_par' dir='ltr' id='par_1_30' title="bbox 266 2936 1760 3006">
     <span class='ocr_line' id='line_1_30' title="bbox 266 2936 1760 3006; baseline -0.004 -11"><span class='ocrx_word' id='word_1_200' title='bbox 266 2942 370 2995; x_wconf 79' lang='grc' dir='ltr'><strong>Καὶ</strong></span> <span class='ocrx_word' id='word_1_201' title='bbox 403 2939 771 3002; x_wconf 76' lang='grc' dir='ltr'><strong>ἐεεόιάζοντο</strong></span> <span class='ocrx_word' id='word_1_202' title='bbox 815 2940 869 2991; x_wconf 74' lang='grc' dir='ltr'><strong>οἱ</strong></span> <span class='ocrx_word' id='word_1_203' title='bbox 900 2936 1209 3003; x_wconf 78' lang='grc' dir='ltr'>ζητοῦντες</span> <span class='ocrx_word' id='word_1_204' title='bbox 1235 2936 1347 3004; x_wconf 70' lang='grc' dir='ltr'><strong>τὴν</strong></span> <span class='ocrx_word' id='word_1_205' title='bbox 1372 2936 1582 3006; x_wconf 64' lang='grc' dir='ltr'><strong>ψυχήν</strong></span> <span class='ocrx_word' id='word_1_206' title='bbox 1621 2954 1760 3005; x_wconf 81' lang='grc' dir='ltr'>μου.</span> 
     </span>
    </p>
   </div>
   <div class='ocr_carea' id='block_1_31' title="bbox 207 3027 1765 3100">
    <p class='ocr_par' dir='ltr' id='par_1_31' title="bbox 207 3027 1765 3100">
     <span class='ocr_line' id='line_1_31' title="bbox 207 3027 1765 3100; baseline -0.005 -13"><span class='ocrx_word' id='word_1_207' title='bbox 207 3035 456 3096; x_wconf 82' lang='grc' dir='ltr'>Είκὸτως,</span> <span class='ocrx_word' id='word_1_208' title='bbox 490 3031 600 3083; x_wconf 88' lang='grc' dir='ltr'><strong>τῶν</strong></span> <span class='ocrx_word' id='word_1_209' title='bbox 630 3029 877 3097; x_wconf 81' lang='grc' dir='ltr'>ἀγγέλων</span> <span class='ocrx_word' id='word_1_210' title='bbox 908 3028 1308 3082; x_wconf 78' lang='grc' dir='ltr'>καταλιπόντων</span> <span class='ocrx_word' id='word_1_211' title='bbox 1333 3029 1515 3091; x_wconf 76' lang='grc' dir='ltr'>αὐτὸν,</span> <span class='ocrx_word' id='word_1_212' title='bbox 1541 3027 1765 3100; x_wconf 71' lang='grc' dir='ltr'>σφοδρό-</span> 
     </span>
    </p>
   </div>
   <div class='ocr_carea' id='block_1_32' title="bbox 203 3118 1766 3195">
    <p class='ocr_par' dir='ltr' id='par_1_32' title="bbox 203 3118 1766 3195">
     <span class='ocr_line' id='line_1_32' title="bbox 203 3118 1766 3195; baseline -0.003 -20"><span class='ocrx_word' id='word_1_213' title='bbox 203 3141 351 3195; x_wconf 83' lang='grc' dir='ltr'>τερον</span> <span class='ocrx_word' id='word_1_214' title='bbox 377 3125 427 3177; x_wconf 88' lang='grc' dir='ltr'>οί</span> <span class='ocrx_word' id='word_1_215' title='bbox 454 3122 707 3192; x_wconf 70' lang='grc' dir='ltr'>δαίμονες</span> <span class='ocrx_word' id='word_1_216' title='bbox 753 3118 1079 3174; x_wconf 72' lang='grc' dir='ltr'>ἐπετίθεντο.</span> <span class='ocrx_word' id='word_1_217' title='bbox 1138 3120 1241 3174; x_wconf 71' lang='grc' dir='ltr'><strong>Καὶ</strong></span> <span class='ocrx_word' id='word_1_218' title='bbox 1268 3123 1321 3173; x_wconf 81' lang='grc' dir='ltr'><strong>οι</strong></span> <span class='ocrx_word' id='word_1_219' title='bbox 1348 3118 1655 3186; x_wconf 73' lang='grc' dir='ltr'>ζητοῦντες</span> <span class='ocrx_word' id='word_1_220' title='bbox 1695 3118 1766 3172; x_wconf 84' lang='grc' dir='ltr'>τὰ</span> 
     </span>
    </p>
   </div>
   <div class='ocr_carea' id='block_1_33' title="bbox 205 3209 1761 3284">
    <p class='ocr_par' dir='ltr' id='par_1_33' title="bbox 205 3209 1761 3284">
     <span class='ocr_line' id='line_1_33' title="bbox 205 3209 1761 3284; baseline -0.006 -15"><span class='ocrx_word' id='word_1_221' title='bbox 205 3215 351 3269; x_wconf 79' lang='grc' dir='ltr'>κακὰ</span> <span class='ocrx_word' id='word_1_222' title='bbox 368 3232 473 3284; x_wconf 82' lang='grc' dir='ltr'><strong>μοι</strong></span> <span class='ocrx_word' id='word_1_223' title='bbox 488 3256 504 3278; x_wconf 87' lang='grc'><strong>,</strong></span> <span class='ocrx_word' id='word_1_224' title='bbox 529 3212 841 3279; x_wconf 70' lang='grc' dir='ltr'>ἐλάλησαν</span> <span class='ocrx_word' id='word_1_225' title='bbox 863 3211 1280 3280; x_wconf 80' lang='grc' dir='ltr'>ματαιότητας.</span> <span class='ocrx_word' id='word_1_226' title='bbox 1318 3210 1585 3274; x_wconf 79' lang='grc' dir='ltr'>Ἐλὰλουν,</span> <span class='ocrx_word' id='word_1_227' title='bbox 1610 3209 1761 3278; x_wconf 76' lang='grc' dir='ltr'>φησὶ,</span> 
     </span>
    </p>
   </div>
   <div class='ocr_carea' id='block_1_34' title="bbox 205 3301 1467 3378">
    <p class='ocr_par' dir='ltr' id='par_1_34' title="bbox 205 3301 1467 3378">
     <span class='ocr_line' id='line_1_34' title="bbox 205 3301 1467 3378; baseline -0.005 -20"><span class='ocrx_word' id='word_1_228' title='bbox 205 3307 334 3378; x_wconf 78' lang='grc' dir='ltr'>πρὸς</span> <span class='ocrx_word' id='word_1_229' title='bbox 360 3308 612 3368; x_wconf 76' lang='grc' dir='ltr'>ἐαυτοὺς,</span> <span class='ocrx_word' id='word_1_230' title='bbox 642 3303 932 3373; x_wconf 79' lang='grc' dir='ltr'>ἐπιδουλήν</span> <span class='ocrx_word' id='word_1_231' title='bbox 970 3320 1060 3372; x_wconf 87' lang='grc' dir='ltr'><strong>μοι</strong></span> <span class='ocrx_word' id='word_1_232' title='bbox 1093 3301 1467 3364; x_wconf 75' lang='grc' dir='ltr'>σκευάζοντες.</span> 
     </span>
    </p>
   </div>
   <div class='ocr_carea' id='block_1_35' title="bbox 278 3390 1760 3467">
    <p class='ocr_par' dir='ltr' id='par_1_35' title="bbox 278 3390 1760 3467">
     <span class='ocr_line' id='line_1_35' title="bbox 278 3390 1760 3467; baseline -0.003 -17"><span class='ocrx_word' id='word_1_233' title='bbox 278 3396 416 3467; x_wconf 76' lang='grc' dir='ltr'><strong>Ἐγὼ</strong></span> <span class='ocrx_word' id='word_1_234' title='bbox 441 3397 514 3450; x_wconf 78' lang='grc' dir='ltr'>δὲ</span> <span class='ocrx_word' id='word_1_235' title='bbox 545 3395 688 3449; x_wconf 79' lang='grc' dir='ltr'>ὡσεὶ</span> <span class='ocrx_word' id='word_1_236' title='bbox 730 3394 925 3462; x_wconf 72' lang='grc' dir='ltr'>κωφὸς</span> <span class='ocrx_word' id='word_1_237' title='bbox 959 3394 1068 3446; x_wconf 82' lang='grc' dir='ltr'><strong>οὐκ</strong></span> <span class='ocrx_word' id='word_1_238' title='bbox 1095 3391 1322 3460; x_wconf 71' lang='grc' dir='ltr'>ἤκουον</span> <span class='ocrx_word' id='word_1_239' title='bbox 1344 3432 1359 3456; x_wconf 93' lang='grc'><strong>,</strong></span> <span class='ocrx_word' id='word_1_240' title='bbox 1399 3391 1492 3445; x_wconf 75' lang='grc' dir='ltr'>καὶ</span> <span class='ocrx_word' id='word_1_241' title='bbox 1516 3392 1582 3445; x_wconf 68' lang='grc' dir='ltr'><strong>τὰ</strong></span> <span class='ocrx_word' id='word_1_242' title='bbox 1614 3390 1760 3461; x_wconf 78' lang='grc' dir='ltr'>ἐξῆς.</span> 
     </span>
    </p>
   </div>
   <div class='ocr_carea' id='block_1_36' title="bbox 204 3482 1766 3557">
    <p class='ocr_par' dir='ltr' id='par_1_36' title="bbox 204 3482 1766 3557">
     <span class='ocr_line' id='line_1_36' title="bbox 204 3482 1766 3557; baseline -0.003 -16"><span class='ocrx_word' id='word_1_243' title='bbox 204 3488 381 3543; x_wconf 80' lang='grc' dir='ltr'>Ταῦτα</span> <span class='ocrx_word' id='word_1_244' title='bbox 402 3527 420 3553; x_wconf 87' lang='grc'><strong>,</strong></span> <span class='ocrx_word' id='word_1_245' title='bbox 453 3486 654 3557; x_wconf 80' lang='grc' dir='ltr'>φησὶν,</span> <span class='ocrx_word' id='word_1_246' title='bbox 682 3483 982 3552; x_wconf 63' lang='grc' dir='ltr'>λαλούντων</span> <span class='ocrx_word' id='word_1_247' title='bbox 1011 3483 1188 3538; x_wconf 76' lang='grc' dir='ltr'>αὐτῶν</span> <span class='ocrx_word' id='word_1_248' title='bbox 1205 3523 1220 3546; x_wconf 93' lang='grc'><strong>,</strong></span> <span class='ocrx_word' id='word_1_249' title='bbox 1246 3482 1365 3536; x_wconf 78' lang='grc' dir='ltr'>οὑδέ</span> <span class='ocrx_word' id='word_1_250' title='bbox 1394 3482 1609 3537; x_wconf 71' lang='grc' dir='ltr'>ἀκούειν</span> <span class='ocrx_word' id='word_1_251' title='bbox 1652 3483 1766 3537; x_wconf 79' lang='grc' dir='ltr'>ἐδό-</span> 
     </span>
    </p>
   </div>
   <div class='ocr_carea' id='block_1_37' title="bbox 204 3574 1767 3647">
    <p class='ocr_par' dir='ltr' id='par_1_37' title="bbox 204 3574 1767 3647">
     <span class='ocr_line' id='line_1_37' title="bbox 204 3574 1767 3647; baseline -0.002 -16"><span class='ocrx_word' id='word_1_252' title='bbox 204 3594 343 3645; x_wconf 58' lang='grc' dir='ltr'>κουν,</span> <span class='ocrx_word' id='word_1_253' title='bbox 372 3577 497 3630; x_wconf 70' lang='grc' dir='ltr'><strong>οὐδὲ</strong></span> <span class='ocrx_word' id='word_1_254' title='bbox 533 3574 709 3628; x_wconf 80' lang='grc' dir='ltr'>λαλεῖν</span> <span class='ocrx_word' id='word_1_255' title='bbox 734 3575 853 3647; x_wconf 80' lang='grc' dir='ltr'>τῆς,</span> <span class='ocrx_word' id='word_1_256' title='bbox 880 3574 1189 3647; x_wconf 76' lang='grc' dir='ltr'>παρρησίας</span> <span class='ocrx_word' id='word_1_257' title='bbox 1219 3591 1319 3646; x_wconf 86' lang='grc' dir='ltr'><strong>μου</strong></span> <span class='ocrx_word' id='word_1_258' title='bbox 1352 3574 1441 3629; x_wconf 75' lang='grc' dir='ltr'><strong>διὰ</strong></span> <span class='ocrx_word' id='word_1_259' title='bbox 1469 3575 1566 3646; x_wconf 74' lang='grc' dir='ltr'>τῆς</span> <span class='ocrx_word' id='word_1_260' title='bbox 1597 3576 1767 3646; x_wconf 85' lang='grc' dir='ltr'>ἁμαρ-</span> 
     </span>
    </p>
   </div>
   <div class='ocr_carea' id='block_1_38' title="bbox 204 3665 732 3737">
    <p class='ocr_par' dir='ltr' id='par_1_38' title="bbox 204 3665 732 3737">
     <span class='ocr_line' id='line_1_38' title="bbox 204 3665 732 3737; baseline -0.004 -17"><span class='ocrx_word' id='word_1_261' title='bbox 204 3667 317 3730; x_wconf 79' lang='grc' dir='ltr'>υίας</span> <span class='ocrx_word' id='word_1_262' title='bbox 352 3665 732 3737; x_wconf 70' lang='grc' dir='ltr'><strong>ἀφῃρημένης.</strong></span> 
     </span>
    </p>
   </div>
   <div class='ocr_carea' id='block_1_39' title="bbox 273 3747 1765 3822">
    <p class='ocr_par' dir='ltr' id='par_1_39' title="bbox 273 3747 1765 3822">
     <span class='ocr_line' id='line_1_39' title="bbox 273 3747 1765 3822; baseline -0.001 -15"><span class='ocrx_word' id='word_1_263' title='bbox 273 3754 399 3807; x_wconf 81' lang='grc' dir='ltr'>Ὀτι</span> <span class='ocrx_word' id='word_1_264' title='bbox 426 3753 529 3807; x_wconf 77' lang='grc' dir='ltr'>ἐπὶ</span> <span class='ocrx_word' id='word_1_265' title='bbox 555 3752 674 3817; x_wconf 74' lang='grc' dir='ltr'>σοι,</span> <span class='ocrx_word' id='word_1_266' title='bbox 700 3754 894 3822; x_wconf 81' lang='grc' dir='ltr'>Κύριε,</span> <span class='ocrx_word' id='word_1_267' title='bbox 922 3751 1153 3821; x_wconf 73' lang='grc' dir='ltr'>ἤλπισα</span> <span class='ocrx_word' id='word_1_268' title='bbox 1182 3789 1198 3805; x_wconf 96' lang='grc'><strong>.</strong></span> <span class='ocrx_word' id='word_1_269' title='bbox 1234 3791 1249 3805; x_wconf 96' lang='grc'><strong>.</strong></span> <span class='ocrx_word' id='word_1_270' title='bbox 1281 3790 1296 3805; x_wconf 94' lang='grc'><strong>.</strong></span> <span class='ocrx_word' id='word_1_271' title='bbox 1324 3750 1413 3805; x_wconf 82' lang='grc' dir='ltr'>ὅτι</span> <span class='ocrx_word' id='word_1_272' title='bbox 1438 3747 1575 3805; x_wconf 76' lang='grc' dir='ltr'>εἶπα</span> <span class='ocrx_word' id='word_1_273' title='bbox 1595 3767 1610 3782; x_wconf 82' lang='grc'><em>’</em></span> <span class='ocrx_word' id='word_1_274' title='bbox 1640 3751 1765 3819; x_wconf 81' lang='grc' dir='ltr'><strong>Μή-</strong></span> 
     </span>
    </p>
   </div>
   <div class='ocr_carea' id='block_1_40' title="bbox 204 3841 1762 3919">
    <p class='ocr_par' dir='ltr' id='par_1_40' title="bbox 204 3841 1762 3919">
     <span class='ocr_line' id='line_1_40' title="bbox 204 3841 1762 3919; baseline -0.003 -21"><span class='ocrx_word' id='word_1_275' title='bbox 204 3858 338 3899; x_wconf 74' lang='grc' dir='ltr'>τοτε</span> <span class='ocrx_word' id='word_1_276' title='bbox 358 3841 694 3915; x_wconf 80' lang='grc' dir='ltr'>ἑπιχαρῶσί</span> <span class='ocrx_word' id='word_1_277' title='bbox 713 3860 813 3912; x_wconf 82' lang='grc' dir='ltr'><strong>μοι</strong></span> <span class='ocrx_word' id='word_1_278' title='bbox 844 3846 897 3897; x_wconf 79' lang='lat' dir='ltr'><strong>ot</strong></span> <span class='ocrx_word' id='word_1_279' title='bbox 925 3843 1126 3911; x_wconf 78' lang='grc' dir='ltr'>ἐχθροί</span> <span class='ocrx_word' id='word_1_280' title='bbox 1154 3859 1295 3913; x_wconf 85' lang='grc' dir='ltr'>μου.</span> <span class='ocrx_word' id='word_1_281' title='bbox 1327 3841 1447 3895; x_wconf 84' lang='grc' dir='ltr'>Τῶν</span> <span class='ocrx_word' id='word_1_282' title='bbox 1476 3842 1762 3919; x_wconf 62' lang='grc' dir='ltr'>τοσούτων,</span> 
     </span>
    </p>
   </div>
   <div class='ocr_carea' id='block_1_41' title="bbox 208 3930 1764 4004">
    <p class='ocr_par' dir='ltr' id='par_1_41' title="bbox 208 3930 1764 4004">
     <span class='ocr_line' id='line_1_41' title="bbox 208 3930 1764 4004; baseline -0.002 -17"><span class='ocrx_word' id='word_1_283' title='bbox 208 3935 352 4003; x_wconf 73' lang='grc' dir='ltr'>φησὶ,</span> <span class='ocrx_word' id='word_1_284' title='bbox 383 3933 709 4004; x_wconf 79' lang='grc' dir='ltr'>συμϐάντων</span> <span class='ocrx_word' id='word_1_285' title='bbox 736 3932 941 3995; x_wconf 84' lang='grc' dir='ltr'>κακῶν,</span> <span class='ocrx_word' id='word_1_286' title='bbox 973 3932 1099 4003; x_wconf 86' lang='grc' dir='ltr'>μίαν</span> <span class='ocrx_word' id='word_1_287' title='bbox 1121 3931 1228 4002; x_wconf 74' lang='grc' dir='ltr'><strong>ἔχω</strong></span> <span class='ocrx_word' id='word_1_288' title='bbox 1259 3932 1528 4004; x_wconf 79' lang='grc' dir='ltr'>σωτηρίας</span> <span class='ocrx_word' id='word_1_289' title='bbox 1556 3930 1764 3995; x_wconf 81' lang='grc' dir='ltr'>ἐλπίδα,</span> 
     </span>
    </p>
   </div>
   <div class='ocr_carea' id='block_1_42' title="bbox 205 4020 1387 4093">
    <p class='ocr_par' dir='ltr' id='par_1_42' title="bbox 205 4020 1387 4093">
     <span class='ocr_line' id='line_1_42' title="bbox 205 4020 1387 4093; baseline 0.001 -19"><span class='ocrx_word' id='word_1_290' title='bbox 205 4024 296 4092; x_wconf 76' lang='grc' dir='ltr'>τὴν</span> <span class='ocrx_word' id='word_1_291' title='bbox 322 4023 385 4074; x_wconf 85' lang='grc' dir='ltr'><strong>ἐκ</strong></span> <span class='ocrx_word' id='word_1_292' title='bbox 412 4020 508 4075; x_wconf 81' lang='grc' dir='ltr'><strong>σοῦ</strong></span> <span class='ocrx_word' id='word_1_293' title='bbox 538 4020 905 4092; x_wconf 78' lang='grc' dir='ltr'><strong>γενησομένην</strong></span> <span class='ocrx_word' id='word_1_294' title='bbox 936 4038 1025 4091; x_wconf 89' lang='grc' dir='ltr'><strong>μοι</strong></span> <span class='ocrx_word' id='word_1_295' title='bbox 1052 4021 1387 4093; x_wconf 88' lang='grc' dir='ltr'>ἐπικουρίαν.</span> 
     </span>
    </p>
   </div>
   <div class='ocr_carea' id='block_1_43' title="bbox 268 4110 1763 4181">
    <p class='ocr_par' dir='ltr' id='par_1_43' title="bbox 268 4110 1763 4181">
     <span class='ocr_line' id='line_1_43' title="bbox 268 4110 1763 4181; baseline 0 -16"><span class='ocrx_word' id='word_1_296' title='bbox 268 4113 373 4166; x_wconf 82' lang='lat' dir='ltr'><strong>Kal</strong></span> <span class='ocrx_word' id='word_1_297' title='bbox 408 4113 480 4166; x_wconf 79' lang='grc' dir='ltr'>ἐν</span> <span class='ocrx_word' id='word_1_298' title='bbox 504 4110 586 4177; x_wconf 80' lang='grc' dir='ltr'>τῷ</span> <span class='ocrx_word' id='word_1_299' title='bbox 613 4112 982 4180; x_wconf 75' lang='grc' dir='ltr'>σαλευθῆναι</span> <span class='ocrx_word' id='word_1_300' title='bbox 1013 4112 1202 4178; x_wconf 73' lang='grc' dir='ltr'>πόδας</span> <span class='ocrx_word' id='word_1_301' title='bbox 1230 4130 1347 4181; x_wconf 82' lang='grc' dir='ltr'><strong>μου</strong></span> <span class='ocrx_word' id='word_1_302' title='bbox 1376 4112 1468 4165; x_wconf 81' lang='grc' dir='ltr'><strong>ἐπ’</strong></span> <span class='ocrx_word' id='word_1_303' title='bbox 1495 4112 1597 4181; x_wconf 82' lang='grc' dir='ltr'><strong>ἐμὲ</strong></span> <span class='ocrx_word' id='word_1_304' title='bbox 1633 4111 1763 4180; x_wconf 77' lang='grc' dir='ltr'>ἐμε-</span> 
     </span>
    </p>
   </div>
   <div class='ocr_carea' id='block_1_44' title="bbox 208 4204 1768 4275">
    <p class='ocr_par' dir='ltr' id='par_1_44' title="bbox 208 4204 1768 4275">
     <span class='ocr_line' id='line_1_44' title="bbox 208 4204 1768 4275; baseline -0.004 -15"><span class='ocrx_word' id='word_1_305' title='bbox 208 4206 759 4275; x_wconf 62' lang='grc' dir='ltr'>τῑιλοῤῥημόνησαν.</span> <span class='ocrx_word' id='word_1_306' title='bbox 792 4204 948 4272; x_wconf 80' lang='grc' dir='ltr'>Μέγα</span> <span class='ocrx_word' id='word_1_307' title='bbox 967 4244 982 4268; x_wconf 91' lang='grc'><strong>,</strong></span> <span class='ocrx_word' id='word_1_308' title='bbox 1014 4204 1177 4275; x_wconf 68' lang='grc' dir='ltr'>φησι,</span> <span class='ocrx_word' id='word_1_309' title='bbox 1206 4204 1403 4257; x_wconf 82' lang='grc' dir='ltr'>δέδωκε</span> <span class='ocrx_word' id='word_1_310' title='bbox 1438 4206 1649 4275; x_wconf 76' lang='grc' dir='ltr'>φρονεῖν</span> <span class='ocrx_word' id='word_1_311' title='bbox 1678 4204 1768 4255; x_wconf 77' lang='grc' dir='ltr'><strong>αὐ-</strong></span> 
     </span>
    </p>
   </div>
   <div class='ocr_carea' id='block_1_45' title="bbox 204 4294 1764 4366">
    <p class='ocr_par' dir='ltr' id='par_1_45' title="bbox 204 4294 1764 4366">
     <span class='ocr_line' id='line_1_45' title="bbox 204 4294 1764 4366; baseline 0.001 -20"><span class='ocrx_word' id='word_1_312' title='bbox 204 4294 322 4357; x_wconf 68' lang='grc' dir='ltr'>τοὺς</span> <span class='ocrx_word' id='word_1_313' title='bbox 346 4297 466 4349; x_wconf 86' lang='grc' dir='ltr'>κατ’</span> <span class='ocrx_word' id='word_1_314' title='bbox 486 4294 623 4365; x_wconf 75' lang='grc' dir='ltr'>ἐμοῦ</span> <span class='ocrx_word' id='word_1_315' title='bbox 647 4296 681 4365; x_wconf 75' lang='grc' dir='ltr'>ἡ</span> <span class='ocrx_word' id='word_1_316' title='bbox 705 4294 947 4366; x_wconf 79' lang='grc' dir='ltr'>ἁμαρτία</span> <span class='ocrx_word' id='word_1_317' title='bbox 972 4294 1279 4349; x_wconf 82' lang='grc' dir='ltr'>σαλεύσασά</span> <span class='ocrx_word' id='word_1_318' title='bbox 1301 4312 1400 4365; x_wconf 85' lang='grc' dir='ltr'><strong>μου</strong></span> <span class='ocrx_word' id='word_1_319' title='bbox 1424 4296 1550 4359; x_wconf 71' lang='grc' dir='ltr'>τοὺς</span> <span class='ocrx_word' id='word_1_320' title='bbox 1579 4294 1764 4358; x_wconf 82' lang='grc' dir='ltr'>πόδας.</span> 
     </span>
    </p>
   </div>
   <div class='ocr_carea' id='block_1_46' title="bbox 270 4490 1769 4565">
    <p class='ocr_par' dir='ltr' id='par_1_46' title="bbox 270 4490 1769 4565">
     <span class='ocr_line' id='line_1_46' title="bbox 270 4490 1769 4565; baseline -0.003 -17"><span class='ocrx_word' id='word_1_321' title='bbox 270 4494 396 4548; x_wconf 80' lang='grc' dir='ltr'>Ὀτι</span> <span class='ocrx_word' id='word_1_322' title='bbox 446 4493 567 4563; x_wconf 64' lang='grc' dir='ltr'><strong>ἐγὼ</strong></span> <span class='ocrx_word' id='word_1_323' title='bbox 613 4496 702 4561; x_wconf 83' lang='grc' dir='ltr'><strong>είς</strong></span> <span class='ocrx_word' id='word_1_324' title='bbox 727 4494 1020 4565; x_wconf 58' lang='grc' dir='ltr'>μάστιγας</span> <span class='ocrx_word' id='word_1_325' title='bbox 1073 4494 1334 4563; x_wconf 71' lang='grc' dir='ltr'>ἕτοιμος,</span> <span class='ocrx_word' id='word_1_326' title='bbox 1369 4492 1465 4546; x_wconf 76' lang='grc' dir='ltr'>καὶ</span> <span class='ocrx_word' id='word_1_327' title='bbox 1493 4490 1769 4565; x_wconf 71' lang='grc' dir='ltr'>ἀλγηδών</span> 
     </span>
    </p>
   </div>
   <div class='ocr_carea' id='block_1_47' title="bbox 1858 668 3427 749">
    <p class='ocr_par' dir='ltr' id='par_1_47' title="bbox 1858 668 3427 749">
     <span class='ocr_line' id='line_1_47' title="bbox 1858 668 3427 749; baseline -0.007 -17"><span class='ocrx_word' id='word_1_328' title='bbox 1858 676 2213 749; x_wconf 79' lang='lat' dir='ltr'><strong>profundam,</strong></span> <span class='ocrx_word' id='word_1_329' title='bbox 2242 675 2316 729; x_wconf 90' lang='lat' dir='ltr'><strong>ob</strong></span> <span class='ocrx_word' id='word_1_330' title='bbox 2355 672 2611 729; x_wconf 83' lang='lat' dir='ltr'><strong>acerbum</strong></span> <span class='ocrx_word' id='word_1_331' title='bbox 2640 671 2806 725; x_wconf 88' lang='lat' dir='ltr'><strong>animi</strong></span> <span class='ocrx_word' id='word_1_332' title='bbox 2844 669 3107 723; x_wconf 88' lang='lat' dir='ltr'><strong>dolorem.</strong></span> <span class='ocrx_word' id='word_1_333' title='bbox 3141 668 3427 733; x_wconf 77' lang='lat' dir='ltr'><strong>Quamob-</strong></span> 
     </span>
    </p>
   </div>
   <div class='ocr_carea' id='block_1_48' title="bbox 1859 758 3421 833">
    <p class='ocr_par' dir='ltr' id='par_1_48' title="bbox 1859 758 3421 833">
     <span class='ocr_line' id='line_1_48' title="bbox 1859 758 3421 833; baseline -0.005 -12"><span class='ocrx_word' id='word_1_334' title='bbox 1859 784 2004 833; x_wconf 89' lang='lat' dir='ltr'><strong>rem,</strong></span> <span class='ocrx_word' id='word_1_335' title='bbox 2068 777 2278 822; x_wconf 85' lang='lat' dir='ltr'><strong>mutato</strong></span> <span class='ocrx_word' id='word_1_336' title='bbox 2326 762 2788 833; x_wconf 72' lang='lat' dir='ltr'><strong>concupiscentiae</strong></span> <span class='ocrx_word' id='word_1_337' title='bbox 2840 776 2981 825; x_wconf 88' lang='lat' dir='ltr'><strong>usu,</strong></span> <span class='ocrx_word' id='word_1_338' title='bbox 3047 758 3421 813; x_wconf 86' lang='lat' dir='ltr'><strong>administram</strong></span> 
     </span>
    </p>
   </div>
   <div class='ocr_carea' id='block_1_49' title="bbox 1858 849 3421 917">
    <p class='ocr_par' dir='ltr' id='par_1_49' title="bbox 1858 849 3421 917">
     <span class='ocr_line' id='line_1_49' title="bbox 1858 849 3421 917; baseline -0.006 -3"><span class='ocrx_word' id='word_1_339' title='bbox 1858 875 1978 915; x_wconf 87' lang='lat' dir='ltr'><strong>eam</strong></span> <span class='ocrx_word' id='word_1_340' title='bbox 2011 859 2205 913; x_wconf 73' lang='lat' dir='ltr'><strong>divina:</strong></span> <span class='ocrx_word' id='word_1_341' title='bbox 2244 856 2541 912; x_wconf 75' lang='lat' dir='ltr'><strong>voluntatis</strong></span> <span class='ocrx_word' id='word_1_342' title='bbox 2569 853 2850 908; x_wconf 83' lang='lat' dir='ltr'><strong>constitui.</strong></span> <span class='ocrx_word' id='word_1_343' title='bbox 2871 850 2984 905; x_wconf 83' lang='lat' dir='ltr'><strong>lloc</strong></span> <span class='ocrx_word' id='word_1_344' title='bbox 3020 851 3165 905; x_wconf 87' lang='lat' dir='ltr'><strong>enim</strong></span> <span class='ocrx_word' id='word_1_345' title='bbox 3194 849 3377 917; x_wconf 84' lang='lat' dir='ltr'><strong>adjicit</strong></span> <span class='ocrx_word' id='word_1_346' title='bbox 3405 889 3421 904; x_wconf 93' lang='lat'><strong>.</strong></span> 
     </span>
    </p>
   </div>
   <div class='ocr_carea' id='block_1_50' title="bbox 1857 942 3425 1021">
    <p class='ocr_par' dir='ltr' id='par_1_50' title="bbox 1857 942 3425 1021">
     <span class='ocr_line' id='line_1_50' title="bbox 1857 942 3425 1021; baseline -0.007 -17"><span class='ocrx_word' id='word_1_347' title='bbox 1857 950 2149 1021; x_wconf 82' lang='lat' dir='ltr'><strong>liugiebam</strong></span> <span class='ocrx_word' id='word_1_348' title='bbox 2185 966 2217 1002; x_wconf 90' lang='lat' dir='ltr'><strong>a</strong></span> <span class='ocrx_word' id='word_1_349' title='bbox 2250 950 2445 1019; x_wconf 82' lang='lat' dir='ltr'><strong>gemitu</strong></span> <span class='ocrx_word' id='word_1_350' title='bbox 2478 946 2651 999; x_wconf 87' lang='lat' dir='ltr'><strong>cordis</strong></span> <span class='ocrx_word' id='word_1_351' title='bbox 2680 945 2797 997; x_wconf 86' lang='lat' dir='ltr'><strong>mei.</strong></span> <span class='ocrx_word' id='word_1_352' title='bbox 2828 942 3117 1012; x_wconf 79' lang='lat' dir='ltr'><strong>Castigaus</strong></span> <span class='ocrx_word' id='word_1_353' title='bbox 3141 942 3425 995; x_wconf 79' lang='lat' dir='ltr'><strong>conscien-</strong></span> 
     </span>
    </p>
   </div>
   <div class='ocr_carea' id='block_1_51' title="bbox 1859 1032 3423 1105">
    <p class='ocr_par' dir='ltr' id='par_1_51' title="bbox 1859 1032 3423 1105">
     <span class='ocr_line' id='line_1_51' title="bbox 1859 1032 3423 1105; baseline -0.008 -11"><span class='ocrx_word' id='word_1_354' title='bbox 1859 1042 1987 1095; x_wconf 88' lang='lat' dir='ltr'><strong>tiam</strong></span> <span class='ocrx_word' id='word_1_355' title='bbox 2021 1054 2219 1105; x_wconf 86' lang='lat' dir='ltr'><strong>meam,</strong></span> <span class='ocrx_word' id='word_1_356' title='bbox 2254 1039 2303 1093; x_wconf 90' lang='lat' dir='ltr'><strong>id</strong></span> <span class='ocrx_word' id='word_1_357' title='bbox 2335 1037 2627 1091; x_wconf 70' lang='lat' dir='ltr'><strong>efﬁciebant</strong></span> <span class='ocrx_word' id='word_1_358' title='bbox 2665 1044 2723 1088; x_wconf 93' lang='lat' dir='ltr'><strong>ut</strong></span> <span class='ocrx_word' id='word_1_359' title='bbox 2758 1049 2854 1088; x_wconf 91' lang='lat' dir='ltr'><strong>cor</strong></span> <span class='ocrx_word' id='word_1_360' title='bbox 2887 1033 2941 1086; x_wconf 91' lang='lat' dir='ltr'><strong>in</strong></span> <span class='ocrx_word' id='word_1_361' title='bbox 2979 1032 3212 1102; x_wconf 77' lang='lat' dir='ltr'><strong>gemitus</strong></span> <span class='ocrx_word' id='word_1_362' title='bbox 3241 1045 3423 1084; x_wconf 85' lang='lat' dir='ltr'><strong>erum-</strong></span> 
     </span>
    </p>
   </div>
   <div class='ocr_carea' id='block_1_52' title="bbox 1856 1142 2028 1201">
    <p class='ocr_par' dir='ltr' id='par_1_52' title="bbox 1856 1142 2028 1201">
     <span class='ocr_line' id='line_1_52' title="bbox 1856 1142 2028 1201; baseline 0 -16"><span class='ocrx_word' id='word_1_363' title='bbox 1856 1142 2028 1201; x_wconf 74' lang='lat' dir='ltr'><strong>pen-ct.</strong></span> 
     </span>
    </p>
   </div>
   <div class='ocr_carea' id='block_1_53' title="bbox 1929 1212 3420 1293">
    <p class='ocr_par' dir='ltr' id='par_1_53' title="bbox 1929 1212 3420 1293">
     <span class='ocr_line' id='line_1_53' title="bbox 1929 1212 3420 1293; baseline -0.009 -14"><span class='ocrx_word' id='word_1_364' title='bbox 1929 1225 2019 1279; x_wconf 82' lang='grc'><strong>10.</strong></span> <span class='ocrx_word' id='word_1_365' title='bbox 2063 1222 2130 1277; x_wconf 85' lang='lat' dir='ltr'><strong>Et</strong></span> <span class='ocrx_word' id='word_1_366' title='bbox 2165 1222 2383 1293; x_wconf 82' lang='lat' dir='ltr'><strong>gemitus</strong></span> <span class='ocrx_word' id='word_1_367' title='bbox 2428 1234 2571 1273; x_wconf 83' lang='lat' dir='ltr'><strong>meus</strong></span> <span class='ocrx_word' id='word_1_368' title='bbox 2616 1234 2650 1271; x_wconf 88' lang='lat' dir='ltr'><strong>a</strong></span> <span class='ocrx_word' id='word_1_369' title='bbox 2700 1225 2748 1270; x_wconf 87' lang='lat' dir='ltr'><strong>te</strong></span> <span class='ocrx_word' id='word_1_370' title='bbox 2791 1232 2893 1269; x_wconf 87' lang='lat' dir='ltr'><strong>non</strong></span> <span class='ocrx_word' id='word_1_371' title='bbox 2942 1223 3018 1268; x_wconf 87' lang='lat' dir='ltr'><strong>cst</strong></span> <span class='ocrx_word' id='word_1_372' title='bbox 3065 1212 3420 1266; x_wconf 78' lang='lat' dir='ltr'><strong>absconditus.</strong></span> 
     </span>
    </p>
   </div>
   <div class='ocr_carea' id='block_1_54' title="bbox 1861 1306 3421 1383">
    <p class='ocr_par' dir='ltr' id='par_1_54' title="bbox 1861 1306 3421 1383">
     <span class='ocr_line' id='line_1_54' title="bbox 1861 1306 3421 1383; baseline -0.008 -11"><span class='ocrx_word' id='word_1_373' title='bbox 1861 1315 2217 1381; x_wconf 64' lang='lat' dir='ltr'><strong>Ptnnitentie,</strong></span> <span class='ocrx_word' id='word_1_374' title='bbox 2257 1313 2455 1383; x_wconf 87' lang='lat' dir='ltr'><strong>inquit,</strong></span> <span class='ocrx_word' id='word_1_375' title='bbox 2503 1310 2833 1365; x_wconf 87' lang='lat' dir='ltr'><strong>desiderium</strong></span> <span class='ocrx_word' id='word_1_376' title='bbox 2860 1322 3044 1362; x_wconf 87' lang='lat' dir='ltr'><strong>coram</strong></span> <span class='ocrx_word' id='word_1_377' title='bbox 3090 1316 3142 1360; x_wconf 87' lang='lat' dir='ltr'><strong>te</strong></span> <span class='ocrx_word' id='word_1_378' title='bbox 3177 1306 3421 1359; x_wconf 87' lang='lat' dir='ltr'><strong>sistatur.</strong></span> 
     </span>
    </p>
   </div>
   <div class='ocr_carea' id='block_1_55' title="bbox 1862 1396 3422 1469">
    <p class='ocr_par' dir='ltr' id='par_1_55' title="bbox 1862 1396 3422 1469">
     <span class='ocr_line' id='line_1_55' title="bbox 1862 1396 3422 1469; baseline -0.009 -5"><span class='ocrx_word' id='word_1_379' title='bbox 1862 1409 1997 1465; x_wconf 85' lang='lat' dir='ltr'><strong>Toto</strong></span> <span class='ocrx_word' id='word_1_380' title='bbox 2043 1407 2315 1463; x_wconf 89' lang='lat' dir='ltr'><strong>desiderio</strong></span> <span class='ocrx_word' id='word_1_381' title='bbox 2360 1406 2587 1460; x_wconf 80' lang='lat' dir='ltr'><strong>salutem</strong></span> <span class='ocrx_word' id='word_1_382' title='bbox 2632 1400 2894 1469; x_wconf 82' lang='lat' dir='ltr'><strong>consequi</strong></span> <span class='ocrx_word' id='word_1_383' title='bbox 2934 1409 3146 1469; x_wconf 76' lang='lat' dir='ltr'><strong>expeto.</strong></span> <span class='ocrx_word' id='word_1_384' title='bbox 3199 1396 3422 1467; x_wconf 80' lang='lat' dir='ltr'><strong>Ecqnod</strong></span> 
     </span>
    </p>
   </div>
   <div class='ocr_carea' id='block_1_56' title="bbox 1860 1491 3422 1555">
    <p class='ocr_par' dir='ltr' id='par_1_56' title="bbox 1860 1491 3422 1555">
     <span class='ocr_line' id='line_1_56' title="bbox 1860 1491 3422 1555; baseline -0.01 1"><span class='ocrx_word' id='word_1_385' title='bbox 1860 1498 2186 1555; x_wconf 87' lang='lat' dir='ltr'><strong>desiderium</strong></span> <span class='ocrx_word' id='word_1_386' title='bbox 2217 1494 2468 1550; x_wconf 82' lang='lat' dir='ltr'><strong>Christi?</strong></span> <span class='ocrx_word' id='word_1_387' title='bbox 2504 1493 2711 1548; x_wconf 78' lang='lat' dir='ltr'><strong>Pascha</strong></span> <span class='ocrx_word' id='word_1_388' title='bbox 2753 1491 2923 1547; x_wconf 88' lang='lat' dir='ltr'><strong>nostri</strong></span> <span class='ocrx_word' id='word_1_389' title='bbox 2960 1505 3124 1545; x_wconf 81' lang='lat' dir='ltr'><strong>causa</strong></span> <span class='ocrx_word' id='word_1_390' title='bbox 3168 1505 3422 1544; x_wconf 86' lang='lat' dir='ltr'><strong>consum-</strong></span> 
     </span>
    </p>
   </div>
   <div class='ocr_carea' id='block_1_57' title="bbox 1860 1588 2083 1643">
    <p class='ocr_par' dir='ltr' id='par_1_57' title="bbox 1860 1588 2083 1643">
     <span class='ocr_line' id='line_1_57' title="bbox 1860 1588 2083 1643; baseline -0.022 0"><span class='ocrx_word' id='word_1_391' title='bbox 1860 1603 2009 1643; x_wconf 83' lang='lat' dir='ltr'><strong>mare</strong></span> <span class='ocrx_word' id='word_1_392' title='bbox 2035 1588 2083 1618; x_wconf 69' lang='grc' dir='ltr'>η</span> 
     </span>
    </p>
   </div>
   <div class='ocr_carea' id='block_1_58' title="bbox 1930 1670 3423 1741">
    <p class='ocr_par' dir='ltr' id='par_1_58' title="bbox 1930 1670 3423 1741">
     <span class='ocr_line' id='line_1_58' title="bbox 1930 1670 3423 1741; baseline -0.007 -7"><span class='ocrx_word' id='word_1_393' title='bbox 1930 1681 2015 1734; x_wconf 93' lang='grc'><strong>11.</strong></span> <span class='ocrx_word' id='word_1_394' title='bbox 2068 1678 2173 1733; x_wconf 88' lang='lat' dir='ltr'><strong>Cor</strong></span> <span class='ocrx_word' id='word_1_395' title='bbox 2218 1694 2389 1731; x_wconf 86' lang='lat' dir='ltr'><strong>meum</strong></span> <span class='ocrx_word' id='word_1_396' title='bbox 2435 1674 2805 1729; x_wconf 80' lang='lat' dir='ltr'><strong>conturbatum</strong></span> <span class='ocrx_word' id='word_1_397' title='bbox 2860 1682 2969 1737; x_wconf 88' lang='lat' dir='ltr'><strong>est,</strong></span> <span class='ocrx_word' id='word_1_398' title='bbox 3016 1670 3292 1741; x_wconf 79' lang='lat' dir='ltr'><strong>dereliquit</strong></span> <span class='ocrx_word' id='word_1_399' title='bbox 3342 1687 3423 1724; x_wconf 79' lang='lat' dir='ltr'><strong>me</strong></span> 
     </span>
    </p>
   </div>
   <div class='ocr_carea' id='block_1_59' title="bbox 1858 1763 3419 1837">
    <p class='ocr_par' dir='ltr' id='par_1_59' title="bbox 1858 1763 3419 1837">
     <span class='ocr_line' id='line_1_59' title="bbox 1858 1763 3419 1837; baseline -0.006 -12"><span class='ocrx_word' id='word_1_400' title='bbox 1858 1772 2025 1825; x_wconf 71' lang='lat' dir='ltr'><strong>virtus</strong></span> <span class='ocrx_word' id='word_1_401' title='bbox 2072 1785 2207 1824; x_wconf 86' lang='lat' dir='ltr'><strong>mea.</strong></span> <span class='ocrx_word' id='word_1_402' title='bbox 2256 1767 2366 1823; x_wconf 87' lang='lat' dir='ltr'><strong>Cor</strong></span> <span class='ocrx_word' id='word_1_403' title='bbox 2416 1767 2649 1837; x_wconf 80' lang='lat' dir='ltr'><strong>appellat</strong></span> <span class='ocrx_word' id='word_1_404' title='bbox 2693 1766 2801 1819; x_wconf 70' lang='lat' dir='ltr'><strong>vim</strong></span> <span class='ocrx_word' id='word_1_405' title='bbox 2836 1766 3034 1819; x_wconf 78' lang='lat' dir='ltr'><strong>anima:</strong></span> <span class='ocrx_word' id='word_1_406' title='bbox 3080 1763 3419 1817; x_wconf 78' lang='lat' dir='ltr'><strong>rationalem.</strong></span> 
     </span>
    </p>
   </div>
   <div class='ocr_carea' id='block_1_60' title="bbox 1860 1858 3423 1926">
    <p class='ocr_par' dir='ltr' id='par_1_60' title="bbox 1860 1858 3423 1926">
     <span class='ocr_line' id='line_1_60' title="bbox 1860 1858 3423 1926; baseline -0.007 -8"><span class='ocrx_word' id='word_1_407' title='bbox 1860 1862 1928 1918; x_wconf 83' lang='lat' dir='ltr'><strong>Et</strong></span> <span class='ocrx_word' id='word_1_408' title='bbox 1967 1863 2141 1917; x_wconf 84' lang='lat' dir='ltr'><strong>lumen</strong></span> <span class='ocrx_word' id='word_1_409' title='bbox 2166 1861 2435 1916; x_wconf 82' lang='lat' dir='ltr'><strong>oculorum</strong></span> <span class='ocrx_word' id='word_1_410' title='bbox 2466 1875 2718 1921; x_wconf 86' lang='lat' dir='ltr'><strong>meorum,</strong></span> <span class='ocrx_word' id='word_1_411' title='bbox 2758 1867 2806 1911; x_wconf 88' lang='lat' dir='ltr'><strong>et</strong></span> <span class='ocrx_word' id='word_1_412' title='bbox 2849 1858 3020 1926; x_wconf 87' lang='lat' dir='ltr'><strong>ipsum</strong></span> <span class='ocrx_word' id='word_1_413' title='bbox 3058 1873 3160 1909; x_wconf 86' lang='lat' dir='ltr'><strong>non</strong></span> <span class='ocrx_word' id='word_1_414' title='bbox 3200 1865 3276 1908; x_wconf 85' lang='lat' dir='ltr'><strong>est</strong></span> <span class='ocrx_word' id='word_1_415' title='bbox 3319 1870 3423 1907; x_wconf 81' lang='lat' dir='ltr'><strong>me-</strong></span> 
     </span>
    </p>
   </div>
   <div class='ocr_carea' id='block_1_61' title="bbox 1860 1945 3422 2019">
    <p class='ocr_par' dir='ltr' id='par_1_61' title="bbox 1860 1945 3422 2019">
     <span class='ocr_line' id='line_1_61' title="bbox 1860 1945 3422 2019; baseline -0.004 -12"><span class='ocrx_word' id='word_1_416' title='bbox 1860 1970 1999 2008; x_wconf 84' lang='lat' dir='ltr'><strong>cum.</strong></span> <span class='ocrx_word' id='word_1_417' title='bbox 2026 1952 2231 2006; x_wconf 82' lang='lat' dir='ltr'><strong>Lumen</strong></span> <span class='ocrx_word' id='word_1_418' title='bbox 2272 1951 2556 2005; x_wconf 90' lang='lat' dir='ltr'><strong>oculorum</strong></span> <span class='ocrx_word' id='word_1_419' title='bbox 2588 1951 2715 2004; x_wconf 85' lang='lat' dir='ltr'><strong>dicit</strong></span> <span class='ocrx_word' id='word_1_420' title='bbox 2749 1949 2998 2019; x_wconf 85' lang='lat' dir='ltr'><strong>spiritum</strong></span> <span class='ocrx_word' id='word_1_421' title='bbox 3037 1946 3202 2001; x_wconf 89' lang='lat' dir='ltr'><strong>animi</strong></span> <span class='ocrx_word' id='word_1_422' title='bbox 3247 1945 3422 2000; x_wconf 82' lang='lat' dir='ltr'><strong>oculis</strong></span> 
     </span>
    </p>
   </div>
   <div class='ocr_carea' id='block_1_62' title="bbox 1859 2046 2276 2099">
    <p class='ocr_par' dir='ltr' id='par_1_62' title="bbox 1859 2046 2276 2099">
     <span class='ocr_line' id='line_1_62' title="bbox 1859 2046 2276 2099; baseline -0.01 0"><span class='ocrx_word' id='word_1_423' title='bbox 1859 2046 2276 2099; x_wconf 86' lang='lat' dir='ltr'><strong>illucescentcm.</strong></span> 
     </span>
    </p>
   </div>
   <div class='ocr_carea' id='block_1_63' title="bbox 1930 2129 3424 2200">
    <p class='ocr_par' dir='ltr' id='par_1_63' title="bbox 1930 2129 3424 2200">
     <span class='ocr_line' id='line_1_63' title="bbox 1930 2129 3424 2200; baseline -0.007 -10"><span class='ocrx_word' id='word_1_424' title='bbox 1930 2137 2015 2191; x_wconf 71' lang='grc'>12.</span> <span class='ocrx_word' id='word_1_425' title='bbox 2046 2135 2220 2189; x_wconf 78' lang='lat' dir='ltr'><strong>Amici</strong></span> <span class='ocrx_word' id='word_1_426' title='bbox 2267 2134 2368 2187; x_wconf 85' lang='lat' dir='ltr'><strong>mei</strong></span> <span class='ocrx_word' id='word_1_427' title='bbox 2408 2143 2455 2185; x_wconf 91' lang='lat' dir='ltr'><strong>et</strong></span> <span class='ocrx_word' id='word_1_428' title='bbox 2497 2132 2726 2200; x_wconf 72' lang='lat' dir='ltr'><strong>proximi</strong></span> <span class='ocrx_word' id='word_1_429' title='bbox 2764 2131 2865 2183; x_wconf 84' lang='lat' dir='ltr'><strong>mei</strong></span> <span class='ocrx_word' id='word_1_430' title='bbox 2898 2129 3171 2182; x_wconf 84' lang='lat' dir='ltr'><strong>adversum</strong></span> <span class='ocrx_word' id='word_1_431' title='bbox 3214 2142 3294 2180; x_wconf 82' lang='lat' dir='ltr'><strong>me</strong></span> <span class='ocrx_word' id='word_1_432' title='bbox 3327 2142 3424 2194; x_wconf 76' lang='lat' dir='ltr'><strong>ap-</strong></span> 
     </span>
    </p>
   </div>
   <div class='ocr_carea' id='block_1_64' title="bbox 1857 2214 3425 2295">
    <p class='ocr_par' dir='ltr' id='par_1_64' title="bbox 1857 2214 3425 2295">
     <span class='ocr_line' id='line_1_64' title="bbox 1857 2214 3425 2295; baseline -0.005 -17"><span class='ocrx_word' id='word_1_433' title='bbox 1857 2226 2333 2295; x_wconf 83' lang='lat' dir='ltr'><strong>propinquaverunt</strong></span> <span class='ocrx_word' id='word_1_434' title='bbox 2378 2232 2427 2275; x_wconf 87' lang='lat' dir='ltr'><strong>et</strong></span> <span class='ocrx_word' id='word_1_435' title='bbox 2465 2230 2735 2275; x_wconf 85' lang='lat' dir='ltr'><strong>steterunt.</strong></span> <span class='ocrx_word' id='word_1_436' title='bbox 2794 2217 2930 2273; x_wconf 87' lang='lat' dir='ltr'><strong>Cum</strong></span> <span class='ocrx_word' id='word_1_437' title='bbox 2980 2219 3153 2288; x_wconf 77' lang='lat' dir='ltr'><strong>plagis</strong></span> <span class='ocrx_word' id='word_1_438' title='bbox 3196 2214 3425 2270; x_wconf 78' lang='lat' dir='ltr'><strong>aﬂ‘ectus</strong></span> 
     </span>
    </p>
   </div>
   <div class='ocr_carea' id='block_1_65' title="bbox 1858 2308 3424 2386">
    <p class='ocr_par' dir='ltr' id='par_1_65' title="bbox 1858 2308 3424 2386">
     <span class='ocr_line' id='line_1_65' title="bbox 1858 2308 3424 2386; baseline -0.006 -12"><span class='ocrx_word' id='word_1_439' title='bbox 1858 2335 2035 2374; x_wconf 89' lang='lat' dir='ltr'><strong>essem</strong></span> <span class='ocrx_word' id='word_1_440' title='bbox 2056 2356 2073 2383; x_wconf 94' lang='lat'><strong>,</strong></span> <span class='ocrx_word' id='word_1_441' title='bbox 2107 2318 2317 2386; x_wconf 87' lang='lat' dir='ltr'><strong>inquit,</strong></span> <span class='ocrx_word' id='word_1_442' title='bbox 2343 2315 2674 2369; x_wconf 85' lang='lat' dir='ltr'><strong>obstiterunt</strong></span> <span class='ocrx_word' id='word_1_443' title='bbox 2724 2314 2879 2368; x_wconf 89' lang='lat' dir='ltr'><strong>mihi.</strong></span> <span class='ocrx_word' id='word_1_444' title='bbox 2912 2312 3035 2366; x_wconf 64' lang='lat' dir='ltr'><strong>&quot;ire</strong></span> <span class='ocrx_word' id='word_1_445' title='bbox 3080 2321 3260 2365; x_wconf 88' lang='lat' dir='ltr'><strong>autem</strong></span> <span class='ocrx_word' id='word_1_446' title='bbox 3292 2308 3424 2365; x_wconf 81' lang='lat' dir='ltr'><strong>dicit</strong></span> 
     </span>
    </p>
   </div>
   <div class='ocr_carea' id='block_1_66' title="bbox 1860 2401 3425 2474">
    <p class='ocr_par' dir='ltr' id='par_1_66' title="bbox 1860 2401 3425 2474">
     <span class='ocr_line' id='line_1_66' title="bbox 1860 2401 3425 2474; baseline -0.004 -16"><span class='ocrx_word' id='word_1_447' title='bbox 1860 2414 2077 2474; x_wconf 82' lang='lat' dir='ltr'><strong>pr0pter</strong></span> <span class='ocrx_word' id='word_1_448' title='bbox 2119 2403 2376 2457; x_wconf 83' lang='lat' dir='ltr'><strong>Absalom</strong></span> <span class='ocrx_word' id='word_1_449' title='bbox 2420 2410 2474 2456; x_wconf 88' lang='lat' dir='ltr'><strong>et</strong></span> <span class='ocrx_word' id='word_1_450' title='bbox 2518 2402 2860 2472; x_wconf 82' lang='lat' dir='ltr'><strong>Achitophel.</strong></span> <span class='ocrx_word' id='word_1_451' title='bbox 2915 2402 2983 2455; x_wconf 81' lang='lat' dir='ltr'><strong>Et</strong></span> <span class='ocrx_word' id='word_1_452' title='bbox 3030 2403 3119 2471; x_wconf 88' lang='lat' dir='ltr'><strong>qui</strong></span> <span class='ocrx_word' id='word_1_453' title='bbox 3147 2401 3307 2470; x_wconf 69' lang='lat' dir='ltr'><strong>juxta</strong></span> <span class='ocrx_word' id='word_1_454' title='bbox 3346 2414 3425 2452; x_wconf 82' lang='lat' dir='ltr'><strong>nte</strong></span> 
     </span>
    </p>
   </div>
   <div class='ocr_carea' id='block_1_67' title="bbox 1859 2487 3425 2560">
    <p class='ocr_par' dir='ltr' id='par_1_67' title="bbox 1859 2487 3425 2560">
     <span class='ocr_line' id='line_1_67' title="bbox 1859 2487 3425 2560; baseline -0.003 -14"><span class='ocrx_word' id='word_1_455' title='bbox 1859 2504 2005 2546; x_wconf 86' lang='lat' dir='ltr'><strong>erant</strong></span> <span class='ocrx_word' id='word_1_456' title='bbox 2036 2492 2101 2545; x_wconf 87' lang='lat' dir='ltr'><strong>de</strong></span> <span class='ocrx_word' id='word_1_457' title='bbox 2131 2490 2282 2560; x_wconf 85' lang='lat' dir='ltr'><strong>longe</strong></span> <span class='ocrx_word' id='word_1_458' title='bbox 2311 2498 2590 2544; x_wconf 84' lang='lat' dir='ltr'><strong>steterunt.</strong></span> <span class='ocrx_word' id='word_1_459' title='bbox 2639 2489 2828 2558; x_wconf 80' lang='lat' dir='ltr'><strong>Angeli</strong></span> <span class='ocrx_word' id='word_1_460' title='bbox 2860 2490 3005 2542; x_wconf 88' lang='lat' dir='ltr'><strong>enim</strong></span> <span class='ocrx_word' id='word_1_461' title='bbox 3055 2489 3147 2558; x_wconf 87' lang='lat' dir='ltr'><strong>qui</strong></span> <span class='ocrx_word' id='word_1_462' title='bbox 3192 2487 3425 2541; x_wconf 75' lang='lat' dir='ltr'><strong>auxilia—</strong></span> 
     </span>
    </p>
   </div>
   <div class='ocr_carea' id='block_1_68' title="bbox 1862 2576 3429 2651">
    <p class='ocr_par' dir='ltr' id='par_1_68' title="bbox 1862 2576 3429 2651">
     <span class='ocr_line' id='line_1_68' title="bbox 1862 2576 3429 2651; baseline -0.003 -14"><span class='ocrx_word' id='word_1_463' title='bbox 1862 2585 2058 2638; x_wconf 88' lang='lat' dir='ltr'><strong>bantur</strong></span> <span class='ocrx_word' id='word_1_464' title='bbox 2084 2582 2184 2647; x_wconf 90' lang='lat' dir='ltr'><strong>illi,</strong></span> <span class='ocrx_word' id='word_1_465' title='bbox 2219 2580 2421 2651; x_wconf 83' lang='lat' dir='ltr'><strong>peccati</strong></span> <span class='ocrx_word' id='word_1_466' title='bbox 2452 2595 2617 2635; x_wconf 84' lang='lat' dir='ltr'><strong>causa</strong></span> <span class='ocrx_word' id='word_1_467' title='bbox 2644 2580 3050 2649; x_wconf 82' lang='lat' dir='ltr'><strong>dereliquerunt</strong></span> <span class='ocrx_word' id='word_1_468' title='bbox 3089 2578 3261 2631; x_wconf 90' lang='lat' dir='ltr'><strong>illum.</strong></span> <span class='ocrx_word' id='word_1_469' title='bbox 3294 2576 3429 2632; x_wconf 81' lang='lat' dir='ltr'><strong>For-</strong></span> 
     </span>
    </p>
   </div>
   <div class='ocr_carea' id='block_1_69' title="bbox 1860 2669 3424 2737">
    <p class='ocr_par' dir='ltr' id='par_1_69' title="bbox 1860 2669 3424 2737">
     <span class='ocr_line' id='line_1_69' title="bbox 1860 2669 3424 2737; baseline -0.005 -9"><span class='ocrx_word' id='word_1_470' title='bbox 1860 2675 2024 2728; x_wconf 90' lang='lat' dir='ltr'><strong>tassis</strong></span> <span class='ocrx_word' id='word_1_471' title='bbox 2050 2682 2105 2727; x_wconf 91' lang='lat' dir='ltr'><strong>et</strong></span> <span class='ocrx_word' id='word_1_472' title='bbox 2136 2682 2338 2727; x_wconf 83' lang='lat' dir='ltr'><strong>sanctae</strong></span> <span class='ocrx_word' id='word_1_473' title='bbox 2370 2672 2602 2726; x_wconf 73' lang='lat' dir='ltr'><strong>virtutes</strong></span> <span class='ocrx_word' id='word_1_474' title='bbox 2642 2670 2901 2725; x_wconf 74' lang='lat' dir='ltr'><strong>secedunt</strong></span> <span class='ocrx_word' id='word_1_475' title='bbox 2942 2669 2996 2723; x_wconf 85' lang='lat' dir='ltr'><strong>in</strong></span> <span class='ocrx_word' id='word_1_476' title='bbox 3029 2678 3271 2737; x_wconf 84' lang='lat' dir='ltr'><strong>tempore</strong></span> <span class='ocrx_word' id='word_1_477' title='bbox 3303 2676 3424 2721; x_wconf 85' lang='lat' dir='ltr'><strong>ten-</strong></span> 
     </span>
    </p>
   </div>
   <div class='ocr_carea' id='block_1_70' title="bbox 1863 2758 3425 2829">
    <p class='ocr_par' dir='ltr' id='par_1_70' title="bbox 1863 2758 3425 2829">
     <span class='ocr_line' id='line_1_70' title="bbox 1863 2758 3425 2829; baseline -0.004 -11"><span class='ocrx_word' id='word_1_478' title='bbox 1863 2764 2085 2818; x_wconf 84' lang='lat' dir='ltr'><strong>tationis</strong></span> <span class='ocrx_word' id='word_1_479' title='bbox 2127 2763 2192 2816; x_wconf 88' lang='lat' dir='ltr'><strong>ad</strong></span> <span class='ocrx_word' id='word_1_480' title='bbox 2226 2761 2414 2815; x_wconf 85' lang='lat' dir='ltr'><strong>tentati</strong></span> <span class='ocrx_word' id='word_1_481' title='bbox 2451 2760 2829 2829; x_wconf 84' lang='lat' dir='ltr'><strong>probationem</strong></span> <span class='ocrx_word' id='word_1_482' title='bbox 2858 2768 2914 2813; x_wconf 89' lang='lat' dir='ltr'><strong>et</strong></span> <span class='ocrx_word' id='word_1_483' title='bbox 2956 2758 3425 2829; x_wconf 75' lang='lat' dir='ltr'><strong>experimentum,</strong></span> 
     </span>
    </p>
   </div>
   <div class='ocr_carea' id='block_1_71' title="bbox 1862 2851 2705 2921">
    <p class='ocr_par' dir='ltr' id='par_1_71' title="bbox 1862 2851 2705 2921">
     <span class='ocr_line' id='line_1_71' title="bbox 1862 2851 2705 2921; baseline -0.007 -12"><span class='ocrx_word' id='word_1_484' title='bbox 1862 2865 1955 2909; x_wconf 88' lang='lat' dir='ltr'><strong>aut</strong></span> <span class='ocrx_word' id='word_1_485' title='bbox 1984 2853 2231 2909; x_wconf 77' lang='lat' dir='ltr'><strong>fortassis</strong></span> <span class='ocrx_word' id='word_1_486' title='bbox 2254 2853 2319 2907; x_wconf 85' lang='lat' dir='ltr'><strong>ad</strong></span> <span class='ocrx_word' id='word_1_487' title='bbox 2345 2851 2705 2921; x_wconf 87' lang='lat' dir='ltr'><strong>punitionem.</strong></span> 
     </span>
    </p>
   </div>
   <div class='ocr_carea' id='block_1_72' title="bbox 1933 2940 3428 3013">
    <p class='ocr_par' dir='ltr' id='par_1_72' title="bbox 1933 2940 3428 3013">
     <span class='ocr_line' id='line_1_72' title="bbox 1933 2940 3428 3013; baseline -0.005 -14"><span class='ocrx_word' id='word_1_488' title='bbox 1933 2946 2020 3001; x_wconf 81' lang='grc'><strong>15.</strong></span> <span class='ocrx_word' id='word_1_489' title='bbox 2080 2944 2149 2998; x_wconf 84' lang='grc' dir='ltr'>Ει</span> <span class='ocrx_word' id='word_1_490' title='bbox 2198 2945 2301 2997; x_wconf 76' lang='lat' dir='ltr'><strong>vim</strong></span> <span class='ocrx_word' id='word_1_491' title='bbox 2352 2942 2615 3013; x_wconf 78' lang='lat' dir='ltr'><strong>faciebant</strong></span> <span class='ocrx_word' id='word_1_492' title='bbox 2677 2941 2768 3013; x_wconf 85' lang='lat' dir='ltr'><strong>qui</strong></span> <span class='ocrx_word' id='word_1_493' title='bbox 2831 2940 3130 3012; x_wconf 72' lang='lat' dir='ltr'><strong>quarebant</strong></span> <span class='ocrx_word' id='word_1_494' title='bbox 3191 2940 3428 2992; x_wconf 82' lang='lat' dir='ltr'><strong>animam</strong></span> 
     </span>
    </p>
   </div>
   <div class='ocr_carea' id='block_1_73' title="bbox 1862 3029 3429 3103">
    <p class='ocr_par' dir='ltr' id='par_1_73' title="bbox 1862 3029 3429 3103">
     <span class='ocr_line' id='line_1_73' title="bbox 1862 3029 3429 3103; baseline -0.004 -13"><span class='ocrx_word' id='word_1_495' title='bbox 1862 3052 2051 3090; x_wconf 72' lang='lat' dir='ltr'><strong>meam.</strong></span> <span class='ocrx_word' id='word_1_496' title='bbox 2092 3034 2604 3103; x_wconf 86' lang='lat' dir='ltr'><strong>Derelinquentibus</strong></span> <span class='ocrx_word' id='word_1_497' title='bbox 2642 3033 2819 3102; x_wconf 87' lang='lat' dir='ltr'><strong>ipsum</strong></span> <span class='ocrx_word' id='word_1_498' title='bbox 2849 3031 3055 3102; x_wconf 77' lang='lat' dir='ltr'><strong>angelis</strong></span> <span class='ocrx_word' id='word_1_499' title='bbox 3104 3031 3229 3085; x_wconf 86' lang='lat' dir='ltr'><strong>hinc</strong></span> <span class='ocrx_word' id='word_1_500' title='bbox 3267 3029 3429 3083; x_wconf 80' lang='lat' dir='ltr'><strong>relie—</strong></span> 
     </span>
    </p>
   </div>
   <div class='ocr_carea' id='block_1_74' title="bbox 1865 3119 3427 3192">
    <p class='ocr_par' dir='ltr' id='par_1_74' title="bbox 1865 3119 3427 3192">
     <span class='ocr_line' id='line_1_74' title="bbox 1865 3119 3427 3192; baseline -0.006 -11"><span class='ocrx_word' id='word_1_501' title='bbox 1865 3127 2098 3181; x_wconf 89' lang='lat' dir='ltr'><strong>mentins</strong></span> <span class='ocrx_word' id='word_1_502' title='bbox 2145 3125 2425 3179; x_wconf 82' lang='lat' dir='ltr'><strong>irruebant</strong></span> <span class='ocrx_word' id='word_1_503' title='bbox 2474 3123 2771 3177; x_wconf 68' lang='lat' dir='ltr'><strong>daemones.</strong></span> <span class='ocrx_word' id='word_1_504' title='bbox 2825 3121 2897 3176; x_wconf 77' lang='lat' dir='ltr'><strong>Et</strong></span> <span class='ocrx_word' id='word_1_505' title='bbox 2947 3124 3036 3190; x_wconf 85' lang='lat' dir='ltr'><strong>qui</strong></span> <span class='ocrx_word' id='word_1_506' title='bbox 3094 3119 3427 3192; x_wconf 76' lang='lat' dir='ltr'><strong>inquirebant</strong></span> 
     </span>
    </p>
   </div>
   <div class='ocr_carea' id='block_1_75' title="bbox 1866 3210 3425 3279">
    <p class='ocr_par' dir='ltr' id='par_1_75' title="bbox 1866 3210 3425 3279">
     <span class='ocr_line' id='line_1_75' title="bbox 1866 3210 3425 3279; baseline -0.003 -10"><span class='ocrx_word' id='word_1_507' title='bbox 1866 3216 2003 3269; x_wconf 86' lang='lat' dir='ltr'><strong>mala</strong></span> <span class='ocrx_word' id='word_1_508' title='bbox 2050 3214 2179 3268; x_wconf 82' lang='lat' dir='ltr'><strong>mihi</strong></span> <span class='ocrx_word' id='word_1_509' title='bbox 2224 3213 2389 3268; x_wconf 85' lang='lat' dir='ltr'><strong>locuti</strong></span> <span class='ocrx_word' id='word_1_510' title='bbox 2436 3220 2560 3267; x_wconf 87' lang='lat' dir='ltr'><strong>sunt</strong></span> <span class='ocrx_word' id='word_1_511' title='bbox 2609 3212 2887 3266; x_wconf 78' lang='lat' dir='ltr'><strong>vanitates.</strong></span> <span class='ocrx_word' id='word_1_512' title='bbox 2923 3210 3111 3266; x_wconf 76' lang='lat' dir='ltr'><strong>Mutuo</strong></span> <span class='ocrx_word' id='word_1_513' title='bbox 3152 3210 3425 3279; x_wconf 85' lang='lat' dir='ltr'><strong>colloque-</strong></span> 
     </span>
    </p>
   </div>
   <div class='ocr_carea' id='block_1_76' title="bbox 1865 3301 3042 3376">
    <p class='ocr_par' dir='ltr' id='par_1_76' title="bbox 1865 3301 3042 3376">
     <span class='ocr_line' id='line_1_76' title="bbox 1865 3301 3042 3376; baseline -0.007 -14"><span class='ocrx_word' id='word_1_514' title='bbox 1865 3308 2081 3373; x_wconf 84' lang='lat' dir='ltr'><strong>banlur,</strong></span> <span class='ocrx_word' id='word_1_515' title='bbox 2113 3305 2310 3376; x_wconf 87' lang='lat' dir='ltr'><strong>inquit,</strong></span> <span class='ocrx_word' id='word_1_516' title='bbox 2344 3312 2599 3373; x_wconf 84' lang='lat' dir='ltr'><strong>parantes</strong></span> <span class='ocrx_word' id='word_1_517' title='bbox 2628 3302 2855 3357; x_wconf 86' lang='lat' dir='ltr'><strong>insidias</strong></span> <span class='ocrx_word' id='word_1_518' title='bbox 2888 3301 3042 3355; x_wconf 86' lang='lat' dir='ltr'><strong>mihi.</strong></span> 
     </span>
    </p>
   </div>
   <div class='ocr_carea' id='block_1_77' title="bbox 1935 3391 3426 3465">
    <p class='ocr_par' dir='ltr' id='par_1_77' title="bbox 1935 3391 3426 3465">
     <span class='ocr_line' id='line_1_77' title="bbox 1935 3391 3426 3465; baseline -0.004 -15"><span class='ocrx_word' id='word_1_519' title='bbox 1935 3396 2021 3450; x_wconf 74' lang='lat' dir='ltr'><strong>N.</strong></span> <span class='ocrx_word' id='word_1_520' title='bbox 2066 3394 2179 3465; x_wconf 75' lang='lat' dir='ltr'><strong>Ego</strong></span> <span class='ocrx_word' id='word_1_521' title='bbox 2217 3402 2394 3447; x_wconf 78' lang='lat' dir='ltr'><strong>autem</strong></span> <span class='ocrx_word' id='word_1_522' title='bbox 2438 3401 2691 3462; x_wconf 85' lang='lat' dir='ltr'><strong>tanquam</strong></span> <span class='ocrx_word' id='word_1_523' title='bbox 2737 3393 2929 3445; x_wconf 80' lang='lat' dir='ltr'><strong>surdus</strong></span> <span class='ocrx_word' id='word_1_524' title='bbox 2976 3408 3076 3445; x_wconf 89' lang='lat' dir='ltr'><strong>non</strong></span> <span class='ocrx_word' id='word_1_525' title='bbox 3122 3391 3426 3455; x_wconf 85' lang='lat' dir='ltr'><strong>audiebam,</strong></span> 
     </span>
    </p>
   </div>
   <div class='ocr_carea' id='block_1_78' title="bbox 1863 3481 3431 3552">
    <p class='ocr_par' dir='ltr' id='par_1_78' title="bbox 1863 3481 3431 3552">
     <span class='ocr_line' id='line_1_78' title="bbox 1863 3481 3431 3552; baseline -0.005 -9"><span class='ocrx_word' id='word_1_526' title='bbox 1863 3498 1967 3543; x_wconf 89' lang='lat' dir='ltr'><strong>etc.</strong></span> <span class='ocrx_word' id='word_1_527' title='bbox 1996 3485 2129 3539; x_wconf 89' lang='lat' dir='ltr'><strong>Dum</strong></span> <span class='ocrx_word' id='word_1_528' title='bbox 2158 3487 2302 3549; x_wconf 67' lang='lat' dir='ltr'><strong>bree,</strong></span> <span class='ocrx_word' id='word_1_529' title='bbox 2349 3482 2559 3552; x_wconf 91' lang='lat' dir='ltr'><strong>inquit,</strong></span> <span class='ocrx_word' id='word_1_530' title='bbox 2590 3481 2668 3535; x_wconf 89' lang='lat' dir='ltr'><strong>illi</strong></span> <span class='ocrx_word' id='word_1_531' title='bbox 2701 3482 3079 3550; x_wconf 87' lang='lat' dir='ltr'><strong>loquerentur.</strong></span> <span class='ocrx_word' id='word_1_532' title='bbox 3110 3497 3210 3535; x_wconf 87' lang='lat' dir='ltr'><strong>nec</strong></span> <span class='ocrx_word' id='word_1_533' title='bbox 3238 3482 3431 3535; x_wconf 80' lang='lat' dir='ltr'><strong>audire</strong></span> 
     </span>
    </p>
   </div>
   <div class='ocr_carea' id='block_1_79' title="bbox 1865 3570 3425 3649">
    <p class='ocr_par' dir='ltr' id='par_1_79' title="bbox 1865 3570 3425 3649">
     <span class='ocr_line' id='line_1_79' title="bbox 1865 3570 3425 3649; baseline -0.005 -14"><span class='ocrx_word' id='word_1_534' title='bbox 1865 3596 1963 3635; x_wconf 86' lang='lat' dir='ltr'><strong>nec</strong></span> <span class='ocrx_word' id='word_1_535' title='bbox 1986 3577 2131 3649; x_wconf 90' lang='lat' dir='ltr'><strong>loqui</strong></span> <span class='ocrx_word' id='word_1_536' title='bbox 2159 3574 2400 3642; x_wconf 74' lang='lat' dir='ltr'><strong>videbar,</strong></span> <span class='ocrx_word' id='word_1_537' title='bbox 2419 3574 2596 3629; x_wconf 83' lang='lat' dir='ltr'><strong>ablata</strong></span> <span class='ocrx_word' id='word_1_538' title='bbox 2623 3573 2756 3627; x_wconf 78' lang='lat' dir='ltr'><strong>milii</strong></span> <span class='ocrx_word' id='word_1_539' title='bbox 2784 3588 2878 3643; x_wconf 87' lang='lat' dir='ltr'><strong>per</strong></span> <span class='ocrx_word' id='word_1_540' title='bbox 2899 3581 3180 3642; x_wconf 86' lang='lat' dir='ltr'><strong>peccatum</strong></span> <span class='ocrx_word' id='word_1_541' title='bbox 3206 3570 3425 3627; x_wconf 77' lang='lat' dir='ltr'><strong>ﬁducia.</strong></span> 
     </span>
    </p>
   </div>
   <div class='ocr_carea' id='block_1_80' title="bbox 1936 3745 3429 3817">
    <p class='ocr_par' dir='ltr' id='par_1_80' title="bbox 1936 3745 3429 3817">
     <span class='ocr_line' id='line_1_80' title="bbox 1936 3745 3429 3817; baseline -0.003 -10"><span class='ocrx_word' id='word_1_542' title='bbox 1936 3751 2022 3807; x_wconf 82' lang='grc'><strong>16.</strong></span> <span class='ocrx_word' id='word_1_543' title='bbox 2055 3750 2315 3817; x_wconf 76' lang='lat' dir='ltr'><strong>Quoniam</strong></span> <span class='ocrx_word' id='word_1_544' title='bbox 2341 3750 2395 3803; x_wconf 90' lang='lat' dir='ltr'><strong>in</strong></span> <span class='ocrx_word' id='word_1_545' title='bbox 2430 3758 2499 3811; x_wconf 87' lang='lat' dir='ltr'><strong>te,</strong></span> <span class='ocrx_word' id='word_1_546' title='bbox 2530 3746 2748 3800; x_wconf 81' lang='lat' dir='ltr'><strong>Domine</strong></span> <span class='ocrx_word' id='word_1_547' title='bbox 2771 3788 2787 3810; x_wconf 94' lang='grc'><strong>,</strong></span> <span class='ocrx_word' id='word_1_548' title='bbox 2820 3747 3090 3814; x_wconf 79' lang='lat' dir='ltr'><strong>speravi...</strong></span> <span class='ocrx_word' id='word_1_549' title='bbox 3124 3747 3248 3816; x_wconf 86' lang='lat' dir='ltr'><strong>quia</strong></span> <span class='ocrx_word' id='word_1_550' title='bbox 3274 3745 3429 3803; x_wconf 70' lang='lat' dir='ltr'><strong>dixi:</strong></span> 
     </span>
    </p>
   </div>
   <div class='ocr_carea' id='block_1_81' title="bbox 1868 3834 3427 3913">
    <p class='ocr_par' dir='ltr' id='par_1_81' title="bbox 1868 3834 3427 3913">
     <span class='ocr_line' id='line_1_81' title="bbox 1868 3834 3427 3913; baseline -0.003 -17"><span class='ocrx_word' id='word_1_551' title='bbox 1868 3841 1950 3897; x_wconf 85' lang='lat' dir='ltr'><strong>Ne</strong></span> <span class='ocrx_word' id='word_1_552' title='bbox 1976 3844 2187 3913; x_wconf 82' lang='lat' dir='ltr'><strong>quando</strong></span> <span class='ocrx_word' id='word_1_553' title='bbox 2224 3843 2641 3910; x_wconf 80' lang='lat' dir='ltr'><strong>supergaudeont</strong></span> <span class='ocrx_word' id='word_1_554' title='bbox 2676 3837 2805 3890; x_wconf 81' lang='lat' dir='ltr'><strong>mihi</strong></span> <span class='ocrx_word' id='word_1_555' title='bbox 2836 3838 3033 3891; x_wconf 86' lang='lat' dir='ltr'><strong>inimici</strong></span> <span class='ocrx_word' id='word_1_556' title='bbox 3062 3839 3183 3891; x_wconf 80' lang='lat' dir='ltr'><strong>mei.</strong></span> <span class='ocrx_word' id='word_1_557' title='bbox 3216 3834 3427 3903; x_wconf 80' lang='lat' dir='ltr'><strong>Tantis,</strong></span> 
     </span>
    </p>
   </div>
   <div class='ocr_carea' id='block_1_82' title="bbox 1866 3927 3427 4004">
    <p class='ocr_par' dir='ltr' id='par_1_82' title="bbox 1866 3927 3427 4004">
     <span class='ocr_line' id='line_1_82' title="bbox 1866 3927 3427 4004; baseline -0.004 -15"><span class='ocrx_word' id='word_1_558' title='bbox 1866 3934 2063 4004; x_wconf 85' lang='lat' dir='ltr'><strong>inquit,</strong></span> <span class='ocrx_word' id='word_1_559' title='bbox 2098 3930 2465 3986; x_wconf 81' lang='lat' dir='ltr'><strong>accidentibus</strong></span> <span class='ocrx_word' id='word_1_560' title='bbox 2494 3927 2684 3993; x_wconf 89' lang='lat' dir='ltr'><strong>malis,</strong></span> <span class='ocrx_word' id='word_1_561' title='bbox 2718 3943 2825 3981; x_wconf 88' lang='lat' dir='ltr'><strong>una</strong></span> <span class='ocrx_word' id='word_1_562' title='bbox 2859 3937 3111 3998; x_wconf 86' lang='lat' dir='ltr'><strong>superest</strong></span> <span class='ocrx_word' id='word_1_563' title='bbox 3140 3928 3275 3982; x_wconf 82' lang='lat' dir='ltr'><strong>mihi</strong></span> <span class='ocrx_word' id='word_1_564' title='bbox 3302 3942 3427 3999; x_wconf 79' lang='lat' dir='ltr'><strong>spes</strong></span> 
     </span>
    </p>
   </div>
   <div class='ocr_carea' id='block_1_83' title="bbox 1865 4018 3331 4087">
    <p class='ocr_par' dir='ltr' id='par_1_83' title="bbox 1865 4018 3331 4087">
     <span class='ocr_line' id='line_1_83' title="bbox 1865 4018 3331 4087; baseline -0.005 -6"><span class='ocrx_word' id='word_1_565' title='bbox 1865 4026 2082 4087; x_wconf 87' lang='lat' dir='ltr'><strong>salutis,</strong></span> <span class='ocrx_word' id='word_1_566' title='bbox 2114 4020 2376 4077; x_wconf 82' lang='lat' dir='ltr'><strong>auxilium</strong></span> <span class='ocrx_word' id='word_1_567' title='bbox 2405 4021 2612 4077; x_wconf 86' lang='lat' dir='ltr'><strong>scilicet</strong></span> <span class='ocrx_word' id='word_1_568' title='bbox 2640 4036 2805 4075; x_wconf 86' lang='lat' dir='ltr'><strong>unum</strong></span> <span class='ocrx_word' id='word_1_569' title='bbox 2842 4020 2975 4074; x_wconf 81' lang='lat' dir='ltr'><strong>mihi</strong></span> <span class='ocrx_word' id='word_1_570' title='bbox 3010 4018 3331 4076; x_wconf 71' lang='lat' dir='ltr'><strong>aliuturum.</strong></span> 
     </span>
    </p>
   </div>
   <div class='ocr_carea' id='block_1_84' title="bbox 1936 4113 3434 4181">
    <p class='ocr_par' dir='ltr' id='par_1_84' title="bbox 1936 4113 3434 4181">
     <span class='ocr_line' id='line_1_84' title="bbox 1936 4113 3434 4181; baseline -0.003 -11"><span class='ocrx_word' id='word_1_571' title='bbox 1936 4116 2023 4170; x_wconf 85' lang='grc'>17.</span> <span class='ocrx_word' id='word_1_572' title='bbox 2050 4113 2119 4168; x_wconf 79' lang='lat' dir='ltr'><strong>Et</strong></span> <span class='ocrx_word' id='word_1_573' title='bbox 2150 4115 2275 4168; x_wconf 85' lang='lat' dir='ltr'><strong>dum</strong></span> <span class='ocrx_word' id='word_1_574' title='bbox 2303 4125 2690 4168; x_wconf 78' lang='lat' dir='ltr'><strong>commoventur</strong></span> <span class='ocrx_word' id='word_1_575' title='bbox 2714 4116 2867 4181; x_wconf 84' lang='lat' dir='ltr'><strong>pedes</strong></span> <span class='ocrx_word' id='word_1_576' title='bbox 2893 4114 2992 4165; x_wconf 83' lang='lat' dir='ltr'><strong>mei</strong></span> <span class='ocrx_word' id='word_1_577' title='bbox 3024 4128 3180 4180; x_wconf 78' lang='lat' dir='ltr'><strong>super</strong></span> <span class='ocrx_word' id='word_1_578' title='bbox 3208 4127 3289 4167; x_wconf 76' lang='lat' dir='ltr'><strong>me</strong></span> <span class='ocrx_word' id='word_1_579' title='bbox 3312 4128 3434 4167; x_wconf 78' lang='lat' dir='ltr'><strong>ma-</strong></span> 
     </span>
    </p>
   </div>
   <div class='ocr_carea' id='block_1_85' title="bbox 1868 4204 3430 4279">
    <p class='ocr_par' dir='ltr' id='par_1_85' title="bbox 1868 4204 3430 4279">
     <span class='ocr_line' id='line_1_85' title="bbox 1868 4204 3430 4279; baseline 0 -20"><span class='ocrx_word' id='word_1_580' title='bbox 1868 4224 1971 4279; x_wconf 85' lang='lat' dir='ltr'><strong>gna</strong></span> <span class='ocrx_word' id='word_1_581' title='bbox 1999 4207 2165 4261; x_wconf 83' lang='lat' dir='ltr'><strong>locuti</strong></span> <span class='ocrx_word' id='word_1_582' title='bbox 2192 4215 2336 4261; x_wconf 89' lang='lat' dir='ltr'><strong>sunt.</strong></span> <span class='ocrx_word' id='word_1_583' title='bbox 2377 4206 2666 4260; x_wconf 82' lang='lat' dir='ltr'><strong>Peccatum</strong></span> <span class='ocrx_word' id='word_1_584' title='bbox 2692 4243 2708 4268; x_wconf 92' lang='lat'><strong>,</strong></span> <span class='ocrx_word' id='word_1_585' title='bbox 2738 4204 2943 4274; x_wconf 83' lang='lat' dir='ltr'><strong>inquit,</strong></span> <span class='ocrx_word' id='word_1_586' title='bbox 2973 4218 3153 4259; x_wconf 85' lang='lat' dir='ltr'><strong>meum</strong></span> <span class='ocrx_word' id='word_1_587' title='bbox 3186 4218 3430 4260; x_wconf 85' lang='lat' dir='ltr'><strong>commo-</strong></span> 
     </span>
    </p>
   </div>
   <div class='ocr_carea' id='block_1_86' title="bbox 1866 4296 3429 4369">
    <p class='ocr_par' dir='ltr' id='par_1_86' title="bbox 1866 4296 3429 4369">
     <span class='ocr_line' id='line_1_86' title="bbox 1866 4296 3429 4369; baseline -0.001 -17"><span class='ocrx_word' id='word_1_588' title='bbox 1866 4313 2001 4353; x_wconf 73' lang='lat' dir='ltr'><strong>vens</strong></span> <span class='ocrx_word' id='word_1_589' title='bbox 2034 4299 2199 4369; x_wconf 85' lang='lat' dir='ltr'><strong>pedes</strong></span> <span class='ocrx_word' id='word_1_590' title='bbox 2231 4313 2383 4354; x_wconf 85' lang='lat' dir='ltr'><strong>meos</strong></span> <span class='ocrx_word' id='word_1_591' title='bbox 2427 4298 2479 4351; x_wconf 92' lang='lat' dir='ltr'><strong>in</strong></span> <span class='ocrx_word' id='word_1_592' title='bbox 2510 4312 2674 4351; x_wconf 85' lang='lat' dir='ltr'><strong>causa</strong></span> <span class='ocrx_word' id='word_1_593' title='bbox 2711 4296 2812 4350; x_wconf 80' lang='lat' dir='ltr'><strong>fuit</strong></span> <span class='ocrx_word' id='word_1_594' title='bbox 2849 4306 2908 4351; x_wconf 91' lang='lat' dir='ltr'><strong>ut</strong></span> <span class='ocrx_word' id='word_1_595' title='bbox 2954 4297 3093 4352; x_wconf 89' lang='lat' dir='ltr'><strong>altos</strong></span> <span class='ocrx_word' id='word_1_596' title='bbox 3137 4296 3429 4353; x_wconf 74' lang='lat' dir='ltr'><strong>adversum</strong></span> 
     </span>
    </p>
   </div>
   <div class='ocr_carea' id='block_1_87' title="bbox 1868 4389 2591 4459">
    <p class='ocr_par' dir='ltr' id='par_1_87' title="bbox 1868 4389 2591 4459">
     <span class='ocr_line' id='line_1_87' title="bbox 1868 4389 2591 4459; baseline -0.001 -15"><span class='ocrx_word' id='word_1_597' title='bbox 1868 4404 1954 4444; x_wconf 87' lang='lat' dir='ltr'><strong>me</strong></span> <span class='ocrx_word' id='word_1_598' title='bbox 1978 4389 2203 4459; x_wconf 85' lang='lat' dir='ltr'><strong>spiritus</strong></span> <span class='ocrx_word' id='word_1_599' title='bbox 2231 4396 2591 4443; x_wconf 83' lang='lat' dir='ltr'><strong>assumerent.</strong></span> 
     </span>
    </p>
   </div>
   <div class='ocr_carea' id='block_1_88' title="bbox 1938 4480 3431 4550">
    <p class='ocr_par' dir='ltr' id='par_1_88' title="bbox 1938 4480 3431 4550">
     <span class='ocr_line' id='line_1_88' title="bbox 1938 4480 3431 4550; baseline 0.001 -16"><span class='ocrx_word' id='word_1_600' title='bbox 1938 4481 2029 4536; x_wconf 87' lang='grc'>18.</span> <span class='ocrx_word' id='word_1_601' title='bbox 2057 4480 2322 4547; x_wconf 82' lang='lat' dir='ltr'><strong>Quoniam</strong></span> <span class='ocrx_word' id='word_1_602' title='bbox 2353 4494 2445 4548; x_wconf 83' lang='lat' dir='ltr'><strong>ego</strong></span> <span class='ocrx_word' id='word_1_603' title='bbox 2493 4480 2547 4533; x_wconf 88' lang='lat' dir='ltr'><strong>in</strong></span> <span class='ocrx_word' id='word_1_604' title='bbox 2581 4480 2794 4550; x_wconf 78' lang='lat' dir='ltr'><strong>ﬂagella</strong></span> <span class='ocrx_word' id='word_1_605' title='bbox 2836 4491 3057 4550; x_wconf 88' lang='lat' dir='ltr'><strong>paratus</strong></span> <span class='ocrx_word' id='word_1_606' title='bbox 3089 4496 3226 4547; x_wconf 76' lang='lat' dir='ltr'><strong>sunt,</strong></span> <span class='ocrx_word' id='word_1_607' title='bbox 3254 4490 3304 4535; x_wconf 82' lang='lat' dir='ltr'><strong>et</strong></span> <span class='ocrx_word' id='word_1_608' title='bbox 3331 4481 3431 4536; x_wconf 80' lang='lat' dir='ltr'><strong>slo-</strong></span> 
     </span>
    </p>
   </div>
   <div class='ocr_carea' id='block_1_89' title="bbox 204 4570 1764 4653">
    <p class='ocr_par' dir='ltr' id='par_1_89' title="bbox 204 4581 1764 4653">
     <span class='ocr_line' id='line_1_89' title="bbox 204 4581 1764 4653; baseline -0.003 -14"><span class='ocrx_word' id='word_1_609' title='bbox 204 4602 311 4653; x_wconf 74' lang='grc' dir='ltr'><strong>μου</strong></span> <span class='ocrx_word' id='word_1_610' title='bbox 338 4583 597 4637; x_wconf 78' lang='grc' dir='ltr'>ἐνώπιόν</span> <span class='ocrx_word' id='word_1_611' title='bbox 616 4586 731 4653; x_wconf 81' lang='grc' dir='ltr'>μού</span> <span class='ocrx_word' id='word_1_612' title='bbox 762 4585 890 4637; x_wconf 78' lang='grc' dir='ltr'>ἐστι</span> <span class='ocrx_word' id='word_1_613' title='bbox 918 4584 1257 4649; x_wconf 79' lang='grc' dir='ltr'>διαπαντός.</span> <span class='ocrx_word' id='word_1_614' title='bbox 1300 4582 1496 4646; x_wconf 82' lang='grc' dir='ltr'>Ἡδέως</span> <span class='ocrx_word' id='word_1_615' title='bbox 1523 4581 1764 4653; x_wconf 79' lang='grc' dir='ltr'>δέχεσθαι</span> 
     </span>
    </p>
   </div>
   <div class='ocr_carea' id='block_1_90' title="bbox 1863 4570 3427 4653">
    <p class='ocr_par' dir='ltr' id='par_1_90' title="bbox 1874 4570 3427 4640">
     <span class='ocr_line' id='line_1_90' title="bbox 1874 4570 3427 4640; baseline 0.001 -15"><span class='ocrx_word' id='word_1_616' title='bbox 1874 4572 1954 4626; x_wconf 85' lang='lat' dir='ltr'><strong>lor</strong></span> <span class='ocrx_word' id='word_1_617' title='bbox 1976 4588 2118 4626; x_wconf 79' lang='lat' dir='ltr'><strong>meus</strong></span> <span class='ocrx_word' id='word_1_618' title='bbox 2152 4572 2205 4625; x_wconf 89' lang='lat' dir='ltr'><strong>in</strong></span> <span class='ocrx_word' id='word_1_619' title='bbox 2245 4582 2522 4639; x_wconf 80' lang='lat' dir='ltr'><strong>conspectu</strong></span> <span class='ocrx_word' id='word_1_620' title='bbox 2550 4587 2662 4623; x_wconf 86' lang='lat' dir='ltr'><strong>meo</strong></span> <span class='ocrx_word' id='word_1_621' title='bbox 2686 4588 2903 4640; x_wconf 78' lang='lat' dir='ltr'><strong>semper.</strong></span> <span class='ocrx_word' id='word_1_622' title='bbox 2936 4570 3191 4626; x_wconf 86' lang='lat' dir='ltr'><strong>Libenter</strong></span> <span class='ocrx_word' id='word_1_623' title='bbox 3214 4587 3273 4627; x_wconf 87' lang='lat' dir='ltr'><strong>se</strong></span> <span class='ocrx_word' id='word_1_624' title='bbox 3300 4587 3427 4627; x_wconf 88' lang='lat' dir='ltr'><strong>cor-</strong></span> 
     </span>
    </p>
   </div>
   <div class='ocr_carea' id='block_1_91' title="bbox 208 4674 1225 4749">
    <p class='ocr_par' dir='ltr' id='par_1_91' title="bbox 208 4674 1225 4749">
     <span class='ocr_line' id='line_1_91' title="bbox 208 4674 1225 4749; baseline -0.005 -19"><span class='ocrx_word' id='word_1_625' title='bbox 208 4677 298 4749; x_wconf 78' lang='grc' dir='ltr'>τὴν</span> <span class='ocrx_word' id='word_1_626' title='bbox 326 4674 752 4747; x_wconf 75' lang='grc' dir='ltr'>ἐπιστρεπτικὴν</span> <span class='ocrx_word' id='word_1_627' title='bbox 779 4676 1019 4728; x_wconf 86' lang='grc' dir='ltr'>παιδείαν</span> <span class='ocrx_word' id='word_1_628' title='bbox 1045 4675 1225 4746; x_wconf 81' lang='grc' dir='ltr'>φησίν.</span> 
     </span>
    </p>
   </div>
   <div class='ocr_carea' id='block_1_92' title="bbox 275 4849 1769 4923">
    <p class='ocr_par' dir='ltr' id='par_1_92' title="bbox 275 4849 1769 4923">
     <span class='ocr_line' id='line_1_92' title="bbox 275 4849 1769 4923; baseline -0.002 -16"><span class='ocrx_word' id='word_1_629' title='bbox 275 4854 399 4909; x_wconf 80' lang='grc' dir='ltr'>Ὀτι</span> <span class='ocrx_word' id='word_1_630' title='bbox 435 4856 555 4923; x_wconf 78' lang='grc' dir='ltr'><strong>τὴν</strong></span> <span class='ocrx_word' id='word_1_631' title='bbox 578 4854 826 4922; x_wconf 78' lang='grc' dir='ltr'><strong>ἀνομίαν</strong></span> <span class='ocrx_word' id='word_1_632' title='bbox 867 4871 986 4921; x_wconf 83' lang='grc' dir='ltr'>μου</span> <span class='ocrx_word' id='word_1_633' title='bbox 1028 4851 1143 4921; x_wconf 78' lang='grc' dir='ltr'>ἐγὼ</span> <span class='ocrx_word' id='word_1_634' title='bbox 1175 4849 1497 4920; x_wconf 74' lang='grc' dir='ltr'>ἀναγγελῶ,</span> <span class='ocrx_word' id='word_1_635' title='bbox 1528 4850 1623 4903; x_wconf 76' lang='grc' dir='ltr'><strong>καί</strong></span> <span class='ocrx_word' id='word_1_636' title='bbox 1664 4868 1769 4919; x_wconf 81' lang='grc' dir='ltr'>με·</span> 
     </span>
    </p>
   </div>
   <div class='ocr_carea' id='block_1_93' title="bbox 202 4941 1768 5013">
    <p class='ocr_par' dir='ltr' id='par_1_93' title="bbox 202 4941 1768 5013">
     <span class='ocr_line' id='line_1_93' title="bbox 202 4941 1768 5013; baseline 0.001 -20"><span class='ocrx_word' id='word_1_637' title='bbox 202 4944 467 5013; x_wconf 75' lang='grc' dir='ltr'>ριμνήσω</span> <span class='ocrx_word' id='word_1_638' title='bbox 517 4945 669 5013; x_wconf 76' lang='grc' dir='ltr'>ὑπὲρ</span> <span class='ocrx_word' id='word_1_639' title='bbox 716 4943 823 5012; x_wconf 78' lang='grc' dir='ltr'>τῆς</span> <span class='ocrx_word' id='word_1_640' title='bbox 877 4944 1161 5013; x_wconf 79' lang='grc' dir='ltr'>ἁμαρτίας</span> <span class='ocrx_word' id='word_1_641' title='bbox 1198 4960 1334 5012; x_wconf 85' lang='grc' dir='ltr'>μου.</span> <span class='ocrx_word' id='word_1_642' title='bbox 1383 4942 1480 4995; x_wconf 81' lang='grc' dir='ltr'><strong>Διὰ</strong></span> <span class='ocrx_word' id='word_1_643' title='bbox 1518 4941 1580 5011; x_wconf 80' lang='grc' dir='ltr'>δὴ</span> <span class='ocrx_word' id='word_1_644' title='bbox 1610 4942 1768 4995; x_wconf 81' lang='grc' dir='ltr'>τοῦτο</span> 
     </span>
    </p>
   </div>
   <div class='ocr_carea' id='block_1_94' title="bbox 212 5034 1769 5107">
    <p class='ocr_par' dir='ltr' id='par_1_94' title="bbox 212 5034 1769 5107">
     <span class='ocr_line' id='line_1_94' title="bbox 212 5034 1769 5107; baseline 0.006 -19"><span class='ocrx_word' id='word_1_645' title='bbox 212 5038 507 5107; x_wconf 83' lang='grc' dir='ltr'>κατήγορος</span> <span class='ocrx_word' id='word_1_646' title='bbox 546 5037 784 5107; x_wconf 80' lang='grc' dir='ltr'>ἐμαυτοῦ</span> <span class='ocrx_word' id='word_1_647' title='bbox 818 5037 1054 5107; x_wconf 86' lang='grc' dir='ltr'>γίνομαι,</span> <span class='ocrx_word' id='word_1_648' title='bbox 1077 5037 1171 5089; x_wconf 74' lang='grc' dir='ltr'>καὶ</span> <span class='ocrx_word' id='word_1_649' title='bbox 1190 5037 1367 5090; x_wconf 74' lang='grc' dir='ltr'>πᾶσαν</span> <span class='ocrx_word' id='word_1_650' title='bbox 1395 5034 1646 5106; x_wconf 74' lang='grc' dir='ltr'>φροντίδα</span> <span class='ocrx_word' id='word_1_651' title='bbox 1670 5036 1769 5106; x_wconf 79' lang='grc' dir='ltr'>τῆς</span> 
     </span>
    </p>
   </div>
   <div class='ocr_carea' id='block_1_95' title="bbox 213 5129 763 5199">
    <p class='ocr_par' dir='ltr' id='par_1_95' title="bbox 213 5129 763 5199">
     <span class='ocr_line' id='line_1_95' title="bbox 213 5129 763 5199; baseline 0.002 -18"><span class='ocrx_word' id='word_1_652' title='bbox 213 5129 412 5196; x_wconf 70' lang='grc' dir='ltr'>ὑγιείας</span> <span class='ocrx_word' id='word_1_653' title='bbox 444 5130 763 5199; x_wconf 80' lang='grc' dir='ltr'>ποιήσομαι.</span> 
     </span>
    </p>
   </div>
   <div class='ocr_carea' id='block_1_96' title="bbox 277 5218 1767 5288">
    <p class='ocr_par' dir='ltr' id='par_1_96' title="bbox 277 5218 1767 5288">
     <span class='ocr_line' id='line_1_96' title="bbox 277 5218 1767 5288; baseline -0.002 -16"><span class='ocrx_word' id='word_1_654' title='bbox 277 5223 337 5272; x_wconf 88' lang='grc' dir='ltr'><em>οἱ</em></span> <span class='ocrx_word' id='word_1_655' title='bbox 363 5220 432 5273; x_wconf 80' lang='grc' dir='ltr'>δὲ</span> <span class='ocrx_word' id='word_1_656' title='bbox 450 5220 654 5287; x_wconf 80' lang='grc' dir='ltr'>ἐχθροί</span> <span class='ocrx_word' id='word_1_657' title='bbox 680 5238 802 5288; x_wconf 81' lang='grc' dir='ltr'><strong>μου</strong></span> <span class='ocrx_word' id='word_1_658' title='bbox 828 5218 983 5281; x_wconf 77' lang='grc' dir='ltr'>ζῶσι,</span> <span class='ocrx_word' id='word_1_659' title='bbox 1010 5219 1108 5274; x_wconf 79' lang='grc' dir='ltr'>καὶ</span> <span class='ocrx_word' id='word_1_660' title='bbox 1138 5218 1587 5287; x_wconf 57' lang='lat' dir='ltr'><strong>immutatus-rat</strong></span> <span class='ocrx_word' id='word_1_661' title='bbox 1618 5218 1767 5287; x_wconf 73' lang='grc' dir='ltr'>ὑπὲρ</span> 
     </span>
    </p>
   </div>
   <div class='ocr_carea' id='block_1_97' title="bbox 210 5309 1769 5383">
    <p class='ocr_par' dir='ltr' id='par_1_97' title="bbox 210 5309 1769 5383">
     <span class='ocr_line' id='line_1_97' title="bbox 210 5309 1769 5383; baseline 0.001 -20"><span class='ocrx_word' id='word_1_662' title='bbox 210 5309 323 5378; x_wconf 73' lang='grc' dir='ltr'>ἐμέ.</span> <span class='ocrx_word' id='word_1_663' title='bbox 354 5313 570 5373; x_wconf 79' lang='grc' dir='ltr'>Καίτοι.</span> <span class='ocrx_word' id='word_1_664' title='bbox 594 5311 747 5383; x_wconf 72' lang='grc' dir='ltr'>φησὶ,</span> <span class='ocrx_word' id='word_1_665' title='bbox 783 5314 856 5383; x_wconf 83' lang='grc' dir='ltr'>μὴ</span> <span class='ocrx_word' id='word_1_666' title='bbox 879 5312 1287 5382; x_wconf 77' lang='grc' dir='ltr'>ἁνεπαισθήτως</span> <span class='ocrx_word' id='word_1_667' title='bbox 1306 5312 1443 5381; x_wconf 75' lang='grc' dir='ltr'>ἔχων</span> <span class='ocrx_word' id='word_1_668' title='bbox 1468 5311 1567 5380; x_wconf 73' lang='grc' dir='ltr'>τῆς</span> <span class='ocrx_word' id='word_1_669' title='bbox 1592 5314 1769 5382; x_wconf 81' lang='grc' dir='ltr'>ἁμαρ-</span> 
     </span>
    </p>
   </div>
   <div class='ocr_carea' id='block_1_98' title="bbox 212 5400 1768 5473">
    <p class='ocr_par' dir='ltr' id='par_1_98' title="bbox 212 5400 1768 5473">
     <span class='ocr_line' id='line_1_98' title="bbox 212 5400 1768 5473; baseline 0.003 -22"><span class='ocrx_word' id='word_1_670' title='bbox 212 5400 342 5463; x_wconf 85' lang='grc' dir='ltr'>τίας,</span> <span class='ocrx_word' id='word_1_671' title='bbox 365 5403 501 5455; x_wconf 78' lang='grc' dir='ltr'>ἀλλὰ</span> <span class='ocrx_word' id='word_1_672' title='bbox 525 5402 799 5472; x_wconf 81' lang='grc' dir='ltr'>μεριμνῶν</span> <span class='ocrx_word' id='word_1_673' title='bbox 826 5404 954 5473; x_wconf 66' lang='grc' dir='ltr'>περὶ</span> <span class='ocrx_word' id='word_1_674' title='bbox 978 5402 1148 5472; x_wconf 77' lang='grc' dir='ltr'>αὐτῆς</span> <span class='ocrx_word' id='word_1_675' title='bbox 1177 5404 1484 5469; x_wconf 78' lang='grc' dir='ltr'>διαπαντὸς,</span> <span class='ocrx_word' id='word_1_676' title='bbox 1511 5403 1621 5473; x_wconf 79' lang='grc' dir='ltr'>ὁρῶ</span> <span class='ocrx_word' id='word_1_677' title='bbox 1643 5404 1768 5464; x_wconf 71' lang='grc' dir='ltr'>τοὺς</span> 
     </span>
    </p>
   </div>
   <div class='ocr_carea' id='block_1_99' title="bbox 214 5490 1769 5566">
    <p class='ocr_par' dir='ltr' id='par_1_99' title="bbox 214 5490 1769 5566">
     <span class='ocr_line' id='line_1_99' title="bbox 214 5490 1769 5566; baseline 0.003 -23"><span class='ocrx_word' id='word_1_678' title='bbox 214 5492 428 5564; x_wconf 81' lang='grc' dir='ltr'>ἐχθρούς</span> <span class='ocrx_word' id='word_1_679' title='bbox 464 5511 567 5563; x_wconf 92' lang='grc' dir='ltr'><strong>μου</strong></span> <span class='ocrx_word' id='word_1_680' title='bbox 592 5494 1067 5564; x_wconf 77' lang='grc' dir='ltr'>κραταιουμένους.</span> <span class='ocrx_word' id='word_1_681' title='bbox 1104 5490 1258 5549; x_wconf 73' lang='grc' dir='ltr'>οὗτοι</span> <span class='ocrx_word' id='word_1_682' title='bbox 1280 5495 1336 5549; x_wconf 78' lang='grc' dir='ltr'>δὲ</span> <span class='ocrx_word' id='word_1_683' title='bbox 1358 5498 1404 5550; x_wconf 84' lang='grc' dir='ltr'>οἱ</span> <span class='ocrx_word' id='word_1_684' title='bbox 1432 5494 1634 5566; x_wconf 75' lang='grc' dir='ltr'>ἐχθροὶ,</span> <span class='ocrx_word' id='word_1_685' title='bbox 1667 5512 1769 5565; x_wconf 81' lang='grc' dir='ltr'>μη-</span> 
     </span>
    </p>
   </div>
   <div class='ocr_carea' id='block_1_100' title="bbox 212 5579 1764 5656">
    <p class='ocr_par' dir='ltr' id='par_1_100' title="bbox 212 5579 1764 5656">
     <span class='ocr_line' id='line_1_100' title="bbox 212 5579 1764 5656; baseline 0.003 -24"><span class='ocrx_word' id='word_1_686' title='bbox 212 5579 294 5634; x_wconf 81' lang='grc' dir='ltr'><strong>εέν</strong></span> <span class='ocrx_word' id='word_1_687' title='bbox 325 5583 505 5639; x_wconf 74' lang='grc' dir='ltr'>ἄδικον</span> <span class='ocrx_word' id='word_1_688' title='bbox 545 5586 676 5656; x_wconf 79' lang='grc' dir='ltr'>παρ’</span> <span class='ocrx_word' id='word_1_689' title='bbox 703 5584 837 5655; x_wconf 76' lang='grc' dir='ltr'>ἐμοῦ</span> <span class='ocrx_word' id='word_1_690' title='bbox 869 5585 1224 5649; x_wconf 78' lang='grc' dir='ltr'>πεπονθότες,</span> <span class='ocrx_word' id='word_1_691' title='bbox 1254 5586 1629 5649; x_wconf 78' lang='grc' dir='ltr'>διαδάλλοντές</span> <span class='ocrx_word' id='word_1_692' title='bbox 1665 5603 1764 5655; x_wconf 88' lang='grc' dir='ltr'><strong>μου</strong></span> 
     </span>
    </p>
   </div>
   <div class='ocr_carea' id='block_1_101' title="bbox 214 5673 1765 5749">
    <p class='ocr_par' dir='ltr' id='par_1_101' title="bbox 214 5673 1765 5749">
     <span class='ocr_line' id='line_1_101' title="bbox 214 5673 1765 5749; baseline 0.005 -24"><span class='ocrx_word' id='word_1_693' title='bbox 214 5673 303 5744; x_wconf 65' lang='grc' dir='ltr'>τὴν</span> <span class='ocrx_word' id='word_1_694' title='bbox 320 5674 628 5747; x_wconf 76' lang='grc' dir='ltr'>ἁμαρτίαν,</span> <span class='ocrx_word' id='word_1_695' title='bbox 664 5677 758 5729; x_wconf 71' lang='grc' dir='ltr'>καὶ</span> <span class='ocrx_word' id='word_1_696' title='bbox 806 5676 1075 5746; x_wconf 68' lang='grc' dir='ltr'>πρόφασιν</span> <span class='ocrx_word' id='word_1_697' title='bbox 1116 5678 1282 5749; x_wconf 67' lang='grc' dir='ltr'>αὐτὴν</span> <span class='ocrx_word' id='word_1_698' title='bbox 1330 5678 1632 5747; x_wconf 76' lang='grc' dir='ltr'>ποιούμενοι</span> <span class='ocrx_word' id='word_1_699' title='bbox 1675 5678 1765 5732; x_wconf 74' lang='grc' dir='ltr'>τοῦ</span> 
     </span>
    </p>
   </div>
   <div class='ocr_carea' id='block_1_102' title="bbox 278 5858 766 5927">
    <p class='ocr_par' dir='ltr' id='par_1_102' title="bbox 278 5858 766 5927">
     <span class='ocr_line' id='line_1_102' title="bbox 278 5858 766 5927; baseline 0.006 -14"><span class='ocrx_word' id='word_1_700' title='bbox 278 5858 475 5917; x_wconf 78' lang='lat' dir='ltr'><strong>&quot;Luc.</strong></span> <span class='ocrx_word' id='word_1_701' title='bbox 516 5879 649 5927; x_wconf 79' lang='lat' dir='ltr'><strong>xm,</strong></span> <span class='ocrx_word' id='word_1_702' title='bbox 686 5863 766 5918; x_wconf 78' lang='grc'>15.</span> 
     </span>
    </p>
   </div>
   <div class='ocr_carea' id='block_1_103' title="bbox 1872 4661 3429 4733">
    <p class='ocr_par' dir='ltr' id='par_1_103' title="bbox 1872 4661 3429 4733">
     <span class='ocr_line' id='line_1_103' title="bbox 1872 4661 3429 4733; baseline 0.001 -17"><span class='ocrx_word' id='word_1_703' title='bbox 1872 4664 2168 4732; x_wconf 84' lang='lat' dir='ltr'><strong>reptionem</strong></span> <span class='ocrx_word' id='word_1_704' title='bbox 2194 4661 2538 4717; x_wconf 77' lang='lat' dir='ltr'><strong>conversioni</strong></span> <span class='ocrx_word' id='word_1_705' title='bbox 2562 4676 2673 4716; x_wconf 68' lang='lat' dir='ltr'><strong>suae</strong></span> <span class='ocrx_word' id='word_1_706' title='bbox 2696 4662 3159 4716; x_wconf 88' lang='lat' dir='ltr'><strong>accommodatam</strong></span> <span class='ocrx_word' id='word_1_707' title='bbox 3178 4662 3429 4733; x_wconf 76' lang='lat' dir='ltr'><strong>excipere</strong></span> 
     </span>
    </p>
   </div>
   <div class='ocr_carea' id='block_1_104' title="bbox 1868 4752 2201 4807">
    <p class='ocr_par' dir='ltr' id='par_1_104' title="bbox 1868 4752 2201 4807">
     <span class='ocr_line' id='line_1_104' title="bbox 1868 4752 2201 4807; baseline -0.006 -1"><span class='ocrx_word' id='word_1_708' title='bbox 1868 4752 2201 4807; x_wconf 81' lang='lat' dir='ltr'><strong>trstillcatur.</strong></span> 
     </span>
    </p>
   </div>
   <div class='ocr_carea' id='block_1_105' title="bbox 1941 4840 3429 4911">
    <p class='ocr_par' dir='ltr' id='par_1_105' title="bbox 1941 4840 3429 4911">
     <span class='ocr_line' id='line_1_105' title="bbox 1941 4840 3429 4911; baseline 0.002 -17"><span class='ocrx_word' id='word_1_709' title='bbox 1941 4841 2029 4895; x_wconf 82' lang='grc'><strong>19.</strong></span> <span class='ocrx_word' id='word_1_710' title='bbox 2082 4840 2344 4906; x_wconf 69' lang='lat' dir='ltr'><strong>Quoniam</strong></span> <span class='ocrx_word' id='word_1_711' title='bbox 2390 4840 2725 4911; x_wconf 83' lang='lat' dir='ltr'><strong>iniquitatem</strong></span> <span class='ocrx_word' id='word_1_712' title='bbox 2764 4857 2932 4895; x_wconf 81' lang='lat' dir='ltr'><strong>utearn</strong></span> <span class='ocrx_word' id='word_1_713' title='bbox 2971 4842 3328 4907; x_wconf 86' lang='lat' dir='ltr'><strong>annuntiabo,</strong></span> <span class='ocrx_word' id='word_1_714' title='bbox 3377 4853 3429 4897; x_wconf 75' lang='lat' dir='ltr'><strong>et</strong></span> 
     </span>
    </p>
   </div>
   <div class='ocr_carea' id='block_1_106' title="bbox 1866 4932 3426 5003">
    <p class='ocr_par' dir='ltr' id='par_1_106' title="bbox 1866 4932 3426 5003">
     <span class='ocr_line' id='line_1_106' title="bbox 1866 4932 3426 5003; baseline 0.001 -16"><span class='ocrx_word' id='word_1_715' title='bbox 1866 4936 2108 5003; x_wconf 71' lang='lat' dir='ltr'><strong>Cogitubo</strong></span> <span class='ocrx_word' id='word_1_716' title='bbox 2142 4950 2238 5003; x_wconf 88' lang='lat' dir='ltr'><strong>pro</strong></span> <span class='ocrx_word' id='word_1_717' title='bbox 2285 4945 2495 5002; x_wconf 85' lang='lat' dir='ltr'><strong>peccato</strong></span> <span class='ocrx_word' id='word_1_718' title='bbox 2528 4951 2661 4989; x_wconf 84' lang='lat' dir='ltr'><strong>meo.</strong></span> <span class='ocrx_word' id='word_1_719' title='bbox 2705 4932 2994 5003; x_wconf 84' lang='lat' dir='ltr'><strong>Propterea</strong></span> <span class='ocrx_word' id='word_1_720' title='bbox 3035 4945 3088 4989; x_wconf 89' lang='lat' dir='ltr'><strong>et</strong></span> <span class='ocrx_word' id='word_1_721' title='bbox 3126 4936 3228 4988; x_wconf 89' lang='lat' dir='ltr'><strong>mei</strong></span> <span class='ocrx_word' id='word_1_722' title='bbox 3262 4951 3426 4990; x_wconf 86' lang='lat' dir='ltr'><strong>accn-</strong></span> 
     </span>
    </p>
   </div>
   <div class='ocr_carea' id='block_1_107' title="bbox 1868 5024 3426 5090">
    <p class='ocr_par' dir='ltr' id='par_1_107' title="bbox 1868 5024 3426 5090">
     <span class='ocr_line' id='line_1_107' title="bbox 1868 5024 3426 5090; baseline 0 -12"><span class='ocrx_word' id='word_1_723' title='bbox 1868 5034 2018 5078; x_wconf 86' lang='lat' dir='ltr'><strong>sator</strong></span> <span class='ocrx_word' id='word_1_724' title='bbox 2065 5040 2224 5090; x_wconf 89' lang='lat' dir='ltr'><strong>sum,</strong></span> <span class='ocrx_word' id='word_1_725' title='bbox 2257 5034 2314 5079; x_wconf 87' lang='lat' dir='ltr'><strong>et</strong></span> <span class='ocrx_word' id='word_1_726' title='bbox 2356 5024 2561 5079; x_wconf 89' lang='lat' dir='ltr'><strong>nullam</strong></span> <span class='ocrx_word' id='word_1_727' title='bbox 2609 5040 2721 5078; x_wconf 88' lang='lat' dir='ltr'><strong>non</strong></span> <span class='ocrx_word' id='word_1_728' title='bbox 2768 5024 2963 5080; x_wconf 83' lang='lat' dir='ltr'><strong>salutis</strong></span> <span class='ocrx_word' id='word_1_729' title='bbox 3007 5024 3426 5080; x_wconf 81' lang='lat' dir='ltr'><strong>sollicitudinem</strong></span> 
     </span>
    </p>
   </div>
   <div class='ocr_carea' id='block_1_108' title="bbox 1867 5132 2072 5188">
    <p class='ocr_par' dir='ltr' id='par_1_108' title="bbox 1867 5132 2072 5188">
     <span class='ocr_line' id='line_1_108' title="bbox 1867 5132 2072 5188; baseline 0.005 -19"><span class='ocrx_word' id='word_1_730' title='bbox 1867 5132 2072 5188; x_wconf 80' lang='lat' dir='ltr'><strong>geram.</strong></span> 
     </span>
    </p>
   </div>
   <div class='ocr_carea' id='block_1_109' title="bbox 1934 5205 3428 5288">
    <p class='ocr_par' dir='ltr' id='par_1_109' title="bbox 1934 5205 3428 5288">
     <span class='ocr_line' id='line_1_109' title="bbox 1934 5205 3428 5288; baseline 0.001 -29"><span class='ocrx_word' id='word_1_731' title='bbox 1934 5207 2023 5261; x_wconf 71' lang='lat'><strong>20.</strong></span> <span class='ocrx_word' id='word_1_732' title='bbox 2068 5205 2284 5260; x_wconf 81' lang='lat' dir='ltr'><strong>Inimici</strong></span> <span class='ocrx_word' id='word_1_733' title='bbox 2291 5216 2488 5288; x_wconf 56' lang='lat' dir='ltr'><strong>.autem</strong></span> <span class='ocrx_word' id='word_1_734' title='bbox 2522 5207 2621 5261; x_wconf 85' lang='lat' dir='ltr'><strong>mei</strong></span> <span class='ocrx_word' id='word_1_735' title='bbox 2652 5206 2857 5273; x_wconf 73' lang='lat' dir='ltr'><strong>vivunt,</strong></span> <span class='ocrx_word' id='word_1_736' title='bbox 2886 5216 2937 5261; x_wconf 90' lang='lat' dir='ltr'><strong>et</strong></span> <span class='ocrx_word' id='word_1_737' title='bbox 2979 5206 3279 5277; x_wconf 76' lang='lat' dir='ltr'><strong>conﬁrmati</strong></span> <span class='ocrx_word' id='word_1_738' title='bbox 3303 5216 3428 5261; x_wconf 83' lang='lat' dir='ltr'><strong>sunt</strong></span> 
     </span>
    </p>
   </div>
   <div class='ocr_carea' id='block_1_110' title="bbox 1868 5298 3425 5369">
    <p class='ocr_par' dir='ltr' id='par_1_110' title="bbox 1868 5298 3425 5369">
     <span class='ocr_line' id='line_1_110' title="bbox 1868 5298 3425 5369; baseline -0.001 -16"><span class='ocrx_word' id='word_1_739' title='bbox 1868 5315 2024 5368; x_wconf 84' lang='lat' dir='ltr'><strong>super</strong></span> <span class='ocrx_word' id='word_1_740' title='bbox 2053 5316 2153 5353; x_wconf 86' lang='lat' dir='ltr'><strong>me.</strong></span> <span class='ocrx_word' id='word_1_741' title='bbox 2198 5298 2334 5363; x_wconf 79' lang='lat' dir='ltr'><strong>Etsi,</strong></span> <span class='ocrx_word' id='word_1_742' title='bbox 2362 5298 2567 5368; x_wconf 88' lang='lat' dir='ltr'><strong>inquit,</strong></span> <span class='ocrx_word' id='word_1_743' title='bbox 2595 5315 2701 5353; x_wconf 89' lang='lat' dir='ltr'><strong>non</strong></span> <span class='ocrx_word' id='word_1_744' title='bbox 2728 5300 2847 5354; x_wconf 85' lang='lat' dir='ltr'><strong>sine</strong></span> <span class='ocrx_word' id='word_1_745' title='bbox 2876 5315 3036 5355; x_wconf 85' lang='lat' dir='ltr'><strong>sensu</strong></span> <span class='ocrx_word' id='word_1_746' title='bbox 3062 5300 3267 5369; x_wconf 85' lang='lat' dir='ltr'><strong>peccati</strong></span> <span class='ocrx_word' id='word_1_747' title='bbox 3298 5301 3425 5361; x_wconf 81' lang='lat' dir='ltr'><strong>sim,</strong></span> 
     </span>
    </p>
   </div>
   <div class='ocr_carea' id='block_1_111' title="bbox 1868 5390 3427 5460">
    <p class='ocr_par' dir='ltr' id='par_1_111' title="bbox 1868 5390 3427 5460">
     <span class='ocr_line' id='line_1_111' title="bbox 1868 5390 3427 5460; baseline -0.001 -15"><span class='ocrx_word' id='word_1_748' title='bbox 1868 5391 1963 5445; x_wconf 80' lang='lat' dir='ltr'><strong>sed</strong></span> <span class='ocrx_word' id='word_1_749' title='bbox 2002 5390 2068 5443; x_wconf 90' lang='lat' dir='ltr'><strong>de</strong></span> <span class='ocrx_word' id='word_1_750' title='bbox 2113 5392 2232 5460; x_wconf 88' lang='lat' dir='ltr'><strong>ipso</strong></span> <span class='ocrx_word' id='word_1_751' title='bbox 2284 5405 2498 5459; x_wconf 84' lang='lat' dir='ltr'><strong>semper</strong></span> <span class='ocrx_word' id='word_1_752' title='bbox 2548 5391 2744 5445; x_wconf 75' lang='lat' dir='ltr'><strong>anxius</strong></span> <span class='ocrx_word' id='word_1_753' title='bbox 2786 5392 2923 5454; x_wconf 85' lang='lat' dir='ltr'><strong>sim,</strong></span> <span class='ocrx_word' id='word_1_754' title='bbox 2976 5392 3129 5445; x_wconf 72' lang='lat' dir='ltr'><strong>rideo</strong></span> <span class='ocrx_word' id='word_1_755' title='bbox 3174 5392 3427 5447; x_wconf 83' lang='lat' dir='ltr'><strong>inimicos</strong></span> 
     </span>
    </p>
   </div>
   <div class='ocr_carea' id='block_1_112' title="bbox 1872 5482 3426 5551">
    <p class='ocr_par' dir='ltr' id='par_1_112' title="bbox 1872 5482 3426 5551">
     <span class='ocr_line' id='line_1_112' title="bbox 1872 5482 3426 5551; baseline 0 -15"><span class='ocrx_word' id='word_1_756' title='bbox 1872 5497 2023 5537; x_wconf 82' lang='lat' dir='ltr'><strong>meos</strong></span> <span class='ocrx_word' id='word_1_757' title='bbox 2055 5482 2201 5536; x_wconf 76' lang='lat' dir='ltr'><strong>\‘ires</strong></span> <span class='ocrx_word' id='word_1_758' title='bbox 2225 5483 2556 5551; x_wconf 85' lang='lat' dir='ltr'><strong>sumpsisse,</strong></span> <span class='ocrx_word' id='word_1_759' title='bbox 2582 5483 2674 5551; x_wconf 87' lang='lat' dir='ltr'><strong>qui</strong></span> <span class='ocrx_word' id='word_1_760' title='bbox 2706 5498 2829 5536; x_wconf 91' lang='lat' dir='ltr'><strong>cum</strong></span> <span class='ocrx_word' id='word_1_761' title='bbox 2862 5482 2997 5536; x_wconf 86' lang='lat' dir='ltr'><strong>nihil</strong></span> <span class='ocrx_word' id='word_1_762' title='bbox 3028 5482 3240 5550; x_wconf 79' lang='lat' dir='ltr'><strong>injuria:</strong></span> <span class='ocrx_word' id='word_1_763' title='bbox 3277 5498 3306 5536; x_wconf 86' lang='lat' dir='ltr'><strong>a</strong></span> <span class='ocrx_word' id='word_1_764' title='bbox 3340 5498 3426 5536; x_wconf 87' lang='lat' dir='ltr'><strong>me</strong></span> 
     </span>
    </p>
   </div>
   <div class='ocr_carea' id='block_1_113' title="bbox 1868 5570 3427 5643">
    <p class='ocr_par' dir='ltr' id='par_1_113' title="bbox 1868 5570 3427 5643">
     <span class='ocr_line' id='line_1_113' title="bbox 1868 5570 3427 5643; baseline -0.002 -16"><span class='ocrx_word' id='word_1_765' title='bbox 1868 5572 2014 5643; x_wconf 80' lang='lat' dir='ltr'><strong>passi</strong></span> <span class='ocrx_word' id='word_1_766' title='bbox 2041 5572 2171 5637; x_wconf 89' lang='lat' dir='ltr'><strong>sint,</strong></span> <span class='ocrx_word' id='word_1_767' title='bbox 2190 5582 2467 5641; x_wconf 82' lang='lat' dir='ltr'><strong>peccatum</strong></span> <span class='ocrx_word' id='word_1_768' title='bbox 2492 5572 2884 5640; x_wconf 74' lang='lat' dir='ltr'><strong>exprobrantes</strong></span> <span class='ocrx_word' id='word_1_769' title='bbox 2915 5586 3117 5636; x_wconf 86' lang='lat' dir='ltr'><strong>meum,</strong></span> <span class='ocrx_word' id='word_1_770' title='bbox 3138 5570 3427 5640; x_wconf 82' lang='lat' dir='ltr'><strong>ipsumque</strong></span> 
     </span>
    </p>
   </div>
   <div class='ocr_carea' id='block_1_114' title="bbox 1866 5658 3434 5730">
    <p class='ocr_par' dir='ltr' id='par_1_114' title="bbox 1866 5658 3434 5730">
     <span class='ocr_line' id='line_1_114' title="bbox 1866 5658 3434 5730; baseline -0.005 -9"><span class='ocrx_word' id='word_1_771' title='bbox 1866 5681 1961 5721; x_wconf 86' lang='lat' dir='ltr'><strong>ceu</strong></span> <span class='ocrx_word' id='word_1_772' title='bbox 2002 5664 2343 5719; x_wconf 83' lang='lat' dir='ltr'><strong>occasionem</strong></span> <span class='ocrx_word' id='word_1_773' title='bbox 2379 5662 2499 5717; x_wconf 84' lang='lat' dir='ltr'><strong>belli</strong></span> <span class='ocrx_word' id='word_1_774' title='bbox 2538 5670 2727 5716; x_wconf 72' lang='lat' dir='ltr'><strong>contra</strong></span> <span class='ocrx_word' id='word_1_775' title='bbox 2760 5676 2847 5716; x_wconf 85' lang='lat' dir='ltr'><strong>me</strong></span> <span class='ocrx_word' id='word_1_776' title='bbox 2889 5660 3106 5730; x_wconf 72' lang='lat' dir='ltr'><strong>gerendi</strong></span> <span class='ocrx_word' id='word_1_777' title='bbox 3151 5658 3434 5729; x_wconf 44' lang='lat' dir='ltr'><strong>accipiena</strong></span> 
     </span>
    </p>
   </div>
  </div>
