4108 6524
666 467 771 524 187
1505 464 1560 520 S.
1599 463 1970 519 ATHANASJI
2008 463 2158 521 OPP.
2202 466 2221 521 I

2324 468 2380 522 lS
2415 467 2502 524 lll.
2542 501 2612 512 —
2649 471 3062 530 EXEGETICA.
3792 475 3887 532 188

663 590 767 640 tes,
801 592 884 631 me
907 575 1391 647 persequebantur,
1420 592 1479 630 se
1513 579 1636 646 jure
1667 593 1730 632 ac
1759 588 1948 633 merito
1979 579 2027 632 id
2065 594 2221 648 agere

2327 581 2448 634 κατ’
2469 581 2613 652 ’ἐμοῦ
2648 584 2906 655 πολέμου,
2949 585 3273 639 κατεδίωκόν
3305 601 3394 656 με,
3435 586 3617 640 δίκαια
3648 587 3890 656 λέγοντες

657 670 989 739 jactitantes.
1030 668 1260 738 Ideoque
1292 669 1466 724 factus
1494 670 1634 738 apud
1683 669 1803 724 illos
1835 686 1932 724 ceu
1976 680 2221 726 mortuus

2325 676 2513 726 ποιεῖν.
2533 674 2830 746 Τοιγαροῦν
2851 677 2944 730 καὶ
2962 678 3255 748 γεγένημαι
3277 680 3405 748 παρ’
3423 678 3602 741 αὐτοῖς
3617 679 3692 742 ὼς
3707 680 3891 750 νεκρὸς

661 763 1040 818 ahomiuabilis
1087 781 1101 817 ε
1142 771 1472 832 quapmpter
1518 761 1746 816 obsecro
1795 771 1846 816 te
1895 761 2221 826 Dominum,

2324 765 2738 838 ἐϐδελυγμένος·
2774 769 2852 821 διὸ
2874 769 2937 840 δὴ
2981 770 3073 823 καὶ
3103 770 3312 840 δέομαι,
3354 771 3414 823 σὲ
3449 771 3540 822 τὸν
3575 771 3778 842 Κύριον
3821 773 3889 841 μὴ

659 871 726 924 ne
763 855 1013 910 discedas
1054 871 1083 908 a
1131 871 1252 919 me;
1293 856 1388 910 sed
1439 870 1694 925 properes
1738 856 1916 925 potius
1955 855 2020 909 ad
2067 856 2221 908 auxi-

2324 858 2623 928 ἀποστῆναι
2647 860 2740 912 ἀπ’
2771 861 2902 930 ἐμοῦ
2922 878 2935 891 ·
2963 862 3193 916 σπεῦσαι
3223 862 3277 915 δὲ
3316 861 3513 933 μᾶλλον
3539 865 3616 926 εἰς
3647 862 3747 933 τὴν
3779 861 3892 932 βοή-

660 950 792 1002 lium
823 949 978 1004 nobis
1009 948 1312 1003 ferendum.

2325 947 2472 1000 θειαν
2503 947 2601 1018 τὴν
2635 951 2928 1022 ἡμετέραν.

727 1041 816 1096 Si.
849 1039 931 1094 Ne
961 1041 1290 1111 derelinquas
1317 1057 1424 1104 me,
1465 1040 1687 1093 Domine
1741 1038 1879 1093 Dens
1939 1055 2120 1103 meus,
2161 1047 2265 1093 etc.
2305 1038 2493 1092 Daniel
2532 1039 2801 1094 Barbarus
2837 1057 2854 1095 :
2901 1041 3136 1096 Possunt
3199 1043 3447 1098 homines
3494 1059 3632 1112 quos
3686 1053 3891 1097 natura:

659 1133 839 1201 inopia
883 1133 950 1187 ad
998 1132 1163 1188 Deum
1213 1133 1531 1202 placandum
1593 1133 1853 1201 impellit',
1907 1134 2020 1188 haec
2061 1149 2156 1202 pro
2203 1135 2396 1204 seipsis
2435 1150 2635 1190 orare:
2671 1135 2762 1190 sed
2830 1135 3083 1190 Christus
3121 1136 3166 1190 si
3228 1151 3412 1190 secum
3451 1134 3664 1190 Patrem
3697 1136 3888 1201 habet,

658 1226 883 1280 salutem
922 1227 1202 1281 hominum
1240 1234 1499 1294 tanquam
1530 1226 1804 1294 propriam
1838 1226 2003 1292 petit,
2039 1227 2130 1295 qui
2188 1236 2241 1281 et
2301 1229 2411 1294 ipse
2445 1242 2663 1297 quoque
2705 1229 3019 1298 petitionem
3089 1227 3228 1283 hanc
3279 1227 3576 1282 secundum
3617 1228 3884 1283 divinitati

655 1321 1003 1389 conjunctam
1068 1320 1458 1373 humanitatem
1502 1327 1757 1387 tanquam
1803 1333 1957 1372 suam
2007 1319 2108 1374 sibi
2167 1321 2374 1374 tribuit.
2425 1319 2538 1376 Hoc
2574 1335 2702 1374 vero
2740 1318 2843 1374 fuit
2879 1320 2928 1374 id
2972 1320 3116 1390 quod
3177 1319 3326 1374 carni
3389 1333 3730 1390 compactum
3759 1362 3776 1386 ,
3837 1333 3888 1376 et

654 1413 937 1469 aﬂectibus
963 1411 1260 1464 obnoxium
1293 1409 1393 1463 fuit
1414 1450 1428 1473 ,
1463 1425 1586 1464 cum
1626 1409 1830 1478 alioqui
1873 1409 2213 1464 divinitatem
2275 1425 2460 1465 secum
2515 1410 2742 1463 haberet
2775 1425 2897 1479 qua
2945 1408 3260 1478 petitionem
3288 1408 3432 1464 illius
3463 1418 3636 1464 ratam
3669 1410 3885 1468 laceret.

657 1531 706 1582 l.
750 1521 1084 1580 I’SALIIUS
1128 1520 1461 1577 XXXVIII.
1526 1519 1591 1574 In
1631 1521 1808 1589 ﬁnem,
1851 1521 1952 1590 ipsi
1985 1519 2221 1576 Idithum

2421 1521 2732 1577 ‘FAAMOL‘
2770 1520 2899 1577 ΑΠ’.
2952 1523 3054 1587 Εἰς
3092 1521 3158 1575 τὸ
3202 1521 3395 1589 τέλος,
3435 1523 3678 1594 Ἰδιθοὺμ
3714 1525 3837 1596 ᾠδὴ

1178 1613 1454 1670 Canticum
1503 1613 1696 1666 David.

2954 1613 3030 1679 τῷ
3063 1615 3260 1670 Δαυτδ.

1241 1707 1280 1757 Α
1290 1713 1622 1773 rgumentum
1631 1745 1642 1757 .

657 1803 823 1855 Sacer
842 1808 1032 1854 cautor
1060 1813 1182 1852 cum
1214 1804 1358 1850 esset
1390 1793 1625 1847 lditlium
1655 1803 1708 1847 et
1731 1793 2042 1864 prophetica
2069 1808 2227 1849 coro—

2956 1706 3275 1760 Ὑπόθεσις.

2974 1727 3220 1760 moueat
3264 1748 3275 1760 .

2335 1794 2679 1867 ’ῐεροψὰλτης
2706 1794 2966 1867 ὑπάρχων
3011 1727 3261 1867 uenosi:
3301 1798 3392 1850 καὶ
3433 1802 3744 1871 προφητιλῇ
3792 1801 3889 1870 χά-

727 1898 885 1944 natus
909 1890 1103 1958 gratia,
1136 1888 1410 1942 canticum
1450 1883 1616 1939 refert
1640 1885 1705 1938 ad
1738 1901 2025 1954 personam
2055 1886 2221 1956 ipsius

2400 1903 2505 1958 ριτι
2546 1886 2994 1957 κατεστεμμένος,
3028 1887 3168 1957 ᾠδὴν
3201 1887 3576 1954 ἀναϐάλλεται,
3609 1906 3892 1961 προσωπο-

725 1981 915 2047 David,
945 1987 1342 2046 repraesentans
1379 1978 1528 2032 illum
1564 1978 1908 2033 conlitcntem
1943 1988 2222 2049 peceatum

724 2089 906 2128 suum.

723 2168 778 2221 2.
824 2165 1445 2222 Dixi:Custodiamuias
1480 2181 1642 2218 meas.
1679 2161 1908 2216 Evidens
1924 2164 2226 2218 continuati

652 2261 836 2317 cordis
868 2267 1270 2329 argumentum.
1315 2256 1476 2310 Posni
1509 2257 1590 2309 ori
1621 2272 1731 2309 meo
1762 2257 2080 2321 custodiant,
2107 2274 2226 2310 cum

652 2352 954 2406 consisteret
999 2358 1240 2418 peccator
1276 2349 1548 2401 adversum
1601 2365 1700 2406 me.
1745 2348 2001 2404 Astantcs
2044 2359 2222 2404 autem

652 2444 759 2512 ipsi
817 2440 1128 2512 spirituales
1179 2441 1415 2506 inimici,
1489 2449 1769 2509 peccatum
1822 2441 2227 2511 exprobrabant

723 2627 776 2681 ὅ.
821 2626 1095 2691 Obmutui,
1132 2635 1180 2678 et
1206 2625 1515 2678 humiliatus
1549 2642 1689 2688 sum,
1742 2636 1792 2679 et
1828 2625 1953 2679 silui
1989 2643 2021 2678 a
2055 2626 2222 2680 bonis.

650 2719 948 2785 Conviciis,
968 2719 1063 2784 ait,
1083 2717 1359 2787 impetitus
1381 2733 1485 2771 non
1511 2718 1758 2772 convicia
1779 2717 2090 2784 reddebam,
2109 2735 2226 2773 cer-

651 2825 787 2864 nens
833 2823 919 2863 me
957 2809 1117 2863 bonis
1151 2809 1436 2863 excidisse.
1483 2808 1548 2862 Et
1584 2809 1738 2863 dolor
1763 2827 1905 2864 meus
1944 2820 2224 2864 renovatus

648 2909 744 2953 est.
794 2897 901 2954 Pro
931 2900 1287 2967 responsione
1322 2899 1385 2953 ad
1434 2915 1527 2953 eos
1555 2900 1647 2968 qui
1692 2916 1778 2954 me
1803 2901 2066 2954 conviciis
2096 2916 2227 2954 oue-

651 2991 865 3054 rabant,
907 3000 1125 3058 peccata
1153 2990 1286 3043 mihi
1311 2990 1412 3060 ipsi
1439 2991 1757 3044 revocabam
1797 2993 1849 3045 in
1884 2992 2221 3045 memoriam.

652 3081 909 3135 Memoria
957 3090 1137 3136 autem
1174 3084 1378 3151 peccati
1421 3083 1578 3154 quasi
1617 3083 1758 3154 ignis
1799 3084 1851 3137 in
1901 3083 2063 3140 corde
2106 3099 2226 3139 meo

650 3183 788 3227 erat.

2397 1982 2575 2034 ποιίαν
2605 1980 2868 2051 εἰσφέρων
2898 1977 3059 2032 αὑτοῦ
3089 1980 3180 2033 τοῦ
3210 1979 3374 2034 Δαυῒδ
3402 1979 3888 2054 ἐξομολογουμένον

2396 2073 2487 2125 ἐπὶ
2539 2076 2606 2143 τῇ
2650 2072 2915 2144 ἁμαρτία.

2391 2159 2564 2215 Ebur
2595 2161 2846 2226 Φυλάξω
2864 2163 2970 2228 τὰς
3005 2162 3182 2228 ὁδούς
3208 2180 3346 2232 μου.
3388 2163 3683 2228 Ἀπόδειξις
3716 2166 3889 2236 σαφὴς

2327 2253 2619 2324 ἱδρυμένης
2659 2253 2904 2324 καρδίας.
2949 2253 3198 2320 Ἐθέμην
3227 2251 3306 2318 τῷ
3343 2255 3593 2323 στόματί
3618 2272 3738 2324 μου
3785 2275 3891 2325 spv-

2323 2345 2523 2413 λακὴν
2543 2347 2612 2400 ὲν
2640 2343 2718 2410 τῷ
2745 2343 3046 2411 συστῆναι
3083 2343 3190 2396 τὸν
3220 2345 3573 2412 ἁμαρτωλὸν
3615 2348 3891 2401 ἐναντίον

2319 2455 2458 2506 μου.
2487 2438 2887 2509 Παριστάμενοι
2911 2436 3017 2507 γὰρ
3049 2434 3196 2504 αὐτῷ
3219 2437 3266 2488 ol
3299 2438 3478 2508 νοητοὶ
3512 2437 3716 2509 ἐχθροὶ,
3735 2439 3888 2491 ὠνεί-

2323 2528 2466 2593 διζον
2487 2527 2650 2581 αὑτοῦ
2669 2529 2766 2599 τὴν
2797 2527 3084 2598 ἁμαρτίαν.

2409 2616 2779 2686 Ἐκωφὼοηη
2809 2618 2905 2671 καὶ
2936 2617 3357 2685 ἐταπεινώθην,
3396 2616 3491 2670 καὶ
3529 2617 3790 2687 ἐσίγησα
3824 2621 3889 2683 ἐξ

2325 2707 2578 2780 ἀγαθῶν.
2628 2707 3062 2779 Λοιδορούμενος,
3091 2710 3274 2778 φησιν,
3314 2710 3415 2760 οὐκ
3465 2709 3884 2781 ἀντελοιδόρουν,

2327 2802 2550 2856 συνιδὼν
2573 2801 2670 2872 τὴν
2699 2801 2969 2854 ἔκπτωσίν
3020 2817 3120 2871 μου
3145 2799 3252 2853 τῶν
3287 2800 3528 2869 ἀγαθῶν.
3557 2803 3665 2855 Kal
3690 2802 3754 2855 τὸ
3781 2802 3887 2856 ἆλ-

2326 2893 2482 2963 γημά
2503 2912 2622 2964 μου
2645 2893 3054 2960 ἀνεκαινίσθη.
3091 2891 3232 2944 Ἀντὶ
3271 2891 3364 2944 τοῦ
3399 2889 3574 2960 λέγειν
3609 2890 3743 2963 πρὸς
3771 2893 3888 2954 τοὺς

2328 2986 2720 3057 λοιδοροῦντας,
2748 2987 2846 3056 τῆς
2897 2984 3169 3055 ἁμαρτίας
3214 2983 3619 3054 ἀνεμίμνησκον
3644 2983 3883 3056 ἐμαυτῷ.

2339 3079 2404 3131 Ἦ
2437 3077 2492 3130 δὲ
2529 3078 2715 3147 μνήμη
2743 3076 2841 3146 τῆς
2873 3076 3143 3146 ἁμαρτίας
3184 3071 3271 3129 οἷα
3317 3075 3427 3146 πῦρ
3478 3076 3603 3147 περὶ
3634 3076 3730 3148 τὴν
3759 3095 3886 3148 καρ-

2324 3168 2441 3222 δίαν
2467 3186 2565 3238 μου
2588 3167 2818 3236 ἐγένετο.

720 3263 772 3317 4.
813 3261 886 3316 Et
925 3264 979 3317 in
1019 3265 1357 3319 meditatione
1405 3281 1520 3318 mea
1559 3266 1856 3318 exardescet
1886 3267 2040 3335 ignis.
2083 3266 2218 3320 Dum

2393 3260 2502 3314 Καὶ
2528 3261 2598 3313 ἐν
2631 3258 2706 3325 τῇ
2743 3257 2966 3328 μελέτῃ
2992 3275 3111 3327 μου
3143 3255 3582 3324 ἐκκαυθήσεται
3614 3257 3756 3327 πῦρ.
3804 3260 3886 3312 Ἐν

650 3356 967 3410 memoriam
1001 3359 1207 3425 peccati
1232 3357 1576 3418 revocabam,
1600 3355 1976 3412 inﬂammahar
2004 3358 2147 3429 igne.

709 3534 764 3588 5.
783 3530 1016 3586 Locutus
1056 3549 1171 3585 sum
1197 3535 1251 3585 in
1275 3533 1456 3602 lingua
1477 3549 1611 3598 mea,
1633 3542 1736 3586 etc.
1760 3533 1917 3598 Illud,
1939 3535 1991 3587 in
2015 3536 2216 3606 lingua,

649 3623 807 3695 quasi
841 3623 1012 3689 dicas,
1048 3623 1285 3680 demissa
1311 3640 1438 3679 voce
1467 3635 1520 3678 et
1549 3625 1704 3696 quasi
1740 3626 2096 3693 susurrando,
2123 3643 2221 3682 nec

647 3715 716 3770 ad
769 3716 970 3770 multos
1016 3730 1323 3771 sermonem
1376 3733 1675 3787 prorereus.
1717 3717 1988 3772 Caeterum
2037 3734 2219 3775 sermo

649 3808 740 3862 ille
767 3808 1120 3878 interrogatio
1141 3817 1259 3863 erat
1287 3809 1354 3864 de
1375 3809 1568 3864 diebus
1597 3810 1689 3879 qui
1725 3811 1825 3880 ipsi
1855 3822 2218 3880 superessent.

649 3898 1039 3954 Sciscitahatur
1068 3909 1270 3961 autem.
1297 3902 1438 3956 scire
1467 3911 1759 3972 peroptans
1795 3918 1924 3957 num
1952 3903 2052 3973 ipsi
2085 3905 2220 3960 resi-

646 3991 814 4044 duum
845 3993 966 4045 vitae
1001 4001 1213 4060 tempus
1243 3991 1384 4046 foret
1407 3993 1473 4046 ad
1513 3994 1889 4062 paenitentiam
1927 3998 2080 4050 satis.

721 4081 774 4135 6.
804 4079 944 4136 Ecce
987 4084 1364 4138 mensurabiles
1401 4086 1624 4153 posuisti
1657 4085 1768 4139 dies
1799 4102 1961 4153 meos,
2009 4097 2058 4140 et
2098 4089 2221 4141 sub-

646 4176 846 4229 stantia
873 4192 986 4230 mea
1016 4188 1269 4248 tanquam
1291 4179 1515 4231 nihilum
1563 4188 1685 4232 ante
1729 4190 1798 4233 te.
1845 4177 2096 4244 Etiamsi,
2137 4181 2222 4235 iu-

645 4268 785 4335 quit,
821 4266 980 4337 longa
1012 4269 1194 4322 adhuc
1224 4268 1358 4322 mihi
1401 4269 1508 4323 vita
1537 4269 1864 4338 superforet,
1897 4273 2053 4340 quasi
2086 4273 2222 4327 nihil

651 4357 706 4410 in
733 4371 1025 4426 conspectu
1052 4370 1145 4413 tuo
1182 4361 1540 4429 reputabitur.
1578 4358 1634 4414 Si
1663 4374 1896 4429 namque
1927 4362 2072 4415 mille
2094 4363 2221 4416 anni

646 4455 773 4502 ante
822 4449 1010 4504 oculos
1076 4457 1201 4504 tuos
1252 4460 1511 4520 tanquam
1577 4452 1696 4506 dies
1725 4468 1854 4517 una,
1889 4454 2016 4523 quid
2059 4453 2221 4511 fuerit

646 4550 860 4610 tempus
903 4540 1140 4595 hominis
1185 4541 1385 4596 unius?
1427 4541 1480 4596 ld
1514 4558 1731 4597 rursum
1761 4545 2121 4616 Symmachus
2143 4547 2223 4602 sic

2317 3352 2394 3424 τῷ
2427 3349 2932 3422 ἁναμιμνήσκεσθαί
2983 3367 3047 3420 με
3090 3349 3183 3402 τοῦ
3239 3349 3656 3419 ἁμαρτήματος,
3703 3351 3884 3420 φησιν,

2321 3444 2584 3514 ἐκαιόμην
2610 3442 2761 3514 πυρί.

2406 3533 2713 3602 Ἑλάλησα
2766 3534 2834 3585 ἐν
2894 3531 3142 3602 γλώσσῃ
3188 3549 3307 3600 μου
3330 3549 3343 3562 ο
3382 3533 3691 3600 Γνὼρισόν
3737 3549 3838 3601 μοι
3871 3570 3886 3593 ,

2320 3627 2515 3694 Κύριε,
2547 3625 2613 3680 τὸ
2640 3625 2823 3694 πέρας
2846 3641 2983 3694 μου.
3021 3624 3114 3689 Τὸ,
3143 3624 3213 3677 ἐν
3246 3624 3517 3693 γλώσσῃ,
3548 3619 3656 3677 οἷον
3703 3624 3887 3696 ἡρέμα

2323 3719 2417 3773 καὶ
2445 3717 2765 3792 ψιθυρίζων,
2795 3718 2886 3770 καὶ
2919 3715 2993 3787 μὴ
3022 3717 3101 3778 είς
3141 3714 3367 3778 πολλοὺς
3396 3714 3640 3785 ἐκφέρων
3671 3713 3761 3767 τὸν
3803 3713 3886 3766 λό-

2322 3828 2438 3879 γον.
2485 3812 2540 3863 Ὀ
2570 3810 2625 3864 δὲ
2649 3810 2806 3878 λόγος
2830 3808 3097 3880 ἐρώτησις
3115 3803 3183 3878 ἦν
3209 3807 3336 3878 περῖ⁵
3365 3806 3472 3860 τῶν
3505 3805 3704 3860 λοιπῶν
3755 3809 3888 3876 ἠμε-

2325 3901 2454 3973 ρῶν.
2502 3900 2714 3971 Ἠρὼτα
2779 3899 2856 3963 δὲ,
2906 3899 3099 3971 μαθεῖν
3152 3899 3469 3971 βουλόμενος
3510 3901 3558 3953 εί
3606 3900 3886 3972 ἐξαρκέσει

2322 3989 2470 4060 αὑτῷ
2507 3992 2586 4053 είς
2615 3989 2902 4060 μετάνοιαν
2933 3991 2961 4042 ό
2985 3990 3170 4054 λοιπὸς
3202 3989 3310 4043 τῶν
3344 3990 3566 4062 ἡμερῶν
3593 3991 3804 4062 χρόνος.

2405 4082 2560 4136 Ἰδοὺ
2583 4083 2920 4149 παλαιστὰς
2960 4082 3100 4137 ἐθου
3131 4100 3239 4150 τας
3276 4083 3501 4152 ’ἡμέρας
3525 4101 3642 4153 μου
3666 4100 3680 4113 ⁸
3720 4081 3819 4137 καί
3851 4082 3887 4149 ἡ

2320 4174 2657 4238 ὑπόστασις
2677 4190 2794 4241 μου
2843 4173 2984 4226 ὡσεὶ
3033 4172 3212 4228 οὐθὲν
3248 4171 3505 4226 ἐνώπιόν
3524 4189 3665 4225 σου.
3701 4173 3764 4225 El
3798 4174 3889 4225 καὶ

2324 4267 2403 4328 εἰς
2434 4263 2627 4334 μῆκος,
2666 4265 2818 4332 φησὶ,
2855 4265 3166 4335 παρατείνει
3193 4281 3280 4334 μοι
3312 4262 3445 4334 ζωὴ,
3478 4263 3552 4326 ὡς
3599 4262 3750 4316 οὐδὲν
3803 4267 3889 4317 ἐν·

2323 4357 2495 4411 ώπιόν
2534 4373 2626 4409 σου
2659 4355 3057 4426 λογισθήσεται.
3081 4356 3142 4409 Εί
3171 4355 3279 4428 γὰρ
3308 4354 3452 4426 χίλια
3483 4356 3576 4427 ἔτη
3599 4357 3657 4408 ἐν
3688 4354 3886 4425 ὀφθαλ-

2327 4453 2448 4520 μοῖς
2476 4465 2568 4502 dou
2600 4448 2676 4512 ὼς
2709 4447 2888 4520 ἡμέρα
2922 4447 3043 4520 μία,
3087 4447 3141 4501 τί
3177 4447 3242 4501 ἂν
3287 4448 3371 4520 εἴη
3409 4449 3596 4519 χρόνος
3637 4448 3754 4511 ἐνὸς
3797 4451 3888 4503 ἀν·-

2325 4541 2541 4614 θρὼπου
2566 4559 2580 4603 ;
2608 4540 2780 4594 Τοῦτο
2824 4539 2984 4593 πάλιν
3016 4541 3044 4592 ό
3078 4540 3370 4611 Σύμμαχος
3406 4540 3577 4605 οὕτως
3615 4541 3888 4613 ἡρμήνευε

648 4632 1029 4701 interpretatus
1073 4641 1157 4687 est
1200 4654 1212 4688 :
1248 4632 1381 4689 Ecce
1421 4638 1572 4706 quasi
1621 4637 1826 4704 palmas
1874 4637 2066 4693 dedisti
2112 4639 2221 4693 dies

2329 4651 2417 4687 σεν
2437 4651 2451 4664 ·
2501 4633 2645 4687 Ἰδοὺ
2683 4634 2762 4698 ὡς
2794 4633 3096 4702 σπιθαμὰς
3114 4633 3339 4698 ἔδωκας
3369 4631 3477 4698 τὰς
3508 4631 3730 4702 ἡμέρας
3746 4651 3886 4702 μου,

647 4737 820 4786 meos,
869 4733 919 4776 et
965 4726 1076 4778 vita
1115 4742 1231 4778 mea
1270 4736 1521 4797 tanquam
1572 4727 1796 4781 nihilum
1842 4729 1897 4782 in
1945 4739 2221 4798 conspectu

647 4827 758 4869 tuo.
801 4814 884 4869 Tu
916 4831 1150 4887 namque
1182 4819 1301 4872 sine
1330 4820 1486 4874 initio
1513 4837 1572 4875 es
1610 4829 1664 4875 et
1704 4821 1825 4876 sine
1868 4822 1995 4887 line,
2037 4833 2221 4878 nostra

645 4921 824 4963 autem
859 4911 966 4963 vita
989 4924 1086 4963 ceu
1107 4910 1432 4979 quibusdam
1467 4914 1662 4982 palmis
1691 4923 1745 4968 et
1770 4916 2045 4970 mensuris
2073 4932 2222 4971 men-

647 5016 707 5055 sa
742 5010 842 5056 est.
895 5000 989 5058 His
1019 5002 1337 5058 brevitatem
1384 5004 1626 5060 declarat
1657 5005 1910 5061 humana:
1937 5007 2078 5062 vitae.

715 5180 766 5234 7.
808 5179 1173 5238 Verumtamen
1197 5185 1439 5239 universa
1482 5186 1712 5248 uanitas,
1758 5187 1926 5239 omnis
1961 5187 2114 5241 homo
2152 5187 2224 5242 ui-

648 5285 788 5324 rens.
830 5270 1197 5328 Verumtamen
1226 5275 1282 5327 in
1318 5275 1545 5343 imagine
1592 5277 1880 5344 pertransit
1916 5265 2090 5341 homo,
2131 5279 2222 5331 sed

646 5373 697 5419 et
735 5362 937 5432 frustra
971 5367 1336 5425 conturbatur.
1375 5366 1432 5422 Si
1471 5377 1653 5422 autem
1718 5368 1769 5420 in
1808 5368 2062 5437 imagine,
2110 5385 2218 5424 nou

649 5460 702 5512 in
732 5459 956 5513 veritate
983 5459 1274 5528 pertransit
1297 5459 1480 5524 homo,
1513 5461 1638 5529 jure
1670 5459 1960 5514 vanitatem
2001 5461 2218 5530 praemi-

648 5552 739 5609 sit,
773 5548 992 5617 quando
1024 5566 1132 5605 non
1179 5566 1361 5606 veram
1407 5553 1574 5608 vitam
1622 5553 1993 5620 transigimus,
2032 5555 2124 5609 sed
2163 5555 2216 5608 in

647 5639 880 5708 quadam
906 5640 1158 5710 imagine,
1201 5658 1374 5708 neque
1421 5646 1535 5698 veri
1591 5644 1716 5699 boni
1761 5643 1941 5699 studio
1983 5647 2216 5712 agimur,

648 5746 818 5797 quare
843 5731 1042 5787 frustra
1068 5735 1482 5791 conturbamur.
1520 5737 1662 5800 Vita,
1686 5736 1881 5805 inquit,
1904 5752 2091 5791 eorum
2124 5738 2216 5807 qui

650 5823 703 5876 in
730 5831 870 5876 terra
899 5825 1120 5895 degunt.
1140 5828 1337 5896 quippe
1359 5844 1480 5897 quin
1507 5828 1558 5882 iu
1592 5827 1946 5882 sacularihus
1971 5837 2216 5883 versetur

648 5912 816 5980 euris,
847 5913 966 5984 jure
996 5916 1205 5972 vanitas
1229 5920 1543 5975 aestimetur.
1574 5918 1667 5973 Vel
1701 5919 1778 5975 sic
1818 5937 1828 5972 :
1859 5915 2060 5976 Omnes
2093 5919 2214 5975 vitae

2327 4727 2423 4780 καί
2457 4728 2495 4794 ἠ
2524 4725 2743 4791 βίωσίς
2776 4743 2894 4794 μου
2919 4725 2998 4791 ὡς
3020 4724 3201 4778 οὐδὲν
3219 4725 3499 4793 ἄντικρύς
3519 4741 3652 4778 σου.
3691 4725 3764 4778 Σὺ
3790 4727 3887 4797 μὲν

2325 4818 2433 4890 γὰρ
2458 4818 2688 4888 ἄναρχος
2714 4817 2805 4870 καὶ
2834 4815 3137 4887 ἀπέραντος
3163 4833 3177 4846 ο
3207 4819 3235 4870 ὁ
3264 4818 3319 4870 δὲ
3345 4817 3608 4886 ἡμέτερος
3637 4815 3751 4886 βίος
3777 4811 3888 4871 οἷόν

2323 4926 2431 4962 τισι
2487 4907 2784 4978 σπιθαμαῖς
2829 4908 2922 4961 καὶ
2952 4907 3272 4970 παλαισταῖς
3312 4908 3739 4980 ἐκμεμέτρηται.
3782 4909 3882 4963 Διὰ

2323 5001 2514 5054 τούτου
2547 5000 2897 5071 παρεδήλωσε
2927 5001 2988 5053 τὸ
3017 4999 3377 5071 ὀλιγοχρόνιον
3416 5000 3514 5070 τῆς
3543 5000 3886 5072 ἀνθρωπίνης

2324 5092 2491 5161 ζωῆς.

2393 5185 2566 5251 Πλὴν
2592 5183 2665 5237 τὰ
2689 5187 3009 5255 σύμπαντα
3037 5187 3391 5255 ματαιότης,
3423 5183 3539 5250 πᾶς
3578 5185 3886 5252 ἅνθρωπος

2324 5271 2454 5334 ζῶν.
2481 5273 2768 5346 Mercare
2791 5276 2861 5329 ἐν
2881 5278 3069 5331 εἰκόνι
3105 5275 3512 5343 διαπορεύεται
3556 5273 3884 5343 ἅνθρωπος,

2323 5365 2489 5434 πλὴν
2512 5366 2712 5435 μάτην
2744 5367 3124 5436 ταράσσεται.
3171 5369 3234 5422 Εἰ
3267 5368 3344 5432 δέ,
3382 5368 3566 5438 φησὶν,
3604 5368 3661 5420 ἐν
3694 5368 3884 5433 εἰκόνι,

2323 5458 2415 5510 καὶ
2460 5459 2559 5510 οὐκ
2591 5461 2647 5512 ἐν
2681 5459 2908 5530 ἀληθεία
2973 5459 3259 5531 πορεύεται
3305 5461 3617 5530 ἄνθρωπος,
3661 5461 3888 5523 εἰκότως

2325 5552 2656 5622 ματαιότητα
2682 5556 2959 5623 προεῖπενο
2995 5553 3182 5625 ἐπειδὴ
3210 5554 3270 5606 οὑ
3308 5550 3404 5622 τὴν
3433 5550 3691 5621 ἀληθινὴν
3716 5550 3882 5623 ζωὴν,

2320 5643 2431 5696 ἀλλ’
2487 5646 2544 5697 ἐν
2593 5643 2759 5697 εἰκόνι
2790 5646 2914 5698 τινί·
2962 5645 3083 5698 οὐδὲ
3118 5645 3220 5716 τὴν
3261 5641 3493 5712 σπουδὴν
3543 5641 3652 5694 τῶν
3714 5643 3885 5696 ὄντων

2321 5735 2540 5804 ἀγαθῶν
2569 5736 2825 5800 ποιοῦμεν
2851 5752 2863 5766 ·
2913 5737 2993 5790 διὸ
3024 5739 3118 5790 καὶ
3166 5737 3340 5807 μάτην
3372 5733 3769 5807 ταραττόμεθα.
3843 5739 3883 5787 0

2323 5826 2454 5894 βίος,
2491 5826 2644 5895 φησὶ,
2679 5825 2786 5877 τῶν
2816 5827 2908 5878 ἐπὶ
2933 5826 3053 5895 γῆς,
3094 5825 3188 5878 ἇτε
3239 5824 3365 5898 περὶ
3408 5821 3692 5894 φροντίδας
3727 5837 3883 5891 στρει-

2321 5919 2550 5987 φάμενος
2578 5918 2865 5988 κοσμικὰς,
2901 5918 3109 5989 κριθείη
3139 5917 3202 5971 ἂν
3226 5916 3543 5988 ματαιότης.
3578 5915 3644 5967 Ἢ
3672 5912 3878 5979 obsum]!
