4108 6496
232 467 325 523 189

1291 462 1655 520 ΕΧΡΟΞΙΤΙΟ
1696 466 1758 520 ΙΝ
1802 467 2124 524 PSALMUM
2164 468 2403 524 XXXIX.

3322 478 3423 532 ιςο

229 582 508 649 Σύμπαντα
545 576 612 630 τά
657 578 751 649 ἔτη
798 578 895 648 τῆς
938 577 1208 650 ἡμετέρας
1242 577 1384 648 ζωῆς
1415 577 1576 648 ἀτμίς
1626 582 1760 632 tam

1875 593 2070 637 nostra
2098 582 2223 637 anni
2261 597 2425 651 vapor
2465 590 2590 636 sunt
2621 585 2673 636 in
2710 593 2998 652 conspectu
3036 593 3148 649 tuo,
3179 601 3302 640 nam
3324 603 3423 657 pro

228 669 444 725 ινώπιὸν
492 685 624 723 σου⁹
671 670 792 723 ἀντὶ
831 669 938 740 γὰρ
965 670 1358 736 ματαιότητος
1403 669 1432 720 ὀ
1481 668 1773 739 Σύμμαχος

227 764 385 832 ἀτμίς
411 760 659 827 ἐξέδωκε.
696 759 1058 829 Θησαυρίζει,
1102 759 1196 813 καὶ
1241 761 1312 812 οὐ
1350 760 1627 828 γινώσκει
1659 763 1773 814 τίνι

227 852 464 915 συνάξει
491 851 666 906 αὐτά.
709 850 923 922 Ἐπειδὴ
953 851 1013 904 ού
1055 851 1153 920 τὴν
1186 849 1359 919 ἀληθῆ
1409 849 1589 921 ζῶμεν
1631 851 1772 922 ζωὴν

224 942 332 1006 νῦν,
357 941 490 996 ἀλλά
511 942 611 1012 τὴν
631 942 707 1004 ὡς
732 943 790 993 ιν
821 942 986 994 είκὸνι
1006 957 1020 971 ⁶
1048 940 1167 993 οὐδὲ
1191 940 1318 1011 περὶ
1342 938 1410 992 τὰ
1440 940 1607 1003 ὅντως
1640 943 1774 1008 ἀγα-

225 1034 286 1086 θὰ
310 1033 606 1104 ποιούμεθα
637 1033 736 1104 τὴν
785 1033 1053 1102 σπουδήν
1095 1031 1176 1084 διδ
1216 1031 1390 1102 μάτην
1431 1033 1773 1102 ταρασσόμε-

225 1125 308 1188 θα,
335 1125 461 1195 περὶ
487 1125 589 1187 τὰς
617 1123 884 1194 κοσμικὰς
907 1122 1198 1194 ἐπιθυμίας
1243 1123 1616 1194 στρεφόμενοι,
1646 1141 1770 1177 συν-

223 1219 433 1285 άγοντες
458 1216 786 1287 θησαυροὺς,
813 1209 888 1267 ὧν
911 1215 1010 1267 οὐκ
1044 1213 1198 1284 ῐσμεν
1225 1214 1515 1285 διαδόχους.

285 1307 386 1360 Kal
414 1307 530 1361 νῦν
561 1307 654 1372 τίς
678 1307 717 1374 ἠ
746 1304 1016 1375 ὑπομονὴ
1050 1323 1168 1373 μου
1191 1321 1207 1368 ;
1235 1305 1370 1374 οὐχὶ
1398 1307 1611 1374 Κύριος
1627 1323 1646 1370 ;
1673 1308 1768 1360 Ei-

220 1398 378 1460 κότως
412 1399 510 1468 τὴν
535 1397 728 1450 ὲλπίδα
762 1397 854 1450 ἐπὶ
888 1396 1087 1466 Κύριον
1120 1396 1264 1466 ἔχειν
1297 1399 1480 1468 φησιν,
1525 1399 1621 1451 ἇτε
1664 1416 1764 1453 κα-

219 1486 429 1552 ταγνοὺς
451 1483 562 1538 τῶν
600 1486 658 1538 ὲν
685 1484 785 1555 βίῳ
818 1485 1235 1555 περισπασμιῖη.
1269 1486 1378 1538 Καὶ
1429 1488 1463 1554 ἡ
1503 1488 1766 1540 ὑπόστα-

218 1576 308 1641 σίς
328 1591 442 1645 μου
491 1577 654 1643 παρὰ
699 1576 799 1629 σοι
833 1576 1021 1628 ἐστιν.
1080 1575 1146 1627 Ἦ
1197 1575 1516 1646 προσδοκία,
1565 1578 1681 1646 ἦτοι
1729 1579 1762 1649 ἡ

218 1671 466 1742 ὑπομονὴ.

281 1761 541 1828 Ὀνειδος
586 1761 798 1831 ἄφρονι
828 1761 1057 1826 ἔδωκάς
1088 1777 1183 1829 με.
1237 1760 1328 1830 Μὴ
1361 1759 1612 1832 παραδῷς
1668 1779 1758 1831 με,

1874 673 2122 737 vanitate,
2147 687 2384 739 uaporem
2401 671 2566 727 edidit
2587 671 2960 744 Symmachus.
2990 672 3350 740 Tltesaurizat,
3370 689 3422 732 et

1872 764 2077 833 ignorat
2111 764 2196 816 cui
2244 763 2572 833 congregabit
2599 782 2678 820 ea.
2711 763 2975 830 Quoniam
3011 766 3063 820 in
3092 766 3194 822 hoc
3221 769 3424 823 mundo

1871 871 1978 909 non
2023 871 2148 909 vera
2191 854 2422 909 vivimus
2459 856 2587 920 vita,
2617 855 2706 910 sed
2739 857 2896 923 quasi
2942 856 2996 910 in
3032 857 3299 926 imagine:
3328 871 3422 914 ne-

1869 961 1974 1014 que
2007 947 2072 999 de
2091 946 2157 1009 iis
2180 961 2300 1014 qua:
2316 961 2440 1000 vere
2471 947 2610 1001 bona
2643 956 3058 1008 suutcuramus.
3082 948 3201 1003 ideo
3217 947 3418 1002 frustra

1869 1038 2276 1102 conturbamur,
2319 1036 2448 1090 dum
2489 1037 2540 1090 in
2569 1037 2921 1092 saecularibus
2956 1053 3235 1092 versamur
3275 1039 3420 1093 desi-

1867 1125 2054 1191 deriis,
2087 1135 2142 1181 et
2183 1127 2468 1182 thesauros
2495 1129 2816 1198 colligimus.
2849 1144 3076 1198 quorum
3108 1129 3415 1200 ignoramus

1866 1215 2124 1271 lueredes.

1933 1305 1984 1360 8.
2012 1304 2079 1358 Et
2109 1322 2244 1360 nunc
2269 1323 2385 1376 qm:
2412 1317 2488 1362 est
2519 1311 2836 1377 exspectatio
2865 1327 2998 1373 mea,
3035 1327 3200 1366 nonne
3236 1312 3417 1368 Domi-

1865 1397 2003 1449 nus?
2031 1394 2161 1452 lure
2194 1411 2252 1452 se
2293 1413 2443 1468 spem
2474 1400 2527 1453 in
2561 1399 2846 1455 Dominum
2878 1404 3170 1472 repositam
3212 1403 3287 1458 ait
3316 1405 3415 1458 ha-

1863 1487 2010 1551 bere,
2035 1498 2219 1557 utpote
2255 1490 2349 1559 qui
2381 1491 2763 1547 distractiones
2784 1492 2945 1562 hujus
2963 1494 3085 1549 vitae
3104 1504 3413 1566 cognoscat.

1863 1575 1932 1632 Et
1963 1579 2258 1633 substantia
2281 1597 2394 1635 mea
2418 1584 2555 1650 apud
2578 1594 2626 1637 te
2643 1595 2736 1638 est.
2758 1583 2811 1639 ld
2827 1594 2909 1640 est
2926 1587 3273 1656 exspectalio,
3303 1587 3416 1642 sive

1859 1671 2111 1740 patientia

1930 1767 1983 1820 9.
2013 1766 2356 1837 Opprobrium
2381 1770 2646 1838 insipienti
2664 1771 2855 1824 dedisti
2879 1787 2976 1825 me.
2998 1769 3077 1826 Ne
3103 1772 3284 1827 tradas
3307 1788 3411 1835 mc,

216 1855 384 1923 φησιν,
420 1855 496 1918 εἰς
541 1853 864 1924 διειδισμὸν,
911 1851 999 1905 διά
1050 1852 1110 1904 τὸ
1157 1853 1235 1915 είς
1263 1852 1362 1922 ἐμὲ
1409 1848 1546 1904 εἷναί
1582 1868 1638 1905 σε
1668 1853 1760 1906 τὸν

1860 1856 2054 1926 inquit,
2089 1860 2142 1913 in
2191 1861 2575 1930 opprobrium:
2612 1877 2678 1916 eo
2711 1861 2853 1931 quod
2889 1872 2944 1916 tu
2976 1862 3029 1916 in
3085 1878 3169 1917 me
3197 1863 3274 1918 sis
3319 1864 3411 1933 qui

213 1944 341 1999 λοιδο
346 1963 376 2017 ρ
386 1962 435 1999 οι
447 1962 628 2017 μενον.

287 2033 648 2103 Ἐκωρώθην,
679 2033 774 2088 καὶ
802 2036 912 2088 οὐκ
942 2032 1154 2102 ἦνοιξα
1177 2031 1242 2086 τὸ
1274 2034 1466 2104 στόμα
1488 2052 1627 2104 μου,
1667 2035 1755 2088 ὅτι

213 2124 285 2178 σὺ
311 2125 623 2193 ἐποίησας.
665 2126 1101 2198 Δοιδορούμενος,
1139 2128 1323 2198 φησὶν,
1357 2115 1571 2197 ἐσίγων,
1600 2127 1754 2194 εἰδὼς

213 2215 440 2286 ἀκριϐῶς
477 2219 608 2289 περὶ
639 2218 826 2289 αὐτῆς,
857 2220 940 2272 ὅτι
974 2219 1036 2270 σὺ
1067 2212 1118 2270 si
1139 2220 1168 2271 δ
1199 2219 1464 2289 τιμωρίας
1491 2219 1607 2291 ἦτοι
1637 2238 1756 2274 παι-

209 2303 342 2368 δείας
371 2306 528 2376 χάριν
566 2307 731 2372 τάξας
763 2325 829 2378 με
873 2310 953 2370 είς
976 2308 1107 2361 αὐτὸ
1141 2307 1297 2362 τοῦτο
1328 2309 1691 2373 ὀνειδίζεσθαι.

285 2395 652 2464 Ἀπόστησον
699 2398 800 2451 ἀπ’
841 2397 985 2468 ἐμοῦ
1007 2398 1114 2464 τὰς
1140 2398 1433 2467 μάστιγάς
1474 2414 1612 2453 σου.
1641 2400 1752 2463 Τὰς

210 2486 482 2557 γινομένας
509 2489 661 2556 αύτῷ
705 2489 855 2561 παρά
887 2489 996 2542 τῶν
1028 2489 1295 2559 δαιμόνων
1351 2491 1618 2562 τιμωρίας
1663 2491 1753 2545 λέ-

211 2593 305 2642 γει.
332 2578 390 2630 ού
417 2575 825 2650 συγχωροῦντος
851 2579 1032 2643 αὐτοῖς
1071 2581 1165 2634 τοῦ
1197 2581 1351 2634 Θεοῦ.
1381 2580 1538 2651 (Reg.
1568 2584 1591 2635 Ι
1633 2584 1752 2652 sic.)

208 2668 306 2732 Τὰς
333 2671 622 2742 γινομένας
654 2670 799 2741 αὐτῷ
846 2672 994 2742 παρά
1034 2672 1140 2726 τῶν
1176 2673 1442 2744 δαιμόνων
1483 2674 1752 2745 τιμωρίας

209 2764 343 2832 παρὰ
369 2764 459 2816 τοῦ
507 2762 644 2816 Θεοῦ
690 2764 857 2831 λέγει,
910 2764 986 2827 ὡς
1030 2765 1432 2836 συγχωροῦντος
1461 2767 1622 2819 αὐτὸν
1664 2767 1751 2820 διά

206 2853 294 2920 τὴν
313 2854 585 2924 ἁμαρτίαν
602 2853 812 2908 παθεῖν.
831 2854 972 2908 Ἀπὸ
999 2855 1109 2924 γὰρ
1135 2855 1242 2924 τῆς
1257 2856 1471 2925 ίσχὺος
1497 2857 1606 2924 τῆς
1631 2875 1751 2928 χει-

201 2941 300 3006 ρός
313 2958 424 2995 σου
448 2943 563 3012 ἐγὼ
583 2942 881 3006 ἐξέλιπον.
903 2944 1164 3008 Πολλάκις
1183 2945 1283 3015 ἠδη
1297 2947 1396 3016 τὴν
1414 2946 1743 3009 κολάζουσαν

201 3031 409 3102 δύναμιν
446 3038 603 3105 χεῖρα
629 3034 723 3087 τοῦ
769 3034 903 3088 Θεοῦ
941 3034 1190 3104 λέγεσθαι
1231 3037 1736 3109 ἐμνημονεύσαμεν.

1785 1933 1828 1987 Β
1855 1952 2158 2022 opprobriis
2201 1953 2465 2008 oneraris.

1925 2042 2009 2096 10.
2053 2041 2324 2110 Obmutui,
2353 2056 2400 2099 et
2431 2062 2531 2100 non
2553 2049 2734 2115 aperui
2764 2065 2820 2100 os
2843 2064 3054 2114 meum,
3085 2049 3326 2118 quoniam
3356 2058 3410 2100 tu

1858 2135 2047 2204 fecisti.
2079 2136 2354 2192 Conviciis
2377 2139 2671 2207 impetitus,
2712 2139 2907 2207 inquit,
2943 2140 3207 2203 tacebam,
3247 2139 3412 2207 probo

1856 2243 2056 2296 gnarus
2094 2238 2146 2282 te
2187 2244 2304 2284 esse
2340 2231 2430 2300 qui
2478 2244 2564 2284 me
2611 2231 2858 2300 supplicii
2910 2239 3004 2284 aut
3036 2230 3409 2301 castigationis

1855 2332 2019 2373 causa
2070 2317 2137 2371 ad
2169 2317 2433 2387 ejusmodi
2468 2322 2754 2389 opprobria
2795 2321 3095 2376 destinasti.

1924 2408 2009 2462 Η.
2043 2407 2232 2461 Απιοοε
2253 2425 2285 2461 a
2307 2425 2384 2462 me
2411 2409 2593 2478 plagas
2619 2420 2757 2463 tuas.
2793 2410 3025 2464 lntlictas
3062 2409 3268 2465 scilicet
3304 2407 3408 2465 sibi

1853 2512 2041 2568 poenas
2063 2514 2092 2551 a
2126 2498 2480 2561 daemonibus,
2529 2514 2559 2552 a
2594 2497 2702 2552 Deo
2732 2513 2855 2553 esse
2895 2497 3046 2564 dicit,
3096 2507 3275 2566 utpote
3313 2497 3409 2565 qui

1851 2590 2178 2644 concesserit
2214 2604 2338 2644 eum
2373 2590 2576 2658 peccati
2617 2605 2780 2644 causa
2817 2589 3076 2658 torqueri.
3110 2589 3153 2641 Α
3191 2588 3406 2656 fortitu-

1848 2680 1968 2732 dine
2004 2680 2141 2732 enim
2189 2695 2374 2734 manus
2427 2687 2532 2733 tua
2570 2695 2660 2749 ego
2705 2677 2891 2748 defeci.
2937 2676 3258 2746 Plerumque
3293 2675 3405 2744 jam

1849 2769 2093 2825 ultricem
2115 2771 2364 2824 virtutem
2396 2785 2614 2824 manum
2645 2768 2734 2822 Dei
2757 2770 2932 2823 vocari
2957 2768 3400 2823 memOravimus.

1851 2857 1951 2925 Qui
1972 2875 2093 2914 cum
2127 2861 2320 2915 acriter
2347 2859 2595 2929 ﬂagellat,
2619 2858 2797 2912 deﬁcit
2818 2858 2909 2928 qui
2929 2861 3244 2927 castigatur,
3267 2873 3403 2924 qua-

1849 2957 2006 3005 tenus
2027 2950 2149 3005 talis
2172 2959 2276 3015 est,
2309 2949 2514 3005 scilicet
2538 2949 2804 3012 inﬁrmus,
2835 2949 2924 3018 qui
2953 2963 3060 3002 non
3101 2949 3194 3002 diu
3235 2947 3406 3000 valeat

1844 3041 2066 3095 verbera
2103 3042 2346 3096 tolerare.

205 3125 354 3179 ὐταν
375 3129 572 3192 αὐτοὺς
609 3129 840 3201 ίσχυρῶς
874 3131 1141 3204 μαστίζῃ,
1184 3131 1425 3184 ἐκλείπει
1468 3132 1497 3184 ό
1529 3131 1904 3203 κολαζόμενος,
1961 3134 2093 3188 καθὸ
2131 3135 2371 3198 τοιοῦτός
2421 3138 2588 3200 ἔστιν,
2639 3135 2869 3204 ἀσθενὴς
2919 3134 3156 3206 δηλονότι
3203 3134 3294 3187 καὶ
3328 3133 3403 3202 μὴ

201 3217 476 3287 δυνάμενος
505 3222 592 3288 ἐφ’
635 3221 816 3274 ἱκανὸν
844 3221 1089 3289 ἀντέχειν
1121 3222 1257 3294 πρὸς
1291 3223 1572 3293 μάστιγας.
1769 3237 1815 3298 C

263 3308 450 3380 [Πλὴν
471 3309 673 3378 μάτην
697 3309 1117 3379 ταράσσονται.
1179 3311 1238 3364 '0
1285 3313 1340 3364 ὲν
1385 3313 1582 3385 ἀνομίᾳ
1611 3317 1742 3382 ζῶν,

201 3400 268 3465 ὡς
289 3403 376 3456 καὶ
409 3403 666 3473 τοιαύτης
694 3403 938 3466 παιδείας
967 3403 1240 3474 δεηθῆναι.
1264 3402 1284 3476 ]

275 3491 364 3544 Ἐν
389 3492 662 3562 tamen
691 3492 840 3560 ὑπὲρ
870 3493 1117 3561 ἀνομίας
1139 3494 1500 3562 ἐπαίδευσας
1527 3494 1743 3565 ἀνθρω-

202 3594 324 3635 xor.
370 3582 637 3652 Ἑλέγχων
683 3600 771 3653 με,
805 3584 990 3652 φησιν,
1033 3585 1124 3635 ἐπὶ
1163 3588 1228 3654 τῇ
1279 3586 1540 3657 ἁμαρτίᾳ,
1589 3590 1746 3642 ἐπαὶ-

201 3669 394 3734 δεύσας.

267 3762 374 3831 Τῆς
399 3762 664 3831 δεήσεώς
687 3781 806 3834 μου
833 3763 1126 3818 ἐνώτισαι.
1166 3765 1309 3819 Ἀντὶ
1338 3765 1451 3828 τοῦ,
1484 3767 1744 3819 Εἰσάκου-

203 3870 301 3920 σον,
334 3859 422 3910 καὶ
467 3855 822 3928 συγχώρησον
851 3858 950 3928 τὴν
987 3855 1261 3927 ἁμαρτίαν
1294 3858 1399 3929 πρὸ
1429 3858 1527 3927 τῆς
1554 3858 1740 3910 τελευ-

200 3945 306 4013 τῆς.
339 3944 546 4015 [Τοῦτο
593 3945 702 4016 γὰρ
747 3946 999 4016 σημαίνει
1030 3963 1044 3976 ο
1085 3948 1201 3999 Ὀτι
1233 3947 1516 4016 πάροικος
1564 3948 1741 4021 sum]

207 4038 356 4104 Ἄνες
379 4055 502 4108 μοι,
547 4039 651 4091 ἵνα
688 4037 999 4106 ἀναφύειν.
1032 4037 1144 4104 Πρὸ
1174 4037 1276 4107 τῆς
1317 4039 1572 4109 τελευτῆς
1619 4057 1740 4108 μου,

203 4130 366 4198 φησὶν,
397 4129 682 4202 ἁμαρτιῶν
710 4129 986 4201 πάρασχον
1011 4129 1231 4198 ἄφεσιν,
1283 4131 1368 4183 ἵνα
1401 4129 1616 4201 θαρρὦ
1660 4132 1739 4194 εἰς

202 4219 314 4289 ᾅδου
342 4222 712 4294 πορεύσωμαι.
742 4223 852 4276 Kal
900 4220 1096 4276 οὐκέτι
1109 4220 1351 4291 ὐπάρξω
1389 4223 1499 4293 Οὐχ
1521 4221 1745 4292 ύπάρξω

204 4312 420 4376 τοιοῦτος
446 4308 558 4378 οἷος
596 4313 661 4366 ἀν
686 4314 780 4366 καὶ
806 4315 1064 4384 γενοίμην
1106 4317 1171 4370 ὲκ
1213 4316 1311 4386 τῆς
1353 4317 1487 4386 πρὸς
1533 4313 1626 4367 σοῦ
1656 4331 1744 4385 μοι

203 4409 478 4477 γενομένης
515 4408 774 4470 ἀνέσεως.
807 4409 1018 4470 ’Δνεσις
1050 4408 1107 4461 δὲ
1149 4408 1284 4462 Θεοῦ
1318 4411 1463 4461 ἐστιν
1508 4407 1742 4461 ἀπάθεια

204 4497 363 4569 ψυχῆς
391 4500 525 4568 μετά
550 4498 802 4567 γνώσεως
838 4498 944 4553 τῶν
970 4499 1137 4552 ὄντων
1167 4499 1418 4571 ἀληθοῦς.

1772 4585 1815 4640 D

342 4651 442 4717 Είς
468 4650 533 4704 τὸ
566 4648 736 4716 τέλος
773 4653 1074 4704 ΨΑΛΜΟΣ
1099 4650 1176 4716 τῷ
1205 4653 1400 4707 Δαυτδ.
1443 4658 1570 4707 ΛΘ.

798 4741 1120 4807 Ὺπόθεσις.

216 4853 546 4928 Ἀναφέρεται
577 4858 742 4930 ὴῴδὴ
774 4859 838 4911 ὲκ
872 4859 1159 4930 προσώπου
1188 4859 1282 4913 τοῦ
1324 4861 1443 4913 νέου
1477 4860 1607 4913 λαοῦ
1644 4861 1737 4915 τοῦ

263 4946 705 5019 ἀνακομισθέντος
727 4952 791 5004 ἐκ
824 4951 1026 5004 λάκκου
1059 4951 1449 5023 ταλαιπωρίας.
1481 4949 1614 5007 Εἶτα
1646 4971 1740 5024 με-

264 5037 386 5102 ταξὺ
434 5041 747 5113 εἰσφέρεται
785 5044 845 5096 τὺ
871 5042 964 5096 τοῦ
1013 5043 1248 5115 Χριστοῦ
1279 5046 1587 5116 πρόσωπον,
1611 5048 1738 5110 τοὺς

265 5133 706 5205 εὐχαριστοῦντας
725 5134 988 5189 διδάσκων
1013 5135 1112 5207 τῆς
1141 5137 1449 5208 οἰκονομίας
1475 5137 1569 5190 τὸν
1617 5140 1740 5212 τρόη

268 5238 357 5274 πον
379 5241 394 5256 ο
427 5220 542 5278 εἶτα
576 5225 735 5278 πάλιν
761 5225 866 5278 τῶν
895 5227 1298 5281 πιστευσάντων
1326 5230 1390 5281 ὲκ
1402 5228 1496 5281 τοῦ
1530 5227 1740 5301 Ἰσραὴλ

264 5313 319 5364 τὸ
334 5316 639 5385 πρόσωπον,
666 5315 954 5382 ἀξιούντων
973 5317 1235 5390 ρυσθῆναι
1248 5319 1347 5389 τῆς
1370 5319 1456 5372 διά
1471 5319 1567 5391 τὴν
1591 5323 1694 5374 ἀπε
1704 5323 1740 5372 ί-

267 5404 402 5460 θειαν
425 5409 732 5480 ἁμαρτίας,
769 5409 883 5479 ἃμα
922 5410 978 5464 δὲ
1017 5413 1110 5464 καὶ
1153 5410 1519 5482 διηγουμένων
1560 5413 1740 5476 αὐτοῖς

265 5496 327 5547 τά
358 5499 738 5570 συμϐεϐηκότα
765 5500 852 5554 διά
879 5501 977 5572 τὴν
1002 5503 1259 5556 ἀπιστίαν
1303 5503 1467 5557 κακά.

278 5587 606 5658 Ὑπομένων
659 5590 945 5659 ὑπέμεινα
991 5593 1098 5645 τὸν
1139 5596 1377 5662 Κίφιον,
1420 5594 1515 5647 καὶ
1557 5610 1740 5663 προσ-

215 5672 373 5743 έσχεν
416 5697 533 5748 μοι.
571 5681 795 5751 Ὅμοιον
821 5681 933 5754 τῴή
976 5684 1081 5737 Ἐν
1136 5684 1210 5753 τῇ
1255 5685 1524 5756 ὑπομονῇ
1579 5687 1740 5757 ὑμῶν

215 5765 493 5833 τιήσασθε
519 5770 625 5839 τὰς
658 5771 861 5840 ψυχὰς
893 5772 1074 5844 ὑμῶν.

1917 3309 2030 3382 [12.
2077 3309 2442 3366 Verumtamen
2473 3329 2602 3367 vane
2629 3312 3029 3366 conturbantur.
3060 3309 3163 3376 Qui
3190 3309 3318 3363 vivit
3348 3309 3401 3361 in

1845 3401 2155 3471 iniquitate,
2191 3402 2263 3456 ita
2295 3412 2355 3456 ut
2383 3403 2693 3471 hujusmodi
2733 3413 2887 3472 egeat
2915 3399 3297 3470 institutione.]

1916 3493 2002 3547 15.
2046 3491 2110 3545 1η
2146 3491 2582 3561 increpationibus
2628 3502 2837 3562 propter
2890 3492 3216 3562 iniquitatem
3237 3490 3402 3543 corri-

1842 3586 2006 3655 puisti
2035 3585 2314 3640 hominem.
2341 3585 2476 3641 Cum
2505 3602 2612 3652 me,
2644 3585 2835 3655 inquit,
2865 3595 3081 3655 propter
3121 3593 3396 3654 peccatum

1842 3676 2126 3747 arguebas,
2175 3692 2260 3730 me
2298 3677 2627 3746 corripuisti.

1915 3768 2001 3822 14.
2042 3768 2271 3821 Auribus
2306 3768 2508 3836 percipe
2542 3767 2948 3821 obsecrationem
3000 3780 3189 3819 meam.
3232 3762 3397 3830 Quasi

1842 3859 1986 3913 dicat
2018 3876 2030 3911 :
2072 3856 2278 3911 Exaudi
2311 3869 2364 3912 et
2403 3856 2637 3912 concede
2661 3856 2791 3910 mibi
2820 3855 3025 3925 peccati
3057 3853 3270 3907 veniam
3301 3865 3395 3906 an-

1844 3959 2058 4018 tequam
2080 3949 2299 4002 moriar.
2318 3948 2396 4019 [Id
2419 3949 2562 4002 enim
2589 3947 2888 4018 signiﬁcat;
2911 3944 3168 4010 Quoniam
3199 3941 3398 3995 advena

1844 4040 2006 4111 sum.]
2036 4039 2253 4093 Remitte
2275 4041 2402 4092 mihi
2435 4051 2493 4092 ut
2529 4041 2820 4109 refrigerer.
2847 4037 3147 4107 Antequam
3177 4035 3394 4089 moriar.

1843 4133 1937 4196 ait,
1988 4139 2328 4199 peccatorum
2378 4131 2588 4183 veniam
2635 4129 2891 4192 concede,
2935 4137 2991 4180 ut
3042 4141 3166 4179 cum
3202 4125 3397 4178 fiducia

1843 4223 1897 4276 in
1929 4221 2201 4276 infernum
2246 4221 2360 4276 sive
2387 4221 2440 4274 in
2473 4219 2780 4290 sepulcrum
2810 4217 3150 4273 descendam.
3183 4215 3251 4270 Et
3283 4232 3387 4268 am-

1843 4314 1982 4385 plius
2022 4330 2130 4369 non
2176 4330 2286 4369 ero.
2337 4312 2554 4368 Scilicet
2590 4313 2712 4367 talis
2756 4310 2933 4381 qualis
2972 4325 3144 4365 essem
3205 4324 3269 4362 ex
3304 4317 3394 4362 tua

1843 4410 1976 4462 mihi
2025 4408 2221 4463 collata
2263 4405 2605 4461 remissione.
2662 4403 2928 4457 Remissio
2970 4411 3148 4456 autem
3184 4399 3278 4454 Dci
3315 4410 3399 4455 est

1845 4499 2041 4554 animae
2082 4497 2445 4565 tranquillitas
2489 4511 2612 4550 cum
2644 4509 2770 4548 vera
2815 4507 2994 4547 rerum
3041 4491 3364 4559 cognitione.

1982 4656 2033 4710 1.
2087 4654 2155 4709 In
2179 4656 2332 4726 finem
2365 4651 2699 4709 PSALMUS
2745 4651 2955 4706 Davidi.
2988 4645 3254 4701 XXXIX.

2423 4743 2463 4795 Α
2475 4753 2817 4812 rgumentum.

1841 4855 2091 4911 Refertur
2118 4855 2390 4910 canticum
2435 4869 2498 4908 ex
2527 4868 2756 4923 persona
2809 4851 2929 4906 novi
2958 4849 3141 4919 populi
3190 4849 3256 4903 de
3278 4848 3393 4902 lacu

1910 4946 2145 5001 miseriae
2169 4946 2400 5001 reducti.
2426 4947 2615 4999 Postea
2641 4944 2912 4998 inducitur
2928 4941 3126 4996 Christi
3146 4954 3393 5008 persona,

1913 5040 2004 5109 qui
2056 5054 2150 5094 eos
2200 5040 2291 5110 qui
2350 5038 2538 5109 gratiis
2587 5037 2805 5108 agendis
2861 5046 3049 5089 vacant
3084 5036 3398 5088 oeconomiae

1906 5133 2122 5187 modum
2153 5133 2358 5187 edocet.
2407 5131 2608 5186 Deinde
2636 5130 2966 5185 credentium
3000 5143 3064 5181 ex
3087 5124 3250 5180 Israel
3278 5141 3398 5196 per-

1907 5239 2038 5279 sona
2067 5222 2450 5286 introducitur,
2492 5221 2794 5290 rogantium
2824 5218 3024 5273 remitti
3067 5219 3167 5273 sibi
3204 5231 3395 5285 peccato

1913 5325 2023 5370 tum
2054 5315 2467 5380 incredulitatis,
2518 5323 2679 5382 atque
2717 5327 2819 5364 una
2862 5309 3232 5364 euarrautium
3277 5322 3398 5377 qua

1910 5406 2011 5461 sibi
2042 5407 2180 5461 mala
2210 5407 2280 5461 ob
2327 5405 2688 5460 inﬁdelitatem
2719 5409 3032 5456 evenerunt.

1897 5586 1950 5639 9..
1979 5585 2295 5653 Exspectant:
2311 5584 2596 5653 exspectavi
2616 5582 2911 5641 Dominum,
2941 5589 2990 5633 et
3009 5576 3226 5631 intendit
3247 5574 3391 5627 mihi.

1841 5677 2028 5731 Simile
2059 5677 2184 5732 huic
2213 5698 2224 5732 :
2251 5676 2313 5730 In
2345 5678 2595 5745 patientia
2637 5685 2803 5729 vestra
2842 5670 3170 5742 possidebitis
3192 5670 3393 5723 animas

1842 5778 2034 5821 vestras
2071 5767 2133 5820 ’⁸.
