4108 6488
679 454 774 506 191

1563 452 1616 505 S.
1660 449 2028 504 ATHANASII
2067 444 2217 502 OPP.
2256 439 2436 495 PARS
2473 444 2557 492 ill.
2603 470 2667 479 —-
2707 435 3112 492 EXEGETICA.

3788 426 3885 480 192

739 569 791 622 3.
820 566 885 620 Et
904 568 1083 621 eduxit
1118 584 1195 620 me
1218 567 1279 620 de
1305 566 1419 619 lacu
1443 567 1687 620 miserita.
1717 565 1942 637 [Ecquid
1974 564 2064 618 tibi
2091 577 2224 633 pre-

2396 557 2501 610 Kai
2540 553 2799 623 ἀνήγαγέ
2825 568 2898 620 με
2927 553 2996 603 ἐκ
3027 549 3256 602 λάκκου
3286 545 3704 612 ταλαιπωρίας,
3738 540 3753 612 [
3781 543 3888 594 Καὶ

671 662 785 714 buit
808 661 830 712 ’ἶ
855 659 1144 728 Postquam
1186 674 1270 712 me
1304 656 1599 720 exaudivit,
1632 657 1728 722 ait,
1768 656 1964 709 Eduxit
1993 670 2060 709 ex
2108 669 2231 723 prn-

670 749 837 807 fundo
881 750 1081 817 peccati
1129 757 1182 802 et
1233 763 1299 802 ex
1364 749 1634 816 voluptate
1668 748 1793 800 lutei
1823 748 2089 816 corporis,
2120 747 2232 800 sive

667 856 732 892 ex
761 839 926 908 portis
961 838 1148 892 mortis
1196 847 1248 892 et
1278 838 1641 906 corruptionis
1670 839 1865 891 ibidem
1894 838 2226 896 exsistentis,

670 940 764 984 aut
786 946 847 982 ex
869 929 1315 998 occupationibus
1357 928 1585 1000 szeculi.]
1621 928 1684 980 Et
1709 929 1770 982 de
1812 928 1923 982 luto
1958 929 2124 997 fwcis.
2153 926 2230 981 Ex

673 1017 941 1088 profundo
998 1027 1338 1082 peccatorum
1382 1035 1502 1088 qua:
1552 1019 1647 1072 luti
1682 1019 1853 1096 instar
1885 1020 1950 1073 iis
1988 1019 2230 1073 detentos

672 1121 1055 1178 conspurcant.
1118 1108 1291 1164 Lacus
1339 1110 1482 1162 enim
1524 1110 1755 1164 miseria:
1805 1119 1888 1164 est
1934 1110 2135 1163 malitia
2177 1119 2230 1164 et

671 1200 992 1265 ignorantia.
1046 1199 1114 1253 Et
1148 1203 1333 1253 statuit
1365 1217 1518 1266 super
1553 1213 1754 1270 petram
1792 1201 1940 1269 pedes
1970 1217 2127 1261 meos,
2180 1211 2228 1253 et

667 1291 861 1343 direxit
904 1307 1106 1360 gressus
1130 1307 1287 1345 meos.
1313 1289 1402 1342 Ait
1438 1291 1718 1358 apostolus
1735 1289 1934 1343 Paulus
1962 1289 2041 1343 ’δε
2073 1288 2228 1341 Petra

667 1391 780 1433 erat
801 1378 1059 1435 Christus.
1080 1380 1248 1434 Didici
1277 1380 1418 1434 enim
1444 1380 1496 1432 iu
1517 1379 1624 1433 Deo
1649 1381 1839 1448 placita
1863 1380 2104 1435 incedere
2123 1380 2227 1446 via,

671 1473 722 1525 id
753 1480 836 1526 est
858 1488 952 1541 pcr
979 1489 1142 1542 Opera
1174 1481 1228 1527 et
1258 1483 1456 1528 rectam
1487 1472 1809 1526 doctrinam.

741 1751 794 1804 ι.
833 1749 896 1803 Et
932 1751 1146 1803 immisit
1175 1753 1227 1803 in
1256 1767 1310 1803 os
1343 1767 1510 1804 meum
1547 1752 1809 1804 canticum
1841 1766 2049 1811 novum,
2078 1750 2224 1818 Itym-

674 1856 795 1891 num
830 1839 932 1892 Deo
975 1852 1169 1895 nostra.
1210 1841 1400 1911 Legem
1449 1843 1813 1910 evangelicam
1855 1860 1868 1895 :
1910 1857 2030 1895 cum
2080 1841 2220 1894 enim

672 1931 1015 1999 passiouihus
1063 1948 1357 1997 vacamus,
1411 1933 1654 1987 canimus
1683 1933 1957 1986 canticum
2008 1946 2227 1994 novum,

673 2031 926 2075 renovata
958 2023 1163 2076 scilicet
1211 2031 1394 2079 nostra
1444 2024 1628 2077 domo.
1687 2021 1939 2075 Videbunt
1965 2020 2136 2083 multi,
2182 2031 2230 2071 et

670 2115 941 2174 timebunt,
989 2125 1038 2167 et
1067 2114 1346 2183 sperabunt
1379 2117 1432 2168 in
1469 2114 1704 2167 Domino.
1742 2113 2059 2168 Praedicatio
2086 2112 2230 2166 enim

671 2221 766 2274 per
807 2213 974 2257 totum
1005 2207 1240 2273 pervasit
1273 2206 1477 2260 orbem.

738 2295 790 2348 5.
828 2294 1022 2347 Beatus
1055 2297 1133 2347 vir
1154 2296 1304 2360 cujus
1333 2305 1405 2347 est
1437 2311 1616 2347 nomen
1651 2293 1860 2346 Domini
1886 2308 1998 2360 spes
2023 2290 2155 2359 ejus,
2183 2300 2232 2344 et

671 2402 774 2437 non
805 2387 1025 2446 respexit
1077 2386 1127 2438 in
1161 2389 1416 2439 vanitates
1448 2395 1497 2438 et
1544 2386 1780 2437 insanias
1817 2383 2001 2450 falsas.
2045 2379 2228 2434 Solum

672 2491 795 2530 esse
834 2476 1047 2529 beatum
1085 2477 1159 2529 ait
1186 2493 1308 2529 eum
1342 2477 1431 2544 qui
1462 2477 1515 2527 in
1565 2473 1730 2528 Deum
1772 2489 1919 2542 spem
1963 2473 2230 2539 ascripsit,

673 2579 780 2618 non
810 2575 988 2618 autem
1021 2581 1144 2618 eum
1181 2567 1272 2633 qui
1313 2565 1598 2618 mundanis
1627 2565 1921 2618 distractus
1951 2563 2022 2618 sit
2063 2567 2228 2629 curis,

670 2669 792 2709 ante
828 2664 882 2709 et
913 2655 1124 2709 insania
1156 2664 1207 2708 et
1239 2655 1577 2709 mendacium
1619 2664 1768 2709 sunt.

737 2828 887 2902 [Spes
916 2833 1047 2901 ejus.
1076 2829 1266 2884 Postea
1299 2831 1352 2884 in
1383 2831 1812 2884 coliortationem
1835 2830 1979 2883 aliud
2013 2830 2230 2897 adjicit:

674 2921 896 2983 Beatus.
933 2923 1128 2991 inquit.
1170 2936 1379 2984 revera,
1414 2920 1506 2986 qui
1552 2919 1718 2973 Deum
1759 2920 1934 2974 solum
1963 2920 2148 2974 habuit
2180 2921 2233 2973 in

675 3027 822 3081 spem
856 3027 1030 3077 suam,
1067 3028 1242 3081 neque
1273 3012 1508 3080 respexit
1535 3012 1602 3064 ad
1627 3014 1904 3080 praesentis
1939 3012 2057 3066 vita:
2088 3012 2235 3066 solli-

675 3103 963 3165 citudines,
1004 3119 1126 3172 quia
1170 3107 1433 3156 vanitates
1465 3111 1611 3164 sunt,
1643 3113 1695 3156 et
1730 3103 1953 3156 insaniae
1989 3102 2155 3164 ialsm,
2183 3111 2238 3156 et

2331 652 2382 704 τί
2409 669 2488 703 σοι
2518 649 2824 720 παρέσχεη
2855 643 3189 706 Εἰσακοῦσας
3228 637 3379 694 εἶπεν
3417 658 3431 672 ο
3490 641 3790 708 Ἀνήγαγεν
3828 638 3886 687 ἐκ

2335 741 2526 811 βάθους
2551 740 2648 809 τῆς
2677 737 2969 806 ἁμαρτίας,
2998 734 3090 785 καὶ
3120 737 3182 785 ὲκ
3201 732 3298 801 τῆς
3319 728 3646 801 ἡδυπαθείας
3668 725 3762 780 τοῦ
3787 742 3887 794 πηο

2329 831 2528 894 λὼδους
2562 829 2830 897 σώματος,
2866 827 2899 893 ἢ
2931 828 2992 878 ὲκ
3025 823 3132 877 τῶν
3160 823 3251 875 τοῦ
3287 823 3516 874 θανάτου
3563 818 3770 880 πυλῶν,
3799 817 3887 868 καὶ

2330 924 2505 975 ὲκεῖτε
2534 919 2758 989 φθορᾶς,
2784 917 2816 985 ἦ
2849 919 2913 968 ὲκ
2945 914 3036 968 τοῦ
3064 914 3267 983 κόσμου
3311 905 3754 981 περισπασμῑυν.]
3783 907 3888 960 Καὶ

2328 1014 2447 1068 ἀπὸ
2464 1011 2661 1078 πηλοῦ
2684 1012 2869 1075 ἰλύος.
2887 1009 2981 1060 Ἐκ
3000 1007 3192 1076 βάθους
3215 1004 3485 1075 ἁμαρτίας
3504 1002 3558 1054 αἳ
3581 999 3722 1061 ἰλύος
3739 999 3887 1067 δίκην

2329 1103 2734 1156 καταπάσσουσι
2779 1100 2904 1160 τοὺς
2949 1097 3172 1158 ἁλόντας
3214 1096 3270 1147 ἐν
3299 1095 3510 1154 αὑταῖς.
3541 1091 3756 1151 Λάκκος
3784 1088 3890 1156 γὰρ

2327 1193 2719 1263 ταλαιπωρίας,
2752 1190 2918 1244 κακία
2945 1190 3038 1241 καὶ
3067 1187 3326 1255 ἀγνωσία.
3365 1182 3475 1238 Καὶ
3497 1182 3764 1247 ἔστησεν
3792 1179 3884 1232 ἐπὶ

2328 1285 2550 1352 πέτραν
2575 1282 2711 1346 τοὺς
2735 1281 2922 1344 πόδας
2943 1297 3081 1349 μου,
3113 1279 3209 1331 καὶ
3234 1278 3554 1330 κατεύθυνε
3583 1273 3656 1326 τὰ
3687 1271 3887 1338 διαϐή-

2321 1372 2479 1440 ματιὶ
2504 1389 2644 1439 μου.
2673 1370 2838 1439 Φησὶν
2882 1371 2909 1421 ὁ
2961 1367 3253 1430 ἀπόστολος
3293 1364 3520 1426 Παῦλος,
3561 1365 3640 1415 ὅτι
3691 1363 3750 1413 Ἠ
3792 1360 3888 1413 πέ-

2326 1479 2433 1529 τρα
2465 1457 2542 1529 ἦν
2588 1464 2620 1512 ό
2667 1459 2956 1528 Χριστός·
3009 1457 3207 1526 ἔμαθον
3246 1455 3352 1525 γὰρ
3402 1453 3499 1523 τὴν
3549 1450 3889 1520 ἀρέσκουσαν

2325 1553 2444 1622 Θεῷ
2474 1549 2707 1621 βαδίζειν
2739 1551 2878 1616 ὁδὸν,
2903 1551 3020 1621 ἦτοι
3046 1549 3132 1602 διὰ
3161 1549 3259 1618 τῆς
3289 1544 3599 1617 πρακτικῆς
3646 1541 3742 1595 καὶ
3782 1541 3888 1593 τῶν

2324 1644 2498 1714 ὀρθῶν
2534 1644 2627 1710 δογ
2635 1643 2837 1712 μάτων.

2395 1737 2500 1790 Καὶ
2558 1735 2840 1788 ἐνέϐαλεν
2901 1735 2986 1798 εις
3035 1733 3100 1785 τὸ
3147 1732 3339 1800 στόμα
3369 1749 3487 1800 μου
3536 1731 3700 1802 ᾆσμα
3769 1747 3891 1783 και-

2326 1829 2454 1890 νὸν,
2488 1829 2676 1895 ὕμνον
2707 1823 2785 1890 τῷ
2833 1825 2953 1891 Θεῷ
2995 1823 3182 1895 ἡμῶν.
3221 1826 3262 1877 Τ
3266 1825 3322 1877 ὸν
3349 1825 3506 1894 νόμον
3545 1825 3635 1878 τὸν
3666 1826 3894 1892 εὐαγγεο

2331 1922 2507 1974 λικόψ
2549 1918 2683 1989 μετὰ
2720 1920 2828 1989 γὰρ
2857 1917 2952 1987 τὴν
2987 1917 3252 1969 ἀπάθειαν
3293 1917 3488 1988 ᾄδομεν
3521 1913 3671 1987 ἆσμα
3705 1918 3890 1970 καινὸν

2330 2010 2799 2072 ἀνακαινισθέντος
2826 2009 2918 2061 τοῦ
2947 2009 3096 2060 οἴκου
3125 2007 3302 2078 ἡμῶν.
3338 2010 3625 2075 Ὄψονται
3651 2009 3890 2073 πολλοὶ,

2329 2103 2424 2154 καὶ
2446 2098 2884 2170 φοϐηθήσονται
2912 2098 3006 2151 καὶ
3041 2099 3360 2152 ἐλπιοῦσιν
3387 2100 3482 2151 ἐπὶ
3515 2100 3754 2166 Κύριον.
3815 2103 3894 2151 Δι-

2329 2194 2481 2263 εδὸοη
2515 2195 2622 2263 γὰρ
2651 2194 2728 2256 είς
2778 2192 2951 2245 πάντα
2977 2191 3178 2260 κόσμον
3210 2191 3270 2242 τὸ
3299 2191 3578 2260 κήρυγμα.

2400 2283 2700 2349 Μακάριος
2728 2281 2881 2348 ἀνὴρ
2917 2277 2986 2336 οὗ
3021 2280 3150 2334 ἐστι
3175 2280 3240 2332 τὸ
3266 2278 3451 2348 ὄνομα
3482 2279 3696 2345 Ii'vplov
3723 2278 3893 2343 ἐλπίς

2330 2375 2533 2437 αὑτοῦ,
2575 2375 2672 2425 καὶ
2709 2377 2819 2426 οὐκ
2849 2372 3184 2439 ἐπέϐλεψεν
3228 2374 3314 2436 εις
3350 2371 3753 2439 ματαιότητας
3798 2371 3891 2423 καὶ

2325 2465 2544 2534 μανίας
2576 2463 2836 2532 ψευδεῖς.
2873 2463 3046 2516 Μόνον
3094 2463 3187 2514 τὸν
3229 2462 3326 2532 τὴν
3365 2461 3555 2515 ἐλπίδα
3583 2460 3891 2532 ἐπιγραψά-

2334 2571 2488 2625 μενον
2513 2558 2588 2617 εἰς
2604 2554 2734 2608 Θεὸν
2758 2554 3020 2625 μακάριόν
3050 2571 3232 2625 φησιν,
3263 2555 3320 2606 οὐ
3342 2553 3431 2605 τὸν
3458 2553 3892 2624 περισπασθέντα

2333 2647 2610 2716 βιωτικαῖς
2665 2647 2974 2717 μερίμναις,
3004 2647 3204 2708 αἵτινες
3239 2647 3332 2698 καὶ
3380 2645 3541 2715 μανία
3586 2647 3679 2698 καί
3705 2644 3892 2713 ψεῦδός

2331 2739 2486 2788 εἰσιν.

2402 2825 2852 2898 [Ἐλπὶς-αὺτοῦ.
2884 2822 3016 2879 Εἶτα
3040 2826 3134 2878 καὶ
3150 2827 3229 2888 εἰς
3253 2827 3562 2897 προτροπὴν
3574 2827 3759 2898 ἕτερον
3774 2829 3893 2882 ἑπι-

2333 2919 2484 2989 φέρει
2505 2933 2519 2948 ο
2550 2919 2918 2989 Μακαριστὸς,
2938 2918 3089 2988 φησι,
3120 2917 3198 2987 τῷ
3223 2918 3356 2979 ὄντι,
3379 2918 3436 2981 ὃς
3461 2919 3550 2970 τὸν
3579 2918 3710 2970 Θεὸν
3736 2919 3892 2987 μόνον

2333 3009 2485 3079 ἔσχεν
2509 3008 2714 3072 ὲλπίδα,
2743 3010 2837 3060 καὶ
2858 3010 2954 3060 οὐκ
2969 3007 3262 3075 ἐπέϐλεψεν
3277 3010 3355 3068 είς
3373 3007 3471 3069 τὰς
3495 3026 3559 3060 πε
3570 3009 3620 3078 ρὶ
3640 3009 3732 3060 τὸν
3755 3026 3893 3080 παρ-

2333 3098 2459 3152 όντα
2494 3097 2606 3168 βίον
2641 3097 2895 3160 σπουδὰς,
2928 3097 2984 3148 αἶ
3015 3096 3369 3166 ματαιότητές
3402 3099 3526 3158 είσι,
3581 3098 3671 3148 καὶ
3710 3098 3892 3167 μανίαι

673 3207 812 3247 cura:
845 3195 897 3248 in
948 3210 1142 3247 vanum
1188 3193 1456 3247 admissae.
1497 3193 1708 3246 Insania
1749 3201 1928 3246 autem
1977 3196 2231 3262 prudens,

2335 3192 2565 3261 ψευδεῖς,
2596 3193 2688 3246 καὶ
2720 3193 2799 3255 εἰς
2833 3190 2988 3245 κενὸν
3024 3189 3318 3260 φροντίδες.
3351 3189 3528 3243 Μανία
3577 3190 3631 3242 δὲ
3666 3190 3892 3259 σώςρων

672 3293 754 3338 est
780 3283 902 3338 vita:
964 3286 1245 3352 praesentis
1275 3293 1481 3345 status,
1511 3299 1615 3352 qua
1661 3293 1839 3337 mente
1881 3286 2019 3352 capti
2055 3286 2235 3339 multis

671 3389 791 3429 esse
817 3374 1136 3428 videbantur
1167 3379 1457 3443 prophetae,
1481 3391 1588 3444 qua
1608 3376 1674 3429 de
1709 3390 1766 3429 re
1789 3377 2238 3446 gloriaturjustus

672 3475 725 3519 et
748 3464 858 3519 ait:
884 3463 994 3536 Ego
1020 3465 1132 3518 dixi
1164 3467 1219 3518 in
1257 3480 1472 3520 excessu
1501 3481 1612 3518 meo
1647 3464 1740 3536 ⁹³.]

735 3637 787 3690 6.
828 3637 998 3691 Multa
1029 3639 1200 3706 fecisti
1244 3648 1320 3703 tu,
1358 3637 1578 3691 Domine
1622 3637 1783 3702 Deus,
1825 3639 2086 3694 mirabilia
2123 3652 2234 3697 tua.

669 3727 801 3793 Quae
831 3727 1029 3790 fecisti,
1051 3729 1244 3797 inquit,
1278 3730 1595 3784 meonomiaa
1630 3741 1892 3799 tempore,
1920 3733 2087 3785 multa
2111 3742 2237 3787 sunt

669 3829 831 3885 atque
857 3817 1125 3872 mirabilia
1155 3835 1168 3871 :
1202 3833 1321 3887 qute
1343 3819 1462 3872 aliis
1491 3834 1708 3887 quoque
1743 3821 2064 3873 renuntiavi.
2087 3819 2234 3874 Prae-

670 3907 869 3961 dicatio
903 3917 1078 3961 autem
1107 3917 1301 3973 totum,
1332 3909 1528 3976 inquit,
1561 3909 1794 3977 pervasit
1817 3910 2002 3963 orbem
2041 3921 2096 3963 ut
2118 3927 2235 3964 mav

665 3996 756 4065 jor
781 3995 851 4050 sit
895 3996 1230 4051 credentium
1261 4012 1522 4050 numerus
1563 4013 1724 4066 quam
1753 3999 1845 4068 qui
1875 3999 1998 4053 iniri
2043 4000 2233 4069 possit.

745 4166 798 4233 7,
830 4166 881 4221 8.
907 4164 1242 4234 Sacriﬁcium
1259 4177 1306 4220 et
1335 4165 1650 4221 obi'atiancm
1667 4167 1906 4230 noluisti,
1930 4186 2115 4239 corpus
2138 4191 2236 4226 au-

670 4268 771 4312 tem
813 4260 1011 4327 aptasti
1041 4259 1189 4321 milii,
1226 4268 1330 4313 ctc.
1377 4257 1514 4313 llinc
1554 4259 1722 4328 ipsius
1758 4275 1983 4327 persona
2033 4263 2233 4319 Christi

668 4349 884 4404 Patrem
951 4352 1279 4420 alloqueutis
1333 4354 1627 4407 inducitur.
1676 4354 2117 4426 Quandoquidem
2160 4361 2236 4413 ait

677 4443 1004 4497 sacriﬁcium
1029 4452 1082 4496 et
1110 4444 1440 4497 oblationem
1495 4447 1740 4511 noluisti,
1772 4463 1948 4517 neque
1995 4449 2226 4519 placue-

2338 3287 2372 3355 ἡ
2393 3284 2485 3338 τοῦ
2511 3285 2774 3356 παρόντος
2822 3283 2936 3353 βίου
2968 3283 3314 3343 κατάστασις,
3349 3281 3414 3334 δι’
3457 3281 3522 3351 ἢν
3550 3282 3642 3333 καὶ
3674 3281 3892 3348 ἐξεστη-

2339 3376 2491 3438 κότες
2518 3378 2628 3437 τοῖς
2663 3373 2874 3436 πολλοῖς
2926 3371 3141 3424 ἐδόκουν
3169 3373 3218 3423 oi
3266 3369 3562 3440 προφῆται,
3607 3372 3691 3438 ἐφ’
3802 3373 3894 3424 καὶ

2338 3464 2729 3534 σεμνυνόμενος
2756 3464 2846 3516 καὶ
2877 3464 2904 3515 ὁ
2930 3462 3133 3524 δίκαιος
3176 3459 3322 3527 λέγει
3343 3475 3355 3488 ·
3393 3455 3548 3512 Εἶπα
3590 3460 3660 3512 ἐν
3694 3458 3770 3528 τῇ
3797 3459 3891 3512 ἐκ·

2337 3556 2549 3609 στάσει
2581 3573 2719 3624 μου.
2747 3553 2765 3627 ]

2408 3648 2612 3700 Πολλὰ
2639 3647 2930 3712 ἐποίησας
2950 3645 3052 3706 σὺ,
3077 3647 3252 3712 Κύριε
3281 3647 3313 3698 o'
3338 3646 3481 3709 Θεός
3500 3661 3637 3711 μου,
3661 3643 3734 3696 τὰ
3755 3646 3893 3698 θαυ-

2329 3736 2519 3808 μάσιά
2551 3753 2686 3792 σου.
2721 3738 2787 3788 ’Δ
2817 3737 3124 3806 πέπρακας,
3169 3736 3350 3806 φησὶν,
3386 3736 3442 3786 ἐν
3471 3734 3548 3804 τῷ
3571 3735 3668 3804 τῆς
3692 3735 3896 3786 οἰκονο-

2339 3830 2464 3900 μίας
2507 3828 2702 3899 καιρῷ,
2751 3827 2919 3880 πολλά
2953 3829 3067 3879 ἐστι
3097 3828 3189 3879 καὶ
3223 3826 3496 3896 θαυμάσια
3519 3839 3533 3854 °
3578 3825 3614 3878 ἃ
3649 3826 3744 3879 καὶ
3777 3827 3895 3878 ἐτέ-

2339 3936 2450 3990 ροις
2482 3919 2805 3994 ἀπήγγειλα.
2856 3920 2915 3972 Ἡ
2948 3918 3002 3971 δὲ
3039 3917 3336 3985 ἐπαγγελία
3393 3916 3520 3986 ὅλην
3549 3958 3562 3979 ,
3610 3917 3763 3986 φησὶ,
3811 3916 3889 3968 δι-

2336 4011 2538 4081 έδραμε
2569 4010 2665 4080 τὴν
2696 4011 2786 4062 ὑπ’
2812 4009 3058 4079 οὐρανὸν,
3086 4009 3161 4071 ὡς
3188 4009 3279 4061 καὶ
3318 4007 3631 4079 κρείττονας
3657 4007 3887 4080 ἀριθμοῦ

2333 4099 2583 4168 γενέσθαι
2606 4099 2731 4160 τοὺς
2762 4096 3174 4159 πιστεύσαντας.

2406 4191 2633 4246 Θυσίαν
2675 4190 2770 4243 καὶ
2812 4188 3164 4259 προσφορὰν
3204 4189 3313 4241 οὐκ
3361 4185 3686 4254 ἠθέλησας,
3720 4185 3887 4254 σῶμα

2331 4281 2398 4334 δὲ
2436 4281 2770 4348 κατηρτίσω
2789 4299 2890 4350 μοι
2909 4280 3042 4350 (11).
3086 4279 3360 4333 Ἐντεῦθεν
3383 4279 3696 4348 είσφέρεται
3717 4277 3887 4330 τὸτοῦ

2332 4372 2566 4444 Χριστοῦ
2601 4371 2888 4443 πρόσωπον
2928 4372 3063 4442 πρὸς
3091 4371 3180 4423 τὸν
3215 4369 3432 4440 Πατέρα
3477 4371 3630 4436 λέγον
3651 4409 3666 4423 .
3712 4370 3890 4423 Ἐπει-

2332 4463 2414 4534 δὴ,
2439 4465 2591 4534 φησὶ,
2617 4464 2808 4516 θυσίαν
2841 4466 2936 4517 καὶ
2973 4463 3288 4535 προσφορὰν
3317 4463 3415 4515 οὐκ
3445 4461 3734 4531 ἠθέλησας,
3766 4461 3886 4514 οὒτε

671 4543 802 4588 runt
835 4534 930 4588 tibi
955 4533 1270 4589 holocausta
1297 4537 1594 4589 secnndum
1622 4540 1790 4605 legem
1818 4539 1998 4594 oblata
2026 4543 2223 4605 ;venio

2334 4533 2437 4623 μὴν
2474 4533 2779 4622 ηὐδόκησας
2828 4554 2883 4604 ὲν
2918 4533 3327 4621 ὁλοκαυτώνμασι
3377 4553 3487 4612 τοῖς
3522 4549 3658 4602 κατὰ
3683 4551 3773 4602 τὸν
3803 4550 3888 4602 νό-

669 4634 958 4693 postquam
1004 4640 1204 4695 corpus
1250 4627 1432 4697 accepi
1492 4628 1638 4696 quod
1692 4639 1748 4682 tu
1811 4631 1941 4684 mihi
2002 4635 2221 4701 aptasti.

669 4713 804 4767 Nam
840 4714 1076 4782 Spiritus
1111 4726 1335 4771 sanctus
1356 4725 1410 4771 et
1434 4717 1609 4772 virtus
1632 4718 1897 4774 Altissinii
1932 4724 2229 4778 obumbra-

680 4804 762 4857 vit
796 4815 995 4858 sancta:
1021 4803 1246 4876 Virgini.
1279 4804 1448 4860 Venio
1472 4821 1649 4862 autem
1685 4819 1742 4861 ut
1768 4809 1963 4880 faciam
1987 4814 2230 4868 volunta-

677 4907 778 4951 tem
811 4907 976 4950 tuam.
1019 4898 1150 4963 Quae
1171 4912 1349 4954 autem
1378 4902 1629 4957 voluntas
1659 4902 1838 4958 Patris
1861 4915 1996 4967 erat.
2042 4907 2147 4962 nisi
2165 4923 2227 4962 ea

670 5004 835 5056 quam
866 4993 979 5056 ipse.
999 4987 1266 5044 Dominus
1308 4996 1585 5047 enarravit
1623 4995 1810 5051 dicens
1865 4998 1944 5050 "z
1977 4997 2102 5052 Ha’c
2151 5009 2228 5052 est

670 5089 849 5132 autem
907 5080 1147 5136 voluntas
1201 5082 1314 5150 ejus
1368 5085 1458 5154 qui
1495 5086 1636 5138 misit
1687 5104 1785 5148 me.
1825 5098 1882 5141 ut
1911 5106 2060 5144 omne
2090 5091 2227 5160 quod

668 5169 815 5223 dedit
854 5171 983 5223 mihi
1021 5189 1122 5225 non
1154 5176 1368 5242 perdam
1395 5192 1458 5228 ea:
1478 5193 1536 5230 eo
1564 5193 1582 5239 ξ
1616 5179 1705 5231 sed
1757 5182 2059 5235 resuscitem
2091 5181 2226 5235 illud

672 5263 728 5315 in
759 5263 1041 5316 novissimo
1064 5265 1196 5318 die?
1225 5264 1358 5321 Illud
1391 5278 1593 5333 autem,
1621 5269 1673 5320 in
1704 5271 1876 5338 capite
1907 5272 2053 5337 libri,
2086 5273 2227 5327 hanc

673 5353 840 5405 habet
869 5356 1386 5421 interpretationem.
1423 5359 1597 5426 Caput
1645 5358 1850 5414 llelirmi
1890 5370 2092 5415 tomum
2134 5379 2227 5432 ap-

673 5444 888 5513 pellant.
926 5445 1092 5500 Isaias
1128 5464 1252 5503 vero
1301 5450 1690 5504 incarnationis
1723 5450 1991 5522 Unigeniti
2030 5464 2225 5523 mystc-

741 5593 830 5647 "l
865 5595 986 5650 Cor.
1009 5615 1060 5661 ι,
1084 5600 1136 5652 ι.
1213 5602 1258 5632 ⁸⁸
1285 5599 1429 5655 Psal.
1465 5618 1586 5668 cxv,
1617 5603 1703 5656 Η.
1777 5603 1820 5634 ³⁸
1855 5601 2010 5659 Joan.
2032 5622 2104 5667 vi,
2135 5605 2220 5657 40.

747 5727 853 5794 (Η)
879 5727 975 5781 llic
1005 5730 1155 5785 locus
1186 5733 1381 5788 citatur
1419 5736 1632 5789 nomine
1671 5736 1945 5789 Athanasii
2008 5738 2059 5790 in
2121 5738 2226 5791 Ca-

681 5805 799 5849 teua
859 5798 910 5851 in
949 5798 1211 5870 Epistolas
1267 5803 1439 5868 Pauli,
1477 5805 1592 5860 cod.
1624 5804 1749 5876 Reg.
1784 5806 1941 5870 2246,
1978 5809 2041 5862 ad
2081 5808 2221 5864 bunc

2337 4661 2435 4712 μον
2463 4658 2476 4671 ⁸
2507 4643 2625 4711 ἥκω
2657 4641 2811 4711 σῶμα
2853 4641 3030 4694 λαϐὼν
3067 4642 3202 4711 ὅπερ
3231 4640 3389 4702 αὑτός
3427 4658 3514 4710 μοι
3555 4641 3883 4710 κατηρτίσω.

2330 4733 2554 4804 Πνεῦμα
2589 4734 2697 4803 γὰρ
2730 4735 2881 4800 ἅγιον
2908 4733 3001 4787 καὶ
3040 4733 3294 4801 Ὑψίστου
3324 4731 3548 4801 δύναμις
3595 4731 3884 4785 ὲπεσκίασε

2327 4828 2390 4896 τῇ
2421 4825 2550 4893 ἁγία
2578 4822 2855 4894 Παρθένῳ.
2887 4825 3041 4877 Ἥκω
3078 4822 3134 4875 δὲ
3180 4824 3280 4875 ἵνα
3304 4821 3369 4874 τὸ
3397 4822 3512 4875 σόν
3536 4821 3767 4886 ποιήσω
3792 4821 3883 4875 θέ-

2326 4918 2506 4983 λημα.
2523 4914 2681 4967 Ποῖον
2698 4913 2806 4984 γὰρ
2821 4909 2887 4984 ἦν
2906 4914 2966 4965 τὸ
2983 4912 3106 4982 θέλη
3118 4931 3195 4983 μα
3213 4913 3310 4965 τοῦ
3336 4915 3447 4966 Πατ
3458 4914 3566 4980 ρὸς,
3585 4911 3616 4980 ἦ
3633 4911 3660 4964 ὂ
3681 4913 3839 4976 αὐτὸς
3859 4914 3886 4964 ὁ

2327 5005 2527 5076 Κύριος
2543 5004 2844 5075 ἐξηγήσατο
2859 5022 2881 5056 ε
2893 5003 3113 5075 ίρηκὼς·
3127 5003 3306 5058 Τοῦτό
3317 5003 3445 5054 ἐστι
3461 5002 3524 5054 τὸ
3541 5001 3765 5069 θέλημα
3784 5001 3884 5054 τοῦ

2327 5095 2673 5163 ,πέμψαντός
2695 5113 2791 5164 με,
2814 5097 2912 5149 ἵνα
2937 5095 3058 5149 πᾶν
3082 5095 3113 5148 ὃ
3136 5092 3355 5149 δέδωκέ
3364 5111 3464 5161 μοι
3486 5093 3570 5160 μὴ
3600 5092 3883 5146 ἀπολέσω

2324 5186 2393 5249 ἐξ
2420 5186 2625 5250 αὐτοῦ,
2659 5186 2819 5240 ἀλλὰ
2849 5185 3172 5251 ἀναστήσω
3209 5184 3351 5239 αὑτύ
3383 5182 3454 5250 τῇ
3484 5182 3714 5251 ἐσχάτῃ
3739 5183 3853 5251 mit

2319 5291 2436 5343 ρας
2469 5276 2542 5329 Τὸ
2569 5277 2648 5342 δὲ,
2670 5277 2738 5330 ὲν
2773 5274 3046 5345 κεφαλίδι
3083 5276 3324 5340 βιϐλίου
3357 5315 3371 5339 ,
3404 5273 3604 5342 ταύτην
3644 5273 3756 5344 ἔχει
3787 5274 3882 5344 τὴν

2328 5367 2640 5437 ἑρμηνείαν.
2691 5367 2967 5434 Κεφαλίδα
3001 5368 3048 5419 οἱ
3088 5367 3327 5436 Ἐὖραῖοι
3369 5365 3459 5417 τὸν
3493 5365 3656 5434 τόμον
3697 5365 3874 5432 φασίν.

2341 5458 2565 5520 Ἡσαΐας
2619 5457 2676 5510 δὲ
2720 5458 2780 5509 τὸ
2827 5458 2923 5526 τῆς
2966 5457 3424 5528 ὲνανθρωπήσεως
3459 5459 3750 5525 μυστήριον
3789 5455 3879 5507 τοῦ

2327 5753 2539 5793 versum
2588 5739 2837 5810 Epistolas
2869 5741 2931 5795 ad
2975 5739 3261 5796 Hebraeos:
3299 5739 3460 5808 Σῶμα
3486 5738 3538 5791 δὲ
3572 5739 3878 5809 κατηρτίσω

2331 5825 2438 5877 μω.
