4108 6498
192 445 283 501 I93

1253 439 1621 497 EXPOSlTlO
1656 441 1724 496 ΙΝ
1762 439 2090 497 PSALHUM
2125 440 2367 495 XXXIX.

3310 450 3415 506 494

186 556 501 625 λίονογενοῦς
525 556 911 627 διδασκόμενος
936 557 1133 626 ἦκουσε
1160 571 1173 585 ο
1209 554 1363 609 Λαϐὲ
1403 556 1589 625 τόμον
1623 572 1734 609 και·

1851 554 1994 608 rinm
2047 554 2294 617 edoctus,
2331 554 2537 610 audivit
2575 574 2587 609 :
2644 557 2830 625 Accipe
2871 569 3068 614 tomum
3110 578 3320 628 norum,
3361 574 3413 619 et

184 651 302 713 νόν,
319 648 413 703 καί
440 648 683 717 γράψον
706 647 776 700 ὲν
796 644 956 710 αὐτῷ
986 643 1223 714 τραφίδι
1243 642 1574 712 ἀνθρώπου.
1599 644 1669 696 Συ
1678 663 1745 714 μ-

185 740 342 793 ϐαίνει
359 740 434 802 ὡς
461 739 565 791 οὐκ
584 743 644 791 ἐν
670 737 834 801 πλαξὶ
850 735 1096 800 λιθίναις,
1122 734 1257 790 ἀλλά
1284 734 1587 806 σαρκίναις,
1614 752 1745 806 γραο

185 833 434 902 φήσονται
481 830 556 883 τά
588 830 937 900 θεσπίσματα
983 827 1076 881 τοῦ
1121 827 1308 881 καινοῦ
1336 827 1523 897 νόμου,
1563 826 1745 892 καθώς

185 941 305 995 φησι
334 924 400 976 δι’
433 923 704 994 Ἰερεμίου
743 922 835 976 τοῦ
859 924 1139 994 προφήτου
1158 939 1172 952 ο
1216 920 1426 986 Διδοὺς
1450 920 1622 974 δώσω
1645 921 1744 974 νό-

179 1033 321 1085 μους
345 1034 465 1085 μου
498 1019 592 1081 εἱς
613 1017 731 1083 τὴν
755 1014 1027 1069 διάνοιαν
1056 1013 1277 1077 αὐτῶν,
1326 1012 1423 1066 καί
1461 1012 1559 1067 ἐπί
1606 1028 1744 1081 καρ-

183 1106 307 1173 δίας
324 1106 526 1162 αὐτῶν
557 1107 766 1177 γράψω
794 1106 1035 1173 αὐτοὺς,
1070 1106 1156 1159 ἵνα
1187 1105 1355 1176 δηλοῖ,
1387 1105 1468 1158 ὅτι
1503 1105 1616 1167 τοῖς
1660 1106 1747 1157 ὲν-

182 1199 408 1263 δοτάτοις
432 1201 530 1253 καὶ
560 1201 770 1272 νοητοῖς
789 1202 888 1269 τῆς
916 1198 1141 1271 καρδίας
1170 1196 1417 1269 ταμείοις
1444 1197 1477 1267 ή
1518 1195 1745 1266 Ἐκκλη-

185 1289 266 1342 σία
288 1289 377 1342 τὸν
410 1290 601 1343 καινὸν
632 1288 999 1360 παραδέξηται
1044 1289 1227 1361 νόμον,
1273 1288 1492 1351 καὶτὰς
1527 1287 1743 1351 ἐντολάς

185 1380 374 1453 σφόδρα
401 1381 634 1453 θελήσῃ.

244 1476 363 1541 Εὺη
373 1474 752 1545 multoer
770 1473 1166 1543 δικαιοσύνην
1186 1475 1255 1529 ἐν
1293 1474 1622 1544 Ἐκκλησία
1638 1492 1743 1545 με-

179 1561 341 1633 γάλῃ.
376 1564 681 1634 Ἐκκλησία
729 1566 938 1636 μεγάλη
974 1565 1008 1636 ή
1040 1564 1182 1619 κατά
1206 1566 1315 1619 πᾶν
1338 1564 1489 1629 ἔθνος
1516 1563 1741 1619 πιστεύ-

182 1673 311 1709 σασα
358 1655 437 1727 τῷ
494 1656 713 1728 Σωτῆρι
739 1656 915 1729 ψυχή’
970 1656 1005 1728 ἢ
1060 1658 1154 1710 καὶ
1205 1656 1549 1710 δεδικαίωται
1579 1656 1741 1712 αὐτὸν

181 1746 365 1817 ἔχουσα
394 1746 489 1800 τὸν
537 1747 854 1802 δικαιοῦντα
906 1747 998 1801 τὸν
1041 1746 1236 1818 ἀσεϐῆ.
1274 1746 1395 1815 Τὴν
1435 1746 1739 1802 δικαιοσύο

178 1856 285 1906 νην
308 1856 421 1894 σου
460 1843 576 1895 οὐκ
604 1840 840 1909 ἔκρυψα
868 1839 940 1893 ἐν
983 1839 1059 1909 τῇ
1100 1840 1314 1909 καρδίᾳ
1346 1857 1487 1909 μου.
1522 1840 1739 1894 Δικαιο-

1847 645 2017 700 scribe
2074 648 2131 698 in
2174 650 2285 715 ipso
2313 646 2451 715 stylo
2508 648 2734 704 hominis
2766 651 2831 704 ”.
2890 651 3174 725 Contingit
3225 666 3407 711 autem

1846 752 1954 791 non
1985 738 2036 791 in
2062 738 2262 791 tabulis
2285 737 2537 808 lapideis,
2556 740 2649 795 sed
2682 743 2995 799 carnalibus
3014 746 3252 801 describi
3276 764 3411 817 pra:-

1844 838 1999 897 cepta
2030 843 2182 883 novae
2209 829 2344 899 legis
2369 847 2382 883 :
2410 832 2872 898 quemadmodum
2911 835 2988 889 ait
3018 837 3107 892 ille
3138 854 3233 908 per
3255 837 3411 894 lere-

1845 918 2009 972 miam
2041 919 2357 989 prophetam
2385 920 2462 974 ";
2486 919 2635 975 Datts
2660 922 2796 975 dabo
2821 923 2955 994 leges
2989 943 3133 982 meas
3182 931 3237 981 in
3267 945 3410 982 men-

1843 1023 1945 1067 tem
1970 1012 2230 1081 ipsorum,
2255 1022 2305 1066 et
2359 1013 2415 1068 in
2447 1014 2602 1068 corde
2628 1031 2813 1069 eorum
2858 1017 3154 1075 describam
3197 1039 3310 1087 eas,
3350 1032 3412 1078 ut

1841 1101 2084 1158 declaret
2111 1101 2356 1157 futurum
2388 1114 2447 1159 ut
2489 1103 2733 1161 Ecclesia
2760 1108 2813 1162 in
2841 1108 3051 1166 intimis
3098 1121 3155 1167 et
3201 1115 3411 1169 intelli-

1840 1194 2099 1263 gibilibus
2129 1196 2313 1250 cordis
2330 1198 2689 1267 receptaculis
2718 1214 2915 1255 novam
2948 1202 3122 1273 legem
3152 1204 3409 1275 recipiat.

1839 1293 1897 1341 et
1921 1286 2178 1341 mandata
2207 1287 2463 1342 ardenter
2488 1289 2699 1361 diligat.

1909 1459 1997 1514 10.
2028 1460 2352 1516 Annuntiavi
2364 1462 2644 1531 justitiam
2680 1466 2735 1519 in
2776 1465 3020 1523 Ecclesia
3054 1486 3270 1542 magna.
3305 1470 3410 1527 Ec-

1837 1551 2004 1607 clesia
2042 1568 2237 1621 magna
2284 1562 2370 1608 est
2399 1556 2654 1625 quaelibet
2691 1560 2874 1613 anima
2922 1576 3045 1630 quae
3079 1576 3177 1631 per
3217 1578 3409 1619 omnes

1839 1655 2031 1713 gentes
2067 1644 2337 1699 Salvatori
2394 1647 2645 1714 credidit,
2680 1665 2801 1719 qua:
2829 1653 2992 1707 etiam
3038 1653 3408 1721 justiticatur.

1838 1749 1964 1788 eum
1994 1735 2203 1791 habens
2226 1736 2319 1806 qui
2350 1736 2613 1806 justilicat
2654 1740 2906 1810 impium.
2931 1740 3217 1797 Justitiam
3262 1756 3411 1800 luam

1839 1840 1943 1877 non
1982 1824 2236 1880 abscondi
2266 1826 2322 1880 iu
2354 1830 2511 1882 corde
2550 1846 2682 1883 meo.
2704 1828 2982 1886 Justitiam
3018 1835 3089 1889 ab
3124 1836 3245 1906 ipso
3270 1853 3411 1906 pra:-

181 1929 333 2001 σύνην
388 1930 489 2001 μὲν
526 1932 629 2002 τὴν
664 1931 730 1984 δι’
770 1930 937 1985 αὑτοῦ
987 1932 1407 2004 κεκηρυγμένην
1441 1934 1593 2004 φησὶ,
1640 1932 1734 2004 τὴν

1836 1917 2072 1972 dicatam
2098 1919 2367 1990 intelligit,
2397 1936 2517 1991 qua:
2538 1934 2623 1977 est
2656 1939 2822 1994 supra
2852 1924 3023 1995 legem
3058 1935 3112 1981 et
3135 1929 3406 1983 umbram.

179 2022 307 2091 ὑπὲρ
326 2023 491 2094 νόμον
524 2025 621 2077 καὶ
648 2025 805 2078 σκιάν
830 2042 844 2055 ·
876 2024 938 2078 τὸ
970 2024 1273 2095 δὲ,ἕγνως,
1310 2026 1431 2081 ἀντὶ
1466 2026 1579 2088 τοῦ,
1611 2025 1737 2080 ίδιο-

179 2113 395 2183 ποιήσω.
434 2114 557 2181 Τὴν
588 2113 878 2181 ἀλήθειάν
895 2130 1012 2169 σου
1041 2116 1139 2169 καί
1170 2116 1237 2171 τὸ
1280 2118 1575 2186 σωτήριόν
1620 2134 1737 2173 σου

177 2199 322 2258 εἶπα.
349 2205 424 2259 Οὐ
462 2205 752 2277 σεσίγηκα,
796 2206 951 2276 φησὶ,
978 2207 1113 2279 οὐδὲ
1141 2208 1401 2279 συνέσχον
1425 2210 1484 2263 ιν
1513 2208 1738 2281 ὲμαυτῷ

176 2295 267 2367 τήν
299 2296 558 2366 ἀλήθειάν
589 2314 702 2350 σου.
738 2296 1018 2369 Ἀλήθειαν
1044 2297 1103 2351 δέ
1139 2316 1272 2370 φησι
1295 2301 1356 2355 τὸ
1385 2299 1737 2370 εὐαγγελικδν

178 2390 445 2459 κήρυγμα.
503 2389 642 2442 Ἀλλ’
670 2390 789 2443 οὐδὲ
810 2390 1020 2463 ἔκρυψα
1044 2391 1106 2445 τὸ
1140 2394 1404 2466 σωτήριόν
1430 2412 1544 2458 σου,
1582 2410 1736 2448 τουτ-

174 2476 279 2532 έστι
321 2479 422 2551 τῆς
471 2481 627 2551 παρά
673 2481 766 2535 σοῦ
814 2481 1065 2553 δοθείσης
1124 2486 1401 2557 σωτηρίας
1446 2486 1547 2557 τήν
1595 2486 1734 2554 ὁδὸν,

175 2571 282 2640 ήτοι
302 2572 399 2643 τὴν
419 2572 509 2626 διά
539 2572 643 2642 τῆς
668 2573 903 2639 πίστεως
931 2574 1110 2648 χάριν.
1137 2576 1466 2648 Συναγωγὴν
1505 2576 1564 2632 δὲ
1603 2578 1735 2633 πολ-

175 2661 280 2733 λήν,
303 2664 400 2734 τὴν
436 2666 503 2717 ὲκ
534 2663 629 2717 τοῦ
670 2665 885 2737 Ἰσραήλ
916 2667 1011 2721 καὶ
1052 2668 1162 2721 τῶν
1196 2668 1366 2723 ἐθνῶν
1390 2669 1738 2742 συνειλεγμέ-

175 2771 262 2825 νην
299 2755 631 2826 Ἐκκλησίαν
656 2757 845 2828 φησίν.
887 2758 1285 2815 Ἀποκαλύπτει
1315 2761 1424 2835 γάρ
1450 2762 1480 2815 ό
1503 2762 1737 2834 Χριστὸς

175 2847 290 2911 τοὺς
318 2850 445 2920 περὶ
481 2848 668 2913 ἐλέους
707 2852 800 2905 καὶ⁵
826 2852 1084 2925 ἀληθείας
1128 2854 1320 2925 λόγους
1356 2859 1422 2928 τῇ
1465 2856 1624 2927 φύσει
1666 2859 1733 2928 τῇ

174 2938 374 3013 λογικῇ,
408 2942 507 2995 καὶ
540 2942 667 3005 τοὺς
696 2944 824 3015 περὶ
858 2947 1153 3018 σωτηρίας.
1185 2949 1293 3001 Καὶ
1321 2950 1447 3011 τοὺς
1486 2948 1585 3020 μὲν
1607 2951 1735 3022 περὶ

174 3030 416 3102 ἀληθείας
440 3032 635 3101 λόγους
662 3034 883 3105 εὑρήσει
907 3038 965 3092 ὲν
984 3040 1051 3109 τῇ
1090 3037 1314 3111 θεωρία,
1346 3039 1472 3105 τοὺς
1503 3039 1561 3095 δὲ
1605 3041 1735 3114 περὶ

177 3123 439 3194 σωτηρίας
464 3126 527 3178 ὲν
555 3128 620 3196 τῇ
654 3130 953 3200 πρακτικῇ.

237 3210 316 3264 Σὺ
342 3210 430 3274 δὲ,
466 3214 669 3281 Κύριε,
713 3215 801 3284 μὴ
846 3219 1160 3289 μακρύνῃς
1213 3220 1355 3288 τοὺς
1396 3222 1732 3293 οῖκτιρμούς
1757 3254 1800 3311 c

176 3315 282 3356 σου
303 3304 402 3358 ἀπ’
446 3304 618 3374 ἐμοῦ.
649 3307 969 3375 Διδάξαντος
994 3310 1090 3364 τοῦ
1119 3312 1356 3383 Χριστοῦ
1382 3312 1444 3367 τὸ
1477 3315 1605 3385 περὶ
1635 3315 1733 3385 τῆς

172 3391 471 3463 οἰκονομίας
504 3398 820 3467 μυστήριον,
856 3399 1221 3469 είσκομίζεται
1261 3400 1356 3453 τοῦ
1416 3400 1630 3473 Ἰσραὴλ
1672 3402 1736 3456 τδ

174 3483 449 3555 πρόσωπον
474 3486 571 3540 τοῦ
603 3488 883 3558 μείναντος
920 3490 978 3542 ὲν
1011 3489 1282 3561 ἀπειθείᾳ.
1324 3491 1410 3555 Ὠς
1436 3492 1547 3567 γάρ
1574 3494 1732 3548 ἀπει-

174 3571 331 3644 θήσας
358 3576 437 3647 τῷ
468 3577 611 3631 ἐλέει
652 3578 747 3632 τοῦ
783 3578 941 3645 Θεοῦ,
976 3581 1068 3633 καὶ
1107 3580 1196 3635 διά
1236 3580 1395 3636 τοῦτο
1443 3601 1735 3658 παρεωρα-

177 3664 338 3733 μένος,
365 3671 461 3723 καὶ
502 3670 561 3723 ἐν
592 3670 755 3725 παντὶ
797 3670 1033 3740 γεγονὼς
1066 3673 1242 3745 κακῷ,
1287 3676 1549 3748 ἀνανήιρει
1596 3676 1734 3748 πρὸς

179 3759 528 3828 μετάγνωσιν,
559 3763 1026 3835 κατοικτείρεσθαι
1067 3766 1418 3837 παρακαλῶν.
1467 3770 1733 3839 Σημαίνε-

171 3867 252 3903 ται
281 3852 335 3904 δὲ
364 3855 396 3924 ή
428 3855 518 3907 ἐπ’
552 3855 783 3925 ἐσχάτου
823 3857 1016 3927 καιροῦ
1045 3858 1384 3930 γενησομένη
1417 3859 1609 3931 κλῆσις
1635 3862 1731 3915 αὐ-

171 3943 285 3999 τῶν.
317 3946 386 4000 Τὸ
406 3948 585 4012 ἔλεός
612 3964 728 4003 σου
756 3949 851 4002 καί
893 3949 933 4017 ἡ
971 3948 1220 4017 ἀλήθειά
1246 3968 1363 4006 σου
1407 3952 1731 4020 διαπαντὸς

172 4036 573 4093 ἀντιλάϐοιγτό
595 4057 732 4108 μου.
767 4040 1181 4113 Ὀμολογοῦμεν,
1223 4044 1406 4115 φησιν,
1438 4044 1523 4099 ὅτι
1567 4045 1729 4109 αὐτὸς

174 4121 246 4188 εἷς
269 4128 297 4180 ό
324 4130 492 4185 πάλαι
525 4128 713 4194 σῶξων
731 4132 883 4201 ἡμᾶς
910 4133 1005 4187 καὶ
1036 4133 1583 4205 ἀντιλαμϐανόμενος.
1621 4137 1730 4190 Καὶ

172 4220 393 4289 τυχοῦσα
423 4223 525 4293 τῆς
554 4224 826 4296 σωτηρίας
852 4230 885 4295 η
909 4224 1002 4278 τοῦ
1040 4224 1174 4279 θεοῦ
1210 4225 1525 4298 Ἐκκλησία,
1557 4228 1727 4283 δεῖται

174 4313 321 4366 πάλιν
342 4316 443 4385 τῆς
472 4314 569 4369 τοῦ
601 4315 736 4370 Θεοῦ
768 4317 1108 4390 προμηθείας
1138 4318 1227 4372 διὰ
1248 4318 1348 4383 τάς
1380 4320 1727 4386 παντοδαπάς

173 4406 269 4458 τῶν
294 4408 596 4480 ἀνθρώπων
642 4410 735 4463 καὶ
765 4409 1031 4480 δαιμόνων
1079 4411 1496 4477 ἐπαναστάσεις,
1542 4405 1619 4467 ὧν
1662 4416 1725 4468 ιν

173 4501 272 4561 τοῖς
298 4500 421 4570 ἑξῆς
454 4502 678 4572 μνήμην
706 4504 963 4559 ποιείοαι.

1840 2008 1973 2065 Illud
1996 2019 2201 2075 autem,
2231 2019 2287 2064 tu
2325 2015 2497 2079 scisti,
2550 2016 2814 2085 positum,
2850 2034 2948 2088 pro
3000 2019 3092 2073 tibi
3128 2024 3408 2090 proprium

1838 2100 2036 2157 fecisti.
2078 2100 2364 2157 Veritatem
2392 2116 2539 2159 tuam
2566 2116 2616 2160 et
2648 2112 2887 2163 salutare
2938 2120 3088 2164 tuum
3118 2111 3253 2167 dixi.
3289 2110 3407 2169 Non

1837 2192 1964 2249 silui
2015 2209 2192 2264 neque
2225 2196 2424 2250 retinui
2479 2198 2532 2251 in
2565 2202 2887 2269 memetipso
2917 2203 3197 2258 veritatem
3236 2213 3408 2264 luant.

1843 2281 2142 2339 Veritatem
2172 2295 2353 2340 autem
2385 2287 2484 2352 ait,
2530 2289 2899 2360 evangelicam
2944 2293 3406 2361 praedicationem.

1835 2372 2025 2446 Neque
2052 2378 2291 2432 salutare
2330 2388 2484 2431 tuum
2523 2381 2807 2446 abscondi,
2856 2381 2908 2437 id
2942 2392 3049 2444 est.
3089 2386 3282 2441 salutis
3309 2389 3408 2443 abs

1836 2479 1888 2527 te
1918 2473 2059 2527 data:
2086 2475 2381 2537 viam,sive
2400 2476 2632 2542 gratiam
2664 2494 2787 2547 qua!
2805 2494 2899 2546 per
2931 2480 3090 2535 ﬁdem
3108 2481 3401 2535 obtinetur.

1833 2559 2138 2616 Concilium
2163 2573 2346 2617 autem
2387 2565 2619 2619 multum
2665 2570 2739 2621 ait
2786 2567 3082 2625 Ecelesiam
3110 2586 3177 2625 ex
3212 2570 3407 2627 lsraelc

1832 2660 1887 2707 et
1914 2667 1982 2706 ex
2007 2653 2260 2724 gentibus
2292 2670 2696 2726 congregatam.
2746 2658 2967 2715 Revelat
2991 2662 3192 2731 quippe
3216 2661 3405 2717 Domi-

1835 2757 1939 2799 nus
1979 2755 2189 2801 natura:
2235 2746 2488 2801 rationali
2544 2751 2917 2806 sertnnnesde
2960 2753 3330 2812 misericordia
3353 2765 3408 2812 et

1840 2838 2091 2905 veritate,
2124 2848 2178 2895 et
2201 2855 2485 2897 sermones
2513 2843 2579 2897 de
2604 2844 2799 2900 salute.
2852 2844 2919 2902 Et
2948 2863 3231 2907 sermones
3273 2852 3403 2922 qni-

1840 2926 1962 2983 dem
1993 2929 2059 2984 de
2090 2929 2317 2986 veritate
2347 2933 2589 2989 inveniet
2619 2935 2785 2991 homo
2821 2938 2875 2992 in
2900 2943 3399 3012 contemplatione:

1833 3035 2123 3078 sermones
2156 3032 2338 3080 autem
2367 3025 2435 3082 de
2460 3027 2655 3093 salute,
2683 3029 2739 3084 in
2772 3032 3010 3091 actione.

1904 3234 1989 3288 12.
2034 3234 2109 3288 Tu
2134 3246 2329 3302 autem,
2374 3238 2614 3301 Domine.
2649 3244 2897 3314 κείουσα
2945 3247 3117 3315 facias
3170 3252 3398 3307 miserae

1836 3324 2001 3379 tiones
2029 3339 2149 3379 tuas
2182 3343 2215 3380 α
2243 3344 2343 3384 me.
2402 3326 2696 3399 Postquam
2742 3334 2932 3389 docuit
2960 3335 3217 3396 Christus
3245 3357 3369 3398 meo

1834 3417 2033 3471 nomint
2064 3419 2406 3488 mysterium,
2435 3422 2650 3479 inducit
2698 3423 2915 3481 Israelis
2946 3443 3259 3498 personam,
3301 3434 3397 3504 qui

1834 3502 1888 3557 in
1942 3505 2323 3565 incredulitate
2356 3514 2677 3580 permansit.
2741 3514 2809 3571 Ut
2851 3530 3072 3589 autem,
3132 3502 3396 3593 quoniam

1842 3595 2240 3655 misericordiae
2296 3600 2390 3656 Dei
2455 3618 2562 3656 non
2615 3605 3031 3677 obtemperavit,
3062 3614 3399 3683 neglectus:

1833 3684 1945 3742 Deo
1967 3698 2069 3752 est,
2091 3696 2145 3742 et
2182 3691 2347 3744 nullis
2379 3706 2486 3746 non
2506 3692 2733 3749 allectus
2772 3706 2854 3751 est
2882 3699 3041 3755 malis
3066 3717 3082 3768 ;
3108 3703 3250 3775 resip
3273 3705 3398 3771 scit,

1831 3782 2232 3848 etpmnitentia
2287 3793 2469 3839 motus
2496 3795 2650 3857 rogat
2695 3796 2755 3843 ut
2796 3804 2863 3844 ex
2896 3791 3271 3849 misericordia
3300 3812 3391 3852 se-

1834 3880 1958 3919 cum
1987 3878 2202 3935 agatur.
2235 3868 2586 3941 Signilicatur
2610 3886 2795 3931 autem
2828 3877 3144 3937 Judaeorum
3182 3890 3398 3943 vacatio

1828 3956 2088 4011 extremis
2142 3960 2479 4028 temporibus
2528 3962 2733 4019 futura.
2788 3964 3160 4024 Misericordia
3197 3981 3289 4027 tua
3342 3986 3393 4028 et

1828 4046 2016 4100 veritas
2048 4057 2139 4103 tua
2168 4065 2369 4119 semper
2387 4053 2680 4124 suscipiant
2720 4072 2823 4111 me.
2881 4057 3240 4129 Conlitemur,
3288 4066 3391 4131 ait,

1829 4144 1881 4191 te
1906 4138 2036 4193 olim
2089 4137 2260 4194 fuisse
2288 4142 2382 4211 qui
2420 4158 2521 4199 nos
2551 4148 2827 4215 servabas,
2875 4160 2929 4207 et
2960 4155 3214 4223 praesidio
3238 4157 3399 4215 nobis

1826 4242 1970 4282 eras.
2005 4226 2070 4283 Et
2109 4229 2239 4284 olim
2267 4231 2495 4289 salutem
2519 4248 2811 4293 consecuta
2840 4238 2931 4296 Dei
2967 4240 3209 4301 Ecclesia
3239 4259 3396 4317 rogat

1826 4318 2027 4374 iterum
2078 4319 2173 4376 Dei
2230 4324 2624 4394 providentiam
2675 4339 2733 4385 et
2780 4332 3068 4398 auxilium,
3118 4339 3387 4395 adversus

1826 4411 2157 4482 multiplices
2186 4415 2468 4471 hominum
2498 4429 2660 4488 atque
2689 4421 3000 4480 daemonum
3034 4426 3389 4499 irruptiones.

1828 4518 2062 4572 quarum
2090 4507 2409 4561 memoriam
2436 4509 2489 4562 in
2524 4513 2883 4582 sequentibus
2906 4517 3039 4587 agit.

246 4592 367 4646 Ὅτι
396 4593 724 4663 περιέσχον
742 4611 819 4663 με
846 4595 1000 4649 κακὰ
1016 4588 1105 4650 ὧν
1124 4598 1235 4651 οὐκ
1271 4598 1441 4653 ἔστιν
1455 4598 1719 4670 ἀριθμός.

1897 4595 1983 4649 15.
2018 4594 2280 4661 Quoniam
2327 4599 2781 4657 circumdederunt
2827 4622 2909 4660 me
2939 4608 3106 4678 mala,
3165 4628 3391 4682 quorum

173 4680 246 4735 τὰ
277 4685 409 4753 μετά
431 4684 532 4756 τὴν
561 4685 815 4739 ἀπιστίαν
842 4686 941 4757 τήν
963 4689 1041 4751 είς
1071 4687 1306 4759 Χριστὸν
1336 4690 1722 4763 συμϐεϐηκότα

172 4773 338 4839 αὑτοῖς
362 4774 631 4846 διηγεῖται
670 4776 835 4828 κακά.
886 4777 1391 4847 Ἐπληθύνθησαν
1418 4781 1571 4850 ὑπὲρ
1614 4782 1721 4850 τὰς

172 4867 359 4935 τρίχας
373 4867 487 4936 τῆς
505 4866 770 4936 κεφαλῆς
789 4885 927 4936 μου,
960 4870 1107 4939 καὶὴ
1147 4870 1360 4938 καρδία
1376 4890 1495 4941 μου
1515 4873 1721 4943 ἐγκατ-

170 4953 325 5012 έλιπέ
371 4977 470 5029 με.
514 4960 733 5029 Ὅμοιον
759 4960 892 5013 ὡσεὶ
924 4960 1109 5029 ἔλεγεν
1130 4977 1144 4990 ⁸
1190 4962 1335 5027 Ἰσος
1357 4962 1555 5032 γέγονα
1606 4969 1721 5030 τοῖς

171 5046 258 5101 οὐκ
283 5049 461 5118 ἔχουσι
491 5050 665 5122 νοῦνῆ
694 5050 918 5124 καρδίαν
936 5068 954 5084 θ
982 5054 1171 5122 γέγονε
1209 5052 1320 5128 γὰρ
1357 5055 1483 5119 λαὸς
1516 5057 1718 5130 μωρὸς,

174 5140 256 5191 καὶ
280 5141 395 5211 οὐχὶ
425 5142 610 5211 σοφός.

243 5229 790 5300 Ἀποστραερείησαν
810 5236 898 5302 είς
918 5235 990 5289 τὰ
1019 5235 1211 5290 ὀπίσω
1233 5237 1328 5291 καί
1362 5255 1721 5310 καταισχυν-

175 5322 396 5387 θείησαν
434 5327 491 5377 οι
539 5323 816 5392 θέλοντές
858 5343 962 5396 μοι
1020 5326 1195 5381 κακά.
1236 5329 1305 5381 Ἦ
1360 5329 1469 5382 τῶν
1515 5332 1720 5402 νοητῶν

174 5412 361 5483 ίχθρῶν
395 5414 755 5479 καταϐοιῖισιν,
790 5417 823 5487 ἢ
852 5417 961 5470 τῶν
998 5419 1375 5490 Γραμμτέων
1407 5420 1501 5473 καὶ
1549 5423 1717 5495 Φαρι-

174 5501 323 5556 σαίων
342 5504 451 5557 τῶν
475 5504 966 5561 ἐπιϐουλευσάιτων
998 5510 1062 5579 τῇ
1114 5510 1355 5580 σωτηρία
1394 5511 1494 5580 τῆς
1540 5511 1717 5583 ψυχῆς

172 5592 340 5659 αὐτοῦ,
398 5596 665 5663 λεγόντων
718 5597 895 5651 αὐτῶν
944 5600 1071 5670 περὶ
1128 5601 1367 5669 Χριστου
1426 5602 1553 5655 ποτὶ
1595 5604 1714 5675 μέν’

175 5684 281 5737 οὐκ
306 5686 586 5741 ἐκϐάλλει
614 5689 687 5742 τὰ
714 5687 986 5757 δαιμόνια
1023 5694 1075 5744 εί
1100 5690 1187 5760 μὴ
1215 5692 1284 5744 ἐν
1316 5692 1673 5754 Βεελζὲεούλ
1698 5711 1714 5727 '

173 5776 285 5829 ποτὶ
307 5778 378 5833 δέ·
415 5782 729 5849 Δαιμόνιον
754 5781 937 5850 ἔχεις,
954 5784 1045 5849 τίς
1072 5800 1145 5837 σε
1168 5781 1325 5851 ζητεῖ
1342 5786 1717 5851 ἁποκτεῑναι;

1828 4701 1931 4739 non
1957 4696 2034 4741 est
2080 4703 2346 4743 numerus.
2378 4688 2514 4746 Mala
2553 4704 2801 4748 recenset
2836 4712 2961 4767 quae
3022 4699 3156 4769 ipsis
3188 4716 3389 4757 secun-

1826 4776 1955 4832 dum
1991 4793 2146 4833 suam
2177 4793 2303 4849 erga
2320 4778 2599 4837 Christum
2630 4783 3001 4843 inﬁdelitatem
3025 4792 3385 4851 obvenerunt.

1829 4868 2205 4939 llultiplicatae
2237 4882 2360 4925 sunt
2390 4889 2547 4941 super
2576 4876 2799 4937 capillos
2829 4880 3021 4949 capitis
3045 4883 3168 4949 mei,
3200 4897 3248 4938 et
3298 4902 3394 4937 cor

1825 4976 1993 5014 meum
2020 4960 2298 5032 dereliquit
2327 4980 2423 5017 me.
2454 4963 2683 5022 Perinde
2704 4979 2788 5023 est
2815 4983 2880 5025 ac
2921 4970 2969 5026 si
3000 4972 3205 5029 diceret
3247 4992 3263 5029 :
3298 4973 3387 5029 Si-

1825 5051 1975 5108 milis
2002 5050 2080 5106 l'ui
2119 5052 2200 5109 eis
2227 5053 2319 5124 qui
2366 5070 2465 5111 nec
2493 5068 2728 5113 mentem
2760 5076 2862 5117 nec
2887 5078 2983 5117 cor
3009 5062 3233 5123 habent.
3282 5064 3389 5121 Fu—

1818 5153 1943 5199 ctus
1967 5152 2052 5198 est
2068 5146 2213 5199 enim
2245 5146 2479 5215 populus
2513 5150 2719 5206 stultus
2746 5162 2800 5206 et
2847 5153 3136 5224 insipiens.

1891 5235 1977 5290 15.
2030 5236 2351 5291 Avertantur
2392 5250 2681 5296 retrorsum
2738 5253 2789 5299 et
2816 5247 3123 5302 erubescant
3171 5250 3263 5321 qui
3296 5267 3385 5305 vo-

1820 5327 1935 5382 lunt
1978 5329 2109 5383 mihi
2155 5331 2319 5385 mala.
2352 5330 2460 5388 Aut
2490 5333 2755 5394 adversus
2783 5339 3095 5407 spirituales
3130 5344 3385 5401 inimicos

1818 5422 2146 5484 exclamant.
2183 5432 2277 5477 aut
2312 5424 2573 5481 adversus
2599 5429 2821 5485 Scribas
2851 5444 2905 5486 et
2941 5432 3268 5501 Pharins,
3287 5439 3381 5507 qui

1821 5513 1983 5569 saluti
2022 5514 2216 5569 animae
2261 5514 2381 5584 ejus
2412 5518 2808 5576 insidiabantur
2845 5524 2912 5579 de
2939 5524 3160 5581 Christo
3194 5527 3384 5582 dicen-

1822 5614 1925 5670 tes,
1953 5605 2283 5661 modo:Non
2307 5609 2455 5677 ejicit
2491 5610 2755 5667 da'monia
2784 5617 2887 5670 nisi
2918 5618 2972 5671 in
2997 5616 3276 5673 Beelzebul
3300 5618 3380 5684 ”;

1821 5698 2018 5752 modo:
2079 5696 2405 5754 ﬂamonium
2457 5701 2652 5771 habes,
2693 5708 2814 5777 quis
2861 5718 2909 5763 ts
2943 5712 3134 5781 quierit
3174 5710 3379 5781 interﬁ-

1821 5805 1935 5843 cere
1960 5789 2010 5843 ‘?

231 5868 269 5898 ’⁷
303 5868 399 5928 lsa.
439 5888 558 5936 vm,
596 5872 644 5931 ι.
714 5875 759 5907 ⁸⁸
788 5873 986 5933 Jerem.
1011 5892 1158 5945 xxxi,
1195 5878 1282 5933 53.
1359 5886 1405 5917 θ’
1432 5878 1620 5935 Matth.
1658 5897 1731 5937 ιιι

1833 5882 1877 5937 ι.
1956 5886 1970 5915 ¹
2000 5881 2157 5939 Joan.
2194 5899 2264 5938 vn
2315 5885 2404 5940 20.
