4108 6482
746 419 843 472 195

742 643 841 679 nus
868 624 1126 678 sollicitus
1158 626 1257 677 erit
1305 625 1428 678 mei.
1466 624 1632 677 lsrael
1679 625 1768 678 ille
1824 625 1952 677 olim
1998 624 2288 677 admodum

744 719 893 770 ferox
931 719 995 770 ad
1044 716 1411 786 paenitentiam
1474 732 1689 781 versus,
1741 732 1862 771 sese
1918 731 2210 785 pauperem
2234 724 2288 769 et

744 808 1045 861 mendicum
1102 817 1278 861 vocat.
1324 806 1387 861 Et
1442 808 1687 878 adjungit
1714 824 1773 864 se
1812 808 2105 863 Dominum
2137 824 2287 878 spem

741 897 940 951 habere
965 914 1137 951 suam.

810 988 1034 1056 Adjulor
1066 1006 1206 1041 meus
1239 1001 1285 1041 et
1309 1000 1569 1058 protector
1597 1006 1737 1043 meus
1779 1000 1833 1043 tu
1859 1007 1934 1057 es,
1953 990 2092 1045 Deus
2124 1008 2287 1052 meus,

742 1093 801 1129 ne
832 1080 1139 1132 tardaret-is.
1186 1080 1297 1143 (19.)
1334 1080 1520 1133 Daniel
1544 1080 1831 1137 Barbarus.
1867 1080 2019 1136 Hunc
2061 1082 2286 1146 exitum,

741 1167 930 1237 inquit,
958 1169 1173 1222 habebit
1200 1168 1463 1233 Ecclesia,
1512 1180 1567 1224 ut
1602 1187 1723 1241 quae
1776 1173 1926 1240 prius
1956 1187 2158 1241 pauper
2187 1171 2287 1226 fuit

734 1268 787 1311 rt
827 1259 877 1311 in
913 1260 1115 1327 mundo
1164 1260 1340 1329 inopia
1391 1262 1625 1330 graviter
1674 1274 2028 1331 premeretur,
2073 1263 2284 1316 tandem

735 1351 971 1417 potentia
996 1361 1084 1403 tua
1116 1350 1335 1415 (litetur,
1373 1361 1426 1406 ct
1461 1354 1665 1407 auxilio
1693 1365 1787 1408 tuo
1814 1355 2050 1424 gloriosa
2094 1355 2282 1411 redda-

735 1448 843 1501 tur,
875 1439 1015 1503 quod
1043 1439 1171 1507 petit
1214 1455 1280 1494 ne
1317 1441 1369 1494 in
1406 1442 1625 1511 longum
1671 1445 2041 1511 protrahatur,
2075 1451 2127 1496 et
2154 1458 2284 1511 pro-

734 1542 853 1599 pter
889 1532 1007 1598 ejus
1052 1533 1363 1600 petitionem
1410 1533 1545 1586 nihil
1588 1535 1911 1597 morabitur,
1962 1534 2119 1603 juxta
2152 1534 2283 1587 illud

732 1625 880 1692 quod
918 1625 1115 1677 dicitur
1148 1626 1167 1656 ⁸
1195 1644 1208 1678 :
1259 1624 1476 1677 Veniens
1508 1628 1671 1679 veniet
1705 1636 1752 1679 et
1784 1644 1886 1680 non
1918 1628 2174 1681 tardabit.

971 1713 1021 1765 l.
1050 1711 1112 1765 In
1138 1714 1293 1781 linem
1328 1714 1663 1770 PSALMUS
1696 1718 1885 1771 David.
1922 1718 2038 1773 XL.

1304 1806 1702 1875 Argumentum.

1580 417 1635 473 S.
1680 417 2047 471 ATHANASII
2088 416 2237 470 OPP.
2282 416 2455 470 PARS
2502 419 2587 473 lll.
2624 452 2689 463 —
2728 421 3139 477 EXEGETICA.

814 534 899 587 i8.
927 532 1036 601 Ego
1069 542 1241 585 autem
1274 534 1540 585 mendicus
1593 549 1706 585 sum
1766 543 1815 587 et
1863 549 2079 602 pauper,
2112 531 2290 584 Domi-
2322 534 2368 591 Α

3849 428 3949 483 196

2477 535 2613 602 Ἰἰτὼ
2643 535 2710 588 δὲ
2741 540 2972 604 πτωχός
2997 539 3112 604 ειμι
3145 536 3240 588 καί
3282 536 3503 604 adripe:
3538 538 3754 604 Κύριος
3778 556 3957 606 φρογ-

2396 627 2507 679 τιεῖ
2526 646 2662 696 μου.
2715 629 2772 681 '0
2816 630 2955 682 πάνυ
2986 629 3189 699 θρασὺς
3234 628 3467 700 Ἰσραὴλ,
3504 630 3563 681 εν
3616 630 3953 699 μεταγνώσει

2391 716 2697 785 γενόμενος,
2727 717 2933 786 πένητα
2956 717 3050 769 καὶ
3082 718 3291 785 πτωχὸν
3313 718 3503 771 ἑαυτὸν
3532 718 3815 772 ἁποκαλει.
3849 719 3956 772 Καὶ

2398 804 2503 875 μὴν
2527 807 2617 858 καὶ
2644 808 2805 861 αὑτὸν
2840 809 2982 878 ἔχειν
3011 808 3099 860 τὸν
3128 808 3328 879 Κύριον
3367 810 3467 880 τὴν
3498 809 3688 862 ἐλπίδα
3721 810 3951 879 ἐπιγρά-

2392 913 2566 963 φεται.

2462 990 2684 1054 Βοηθός
2708 1006 2824 1057 μου
2872 988 2970 1041 καί
3020 986 3476 1056 ὑπερασπιστὴς
3500 1006 3620 1056 μου
3660 987 3718 1043 εἳ
3767 990 3851 1043 σύ
3874 1006 3888 1020 ο
3920 994 3952 1041 ὁ

2392 1078 2534 1141 Θεός
2568 1096 2707 1145 μου,
2750 1078 2829 1146 μὴ
2880 1080 3189 1146 χρονίσῃς.
3224 1079 3317 1141 Εἰς
3365 1079 3421 1132 δὲ
3468 1080 3638 1132 ταῦτα
3688 1079 3758 1132 τὰ
3796 1078 3949 1147 τέλη,

2389 1168 2541 1237 φησὶ,
2577 1169 2906 1238 προὸήσεται
2937 1172 2968 1240 ἡ
3026 1169 3318 1240 Ἐκκλησία
3354 1170 3713 1241 πτωχεύσασα
3755 1171 3953 1241 πρότεο

2389 1277 2481 1327 ρον
2513 1260 2605 1312 καὶ
2630 1258 2717 1311 διὰ
2744 1260 2931 1322 πενίας
2970 1260 3170 1332 πολλῆς
3221 1259 3449 1314 ἐλθοῦσα
3493 1262 3550 1313 ὲν
3598 1260 3811 1330 κόσμῳ,
3859 1262 3951 1314 καὶ

2385 1352 2450 1419 τῇ
2484 1349 2631 1419 παρὰ
2666 1349 2757 1402 σοῦ
2787 1350 3130 1421 πλουτήσασα
3164 1351 3408 1421 δυνάμει,
3437 1352 3528 1404 καὶ
3559 1354 3626 1422 τῇ
3660 1353 3813 1425 παρὰ
3858 1352 3947 1404 σοῦ

2383 1436 2696 1501 δοξασῦεῖσα
2733 1440 3019 1509 ἐπικουρίᾳ
3044 1479 3058 1501 ,
3100 1441 3166 1511 ἣν
3199 1441 3342 1494 αίτεῐ
3376 1440 3449 1510 μὴ
3483 1441 3754 1512 χρονίζειν
3783 1482 3799 1503 ,
3856 1440 3947 1492 καὶ

2383 1530 2469 1582 διὰ
2500 1529 2597 1599 τὴν
2626 1530 2838 1599 αἴτησιν
2874 1531 2932 1582 ού
2966 1534 3185 1601 χρονιεῖ,
3226 1533 3365 1586 καθὰ
3398 1532 3615 1599 λέγεται
3644 1534 3727 1586 τό*
3770 1535 3825 1586 Ὀ
3858 1533 3949 1601 ἐρα

2384 1620 2637 1687 χόμενος
2671 1618 2822 1685 ἣξει,
2847 1620 2944 1671 καί
2972 1622 3043 1673 οὐ
3073 1621 3312 1689 χρονιεῖ.

2560 1715 2661 1778 Eli;
2694 1713 2756 1765 τὸ
2784 1714 2957 1780 τέλος
2992 1716 3297 1768 ΨΑΛΜΟΣ
3334 1714 3413 1781 τῷ
3444 1717 3643 1771 Δαυτδ.
3676 1720 3768 1771 Μ’.

2706 1804 3038 1869 ’Υπόθεσιςκ
3073 1803 3307 1874 (Incerto
3344 1809 3598 1879 auctore.)

731 1891 975 1950 Praesens
1028 1896 1270 1967 psalmus
1302 1874 1489 1951 beatos
1540 1902 1796 1968 prieJicat
1847 1916 1943 1957 eos
1977 1903 2070 1971 qui
2112 1874 2322 1959 credi-1

2396 1894 2453 1947 Ὀ
2485 1893 2835 1965 προκείμενος
2862 1895 3071 1966 ψαλμδς
3114 1897 3406 1967 μακαρίζει
3450 1874 3589 1962 τοὺς
3622 1898 3941 1952 πιστεύσαν-

801 1988 999 2042 derunt
1026 1990 1077 2042 in
1108 1990 1282 2058 ipsum
1328 1989 1629 2056 Christum,
1661 1993 1751 2063 qui
1803 2010 1933 2049 sane
1968 1997 2088 2050 ﬁdei
2142 2012 2281 2065 pra:-

802 2079 907 2130 mia
942 2080 1073 2147 ipsis
1096 2079 1316 2140 tribuit.
1372 2096 1530 2135 suum
1569 2082 1774 2137 scilicet
1803 2084 2087 2139 auxilium.
2120 2084 2283 2140 Indu-

804 2168 945 2222 citur
969 2178 1146 2223 autem
1189 2171 1302 2241 ipsa
1334 2170 1637 2228 Salvatoris
1672 2190 1903 2243 persona
1952 2176 2282 2232 maledicens

806 2258 1014 2315 Iudaici
1043 2265 1225 2332 populi
1273 2265 1627 2334 principibus,
1670 2266 1903 2321 maxime
1935 2278 2113 2322 autem
2164 2284 2284 2322 om-

800 2355 971 2416 nium,
1000 2355 1284 2421 proditori.

796 2442 849 2495 2.
884 2443 1078 2496 Beatus
1103 2446 1190 2513 qui
1242 2446 1491 2515 intelligit
1530 2465 1683 2516 super
1721 2466 1934 2518 egenum
1972 2460 2022 2504 et
2078 2468 2278 2521 paupe-

730 2550 857 2587 rem.
892 2532 1130 2604 Egcnum
1179 2545 1233 2590 et
1266 2553 1559 2608 pauperem
1589 2540 1867 2595 Christum
1907 2552 2082 2605 vocat,
2114 2542 2269 2612 juxta

730 2625 779 2675 id
830 2626 974 2693 quod
1001 2625 1205 2679 dictum
1239 2635 1323 2680 est
1356 2627 1414 2679 ἐ
1460 2627 1612 2681 Dives
1646 2646 1763 2681 cum
1793 2639 1952 2696 esset,
1975 2632 2122 2700 inops
2154 2649 2274 2701 pro-

725 2725 838 2785 pter
866 2732 958 2769 nos
1012 2717 1223 2785 effectus
1252 2728 1349 2773 est.
1383 2718 1637 2774 Moralem
1680 2720 1783 2776 hoc
1816 2722 1937 2775 loco
1966 2723 2269 2776 doctrinam

726 2808 982 2877 praemisit
1016 2810 1328 2878 prophetiae,
1366 2822 1421 2865 ut
1451 2827 1516 2865 ex
1541 2814 1750 2882 psalmo
1782 2814 1987 2869 utilitas
2019 2816 2276 2884 utrinque

724 2899 1049 2967 proveniret.
1104 2898 1341 2971 Ecquem
1398 2902 1615 2956 beatum
1657 2905 1949 2972 praedicat?
2001 2920 2123 2959 eum
2180 2906 2274 2974 qui

725 2989 972 3059 intelligit
994 3006 1157 3059 super
1187 3007 1415 3060 egenum
1439 3002 1491 3047 et
1517 3008 1828 3063 pauperem.
1877 2995 2125 3049 videlicet
2149 3010 2272 3049 eum

722 3080 817 3148 qui
852 3082 1053 3149 cogitat
1074 3084 1239 3150 quod,
1266 3083 1426 3151 hujus
1458 3086 1630 3155 gratia
1664 3084 1937 3153 Christus,
1963 3087 2113 3141 dives
2149 3103 2272 3142 cum

722 3182 888 3237 esset,
924 3189 1126 3243 pauper
1156 3175 1377 3230 ell‘ectus
1420 3186 1523 3241 est,
1556 3186 1614 3232 ut
1668 3193 1766 3233 nos
1800 3195 2020 3249 quoque
2066 3196 2256 3249 paupeo

724 3279 843 3317 rum
879 3272 1058 3332 utpote
1088 3264 1314 3320 fratrum
1340 3264 1613 3321 Creatoris
1654 3281 1707 3322 et
1732 3268 1930 3336 judicis
1954 3270 2125 3323 nostri
2167 3273 2272 3325 mi-

720 3369 1049 3409 sereremur.
1093 3353 1313 3424 Ecquod
1341 3357 1545 3410 amoris
1572 3372 1696 3425 erga
1723 3372 1988 3426 pauperes
2015 3359 2223 3415 lucrum
2250 3363 2272 3415 ‘.’

722 3444 789 3497 lu
812 3444 898 3499 die
929 3445 1070 3497 mala
1112 3446 1359 3499 liberabit
1393 3463 1509 3499 eum
1550 3446 1828 3502 Dominus.
1864 3447 2145 3517 Signiﬁcat
2174 3468 2271 3505 au-

723 3546 827 3590 tem
858 3536 1047 3605 judicii
1079 3536 1243 3599 diem.
1290 3554 1411 3607 qnzr
1456 3538 1672 3594 dolores
1713 3541 2087 3610 peccatoribus
2111 3551 2273 3612 atque

720 3630 932 3684 labores
989 3628 1201 3684 inferet.
1254 3629 1529 3684 Liberabit
1559 3630 1839 3694 Dominus,
1898 3632 1991 3701 qui
2028 3634 2119 3688 lux
2158 3648 2261 3699 est,

724 3715 1023 3787 pauperum
1059 3728 1323 3773 amantes.
1364 3719 1497 3773 Nam
1518 3720 1731 3774 debitor
1752 3722 1859 3776 illis
1903 3733 1986 3777 est
2017 3724 2272 3779 humani-

722 3810 851 3864 t‘atis
875 3821 1035 3880 atque
1067 3809 1464 3880 ollicii,quippe
1501 3827 1626 3865 cum
1656 3814 1723 3867 ab
1752 3814 1855 3869 illis
1872 3815 2269 3887 eleemosynam

721 3900 790 3954 sit
815 3910 1123 3967 mutuatus;
1150 3916 1273 3954 nam
1305 3917 1399 3971 per
1438 3902 1779 3959 Salomonem
1824 3904 1991 3961 dixit:
2031 3906 2133 3971 Qui
2162 3909 2264 3959 mi-

719 4002 918 4047 seratur
933 3994 1175 4061 pauperis
1212 3994 1495 4060 faneratur
1522 3994 1627 4049 Deo
1656 3996 1710 4062 ‘;
1744 4005 1797 4051 et
1817 4006 2009 4067 suapte
2042 4015 2170 4053 ore:
2206 3999 2272 4052 In

719 4095 968 4154 quantum
1005 4084 1176 4152 feciisti
1206 4086 1295 4137 uni
1347 4101 1411 4139 ex
1462 4088 1541 4138 his
1575 4088 1805 4141 minimis
1854 4093 2003 4151 meis.
2046 4092 2171 4144 milii
2198 4093 2273 4158 [e-

720 4175 838 4228 cisti
866 4176 908 4227 ’.
957 4172 1022 4227 In
1053 4176 1134 4228 die
1162 4176 1301 4228 mala
1348 4176 1589 4230 liberabit
1619 4195 1736 4231 eum
1796 4178 2075 4235 Dominus.
2125 4181 2269 4236 Diem

723 4264 941 4332 malam,
987 4266 1342 4319 tentationum
1366 4265 1631 4335 impetum
1664 4266 1795 4321 dicit
1821 4276 1875 4321 et
1926 4268 2268 4324 inimicorum

724 4357 1057 4411 vexationes.
1087 4357 1387 4412 Adumbrat
1414 4368 1623 4421 autem,
1653 4360 1866 4428 opinor,
1895 4358 2085 4428 judicii
2106 4361 2269 4428 diem,

727 4446 1018 4500 terribilem
1047 4462 1197 4513 sane,
1255 4448 1735 4520 improborumque
1796 4451 2065 4506 ultricem.
2108 4451 2272 4507 Polli-

720 4544 872 4589 cetur
913 4543 1088 4588 autem
1118 4550 1306 4603 puram
1332 4536 1475 4592 illius
1507 4540 1842 4607 paupertatis
1880 4540 2267 4611 cognitionem,
2302 4578 2346 4634 Β

719 4626 995 4681 horribilis
1026 4627 1169 4682 illius
1194 4626 1298 4682 dici
1319 4629 1474 4684 malis
1505 4633 1680 4700 ipsum
1708 4632 2077 4687 liberaturam.

792 4799 1011 4873 [Beatus
1043 4802 1123 4857 vir
1168 4802 1275 4867 ille,
1313 4804 1403 4871 qui
1452 4804 1517 4857 de
1552 4804 1878 4873 pauperibus
1922 4808 1997 4861 uti
2032 4823 2266 4863 consen-

722 4902 934 4947 taneum
961 4906 1041 4948 est
1068 4895 1296 4963 cogitat;
1324 4909 1387 4947 ac
1412 4895 1455 4947 si
1474 4893 1695 4959 diceret,
1715 4894 1813 4962 Qui
1851 4899 2147 4968 intelligere
2170 4916 2266 4955 va-

719 4989 791 5041 let
826 4987 1082 5056 inopiam,
1108 5002 1270 5056 quam
1291 4987 1459 5040 nostri
1484 5002 1648 5043 causa
1666 4991 1905 5060 suscepit
1960 4990 2259 5065 Christus.)

790 5164 841 5218 ὅ.
872 5164 1121 5217 Dominus
1178 5174 1434 5219 conservet
1484 5182 1627 5231 eum,
1678 5177 1727 5221 et
1776 5168 1994 5237 vivi/iret
2050 5187 2189 5233 eum,
2218 5184 2266 5225 et

722 5252 927 5306 beatum
952 5256 1115 5324 faciat
1156 5272 1273 5309 eum
1304 5259 1358 5309 in
1405 5267 1564 5321 terra,
1614 5269 1661 5310 et
1701 5276 1800 5312 non
1829 5260 2007 5314 tradat
2062 5278 2178 5316 eum
2211 5264 2264 5316 in

720 5347 953 5399 animam
977 5349 1304 5402 inimicorum
1329 5349 1462 5417 ejus.
1496 5350 1845 5405 lnimicorum
1880 5352 2253 5421 spiritualium

721 5438 983 5492 videlicet.

788 5527 841 5580 4.
878 5526 1183 5582 Universum
1206 5540 1430 5582 stratum
1462 5530 1573 5598 ejus
1617 5534 1837 5588 versasti
1864 5535 1916 5587 in
1953 5536 2267 5605 inﬁrmitate

790 5680 809 5709 '
839 5677 1034 5733 Hebae.
1072 5698 1152 5744 ll,‘
1172 5680 1227 5738 3.

2450 2001 2545 2048 τας
2577 1988 2653 2048 εἰς
2682 1986 2842 2039 αὑτὸν
2874 1986 2963 2038 τὸν
2994 1988 3225 2058 Χριστόν
3252 2004 3264 2016 ·
3303 1989 3398 2042 κα)⁸
3436 1989 3540 2061 μὴν
3584 1992 3677 2043 καὶ
3711 1990 3941 2061 ἀμοιϐὰς

2451 2080 2630 2141 αὐτοῖς
2657 2078 2753 2148 τῆς
2776 2080 3007 2143 πίστεως
3035 2079 3216 2132 δίδωσι
3242 2080 3338 2151 τὴν
3367 2083 3497 2152 παρ’
3524 2080 3687 2134 αὑτοῦ
3718 2084 3937 2135 ἐπικου-

2452 2168 2591 2238 ρίαν.
2629 2169 2952 2240 Είσφέρεται
2997 2170 3055 2224 δὲ
3099 2172 3193 2225 καὶ
3239 2173 3372 2226 αὐτὸ
3429 2172 3523 2227 τοῦ
3571 2172 3827 2245 Σωτῆρος
3878 2174 3937 2225 τὸ

2452 2259 2760 2329 πρόσωπον,
2788 2260 3083 2329 καταλέγον
3116 2263 3223 2315 τῶν
3265 2280 3324 2315 τε
3374 2264 3649 2335 ἀρνόντων
3672 2263 3769 2317 τοῦ
3810 2266 3909 2317 ’1ου

2449 2350 2610 2403 δαίων
2636 2349 2764 2402 λαοῦ
2801 2352 2893 2403 καὶ
2921 2353 3086 2405 αὑτοῦ
3118 2352 3210 2407 τοῦ
3237 2354 3494 2425 προδότου
3518 2356 3815 2427 εζαιρέτως

2447 2440 2746 2509 Μακάριος
2778 2443 2810 2494 ὀ
2854 2442 3079 2495 συνιὼν
3107 2443 3203 2495 ἐπὶ
3252 2450 3491 2513 πτωχὸν
3537 2446 3637 2498 καί
3690 2446 3937 2516 πένητα.

2381 2533 2597 2602 Πτωχὸν
2628 2532 2721 2585 καὶ
2748 2533 2953 2603 πένητα
2980 2533 3071 2585 τδν
3116 2534 3349 2605 Χριστὸν
3387 2536 3648 2590 ἁποκαλεζ
3694 2538 3838 2591 κατά
3886 2540 3942 2592 τὸ

2378 2622 2661 2694 εἰρημένον
2695 2637 2707 2649 ·
2767 2624 3069 2689 "debetac
3112 2622 3196 2676 ὢν
3240 2623 3581 2695 ἐπτώχευσε
3632 2626 3705 2681 δι’
3759 2628 3937 2697 inter.

2390 2714 2611 2783 Ἦοικὴν
2636 2714 2867 2767 ἐνταῦθα
2892 2714 3235 2768 διδασκαλίαν
3297 2717 3393 2785 τῆς
3432 2718 3766 2787 προφητείας
3810 2735 3918 2793 προ

2377 2806 2582 2871 mea,
2610 2806 2888 2876 ὠφελῆσαι
2920 2806 3012 2858 τὸν
3043 2806 3253 2877 ψαλμὸν
3276 2808 3343 2859 τὰ
3378 2806 3437 2871 ἐξ
3464 2808 3721 2879 ἑκατέρου
3756 2809 3937 2878 βουλό-

2379 2916 2556 2967 μενος.
2589 2899 2696 2951 Καὶ
2724 2899 2842 2951 τίνα
2872 2899 3190 2970 μακαρίζεις
3215 2900 3306 2951 τὸν
3327 2900 3419 2951 ἐπὶ
3458 2899 3668 2969 πτωχὸν
3696 2902 3939 2956 συνιέντα

2376 2990 2470 3041 καὶ
2501 2990 2735 3058 πένητα·
2771 2990 3015 3042 τουτέστι
3042 2990 3135 3042 τὸν
3164 2989 3407 3056 νοοῦντα,
3441 2990 3524 3043 ὅτι
3552 2989 3743 3043 τούτου
3782 2994 3939 3064 χάριν

2376 3080 2403 3129 6
2431 3078 2660 3149 Χριστὸς
2713 3078 2963 3141 πλούσιος
3010 3079 3085 3131 ὢν
3140 3078 3471 3149 ὲπτὼχευσε,
3508 3081 3597 3134 ἶνα
3641 3082 3735 3134 καὶ¹
3783 3085 3940 3155 ἡμεῖς

2375 3172 2498 3233 τοὺς
2528 3170 2773 3240 πτωχοὺς
2802 3170 2876 3233 ὡς
2921 3169 3180 3237 ἀδελφοὺς
3226 3170 3318 3223 τοῦ
3364 3173 3634 3244 ἡμετέρου
3671 3176 3919 3246 Δημιουρ

2375 3260 2470 3329 γοῦ
2496 3262 2587 3313 καί
2626 3259 2809 3332 κριτοῦ
2839 3260 3165 3331 ἐλεήσωμεν.
3204 3260 3311 3312 Καὶ
3354 3260 3405 3312 τί
3439 3262 3535 3333 τῆς
3574 3262 3937 3335 φιλοπτωχίας

2374 3351 2432 3403 τὸ
2470 3352 2695 3423 κέρδοςς
2744 3354 2845 3406 Ἑν
2889 3351 3077 3421 ἡμέρᾳ
3117 3349 3347 3419 πονηρᾷ
3385 3354 3634 3419 ῥύσεται
3678 3357 3867 3408 αὐτὸν
3908 3359 3939 3408 ό

2374 3445 2607 3512 Κύριος.
2645 3445 2802 3514 Δηλοῖ
2820 3444 2875 3496 δὲ
2900 3444 2997 3513 τὴν
3023 3444 3123 3513 τῆς
3146 3443 3377 3513 κρίσεως
3406 3443 3595 3507 ὀδύνας
3621 3448 3735 3509 τοῖς
3760 3447 3939 3517 ἁμαρ-

2373 3538 2558 3597 τωλοῖς
2594 3538 2686 3588 καὶ
2716 3536 2906 3599 πόνους
2941 3536 3324 3607 ἐπιφέρουσαν.
3380 3534 3629 3588 Ῥύσεται
3666 3534 3940 3604 φῶς.τοῦς

2374 3626 2742 3697 φιλοπτώχους
2771 3630 2799 3681 6
2830 3627 3050 3699 Κύριος.
3082 3628 3359 3698 Χρεωστεῖ
3384 3626 3492 3698 γὰρ
3525 3627 3706 3691 αὐτοῖς
3751 3627 3937 3696 φιλαν-

2375 3717 2640 3789 θρωπίαν,
2667 3719 2742 3783 ὠς
2773 3719 2932 3781 αὐτὸς
2961 3719 3057 3789 τὴν
3082 3718 3451 3789 ἐλεημοσύνην
3482 3719 3611 3790 παρ’
3642 3719 3823 3782 αὐτοῖς
3855 3720 3942 3772 δα-

2372 3810 2687 3879 νεισάμενος
2712 3826 2723 3838 ·
2761 3810 2854 3862 καὶ
2905 3809 2992 3861 διὰ
3051 3809 3148 3879 μὲν
3199 3808 3291 3861 τοῦ
3347 3810 3689 3879 Σολομῶντος
3728 3812 3897 3865 εἰπών
3924 3829 3937 3842 ·

2385 3900 2448 3952 '0
2469 3898 2653 3953 ἐλεῶν
2679 3898 2914 3966 πτωχὸν
2936 3896 3183 3957 δανείζει
3224 3898 3397 3951 Θεόν·
3449 3900 3626 3971 οίκείᾳ
3660 3899 3719 3952 δὲ
3770 3900 3941 3967 γλώτ-

2372 4007 2441 4064 τῃ
2464 4008 2477 4021 ·
2536 3992 2642 4060 Ἔφ
2673 3990 2824 4044 ὅσον
2880 3988 3199 4056 ἐποιήσατε
3238 3990 3327 4042 ἐνί
3362 3990 3585 4043 τούτων
3637 3989 3755 4044 τῶν
3803 3992 3943 4047 ἐλα-

2374 4085 2617 4152 χίστων,
2648 4083 2777 4151 ἐμοὶ
2807 4081 3149 4149 ἐποιήσατε.
3195 4083 3297 4135 Ἔν
3341 4080 3530 4151 ἡμέρᾳ
3562 4080 3797 4151 πονηρᾷ
3830 4086 3939 4151 ῥύ-

2372 4190 2541 4227 σεται
2572 4174 2758 4227 αὐτὸν
2785 4176 2817 4226 ό
2848 4176 3080 4242 Κύριος.
3120 4173 3358 4244 Ἦμέραν
3402 4173 3646 4245 πονηρὰν
3689 4174 3788 4247 τὴν
3832 4174 3940 4229 τῶν

2374 4264 2694 4335 πειρασμῶν
2756 4264 2998 4317 ὲπίθεσίν
3054 4280 3186 4333 φησι
3247 4265 3338 4317 καὶ
3408 4265 3506 4328 τὰς
3550 4264 3759 4330 διώξεις
3834 4267 3941 4319 τῶν

2374 4355 2603 4427 ἐχθρῶν.
2640 4356 2937 4410 Αίνίττεται
2971 4356 3047 4418 δὲ,
3080 4352 3256 4426 οῐμαι,
3308 4356 3400 4410 καὶ
3430 4356 3527 4425 τὴν
3571 4356 3673 4426 τῆς
3707 4357 3940 4428 κρίσεως

2374 4447 2591 4517 ἡμέραν
2641 4445 2877 4517 φοϐερὰν
2911 4442 3096 4511 οὖσαν,
3130 4447 3222 4498 καὶ
3253 4444 3361 4497 τῶν
3399 4446 3723 4517 παρανόμων
3757 4465 3937 4504 κακω-

2376 4537 2554 4606 τικήν.
2595 4536 2958 4603 ’Υπισχνεῖται
2985 4536 3082 4606 τὴν
3121 4535 3385 4606 εἰλικρινῆ
3420 4535 3618 4604 γνῶσιν
3651 4536 3749 4605 τῆς
3794 4553 3939 4590 πτω-

2376 4627 2525 4696 χείας
2557 4628 2796 4695 ἐκείνης·
2830 4626 2939 4679 τῶν
2968 4626 3066 4695 τῆς
3097 4626 3333 4695 φοϐερᾶς
3357 4626 3515 4678 αὑτὸν
3541 4625 3753 4699 ἡμέρας
3772 4626 3939 4680 ἀπαλ-

2375 4720 2531 4783 λάξαι
2566 4717 2766 4773 κακῶν.

2445 4807 2771 4879 [Μακάριος
2819 4808 2847 4859 6
2899 4807 3038 4877 ἀνὴρ
3093 4807 3296 4871 ἐκεῖνος
3326 4807 3355 4859 6
3401 4806 3595 4860 ἐννοῶν
3624 4805 3663 4860 ἃ.
3692 4807 3935 4879 προσῆκε

2376 4902 2501 4970 περὶ
2552 4899 2657 4952 τῶν
2693 4900 2956 4970 πενήτων,
3004 4898 3126 4951 ἀντὶ
3157 4898 3287 4953 τοῦ·
3332 4899 3391 4952 '0
3426 4898 3663 4953 συνιέναι
3712 4900 3937 4972 δυνάμε-

2375 5007 2463 5053 νος
2501 4989 2598 5059 τὴν
2632 4988 2927 5069 πτωχείαν,
2975 4988 3040 5058 ἢν
3090 4990 3157 5042 δι’
3203 4991 3350 5060 ἡμᾶς
3395 4988 3682 5060 ἀνείληφεν
3723 4993 3752 5044 6
3801 4992 3936 5065 Χρι-

2376 5080 2515 5143 στός.
2535 5079 2554 5151 ]

2442 5173 2649 5240 Κύριος
2677 5170 3041 5239 διαφυλάξαι
3068 5172 3254 5227 αὐτὸν
3280 5172 3378 5228 καί
3411 5171 3580 5239 ζήσαι
3608 5174 3815 5235 αὑτὸν,
3839 5172 3934 5225 καί

2368 5264 2691 5334 μακαρίσαι
2726 5262 2915 5316 αὑτὸν
2942 5263 3011 5315 ἐν
3042 5262 3117 5331 τῇ
3164 5262 3259 5333 γῇ,
3305 5264 3401 5317 καί
3427 5264 3512 5333 μὴ
3545 5261 3787 5333 παραδῷ
3820 5265 3932 5323 αὐ-

2372 5355 2478 5409 τὸν
2513 5359 2597 5421 εὶς
2624 5355 2827 5425 χεῖρας
2850 5353 3079 5425 ἐχθρῶν
3121 5355 3329 5412 αὑτοῦ.
3372 5355 3611 5428 Ἐχθρῶν
3657 5354 3766 5409 τῶν
3813 5371 3933 5425 νοη-

2371 5447 2478 5499 τῶν
2504 5448 2761 5517 δηλονότι.

2442 5537 2628 5605 Ὅλην
2657 5537 2769 5605 τὴν
2796 5542 3005 5606 κοίτην
3031 5540 3217 5596 αὑτοῦ
3265 5540 3565 5609 eamsth
3602 5540 3673 5595 ἐν
3717 5536 3793 5608 τῇ
3825 5537 3928 5607 a46-

1322 5683 1341 5713 ⁸
1376 5683 1415 5735 ll
1446 5686 1573 5741 (lor.
1598 5703 1714 5752 vm,
1744 5688 1795 5741 9.
1883 5690 1903 5719 ⁸
1935 5689 2093 5744 Prov.
2132 5710 2241 5762 xu,
2269 5697 2353 5751 l7.
2432 5700 2451 5728 '
2496 5696 2684 5751 Matth.
2717 5714 2842 5763 xxv,
2880 5700 2967 5756 60.

794 5840 904 5909 (12)
944 5840 1297 5910 Apndsolum
1331 5842 1530 5897 Daniel.
1565 5844 1858 5903 Barbarum
1896 5851 2110 5905 nomine
2141 5851 2418 5907 Athanasii
2460 5852 2704 5906 habetur.
