4108 6500
225 442 320 498 197

1324 422 1709 504 mosmo
1751 451 1814 505 ιιι
1859 454 2178 510 PSALMUM
2221 458 2329 514 XL.

3340 476 3439 532 188

217 563 432 631 pinaria
465 564 678 618 αὐτοῦ.
726 565 868 635 Πρὸς
913 565 980 617 τὰ
1034 566 1241 634 ἀμείνω
1306 567 1766 638 μετενεχθήσεται.

1878 573 2010 641 ejus.
2051 575 2132 628 Ad
2183 578 2428 641 meliora,
2487 580 2582 643 ait,
2613 582 3000 650 transferetur,
3048 595 3100 640 et
3147 598 3441 643 revertetur

224 652 366 720 φησὶ.
394 652 483 704 καὶ
516 651 823 724 μεταϐολὴν
852 652 959 718 ἕξει
980 654 1114 724 πρὸς
1139 656 1458 726 εὐρωστίαν.
1487 657 1646 721 Ἐθος
1671 659 1778 730 γάρ

221 747 279 814 τῇ
311 741 426 813 θεία
457 744 653 816 Γραφῇ
699 744 797 815 τὴν
825 745 1059 816 στροφὴν
1088 747 1206 799 ἀντὶ
1238 747 1334 816 τῆς
1365 747 1665 818 μεταϐολῆς
1695 767 1776 802 τι-

221 833 380 896 θέναι,
413 834 489 898 ὠς
524 835 587 887 τό
607 852 621 864 ·
655 837 996 903 "Emped-ac
1022 835 1127 889 τόν
1149 838 1402 890 κοπετόν
1420 856 1540 908 μου
1563 843 1648 905 εὶς
1672 858 1777 910 κα-

212 927 321 991 ρὰν
347 925 498 993 ἐμοί.

293 1017 436 1086 Ἐγὼ
457 1013 634 1070 εἶπαο
671 1018 866 1085 Κύριε,
899 1018 1156 1084 ἐλέησόν
1188 1037 1284 1088 με,
1327 1021 1490 1075 ἴασαι
1515 1021 1630 1089 τὴν
1655 1025 1771 1090 35-1:-

218 1105 326 1174 χήν
348 1123 486 1174 μου.
516 1109 631 1160 Καὶ
662 1109 800 1178 ὑπὲρ
822 1110 918 1179 τῆς
955 1111 1088 1173 ἰδίας
1115 1112 1386 1184 ἁμαρτίας
1432 1115 1460 1166 ό
1499 1113 1660 1167 Δαυῒδ
1687 1113 1776 1167 εῦ-

215 1214 380 1266 χεται,
414 1198 510 1250 ire
560 1199 628 1268 δὴ
683 1201 739 1252 ἐν
788 1200 964 1270 ἑαυτῷ
995 1200 1149 1264 εἰδὼς
1195 1203 1288 1255 ἕνα
1333 1202 1439 1255 τῶν
1489 1203 1774 1266 συνιέντων

216 1287 300 1338 ἰπὶ
326 1288 538 1358 πτωχὸν
575 1291 670 1342 καὶ
703 1290 926 1360 πένητα.
962 1292 1128 1344 Πάλιν
1154 1292 1250 1356 τὰς
1275 1291 1579 1364 ἀνθρώπων
1603 1296 1776 1364 ἁμαρ-

215 1378 324 1441 τίας
349 1378 484 1441 ἰδίας
509 1381 538 1431 ό
569 1381 710 1452 ὑπὲρ
748 1381 1047 1451 ἀνθρώπων
1089 1384 1313 1455 πάσχων
1345 1385 1512 1453 λέγει,
1545 1387 1637 1438 καὶ
1682 1385 1772 1438 τὸν

215 1472 300 1522 ἐπὶ
325 1470 549 1534 ταύταις
581 1471 728 1525 ἔλεον
768 1475 844 1536 είς
867 1475 1011 1544 ἡμᾶς
1047 1475 1128 1544 ἐφ’
1160 1476 1350 1529 ἑαυτοῦ
1373 1478 1543 1548 ζητεῖ,
1576 1478 1633 1539 ὃς
1658 1477 1771 1530 λύει

215 1561 304 1632 τὴν
334 1560 440 1614 τῶν
471 1560 811 1630 ἀγνοούντων
839 1564 924 1617 ἐπ’
950 1565 1098 1634 αὐτῷ
1122 1566 1542 1638 καταφρόνησιν,
1574 1566 1769 1635 ἐκφαί-

215 1670 311 1705 νων
336 1655 433 1723 τὴν
462 1655 628 1720 δόξαν
649 1672 662 1685 ·
698 1655 783 1707 ἐπ’
808 1655 970 1709 αὑτοῦ
1004 1657 1102 1729 μὲν
1126 1658 1265 1711 κατὰ
1308 1659 1404 1730 τὴν
1451 1659 1584 1712 ίδίαν
1604 1659 1772 1734 δύνα-

216 1762 320 1813 μιν,
342 1747 427 1815 ἐφ’
454 1746 618 1816 ἡμῶν
647 1746 703 1799 δὲ
732 1749 870 1802 κατὰ
898 1748 994 1819 τὴν
1027 1750 1260 1821 Χριστοῦ
1290 1752 1468 1822 χάριν.

281 1840 341 1890 Οἱ
370 1838 578 1908 ἐχθροί
619 1856 739 1908 μου
794 1836 965 1893 εἷπον
1010 1841 1165 1895 κακὰ
1207 1860 1329 1912 μοι.
1391 1843 1665 1899 Ἐντεῦθεν
1709 1846 1768 1901 τὸ

213 1928 493 1998 πρόσωπον
529 1929 838 2002 εἰσφέρεται
885 1929 947 1982 τὸ
993 1930 1087 1983 τοῦ
1132 1933 1362 2004 Χριστοῦ
1384 1975 1397 1998 ,
1427 1933 1772 2005 διηγούμενον
1800 1920 1843 1975 Β

210 2019 274 2072 τά
305 2021 451 2090 παρᾶ
503 2019 615 2074 τῶν
675 2021 940 2075 Ἰουδαίων
989 2022 1136 2093 αύτῷ
1191 2026 1545 2095 γεγενημένα.
1595 2027 1770 2099 Μέχρι

215 2109 305 2178 μὲν
335 2109 425 2163 τοῦ
461 2110 735 2180 παρόντος
770 2112 950 2181 στίχου
984 2129 1048 2165 πε
1061 2113 1112 2183 pl.
1153 2114 1330 2184 πάσης
1357 2116 1453 2186 τῆς
1481 2115 1771 2187 καθολικῆς

222 2204 541 2272 Ἐκκλησίας
577 2203 852 2274 εἰρηκέναι
886 2203 976 2256 τὸν
1004 2206 1284 2275 προφήτην
1309 2206 1660 2278 ὑποληπτέον,
1697 2194 1771 2271 ὡς

210 2297 415 2367 ἑκάστῳ
450 2297 561 2350 τῶν
598 2297 895 2351 σπουδαίων
931 2298 1220 2369 ἁρμόττειν
1259 2299 1456 2369 μᾶλλον
1483 2301 1515 2371 ἢ
1545 2301 1622 2371 τῷ
1658 2303 1768 2355 Κυ-

211 2387 378 2457 ριακῷ
404 2386 702 2459 ἀνθρώπῳ.
735 2389 808 2442 Ob
840 2387 967 2459 γάρ,
997 2390 1072 2452 ὦς
1097 2405 1242 2452 τινες
1269 2389 1618 2459 ὑπειλήφασι,
1643 2392 1770 2461 περὶ

210 2479 364 2533 αὑτοῦ
397 2483 495 2534 καὶ
522 2482 683 2552 μόνου
711 2481 908 2551 φάσκει
933 2481 1000 2535 τὰ
1023 2481 1287 2552 εἰρημένα
1312 2495 1327 2510 ⁸
1359 2483 1421 2534 οὐ
1454 2483 1562 2556 γάρ
1601 2482 1768 2553 ἔφησε

213 2575 340 2640 μετὰ
393 2573 488 2626 τοῦ
550 2573 786 2645 ἄρθρουο
821 2573 1120 2641 Μακάριος
1154 2577 1186 2628 ὀ
1238 2574 1468 2629 συνιὼν
1515 2574 1614 2628 ἐπὶ
1665 2575 1771 2628 τὸν

211 2667 442 2734 πτωχὸν
471 2666 570 2720 καὶ
609 2666 857 2734 πένητα.
896 2665 1063 2719 Τοῦτο
1088 2667 1144 2719 δὲ
1175 2667 1340 2738 χωρὶς
1386 2667 1587 2738 ἄρθρου
1614 2667 1767 2735 λεγό-

213 2775 362 2826 μενον
393 2758 488 2811 τὸν
517 2758 640 2811 τινά
674 2757 924 2828 σημαίνει
971 2759 1064 2812 καὶ
1096 2759 1335 2830 μερικόν.
1373 2759 1527 2812 Μετὰ
1553 2760 1608 2813 δὲ
1639 2760 1769 2812 ταῦ-

209 2865 270 2901 τα
301 2850 544 2920 μέτεισιν
584 2851 692 2904 ἀπὸ
729 2850 837 2904 τῶν
865 2849 1038 2904 ἄλλων
1075 2851 1173 2920 τῆς
1213 2851 1536 2922 Ἐκκλησίας
1592 2853 1766 2923 μελῶν

209 2943 290 2995 ἐπ’
327 2945 490 2997 αὐτὸν
546 2945 752 2996 ἐκεῖνον
805 2942 895 2995 τὸν
954 2943 1158 3012 Κύριον
1216 2942 1458 3011 δηλονότι
1493 2944 1764 3012 Χριστὸν,

207 3035 344 3097 ὅστις
387 3035 452 3106 δὴ
502 3036 597 3087 καί
642 3050 838 3105 φησιν’
877 3036 941 3086 οι
983 3033 1183 3101 ἐχθροί
1220 3049 1359 3101 μου.
1390 3034 1481 3086 καὶ
1517 3033 1583 3086 τὰ
1618 3033 1763 3104 ἑξῆς.

208 3129 347 3181 Πότε
371 3126 756 3182 ἀποθανεῖται
785 3125 881 3179 καί
908 3125 1213 3180 ἀπολεῖται
1243 3125 1307 3178 τὸ
1337 3125 1521 3195 ὄνομα
1555 3127 1764 3190 αὐτοῦ;

207 3215 376 3288 Βαρύς
404 3219 556 3270 ἐστιν
594 3219 726 3288 ήμῐν
751 3216 844 3269 καὶ
879 3215 1204 3286 βλεπόμενος
1231 3215 1359 3288 γάρ.

271 3309 373 3362 Kal
414 3311 467 3362 εί
511 3309 927 3376 εισεπορεύετο
955 3308 1061 3362 τοῦ
1105 3307 1272 3372 ἰδεῖν,
1308 3308 1506 3378 μάτην
1537 3309 1759 3364 ἐλάλει.

206 3398 378 3452 Ταῦτα
408 3400 540 3469 περὶ
577 3398 670 3452 τοῦ
716 3400 881 3452 Ἰούδα
918 3401 1098 3471 φησίν.
1148 3403 1212 3455 ὐ
1254 3401 1310 3454 δὲ
1339 3401 1484 3470 λέγει
1528 3403 1764 3456 τοιοῦτόν

205 3491 360 3543 ἐστιν’
406 3490 690 3562 Ἐσχηκὼς
733 3491 934 3544 εἴσοδον
983 3493 1117 3562 πρός
1152 3510 1242 3563 με,
1280 3493 1369 3547 διὰ
1409 3495 1468 3546 τὸ
1508 3496 1762 3564 τετάχθαι

206 3583 259 3633 ιν
298 3582 589 3654 μαθηταῖς,
620 3583 913 3652 δίγλωσσος
946 3585 1036 3637 καὶ
1078 3584 1484 3656 πολυπράγμων
1510 3581 1575 3656 ἦν
1595 3603 1610 3618 ο
1640 3586 1762 3640 ὲλά-

205 3671 278 3726 λει
301 3675 408 3745 γάρ
446 3677 648 3745 μάτην,
686 3675 962 3728 τουτέστιν
990 3676 1089 3729 οὐκ
1117 3675 1319 3747 ἀληθὴς
1345 3672 1429 3747 ἧν.
1469 3677 1529 3730 Ἠ
1554 3675 1762 3745 καρδία

204 3765 380 3818 αὐτοῦ
432 3764 782 3833 συνήγαγεν
829 3767 1084 3835 ἀνομίαν
1144 3767 1352 3833 ἐαυτῷ.
1425 3767 1758 3839 Ἐκεκρίκει,

207 3856 350 3926 φησὶ,
385 3854 722 3927 παραδοῦναι
748 3858 859 3920 τοῖς
883 3855 1166 3924 φθονοῦσιν
1190 3859 1307 3927 ἐμέ.
1348 3857 1761 3924 Ἕξεπορεὺετο

204 3947 332 4012 ἔξω,
375 3951 477 4004 καί
508 3947 709 4002 ἐλάλει
742 3948 840 4002 ἐπὶ
883 3948 946 4001 τὸ
977 3949 1125 4002 αὐτό
1146 3963 1161 3978 ο
1207 3949 1290 4015 τὸ,
1332 3949 1392 4002 Τί
1420 3947 1623 4002 θέλετέ
1658 3967 1760 4019 μοι

205 4037 424 4100 δοῦναι,
459 4037 624 4107 κάγὼ
647 4039 791 4107 ὑμῖν
819 4036 1146 4105 πῳαδώσω
1167 4039 1354 4091 αὐτόν
1369 4054 1388 4101 ;

271 4133 401 4185 Κατ’
428 4129 580 4200 ἐμοῦ
608 4127 945 4198 ἐψιθύριζον
969 4128 1190 4194 πάντες
1208 4132 1260 4182 ol
1291 4130 1492 4198 ἐχθροί
1507 4149 1645 4200 μου.
1681 4131 1762 4184 Τά

209 4223 318 4274 κατ’
343 4221 513 4276 αὑτοῦ
543 4221 650 4273 τῶν
692 4220 957 4274 Ἰουδαίων
991 4220 1316 4290 σκώμματα,
1370 4221 1469 4284 τὰς
1514 4227 1632 4276 κατ’
1661 4224 1758 4277 αὺ-

205 4315 290 4367 τοῦ
319 4315 426 4368 τῶν
462 4313 732 4367 Ἰουδαίων
764 4311 1032 4376 συσκευάς
1065 4313 1341 4382 σημαίνει,
1371 4312 1463 4366 καὶ
1498 4313 1565 4366 τά
1609 4313 1760 4385 λελη-

209 4407 328 4461 θότα
358 4408 676 4478 σκέμματα,
706 4405 830 4468 τοὺς
873 4406 1147 4475 ἀρχιερεῖς
1176 4406 1300 4468 τοὺς
1340 4403 1760 4476 συμφωνοῦντας

208 4501 333 4569 πρὸς
362 4501 454 4554 τὸν
501 4498 702 4552 Ἰούδαν
725 4496 918 4566 λέγων,
944 4497 1138 4560 οἵτινες
1167 4496 1493 4566 ἑψιθύριζον,
1533 4497 1599 4551 τά
1631 4497 1758 4570 περὶ⁵

1885 666 1950 717 ad
1981 669 2283 720 sanitatem.
2324 668 2438 723 Mos
2476 671 2619 724 enim
2661 673 2855 727 divinae
2885 673 3180 744 Scriptura:
3227 680 3438 732 versio-

1887 771 2008 809 nem
2069 773 2169 827 pro
2218 762 2517 817 mutatione
2569 779 2787 832 ponere.
2825 777 2881 818 ut
2921 768 3084 822 illud:
3121 769 3438 824 Conuertisti

1882 845 2147 914 planctum
2175 865 2341 902 meum
2365 852 2416 903 in
2442 853 2694 920 gaudium
2725 855 2857 906 mihi
2887 856 2906 883 ‘

1951 1030 2005 1083 5.
2037 1029 2145 1098 Ego
2171 1030 2318 1084 dixi:
2354 1029 2591 1092 Domine,
2626 1033 2866 1086 miserere
2888 1035 3009 1096 mei,
3044 1051 3172 1088 sana
3201 1040 3434 1090 animam

1881 1131 2178 1181 meam,ctc.
2214 1119 2277 1175 Et
2307 1137 2406 1190 pro
2439 1132 2662 1192 peccato
2703 1139 2804 1177 suo
2856 1123 3025 1178 David
3058 1136 3197 1188 Orat,
3249 1136 3436 1196 utpote

1879 1209 1971 1278 qui
2022 1209 2074 1261 in
2106 1210 2288 1278 seipso
2346 1227 2513 1265 unum
2546 1213 2847 1282 conspiciat
2896 1231 2958 1267 ex
2997 1215 3062 1268 iis
3113 1216 3202 1284 qui
3235 1216 3432 1270 intelli-

1879 1311 2192 1372 guntsnper
2213 1317 2442 1371 egenum
2476 1311 2530 1355 et
2553 1319 2840 1373 pauperem
2874 1305 3028 1371 (ιν).
3065 1305 3300 1362 Rursum
3338 1310 3436 1363 lio—

1877 1395 2083 1447 minum
2149 1403 2366 1462 peccata
2416 1395 2510 1462 qui
2590 1411 2685 1464 pro
2720 1396 3034 1452 hominibus
3087 1414 3283 1468 passus
3339 1409 3425 1454 est

1877 1500 1973 1539 sua
2008 1500 2126 1540 esse
2152 1485 2306 1549 dicit,
2331 1495 2384 1540 et
2411 1501 2509 1555 pro
2542 1487 2626 1541 bis
2655 1487 3089 1543 misericordiam
3125 1505 3224 1560 pro
3264 1492 3422 1545 nobis

1877 1578 1930 1632 in
1957 1592 2076 1632 sese
2108 1579 2366 1646 postulat,
2396 1594 2460 1634 ac
2503 1580 2868 1648 ignorantium
2923 1591 3292 1651 contemptum
3323 1583 3431 1636 sol-

1875 1668 1972 1732 vit,
2008 1684 2161 1722 suam
2194 1670 2743 1741 exbibensagloriam;
2783 1673 2838 1724 in
2863 1688 2921 1726 se
2943 1672 3159 1740 quidem
3190 1689 3284 1741 per
3308 1689 3433 1742 pro-

1873 1763 2045 1832 priam
2075 1764 2324 1818 virtutem
2343 1803 2360 1828 ,
2393 1764 2447 1816 in
2489 1763 2647 1817 nobis
2677 1778 2808 1816 vero
2836 1779 2931 1832 per
2958 1764 3182 1834 gratiam
3204 1762 3426 1819 Christi.

1944 1854 1996 1909 6.
2027 1853 2240 1907 Inimici
2266 1856 2364 1907 mei
2393 1854 2638 1908 dixerunt
2670 1854 2809 1906 mala
2838 1855 2989 1906 mihi.
3025 1855 3164 1909 llinc
3196 1870 3427 1924 persona

1872 1944 2146 1998 inducitur
2173 1944 2396 2009 Christi,
2433 1960 2663 1998 narrans
2689 1960 2809 2014 quae
2851 1945 2952 2004 sibi
2987 1961 3016 1998 a
3047 1944 3254 2001 Iudaeis
3282 1947 3428 1998 illata

1870 2035 1978 2090 sint
2030 2036 2191 2089 mala.
2254 2033 2435 2105 Usque
2495 2037 2562 2090 ad
2621 2045 2940 2105 praesentem
2973 2051 3214 2100 versum,
3276 2037 3422 2091 esti-

1870 2126 2127 2180 mandum
2177 2127 2242 2182 de
2293 2137 2404 2182 tota
2462 2126 2706 2183 Ecclesia
2783 2127 3046 2182 catholica
3120 2143 3424 2182 sermonem

1871 2218 2122 2273 habuisse
2158 2217 2507 2288 Pmplietam,
2545 2221 2616 2274 ita
2653 2229 2710 2274 ut
2742 2221 3035 2290 proborum
3080 2221 3300 2274 cuilibet
3333 2233 3429 2288 pe-

1870 2313 1977 2366 tius
2020 2313 2302 2367 conveniat
2348 2329 2512 2383 quam
2565 2313 2849 2368 Dominico
2884 2313 3089 2366 homini
3119 2312 3253 2382 (I5).
3305 2311 3424 2366 Non

1868 2401 2032 2464 enim,
2066 2410 2124 2454 ut
2164 2402 2522 2468 arbitrantur,
2548 2403 2616 2457 de
2660 2403 2780 2473 ipso
2829 2405 2944 2458 solo
2989 2405 3240 2473 superius
3273 2403 3426 2456 locu-

1868 2500 1956 2546 tus
1988 2503 2108 2547 est:
2151 2508 2325 2562 neque
2346 2494 2492 2547 enim
2525 2509 2649 2548 cum
2687 2495 2922 2549 articulo
2947 2495 3194 2558 dixisset,
3227 2493 3424 2549 Beatus

1867 2585 1958 2639 ille
1989 2587 2075 2655 qui
2105 2584 2353 2654 intelligit
2394 2601 2550 2653 super
2594 2601 2810 2655 egenum
2857 2595 2906 2638 et
2957 2603 3257 2655 pauperem.
3290 2584 3424 2639 Nam

1865 2676 2069 2730 dictum
2096 2676 2213 2730 sine
2243 2675 2493 2739 articulo,
2526 2676 2814 2745 quemdam
2836 2685 2889 2731 et
2930 2677 3219 2746 specialem
3253 2678 3425 2748 signi-

1867 2767 2070 2822 ﬁcaret.
2097 2765 2346 2822 Postliaec
2385 2767 2452 2821 ab
2489 2767 2614 2822 aliis
2652 2767 2907 2822 Ecclesia:
2935 2769 3194 2823 membris
3227 2769 3422 2822 transit

1865 2857 1932 2912 ad
1979 2858 2154 2926 ipsum
2200 2858 2474 2911 Christum
2510 2858 2718 2913 scilicet
2773 2857 3081 2922 Dominum,
3123 2860 3217 2929 qui
3245 2860 3416 2915 dicit:

1865 2948 2078 3003 Inimici
2108 2949 2228 3011 mei,
2251 2957 2354 3004 etc.
2390 2948 2617 3014 Quando
2634 2950 2890 3002 morietur
2926 2960 2975 3001 et
3009 2948 3198 3016 peribit
3237 2965 3420 3004 nomen

1863 3041 2016 3110 ejus?
2046 3038 2237 3095 Gravis
2267 3040 2426 3095 nobis
2461 3049 2545 3094 est
2571 3040 2652 3094 vel
2683 3039 2802 3109 ipso
2826 3049 3144 3109 conspectu.

1937 3309 1992 3364 ’1.
2024 3308 2089 3362 Et
2124 3309 2170 3362 si
2198 3308 2584 3379 ingrediebatur
2598 3320 2652 3363 ut
2685 3311 2900 3375 uideret,
2929 3327 3065 3365 uana
3083 3313 3417 3382 loquebatur.

1866 3398 1988 3456 Haec
2017 3400 2093 3454 ait
2124 3399 2366 3456 deluda.
2406 3401 2460 3456 Id
2502 3413 2680 3457 autem
2731 3403 2835 3456 sibi
2869 3404 2984 3458 vult
3015 3421 3030 3458 :
3070 3403 3204 3459 Cum
3241 3407 3422 3460 aditus

1862 3491 1911 3544 ei
1940 3492 2005 3544 ad
2037 3505 2121 3544 me
2153 3501 2316 3554 esset,
2341 3492 2467 3558 quia
2503 3491 2554 3543 in
2595 3493 2991 3561 discipulorum
3032 3509 3261 3548 numero
3287 3509 3421 3548 con-

1861 3581 2082 3636 stitutus
2133 3589 2287 3647 erat,
2330 3591 2448 3635 erat
2481 3582 2739 3652 bilinguis
2788 3593 2842 3638 et
2891 3588 3236 3654 negotiator:
3279 3601 3418 3642 vana

1859 3675 2058 3745 quippe
2091 3673 2506 3743 loquebatur,id
2530 3686 2612 3729 est
2646 3690 2809 3729 verax
2838 3691 2944 3731 non
2976 3685 3114 3732 erat.
3170 3676 3277 3732 Cor
3302 3678 3417 3748 ejus

1862 3771 2189 3837 congregavit
2219 3767 2553 3836 iniquitatem
2591 3768 2712 3822 sibi.
2744 3769 3083 3834 Decreverat,
3110 3771 3306 3841 inquit,
3333 3787 3418 3825 me

1861 3861 2058 3914 invidis
2096 3861 2322 3914 tradere.
2355 3857 2739 3929 Egrediebatur
2768 3863 2914 3930 foras
2940 3873 2990 3918 et
3025 3863 3333 3933 loquebatur
3359 3866 3416 3916 in

1861 3950 2122 4019 idipsum:
2149 3951 2278 4004 illud
2311 3965 2536 4019 nempe:
2566 3950 2706 4016 Quid
2741 3952 2898 4005 uultis
2921 3953 3048 4006 mihi
3073 3955 3222 4017 dare,
3244 3963 3293 4007 et
3322 3969 3414 4024 ego

1859 4043 2000 4097 uobis
2027 4059 2143 4097 eum
2184 4043 2393 4096 tradam
2419 4043 2476 4096 ’τ

1929 4137 1981 4192 8.
2011 4137 2298 4189 Adversum
2344 4153 2423 4189 me
2475 4136 2821 4190 susurrabant
2848 4152 3023 4190 omnes
3055 4136 3255 4190 inimici
3290 4134 3411 4189 mei.

1859 4225 2173 4282 Derisiones
2203 4236 2366 4297 atque
2398 4228 2626 4282 insidias
2656 4238 2713 4282 et
2745 4229 3180 4298 conspirationes
3210 4226 3418 4282 Iudaeo.

1860 4335 1980 4374 rum
2033 4319 2319 4374 adversum
2350 4335 2410 4374 se
2438 4329 2673 4375 structas
2716 4321 3008 4389 signiﬁcat,
3047 4335 3258 4376 necnon
3314 4335 3413 4373 oc-

1859 4411 2006 4465 culta
2039 4425 2230 4465 eorum
2286 4411 2534 4473 consilia,
2582 4410 2852 4480 principes
2897 4411 3239 4465 sacerdotum
3286 4423 3411 4462 cum

1856 4499 1994 4556 Juda
2025 4502 2358 4571 paciscentes
2386 4502 2649 4562 indicans,
2669 4502 2760 4570 qui
2787 4501 3411 4570 susurrabant,pretium

204 4590 287 4644 τοῦ
339 4589 516 4662 Ἰησοῦ
573 4589 836 4660 σύμφωνα
882 4587 1017 4660 πρὸς
1063 4587 1155 4641 τὸν
1220 4587 1417 4641 Ἰούδαν
1464 4587 1750 4658 τιθέμενοι.

1866 4591 1984 4647 Iesu
2009 4607 2306 4647 consonum
2327 4607 2449 4648 cum
2467 4589 2603 4646 Juda
2615 4591 3030 4648 constituentes.
3051 4590 3413 4646 Susurrabant

216 4682 581 4753 Ἐψιθύριζον
609 4698 624 4714 ο
659 4681 778 4734 οὐδὲ
830 4680 938 4752 γάρ
991 4679 1232 4750 ἐτόλμων
1278 4679 1528 4750 φανερῶς
1580 4678 1753 4733 ταῦτα

205 4775 260 4828 τὸ
283 4776 488 4846 πλῆθος
519 4772 903 4843 εὐλαϐούμενοι
924 4772 1186 4826 τίθεσθαι.

268 4868 456 4935 Λόγον
505 4861 850 4931 παράνομον
902 4861 1213 4916 κατέθεντο
1258 4862 1383 4915 κατ’
1429 4861 1594 4930 ἐμοῦ.
1647 4861 1750 4926 Τὸ,

204 4954 376 5028 Ἅραι,
409 4951 570 5027 ἆραι,
598 4957 950 5024 σταύρωσον
972 4956 1178 5009 αὐτόν.
1209 4948 1374 5018 Οὗτος
1397 4954 1452 5007 δὲ
1485 4955 1566 5007 ὅτι
1590 4955 1751 5025 παρά·

205 5067 354 5122 νομος
379 5047 474 5122 ἦν,
506 5049 663 5118 δῆλον
694 5049 758 5100 ὲκ
790 5046 882 5099 τοῦ
921 5046 1215 5118 είρημένου
1242 5060 1258 5075 ⁶
1303 5044 1512 5100 Ὰθῶον
1542 5045 1638 5098 καί
1669 5044 1754 5097 δί-

205 5159 359 5196 καιον
390 5144 508 5196 οὐκ
548 5137 913 5202 ἀποκτενεῖς.
955 5137 1050 5205 Μὴ
1094 5140 1127 5190 ό
1174 5135 1563 5205 κοιμώμενος,
1620 5135 1754 5204 οὐχὶ

205 5233 527 5301 προσθήσει
565 5229 671 5283 τοῦ
700 5227 1066 5294 ἀναστῆναις
1101 5227 1333 5296 Διαγελᾷ
1357 5226 1462 5279 τῶν
1493 5224 1754 5278 Ἰουδαίων

204 5326 265 5379 τά
304 5327 596 5396 σκέμματα
646 5321 721 5384 ὼς
763 5319 1020 5392 οἰομένων
1068 5319 1154 5372 διά
1204 5318 1296 5372 τοῦ
1345 5317 1570 5370 θανάτου
1597 5315 1749 5388 θραύο

206 5433 276 5469 ειν
301 5418 460 5470 αὐτὸν
485 5414 559 5478 ὼς
599 5413 697 5468 ινα
732 5413 838 5465 τῶν
870 5411 988 5466 καθ’
1018 5411 1184 5482 ἡμᾶς.
1231 5411 1288 5463 '0
1333 5409 1387 5462 δέ
1427 5426 1557 5480 φησι
1582 5425 1595 5439 ο
1629 5409 1751 5473 Πῶς

205 5510 440 5581 νομίζετε
482 5507 698 5577 θανάτῳ
723 5504 1028 5577 περισαλεῖν
1060 5503 1156 5574 τὴν
1199 5503 1374 5574 ζωήνς
1412 5502 1614 5565 Ὕπνος
1641 5500 1748 5571 γάρ

268 5688 450 5743 ‘Psal.
499 5701 652 5752 uls,
697 5683 783 5738 12.

272 5848 402 5902 HN
427 5845 550 5900 Hac
585 5853 712 5898 sunt
745 5839 1083 5911 Apollinei-ii.

1857 4683 2080 4748 scilicet,
2113 4698 2219 4738 non
2253 4683 2372 4738 ausi
2402 4683 2576 4752 palam
2605 4682 2792 4737 isthaac
2825 4694 2970 4737 tnetu
3026 4683 3200 4753 plebis
3227 4697 3406 4752 agere.

1928 4859 1981 4914 9.
2032 4859 2247 4914 Verbum
2302 4861 2537 4929 iniquum
2582 4863 2955 4938 constituerunt
2995 4860 3271 4915 aduersum
3308 4877 3408 4914 me.

1858 4953 1995 5006 Illud
2033 4953 2274 5007 scilicet:
2337 4952 2499 5016 Tolle,
2549 4953 2689 5017 tolle,
2721 4953 2967 5022 cruciﬁge
3011 4968 3127 5006 eum
3150 4952 3194 5007 ⁸.
3254 4951 3409 5017 Quod

1859 5055 2036 5099 autem
2069 5045 2314 5113 iniquum
2352 5056 2516 5107 esset,
2553 5045 2726 5114 palam
2759 5051 2841 5097 est
2871 5058 2936 5096 ex
2982 5044 3106 5097 illo:
3144 5041 3409 5096 Insontem

1858 5147 1905 5191 et
1925 5136 2131 5206 justum
2154 5153 2255 5190 non
2278 5136 2477 5190 occides
2495 5138 2537 5189 '.
2576 5134 2826 5203 Nunquid
2847 5137 2933 5204 qui
2959 5135 3150 5187 dormit
3177 5150 3279 5187 non
3313 5134 3409 5185 ad-

1851 5227 1998 5297 jiciet
2030 5226 2172 5280 ultra
2205 5237 2260 5279 ut
2275 5227 2552 5296 resurgat?
2582 5224 2798 5278 Deridet
2827 5222 3138 5278 Judcorutn
3160 5223 3407 5288 consilia,

1857 5318 2237 5372 arbitrantium
2291 5333 2450 5387 posse
2501 5332 2559 5371 se
2601 5316 2750 5369 illum
2778 5331 2872 5384 per
2915 5324 3144 5368 mortem
3191 5314 3409 5368 abolere

1856 5410 2010 5480 quasi
2038 5425 2204 5464 unum
2237 5425 2301 5463 ex
2336 5409 2510 5463 nobis.
2542 5405 2636 5462 Ille
2667 5416 2845 5460 autem
2897 5405 2972 5458 ait
2997 5425 3009 5460 :
3032 5403 3137 5471 Qui
3180 5404 3407 5458 arbitra-

1856 5500 1986 5556 mini
2011 5516 2170 5570 posse
2208 5515 2305 5555 vos
2329 5509 2498 5568 morte
2520 5501 2680 5553 vitam
2712 5485 3140 5553 circumvenire?
3168 5494 3404 5552 Somnus

885 5682 906 5715 '
946 5681 1131 5737 Matth.
1174 5697 1322 5744 ιιγι,
1356 5679 1442 5734 15.
1529 5678 1550 5711 ⁸
1587 5677 1744 5734 Joan.
1779 5695 1892 5745 xix,
1955 5678 2043 5733 15.
2133 5677 2154 5708 ⁸
2195 5675 2365 5731 Exod.
2411 5689 2564 5741 uin,
2599 5673 2653 5727 7.

1929 5829 2037 5902 (13)
2081 5831 2381 5885 Dominicus
2408 5829 2581 5897 homo,
2606 5843 2707 5883 vox
2738 5825 3126 5882 Athanasiana.
