4108 6486
713 438 815 492 199

1586 429 1642 481 S.
1684 425 2057 482 ATHANASH
2101 425 2251 479 OPP.
2305 425 2487 481 PARS
2527 426 2613 481 lll.
2659 456 2723 468 -—
2766 427 3176 484 EXEGETICA.

3839 424 3940 480 200

720 568 960 619 namguc
993 550 1124 604 mihi
1158 547 1338 618 passio
1361 557 1460 601 est.
1494 545 1630 599 llinc
1653 543 2273 613 consequiturarbitrari

2378 549 2523 597 ἔστιν
2552 545 2671 614 ἐμοὶ
2703 545 2762 597 τὸ
2793 546 3004 599 παθεῖν.
3068 544 3403 615 ’Λναγκαίως
3458 543 3511 596 ὖὲ
3555 543 3704 613 λέγει
3734 545 3801 614 τῇ
3835 560 3942 597 κοι-

713 645 890 714 ipsum
917 650 1038 710 post
1059 638 1441 694 dormitionem
1499 634 1755 702 subsequi
1786 634 2266 686 resurrectionem.

715 733 986 787 Dormitio
1009 745 1160 784 mors
1182 735 1295 783 est:
1327 742 1455 797 ergo
1499 737 1725 778 mortem
1780 724 2140 792 subsequrtur
2187 740 2274 779 re-

711 825 1002 882 sum-otio.

783 924 869 978 10.
903 921 1109 975 Etenim
1142 920 1292 972 homo
1324 917 1466 983 uncis
1499 932 1625 970 mere
1651 918 1700 967 in
1745 929 1846 983 quo
1884 913 2114 981 sperari,
2179 910 2270 978 qui

707 1013 893 1068 edebat
915 1029 1073 1081 panes
1103 1028 1264 1073 meos,
1302 1009 1658 1078 magni/ienuit
1693 1023 1849 1072 super
1871 1021 1950 1058 me
1965 1001 2275 1072 suppinnta-

713 1107 925 1158 tionem.
961 1102 1301 1166 Ludibrium,
1345 1100 1596 1162 insidias,
1648 1099 1855 1152 dolum.
1891 1095 2050 1148 Pacis
2102 1092 2274 1146 homi-

712 1211 833 1250 nem
855 1193 1048 1248 ludam
1081 1203 1260 1254 vocat,
1306 1191 1431 1260 quia
1486 1189 1770 1244 videbatur
1799 1189 1940 1242 inter
1986 1184 2272 1239 benevolos

708 1296 762 1342 et
791 1287 997 1341 amicos
1028 1284 1147 1353 eius
1178 1281 1507 1350 computari,
1537 1288 1593 1335 et
1641 1280 1695 1333 in
1743 1276 2135 1347 discipulorum
2167 1291 2270 1329 nu-

711 1391 916 1432 merum
955 1375 1181 1427 allectus
1210 1373 1401 1426 fuerat.

780 1469 868 1524 Η.
903 1466 982 1522 Tu
1014 1477 1209 1528 autem,
1242 1467 1484 1531 Domine,
1513 1466 1756 1519 miserere
1785 1464 1906 1528 mei,
1937 1473 1985 1516 et
2016 1462 2270 1516 resuscita

706 1577 809 1622 me,
844 1571 892 1613 et
925 1559 1210 1614 retribuam
1237 1560 1334 1612 eis.
1367 1557 1618 1612 Hutuano
1651 1572 1800 1612 more
1835 1567 2052 1625 propter
2091 1556 2270 1608 Immi-

707 1650 986 1704 liatiouem
1021 1664 1176 1703 suam
1197 1650 1262 1702 ad
1298 1647 1504 1702 Patrem
1530 1664 1689 1703 suum
1715 1647 1877 1702 verba
1913 1647 2059 1710 facit,
2079 1646 2270 1700 etiam-

706 1743 752 1798 si
785 1742 872 1796 ille
905 1742 977 1797 sit
1003 1742 1375 1796 misericordia
1398 1740 1492 1794 Dei
1527 1752 1580 1795 et
1611 1740 1812 1802 l’atris,
1852 1747 1906 1792 et
1935 1737 2267 1792 resurrectio

705 1842 866 1902 atque
891 1833 1021 1888 vita.

778 1921 863 1976 19..
896 1920 959 1975 In
987 1922 1082 1975 hoc
1108 1921 1320 1991 cognovi
1364 1922 1487 1991 quia
1533 1922 1747 1974 vomis-ti
1779 1937 1876 1974 me.
1910 1920 2144 1975 Rursum
2195 1919 2272 1971 Ιυο

703 2013 888 2082 quitur
918 2024 977 2067 ut
1010 2013 1195 2075 homo,
1256 2022 1314 2066 ut
1341 2014 1582 2082 seipsum
1617 2013 1811 2066 otl'erat
1847 2011 1955 2067 Deo
2010 2021 2064 2066 et
2103 2009 2267 2063 Patri.

705 2104 967 2169 Quoniam
991 2121 1089 2156 non
1129 2104 1376 2173 gaudebit
1405 2105 1649 2158 inimicus
1697 2121 1841 2157 meus
1889 2121 2048 2172 super
2070 2119 2170 2155 me.
2211 2100 2268 2155 Si

703 2211 768 2247 ex
798 2196 1150 2249 humanitatis
1181 2209 1415 2264 persona
1466 2195 1566 2250 hoc
1609 2197 1743 2250 dicit
1775 2194 2051 2256 Christus,
2086 2193 2272 2246 inimi-

703 2301 803 2341 cus
843 2287 1002 2356 plane
1058 2288 1390 2356 intelligatur
1420 2303 1543 2362 esse
1568 2287 1662 2356 qui
1717 2294 1950 2340 mortem
1987 2284 2148 2338 nobis
2175 2299 2271 2352 pa-

702 2372 858 2426 ravit.
896 2372 990 2426 Sin
1019 2372 1177 2442 quasi
1197 2387 1261 2425 ex
1282 2374 1399 2441 ipso
1432 2373 1670 2438 Chrism,
1709 2370 2032 2425 .ludreorum
2066 2368 2271 2438 princi-

704 2478 798 2528 pes
823 2462 919 2515 sit.
958 2459 1112 2526 Quod
1137 2460 1281 2515 enim
1317 2477 1404 2516 res
1441 2462 1574 2531 ipsis
1610 2461 1937 2531 permolesta
1967 2459 2151 2525 fuerit,
2175 2475 2274 2530 ps-

702 2550 809 2605 lam
836 2568 900 2606 ex
924 2566 987 2606 eo
1014 2562 1096 2606 cst
1120 2553 1261 2621 quod
1293 2552 1411 2622 ejus
1437 2553 1890 2610 resurrectionem
1917 2552 2027 2606 sint
2064 2554 2272 2607 calum-

703 2643 858 2699 nizli.

771 2735 859 2790 15.
896 2734 980 2788 Me
1005 2746 1180 2788 autent
1201 2745 1411 2804 propter
1432 2734 1787 2790 innocentiam
1821 2733 2122 2803 suscepisti.
2163 2730 2266 2798 Qui

701 2829 946 2882 omnium
977 2835 1063 2882 est
1096 2827 1481 2896 patrocinium,
1520 2827 1622 2881 sibi
1653 2841 1876 2896 quoque
1901 2823 2266 2896 patrocinium

701 2918 872 2974 fuisse
911 2921 1005 2973 ait.
1039 2917 1154 2973 Non
1187 2920 1334 2987 quod
1387 2919 1480 2975 ille
1509 2929 1783 2989 quatenus
1818 2918 1962 2972 Deus
2011 2915 2267 2984 intelligi-

701 3021 792 3066 tur
823 3027 888 3066 eo
918 3011 1190 3082 indigeat:
1235 3013 1328 3066 sed
1362 3013 1526 3066 homo
1558 3010 1734 3064 factus
1762 3023 1887 3064 cum
1917 3007 2010 3073 sit,
2043 3021 2143 3077 pro
2171 3007 2270 3060 ho-

702 3103 940 3157 minibus
973 3105 1134 3156 verba
1159 3102 1307 3156 facit.

2379 639 2539 706 μήσει
2565 636 2660 706 τὴν
2689 638 2980 690 ἀνάστασιν
3006 638 3254 690 ἕπεσθαι.
3319 637 3362 687 ιι
3409 635 3464 687 δὲ
3499 635 3755 707 κοίμησίς
3800 637 3943 688 ἐστιν

2373 731 2401 781 ὁ
2435 729 2659 791 θάνατος
2682 745 2695 758 ”
2733 730 3044 796 ἀναγκαίως
3071 728 3148 800 τῷ
3194 729 3410 798 θανάτῳ
3449 727 3809 798 ἀκολουθήσει
3853 727 3942 780 καὶ

2373 824 2407 892 ἡ
2439 822 2748 884 ἀνάστασις.

2443 916 2551 966 Καὶ
2583 913 2688 982 γὰρ
2718 917 2750 966 ό
2790 912 3096 980 ἄνθρωπος
3140 913 3248 981 τῆς
3298 912 3539 980 εἰρήνης
3571 930 3692 982 μου
3733 912 3829 980 ἐφ’
3873 910 3944 962 ὃν

2373 1004 2625 1071 ἤλπισα,
2670 1008 2702 1057 ό
2738 1005 2958 1057 ἐσθίων
3011 1004 3227 1072 ἄρτους
3273 1022 3416 1073 μου,
3441 1003 3816 1074 ἐμεγάλυνεν
3855 1003 3942 1056 ἐπ’

2370 1095 2476 1162 ἐμὲ
2514 1096 2897 1164 πτερνισμόν.
2964 1095 3343 1165 Ἐμπαιγμὸν,
3387 1095 3677 1165 ἐπιῦουλὴν
3713 1136 3728 1158 ,
3775 1092 3942 1147 δόλον.

2373 1186 2606 1257 Εἰρήνης
2650 1185 2930 1256 ἄνθρωπον
2957 1185 3049 1238 τὸν
3086 1185 3288 1239 Ἰούδαν
3319 1186 3483 1254 φησὶ,
3543 1185 3632 1238 διὰ
3678 1185 3741 1238 τὺ
3771 1185 3944 1237 δοκεῖν

2372 1281 2428 1331 ὲν
2447 1281 2556 1340 τοῖς
2579 1276 2848 1330 εὐνοοῦσιν
2865 1277 3011 1347 αὐτῷ
3031 1277 3285 1348 τετάχθαι
3307 1281 3396 1331 καὶ
3425 1279 3618 1348 φίλοιςο
3647 1279 3772 1347 τόγε
3798 1279 3946 1348 ἥκων

2369 1371 2449 1431 είς
2473 1369 2533 1421 τὸ
2560 1364 2700 1421 εἶναι
2729 1368 2999 1440 μαθητήν.

2440 1459 2522 1513 Σὺ
2551 1459 2639 1523 δὲ,
2673 1460 2870 1527 Κύριε,
2901 1457 3164 1525 ἐλέησόν
3195 1475 3295 1527 με,
3331 1458 3429 1512 καί
3463 1458 3827 1527 ἀνάστησόν
3845 1476 3937 1528 με,

2369 1552 2466 1604 καὶ
2495 1551 2899 1606 ἀνταποδώσω
2948 1551 3172 1617 αὐτοῖς.
3211 1550 3590 1622 Ἀνθρωπίνως
3624 1551 3828 1621 μᾶλλον
3856 1552 3940 1605 διὰ

2369 1645 2466 1713 τὴν
2511 1643 2741 1696 κένωσιν
2771 1644 2907 1714 πρὸς
2935 1645 3026 1697 τὸν
3072 1643 3264 1698 ἑαυτοῦ
3317 1643 3536 1715 Πατέρα
3585 1646 3820 1696 ποιεῖται
3854 1644 3939 1697 τὸν

2369 1735 2546 1802 λόγον,
2599 1736 2775 1788 καίτοι
2805 1735 2966 1798 αὐτὸς
2998 1734 3071 1787 ὣν
3112 1736 3174 1788 τὸ
3200 1735 3346 1797 ἔλεος
3389 1735 3482 1787 τοῦ
3513 1735 3650 1789 Θεοῦ
3703 1738 3797 1790 καὶ
3829 1737 3930 1789 Πα·

2369 1828 2513 1898 τρὸς,
2546 1829 2638 1880 καὶ
2671 1829 2704 1897 ἡ
2735 1828 3026 1889 ἀνάστασις
3055 1829 3199 1897 καὶὴ
3229 1827 3364 1895 ζωή.

2457 1923 2552 1974 Ἐν
2581 1922 2767 1984 τούτῳ
2797 1919 3011 1989 ἔγνων.
3035 1919 3123 1972 ὅτι
3153 1917 3481 1984 mammu-
3507 1935 3602 1988 με.
3645 1918 3814 1972 Λαλεϊ
3837 1921 3936 1973 παο

2372 2012 2451 2064 λιν
2478 2011 2558 2073 ὡς
2585 2011 2868 2080 ἄνθρωπος
2899 2049 2914 2071 .
2962 2009 3048 2062 ἵνα
3087 2009 3275 2061 ἑαυτὸν
3305 2008 3522 2078 παραθῇ
3567 2006 3646 2077 τῷ
3682 2007 3806 2078 Θεῷ
3848 2009 3938 2060 καὶ

2372 2104 2564 2175 Πατρί.
2602 2105 2720 2157 ’Ὁτι
2747 2105 2818 2158 οὐ
2843 2101 2929 2171 μὴ
2958 2099 3213 2170 ἐπιχαρῆ
3239 2102 3271 2153 ό
3299 2100 3511 2169 ἐχθρός
3533 2117 3654 2170 μου
3691 2101 3785 2154 ἐπ’
3813 2101 3934 2169 ἐμέ.

2372 2199 2433 2250 Et
2471 2198 2570 2266 μὲν
2600 2196 2665 2251 ὲκ
2689 2193 2979 2266 προσώπου
3009 2194 3104 2262 τῆς
3132 2194 3542 2266 ἀνθρωπότητος
3573 2193 3748 2247 ταῦτα
3797 2194 3938 2263 λέγει

2370 2285 2398 2335 ὁ
2422 2283 2672 2353 Χριστὸς,
2699 2281 2891 2352 ἐχθρὸς
2916 2281 2981 2335 ἂν
2997 2280 3215 2351 νοηθείη
3241 2284 3267 2334 ὁ
3293 2281 3382 2334 τὸν
3417 2281 3644 2335 Θάνατον
3679 2287 3815 2355 ἡμῖν
3846 2302 3940 2338 κα-

2368 2373 2746 2436 τασκευάσας·
2789 2374 2838 2428 εί
2871 2373 2927 2426 δὲ
2974 2372 3048 2436 ὡς
3097 2372 3155 2438 ἐξ
3204 2372 3370 2426 αὐτοῦ
3419 2373 3513 2426 τοῦ
3542 2375 3806 2445 Χριστοῦ,
3835 2377 3939 2430 τῶν

2383 2466 2648 2521 Ἰουδαίων
2671 2467 2795 2531 τούς
2825 2465 3092 2538 ἄρχοντας
3140 2482 3323 2537 φησιν.
3359 2466 3480 2519 Ὀτι
3518 2467 3627 2539 γὰρ
3674 2467 3938 2539 λελύπην-

2367 2575 2480 2623 ται,
2507 2558 2664 2628 δῆλον
2707 2559 2772 2611 ὲκ
2808 2558 2898 2611 τοῦ
2936 2559 3338 2628 συκοφαντῆσαι
3367 2557 3532 2613 αὐτοῦ
3570 2559 3672 2631 τὴν
3707 2561 3940 2616 ἀνάστα·

2372 2668 2475 2704 σιν.

2451 2740 2622 2810 Ἐμοῦ
2645 2739 2713 2793 δὲ
2750 2738 2848 2792 διὰ
2886 2738 3002 2807 τὴν
3025 2741 3284 2794 ἀκακίαν
3317 2741 3670 2798 ἄντε-ωεστ).
3715 2746 3780 2798 ’Ιί
3808 2747 3939 2800 πάν-

2367 2850 2475 2886 των
2504 2833 2786 2902 ἀντίληψις
2825 2831 3160 2904 ἀντιλήψεως
3201 2835 3556 2904 τετυχηκέναι
3602 2835 3804 2906 φησίν·
3843 2839 3938 2890 οὐκ

2369 2922 2532 2985 αὐτὸς
2563 2921 2764 2994 ταύτης
2811 2922 3086 2994 δεόμενος,
3131 2923 3252 2977 καθ’
3297 2925 3326 2977 ὃ
3380 2928 3580 2979 νοεῖται
3610 2925 3769 2991 Θεὸς,
3806 2927 3940 2981 ἀλλὰ

2369 3010 2657 3082 γενόμενος
2699 3011 3004 3084 ἄνθρωπος,
3052 3012 3192 3084 ὑπὲρ
3232 3011 3534 3084 ἀνθρώπων
3567 3017 3804 3068 ποιεῖται
3857 3015 3940 3068 λό-

2367 3118 2516 3169 γους.

779 3193 864 3248 14.
900 3191 1214 3246 Benedictus
1249 3191 1502 3244 Dominus
1554 3190 1693 3245 Deus
1743 3188 1915 3243 Israel
1969 3207 2000 3242 ο
2045 3188 2260 3242 sarculo.

2438 3192 2779 3262 Εὐλογητὸς
2796 3193 3010 3260 Κύριος
3027 3195 3060 3247 ό
3080 3193 3222 3260 Θεὸς
3257 3194 3500 3262 Ἰσραὴλ
3519 3196 3636 3250 ἀπὸ
3660 3196 3769 3252 τοῦ
3807 3196 3939 3251 αἰῶ-

699 3282 820 3340 Jam
850 3285 1103 3354 obsignat
1133 3285 1405 3338 canticum
1444 3283 1495 3335 in
1523 3284 1821 3351 gratiarum
1867 3283 2140 3335 actionem
2173 3281 2268 3334 dc-

701 3376 911 3430 sincns.
942 3376 984 3427 Α
1021 3373 1516 3443 przesenli,inquit,
1558 3389 1731 3443 usque
1779 3373 1846 3427 ad
1897 3371 2164 3428 futurum.
2223 3370 2267 3424 Δ

699 3468 953 3536 praesenti
988 3468 1152 3537 igitur
1173 3466 1525 3521 benedictioa
1577 3465 1734 3520 nobis
1767 3463 1878 3520 Deo
1927 3465 2109 3520 oblata
2158 3465 2266 3518 ini-

701 3561 836 3612 tium
874 3559 1044 3621 ducit,
1064 3559 1472 3629 completurque
1505 3559 1559 3612 in
1602 3558 1821 3613 futuro:
1866 3573 1991 3612 nam
2031 3569 2268 3626 exparte

698 3654 1062 3722 cognoscimus
1096 3661 1146 3705 et
1195 3666 1259 3704 ea:
1298 3661 1446 3720 parte
1493 3651 1862 3719 prophetamus
1893 3650 1958 3714 ι’,
1992 3664 2164 3718 quare
2197 3665 2266 3703 ex

699 3751 856 3811 parte
881 3735 1296 3794 benedicimus:
1331 3738 1463 3795 Cum
1498 3750 1674 3794 autem
1717 3740 1912 3794 uenerit
1957 3739 2098 3808 quod
2148 3757 2267 3808 per-

699 3833 894 3898 fectum
921 3842 1036 3895 est,
1069 3829 1248 3900 inquit
1301 3830 1587 3895 Paulus",
1623 3831 1969 3885 evacuabitur
2019 3833 2158 3902 quod
2201 3847 2266 3886 ea:

697 3934 846 3996 parte
864 3940 963 3979 est.
999 3922 1132 3979 Nam
1152 3923 1394 3994 profectu
1418 3925 1484 3978 ad
1531 3925 1753 3980 meliora
1778 3925 2091 3988 accedente,
2147 3940 2266 3980 ces-

701 4025 787 4072 sat
811 4018 954 4087 quod
985 4033 1051 4071 ex
1073 4026 1226 4085 parte
1253 4026 1359 4072 est.
1387 4015 1618 4085 Ideoque
1661 4015 1956 4071 Psalmista
1983 4016 2258 4084 adiunxit,

699 4107 846 4172 Fiat,
877 4109 995 4173 ﬁat,
1024 4117 1079 4162 et
1106 4109 1345 4178 duplicat
1375 4109 1698 4164 orationem.
1735 4108 2013 4178 Siquidem
2041 4109 2260 4163 beatum

697 4212 804 4265 est,
829 4216 924 4270 per
949 4200 1107 4254 tidem
1135 4211 1188 4254 et
1213 4200 1318 4254 alia
1372 4199 1511 4253 bona
1543 4214 1707 4270 opera
1737 4199 2170 4254 benedictionem
2207 4201 2260 4254 in

697 4290 867 4346 Deum
891 4291 1152 4351 exordiri,
1181 4299 1345 4361 atque
1399 4293 1474 4346 ita
1502 4292 1648 4346 illam
1689 4307 1954 4347 coronare
1999 4292 2052 4345 in
2079 4292 2264 4346 futuro

697 4380 918 4442 satculo,
956 4387 1013 4434 ut
1047 4379 1228 4448 impiis
1255 4388 1309 4433 et
1338 4380 1649 4435 inﬁdelibus
1679 4379 1848 4434 Deum
1887 4380 1997 4435 illic
2040 4380 2262 4436 laudare

697 4472 1006 4526 nullatenus
1033 4473 1385 4526 concedatur.
1416 4471 1707 4527 Sciendum
1739 4481 1942 4537 autem,
1968 4473 2260 4528 nonnullos

2371 3303 2497 3352 νος.
2514 3286 2807 3356 Σφραγίζει
2827 3287 2919 3339 καὶ
2933 3285 3027 3339 νῦν
3050 3287 3127 3349 είς
3141 3286 3488 3358 εὐχαριστίαν
3519 3286 3615 3358 τὴν
3651 3288 3940 3360 προκειμέ-

2369 3396 2465 3451 νην
2491 3378 2654 3449 ᾠδήν.
2702 3379 2835 3431 Ἀπὸ
2879 3378 2970 3432 τοῦ
3016 3378 3301 3450 παρόντος,
3350 3380 3532 3449 φησιν,
3564 3381 3644 3442 είς
3687 3381 3782 3433 τὸν
3813 3381 3938 3452 μέλ-

2365 3466 2525 3522 λοντα
2549 3486 2563 3500 ο
2590 3467 2782 3521 οὐκοῦν
2808 3468 2918 3520 ἀπὸ
2943 3469 3041 3538 μὲν
3071 3465 3165 3520 τοῦ
3191 3467 3456 3536 παρόντος
3488 3469 3520 3536 ἡ
3564 3468 3784 3537 εὐλογία
3810 3485 3922 3542 παρ

2367 3557 2522 3629 ἡμῶν
2542 3561 2620 3620 είς
2645 3559 2735 3612 τὸν
2762 3557 2892 3611 Θεὸν
2921 3559 3168 3629 ἄρχεται,
3192 3557 3493 3610 τελειοῦται
3516 3557 3574 3611 δὲ
3613 3557 3672 3610 ὲν
3699 3557 3781 3630 τῷ
3813 3559 3937 3629 μέλ-

2365 3649 2510 3701 λοντι
2529 3649 2628 3702 ’ἐκ
2669 3648 2888 3716 μέρους
2915 3649 3023 3720 γὰρ
3053 3647 3447 3718 γινώσκομεν,
3500 3649 3599 3703 καὶ
3629 3650 3697 3704 ἐκ
3716 3650 3939 3720 μέρους

2366 3741 2833 3809 προφητεύομεν,
2847 3737 2966 3792 ὃθεν
2989 3739 3157 3792 καὶὲκ
3180 3740 3377 3810 μέρους
3397 3740 3748 3812 εὐλογοῦμενο
3765 3746 3940 3796 "Orm-

2364 3829 2432 3882 δὲ
2446 3831 2592 3898 ἔλθη
2611 3830 2677 3884 τὸ
2690 3829 3107 3901 τέλειογ,φησὶν
3121 3832 3148 3883 ὀ
3165 3831 3395 3894 Παῦλος,
3413 3830 3479 3884 τὸ
3489 3833 3556 3885 ἐκ
3576 3831 3801 3900 μέρους
3814 3851 3939 3886 κατ-

2363 3921 2781 3992 αργηθήσεται.
2805 3923 2883 3994 Τῇ
2903 3923 3011 3994 γὰρ
3050 3925 3141 3976 ἐπὶ
3165 3923 3225 3977 τὸ
3259 3924 3442 3994 μεῖζον
3467 3927 3715 3996 προκοπῇ
3744 3924 3810 3980 τὺ
3833 3927 3939 3980 ἀπὸ

2369 4015 2568 4086 μέρους
2590 4014 2841 4068 παύεται.
2861 4015 2958 4068 Διὰ
2981 4015 3178 4070 τοῦτ·οὸ
3200 4016 3499 4089 Ψαλμῳδος
3525 4018 3797 4088 ἐπήγαγε,
3840 4020 3888 4071 Γ
3890 4017 3941 4072 ἐ-

2364 4121 2546 4166 νοιτο,
2570 4103 2817 4174 γένοιτο,
2851 4107 2946 4158 καὶ
2967 4104 3307 4171 διπλασιάζει
3328 4108 3426 4176 τὴν
3451 4107 3634 4178 εὐχήν.
3654 4107 3940 4179 Μακάριον

2365 4197 2474 4266 γὰρ
2486 4194 2736 4248 ἐντεῦθεν
2749 4196 2847 4267 τῆς
2862 4197 3110 4266 εὐλογίας
3131 4198 3229 4268 τῆς
3250 4201 3328 4263 εἰς
3343 4199 3434 4252 τὸν
3448 4198 3581 4252 Θεὸν
3599 4199 3688 4252 διὰ
3705 4200 3939 4261 πίστεως

2365 4289 2580 4358 καὶτῆς
2604 4287 2712 4341 τῶν
2742 4288 2918 4345 ἄλλων
2949 4288 3172 4357 ἀγαθῶν
3206 4290 3597 4362 κατορθώσεως
3635 4290 3934 4362 ἄρξασθαι.

2365 4379 2508 4433 οῦτω
2535 4397 2593 4433 τε
2627 4379 2795 4451 αὐτὴν
2827 4382 3166 4449 στεφανῶσαι
3217 4385 3299 4446 είς
3327 4381 3417 4435 τὸν
3461 4381 3636 4436 αίῶνα
3684 4382 3778 4435 τὸν
3813 4381 3938 4453 μὲλ-

2365 4475 2544 4536 λοντα,
2575 4476 2650 4540 ὼς
2687 4476 2742 4529 οἶ
2774 4494 2836 4546 γε
2871 4477 3088 4542 ἀσεϐεῖς
3124 4477 3220 4533 καὶ
3258 4478 3475 4532 ἄπιστοι
3531 4475 3775 4543 εὐλογεῖν
3823 4477 3938 4529 ὲκεῐ

699 4565 840 4618 hanc
875 4563 1208 4640 psalmorum
1237 4564 1573 4634 prophetiam
1602 4564 1655 4618 in
1706 4564 1874 4620 libros
1904 4565 2146 4636 quinque
2173 4566 2259 4620 di-

2368 4562 2456 4616 τὸν
2493 4564 2626 4617 Θεὸν
2657 4565 2756 4619 οὐκ
2799 4565 3204 4636 ἐπιτρέπονται.
3244 4566 3455 4621 Είδέναι
3495 4566 3553 4619 δὲ
3587 4565 3687 4629 δεῖ,
3724 4566 3806 4620 ὅτι
3837 4566 3935 4636 τὴν

694 4656 913 4711 videre:
944 4664 1109 4724 atque
1163 4655 1229 4709 ad
1277 4655 1422 4709 hunc
1472 4670 1646 4720 usque
1703 4657 1971 4724 psalmum
2021 4659 2259 4728 priorem

695 4747 1063 4811 Constituere;
1119 4746 1246 4816 quia
1277 4747 1330 4800 in
1373 4746 1478 4800 tiue
1518 4747 1948 4802 benedictionem
1999 4749 2052 4802 in
2091 4747 2259 4804 Deum

694 4853 792 4890 seu
815 4852 1072 4892 coronam
1111 4839 1289 4892 habet.
1316 4836 1470 4892 Uude
1502 4840 1666 4892 etiam
1694 4839 1774 4894 sic
1801 4849 2094 4910 sequentes
2125 4856 2260 4911 qua-

697 4937 823 4984 tuor
849 4928 1180 4999 partiuntur.

838 5105 889 5160 1.
929 5104 989 5159 In
1035 5107 1189 5176 ﬁnem
1219 5107 1288 5160 ad
1339 5107 1739 5178 intelligentiam
1789 5111 1916 5179 ﬁliis
1951 5109 2106 5166 Core.

1219 5197 1555 5256 PSALMUS
1584 5201 1738 5257 XLI.

1269 5291 1641 5360 Argumentum
1653 5335 1665 5348 .

692 5380 846 5434 Sacri
871 5379 1023 5435 fuere
1055 5390 1309 5437 cantores
1344 5384 1440 5438 lilii
1463 5382 1623 5448 Core,
1656 5393 1860 5439 canunt
1893 5395 2074 5440 autem
2108 5403 2240 5442 can-

774 5473 938 5527 tioum
964 5475 1032 5528 ab
1057 5475 1688 5543 anctoribusacccptum,
1709 5476 2002 5531 videlicet:
2027 5476 2252 5542 Daride,

765 5574 886 5628 qua
913 5561 964 5614 in
1003 5563 1294 5632 postremis
1338 5565 1670 5633 temporibus
1711 5565 2012 5621 obventura
2070 5576 2256 5622 essent

769 5650 1158 5718 signiﬁcantes.
1193 5650 1460 5708 lnducunt
1482 5656 1646 5710 etiam
1676 5656 1848 5727 ipsius
1875 5655 2092 5715 lsraelis
2127 5675 2250 5730 per-

769 5831 814 5864 “
841 5833 857 5887 l
883 5831 1009 5886 Cor.
1041 5848 1154 5893 xm.
1174 5835 1227 5889 9.
1310 5836 1349 5868 "
1377 5835 1506 5892 ibid.
1539 5836 1624 5892 ιο.

2365 4652 2648 4726 ψαλμικὴν
2701 4655 2906 4728 ταύτην
2950 4659 3288 4730 προφητείαν
3340 4659 3422 4720 είς
3470 4658 3632 4711 πέντε
3671 4657 3817 4722 τινὲς
3859 4657 3938 4712 δι’

2365 4744 2574 4808 ελόντες
2604 4746 2835 4816 βίϐλους,
2879 4748 3038 4821 μέχρι
3068 4749 3256 4804 τούτου
3286 4748 3381 4803 τοῦ
3415 4749 3631 4822 ψαλμοῦ
3663 4749 3936 4822 τὴνπρώ-

2365 4853 2464 4905 την
2496 4837 2806 4906 νομίζουσιν
2846 4853 2860 4868 ·
2913 4838 3099 4911 ἐπειδὴ
3151 4839 3288 4909 πρὸς
3337 4840 3416 4912 τῷ
3469 4835 3615 4893 τέλει
3673 4840 3936 4909 στέφανον

2368 4925 2557 4998 ὥσπερ
2605 4929 2703 4998 τὴν
2735 4928 2981 4999 εὐλογίαν
3022 4931 3122 5003 τὴν
3165 4934 3246 4996 είς
3294 4931 3425 4986 Θεὸν
3456 4932 3740 5004 κέκτηται.
3773 4933 3934 4986 Ὅθεν

2366 5018 2509 5071 οὕτω
2535 5019 2798 5090 διαιροῦσι
2825 5024 2916 5076 καὶ
2948 5021 3046 5086 τὰς
3077 5025 3337 5096 ὑπάρξεις
3371 5025 3470 5089 τὰς
3501 5025 3793 5095 τέσσαρας.

2429 5111 2532 5175 Εἰς
2561 5112 2626 5165 τὸ
2654 5111 2826 5178 τέλος
2849 5118 2936 5181 εὶς
2960 5115 3218 5170 σύνεσιν
3242 5116 3364 5183 τοῖς
3377 5116 3530 5184 υἱοῖς
3553 5116 3660 5171 τοῦ
3689 5116 3865 5186 Κορέ.

2914 5211 3217 5263 ΨΛΑΜΟΣ
3251 5213 3388 5264 MA'.

2985 5301 2999 5319 '
3014 5301 3320 5367 Υπόθεσις.

2373 5388 2702 5461 Ἱεροψάλται
2737 5391 2835 5461 μὲν
2878 5391 3162 5460 γεγόνασιν
3194 5397 3242 5446 oi
3280 5394 3374 5448 τοῦ
3417 5395 3562 5466 Κορὲ
3592 5394 3716 5456 υἱοὶ,
3745 5393 3929 5466 ᾅδουσι

2437 5479 2494 5532 δὲ
2522 5480 2621 5551 τὴν
2647 5481 2790 5553 ᾠδὴν
2835 5481 3088 5547 λαϐόντες
3147 5487 3300 5556 παρὰ
3351 5486 3460 5539 τῶν
3500 5485 3802 5540 συνθέντων
3836 5483 3929 5538 at)-

2434 5571 2554 5642 τὴν,
2591 5573 2833 5626 τουτέστι
2863 5573 2957 5626 τοῦ
3006 5575 3184 5637 Διυτδ,
3213 5577 3280 5630 τὰ
3331 5579 3417 5632 ἐπ’
3447 5578 3688 5647 ἐσχάτων
3725 5574 3925 5647 σημαὲ⁸

2432 5678 2613 5728 νοντες
2649 5665 2755 5718 τῶν
2796 5668 3021 5739 καιρῶν.
3058 5670 3384 5742 Είσφέρουσι
3424 5671 3481 5724 δὲ
3533 5670 3593 5723 τὸ
3631 5669 3797 5724 αὐτοῦ
3835 5667 3926 5724 τοῦ
