4108 6496
219 453 310 510 201
1306 448 1662 507 EXPOSITIO
1698 447 1764 502 IN
1802 447 2126 506 PSALMUM
2170 450 2303 505 XLI.

3290 450 3395 507 τοι

293 574 507 646 Ἰσραὴλ
551 574 840 646 πρόσωπον
880 570 1362 644 ἑζομολογούμενον
1413 571 1632 644 Χριστῷ
1672 571 1759 625 διὰ

1935 586 2123 626 sonam
2172 569 2388 625 Christo
2428 586 2521 639 per
2576 572 2937 640 pmnitenttatn
3006 572 3343 628 conﬁtentem
3376 614 3395 638 .

281 668 376 737 τῆς
427 665 841 736 μεταγνώσεως,
871 660 944 737 ἦς
985 665 1297 736 ποιήσονται
1346 663 1437 716 ἐπὶ
1486 663 1764 733 συντελείᾳ

282 758 384 810 τῶν
407 756 643 815 αίώνων.

288 848 394 900 Ὀν
434 849 659 916 τρόπον
696 845 807 918 (ιι)
850 844 1118 900 ἐπιποθεῖ
1154 845 1195 912 ἡ
1241 844 1467 912 ἔλαφος
1512 843 1609 898 ἐπὶ
1654 844 1763 908 τὰς

222 939 406 1008 πηγὰς
438 937 559 992 τῶν
584 937 838 1006 ὑδάτων,
865 938 1050 1004 οὕτως
1089 937 1358 992 ἐπιποθεῖ
1381 937 1418 1003 ἠ
1452 934 1619 1005 ψυχή
1646 952 1763 1003 μου

221 1029 360 1098 πρὸς
407 1031 503 1093 σὲ,
544 1033 577 1083 ό
612 1030 773 1094 Θεός.
816 1030 881 1082 Δί
927 1029 1139 1097 λογικαὶ
1160 1028 1365 1097 ἔλαφοι,
1394 1026 1765 1096 διαλειπούσης

221 1120 379 1183 αὐτὰς
407 1118 495 1173 διὰ
538 1119 641 1182 τὰς
672 1119 897 1190 ἀνομίας
930 1119 1027 1190 τῆς
1055 1120 1247 1191 νοητῆς
1275 1120 1471 1190 πηγῆς,
1508 1116 1765 1170 ἀπεκλαί-

220 1228 332 1264 οντο
360 1210 555 1274 νυκτὸς
580 1210 674 1264 καὶ
704 1208 823 1281 μεθ’
855 1209 1066 1283 ἡμέραν
1091 1209 1185 1281 τὴν
1206 1209 1477 1263 ἀπώλειαν
1509 1208 1734 1262 ἑαυτῶν.

280 1322 426 1375 Πότε
454 1322 583 1390 ἥξω
602 1361 618 1385 ,
667 1321 765 1375 καὶ
814 1321 1149 1391 ὀφθήσομαι
1198 1320 1277 1387 τῷ
1328 1322 1620 1391 προσώπῳ
1658 1319 1761 1375 τοῦ

219 1408 398 1473 Θεοῦ;
444 1410 743 1481 Πρόσωπον
773 1410 867 1463 τοῦ
897 1408 1030 1463 Θεοῦ
1078 1410 1107 1462 ὁ
1158 1408 1345 1479 Λόγος.
1394 1410 1649 1481 Σημαίνει
1703 1409 1764 1462 τὸ

216 1501 327 1554 λίαν
374 1501 662 1571 ἐπιθυμεῖν
693 1501 887 1565 αὐτοὺς
916 1502 995 1564 εἰς
1029 1501 1215 1571 καιρὸν
1240 1500 1528 1570 ἀφικέσθαι
1571 1500 1762 1564 αὐτοὺς

216 1590 331 1646 καθ’
359 1591 417 1645 δν
440 1593 537 1646 καὶ
561 1595 595 1663 ή
628 1592 803 1647 αὐτῶν
833 1592 983 1647 ἔσται
1017 1592 1206 1663 κλῆσις
1230 1610 1243 1623 ·
1268 1592 1406 1645 ὥστε
1439 1593 1531 1643 καὶ
1568 1592 1763 1654 αὐτοὺς

217 1684 467 1752 ἐμφανεῖς
491 1682 741 1751 γενέσθαι
786 1682 864 1753 τῷ
913 1682 1184 1754 προσώπῳ
1229 1682 1321 1736 τοῦ
1371 1681 1503 1736 Θεοῦ
1538 1683 1628 1737 καὶ
1654 1682 1762 1733 Πα-

215 1773 350 1842 τρός.
385 1773 565 1825 Ταυτὸ
585 1772 642 1825 δέ
676 1775 903 1826 ἐστικαὶ
931 1774 992 1825 τὸ
1018 1771 1109 1825 τοῦ
1144 1772 1293 1825 Υίοῦ.

1929 677 2093 732 quam
2169 662 2222 716 in
2307 664 2773 717 consunnnationc
2832 664 3149 718 smculorum
3222 667 3393 721 acturi

1928 769 2072 818 sunt.

1928 843 1983 897 2.
2014 845 2736 909 Quemadmodumdcsidcrat
2755 862 2927 899 cerrus
2954 846 3020 898 ad
3043 848 3210 913 [antes
3227 862 3395 916 aqua-

1862 947 1999 1000 rum,
2022 934 2100 986 ita
2126 934 2386 988 desiderat
2407 936 2583 988 anima
2606 952 2720 989 mea
2753 938 2820 988 ad
2852 946 2918 999 te,
2952 935 3111 991 Deus.
3140 935 3395 992 Rationa-

1861 1023 1995 1080 biles
2024 1028 2189 1090 cervi,
2253 1028 2531 1083 deﬁciente
2581 1029 2742 1098 ipsis“,
2804 1040 3139 1098 peccatorum
3201 1045 3393 1097 causa,

1860 1116 2123 1185 spirituali
2155 1117 2318 1187 fonte,
2354 1130 2512 1176 noctu
2539 1121 2729 1190 dieqne
2773 1137 2925 1175 suam
2960 1124 3248 1193 perniciem
3302 1124 3394 1178 de-

1859 1207 2158 1275 plorabant.

1930 1318 1983 1372 3.
2023 1319 2244 1384 Quando
2273 1323 2471 1376 veniam
2504 1334 2552 1377 et
2580 1325 2834 1394 apparebo
2891 1338 3009 1379 ante
3042 1326 3226 1395 {aciem
3257 1327 3395 1381 Dei.‘

1858 1406 2046 1465 Facies
2084 1411 2259 1467 Patris
2298 1411 2552 1471 Verbum.
2583 1414 2678 1471 llis
2702 1416 3030 1487 signiﬁcatur
3063 1435 3269 1474 summe
3296 1437 3389 1474 ex-

1858 1510 2039 1568 petere
2060 1500 2180 1555 illos
2209 1516 2274 1555 eo
2305 1512 2545 1572 tempore
2568 1514 2691 1560 ante
2716 1516 3063 1576 conspectum
3085 1508 3178 1563 Dei
3203 1525 3394 1565 occur-

1860 1604 1977 1644 rere
2007 1604 2115 1661 quo
2141 1593 2313 1647 vocali
2341 1592 2558 1659 fuerint,
2594 1604 2652 1650 ut
2678 1609 3025 1667 compareant
3051 1609 3176 1655 ante
3201 1601 3389 1656 faciem

1857 1678 2061 1735 Patris:
2090 1696 2211 1751 qua:
2239 1683 2424 1739 eadem
2447 1683 2562 1754 ipsa
2592 1693 2674 1739 est
2689 1693 2851 1755 atque
2876 1684 3015 1741 Filii.

293 1885 386 1937 Ἑν
423 1883 600 1953 φωνῇ
666 1884 1074 1955 ἀγαλλιάσεως
1120 1884 1218 1937 καί
1271 1880 1755 1954 ἐξομολογήσεως

1929 1879 1980 1933 5.
2013 1878 2079 1933 In
2112 1897 2228 1935 uoce
2249 1882 2612 1940 exsultationis
2633 1899 2682 1941 et
2714 1888 3053 1956 confessionis
3082 1905 3239 1943 sonus
3269 1908 3391 1959 epu-

215 1973 395 2044 ἤχους
438 1974 835 2046 ἐορτάζοντος.
884 1975 1408 2047 Προευαγγελίζεται
1455 1975 1641 2028 ἑαυτὸν
1686 1974 1761 2038 ὡς

216 2067 270 2119 ὲν
294 2065 467 2138 καιρῷ
491 2066 808 2136 τευξόμενος
833 2066 930 2136 τῆς
964 2064 1052 2121 διὰ
1084 2064 1316 2139 Χριστοῦ
1371 2064 1640 2137 σωτηρίας
1668 2065 1761 2118 καὶ

216 2156 374 2227 ζωῆς,
404 2158 500 2211 καὶ
524 2161 646 2221 ταῖς
670 2157 839 2221 θείαις
870 2158 1061 2223 αὐλαῖς
1089 2156 1224 2230 ὁμοῦ
1253 2160 1365 2221 τοῖς
1390 2157 1567 2222 ἄλλοις
1589 2158 1761 2227 ἁγίοις

212 2247 697 2321 ἱνδιαιτησόμενος.

282 2360 404 2414 ἰνα
431 2361 492 2414 τι
524 2363 853 2430 περίλυπος
882 2358 955 2424 εἷ,
990 2362 1028 2428 ἠ
1060 2361 1228 2431 ψυχή
1264 2379 1402 2432 μου,
1444 2364 1540 2416 καὶ
1573 2365 1671 2417 ἵνα
1706 2365 1760 2418 τί

215 2451 654 2521 συνταράσσεις
697 2470 772 2523 με
784 2470 803 2518 ;
848 2454 1102 2524 Ἐπιτιμᾷ
1149 2457 1266 2517 ταῖς
1314 2454 1509 2518 λύπαις
1559 2458 1623 2526 τῇ
1682 2456 1761 2518 εἰς

216 2542 438 2613 Χριστὸν
458 2544 634 2597 ἑλπίδι
662 2545 982 2617 ὀχυρόμενος
997 2546 1151 2619 (ιιο).
1169 2548 1230 2600 Ei
1251 2548 1559 2618 τετήρηται,
1578 2548 1759 2618 φησιν,

215 2625 260 2688 ὃ
285 2633 450 2705 ψυχὴ,
487 2635 679 2706 καιρὸς
709 2635 828 2688 καθ’
853 2636 911 2689 ὃν
941 2640 974 2708 ὴ
1021 2636 1109 2690 διὰ
1132 2636 1363 2699 πίστεως
1394 2636 1548 2706 ήμῶν
1573 2636 1760 2706 κλῆσις

216 2726 413 2795 είσάγοι
459 2728 608 2799 ἡμᾶς
642 2726 779 2797 μετὰ
817 2726 923 2781 τῶν
955 2725 1315 2799 ἑορταζόντων
1358 2729 1436 2792 είς
1483 2730 1579 2799 τὴν
1628 2745 1761 2799 σκη-

217 2818 324 2888 νὴν,
363 2818 455 2872 διὰ
495 2820 550 2873 τί
593 2818 884 2889 περίλυπος
922 2816 991 2887 εἷ,
1035 2821 1125 2874 καὶ
1165 2821 1479 2895 κατατρύχῃ
1506 2823 1625 2885 ταῖς
1663 2820 1756 2874 λύ-

218 2924 372 2972 παις;

282 3000 379 3052 Διὰ
403 2999 583 3054 τοῦτο
604 2997 1029 3070 μνησθήσομαι
1058 3018 1171 3055 σου
1206 3001 1274 3054 ἐκ
1313 2988 1425 3071 γῆς
1472 3002 1757 3071 Ἰορδάνου

213 3090 305 3145 καὶ
344 3091 681 3161 Ἐρμωνιείμ
703 3092 819 3146 ἀπὸ
848 3093 1023 3163 ὄρους
1040 3094 1277 3164 μικροῦ.
1324 3095 1538 3166 Ἐπειδὴ
1570 3095 1758 3168 ἐταρά-

224 3183 349 3255 χθη,
368 3185 556 3253 φησὶν,
578 3186 612 3255 ή
629 3183 772 3256 ψυχή
814 3202 934 3256 μου,
957 3186 1363 3258 ἀναμνήσαντός
1400 3204 1499 3258 μου
1529 3187 1758 3259 ἐμαυτὸν

218 3267 317 3322 τῶν
345 3268 453 3321 σῶν
482 3269 816 3339 θαυμασίων,
835 3266 910 3324 ὧν
936 3288 994 3323 τε
1035 3274 1176 3326 κατὰ
1203 3274 1294 3328 τὸν
1327 3275 1593 3347 Ἰορδάνην
1628 3279 1757 3347 ἡμῖν

218 3359 432 3426 ἔδειξας,
448 3353 523 3413 ὧν
547 3377 607 3413 τε
631 3359 770 3413 κατὰ
788 3359 848 3413 τὸ
868 3360 990 3432 ὅρος
1004 3362 1064 3415 τὸ
1090 3362 1356 3435 Ἆερμὼν,
1371 3366 1757 3437 παραμυθήσοο

220 3467 311 3520 μαι
344 3451 599 3522 ἐμαυτόν.
634 3451 706 3504 Ἦ
746 3451 914 3517 οὕτως
935 3470 950 3485 ’
996 3453 1315 3525 Γενόμενος,
1363 3457 1521 3527 φησὶν
1544 3498 1559 3522 ,
1594 3459 1651 3510 ἑν
1683 3456 1758 3529 τῷ

229 3542 478 3616 Ἰορδάνῃ,
508 3544 779 3597 τουτέστιν
810 3544 1055 3611 ἀξιωθεὶς
1073 3545 1162 3600 τοῦ
1184 3548 1336 3616 ἁγίου
1370 3548 1756 3619 βαπτίσματος,

217 3632 275 3685 τὸ
294 3634 591 3704 τηνικαῦτά
623 3651 714 3688 σου
752 3635 1123 3707 μνησθήσομαι
1153 3638 1240 3691 διὰ
1269 3639 1361 3693 τοῦ
1396 3641 1634 3711 ῥήματος
1657 3640 1754 3710 τῆς

218 3724 513 3793 ὁμολογίας.
575 3726 966 3797 Μνησθήσομαι
1009 3727 1066 3780 δὲ
1116 3728 1212 3781 καὶ
1255 3730 1350 3783 τοῦ
1408 3731 1756 3801 Ἐριιωνιείμ.

229 3813 624 3887 Ἑρμωνιεὶμδὲ
648 3816 1001 3889 ἑρμηνεύεται
1029 3816 1167 3884 ὁδὸς
1180 3819 1429 3887 λύχνου,
1473 3820 1547 3883 ὡς
1576 3820 1667 3874 τοῦ
1699 3823 1759 3875 ἀ-

218 3906 329 3974 γίου
355 3907 727 3979 βαπτίσματος
751 3907 865 3961 ὁδὸν
887 3909 1065 3971 αὐτοῖς
1089 3908 1392 3977 ἀνοίγοντος
1420 3910 1719 3980 φωτισμοῦ.

306 4000 581 4065 Ασυσσος
602 3999 875 4054 ἄϐυσσον
898 3999 1256 4054 ἐπικαλεῖται
1292 4003 1378 4067 είς
1413 4001 1619 4070 φωνὴν
1645 4002 1760 4055 τῶν

218 4090 589 4160 καταρακτῶν
624 4091 1013 4162 σουξἘτέρων
1039 4091 1194 4146 πάλιν
1237 4091 1543 4163 θαυμασίων
1568 4095 1759 4164 ἀναμι-

223 4183 545 4252 μνήσκουσιν
579 4181 821 4245 ἑαυτούς.
857 4183 984 4236 Ὀτε
1012 4184 1119 4254 γὰρ
1144 4182 1423 4253 ἀλλόφυλοι
1454 4186 1759 4257 κατεστρά-

221 4290 407 4328 τευσαν
435 4274 634 4339 αὐτῶν,
664 4273 955 4344 γενομένης
984 4273 1122 4344 ὑπὲρ
1156 4274 1333 4327 αὐτῶν
1377 4275 1564 4340 Θυσίας
1612 4277 1759 4348 παρὰ

222 4364 307 4417 τοῦ
344 4364 614 4436 Σαμουὴλ,
670 4364 967 4436 κατηνέχθη
1024 4365 1161 4419 κατὰ
1202 4366 1309 4421 τῶν
1342 4368 1609 4439 πολεμίων
1664 4371 1757 4439 χά-

221 4455 349 4522 λαζα
378 4457 636 4528 τοσαύτη,
670 4458 743 4521 ὡς
770 4458 891 4520 τοὺς
922 4456 1145 4528 ἐχθροὺς
1167 4459 1348 4528 σχεδὸν
1374 4461 1634 4525 ἅπαντας,
1669 4464 1757 4515 ού-

1861 1968 2043 2024 Iantis.
2090 1970 2204 2026 Sibi
2235 1974 2335 2043 ipsi
2375 1978 2698 2044 praenuntiat
2743 1977 2980 2034 futurum
3013 1990 3073 2034 ut
3103 1982 3392 2050 aliquando

1860 2075 1955 2130 per
1982 2059 2251 2117 Christum
2288 2064 2513 2119 salutem
2548 2076 2601 2120 ct
2638 2068 2801 2123 vitam
2852 2082 3232 2141 consequatur,
3258 2084 3310 2129 et
3339 2076 3391 2128 in

1859 2151 2039 2207 divina
2067 2153 2187 2209 aula
2221 2172 2327 2213 una
2365 2174 2485 2215 cum
2536 2158 2656 2215 aliis
2692 2162 2893 2217 sanctis
2942 2162 3161 2218 habitet.

1944 2363 1997 2417 6.
2023 2364 2196 2431 Quare
2226 2366 2396 2419 tristis
2423 2382 2499 2433 es,
2534 2368 2711 2420 anima
2739 2383 2874 2431 mea,
2904 2377 2953 2422 et
2992 2384 3151 2438 quare
3181 2378 3393 2421 contur-

1861 2452 1953 2508 bas
1976 2470 2055 2507 me
2077 2456 2102 2508 ?
2128 2453 2425 2510 Tristitiam
2449 2456 2791 2525 reprehendit
2819 2472 2915 2528 spe
2946 2472 3071 2529 erga
3115 2457 3386 2513 Christum

1858 2544 2120 2600 munitus.
2151 2544 2205 2599 Si
2234 2556 2503 2601 servatum
2534 2555 2635 2609 est,
2660 2547 2852 2615 inquit,
2884 2557 3113 2614 tempus,
3144 2563 3177 2602 ο
3214 2548 3396 2604 anima

1858 2650 1999 2702 mea,
2022 2650 2132 2707 quo
2154 2637 2367 2693 vocatio
2400 2652 2496 2707 per
2525 2638 2682 2693 tidem
2718 2648 2904 2695 nostra
2951 2640 3253 2695 introducet
3290 2654 3390 2695 nos

1858 2742 1982 2783 cum
2010 2727 2206 2784 festum
2242 2731 2526 2800 agentibus
2542 2731 2597 2785 in
2618 2730 3024 2788 tabernaculum
3047 2733 3199 2798 illud,
3228 2748 3394 2804 quare

1858 2820 2028 2878 tristis
2051 2836 2131 2887 es,
2163 2829 2217 2877 et
2239 2836 2336 2877 cur
2360 2821 2543 2877 dolore
2572 2824 2890 2880 maceraris?

1936 2996 1987 3050 7.
2010 2994 2292 3068 Propterea
2320 3016 2512 3055 memor
2559 3016 2646 3055 ero
2696 3002 2774 3054 tui
2803 3001 2865 3055 de
2898 3011 3035 3055 terra
3076 3000 3324 3057 Iordanis
3347 3012 3395 3055 et

1858 3086 2181 3144 Hermoniim
2199 3109 2231 3144 a
2256 3101 2426 3146 monte
2440 3095 2660 3149 modico.
2680 3091 3141 3164 Quandoquidem,
3159 3094 3253 3161 ait,
3280 3104 3395 3149 tur-

1857 3175 1983 3233 bata
2001 3187 2085 3234 est
2117 3179 2295 3235 anima
2343 3195 2483 3246 mea,
2527 3181 2653 3236 dum
2701 3182 2831 3235 mihi
2868 3182 2920 3236 in
2960 3183 3275 3238 memoriam
3312 3200 3396 3237 re-

1870 3270 2075 3325 vocabo
2099 3270 2363 3325 mirabilia
2389 3280 2501 3331 tua.
2520 3286 2643 3327 cum
2672 3287 2732 3326 ea
2763 3287 2883 3341 quae
2902 3272 2955 3326 in
2981 3270 3234 3339 Iordane,
3284 3286 3396 3329 tum

1861 3372 1923 3413 ea
1949 3375 2067 3429 qua
2090 3360 2146 3414 in
2167 3371 2349 3417 monte
2370 3364 2601 3417 Aet-mon
2633 3365 2913 3419 ostendisti
2960 3365 3134 3433 nobis,
3175 3380 3399 3422 memet-

1863 3445 2040 3522 ips'um
2079 3452 2416 3509 consolabor.
2442 3454 2549 3507 Aut
2570 3454 2672 3508 hoc
2697 3457 2858 3510 modo
2888 3457 3055 3511 :Cum
3085 3459 3137 3511 in
3170 3457 3401 3513 Jordane

1865 3541 2081 3605 fuerim.
2110 3544 2163 3598 id
2194 3554 2443 3601 estsacro
2464 3544 2717 3616 dignatus
2739 3545 3081 3616 baptismate,
3110 3548 3288 3602 statim
3322 3550 3400 3604 tui

1863 3635 2186 3690 recordabar
2253 3635 2322 3689 oh
2383 3634 2739 3692 confessionis
2812 3637 2993 3692 verba.
3058 3634 3400 3694 Recorbaba:

1863 3740 2077 3795 quoque
2097 3724 2464 3792 llermoniim;
2504 3725 2833 3781 llermoniim
2884 3740 3061 3783 autem
3105 3731 3400 3800 explicatur

1863 3820 1948 3871 via
2009 3818 2263 3882 lucernw,
2326 3820 2452 3887 quia
2508 3834 2721 3873 sacrum
2769 3820 3027 3889 baptisma
3076 3824 3212 3876 viam
3270 3823 3399 3891 ipsis

1864 3910 2035 3979 aperit
2067 3909 2132 3963 ad
2160 3910 2627 3963 illutninationetn.

1939 4000 1992 4055 8.
2033 3999 2261 4071 Abyssus
2291 4000 2535 4070 abyssum
2562 4001 2762 4055 invocat
2786 4002 2841 4053 in
2867 4017 2983 4056 race
3008 4012 3398 4056 cataractarunt

1867 4104 2096 4148 tuarum.
2136 4092 2253 4146 Alia
2282 4093 2463 4148 itidem
2490 4093 2747 4149 miracula
2774 4105 3024 4150 revocant
3067 4095 3119 4149 in
3146 4105 3395 4151 mentem.

1864 4183 1997 4239 Nam
2027 4198 2149 4238 cum
2172 4182 2481 4252 alienigena:
2497 4183 2692 4237 bellum
2722 4194 2995 4238 moverent
3010 4183 3265 4239 adversus
3284 4201 3396 4250 eos,

1865 4290 1987 4329 cum
2018 4289 2207 4330 eorum
2242 4290 2406 4330 causa
2436 4276 2673 4331 oblatum
2706 4291 2733 4329 a
2783 4274 3031 4330 Samucle
3071 4275 3394 4331 sacriﬁcium

1864 4361 2082 4429 fuisset,
2114 4374 2259 4418 tanta
2285 4363 2519 4419 demissa
2562 4366 2643 4420 vis
2678 4366 2951 4435 grandinis
2970 4377 3070 4432 est,
3113 4378 3169 4421 ut
3196 4367 3396 4421 inimici

1862 4469 2028 4523 prope
2050 4468 2237 4507 omnes
2268 4455 2483 4509 nemine
2503 4465 2771 4524 pugnante
2796 4455 3066 4510 caderent.
3130 4456 3395 4527 Ahyssnm

221 4548 359 4613 δινδς
388 4551 571 4613 αὐτοῖς
599 4547 893 4620 ἀνθρώπων
941 4549 1264 4619 μαχομένου,
1318 4555 1521 4605 πεσεῖν.
1559 4551 1756 4606 "A696-

1864 4544 2026 4613 igitur
2058 4558 2219 4613 super
2250 4543 2525 4615 abyssum,
2562 4544 2839 4615 grandinis
2889 4545 3278 4599 vehementiam
3319 4548 3401 4600 di-

224 4656 307 4693 σον
330 4640 508 4694 τοίνυν
544 4640 631 4693 ἐπ’
662 4638 879 4709 ἀσύσσῳ
906 4640 1200 4711 τρέχουσαν
1236 4641 1387 4695 καλεῖ
1408 4644 1505 4715 τήν
1538 4645 1631 4715 τῆς
1664 4663 1759 4716 χα-

1860 4634 1952 4691 cit.
2002 4632 2135 4689 lllud
2160 4643 2363 4697 autem,
2399 4636 2601 4687 invocat
2627 4649 2724 4706 pro
2754 4635 2972 4689 advocat
3001 4638 3254 4706 positum.
3289 4635 3389 4689 Vu—

222 4731 377 4804 λάζης
394 4733 585 4805 φοράν.
619 4732 692 4785 Th
722 4731 797 4794 δὲ,
831 4731 1194 4786 ἐπικαλεῖται
1214 4776 1228 4797 ,
1272 4734 1391 4787 ἀντὶ
1433 4736 1545 4800 τοῦ,
1584 4736 1756 4805 ἐγκα-

1860 4742 1947 4783 ces
1980 4735 2161 4782 autem
2211 4735 2623 4793 cataractarum,
2662 4728 2940 4797 grandinis
2971 4728 3170 4783 imbres
3199 4728 3399 4783 intelli-

221 4823 419 4877 λεῖται.
450 4824 629 4877 Φωναὶ
657 4823 713 4875 δὲ
745 4822 853 4895 τῶν
890 4823 1244 4896 καταρακτῶν
1278 4827 1333 4878 at
1364 4825 1470 4878 τῶν
1512 4827 1758 4898 χαλαζῶν

1860 4833 1974 4888 gas.
2015 4817 2162 4872 Alias
2192 4832 2320 4872 vero
2350 4827 2655 4882 cataractae,
2693 4815 2785 4871 Dei
2808 4819 3080 4887 prophetae
3119 4819 3399 4876 dicuntur.

223 4917 375 4985 φοραὶ
396 4914 635 4986 νοηθεῖεν
660 4914 743 4968 ἄν.
789 4913 1043 4987 Ἀλλαχοῦ
1074 4915 1129 4968 δὲ
1158 4917 1528 4989 καταρράκται
1565 4920 1612 4971 oi
1662 4918 1755 4972 τοῦ

1865 4908 2053 4962 Omnia
2078 4908 2280 4961 excelsa
2302 4920 2390 4961 tua
2411 4918 2457 4962 et
2480 4910 2671 4977 ﬂuctus
2696 4909 2935 4977 tuisuper
2959 4926 3035 4963 me
3064 4914 3399 4963 transierunt.

220 5004 344 5059 Θιοῦ
360 5004 657 5078 προφῆται.
679 5004 903 5072 Πάντες
925 5010 978 5061 οἱ
1002 5010 1390 5077 μετεωρισμοί
1424 5024 1539 5063 σου
1566 5012 1661 5065 καὶ
1688 5014 1758 5068 τὰ

1860 4999 2018 5053 Aliud
2079 4999 2205 5053 item
2236 5000 2551 5055 miraculum
2602 5000 2858 5055 memoria
2898 5001 3105 5071 repetit.
3145 5000 3278 5055 Nam
3309 5017 3404 5070 per

222 5096 442 5165 κύματά
476 5113 594 5151 σου
620 5098 711 5150 ἐπ’
742 5097 846 5167 ἐμὲ
874 5097 1138 5165 διῆλθον.
1158 5100 1370 5170 Ἐτέρου
1394 5100 1551 5154 πάλιν
1571 5102 1759 5156 ἑαυτὸν

1860 5106 2031 5155 mare,
2076 5089 2371 5144 Pharaonis
2406 5090 2798 5160 improbitatem
2831 5090 3112 5162 fugientes,
3172 5094 3404 5147 transie-

221 5180 612 5259 ἀναμιμνήσκει
657 5186 945 5256 θαύματος.
976 5189 1195 5260 Διῆλθον
1234 5188 1340 5259 γὰρ
1370 5190 1455 5244 διὰ
1492 5190 1759 5263 θαλάσσης

1860 5192 2007 5238 runt.
2039 5182 2105 5238 Et
2129 5184 2465 5247 ridebantur,
2498 5185 2591 5248 ait,
2634 5184 2888 5238 ﬂuctuum
2925 5185 3158 5250 excelsa,
3213 5186 3261 5238 id
3322 5194 3405 5239 est

285 5470 390 5539 (Η)
426 5474 530 5525 Ὃν
574 5471 824 5538 τρόπον,
868 5487 920 5523 κ.
948 5487 997 5522 τ.
1031 5469 1081 5523 λ.
1141 5465 1277 5523 Huic
1326 5468 1500 5523 versui
1544 5470 1595 5523 in
1636 5470 1756 5526 cod.

222 5538 461 5609 Ambros.
504 5541 781 5609 sequentis
808 5539 1176 5605 interpretatio
1198 5548 1430 5609 aptatur,
1468 5554 1590 5609 cum
1622 5557 1760 5607 qua-

223 5606 336 5663 dam
374 5606 737 5678 discrepantia
786 5610 887 5663 sic:
924 5609 1211 5678 ΙΙρὸσωπον
1242 5607 1335 5661 τοῦ
1363 5608 1495 5662 Θεοῦ
1539 5611 1566 5662 ὁ
1609 5606 1762 5679 λόγος

224 5680 465 5768 σημβίνει
492 5679 702 5768 τὸλλίαν
734 5679 1013 5768 ἐπιθυμεῖν
1046 5680 1236 5768 αὐτοὺς
1275 5681 1359 5760 είς
1406 5681 1588 5764 καιρὸν
1634 5682 1760 5768 ἀφιῖ

223 5747 403 5803 κέσθαι
427 5792 442 5813 ,
476 5750 599 5805 καθ’
638 5748 695 5801 ὃν
733 5750 826 5801 καὶ⁵
854 5747 1027 5802 αὐτῶν
1059 5749 1205 5802 ἔσται
1240 5748 1424 5818 κλῆσις
1451 5767 1463 5779 ο
1499 5747 1637 5802 ὥστε
1674 5747 1763 5803 καὶ

224 5819 403 5885 αὐτοὺς
428 5821 692 5890 ,ἐμφανεῖς
719 5819 965 5887 γενέσθαι
986 5819 1062 5889 τῷ
1096 5820 1367 5889 προσώπῳ
1392 5819 1480 5872 τοῦ
1531 5819 1758 5890 Πατρός,

525 5932 793 5993 ΡΑτιοι.
836 5931 949 5991 (in.
1000 5931 1109 5985 XX
1125 5930 1250 5989 VII.

1859 5464 2101 5517 τουτέστι
2130 5462 2206 5532 τῷ
2236 5461 2363 5532 Υἱῴ.
2404 5461 2612 5517 Vultum
2644 5461 2739 5514 Dei
2768 5476 2931 5532 sermo
2960 5460 3240 5529 signi/teat,
3268 5456 3402 5526 quod

1861 5531 2206 5606 iirehentcnti
2254 5533 2634 5606 ejus_temporis
2685 5531 2923 5606 cupitline
2970 5536 3257 5587 teneantur,
3305 5537 3404 5606 que

1865 5614 2090 5672 tempore
2119 5616 2167 5658 et
2192 5604 2292 5672 ipsi
2324 5602 2749 5672 advocabuntur;
2785 5602 2860 5653 itu
2897 5610 2951 5652 ut
2990 5610 3269 5666 prwsentes
3291 5602 3399 5647 sint

1865 5671 2019 5743 {aciei
2040 5673 2240 5743 Patris,
2258 5672 2312 5725 id
2337 5682 2413 5743 est
2448 5671 2615 5728 Filio.

1934 5736 2068 5811 ΗΓ)
2100 5741 2161 5796 F.
2188 5736 2550 5814 ὀχυρούμενος
2580 5740 2658 5796 vel
2690 5739 3048 5813 ὠχυρομένος.
3078 5737 3240 5789 Eois.

3092 5915 3126 5972 Ἰ
