  <div class='ocr_page' id='page_1' title='image "/cluster/home/n/w/nwhite01/storage/ocr_20150623/27/uva.x030474749/111.png"; bbox 0 0 4108 6488; ppageno 0'>
   <div class='ocr_carea' id='block_1_1' title="bbox 704 424 3881 511">
    <p class='ocr_par' dir='ltr' id='par_1_1' title="bbox 704 424 3881 511">
     <span class='ocr_line' id='line_1_1' title="bbox 704 424 3881 511; baseline -0.013 -2"><span class='ocrx_word' id='word_1_1' title='bbox 704 454 809 511; x_wconf 72' lang='grc'><strong>205</strong></span> <span class='ocrx_word' id='word_1_2' title='bbox 1527 439 1580 493; x_wconf 92' lang='lat' dir='ltr'><strong>S.</strong></span> <span class='ocrx_word' id='word_1_3' title='bbox 1612 434 1981 491; x_wconf 71' lang='lat' dir='ltr'><strong>ATHANASII</strong></span> <span class='ocrx_word' id='word_1_4' title='bbox 2020 430 2170 487; x_wconf 81' lang='lat' dir='ltr'><strong>OPP.</strong></span> <span class='ocrx_word' id='word_1_5' title='bbox 2210 428 2388 484; x_wconf 76' lang='lat' dir='ltr'><strong>PARS</strong></span> <span class='ocrx_word' id='word_1_6' title='bbox 2426 428 2509 483; x_wconf 85' lang='lat' dir='ltr'><strong>Ill.</strong></span> <span class='ocrx_word' id='word_1_7' title='bbox 2547 460 2614 471; x_wconf 87' lang='lat'>--</span> <span class='ocrx_word' id='word_1_8' title='bbox 2647 427 3031 485; x_wconf 77' lang='lat' dir='ltr'><strong>EXEGETICA</strong></span> <span class='ocrx_word' id='word_1_9' title='bbox 3784 424 3881 482; x_wconf 65' lang='lat'><strong>204</strong></span> 
     </span>
    </p>
   </div>
   <div class='ocr_carea' id='block_1_2' title="bbox 704 541 2326 636">
    <p class='ocr_par' dir='ltr' id='par_1_2' title="bbox 704 552 2317 636">
     <span class='ocr_line' id='line_1_2' title="bbox 704 552 2317 636; baseline -0.017 -6"><span class='ocrx_word' id='word_1_10' title='bbox 704 573 983 636; x_wconf 75' lang='lat' dir='ltr'><strong>elationes,</strong></span> <span class='ocrx_word' id='word_1_11' title='bbox 1012 570 1063 623; x_wconf 91' lang='lat' dir='ltr'><strong>in</strong></span> <span class='ocrx_word' id='word_1_12' title='bbox 1090 581 1183 621; x_wconf 88' lang='lat' dir='ltr'><strong>eos</strong></span> <span class='ocrx_word' id='word_1_13' title='bbox 1234 562 1380 618; x_wconf 81' lang='lat' dir='ltr'><strong>ferri.</strong></span> <span class='ocrx_word' id='word_1_14' title='bbox 1430 560 1537 615; x_wconf 86' lang='lat' dir='ltr'><strong>Sed</strong></span> <span class='ocrx_word' id='word_1_15' title='bbox 1588 558 1721 613; x_wconf 82' lang='lat' dir='ltr'><strong>nihil</strong></span> <span class='ocrx_word' id='word_1_16' title='bbox 1778 556 1891 611; x_wconf 71' lang='lat' dir='ltr'><strong>laesi</strong></span> <span class='ocrx_word' id='word_1_17' title='bbox 1936 563 2080 617; x_wconf 89' lang='lat' dir='ltr'><strong>sunt,</strong></span> <span class='ocrx_word' id='word_1_18' title='bbox 2117 566 2239 606; x_wconf 88' lang='lat' dir='ltr'><strong>nam</strong></span> <span class='ocrx_word' id='word_1_19' title='bbox 2271 552 2317 609; x_wconf 83' lang='grc' dir='ltr'><strong>Α</strong></span> 
     </span>
    </p>
   </div>
   <div class='ocr_carea' id='block_1_3' title="bbox 2264 541 3886 636">
    <p class='ocr_par' dir='ltr' id='par_1_3' title="bbox 2271 541 3886 621">
     <span class='ocr_line' id='line_1_3' title="bbox 2271 541 3886 621; baseline -0.006 -18"><span class='ocrx_word' id='word_1_20' title='bbox 2271 552 2317 609; x_wconf 83' lang='grc' dir='ltr'><strong>Α</strong></span> <span class='ocrx_word' id='word_1_21' title='bbox 2347 548 2506 619; x_wconf 83' lang='grc' dir='ltr'><strong>μέσον</strong></span> <span class='ocrx_word' id='word_1_22' title='bbox 2536 550 2635 621; x_wconf 79' lang='grc' dir='ltr'>τὴν</span> <span class='ocrx_word' id='word_1_23' title='bbox 2675 548 2769 602; x_wconf 76' lang='grc' dir='ltr'>τοῦ</span> <span class='ocrx_word' id='word_1_24' title='bbox 2815 546 3011 621; x_wconf 74' lang='grc' dir='ltr'>Φαραὼ</span> <span class='ocrx_word' id='word_1_25' title='bbox 3065 546 3352 615; x_wconf 82' lang='grc' dir='ltr'>φεύγοντες</span> <span class='ocrx_word' id='word_1_26' title='bbox 3402 544 3722 617; x_wconf 78' lang='grc' dir='ltr'><strong>μοχθηρίαν.</strong></span> <span class='ocrx_word' id='word_1_27' title='bbox 3782 541 3886 595; x_wconf 79' lang='grc' dir='ltr'><strong>Καὶ</strong></span> 
     </span>
    </p>
   </div>
   <div class='ocr_carea' id='block_1_4' title="bbox 704 629 2326 737">
    <p class='ocr_par' dir='ltr' id='par_1_4' title="bbox 704 655 1685 737">
     <span class='ocr_line' id='line_1_4' title="bbox 704 655 1685 737; baseline -0.022 -13"><span class='ocrx_word' id='word_1_28' title='bbox 704 680 858 737; x_wconf 70' lang='lat' dir='ltr'><strong>aqua:</strong></span> <span class='ocrx_word' id='word_1_29' title='bbox 889 678 983 718; x_wconf 88' lang='lat' dir='ltr'><strong>seu</strong></span> <span class='ocrx_word' id='word_1_30' title='bbox 1014 672 1199 714; x_wconf 88' lang='lat' dir='ltr'><strong>murus</strong></span> <span class='ocrx_word' id='word_1_31' title='bbox 1229 655 1520 726; x_wconf 71' lang='lat' dir='ltr'><strong>coagulatae</strong></span> <span class='ocrx_word' id='word_1_32' title='bbox 1541 659 1685 705; x_wconf 89' lang='lat' dir='ltr'><strong>sunt.</strong></span> 
     </span>
    </p>
   </div>
   <div class='ocr_carea' id='block_1_5' title="bbox 2264 629 3886 737">
    <p class='ocr_par' dir='ltr' id='par_1_5' title="bbox 2346 629 3886 709">
     <span class='ocr_line' id='line_1_5' title="bbox 2346 629 3886 709; baseline -0.006 -17"><span class='ocrx_word' id='word_1_33' title='bbox 2346 639 2559 692; x_wconf 78' lang='grc' dir='ltr'><strong>ἐδόκουν</strong></span> <span class='ocrx_word' id='word_1_34' title='bbox 2577 637 2674 709; x_wconf 81' lang='grc' dir='ltr'><strong>μέν</strong></span> <span class='ocrx_word' id='word_1_35' title='bbox 2695 640 2742 691; x_wconf 87' lang='grc' dir='ltr'><strong>οἰ</strong></span> <span class='ocrx_word' id='word_1_36' title='bbox 2779 637 2885 691; x_wconf 86' lang='grc' dir='ltr'><strong>τῶν</strong></span> <span class='ocrx_word' id='word_1_37' title='bbox 2914 635 3169 707; x_wconf 80' lang='grc' dir='ltr'><strong>κυμάτων</strong></span> <span class='ocrx_word' id='word_1_38' title='bbox 3199 635 3582 707; x_wconf 77' lang='grc' dir='ltr'>μετεωρισμοὶ,</span> <span class='ocrx_word' id='word_1_39' title='bbox 3614 629 3886 686; x_wconf 79' lang='grc' dir='ltr'><strong>τουτέστιν</strong></span> 
     </span>
    </p>
   </div>
   <div class='ocr_carea' id='block_1_6' title="bbox 2346 720 3886 800">
    <p class='ocr_par' dir='ltr' id='par_1_6' title="bbox 2346 720 3886 800">
     <span class='ocr_line' id='line_1_6' title="bbox 2346 720 3886 800; baseline -0.008 -15"><span class='ocrx_word' id='word_1_40' title='bbox 2346 733 2399 785; x_wconf 84' lang='grc' dir='ltr'>αἱ</span> <span class='ocrx_word' id='word_1_41' title='bbox 2436 729 2687 800; x_wconf 76' lang='grc' dir='ltr'>ὐψώσεις,</span> <span class='ocrx_word' id='word_1_42' title='bbox 2721 731 2841 782; x_wconf 89' lang='grc' dir='ltr'>κατ’</span> <span class='ocrx_word' id='word_1_43' title='bbox 2864 727 3039 781; x_wconf 82' lang='grc' dir='ltr'>αὐτῶν</span> <span class='ocrx_word' id='word_1_44' title='bbox 3075 726 3330 798; x_wconf 81' lang='grc' dir='ltr'>φέρεσθαι</span> <span class='ocrx_word' id='word_1_45' title='bbox 3353 742 3369 756; x_wconf 87' lang='grc'><strong>·</strong></span> <span class='ocrx_word' id='word_1_46' title='bbox 3397 724 3513 777; x_wconf 81' lang='grc' dir='ltr'>ἀλλ’</span> <span class='ocrx_word' id='word_1_47' title='bbox 3540 723 3760 794; x_wconf 70' lang='grc' dir='ltr'>ἠδίκουν</span> <span class='ocrx_word' id='word_1_48' title='bbox 3803 720 3886 773; x_wconf 88' lang='grc' dir='ltr'>οὐ·</span> 
     </span>
    </p>
   </div>
   <div class='ocr_carea' id='block_1_7' title="bbox 2344 816 3477 891">
    <p class='ocr_par' dir='ltr' id='par_1_7' title="bbox 2344 816 3477 891">
     <span class='ocr_line' id='line_1_7' title="bbox 2344 816 3477 891; baseline -0.005 -16"><span class='ocrx_word' id='word_1_49' title='bbox 2344 824 2428 877; x_wconf 83' lang='grc' dir='ltr'><strong>δέν</strong></span> <span class='ocrx_word' id='word_1_50' title='bbox 2448 840 2461 853; x_wconf 89' lang='grc'>·</span> <span class='ocrx_word' id='word_1_51' title='bbox 2496 821 2674 891; x_wconf 83' lang='grc' dir='ltr'>ἐπάγη</span> <span class='ocrx_word' id='word_1_52' title='bbox 2707 820 2813 891; x_wconf 82' lang='grc' dir='ltr'><strong>γὰρ</strong></span> <span class='ocrx_word' id='word_1_53' title='bbox 2837 820 2970 873; x_wconf 70' lang='grc' dir='ltr'>ὡσεὶ</span> <span class='ocrx_word' id='word_1_54' title='bbox 2999 822 3172 889; x_wconf 84' lang='grc' dir='ltr'>τεῖχος</span> <span class='ocrx_word' id='word_1_55' title='bbox 3196 816 3265 870; x_wconf 85' lang='grc' dir='ltr'><strong>τά</strong></span> <span class='ocrx_word' id='word_1_56' title='bbox 3293 816 3477 870; x_wconf 81' lang='grc' dir='ltr'>ύδατα.</span> 
     </span>
    </p>
   </div>
   <div class='ocr_carea' id='block_1_8' title="bbox 785 905 2407 997">
    <p class='ocr_par' dir='ltr' id='par_1_8' title="bbox 785 905 2246 997">
     <span class='ocr_line' id='line_1_8' title="bbox 785 905 2246 997; baseline -0.015 -18"><span class='ocrx_word' id='word_1_57' title='bbox 785 924 1045 997; x_wconf 79' lang='lat' dir='ltr'><strong>[Abyssus</strong></span> <span class='ocrx_word' id='word_1_58' title='bbox 1072 920 1315 989; x_wconf 78' lang='lat' dir='ltr'><strong>abyssum</strong></span> <span class='ocrx_word' id='word_1_59' title='bbox 1342 922 1567 969; x_wconf 75' lang='lat' dir='ltr'><strong>invocat.</strong></span> <span class='ocrx_word' id='word_1_60' title='bbox 1602 911 1844 982; x_wconf 81' lang='lat' dir='ltr'><strong>Abyssus</strong></span> <span class='ocrx_word' id='word_1_61' title='bbox 1876 908 2053 972; x_wconf 89' lang='lat' dir='ltr'><strong>Pater,</strong></span> <span class='ocrx_word' id='word_1_62' title='bbox 2087 905 2246 975; x_wconf 84' lang='lat' dir='ltr'><strong>abys—</strong></span> 
     </span>
    </p>
   </div>
   <div class='ocr_carea' id='block_1_9' title="bbox 2266 905 3888 997">
    <p class='ocr_par' dir='ltr' id='par_1_9' title="bbox 2413 905 3888 986">
     <span class='ocr_line' id='line_1_9' title="bbox 2413 905 3888 986; baseline -0.009 -17"><span class='ocrx_word' id='word_1_63' title='bbox 2413 914 2733 986; x_wconf 86' lang='grc' dir='ltr'>[Ἀϐυσσος</span> <span class='ocrx_word' id='word_1_64' title='bbox 2785 913 3057 967; x_wconf 77' lang='grc' dir='ltr'>ἄϐυσσον</span> <span class='ocrx_word' id='word_1_65' title='bbox 3117 909 3496 963; x_wconf 77' lang='grc' dir='ltr'><strong>ἐπικαλεῖται.</strong></span> <span class='ocrx_word' id='word_1_66' title='bbox 3561 905 3829 967; x_wconf 83' lang='grc' dir='ltr'>’Δϐυσσος</span> <span class='ocrx_word' id='word_1_67' title='bbox 3861 905 3888 957; x_wconf 84' lang='grc' dir='ltr'><strong>ό</strong></span> 
     </span>
    </p>
   </div>
   <div class='ocr_carea' id='block_1_10' title="bbox 705 995 2327 1082">
    <p class='ocr_par' dir='ltr' id='par_1_10' title="bbox 705 995 2243 1082">
     <span class='ocr_line' id='line_1_10' title="bbox 705 995 2243 1082; baseline -0.015 -9"><span class='ocrx_word' id='word_1_68' title='bbox 705 995 804 1072; x_wconf 76' lang='lat' dir='ltr'><strong>sus</strong></span> <span class='ocrx_word' id='word_1_69' title='bbox 845 1016 1032 1072; x_wconf 84' lang='lat' dir='ltr'><strong>Filius.</strong></span> <span class='ocrx_word' id='word_1_70' title='bbox 1067 1012 1307 1082; x_wconf 80' lang='lat' dir='ltr'><strong>Abyssus</strong></span> <span class='ocrx_word' id='word_1_71' title='bbox 1349 1014 1693 1079; x_wconf 83' lang='lat' dir='ltr'><strong>peccatorum</strong></span> <span class='ocrx_word' id='word_1_72' title='bbox 1746 1002 1960 1056; x_wconf 73' lang='lat' dir='ltr'><strong>invocat</strong></span> <span class='ocrx_word' id='word_1_73' title='bbox 1987 999 2243 1070; x_wconf 84' lang='lat' dir='ltr'><strong>abyssum</strong></span> 
     </span>
    </p>
   </div>
   <div class='ocr_carea' id='block_1_11' title="bbox 2267 995 3889 1082">
    <p class='ocr_par' dir='ltr' id='par_1_11' title="bbox 2344 995 3889 1077">
     <span class='ocr_line' id='line_1_11' title="bbox 2344 995 3889 1077; baseline -0.009 -16"><span class='ocrx_word' id='word_1_74' title='bbox 2344 1007 2549 1077; x_wconf 80' lang='grc' dir='ltr'>Πατὴρ,</span> <span class='ocrx_word' id='word_1_75' title='bbox 2576 1004 2806 1069; x_wconf 82' lang='grc' dir='ltr'>ἄϐυσσος</span> <span class='ocrx_word' id='word_1_76' title='bbox 2830 1007 2859 1058; x_wconf 85' lang='grc' dir='ltr'>ὁ</span> <span class='ocrx_word' id='word_1_77' title='bbox 2914 1004 3059 1067; x_wconf 84' lang='grc' dir='ltr'>Υἱός.</span> <span class='ocrx_word' id='word_1_78' title='bbox 3088 1001 3353 1064; x_wconf 82' lang='grc' dir='ltr'>’Δϐυσσος</span> <span class='ocrx_word' id='word_1_79' title='bbox 3381 1002 3415 1070; x_wconf 76' lang='grc' dir='ltr'>ἡ</span> <span class='ocrx_word' id='word_1_80' title='bbox 3467 998 3574 1053; x_wconf 87' lang='grc' dir='ltr'><strong>τῶν</strong></span> <span class='ocrx_word' id='word_1_81' title='bbox 3607 995 3889 1069; x_wconf 73' lang='grc' dir='ltr'>ἁμαρτιῶν</span> 
     </span>
    </p>
   </div>
   <div class='ocr_carea' id='block_1_12' title="bbox 706 1087 2328 1169">
    <p class='ocr_par' dir='ltr' id='par_1_12' title="bbox 706 1092 2246 1169">
     <span class='ocr_line' id='line_1_12' title="bbox 706 1092 2246 1169; baseline -0.015 -1"><span class='ocrx_word' id='word_1_82' title='bbox 706 1106 1192 1169; x_wconf 83' lang='lat' dir='ltr'><strong>commiserationis</strong></span> <span class='ocrx_word' id='word_1_83' title='bbox 1234 1103 1349 1168; x_wconf 85' lang='lat' dir='ltr'><strong>Dei,</strong></span> <span class='ocrx_word' id='word_1_84' title='bbox 1384 1110 1479 1155; x_wconf 76' lang='lat' dir='ltr'><strong>rut</strong></span> <span class='ocrx_word' id='word_1_85' title='bbox 1534 1099 1649 1169; x_wconf 85' lang='lat' dir='ltr'><strong>ipse</strong></span> <span class='ocrx_word' id='word_1_86' title='bbox 1697 1104 1976 1166; x_wconf 87' lang='lat' dir='ltr'><strong>peccatum</strong></span> <span class='ocrx_word' id='word_1_87' title='bbox 2030 1092 2246 1163; x_wconf 75' lang='lat' dir='ltr'><strong>frangat</strong></span> 
     </span>
    </p>
   </div>
   <div class='ocr_carea' id='block_1_13' title="bbox 2264 1087 3886 1169">
    <p class='ocr_par' dir='ltr' id='par_1_13' title="bbox 2343 1087 3886 1167">
     <span class='ocr_line' id='line_1_13' title="bbox 2343 1087 3886 1167; baseline -0.005 -18"><span class='ocrx_word' id='word_1_88' title='bbox 2343 1098 2675 1151; x_wconf 77' lang='grc' dir='ltr'><strong>ἐπικαλεῖται</strong></span> <span class='ocrx_word' id='word_1_89' title='bbox 2701 1096 2798 1167; x_wconf 77' lang='grc' dir='ltr'>τὴν</span> <span class='ocrx_word' id='word_1_90' title='bbox 2813 1094 3042 1153; x_wconf 79' lang='grc' dir='ltr'>ἄϐυσσον</span> <span class='ocrx_word' id='word_1_91' title='bbox 3068 1094 3165 1163; x_wconf 83' lang='grc' dir='ltr'>τῆς</span> <span class='ocrx_word' id='word_1_92' title='bbox 3200 1091 3591 1161; x_wconf 75' lang='grc' dir='ltr'><strong>εὐσπλαγχνίας</strong></span> <span class='ocrx_word' id='word_1_93' title='bbox 3613 1089 3707 1142; x_wconf 82' lang='grc' dir='ltr'>τοῦ</span> <span class='ocrx_word' id='word_1_94' title='bbox 3733 1087 3886 1151; x_wconf 74' lang='grc' dir='ltr'>Θεοῦ,</span> 
     </span>
    </p>
   </div>
   <div class='ocr_carea' id='block_1_14' title="bbox 705 1180 2327 1276">
    <p class='ocr_par' dir='ltr' id='par_1_14' title="bbox 705 1184 2241 1276">
     <span class='ocr_line' id='line_1_14' title="bbox 705 1184 2241 1276; baseline -0.015 -15"><span class='ocrx_word' id='word_1_95' title='bbox 705 1208 929 1276; x_wconf 79' lang='lat' dir='ltr'><strong>ejusque</strong></span> <span class='ocrx_word' id='word_1_96' title='bbox 984 1208 1251 1262; x_wconf 83' lang='lat' dir='ltr'><strong>auctores,</strong></span> <span class='ocrx_word' id='word_1_97' title='bbox 1318 1194 1553 1261; x_wconf 86' lang='lat' dir='ltr'><strong>itemque</strong></span> <span class='ocrx_word' id='word_1_98' title='bbox 1607 1186 2041 1257; x_wconf 84' lang='lat' dir='ltr'><strong>corruptionem;</strong></span> <span class='ocrx_word' id='word_1_99' title='bbox 2093 1200 2156 1239; x_wconf 87' lang='lat' dir='ltr'><strong>ac</strong></span> <span class='ocrx_word' id='word_1_100' title='bbox 2195 1184 2241 1238; x_wconf 87' lang='lat' dir='ltr'><strong>si</strong></span> 
     </span>
    </p>
   </div>
   <div class='ocr_carea' id='block_1_15' title="bbox 2267 1180 3889 1276">
    <p class='ocr_par' dir='ltr' id='par_1_15' title="bbox 2344 1180 3889 1261">
     <span class='ocr_line' id='line_1_15' title="bbox 2344 1180 3889 1261; baseline -0.007 -18"><span class='ocrx_word' id='word_1_101' title='bbox 2344 1192 2423 1254; x_wconf 86' lang='grc' dir='ltr'><strong>εἰς</strong></span> <span class='ocrx_word' id='word_1_102' title='bbox 2454 1190 2513 1244; x_wconf 83' lang='grc' dir='ltr'>τὸ</span> <span class='ocrx_word' id='word_1_103' title='bbox 2540 1188 2873 1261; x_wconf 77' lang='grc' dir='ltr'>καταρῤάξαι</span> <span class='ocrx_word' id='word_1_104' title='bbox 2897 1186 2994 1257; x_wconf 82' lang='grc' dir='ltr'>τὴν</span> <span class='ocrx_word' id='word_1_105' title='bbox 3025 1186 3294 1259; x_wconf 75' lang='grc' dir='ltr'><strong>ἁμαρτίαν</strong></span> <span class='ocrx_word' id='word_1_106' title='bbox 3322 1186 3415 1239; x_wconf 71' lang='grc' dir='ltr'>καὶ</span> <span class='ocrx_word' id='word_1_107' title='bbox 3442 1184 3564 1247; x_wconf 78' lang='grc' dir='ltr'>τοὺς</span> <span class='ocrx_word' id='word_1_108' title='bbox 3582 1180 3784 1251; x_wconf 81' lang='grc' dir='ltr'><strong>ταύτης</strong></span> <span class='ocrx_word' id='word_1_109' title='bbox 3810 1182 3889 1233; x_wconf 82' lang='grc' dir='ltr'><strong>αἱ·</strong></span> 
     </span>
    </p>
   </div>
   <div class='ocr_carea' id='block_1_16' title="bbox 702 1273 2324 1360">
    <p class='ocr_par' dir='ltr' id='par_1_16' title="bbox 702 1273 2238 1360">
     <span class='ocr_line' id='line_1_16' title="bbox 702 1273 2238 1360; baseline -0.015 -10"><span class='ocrx_word' id='word_1_110' title='bbox 702 1273 865 1360; x_wconf 66' lang='grc' dir='ltr'>ὀίεαι,</span> <span class='ocrx_word' id='word_1_111' title='bbox 900 1291 1104 1346; x_wconf 81' lang='lat' dir='ltr'><strong>Mosest</strong></span> <span class='ocrx_word' id='word_1_112' title='bbox 1140 1287 1235 1342; x_wconf 86' lang='lat' dir='ltr'><strong>tibi</strong></span> <span class='ocrx_word' id='word_1_113' title='bbox 1267 1293 1344 1350; x_wconf 91' lang='lat' dir='ltr'><strong>ut,</strong></span> <span class='ocrx_word' id='word_1_114' title='bbox 1382 1278 1755 1351; x_wconf 86' lang='lat' dir='ltr'><strong>peccatoribus</strong></span> <span class='ocrx_word' id='word_1_115' title='bbox 1788 1273 2238 1346; x_wconf 88' lang='lat' dir='ltr'><strong>supplicantibus,</strong></span> 
     </span>
    </p>
   </div>
   <div class='ocr_carea' id='block_1_17' title="bbox 2265 1273 3887 1360">
    <p class='ocr_par' dir='ltr' id='par_1_17' title="bbox 2341 1274 3887 1353">
     <span class='ocr_line' id='line_1_17' title="bbox 2341 1274 3887 1353; baseline -0.008 -16"><span class='ocrx_word' id='word_1_116' title='bbox 2341 1285 2486 1347; x_wconf 89' lang='grc' dir='ltr'>τίους</span> <span class='ocrx_word' id='word_1_117' title='bbox 2516 1283 2607 1337; x_wconf 74' lang='grc' dir='ltr'><strong>καὶ</strong></span> <span class='ocrx_word' id='word_1_118' title='bbox 2633 1282 2730 1353; x_wconf 84' lang='grc' dir='ltr'>τὴν</span> <span class='ocrx_word' id='word_1_119' title='bbox 2748 1281 2967 1353; x_wconf 86' lang='grc' dir='ltr'>φθοράν·</span> <span class='ocrx_word' id='word_1_120' title='bbox 2991 1274 3098 1333; x_wconf 76' lang='grc' dir='ltr'>οἷον</span> <span class='ocrx_word' id='word_1_121' title='bbox 3116 1280 3195 1331; x_wconf 76' lang='grc' dir='ltr'>ὅτι</span> <span class='ocrx_word' id='word_1_122' title='bbox 3218 1277 3379 1341; x_wconf 83' lang='grc' dir='ltr'>Ἐθος</span> <span class='ocrx_word' id='word_1_123' title='bbox 3395 1294 3474 1330; x_wconf 90' lang='grc' dir='ltr'><strong>σοι</strong></span> <span class='ocrx_word' id='word_1_124' title='bbox 3506 1278 3614 1339; x_wconf 85' lang='grc' dir='ltr'>τοῖς</span> <span class='ocrx_word' id='word_1_125' title='bbox 3634 1275 3887 1345; x_wconf 81' lang='grc' dir='ltr'>ἁμαρτω-</span> 
     </span>
    </p>
   </div>
   <div class='ocr_carea' id='block_1_18' title="bbox 703 1365 2325 1446">
    <p class='ocr_par' dir='ltr' id='par_1_18' title="bbox 703 1365 2239 1445">
     <span class='ocr_line' id='line_1_18' title="bbox 703 1365 2239 1445; baseline -0.016 -4"><span class='ocrx_word' id='word_1_126' title='bbox 703 1386 885 1441; x_wconf 89' lang='lat' dir='ltr'><strong>animo</strong></span> <span class='ocrx_word' id='word_1_127' title='bbox 906 1380 1154 1436; x_wconf 78' lang='lat' dir='ltr'><strong>nectaris.</strong></span> <span class='ocrx_word' id='word_1_128' title='bbox 1188 1373 1391 1445; x_wconf 85' lang='lat' dir='ltr'><strong>Ecquid</strong></span> <span class='ocrx_word' id='word_1_129' title='bbox 1437 1386 1537 1425; x_wconf 90' lang='lat' dir='ltr'><strong>nos</strong></span> <span class='ocrx_word' id='word_1_130' title='bbox 1581 1370 1812 1437; x_wconf 87' lang='lat' dir='ltr'><strong>despicis</strong></span> <span class='ocrx_word' id='word_1_131' title='bbox 1852 1366 1943 1435; x_wconf 91' lang='lat' dir='ltr'><strong>qui</strong></span> <span class='ocrx_word' id='word_1_132' title='bbox 1972 1365 2068 1420; x_wconf 84' lang='lat' dir='ltr'><strong>tibi</strong></span> <span class='ocrx_word' id='word_1_133' title='bbox 2113 1380 2239 1433; x_wconf 82' lang='lat' dir='ltr'><strong>pro-</strong></span> 
     </span>
    </p>
   </div>
   <div class='ocr_carea' id='block_1_19' title="bbox 2264 1365 3886 1446">
    <p class='ocr_par' dir='ltr' id='par_1_19' title="bbox 2343 1366 3886 1446">
     <span class='ocr_line' id='line_1_19' title="bbox 2343 1366 3886 1446; baseline -0.006 -17"><span class='ocrx_word' id='word_1_134' title='bbox 2343 1377 2448 1439; x_wconf 89' lang='grc' dir='ltr'><strong>λοίς</strong></span> <span class='ocrx_word' id='word_1_135' title='bbox 2473 1375 2737 1446; x_wconf 80' lang='grc' dir='ltr'>δεομένοις</span> <span class='ocrx_word' id='word_1_136' title='bbox 2759 1392 2850 1429; x_wconf 88' lang='grc' dir='ltr'><strong>σου</strong></span> <span class='ocrx_word' id='word_1_137' title='bbox 2876 1371 3329 1443; x_wconf 87' lang='grc' dir='ltr'>ἐπικάμπτεσθαι.</span> <span class='ocrx_word' id='word_1_138' title='bbox 3377 1371 3485 1423; x_wconf 80' lang='lat' dir='ltr'><strong>Kal</strong></span> <span class='ocrx_word' id='word_1_139' title='bbox 3512 1370 3598 1423; x_wconf 83' lang='grc' dir='ltr'>ἵνα</span> <span class='ocrx_word' id='word_1_140' title='bbox 3642 1367 3694 1421; x_wconf 84' lang='grc' dir='ltr'><strong>τί</strong></span> <span class='ocrx_word' id='word_1_141' title='bbox 3716 1430 3720 1433; x_wconf 17' lang='grc' dir='ltr'><strong>Α</strong></span> <span class='ocrx_word' id='word_1_142' title='bbox 3744 1366 3886 1437; x_wconf 76' lang='grc' dir='ltr'>ἡμᾶς</span> 
     </span>
    </p>
   </div>
   <div class='ocr_carea' id='block_1_20' title="bbox 700 1461 2322 1544">
    <p class='ocr_par' dir='ltr' id='par_1_20' title="bbox 700 1472 1080 1544">
     <span class='ocr_line' id='line_1_20' title="bbox 700 1472 1080 1544; baseline -0.018 -11"><span class='ocrx_word' id='word_1_143' title='bbox 700 1476 1004 1533; x_wconf 89' lang='lat' dir='ltr'><strong>cumbimus</strong></span> <span class='ocrx_word' id='word_1_144' title='bbox 1022 1472 1080 1544; x_wconf 63' lang='grc' dir='ltr'>Υ]</span> 
     </span>
    </p>
   </div>
   <div class='ocr_carea' id='block_1_21' title="bbox 1732 1461 3354 1544">
    <p class='ocr_par' dir='ltr' id='par_1_21' title="bbox 2344 1461 3354 1539">
     <span class='ocr_line' id='line_1_21' title="bbox 2344 1461 3354 1539; baseline -0.004 -20"><span class='ocrx_word' id='word_1_145' title='bbox 2344 1468 2709 1539; x_wconf 82' lang='grc' dir='ltr'>παραϐλέπεις</span> <span class='ocrx_word' id='word_1_146' title='bbox 2743 1465 3176 1539; x_wconf 80' lang='grc' dir='ltr'>προσπίπτοντας</span> <span class='ocrx_word' id='word_1_147' title='bbox 3203 1481 3282 1517; x_wconf 91' lang='grc' dir='ltr'><strong>σοι</strong></span> <span class='ocrx_word' id='word_1_148' title='bbox 3301 1480 3315 1529; x_wconf 87' lang='lat'><strong>;</strong></span> <span class='ocrx_word' id='word_1_149' title='bbox 3336 1461 3354 1534; x_wconf 91' lang='lat'>]</span> 
     </span>
    </p>
   </div>
   <div class='ocr_carea' id='block_1_22' title="bbox 776 1547 2398 1629">
    <p class='ocr_par' dir='ltr' id='par_1_22' title="bbox 776 1555 2238 1624">
     <span class='ocr_line' id='line_1_22' title="bbox 776 1555 2238 1624; baseline -0.012 -2"><span class='ocrx_word' id='word_1_150' title='bbox 776 1568 825 1624; x_wconf 92' lang='lat'><strong>9.</strong></span> <span class='ocrx_word' id='word_1_151' title='bbox 852 1565 916 1621; x_wconf 84' lang='lat' dir='ltr'><strong><em>In</em></strong></span> <span class='ocrx_word' id='word_1_152' title='bbox 939 1565 1021 1618; x_wconf 82' lang='lat' dir='ltr'><strong>die</strong></span> <span class='ocrx_word' id='word_1_153' title='bbox 1046 1560 1312 1617; x_wconf 85' lang='lat' dir='ltr'><strong>mandabit</strong></span> <span class='ocrx_word' id='word_1_154' title='bbox 1341 1558 1592 1613; x_wconf 79' lang='lat' dir='ltr'><strong>Dominus</strong></span> <span class='ocrx_word' id='word_1_155' title='bbox 1616 1555 2030 1611; x_wconf 84' lang='lat' dir='ltr'><strong>misericordiam</strong></span> <span class='ocrx_word' id='word_1_156' title='bbox 2066 1568 2238 1616; x_wconf 86' lang='lat' dir='ltr'><strong>suam,</strong></span> 
     </span>
    </p>
   </div>
   <div class='ocr_carea' id='block_1_23' title="bbox 2264 1547 3886 1629">
    <p class='ocr_par' dir='ltr' id='par_1_23' title="bbox 2423 1547 3886 1629">
     <span class='ocr_line' id='line_1_23' title="bbox 2423 1547 3886 1629; baseline -0.008 -15"><span class='ocrx_word' id='word_1_157' title='bbox 2423 1561 2661 1629; x_wconf 82' lang='grc' dir='ltr'>Ἡμέρας</span> <span class='ocrx_word' id='word_1_158' title='bbox 2687 1558 3005 1611; x_wconf 77' lang='grc' dir='ltr'><strong>ἐντελεῖται</strong></span> <span class='ocrx_word' id='word_1_159' title='bbox 3031 1556 3243 1624; x_wconf 79' lang='grc' dir='ltr'>Κύριος</span> <span class='ocrx_word' id='word_1_160' title='bbox 3270 1554 3336 1608; x_wconf 81' lang='grc' dir='ltr'>τὸ</span> <span class='ocrx_word' id='word_1_161' title='bbox 3368 1554 3537 1618; x_wconf 79' lang='grc' dir='ltr'>ἕλεος</span> <span class='ocrx_word' id='word_1_162' title='bbox 3559 1551 3766 1615; x_wconf 86' lang='grc' dir='ltr'>αὑτοῦ,</span> <span class='ocrx_word' id='word_1_163' title='bbox 3792 1547 3886 1603; x_wconf 76' lang='grc' dir='ltr'>καὶ</span> 
     </span>
    </p>
   </div>
   <div class='ocr_carea' id='block_1_24' title="bbox 699 1641 2321 1721">
    <p class='ocr_par' dir='ltr' id='par_1_24' title="bbox 699 1645 2233 1719">
     <span class='ocr_line' id='line_1_24' title="bbox 699 1645 2233 1719; baseline -0.012 -5"><span class='ocrx_word' id='word_1_164' title='bbox 699 1670 911 1713; x_wconf 79' lang='lat' dir='ltr'><strong>etnocte</strong></span> <span class='ocrx_word' id='word_1_165' title='bbox 932 1656 1192 1710; x_wconf 82' lang='lat' dir='ltr'><strong>canticum</strong></span> <span class='ocrx_word' id='word_1_166' title='bbox 1216 1653 1348 1719; x_wconf 79' lang='lat' dir='ltr'><strong>eius.</strong></span> <span class='ocrx_word' id='word_1_167' title='bbox 1382 1650 1541 1704; x_wconf 82' lang='lat' dir='ltr'><strong>Aliud</strong></span> <span class='ocrx_word' id='word_1_168' title='bbox 1589 1655 1850 1704; x_wconf 88' lang='lat' dir='ltr'><strong>memorat</strong></span> <span class='ocrx_word' id='word_1_169' title='bbox 1894 1645 2233 1700; x_wconf 81' lang='lat' dir='ltr'><strong>miraculum.</strong></span> 
     </span>
    </p>
   </div>
   <div class='ocr_carea' id='block_1_25' title="bbox 2263 1641 3885 1721">
    <p class='ocr_par' dir='ltr' id='par_1_25' title="bbox 2341 1641 3885 1721">
     <span class='ocr_line' id='line_1_25' title="bbox 2341 1641 3885 1721; baseline -0.007 -15"><span class='ocrx_word' id='word_1_170' title='bbox 2341 1652 2559 1717; x_wconf 85' lang='grc' dir='ltr'>νυκτὸς</span> <span class='ocrx_word' id='word_1_171' title='bbox 2591 1650 2711 1719; x_wconf 81' lang='grc' dir='ltr'><strong>ᾠδὴ</strong></span> <span class='ocrx_word' id='word_1_172' title='bbox 2737 1651 2944 1705; x_wconf 83' lang='grc' dir='ltr'>αὐτοῦ.</span> <span class='ocrx_word' id='word_1_173' title='bbox 2988 1648 3204 1721; x_wconf 84' lang='grc' dir='ltr'>Ἐτέρου</span> <span class='ocrx_word' id='word_1_174' title='bbox 3237 1646 3395 1701; x_wconf 86' lang='grc' dir='ltr'>πάλιν</span> <span class='ocrx_word' id='word_1_175' title='bbox 3441 1645 3708 1716; x_wconf 82' lang='grc' dir='ltr'><strong>μέμνηται</strong></span> <span class='ocrx_word' id='word_1_176' title='bbox 3757 1641 3885 1696; x_wconf 85' lang='grc' dir='ltr'>θαύ-</span> 
     </span>
    </p>
   </div>
   <div class='ocr_carea' id='block_1_26' title="bbox 701 1734 2323 1822">
    <p class='ocr_par' dir='ltr' id='par_1_26' title="bbox 701 1738 2239 1822">
     <span class='ocr_line' id='line_1_26' title="bbox 701 1738 2239 1822; baseline -0.012 -16"><span class='ocrx_word' id='word_1_177' title='bbox 701 1752 968 1822; x_wconf 82' lang='lat' dir='ltr'><strong>Rapsaces</strong></span> <span class='ocrx_word' id='word_1_178' title='bbox 997 1748 1160 1813; x_wconf 91' lang='lat' dir='ltr'><strong>enim,</strong></span> <span class='ocrx_word' id='word_1_179' title='bbox 1189 1761 1311 1801; x_wconf 89' lang='lat' dir='ltr'><strong>cum</strong></span> <span class='ocrx_word' id='word_1_180' title='bbox 1334 1742 1724 1812; x_wconf 82' lang='lat' dir='ltr'><strong>Jerosolymam</strong></span> <span class='ocrx_word' id='word_1_181' title='bbox 1752 1739 2073 1801; x_wconf 84' lang='lat' dir='ltr'><strong>obsedisset,</strong></span> <span class='ocrx_word' id='word_1_182' title='bbox 2133 1738 2239 1790; x_wconf 86' lang='lat' dir='ltr'><strong>mi-</strong></span> 
     </span>
    </p>
   </div>
   <div class='ocr_carea' id='block_1_27' title="bbox 2266 1734 3888 1822">
    <p class='ocr_par' dir='ltr' id='par_1_27' title="bbox 2345 1734 3888 1815">
     <span class='ocr_line' id='line_1_27' title="bbox 2345 1734 3888 1815; baseline -0.007 -18"><span class='ocrx_word' id='word_1_183' title='bbox 2345 1762 2528 1815; x_wconf 84' lang='grc' dir='ltr'>ματος.</span> <span class='ocrx_word' id='word_1_184' title='bbox 2570 1743 2630 1796; x_wconf 85' lang='lat'><strong>&#39;0</strong></span> <span class='ocrx_word' id='word_1_185' title='bbox 2662 1743 2769 1814; x_wconf 86' lang='grc' dir='ltr'><strong>γάρ</strong></span> <span class='ocrx_word' id='word_1_186' title='bbox 2805 1742 3103 1812; x_wconf 67' lang='grc' dir='ltr'>Ῥαψάκης,</span> <span class='ocrx_word' id='word_1_187' title='bbox 3138 1737 3545 1810; x_wconf 82' lang='grc' dir='ltr'>περικυκλώσας</span> <span class='ocrx_word' id='word_1_188' title='bbox 3573 1735 3671 1806; x_wconf 79' lang='grc' dir='ltr'>τὴν</span> <span class='ocrx_word' id='word_1_189' title='bbox 3702 1734 3888 1805; x_wconf 82' lang='grc' dir='ltr'>Ἰερου-</span> 
     </span>
    </p>
   </div>
   <div class='ocr_carea' id='block_1_28' title="bbox 700 1825 2322 1906">
    <p class='ocr_par' dir='ltr' id='par_1_28' title="bbox 700 1825 2312 1906">
     <span class='ocr_line' id='line_1_28' title="bbox 700 1825 2312 1906; baseline -0.009 -12"><span class='ocrx_word' id='word_1_190' title='bbox 700 1842 929 1896; x_wconf 86' lang='lat' dir='ltr'><strong>nabalur</strong></span> <span class='ocrx_word' id='word_1_191' title='bbox 963 1853 1028 1893; x_wconf 89' lang='lat' dir='ltr'><strong>ne</strong></span> <span class='ocrx_word' id='word_1_192' title='bbox 1078 1837 1244 1891; x_wconf 90' lang='lat' dir='ltr'><strong>Deum</strong></span> <span class='ocrx_word' id='word_1_193' title='bbox 1284 1833 1501 1904; x_wconf 88' lang='lat' dir='ltr'><strong>quidem</strong></span> <span class='ocrx_word' id='word_1_194' title='bbox 1560 1845 1721 1901; x_wconf 89' lang='lat' dir='ltr'><strong>posse</strong></span> <span class='ocrx_word' id='word_1_195' title='bbox 1776 1829 1983 1899; x_wconf 90' lang='lat' dir='ltr'><strong>eripere</strong></span> <span class='ocrx_word' id='word_1_196' title='bbox 2028 1842 2122 1882; x_wconf 90' lang='lat' dir='ltr'><strong>eos</strong></span> <span class='ocrx_word' id='word_1_197' title='bbox 2174 1825 2240 1881; x_wconf 88' lang='lat' dir='ltr'><strong>de</strong></span> <span class='ocrx_word' id='word_1_198' title='bbox 2272 1887 2312 1906; x_wconf 53' lang='lat' dir='ltr'><strong>n</strong></span> 
     </span>
    </p>
   </div>
   <div class='ocr_carea' id='block_1_29' title="bbox 2262 1825 3884 1906">
    <p class='ocr_par' dir='ltr' id='par_1_29' title="bbox 2272 1825 3884 1906">
     <span class='ocr_line' id='line_1_29' title="bbox 2272 1825 3884 1906; baseline -0.007 -17"><span class='ocrx_word' id='word_1_199' title='bbox 2272 1887 2312 1906; x_wconf 46' lang='grc' dir='ltr'><strong>,ι</strong></span> <span class='ocrx_word' id='word_1_200' title='bbox 2344 1834 2541 1906; x_wconf 74' lang='grc' dir='ltr'>σαλὴμ,</span> <span class='ocrx_word' id='word_1_201' title='bbox 2571 1834 2780 1904; x_wconf 73' lang='grc' dir='ltr'>ἠπείλει</span> <span class='ocrx_word' id='word_1_202' title='bbox 2817 1834 2949 1904; x_wconf 77' lang='grc' dir='ltr'>μηδὲ</span> <span class='ocrx_word' id='word_1_203' title='bbox 2981 1833 3068 1886; x_wconf 75' lang='grc' dir='ltr'><strong>τὸν</strong></span> <span class='ocrx_word' id='word_1_204' title='bbox 3093 1831 3223 1884; x_wconf 77' lang='grc' dir='ltr'>Θεὸν</span> <span class='ocrx_word' id='word_1_205' title='bbox 3254 1828 3453 1900; x_wconf 78' lang='grc' dir='ltr'>ἰσχύειν</span> <span class='ocrx_word' id='word_1_206' title='bbox 3496 1826 3767 1891; x_wconf 77' lang='grc' dir='ltr'>ἐξελέσθαι</span> <span class='ocrx_word' id='word_1_207' title='bbox 3790 1825 3884 1877; x_wconf 87' lang='grc' dir='ltr'>αὐ-</span> 
     </span>
    </p>
   </div>
   <div class='ocr_carea' id='block_1_30' title="bbox 698 1887 2320 2002">
    <p class='ocr_par' dir='ltr' id='par_1_30' title="bbox 698 1887 2313 2002">
     <span class='ocr_line' id='line_1_30' title="bbox 698 1887 2313 2002; baseline -0.01 -13"><span class='ocrx_word' id='word_1_208' title='bbox 698 1950 859 1989; x_wconf 89' lang='lat' dir='ltr'><strong>mann</strong></span> <span class='ocrx_word' id='word_1_209' title='bbox 894 1931 1237 2002; x_wconf 79' lang='lat' dir='ltr'><strong>Assyriorum</strong></span> <span class='ocrx_word' id='word_1_210' title='bbox 1264 1946 1276 1980; x_wconf 95' lang='lat'>:</span> <span class='ocrx_word' id='word_1_211' title='bbox 1305 1936 1362 1981; x_wconf 93' lang='lat' dir='ltr'><strong>at</strong></span> <span class='ocrx_word' id='word_1_212' title='bbox 1385 1926 1523 1980; x_wconf 89' lang='lat' dir='ltr'><strong>Deus</strong></span> <span class='ocrx_word' id='word_1_213' title='bbox 1554 1924 1704 1979; x_wconf 88' lang='lat' dir='ltr'><strong>hisce</strong></span> <span class='ocrx_word' id='word_1_214' title='bbox 1729 1922 1909 1977; x_wconf 85' lang='lat' dir='ltr'><strong>verbis</strong></span> <span class='ocrx_word' id='word_1_215' title='bbox 1965 1919 2239 1991; x_wconf 88' lang='lat' dir='ltr'><strong>pollicitus</strong></span> <span class='ocrx_word' id='word_1_216' title='bbox 2271 1887 2313 1944; x_wconf 72' lang='grc' dir='ltr'><strong>Β</strong></span> 
     </span>
    </p>
   </div>
   <div class='ocr_carea' id='block_1_31' title="bbox 2263 1887 3885 2002">
    <p class='ocr_par' dir='ltr' id='par_1_31' title="bbox 2271 1887 3885 1997">
     <span class='ocr_line' id='line_1_31' title="bbox 2271 1887 3885 1997; baseline -0.007 -18"><span class='ocrx_word' id='word_1_217' title='bbox 2271 1887 2313 1944; x_wconf 72' lang='grc' dir='ltr'><strong>Β</strong></span> <span class='ocrx_word' id='word_1_218' title='bbox 2343 1887 2551 1989; x_wconf 40' lang='lat' dir='ltr'><strong>am};</strong></span> <span class='ocrx_word' id='word_1_219' title='bbox 2583 1887 2761 1997; x_wconf 77' lang='grc' dir='ltr'>χειρὸς</span> <span class='ocrx_word' id='word_1_220' title='bbox 2802 1887 3094 1995; x_wconf 49' lang='grc' dir='ltr'>’Ἀσσυρίων</span> <span class='ocrx_word' id='word_1_221' title='bbox 3116 1939 3129 1952; x_wconf 74' lang='grc' dir='ltr'><strong><em>ο</em></strong></span> <span class='ocrx_word' id='word_1_222' title='bbox 3158 1921 3271 1975; x_wconf 83' lang='grc' dir='ltr'>ἀλλ’</span> <span class='ocrx_word' id='word_1_223' title='bbox 3306 1887 3665 1989; x_wconf 65' lang='grc' dir='ltr'>ἐπηγγείλατο</span> <span class='ocrx_word' id='word_1_224' title='bbox 3699 1918 3728 1970; x_wconf 89' lang='grc' dir='ltr'><strong>ὀ</strong></span> <span class='ocrx_word' id='word_1_225' title='bbox 3758 1914 3885 1977; x_wconf 78' lang='grc' dir='ltr'>Θεὸς</span> 
     </span>
    </p>
   </div>
   <div class='ocr_carea' id='block_1_32' title="bbox 694 2008 2316 2091">
    <p class='ocr_par' dir='ltr' id='par_1_32' title="bbox 694 2012 2241 2091">
     <span class='ocr_line' id='line_1_32' title="bbox 694 2012 2241 2091; baseline -0.01 -11"><span class='ocrx_word' id='word_1_226' title='bbox 694 2035 779 2080; x_wconf 89' lang='lat' dir='ltr'><strong>est</strong></span> <span class='ocrx_word' id='word_1_227' title='bbox 805 2044 818 2079; x_wconf 86' lang='lat'><strong>:</strong></span> <span class='ocrx_word' id='word_1_228' title='bbox 856 2023 1135 2091; x_wconf 86' lang='lat' dir='ltr'><strong>Protegam</strong></span> <span class='ocrx_word' id='word_1_229' title='bbox 1160 2020 1291 2072; x_wconf 80' lang='lat' dir='ltr'><strong>hanc</strong></span> <span class='ocrx_word' id='word_1_230' title='bbox 1318 2017 1493 2071; x_wconf 84' lang='lat' dir='ltr'><strong>urbem</strong></span> <span class='ocrx_word' id='word_1_231' title='bbox 1527 2017 1586 2071; x_wconf 72' lang='grc' dir='ltr'>η.</span> <span class='ocrx_word' id='word_1_232' title='bbox 1612 2014 1801 2070; x_wconf 88' lang='lat' dir='ltr'><strong>Postea</strong></span> <span class='ocrx_word' id='word_1_233' title='bbox 1818 2027 1946 2068; x_wconf 91' lang='lat' dir='ltr'><strong>vero</strong></span> <span class='ocrx_word' id='word_1_234' title='bbox 1974 2012 2241 2083; x_wconf 85' lang='lat' dir='ltr'><strong>promissa</strong></span> 
     </span>
    </p>
   </div>
   <div class='ocr_carea' id='block_1_33' title="bbox 2260 2008 3882 2091">
    <p class='ocr_par' dir='ltr' id='par_1_33' title="bbox 2342 2008 3882 2085">
     <span class='ocr_line' id='line_1_33' title="bbox 2342 2008 3882 2085; baseline -0.008 -15"><span class='ocrx_word' id='word_1_235' title='bbox 2342 2017 2543 2085; x_wconf 79' lang='grc' dir='ltr'>λέγων’</span> <span class='ocrx_word' id='word_1_236' title='bbox 2592 2014 2963 2085; x_wconf 77' lang='grc' dir='ltr'>’Υπερασπιῶ</span> <span class='ocrx_word' id='word_1_237' title='bbox 3006 2012 3155 2082; x_wconf 78' lang='grc' dir='ltr'>ὑπὲρ</span> <span class='ocrx_word' id='word_1_238' title='bbox 3208 2010 3318 2079; x_wconf 84' lang='grc' dir='ltr'>τῆς</span> <span class='ocrx_word' id='word_1_239' title='bbox 3368 2011 3595 2074; x_wconf 72' lang='grc' dir='ltr'>πόλεως</span> <span class='ocrx_word' id='word_1_240' title='bbox 3646 2008 3882 2072; x_wconf 81' lang='grc' dir='ltr'><strong>ταύτης.</strong></span> 
     </span>
    </p>
   </div>
   <div class='ocr_carea' id='block_1_34' title="bbox 697 2100 2319 2187">
    <p class='ocr_par' dir='ltr' id='par_1_34' title="bbox 697 2104 2241 2187">
     <span class='ocr_line' id='line_1_34' title="bbox 697 2104 2241 2187; baseline -0.012 -13"><span class='ocrx_word' id='word_1_241' title='bbox 697 2117 1004 2187; x_wconf 90' lang='lat' dir='ltr'><strong>complens,</strong></span> <span class='ocrx_word' id='word_1_242' title='bbox 1036 2129 1140 2168; x_wconf 91' lang='lat' dir='ltr'><strong>una</strong></span> <span class='ocrx_word' id='word_1_243' title='bbox 1190 2120 1349 2167; x_wconf 88' lang='lat' dir='ltr'><strong>nocte</strong></span> <span class='ocrx_word' id='word_1_244' title='bbox 1398 2118 1612 2166; x_wconf 90' lang='lat' dir='ltr'><strong>centum</strong></span> <span class='ocrx_word' id='word_1_245' title='bbox 1673 2107 1947 2177; x_wconf 77' lang='lat' dir='ltr'><strong>octoginta</strong></span> <span class='ocrx_word' id='word_1_246' title='bbox 2000 2104 2241 2175; x_wconf 87' lang='lat' dir='ltr'><strong>quinque</strong></span> 
     </span>
    </p>
   </div>
   <div class='ocr_carea' id='block_1_35' title="bbox 2265 2100 3887 2187">
    <p class='ocr_par' dir='ltr' id='par_1_35' title="bbox 2342 2100 3887 2177">
     <span class='ocr_line' id='line_1_35' title="bbox 2342 2100 3887 2177; baseline -0.007 -17"><span class='ocrx_word' id='word_1_247' title='bbox 2342 2103 2472 2160; x_wconf 86' lang='grc' dir='ltr'>Εἶτα</span> <span class='ocrx_word' id='word_1_248' title='bbox 2503 2106 2599 2177; x_wconf 78' lang='grc' dir='ltr'>τὴν</span> <span class='ocrx_word' id='word_1_249' title='bbox 2653 2106 2980 2174; x_wconf 73' lang='grc' dir='ltr'>ἐπαγγελίαν</span> <span class='ocrx_word' id='word_1_250' title='bbox 3014 2102 3233 2175; x_wconf 82' lang='grc' dir='ltr'>πληρῶν</span> <span class='ocrx_word' id='word_1_251' title='bbox 3264 2104 3320 2155; x_wconf 90' lang='grc' dir='ltr'><strong>ἐν</strong></span> <span class='ocrx_word' id='word_1_252' title='bbox 3355 2102 3454 2173; x_wconf 77' lang='grc' dir='ltr'><strong>μιᾷ</strong></span> <span class='ocrx_word' id='word_1_253' title='bbox 3497 2101 3650 2155; x_wconf 77' lang='grc' dir='ltr'>νυκτὶ</span> <span class='ocrx_word' id='word_1_254' title='bbox 3699 2100 3887 2153; x_wconf 77' lang='grc' dir='ltr'>ἑκατὸν</span> 
     </span>
    </p>
   </div>
   <div class='ocr_carea' id='block_1_36' title="bbox 697 2189 2319 2275">
    <p class='ocr_par' dir='ltr' id='par_1_36' title="bbox 697 2193 2237 2275">
     <span class='ocr_line' id='line_1_36' title="bbox 697 2193 2237 2275; baseline -0.009 -14"><span class='ocrx_word' id='word_1_255' title='bbox 697 2208 861 2263; x_wconf 90' lang='lat' dir='ltr'><strong>millia</strong></span> <span class='ocrx_word' id='word_1_256' title='bbox 889 2205 1234 2275; x_wconf 82' lang='lat' dir='ltr'><strong>Assyriorum</strong></span> <span class='ocrx_word' id='word_1_257' title='bbox 1262 2201 1459 2257; x_wconf 88' lang='lat' dir='ltr'><strong>occidit</strong></span> <span class='ocrx_word' id='word_1_258' title='bbox 1480 2200 1543 2254; x_wconf 83' lang='grc'><strong>¹².</strong></span> <span class='ocrx_word' id='word_1_259' title='bbox 1572 2200 1638 2253; x_wconf 84' lang='grc' dir='ltr'><strong>Ει</strong></span> <span class='ocrx_word' id='word_1_260' title='bbox 1676 2198 1781 2252; x_wconf 90' lang='lat' dir='ltr'><strong>hoc</strong></span> <span class='ocrx_word' id='word_1_261' title='bbox 1803 2205 1881 2251; x_wconf 91' lang='lat' dir='ltr'><strong>est</strong></span> <span class='ocrx_word' id='word_1_262' title='bbox 1915 2195 2058 2265; x_wconf 88' lang='lat' dir='ltr'><strong>quod</strong></span> <span class='ocrx_word' id='word_1_263' title='bbox 2075 2193 2237 2249; x_wconf 90' lang='lat' dir='ltr'><strong>dicit:</strong></span> 
     </span>
    </p>
   </div>
   <div class='ocr_carea' id='block_1_37' title="bbox 2263 2189 3885 2275">
    <p class='ocr_par' dir='ltr' id='par_1_37' title="bbox 2340 2189 3885 2271">
     <span class='ocr_line' id='line_1_37' title="bbox 2340 2189 3885 2271; baseline -0.007 -19"><span class='ocrx_word' id='word_1_264' title='bbox 2340 2199 2661 2271; x_wconf 82' lang='grc' dir='ltr'>ὀγδοήκοντα</span> <span class='ocrx_word' id='word_1_265' title='bbox 2698 2197 2858 2250; x_wconf 85' lang='grc' dir='ltr'>πέντε</span> <span class='ocrx_word' id='word_1_266' title='bbox 2907 2196 3148 2266; x_wconf 85' lang='grc' dir='ltr'>χιλιάδας</span> <span class='ocrx_word' id='word_1_267' title='bbox 3196 2193 3369 2249; x_wconf 82' lang='grc' dir='ltr'>ἀνεῖλε</span> <span class='ocrx_word' id='word_1_268' title='bbox 3407 2191 3513 2246; x_wconf 86' lang='grc' dir='ltr'><strong>τῶν</strong></span> <span class='ocrx_word' id='word_1_269' title='bbox 3571 2189 3885 2262; x_wconf 80' lang='grc' dir='ltr'>Ἀσσυρίων.</span> 
     </span>
    </p>
   </div>
   <div class='ocr_carea' id='block_1_38' title="bbox 695 2276 2317 2354">
    <p class='ocr_par' dir='ltr' id='par_1_38' title="bbox 695 2282 2242 2353">
     <span class='ocr_line' id='line_1_38' title="bbox 695 2282 2242 2353; baseline -0.011 0"><span class='ocrx_word' id='word_1_270' title='bbox 695 2299 760 2353; x_wconf 89' lang='lat' dir='ltr'><strong><em>In</em></strong></span> <span class='ocrx_word' id='word_1_271' title='bbox 786 2299 868 2352; x_wconf 85' lang='lat' dir='ltr'><strong>die</strong></span> <span class='ocrx_word' id='word_1_272' title='bbox 897 2295 1165 2351; x_wconf 85' lang='lat' dir='ltr'><strong>mandabit</strong></span> <span class='ocrx_word' id='word_1_273' title='bbox 1188 2292 1448 2350; x_wconf 87' lang='lat' dir='ltr'><strong>Dominus</strong></span> <span class='ocrx_word' id='word_1_274' title='bbox 1474 2287 1888 2343; x_wconf 87' lang='lat' dir='ltr'><strong>misericordiam</strong></span> <span class='ocrx_word' id='word_1_275' title='bbox 1912 2302 2081 2338; x_wconf 88' lang='lat' dir='ltr'><strong>suam.</strong></span> <span class='ocrx_word' id='word_1_276' title='bbox 2111 2282 2242 2338; x_wconf 90' lang='lat' dir='ltr'><strong>Ora-</strong></span> 
     </span>
    </p>
   </div>
   <div class='ocr_carea' id='block_1_39' title="bbox 2267 2276 3889 2354">
    <p class='ocr_par' dir='ltr' id='par_1_39' title="bbox 2340 2276 3889 2354">
     <span class='ocr_line' id='line_1_39' title="bbox 2340 2276 3889 2354; baseline -0.01 -11"><span class='ocrx_word' id='word_1_277' title='bbox 2340 2290 2451 2344; x_wconf 77' lang='grc' dir='ltr'><strong>Καὶ</strong></span> <span class='ocrx_word' id='word_1_278' title='bbox 2481 2287 2637 2342; x_wconf 81' lang='grc' dir='ltr'>τοῦτό</span> <span class='ocrx_word' id='word_1_279' title='bbox 2694 2288 2872 2340; x_wconf 86' lang='grc' dir='ltr'>ἐστιν’</span> <span class='ocrx_word' id='word_1_280' title='bbox 2912 2284 3159 2354; x_wconf 83' lang='grc' dir='ltr'>Ἡμέρας</span> <span class='ocrx_word' id='word_1_281' title='bbox 3205 2279 3525 2335; x_wconf 69' lang='grc' dir='ltr'><strong>ἐντελεῖται</strong></span> <span class='ocrx_word' id='word_1_282' title='bbox 3578 2279 3794 2346; x_wconf 83' lang='grc' dir='ltr'>Κύριος</span> <span class='ocrx_word' id='word_1_283' title='bbox 3823 2276 3889 2329; x_wconf 85' lang='grc' dir='ltr'>τὸ</span> 
     </span>
    </p>
   </div>
   <div class='ocr_carea' id='block_1_40' title="bbox 697 2367 2319 2453">
    <p class='ocr_par' dir='ltr' id='par_1_40' title="bbox 697 2376 2241 2453">
     <span class='ocr_line' id='line_1_40' title="bbox 697 2376 2241 2453; baseline -0.01 -10"><span class='ocrx_word' id='word_1_284' title='bbox 697 2392 768 2443; x_wconf 90' lang='lat' dir='ltr'><strong>tio</strong></span> <span class='ocrx_word' id='word_1_285' title='bbox 799 2389 904 2442; x_wconf 82' lang='lat' dir='ltr'><strong>Deo</strong></span> <span class='ocrx_word' id='word_1_286' title='bbox 930 2389 1051 2441; x_wconf 67' lang='lat' dir='ltr'><strong>vita</strong></span> <span class='ocrx_word' id='word_1_287' title='bbox 1088 2400 1233 2439; x_wconf 73' lang='lat' dir='ltr'><strong>ntere.</strong></span> <span class='ocrx_word' id='word_1_288' title='bbox 1267 2380 1463 2453; x_wconf 88' lang='lat' dir='ltr'><strong>Utpote</strong></span> <span class='ocrx_word' id='word_1_289' title='bbox 1515 2380 1606 2449; x_wconf 91' lang='lat' dir='ltr'><strong>qui</strong></span> <span class='ocrx_word' id='word_1_290' title='bbox 1642 2379 1753 2446; x_wconf 84' lang='lat' dir='ltr'><strong>jam</strong></span> <span class='ocrx_word' id='word_1_291' title='bbox 1781 2376 2089 2438; x_wconf 84' lang='lat' dir='ltr'><strong>crediderit,</strong></span> <span class='ocrx_word' id='word_1_292' title='bbox 2120 2388 2241 2444; x_wconf 71' lang='lat' dir='ltr'><strong>quae</strong></span> 
     </span>
    </p>
   </div>
   <div class='ocr_carea' id='block_1_41' title="bbox 2263 2367 3885 2453">
    <p class='ocr_par' dir='ltr' id='par_1_41' title="bbox 2340 2367 3885 2445">
     <span class='ocr_line' id='line_1_41' title="bbox 2340 2367 3885 2445; baseline -0.008 -11"><span class='ocrx_word' id='word_1_293' title='bbox 2340 2381 2510 2445; x_wconf 73' lang='grc' dir='ltr'>ἕλεος</span> <span class='ocrx_word' id='word_1_294' title='bbox 2537 2376 2739 2435; x_wconf 85' lang='grc' dir='ltr'>αὐτοῦ.</span> <span class='ocrx_word' id='word_1_295' title='bbox 2793 2373 3106 2444; x_wconf 80' lang='grc' dir='ltr'>Προσευχὴ</span> <span class='ocrx_word' id='word_1_296' title='bbox 3134 2372 3214 2438; x_wconf 86' lang='grc' dir='ltr'>τῷ</span> <span class='ocrx_word' id='word_1_297' title='bbox 3255 2370 3376 2438; x_wconf 88' lang='grc' dir='ltr'><strong>Θεῷ</strong></span> <span class='ocrx_word' id='word_1_298' title='bbox 3417 2368 3526 2439; x_wconf 83' lang='grc' dir='ltr'>τῆς</span> <span class='ocrx_word' id='word_1_299' title='bbox 3576 2367 3726 2437; x_wconf 75' lang='grc' dir='ltr'>ζωῆς</span> <span class='ocrx_word' id='word_1_300' title='bbox 3752 2385 3885 2439; x_wconf 87' lang='grc' dir='ltr'>μου.</span> 
     </span>
    </p>
   </div>
   <div class='ocr_carea' id='block_1_42' title="bbox 697 2459 2319 2547">
    <p class='ocr_par' dir='ltr' id='par_1_42' title="bbox 697 2468 2238 2547">
     <span class='ocr_line' id='line_1_42' title="bbox 697 2468 2238 2547; baseline -0.011 -10"><span class='ocrx_word' id='word_1_301' title='bbox 697 2480 942 2537; x_wconf 89' lang='lat' dir='ltr'><strong>ﬁdelibus</strong></span> <span class='ocrx_word' id='word_1_302' title='bbox 1005 2476 1354 2547; x_wconf 82' lang='lat' dir='ltr'><strong>congruentia</strong></span> <span class='ocrx_word' id='word_1_303' title='bbox 1413 2473 1575 2529; x_wconf 86' lang='lat' dir='ltr'><strong>verba</strong></span> <span class='ocrx_word' id='word_1_304' title='bbox 1633 2479 1761 2526; x_wconf 90' lang='lat' dir='ltr'><strong>sunt</strong></span> <span class='ocrx_word' id='word_1_305' title='bbox 1801 2468 2025 2540; x_wconf 79' lang='lat' dir='ltr'><strong>profert,</strong></span> <span class='ocrx_word' id='word_1_306' title='bbox 2086 2482 2238 2523; x_wconf 87' lang='lat' dir='ltr'><strong>suam</strong></span> 
     </span>
    </p>
   </div>
   <div class='ocr_carea' id='block_1_43' title="bbox 2266 2459 3888 2547">
    <p class='ocr_par' dir='ltr' id='par_1_43' title="bbox 2352 2459 3888 2540">
     <span class='ocr_line' id='line_1_43' title="bbox 2352 2459 3888 2540; baseline -0.008 -17"><span class='ocrx_word' id='word_1_307' title='bbox 2352 2471 2438 2533; x_wconf 80' lang='grc' dir='ltr'>Ὠς</span> <span class='ocrx_word' id='word_1_308' title='bbox 2460 2469 2559 2540; x_wconf 71' lang='grc' dir='ltr'>ήδη</span> <span class='ocrx_word' id='word_1_309' title='bbox 2587 2465 2961 2529; x_wconf 84' lang='grc' dir='ltr'>πεπιστευκὼς</span> <span class='ocrx_word' id='word_1_310' title='bbox 2999 2464 3069 2517; x_wconf 84' lang='grc' dir='ltr'><strong>τά</strong></span> <span class='ocrx_word' id='word_1_311' title='bbox 3110 2465 3221 2526; x_wconf 82' lang='grc' dir='ltr'>τοῖς</span> <span class='ocrx_word' id='word_1_312' title='bbox 3264 2460 3573 2516; x_wconf 88' lang='grc' dir='ltr'>πιστεύουσι</span> <span class='ocrx_word' id='word_1_313' title='bbox 3616 2459 3888 2530; x_wconf 82' lang='grc' dir='ltr'>πρέποντα</span> 
     </span>
    </p>
   </div>
   <div class='ocr_carea' id='block_1_44' title="bbox 696 2553 2318 2647">
    <p class='ocr_par' dir='ltr' id='par_1_44' title="bbox 696 2568 1351 2647">
     <span class='ocr_line' id='line_1_44' title="bbox 696 2568 1351 2647; baseline -0.011 -20"><span class='ocrx_word' id='word_1_314' title='bbox 696 2574 859 2631; x_wconf 86' lang='lat' dir='ltr'><strong>vitam</strong></span> <span class='ocrx_word' id='word_1_315' title='bbox 891 2571 1202 2647; x_wconf 82' lang='lat' dir='ltr'><strong>adscribens</strong></span> <span class='ocrx_word' id='word_1_316' title='bbox 1230 2568 1351 2638; x_wconf 83' lang='lat' dir='ltr'><strong>ipsi.</strong></span> 
     </span>
    </p>
   </div>
   <div class='ocr_carea' id='block_1_45' title="bbox 2265 2553 3887 2647">
    <p class='ocr_par' dir='ltr' id='par_1_45' title="bbox 2340 2553 3887 2637">
     <span class='ocr_line' id='line_1_45' title="bbox 2340 2553 3887 2637; baseline -0.009 -17"><span class='ocrx_word' id='word_1_317' title='bbox 2340 2564 2600 2637; x_wconf 80' lang='grc' dir='ltr'>ἀναφέρει</span> <span class='ocrx_word' id='word_1_318' title='bbox 2634 2564 2875 2635; x_wconf 79' lang='grc' dir='ltr'>ῥήματα,</span> <span class='ocrx_word' id='word_1_319' title='bbox 2908 2558 3055 2631; x_wconf 88' lang='grc' dir='ltr'><strong>αὐτῷ</strong></span> <span class='ocrx_word' id='word_1_320' title='bbox 3092 2558 3188 2630; x_wconf 82' lang='grc' dir='ltr'>τὴν</span> <span class='ocrx_word' id='word_1_321' title='bbox 3210 2557 3413 2612; x_wconf 84' lang='grc' dir='ltr'>οἰκείαν</span> <span class='ocrx_word' id='word_1_322' title='bbox 3448 2553 3887 2625; x_wconf 80' lang='grc' dir='ltr'>ἀναγραφόμενος</span> 
     </span>
    </p>
   </div>
   <div class='ocr_carea' id='block_1_46' title="bbox 2342 2660 2504 2721">
    <p class='ocr_par' dir='ltr' id='par_1_46' title="bbox 2342 2660 2504 2721">
     <span class='ocr_line' id='line_1_46' title="bbox 2342 2660 2504 2721; baseline -0.006 0"><span class='ocrx_word' id='word_1_323' title='bbox 2342 2660 2504 2721; x_wconf 72' lang='grc' dir='ltr'>ζωήν.</span> 
     </span>
    </p>
   </div>
   <div class='ocr_carea' id='block_1_47' title="bbox 767 2660 2389 2817">
    <p class='ocr_par' dir='ltr' id='par_1_47' title="bbox 767 2660 2389 2817">
     <span class='ocr_line' id='line_1_47' title="bbox 767 2660 2389 2817; baseline -0.008 -8"><span class='ocrx_word' id='word_1_324' title='bbox 767 2756 852 2809; x_wconf 82' lang='lat' dir='ltr'><strong>ll.</strong></span> <span class='ocrx_word' id='word_1_325' title='bbox 890 2754 1072 2807; x_wconf 85' lang='lat' dir='ltr'><strong>Dicam</strong></span> <span class='ocrx_word' id='word_1_326' title='bbox 1124 2751 1252 2815; x_wconf 90' lang='lat' dir='ltr'><strong>Deo,</strong></span> <span class='ocrx_word' id='word_1_327' title='bbox 1286 2748 1564 2817; x_wconf 85' lang='lat' dir='ltr'><strong>Susceptor</strong></span> <span class='ocrx_word' id='word_1_328' title='bbox 1611 2764 1754 2802; x_wconf 83' lang='lat' dir='ltr'><strong>meus</strong></span> <span class='ocrx_word' id='word_1_329' title='bbox 1787 2762 1860 2800; x_wconf 86' lang='lat' dir='ltr'><strong>es.</strong></span> <span class='ocrx_word' id='word_1_330' title='bbox 1889 2745 2124 2816; x_wconf 89' lang='lat' dir='ltr'><strong>Populus</strong></span> <span class='ocrx_word' id='word_1_331' title='bbox 2154 2745 2241 2798; x_wconf 88' lang='lat' dir='ltr'><strong>ille</strong></span> <span class='ocrx_word' id='word_1_332' title='bbox 2342 2660 2389 2721; x_wconf 49' lang='grc' dir='ltr'><strong>ζ(</strong></span> 
     </span>
    </p>
   </div>
   <div class='ocr_carea' id='block_1_48' title="bbox 2264 2660 3886 2817">
    <p class='ocr_par' dir='ltr' id='par_1_48' title="bbox 2342 2660 3886 2815">
     <span class='ocr_line' id='line_1_48' title="bbox 2373 2676 2504 2711; baseline -0.015 0"><span class='ocrx_word' id='word_1_333' title='bbox 2373 2677 2417 2711; x_wconf 91' lang='grc' dir='ltr'><strong>ω</strong></span> <span class='ocrx_word' id='word_1_334' title='bbox 2456 2676 2504 2710; x_wconf 89' lang='grc' dir='ltr'><strong>ν.</strong></span> 
     </span>
     <span class='ocr_line' id='line_1_49' title="bbox 2342 2660 3886 2815; baseline -0.009 -13"><span class='ocrx_word' id='word_1_335' title='bbox 2342 2660 2373 2721; x_wconf 69' lang='grc' dir='ltr'><em>ζ</em></span> <span class='ocrx_word' id='word_1_336' title='bbox 2420 2660 2564 2815; x_wconf 45' lang='grc' dir='ltr'><strong>εἱρῶ</strong></span> <span class='ocrx_word' id='word_1_337' title='bbox 2588 2747 2668 2812; x_wconf 85' lang='grc' dir='ltr'>τῷ</span> <span class='ocrx_word' id='word_1_338' title='bbox 2701 2744 2841 2812; x_wconf 84' lang='grc' dir='ltr'>Θεῷ,</span> <span class='ocrx_word' id='word_1_339' title='bbox 2876 2743 3265 2812; x_wconf 71' lang='grc' dir='ltr'>Ἇν-τιλήπτωρ</span> <span class='ocrx_word' id='word_1_340' title='bbox 3288 2758 3404 2809; x_wconf 78' lang='grc' dir='ltr'><strong>μου</strong></span> <span class='ocrx_word' id='word_1_341' title='bbox 3428 2736 3501 2794; x_wconf 75' lang='grc' dir='ltr'>εἳ.</span> <span class='ocrx_word' id='word_1_342' title='bbox 3540 2736 3886 2803; x_wconf 79' lang='grc' dir='ltr'>Ἐπαναλαμο</span> 
     </span>
    </p>
   </div>
   <div class='ocr_carea' id='block_1_49' title="bbox 696 2826 2318 2917">
    <p class='ocr_par' dir='ltr' id='par_1_49' title="bbox 696 2836 2243 2917">
     <span class='ocr_line' id='line_1_50' title="bbox 696 2836 2243 2917; baseline -0.01 -16"><span class='ocrx_word' id='word_1_343' title='bbox 696 2847 788 2917; x_wconf 93' lang='lat' dir='ltr'><strong>qui</strong></span> <span class='ocrx_word' id='word_1_344' title='bbox 819 2844 1189 2916; x_wconf 61' lang='lat' dir='ltr'><strong>penitentiam</strong></span> <span class='ocrx_word' id='word_1_345' title='bbox 1216 2842 1324 2912; x_wconf 85' lang='lat' dir='ltr'><strong>agit</strong></span> <span class='ocrx_word' id='word_1_346' title='bbox 1355 2839 1580 2895; x_wconf 90' lang='lat' dir='ltr'><strong>resumit</strong></span> <span class='ocrx_word' id='word_1_347' title='bbox 1628 2836 2097 2907; x_wconf 77' lang='lat' dir='ltr'><strong>supplicationem,</strong></span> <span class='ocrx_word' id='word_1_348' title='bbox 2129 2849 2243 2887; x_wconf 88' lang='lat' dir='ltr'><strong>ma-</strong></span> 
     </span>
    </p>
   </div>
   <div class='ocr_carea' id='block_1_50' title="bbox 2265 2826 3887 2917">
    <p class='ocr_par' dir='ltr' id='par_1_50' title="bbox 2341 2826 3887 2908">
     <span class='ocr_line' id='line_1_51' title="bbox 2341 2826 3887 2908; baseline -0.009 -18"><span class='ocrx_word' id='word_1_349' title='bbox 2341 2836 2490 2892; x_wconf 78' lang='grc' dir='ltr'>ϐάνει</span> <span class='ocrx_word' id='word_1_350' title='bbox 2520 2838 2617 2908; x_wconf 80' lang='grc' dir='ltr'>τὴν</span> <span class='ocrx_word' id='word_1_351' title='bbox 2644 2834 2919 2907; x_wconf 76' lang='grc' dir='ltr'>ἱκετηρίαν</span> <span class='ocrx_word' id='word_1_352' title='bbox 2941 2836 2969 2887; x_wconf 85' lang='grc' dir='ltr'>ὁ</span> <span class='ocrx_word' id='word_1_353' title='bbox 3002 2830 3418 2906; x_wconf 77' lang='grc' dir='ltr'>μεταγινώσκων</span> <span class='ocrx_word' id='word_1_354' title='bbox 3440 2829 3584 2892; x_wconf 86' lang='grc' dir='ltr'>λαδς,</span> <span class='ocrx_word' id='word_1_355' title='bbox 3602 2828 3693 2882; x_wconf 69' lang='lat' dir='ltr'><strong>earl</strong></span> <span class='ocrx_word' id='word_1_356' title='bbox 3709 2826 3887 2879; x_wconf 81' lang='grc' dir='ltr'>πλεῖον</span> 
     </span>
    </p>
   </div>
   <div class='ocr_carea' id='block_1_51' title="bbox 698 2922 2320 3011">
    <p class='ocr_par' dir='ltr' id='par_1_51' title="bbox 698 2926 2134 3011">
     <span class='ocr_line' id='line_1_52' title="bbox 698 2926 2134 3011; baseline -0.011 -17"><span class='ocrx_word' id='word_1_357' title='bbox 698 2956 779 3011; x_wconf 79' lang='lat' dir='ltr'><strong>gis</strong></span> <span class='ocrx_word' id='word_1_358' title='bbox 806 2938 1086 3007; x_wconf 81' lang='lat' dir='ltr'><strong>magisque</strong></span> <span class='ocrx_word' id='word_1_359' title='bbox 1125 2933 1290 2988; x_wconf 90' lang='lat' dir='ltr'><strong>Deum</strong></span> <span class='ocrx_word' id='word_1_360' title='bbox 1320 2947 1552 2988; x_wconf 72' lang='lat' dir='ltr'><strong>evocans</strong></span> <span class='ocrx_word' id='word_1_361' title='bbox 1600 2930 1666 2984; x_wconf 88' lang='lat' dir='ltr'><strong>ad</strong></span> <span class='ocrx_word' id='word_1_362' title='bbox 1687 2926 2134 2983; x_wconf 87' lang='lat' dir='ltr'><strong>misericordiam.</strong></span> 
     </span>
    </p>
   </div>
   <div class='ocr_carea' id='block_1_52' title="bbox 1696 2922 3318 3011">
    <p class='ocr_par' dir='ltr' id='par_1_52' title="bbox 1696 2922 3318 2999">
     <span class='ocr_line' id='line_1_53' title="bbox 1696 2922 3318 2999; baseline -0.006 -13"><span class='ocrx_word' id='word_1_363' title='bbox 1696 2926 2134 2983; x_wconf 69' lang='lat' dir='ltr'><strong>misericordiam.</strong></span> <span class='ocrx_word' id='word_1_364' title='bbox 2341 2927 2731 2999; x_wconf 65' lang='grc' dir='ltr'>ἐκκαλούμενος</span> <span class='ocrx_word' id='word_1_365' title='bbox 2766 2928 2842 2990; x_wconf 87' lang='grc' dir='ltr'><strong>εἰς</strong></span> <span class='ocrx_word' id='word_1_366' title='bbox 2874 2925 3021 2978; x_wconf 80' lang='grc' dir='ltr'>ἐλεον</span> <span class='ocrx_word' id='word_1_367' title='bbox 3046 2924 3136 2977; x_wconf 79' lang='grc' dir='ltr'>τὸν</span> <span class='ocrx_word' id='word_1_368' title='bbox 3168 2922 3318 2977; x_wconf 88' lang='grc' dir='ltr'>Θεόν.</span> 
     </span>
    </p>
   </div>
   <div class='ocr_carea' id='block_1_53' title="bbox 760 3014 2382 3094">
    <p class='ocr_par' dir='ltr' id='par_1_53' title="bbox 760 3018 2179 3094">
     <span class='ocr_line' id='line_1_54' title="bbox 760 3018 2179 3094; baseline -0.011 -10"><span class='ocrx_word' id='word_1_369' title='bbox 760 3026 1089 3084; x_wconf 71' lang='grc' dir='ltr'><strong>ΡΒΛιΜΠΒ</strong></span> <span class='ocrx_word' id='word_1_370' title='bbox 1111 3027 1209 3094; x_wconf 78' lang='lat' dir='ltr'><strong>ipsi</strong></span> <span class='ocrx_word' id='word_1_371' title='bbox 1241 3024 1433 3086; x_wconf 82' lang='lat' dir='ltr'><strong>David,</strong></span> <span class='ocrx_word' id='word_1_372' title='bbox 1466 3023 1553 3092; x_wconf 87' lang='lat' dir='ltr'><strong>qui</strong></span> <span class='ocrx_word' id='word_1_373' title='bbox 1598 3020 1737 3089; x_wconf 82' lang='lat' dir='ltr'><strong>apud</strong></span> <span class='ocrx_word' id='word_1_374' title='bbox 1768 3018 2012 3074; x_wconf 67' lang='lat' dir='ltr'><strong>Hebrazos</strong></span> <span class='ocrx_word' id='word_1_375' title='bbox 2040 3025 2179 3071; x_wconf 87' lang='lat' dir='ltr'><strong>caret</strong></span> 
     </span>
    </p>
   </div>
   <div class='ocr_carea' id='block_1_54' title="bbox 2084 3014 3706 3094">
    <p class='ocr_par' dir='ltr' id='par_1_54' title="bbox 2084 3014 3706 3083">
     <span class='ocr_line' id='line_1_55' title="bbox 2084 3014 3706 3083; baseline -0.009 -6"><span class='ocrx_word' id='word_1_376' title='bbox 2084 3025 2179 3071; x_wconf 73' lang='grc' dir='ltr'>πει</span> <span class='ocrx_word' id='word_1_377' title='bbox 2510 3022 2815 3075; x_wconf 80' lang='grc' dir='ltr'><strong>ΨΑΛΜΟΣ</strong></span> <span class='ocrx_word' id='word_1_378' title='bbox 2844 3016 2921 3082; x_wconf 87' lang='grc' dir='ltr'>τῷ</span> <span class='ocrx_word' id='word_1_379' title='bbox 2948 3014 3126 3070; x_wconf 79' lang='grc' dir='ltr'><strong>Δαυῖδ</strong></span> <span class='ocrx_word' id='word_1_380' title='bbox 3154 3014 3552 3083; x_wconf 73' lang='grc' dir='ltr'>ἀνεπίγραφος</span> <span class='ocrx_word' id='word_1_381' title='bbox 3588 3027 3706 3078; x_wconf 82' lang='grc' dir='ltr'><strong>παρ</strong></span> 
     </span>
    </p>
   </div>
   <div class='ocr_carea' id='block_1_55' title="bbox 1198 3108 3353 3185">
    <p class='ocr_par' dir='ltr' id='par_1_55' title="bbox 1198 3108 3353 3185">
     <span class='ocr_line' id='line_1_56' title="bbox 1198 3108 3353 3185; baseline -0.006 -15"><span class='ocrx_word' id='word_1_382' title='bbox 1198 3116 1552 3185; x_wconf 83' lang='lat' dir='ltr'><strong>inscriptione.</strong></span> <span class='ocrx_word' id='word_1_383' title='bbox 1569 3111 1753 3167; x_wconf 82' lang='lat' dir='ltr'><strong><em>XLII.</em></strong></span> <span class='ocrx_word' id='word_1_384' title='bbox 2880 3109 3185 3175; x_wconf 79' lang='grc' dir='ltr'>Ἑϐραίοις.</span> <span class='ocrx_word' id='word_1_385' title='bbox 3219 3108 3353 3158; x_wconf 83' lang='lat' dir='ltr'><strong>MB&#39;.</strong></span> 
     </span>
    </p>
   </div>
   <div class='ocr_carea' id='block_1_56' title="bbox 775 3190 2397 3305">
    <p class='ocr_par' dir='ltr' id='par_1_56' title="bbox 775 3201 2310 3305">
     <span class='ocr_line' id='line_1_57' title="bbox 775 3201 2310 3305; baseline -0.009 -37"><span class='ocrx_word' id='word_1_386' title='bbox 775 3214 964 3268; x_wconf 77' lang='lat' dir='ltr'><strong>Indica</strong></span> <span class='ocrx_word' id='word_1_387' title='bbox 989 3211 1303 3279; x_wconf 78' lang='lat' dir='ltr'><strong>me,Deus,et</strong></span> <span class='ocrx_word' id='word_1_388' title='bbox 1333 3209 1587 3272; x_wconf 79' lang='lat' dir='ltr'><strong>discerne,</strong></span> <span class='ocrx_word' id='word_1_389' title='bbox 1617 3216 1719 3262; x_wconf 91' lang='lat' dir='ltr'><strong>etc.</strong></span> <span class='ocrx_word' id='word_1_390' title='bbox 1738 3204 1835 3259; x_wconf 83' lang='lat' dir='ltr'><strong>Hic</strong></span> <span class='ocrx_word' id='word_1_391' title='bbox 1856 3204 2096 3274; x_wconf 85' lang='lat' dir='ltr'><strong>psalmus</strong></span> <span class='ocrx_word' id='word_1_392' title='bbox 2124 3201 2236 3271; x_wconf 85' lang='lat' dir='ltr'><strong>(l5)</strong></span> <span class='ocrx_word' id='word_1_393' title='bbox 2264 3244 2310 3305; x_wconf 67' lang='grc' dir='ltr'>ο</span> 
     </span>
    </p>
   </div>
   <div class='ocr_carea' id='block_1_57' title="bbox 2266 3190 3888 3305">
    <p class='ocr_par' dir='ltr' id='par_1_57' title="bbox 2266 3190 3888 3305">
     <span class='ocr_line' id='line_1_58' title="bbox 2266 3190 3888 3305; baseline -0.013 -42"><span class='ocrx_word' id='word_1_394' title='bbox 2266 3244 2310 3305; x_wconf 76' lang='lat' dir='ltr'>c</span> <span class='ocrx_word' id='word_1_395' title='bbox 2410 3205 2625 3276; x_wconf 80' lang='grc' dir='ltr'>Κρῒνόν</span> <span class='ocrx_word' id='word_1_396' title='bbox 2654 3220 2751 3273; x_wconf 83' lang='grc' dir='ltr'>με,</span> <span class='ocrx_word' id='word_1_397' title='bbox 2807 3203 2841 3257; x_wconf 86' lang='grc' dir='ltr'><strong>ό</strong></span> <span class='ocrx_word' id='word_1_398' title='bbox 2877 3200 3039 3267; x_wconf 87' lang='grc' dir='ltr'>Θεὸς,</span> <span class='ocrx_word' id='word_1_399' title='bbox 3080 3199 3177 3253; x_wconf 80' lang='grc' dir='ltr'><strong>καί</strong></span> <span class='ocrx_word' id='word_1_400' title='bbox 3236 3197 3506 3250; x_wconf 81' lang='grc' dir='ltr'>δικασον.</span> <span class='ocrx_word' id='word_1_401' title='bbox 3561 3193 3672 3264; x_wconf 77' lang='grc' dir='ltr'><strong>Τὴν</strong></span> <span class='ocrx_word' id='word_1_402' title='bbox 3724 3190 3888 3261; x_wconf 75' lang='grc' dir='ltr'>αὐτὴν</span> 
     </span>
    </p>
   </div>
   <div class='ocr_carea' id='block_1_58' title="bbox 703 3283 2325 3377">
    <p class='ocr_par' dir='ltr' id='par_1_58' title="bbox 703 3283 2310 3377">
     <span class='ocr_line' id='line_1_59' title="bbox 703 3283 2310 3377; baseline -0.012 -15"><span class='ocrx_word' id='word_1_403' title='bbox 703 3307 945 3377; x_wconf 89' lang='lat' dir='ltr'><strong>ejusdem</strong></span> <span class='ocrx_word' id='word_1_404' title='bbox 989 3314 1071 3359; x_wconf 77' lang='lat' dir='ltr'><strong>est</strong></span> <span class='ocrx_word' id='word_1_405' title='bbox 1117 3313 1277 3372; x_wconf 86' lang='lat' dir='ltr'><strong>atque</strong></span> <span class='ocrx_word' id='word_1_406' title='bbox 1328 3299 1575 3369; x_wconf 85' lang='lat' dir='ltr'><strong>superior</strong></span> <span class='ocrx_word' id='word_1_407' title='bbox 1601 3295 1923 3366; x_wconf 83' lang='lat' dir='ltr'><strong>argumenti.</strong></span> <span class='ocrx_word' id='word_1_408' title='bbox 1964 3292 2238 3348; x_wconf 83' lang='lat' dir='ltr'><strong>Accedunt</strong></span> <span class='ocrx_word' id='word_1_409' title='bbox 2265 3283 2310 3305; x_wconf 67' lang='grc' dir='ltr'>ν</span> 
     </span>
    </p>
   </div>
   <div class='ocr_carea' id='block_1_59' title="bbox 2266 3283 3888 3377">
    <p class='ocr_par' dir='ltr' id='par_1_59' title="bbox 2266 3283 3888 3368">
     <span class='ocr_line' id='line_1_60' title="bbox 2266 3283 3888 3368; baseline -0.014 -14"><span class='ocrx_word' id='word_1_410' title='bbox 2266 3283 2310 3305; x_wconf 61' lang='grc' dir='ltr'>υ</span> <span class='ocrx_word' id='word_1_411' title='bbox 2342 3299 2589 3355; x_wconf 79' lang='grc' dir='ltr'>ὑπόθεσιν</span> <span class='ocrx_word' id='word_1_412' title='bbox 2619 3296 2695 3368; x_wconf 84' lang='grc' dir='ltr'>τῷ</span> <span class='ocrx_word' id='word_1_413' title='bbox 2728 3294 2899 3349; x_wconf 84' lang='grc' dir='ltr'>ὀπίσω</span> <span class='ocrx_word' id='word_1_414' title='bbox 2931 3294 3023 3347; x_wconf 79' lang='grc' dir='ltr'><strong>καὶ</strong></span> <span class='ocrx_word' id='word_1_415' title='bbox 3052 3293 3081 3346; x_wconf 87' lang='grc' dir='ltr'><strong>ό</strong></span> <span class='ocrx_word' id='word_1_416' title='bbox 3109 3288 3294 3362; x_wconf 88' lang='grc' dir='ltr'>παρὼν</span> <span class='ocrx_word' id='word_1_417' title='bbox 3326 3288 3435 3359; x_wconf 77' lang='grc' dir='ltr'>ἔχει</span> <span class='ocrx_word' id='word_1_418' title='bbox 3462 3284 3670 3357; x_wconf 73' lang='grc' dir='ltr'>ψαλμός</span> <span class='ocrx_word' id='word_1_419' title='bbox 3720 3283 3888 3355; x_wconf 82' lang='grc' dir='ltr'>Προσ-</span> 
     </span>
    </p>
   </div>
   <div class='ocr_carea' id='block_1_60' title="bbox 699 3373 2321 3465">
    <p class='ocr_par' dir='ltr' id='par_1_60' title="bbox 699 3373 2239 3457">
     <span class='ocr_line' id='line_1_61' title="bbox 699 3373 2239 3457; baseline -0.008 -7"><span class='ocrx_word' id='word_1_420' title='bbox 699 3373 843 3450; x_wconf 82' lang='lat' dir='ltr'><strong>enim</strong></span> <span class='ocrx_word' id='word_1_421' title='bbox 869 3397 1061 3449; x_wconf 90' lang='lat' dir='ltr'><strong>iterum</strong></span> <span class='ocrx_word' id='word_1_422' title='bbox 1092 3391 1345 3447; x_wconf 69' lang='lat' dir='ltr'><strong>Israelita:</strong></span> <span class='ocrx_word' id='word_1_423' title='bbox 1370 3389 1595 3445; x_wconf 85' lang='lat' dir='ltr'><strong>salutem</strong></span> <span class='ocrx_word' id='word_1_424' title='bbox 1626 3404 1719 3457; x_wconf 89' lang='lat' dir='ltr'><strong>per</strong></span> <span class='ocrx_word' id='word_1_425' title='bbox 1735 3387 2009 3441; x_wconf 82' lang='lat' dir='ltr'><strong>Christum</strong></span> <span class='ocrx_word' id='word_1_426' title='bbox 2032 3393 2239 3455; x_wconf 87' lang='lat' dir='ltr'><strong>partam</strong></span> 
     </span>
    </p>
   </div>
   <div class='ocr_carea' id='block_1_61' title="bbox 2264 3373 3886 3465">
    <p class='ocr_par' dir='ltr' id='par_1_61' title="bbox 2340 3373 3886 3465">
     <span class='ocr_line' id='line_1_62' title="bbox 2340 3373 3886 3465; baseline -0.013 -19"><span class='ocrx_word' id='word_1_427' title='bbox 2340 3394 2587 3465; x_wconf 89' lang='grc' dir='ltr'>έρχονται</span> <span class='ocrx_word' id='word_1_428' title='bbox 2618 3388 2726 3460; x_wconf 84' lang='grc' dir='ltr'><strong>γὰρ</strong></span> <span class='ocrx_word' id='word_1_429' title='bbox 2769 3386 2928 3440; x_wconf 87' lang='grc' dir='ltr'>πάλιν</span> <span class='ocrx_word' id='word_1_430' title='bbox 2958 3386 3008 3438; x_wconf 84' lang='grc' dir='ltr'><strong>οἰ</strong></span> <span class='ocrx_word' id='word_1_431' title='bbox 3055 3383 3115 3448; x_wconf 84' lang='grc' dir='ltr'>ἐξ</span> <span class='ocrx_word' id='word_1_432' title='bbox 3157 3381 3369 3453; x_wconf 74' lang='grc' dir='ltr'>Ἰσραὴλ</span> <span class='ocrx_word' id='word_1_433' title='bbox 3394 3380 3489 3449; x_wconf 76' lang='grc' dir='ltr'>τὴν</span> <span class='ocrx_word' id='word_1_434' title='bbox 3520 3377 3606 3431; x_wconf 88' lang='grc' dir='ltr'><strong>διά</strong></span> <span class='ocrx_word' id='word_1_435' title='bbox 3657 3373 3886 3447; x_wconf 78' lang='grc' dir='ltr'>Χριστοῦ</span> 
     </span>
    </p>
   </div>
   <div class='ocr_carea' id='block_1_62' title="bbox 700 3468 2322 3560">
    <p class='ocr_par' dir='ltr' id='par_1_62' title="bbox 700 3479 2238 3560">
     <span class='ocr_line' id='line_1_63' title="bbox 700 3479 2238 3560; baseline -0.01 -16"><span class='ocrx_word' id='word_1_436' title='bbox 700 3488 1055 3560; x_wconf 84' lang='lat' dir='ltr'><strong>postulantes.</strong></span> <span class='ocrx_word' id='word_1_437' title='bbox 1085 3485 1447 3551; x_wconf 85' lang='lat' dir='ltr'><strong>Quamobrem</strong></span> <span class='ocrx_word' id='word_1_438' title='bbox 1476 3483 1583 3536; x_wconf 88' lang='lat' dir='ltr'><strong>ait:</strong></span> <span class='ocrx_word' id='word_1_439' title='bbox 1612 3479 1806 3533; x_wconf 86' lang='lat' dir='ltr'><strong>Emitte</strong></span> <span class='ocrx_word' id='word_1_440' title='bbox 1829 3479 1994 3530; x_wconf 82' lang='lat' dir='ltr'><strong>lucem</strong></span> <span class='ocrx_word' id='word_1_441' title='bbox 2026 3485 2165 3528; x_wconf 90' lang='lat' dir='ltr'><strong>tuam</strong></span> <span class='ocrx_word' id='word_1_442' title='bbox 2188 3486 2238 3528; x_wconf 86' lang='lat' dir='ltr'><strong>et</strong></span> 
     </span>
    </p>
   </div>
   <div class='ocr_carea' id='block_1_63' title="bbox 2268 3468 3890 3560">
    <p class='ocr_par' dir='ltr' id='par_1_63' title="bbox 2343 3468 3890 3553">
     <span class='ocr_line' id='line_1_64' title="bbox 2343 3468 3890 3553; baseline -0.013 -16"><span class='ocrx_word' id='word_1_443' title='bbox 2343 3482 2613 3553; x_wconf 89' lang='grc' dir='ltr'>σωτηρίαν</span> <span class='ocrx_word' id='word_1_444' title='bbox 2649 3476 3035 3549; x_wconf 81' lang='grc' dir='ltr'>ἐξαιτούμενοι.</span> <span class='ocrx_word' id='word_1_445' title='bbox 3062 3472 3154 3526; x_wconf 87' lang='grc' dir='ltr'>Διό</span> <span class='ocrx_word' id='word_1_446' title='bbox 3196 3488 3357 3542; x_wconf 86' lang='grc' dir='ltr'>φησιν</span> <span class='ocrx_word' id='word_1_447' title='bbox 3378 3486 3392 3499; x_wconf 69' lang='grc' dir='ltr'><strong>ο</strong></span> <span class='ocrx_word' id='word_1_448' title='bbox 3437 3468 3890 3532; x_wconf 73' lang='grc' dir='ltr'>Ἑξαπόστειλον</span> 
     </span>
    </p>
   </div>
   <div class='ocr_carea' id='block_1_64' title="bbox 697 3553 2319 3641">
    <p class='ocr_par' dir='ltr' id='par_1_64' title="bbox 697 3567 2238 3641">
     <span class='ocr_line' id='line_1_65' title="bbox 697 3567 2238 3641; baseline -0.01 -5"><span class='ocrx_word' id='word_1_449' title='bbox 697 3583 965 3636; x_wconf 74' lang='lat' dir='ltr'><strong>veritatem</strong></span> <span class='ocrx_word' id='word_1_450' title='bbox 994 3590 1157 3632; x_wconf 76' lang='lat' dir='ltr'><strong>tuam.</strong></span> <span class='ocrx_word' id='word_1_451' title='bbox 1192 3576 1455 3629; x_wconf 86' lang='lat' dir='ltr'><strong>Futurum</strong></span> <span class='ocrx_word' id='word_1_452' title='bbox 1498 3588 1730 3641; x_wconf 84' lang='lat' dir='ltr'><strong>namque</strong></span> <span class='ocrx_word' id='word_1_453' title='bbox 1761 3580 1876 3624; x_wconf 88' lang='lat' dir='ltr'><strong>erat</strong></span> <span class='ocrx_word' id='word_1_454' title='bbox 1928 3577 1987 3624; x_wconf 86' lang='lat' dir='ltr'><strong>ut</strong></span> <span class='ocrx_word' id='word_1_455' title='bbox 2022 3570 2135 3638; x_wconf 88' lang='lat' dir='ltr'><strong>ipse</strong></span> <span class='ocrx_word' id='word_1_456' title='bbox 2186 3567 2238 3619; x_wconf 91' lang='lat' dir='ltr'><strong>in</strong></span> 
     </span>
    </p>
   </div>
   <div class='ocr_carea' id='block_1_65' title="bbox 2263 3553 3885 3641">
    <p class='ocr_par' dir='ltr' id='par_1_65' title="bbox 2340 3553 3885 3641">
     <span class='ocr_line' id='line_1_66' title="bbox 2340 3553 3885 3641; baseline -0.015 -14"><span class='ocrx_word' id='word_1_457' title='bbox 2340 3573 2405 3627; x_wconf 80' lang='grc' dir='ltr'>τὸ</span> <span class='ocrx_word' id='word_1_458' title='bbox 2428 3571 2551 3641; x_wconf 65' lang='grc' dir='ltr'>φῶς</span> <span class='ocrx_word' id='word_1_459' title='bbox 2578 3587 2693 3624; x_wconf 89' lang='grc' dir='ltr'><strong>σου</strong></span> <span class='ocrx_word' id='word_1_460' title='bbox 2721 3570 2817 3623; x_wconf 81' lang='grc' dir='ltr'><strong>καί</strong></span> <span class='ocrx_word' id='word_1_461' title='bbox 2843 3566 2956 3636; x_wconf 78' lang='grc' dir='ltr'><strong>τὴν</strong></span> <span class='ocrx_word' id='word_1_462' title='bbox 2984 3562 3271 3634; x_wconf 72' lang='grc' dir='ltr'>ἀλήθειάν</span> <span class='ocrx_word' id='word_1_463' title='bbox 3303 3578 3436 3615; x_wconf 91' lang='grc' dir='ltr'>σου.</span> <span class='ocrx_word' id='word_1_464' title='bbox 3464 3556 3632 3620; x_wconf 77' lang='grc' dir='ltr'>Αὐτὸς</span> <span class='ocrx_word' id='word_1_465' title='bbox 3661 3554 3771 3625; x_wconf 88' lang='grc' dir='ltr'><strong>γὰρ</strong></span> <span class='ocrx_word' id='word_1_466' title='bbox 3791 3553 3885 3608; x_wconf 85' lang='grc' dir='ltr'>αὐ-</span> 
     </span>
    </p>
   </div>
   <div class='ocr_carea' id='block_1_66' title="bbox 702 3649 2324 3729">
    <p class='ocr_par' dir='ltr' id='par_1_66' title="bbox 702 3658 2240 3727">
     <span class='ocr_line' id='line_1_67' title="bbox 702 3658 2240 3727; baseline -0.009 -1"><span class='ocrx_word' id='word_1_467' title='bbox 702 3681 936 3726; x_wconf 91' lang='lat' dir='ltr'><strong>montem</strong></span> <span class='ocrx_word' id='word_1_468' title='bbox 964 3678 1208 3722; x_wconf 87' lang='lat' dir='ltr'><strong>sanctum</strong></span> <span class='ocrx_word' id='word_1_469' title='bbox 1246 3666 1365 3719; x_wconf 90' lang='lat' dir='ltr'><strong>illos</strong></span> <span class='ocrx_word' id='word_1_470' title='bbox 1386 3664 1695 3727; x_wconf 87' lang='lat' dir='ltr'><strong>adduceret,</strong></span> <span class='ocrx_word' id='word_1_471' title='bbox 1723 3661 1773 3715; x_wconf 92' lang='lat' dir='ltr'><strong>id</strong></span> <span class='ocrx_word' id='word_1_472' title='bbox 1822 3671 1903 3715; x_wconf 88' lang='lat' dir='ltr'><strong>est</strong></span> <span class='ocrx_word' id='word_1_473' title='bbox 1935 3660 2001 3714; x_wconf 89' lang='lat' dir='ltr'><strong>ad</strong></span> <span class='ocrx_word' id='word_1_474' title='bbox 2042 3658 2240 3714; x_wconf 68' lang='lat' dir='ltr'><strong>omium</strong></span> 
     </span>
    </p>
   </div>
   <div class='ocr_carea' id='block_1_67' title="bbox 2264 3649 3886 3729">
    <p class='ocr_par' dir='ltr' id='par_1_67' title="bbox 2339 3649 3886 3729">
     <span class='ocr_line' id='line_1_68' title="bbox 2339 3649 3886 3729; baseline -0.013 -11"><span class='ocrx_word' id='word_1_475' title='bbox 2339 3665 2462 3729; x_wconf 78' lang='grc' dir='ltr'>τοὺς</span> <span class='ocrx_word' id='word_1_476' title='bbox 2481 3664 2570 3717; x_wconf 76' lang='grc' dir='ltr'>καὶ</span> <span class='ocrx_word' id='word_1_477' title='bbox 2586 3663 2663 3725; x_wconf 84' lang='grc' dir='ltr'><strong>εἰς</strong></span> <span class='ocrx_word' id='word_1_478' title='bbox 2694 3660 2753 3714; x_wconf 83' lang='grc' dir='ltr'><strong>τὸ</strong></span> <span class='ocrx_word' id='word_1_479' title='bbox 2778 3659 2925 3727; x_wconf 79' lang='grc' dir='ltr'>ἆγιον</span> <span class='ocrx_word' id='word_1_480' title='bbox 2941 3658 3062 3729; x_wconf 76' lang='grc' dir='ltr'>ὅρος</span> <span class='ocrx_word' id='word_1_481' title='bbox 3113 3655 3348 3723; x_wconf 74' lang='grc' dir='ltr'>εἰσάγειν</span> <span class='ocrx_word' id='word_1_482' title='bbox 3376 3651 3589 3724; x_wconf 74' lang='grc' dir='ltr'>ἔμελλε,</span> <span class='ocrx_word' id='word_1_483' title='bbox 3613 3649 3886 3703; x_wconf 81' lang='grc' dir='ltr'>τουτέστιν</span> 
     </span>
    </p>
   </div>
   <div class='ocr_carea' id='block_1_68' title="bbox 699 3739 2321 3830">
    <p class='ocr_par' dir='ltr' id='par_1_68' title="bbox 699 3752 2240 3830">
     <span class='ocr_line' id='line_1_69' title="bbox 699 3752 2240 3830; baseline -0.008 -15"><span class='ocrx_word' id='word_1_484' title='bbox 699 3774 754 3815; x_wconf 90' lang='lat' dir='ltr'><strong>et</strong></span> <span class='ocrx_word' id='word_1_485' title='bbox 780 3762 845 3816; x_wconf 88' lang='lat' dir='ltr'><strong>ad</strong></span> <span class='ocrx_word' id='word_1_486' title='bbox 880 3774 1142 3830; x_wconf 87' lang='lat' dir='ltr'><strong>supernas</strong></span> <span class='ocrx_word' id='word_1_487' title='bbox 1194 3758 1524 3818; x_wconf 88' lang='lat' dir='ltr'><strong>mansiones,</strong></span> <span class='ocrx_word' id='word_1_488' title='bbox 1557 3770 1675 3825; x_wconf 64' lang='lat' dir='ltr'><strong>qua:</strong></span> <span class='ocrx_word' id='word_1_489' title='bbox 1716 3752 2064 3807; x_wconf 88' lang='lat' dir='ltr'><strong>tabernacula</strong></span> <span class='ocrx_word' id='word_1_490' title='bbox 2096 3767 2240 3804; x_wconf 88' lang='lat' dir='ltr'><strong>nun-</strong></span> 
     </span>
    </p>
   </div>
   <div class='ocr_carea' id='block_1_69' title="bbox 2266 3739 3888 3830">
    <p class='ocr_par' dir='ltr' id='par_1_69' title="bbox 2342 3739 3888 3826">
     <span class='ocr_line' id='line_1_70' title="bbox 2342 3739 3888 3826; baseline -0.013 -15"><span class='ocrx_word' id='word_1_491' title='bbox 2342 3760 2420 3821; x_wconf 87' lang='grc' dir='ltr'><strong>εἰς</strong></span> <span class='ocrx_word' id='word_1_492' title='bbox 2444 3756 2533 3809; x_wconf 83' lang='grc' dir='ltr'>τὸν</span> <span class='ocrx_word' id='word_1_493' title='bbox 2565 3753 2791 3826; x_wconf 85' lang='grc' dir='ltr'>οὐρανὸν</span> <span class='ocrx_word' id='word_1_494' title='bbox 2823 3751 2913 3805; x_wconf 78' lang='grc' dir='ltr'>καὶ</span> <span class='ocrx_word' id='word_1_495' title='bbox 2945 3752 3024 3813; x_wconf 89' lang='grc' dir='ltr'><strong>εἰς</strong></span> <span class='ocrx_word' id='word_1_496' title='bbox 3070 3748 3168 3812; x_wconf 83' lang='grc' dir='ltr'>τὰς</span> <span class='ocrx_word' id='word_1_497' title='bbox 3214 3746 3323 3801; x_wconf 79' lang='grc' dir='ltr'>ἄνω</span> <span class='ocrx_word' id='word_1_498' title='bbox 3355 3743 3538 3817; x_wconf 85' lang='grc' dir='ltr'>μονάς,</span> <span class='ocrx_word' id='word_1_499' title='bbox 3574 3742 3751 3811; x_wconf 76' lang='grc' dir='ltr'>ἇσπερ</span> <span class='ocrx_word' id='word_1_500' title='bbox 3798 3739 3888 3792; x_wconf 81' lang='grc' dir='ltr'>καὶ</span> 
     </span>
    </p>
   </div>
   <div class='ocr_carea' id='block_1_70' title="bbox 700 3835 2322 3923">
    <p class='ocr_par' dir='ltr' id='par_1_70' title="bbox 700 3844 2241 3923">
     <span class='ocr_line' id='line_1_71' title="bbox 700 3844 2241 3923; baseline -0.008 -14"><span class='ocrx_word' id='word_1_501' title='bbox 700 3864 892 3923; x_wconf 91' lang='lat' dir='ltr'><strong>cupat;</strong></span> <span class='ocrx_word' id='word_1_502' title='bbox 924 3867 1131 3907; x_wconf 86' lang='lat' dir='ltr'><strong>necnon</strong></span> <span class='ocrx_word' id='word_1_503' title='bbox 1164 3849 1230 3903; x_wconf 88' lang='lat' dir='ltr'><strong>ad</strong></span> <span class='ocrx_word' id='word_1_504' title='bbox 1252 3848 1531 3919; x_wconf 86' lang='lat' dir='ltr'><strong>spirituale</strong></span> <span class='ocrx_word' id='word_1_505' title='bbox 1560 3847 1727 3901; x_wconf 87' lang='lat' dir='ltr'><strong>altare</strong></span> <span class='ocrx_word' id='word_1_506' title='bbox 1754 3863 1765 3899; x_wconf 89' lang='lat'><strong>:</strong></span> <span class='ocrx_word' id='word_1_507' title='bbox 1824 3844 2060 3898; x_wconf 79' lang='lat' dir='ltr'><strong>futurum</strong></span> <span class='ocrx_word' id='word_1_508' title='bbox 2114 3844 2241 3897; x_wconf 91' lang='lat' dir='ltr'><strong>item</strong></span> 
     </span>
    </p>
   </div>
   <div class='ocr_carea' id='block_1_71' title="bbox 2260 3835 3882 3923">
    <p class='ocr_par' dir='ltr' id='par_1_71' title="bbox 2344 3835 3882 3918">
     <span class='ocr_line' id='line_1_72' title="bbox 2344 3835 3882 3918; baseline -0.01 -17"><span class='ocrx_word' id='word_1_509' title='bbox 2344 3847 2669 3918; x_wconf 84' lang='grc' dir='ltr'>σκηνώματα</span> <span class='ocrx_word' id='word_1_510' title='bbox 2684 3843 2934 3915; x_wconf 75' lang='grc' dir='ltr'>ὀνομάζει</span> <span class='ocrx_word' id='word_1_511' title='bbox 2953 3858 2967 3873; x_wconf 88' lang='grc'><strong>·</strong></span> <span class='ocrx_word' id='word_1_512' title='bbox 2992 3841 3084 3895; x_wconf 69' lang='grc' dir='ltr'>καὶ</span> <span class='ocrx_word' id='word_1_513' title='bbox 3110 3841 3189 3903; x_wconf 83' lang='grc' dir='ltr'><strong>εἰς</strong></span> <span class='ocrx_word' id='word_1_514' title='bbox 3209 3838 3270 3892; x_wconf 78' lang='grc' dir='ltr'><strong>τὸ</strong></span> <span class='ocrx_word' id='word_1_515' title='bbox 3290 3837 3474 3907; x_wconf 81' lang='grc' dir='ltr'>νοητὸν</span> <span class='ocrx_word' id='word_1_516' title='bbox 3491 3835 3882 3905; x_wconf 82' lang='grc' dir='ltr'>θυσιαστήριον·</span> 
     </span>
    </p>
   </div>
   <div class='ocr_carea' id='block_1_72' title="bbox 698 3923 2320 4012">
    <p class='ocr_par' dir='ltr' id='par_1_72' title="bbox 698 3933 2244 4012">
     <span class='ocr_line' id='line_1_73' title="bbox 698 3933 2244 4012; baseline -0.007 -13"><span class='ocrx_word' id='word_1_517' title='bbox 698 3954 813 3999; x_wconf 87' lang='lat' dir='ltr'><strong>erat</strong></span> <span class='ocrx_word' id='word_1_518' title='bbox 852 3953 909 3998; x_wconf 84' lang='grc' dir='ltr'><strong>ιιι</strong></span> <span class='ocrx_word' id='word_1_519' title='bbox 932 3945 1043 4012; x_wconf 85' lang='lat' dir='ltr'><strong>ipse</strong></span> <span class='ocrx_word' id='word_1_520' title='bbox 1064 3940 1356 3995; x_wconf 63' lang='lat' dir='ltr'><strong>laetiﬁcaret</strong></span> <span class='ocrx_word' id='word_1_521' title='bbox 1386 3954 1574 3996; x_wconf 89' lang='lat' dir='ltr'><strong>eorum</strong></span> <span class='ocrx_word' id='word_1_522' title='bbox 1628 3938 1985 4008; x_wconf 84' lang='lat' dir='ltr'><strong>juventutem.</strong></span> <span class='ocrx_word' id='word_1_523' title='bbox 2042 3933 2244 3989; x_wconf 84' lang='lat' dir='ltr'><strong>Juven-</strong></span> 
     </span>
    </p>
   </div>
   <div class='ocr_carea' id='block_1_73' title="bbox 2260 3923 3882 4012">
    <p class='ocr_par' dir='ltr' id='par_1_73' title="bbox 2344 3923 3882 4002">
     <span class='ocr_line' id='line_1_74' title="bbox 2344 3923 3882 4002; baseline -0.012 -11"><span class='ocrx_word' id='word_1_524' title='bbox 2344 3937 2437 3991; x_wconf 74' lang='grc' dir='ltr'>καὶ</span> <span class='ocrx_word' id='word_1_525' title='bbox 2468 3936 2625 3998; x_wconf 83' lang='grc' dir='ltr'>αὐτὸς</span> <span class='ocrx_word' id='word_1_526' title='bbox 2672 3933 2847 3987; x_wconf 88' lang='grc' dir='ltr'>αὐτῶν</span> <span class='ocrx_word' id='word_1_527' title='bbox 2880 3930 3099 4002; x_wconf 77' lang='grc' dir='ltr'>ἔμελλεν</span> <span class='ocrx_word' id='word_1_528' title='bbox 3146 3928 3452 4000; x_wconf 83' lang='grc' dir='ltr'>εὐφραίνειν</span> <span class='ocrx_word' id='word_1_529' title='bbox 3486 3924 3581 3995; x_wconf 75' lang='grc' dir='ltr'>τὴν</span> <span class='ocrx_word' id='word_1_530' title='bbox 3639 3923 3882 3991; x_wconf 82' lang='grc' dir='ltr'>νεότητα.</span> 
     </span>
    </p>
   </div>
   <div class='ocr_carea' id='block_1_74' title="bbox 703 4017 2325 4099">
    <p class='ocr_par' dir='ltr' id='par_1_74' title="bbox 703 4032 2240 4099">
     <span class='ocr_line' id='line_1_75' title="bbox 703 4032 2240 4099; baseline -0.006 -9"><span class='ocrx_word' id='word_1_531' title='bbox 703 4045 867 4090; x_wconf 89' lang='lat' dir='ltr'><strong>tutem</strong></span> <span class='ocrx_word' id='word_1_532' title='bbox 903 4045 1081 4088; x_wconf 76' lang='lat' dir='ltr'><strong>autem</strong></span> <span class='ocrx_word' id='word_1_533' title='bbox 1114 4042 1268 4087; x_wconf 87' lang='lat' dir='ltr'><strong>vocat</strong></span> <span class='ocrx_word' id='word_1_534' title='bbox 1295 4032 1533 4085; x_wconf 78' lang='lat' dir='ltr'><strong>laetitiam</strong></span> <span class='ocrx_word' id='word_1_535' title='bbox 1567 4045 1688 4099; x_wconf 71' lang='lat' dir='ltr'><strong>qua:</strong></span> <span class='ocrx_word' id='word_1_536' title='bbox 1709 4038 1762 4083; x_wconf 91' lang='lat' dir='ltr'><strong>et</strong></span> <span class='ocrx_word' id='word_1_537' title='bbox 1789 4037 2009 4083; x_wconf 83' lang='lat' dir='ltr'><strong>renovat</strong></span> <span class='ocrx_word' id='word_1_538' title='bbox 2050 4042 2240 4082; x_wconf 90' lang='lat' dir='ltr'><strong>eorum</strong></span> 
     </span>
    </p>
   </div>
   <div class='ocr_carea' id='block_1_75' title="bbox 2263 4017 3885 4099">
    <p class='ocr_par' dir='ltr' id='par_1_75' title="bbox 2344 4017 3885 4099">
     <span class='ocr_line' id='line_1_76' title="bbox 2344 4017 3885 4099; baseline -0.011 -16"><span class='ocrx_word' id='word_1_539' title='bbox 2344 4029 2585 4099; x_wconf 88' lang='grc' dir='ltr'>Νεότητα</span> <span class='ocrx_word' id='word_1_540' title='bbox 2609 4026 2664 4079; x_wconf 86' lang='grc' dir='ltr'><strong>δέ</strong></span> <span class='ocrx_word' id='word_1_541' title='bbox 2697 4025 2849 4079; x_wconf 76' lang='grc' dir='ltr'>καλεῖ</span> <span class='ocrx_word' id='word_1_542' title='bbox 2871 4024 2966 4094; x_wconf 80' lang='grc' dir='ltr'>τὴν</span> <span class='ocrx_word' id='word_1_543' title='bbox 2998 4020 3350 4095; x_wconf 84' lang='grc' dir='ltr'>εὐφροσύνην,</span> <span class='ocrx_word' id='word_1_544' title='bbox 3384 4020 3481 4089; x_wconf 78' lang='grc' dir='ltr'>τὴν</span> <span class='ocrx_word' id='word_1_545' title='bbox 3514 4017 3606 4071; x_wconf 80' lang='grc' dir='ltr'>καὶ</span> <span class='ocrx_word' id='word_1_546' title='bbox 3636 4017 3885 4069; x_wconf 88' lang='grc' dir='ltr'>άνανεου-</span> 
     </span>
    </p>
   </div>
   <div class='ocr_carea' id='block_1_76' title="bbox 702 4106 2324 4193">
    <p class='ocr_par' dir='ltr' id='par_1_76' title="bbox 702 4118 2244 4190">
     <span class='ocr_line' id='line_1_77' title="bbox 702 4118 2244 4190; baseline -0.003 -13"><span class='ocrx_word' id='word_1_547' title='bbox 702 4138 955 4178; x_wconf 79' lang='lat' dir='ltr'><strong>animam.</strong></span> <span class='ocrx_word' id='word_1_548' title='bbox 985 4121 1161 4189; x_wconf 88' lang='lat' dir='ltr'><strong>Quare</strong></span> <span class='ocrx_word' id='word_1_549' title='bbox 1187 4122 1242 4176; x_wconf 92' lang='lat' dir='ltr'><strong>in</strong></span> <span class='ocrx_word' id='word_1_550' title='bbox 1306 4121 1511 4176; x_wconf 84' lang='lat' dir='ltr'><strong>cithara</strong></span> <span class='ocrx_word' id='word_1_551' title='bbox 1554 4120 1875 4190; x_wconf 89' lang='lat' dir='ltr'><strong>pollicentur</strong></span> <span class='ocrx_word' id='word_1_552' title='bbox 1908 4134 1967 4174; x_wconf 86' lang='lat' dir='ltr'><strong>se</strong></span> <span class='ocrx_word' id='word_1_553' title='bbox 2014 4118 2089 4172; x_wconf 92' lang='lat' dir='ltr'><strong>illi</strong></span> <span class='ocrx_word' id='word_1_554' title='bbox 2117 4133 2244 4173; x_wconf 82' lang='lat' dir='ltr'><strong>con-</strong></span> 
     </span>
    </p>
   </div>
   <div class='ocr_carea' id='block_1_77' title="bbox 2266 4106 3888 4193">
    <p class='ocr_par' dir='ltr' id='par_1_77' title="bbox 2346 4106 3888 4193">
     <span class='ocr_line' id='line_1_78' title="bbox 2346 4106 3888 4193; baseline -0.012 -19"><span class='ocrx_word' id='word_1_555' title='bbox 2346 4120 2510 4193; x_wconf 86' lang='grc' dir='ltr'>μένην</span> <span class='ocrx_word' id='word_1_556' title='bbox 2562 4118 2736 4172; x_wconf 84' lang='grc' dir='ltr'>αὐτῶν</span> <span class='ocrx_word' id='word_1_557' title='bbox 2769 4118 2866 4187; x_wconf 82' lang='grc' dir='ltr'>τὴν</span> <span class='ocrx_word' id='word_1_558' title='bbox 2906 4115 3100 4185; x_wconf 78' lang='grc' dir='ltr'>ψυχήν.</span> <span class='ocrx_word' id='word_1_559' title='bbox 3149 4113 3237 4165; x_wconf 84' lang='grc' dir='ltr'><strong>Διὸ</strong></span> <span class='ocrx_word' id='word_1_560' title='bbox 3276 4112 3367 4163; x_wconf 72' lang='grc' dir='ltr'>καὶ</span> <span class='ocrx_word' id='word_1_561' title='bbox 3435 4111 3491 4161; x_wconf 86' lang='grc' dir='ltr'><strong>ἐν</strong></span> <span class='ocrx_word' id='word_1_562' title='bbox 3528 4106 3725 4177; x_wconf 76' lang='grc' dir='ltr'>κιθάρᾳ</span> <span class='ocrx_word' id='word_1_563' title='bbox 3788 4106 3888 4158; x_wconf 87' lang='grc' dir='ltr'>ὐπ-</span> 
     </span>
    </p>
   </div>
   <div class='ocr_carea' id='block_1_78' title="bbox 701 4196 2323 4282">
    <p class='ocr_par' dir='ltr' id='par_1_78' title="bbox 701 4208 2241 4279">
     <span class='ocr_line' id='line_1_79' title="bbox 701 4208 2241 4279; baseline -0.004 -11"><span class='ocrx_word' id='word_1_564' title='bbox 701 4214 987 4271; x_wconf 74' lang='lat' dir='ltr'><strong>fessionem</strong></span> <span class='ocrx_word' id='word_1_565' title='bbox 1028 4213 1324 4267; x_wconf 83' lang='lat' dir='ltr'><strong>oblaturos.</strong></span> <span class='ocrx_word' id='word_1_566' title='bbox 1384 4209 1536 4279; x_wconf 67' lang='lat' dir='ltr'><strong>Saepe</strong></span> <span class='ocrx_word' id='word_1_567' title='bbox 1581 4219 1759 4265; x_wconf 86' lang='lat' dir='ltr'><strong>autem</strong></span> <span class='ocrx_word' id='word_1_568' title='bbox 1796 4208 2109 4263; x_wconf 88' lang='lat' dir='ltr'><strong>monuimus</strong></span> <span class='ocrx_word' id='word_1_569' title='bbox 2161 4208 2241 4263; x_wconf 77' lang='lat' dir='ltr'><strong>ci-</strong></span> 
     </span>
    </p>
   </div>
   <div class='ocr_carea' id='block_1_79' title="bbox 2268 4196 3890 4282">
    <p class='ocr_par' dir='ltr' id='par_1_79' title="bbox 2347 4196 3890 4282">
     <span class='ocr_line' id='line_1_80' title="bbox 2347 4196 3890 4282; baseline -0.011 -17"><span class='ocrx_word' id='word_1_570' title='bbox 2347 4210 2645 4282; x_wconf 81' lang='grc' dir='ltr'>ισχνοῦνται</span> <span class='ocrx_word' id='word_1_571' title='bbox 2674 4207 2817 4279; x_wconf 80' lang='grc' dir='ltr'>αὐτῷ</span> <span class='ocrx_word' id='word_1_572' title='bbox 2833 4205 3155 4279; x_wconf 81' lang='grc' dir='ltr'>προσφέρειν</span> <span class='ocrx_word' id='word_1_573' title='bbox 3180 4203 3276 4274; x_wconf 82' lang='grc' dir='ltr'>τὴν</span> <span class='ocrx_word' id='word_1_574' title='bbox 3304 4200 3698 4272; x_wconf 82' lang='grc' dir='ltr'>ἐξομολόγησιν.</span> <span class='ocrx_word' id='word_1_575' title='bbox 3725 4196 3890 4250; x_wconf 82' lang='grc' dir='ltr'>Κιθά-</span> 
     </span>
    </p>
   </div>
   <div class='ocr_carea' id='block_1_80' title="bbox 703 4292 2325 4375">
    <p class='ocr_par' dir='ltr' id='par_1_80' title="bbox 703 4302 1963 4373">
     <span class='ocr_line' id='line_1_81' title="bbox 703 4302 1963 4373; baseline -0.005 -11"><span class='ocrx_word' id='word_1_576' title='bbox 703 4309 867 4362; x_wconf 76' lang='lat' dir='ltr'><strong>thara:</strong></span> <span class='ocrx_word' id='word_1_577' title='bbox 909 4308 1127 4361; x_wconf 88' lang='lat' dir='ltr'><strong>nomine</strong></span> <span class='ocrx_word' id='word_1_578' title='bbox 1155 4320 1353 4373; x_wconf 89' lang='lat' dir='ltr'><strong>corpus</strong></span> <span class='ocrx_word' id='word_1_579' title='bbox 1380 4319 1501 4357; x_wconf 90' lang='lat' dir='ltr'><strong>esse</strong></span> <span class='ocrx_word' id='word_1_580' title='bbox 1534 4302 1963 4372; x_wconf 87' lang='lat' dir='ltr'><strong>intelligendum.</strong></span> 
     </span>
    </p>
   </div>
   <div class='ocr_carea' id='block_1_81' title="bbox 1987 4292 3609 4375">
    <p class='ocr_par' dir='ltr' id='par_1_81' title="bbox 2347 4292 3609 4375">
     <span class='ocr_line' id='line_1_82' title="bbox 2347 4292 3609 4375; baseline -0.009 -20"><span class='ocrx_word' id='word_1_581' title='bbox 2347 4320 2442 4375; x_wconf 88' lang='grc' dir='ltr'><strong>ραν</strong></span> <span class='ocrx_word' id='word_1_582' title='bbox 2465 4302 2519 4353; x_wconf 86' lang='grc' dir='ltr'>δὲ</span> <span class='ocrx_word' id='word_1_583' title='bbox 2546 4299 2803 4360; x_wconf 84' lang='grc' dir='ltr'>πολλάκις</span> <span class='ocrx_word' id='word_1_584' title='bbox 2836 4296 2896 4349; x_wconf 84' lang='grc' dir='ltr'>τὸ</span> <span class='ocrx_word' id='word_1_585' title='bbox 2923 4296 3082 4365; x_wconf 86' lang='grc' dir='ltr'>σῶμα</span> <span class='ocrx_word' id='word_1_586' title='bbox 3108 4298 3247 4348; x_wconf 89' lang='grc' dir='ltr'>νοεῖν</span> <span class='ocrx_word' id='word_1_587' title='bbox 3280 4292 3609 4362; x_wconf 78' lang='grc' dir='ltr'>ἐδιδάξαμεν.</span> 
     </span>
    </p>
   </div>
   <div class='ocr_carea' id='block_1_82' title="bbox 878 4383 2500 4468">
    <p class='ocr_par' dir='ltr' id='par_1_82' title="bbox 878 4394 2496 4468">
     <span class='ocr_line' id='line_1_83' title="bbox 878 4394 2496 4468; baseline -0.006 -16"><span class='ocrx_word' id='word_1_588' title='bbox 878 4399 943 4453; x_wconf 89' lang='lat' dir='ltr'><strong><em>In</em></strong></span> <span class='ocrx_word' id='word_1_589' title='bbox 994 4400 1148 4468; x_wconf 79' lang='lat' dir='ltr'><strong>ﬁnem</strong></span> <span class='ocrx_word' id='word_1_590' title='bbox 1195 4396 1320 4466; x_wconf 80' lang='lat' dir='ltr'><strong>ﬁliis</strong></span> <span class='ocrx_word' id='word_1_591' title='bbox 1370 4394 1501 4450; x_wconf 87' lang='lat' dir='ltr'><strong>Core</strong></span> <span class='ocrx_word' id='word_1_592' title='bbox 1547 4396 1615 4447; x_wconf 86' lang='lat' dir='ltr'><strong>ad</strong></span> <span class='ocrx_word' id='word_1_593' title='bbox 1643 4394 2064 4464; x_wconf 82' lang='lat' dir='ltr'><strong>intelligentiam.</strong></span> <span class='ocrx_word' id='word_1_594' title='bbox 2453 4394 2496 4443; x_wconf 85' lang='lat' dir='ltr'><strong><em>E</em></strong></span> 
     </span>
    </p>
   </div>
   <div class='ocr_carea' id='block_1_83' title="bbox 2161 4383 3783 4468">
    <p class='ocr_par' dir='ltr' id='par_1_83' title="bbox 2453 4383 3783 4457">
     <span class='ocr_line' id='line_1_84' title="bbox 2453 4383 3783 4457; baseline -0.007 -13"><span class='ocrx_word' id='word_1_595' title='bbox 2453 4394 2552 4457; x_wconf 79' lang='grc' dir='ltr'>Εἰς</span> <span class='ocrx_word' id='word_1_596' title='bbox 2580 4388 2646 4443; x_wconf 86' lang='grc' dir='ltr'>τὸ</span> <span class='ocrx_word' id='word_1_597' title='bbox 2670 4387 2842 4455; x_wconf 74' lang='grc' dir='ltr'>τέλος</span> <span class='ocrx_word' id='word_1_598' title='bbox 2870 4386 2993 4453; x_wconf 84' lang='grc' dir='ltr'>τοῖς</span> <span class='ocrx_word' id='word_1_599' title='bbox 3024 4386 3173 4451; x_wconf 76' lang='grc' dir='ltr'>υἱοῖς</span> <span class='ocrx_word' id='word_1_600' title='bbox 3212 4385 3361 4452; x_wconf 81' lang='grc' dir='ltr'>Κορὲ</span> <span class='ocrx_word' id='word_1_601' title='bbox 3400 4387 3486 4450; x_wconf 82' lang='grc' dir='ltr'><strong>εἰς</strong></span> <span class='ocrx_word' id='word_1_602' title='bbox 3513 4383 3783 4436; x_wconf 85' lang='grc' dir='ltr'>σύνεσιν.</span> 
     </span>
    </p>
   </div>
   <div class='ocr_carea' id='block_1_84' title="bbox 1186 4480 2808 4542">
    <p class='ocr_par' dir='ltr' id='par_1_84' title="bbox 1186 4483 1763 4542">
     <span class='ocr_line' id='line_1_85' title="bbox 1186 4483 1763 4542; baseline -0.007 0"><span class='ocrx_word' id='word_1_603' title='bbox 1186 4484 1519 4542; x_wconf 80' lang='lat' dir='ltr'><strong>I’SALMUS</strong></span> <span class='ocrx_word' id='word_1_604' title='bbox 1545 4483 1763 4539; x_wconf 81' lang='lat' dir='ltr'><strong><em>XLIII.</em></strong></span> 
     </span>
    </p>
   </div>
   <div class='ocr_carea' id='block_1_85' title="bbox 1755 4480 3377 4542">
    <p class='ocr_par' dir='ltr' id='par_1_85' title="bbox 1755 4480 3377 4538">
     <span class='ocr_line' id='line_1_86' title="bbox 1755 4480 3377 4538; baseline -0.005 0"><span class='ocrx_word' id='word_1_605' title='bbox 1755 4525 1763 4538; x_wconf 95' lang='lat'><strong>.</strong></span> <span class='ocrx_word' id='word_1_606' title='bbox 2872 4482 3177 4534; x_wconf 79' lang='grc' dir='ltr'><strong>ΨΑΛΜΟΣ</strong></span> <span class='ocrx_word' id='word_1_607' title='bbox 3240 4480 3377 4532; x_wconf 72' lang='lat' dir='ltr'><strong>M1&quot;.</strong></span> 
     </span>
    </p>
   </div>
   <div class='ocr_carea' id='block_1_86' title="bbox 1278 4571 2900 4647">
    <p class='ocr_par' dir='ltr' id='par_1_86' title="bbox 1278 4577 2318 4647">
     <span class='ocr_line' id='line_1_87' title="bbox 1278 4577 2318 4647; baseline -0.008 -18"><span class='ocrx_word' id='word_1_608' title='bbox 1278 4577 1673 4647; x_wconf 81' lang='lat' dir='ltr'><strong>Argumentum.</strong></span> <span class='ocrx_word' id='word_1_609' title='bbox 2274 4578 2318 4634; x_wconf 82' lang='grc' dir='ltr'>ι)</span> 
     </span>
    </p>
   </div>
   <div class='ocr_carea' id='block_1_87' title="bbox 1660 4571 3282 4647">
    <p class='ocr_par' dir='ltr' id='par_1_87' title="bbox 1661 4571 3282 4636">
     <span class='ocr_line' id='line_1_88' title="bbox 1661 4571 3282 4636; baseline -0.001 -10"><span class='ocrx_word' id='word_1_610' title='bbox 1661 4613 1673 4626; x_wconf 93' lang='grc'><strong>.</strong></span> <span class='ocrx_word' id='word_1_611' title='bbox 2274 4578 2318 4634; x_wconf 85' lang='grc'><strong>1)</strong></span> <span class='ocrx_word' id='word_1_612' title='bbox 2964 4571 3282 4636; x_wconf 81' lang='grc' dir='ltr'>Ὑπόθεσις.</span> 
     </span>
    </p>
   </div>
   <div class='ocr_carea' id='block_1_88' title="bbox 727 4657 2349 4740">
    <p class='ocr_par' dir='ltr' id='par_1_88' title="bbox 727 4663 2239 4740">
     <span class='ocr_line' id='line_1_89' title="bbox 727 4663 2239 4740; baseline -0.007 -15"><span class='ocrx_word' id='word_1_613' title='bbox 727 4673 826 4727; x_wconf 79' lang='lat' dir='ltr'><strong>Hic</strong></span> <span class='ocrx_word' id='word_1_614' title='bbox 852 4684 1069 4740; x_wconf 79' lang='lat' dir='ltr'><strong>quoque</strong></span> <span class='ocrx_word' id='word_1_615' title='bbox 1122 4668 1362 4738; x_wconf 89' lang='lat' dir='ltr'><strong>psalmus</strong></span> <span class='ocrx_word' id='word_1_616' title='bbox 1407 4666 1581 4721; x_wconf 89' lang='lat' dir='ltr'><strong>eidem</strong></span> <span class='ocrx_word' id='word_1_617' title='bbox 1643 4671 1960 4735; x_wconf 84' lang='lat' dir='ltr'><strong>argumento</strong></span> <span class='ocrx_word' id='word_1_618' title='bbox 2009 4663 2239 4729; x_wconf 86' lang='lat' dir='ltr'><strong>insistit;</strong></span> 
     </span>
    </p>
   </div>
   <div class='ocr_carea' id='block_1_89' title="bbox 2269 4657 3891 4740">
    <p class='ocr_par' dir='ltr' id='par_1_89' title="bbox 2352 4657 3891 4739">
     <span class='ocr_line' id='line_1_90' title="bbox 2352 4657 3891 4739; baseline -0.006 -19"><span class='ocrx_word' id='word_1_619' title='bbox 2352 4667 2485 4739; x_wconf 82' lang='lat' dir='ltr'><strong>[Kal</strong></span> <span class='ocrx_word' id='word_1_620' title='bbox 2512 4665 2592 4718; x_wconf 79' lang='grc' dir='ltr'><strong>ἐτι</strong></span> <span class='ocrx_word' id='word_1_621' title='bbox 2623 4658 2774 4728; x_wconf 73' lang='grc' dir='ltr'>οὗτος</span> <span class='ocrx_word' id='word_1_622' title='bbox 2786 4681 2883 4734; x_wconf 89' lang='grc' dir='ltr'><strong>της</strong></span> <span class='ocrx_word' id='word_1_623' title='bbox 2911 4662 3080 4733; x_wconf 81' lang='grc' dir='ltr'>αὐτῆς</span> <span class='ocrx_word' id='word_1_624' title='bbox 3101 4661 3404 4725; x_wconf 83' lang='grc' dir='ltr'>ὑποθέσεως</span> <span class='ocrx_word' id='word_1_625' title='bbox 3431 4659 3609 4731; x_wconf 76' lang='grc' dir='ltr'>ἔχεται</span> <span class='ocrx_word' id='word_1_626' title='bbox 3628 4674 3641 4689; x_wconf 82' lang='grc'><em>’</em></span> <span class='ocrx_word' id='word_1_627' title='bbox 3672 4657 3769 4720; x_wconf 85' lang='grc' dir='ltr'><strong>τὰς</strong></span> <span class='ocrx_word' id='word_1_628' title='bbox 3794 4673 3891 4710; x_wconf 78' lang='grc' dir='ltr'>πα-</span> 
     </span>
    </p>
   </div>
   <div class='ocr_carea' id='block_1_90' title="bbox 767 4749 2389 4833">
    <p class='ocr_par' dir='ltr' id='par_1_90' title="bbox 767 4756 2241 4833">
     <span class='ocr_line' id='line_1_91' title="bbox 767 4756 2241 4833; baseline -0.006 -16"><span class='ocrx_word' id='word_1_629' title='bbox 767 4772 953 4833; x_wconf 85' lang='lat' dir='ltr'><strong>estqne</strong></span> <span class='ocrx_word' id='word_1_630' title='bbox 970 4760 1273 4822; x_wconf 87' lang='lat' dir='ltr'><strong>hominum,</strong></span> <span class='ocrx_word' id='word_1_631' title='bbox 1302 4757 1393 4829; x_wconf 87' lang='lat' dir='ltr'><strong>qui</strong></span> <span class='ocrx_word' id='word_1_632' title='bbox 1417 4758 1638 4827; x_wconf 87' lang='lat' dir='ltr'><strong>antiqua</strong></span> <span class='ocrx_word' id='word_1_633' title='bbox 1660 4756 1919 4811; x_wconf 86' lang='lat' dir='ltr'><strong>beneﬁcia</strong></span> <span class='ocrx_word' id='word_1_634' title='bbox 1938 4763 2241 4817; x_wconf 88' lang='lat' dir='ltr'><strong>recensent,</strong></span> 
     </span>
    </p>
   </div>
   <div class='ocr_carea' id='block_1_91' title="bbox 2272 4749 3894 4833">
    <p class='ocr_par' dir='ltr' id='par_1_91' title="bbox 2422 4749 3894 4830">
     <span class='ocr_line' id='line_1_92' title="bbox 2422 4749 3894 4830; baseline -0.007 -19"><span class='ocrx_word' id='word_1_635' title='bbox 2422 4757 2577 4820; x_wconf 84' lang='grc' dir='ltr'>λαιὰς</span> <span class='ocrx_word' id='word_1_636' title='bbox 2613 4757 2923 4830; x_wconf 86' lang='grc' dir='ltr'>εὐεργεσίας</span> <span class='ocrx_word' id='word_1_637' title='bbox 2954 4754 3317 4825; x_wconf 78' lang='grc' dir='ltr'>διηγουμένων</span> <span class='ocrx_word' id='word_1_638' title='bbox 3336 4793 3350 4818; x_wconf 88' lang='grc'><em>,</em></span> <span class='ocrx_word' id='word_1_639' title='bbox 3374 4753 3465 4806; x_wconf 73' lang='grc' dir='ltr'>καὶ</span> <span class='ocrx_word' id='word_1_640' title='bbox 3496 4749 3894 4824; x_wconf 79' lang='grc' dir='ltr'>προσληφθῆναι</span> 
     </span>
    </p>
   </div>
   <div class='ocr_carea' id='block_1_92' title="bbox 774 4842 2396 4921">
    <p class='ocr_par' dir='ltr' id='par_1_92' title="bbox 774 4846 2239 4921">
     <span class='ocr_line' id='line_1_93' title="bbox 774 4846 2239 4921; baseline -0.007 -13"><span class='ocrx_word' id='word_1_641' title='bbox 774 4864 829 4909; x_wconf 88' lang='lat' dir='ltr'><strong>et</strong></span> <span class='ocrx_word' id='word_1_642' title='bbox 859 4851 1063 4907; x_wconf 87' lang='lat' dir='ltr'><strong>assumi</strong></span> <span class='ocrx_word' id='word_1_643' title='bbox 1086 4849 1382 4921; x_wconf 87' lang='lat' dir='ltr'><strong>postulant,</strong></span> <span class='ocrx_word' id='word_1_644' title='bbox 1412 4848 1539 4917; x_wconf 89' lang='lat' dir='ltr'><strong>quia</strong></span> <span class='ocrx_word' id='word_1_645' title='bbox 1566 4848 1741 4917; x_wconf 86' lang='lat' dir='ltr'><strong>ipsum</strong></span> <span class='ocrx_word' id='word_1_646' title='bbox 1769 4846 2056 4901; x_wconf 90' lang='lat' dir='ltr'><strong>Dominum</strong></span> <span class='ocrx_word' id='word_1_647' title='bbox 2088 4861 2239 4914; x_wconf 88' lang='lat' dir='ltr'><strong>spem</strong></span> 
     </span>
    </p>
   </div>
   <div class='ocr_carea' id='block_1_93' title="bbox 2270 4842 3892 4921">
    <p class='ocr_par' dir='ltr' id='par_1_93' title="bbox 2419 4842 3892 4917">
     <span class='ocr_line' id='line_1_94' title="bbox 2419 4842 3892 4917; baseline -0.005 -15"><span class='ocrx_word' id='word_1_648' title='bbox 2419 4848 2710 4916; x_wconf 81' lang='grc' dir='ltr'>ἀξιούντων</span> <span class='ocrx_word' id='word_1_649' title='bbox 2742 4847 2828 4902; x_wconf 83' lang='grc' dir='ltr'><strong>διὰ</strong></span> <span class='ocrx_word' id='word_1_650' title='bbox 2857 4847 2948 4901; x_wconf 80' lang='grc' dir='ltr'><strong>τοῦ</strong></span> <span class='ocrx_word' id='word_1_651' title='bbox 2977 4847 3134 4901; x_wconf 78' lang='grc' dir='ltr'>αὐτὸν</span> <span class='ocrx_word' id='word_1_652' title='bbox 3156 4843 3545 4917; x_wconf 86' lang='grc' dir='ltr'>ἐπιγράφεσθαι</span> <span class='ocrx_word' id='word_1_653' title='bbox 3567 4842 3664 4912; x_wconf 81' lang='grc' dir='ltr'><strong>τὴν</strong></span> <span class='ocrx_word' id='word_1_654' title='bbox 3690 4842 3892 4901; x_wconf 67' lang='grc' dir='ltr'>ἐλπίδα,</span> 
     </span>
    </p>
   </div>
   <div class='ocr_carea' id='block_1_94' title="bbox 788 4934 2410 5012">
    <p class='ocr_par' dir='ltr' id='par_1_94' title="bbox 788 4938 2242 5012">
     <span class='ocr_line' id='line_1_95' title="bbox 788 4938 2242 5012; baseline -0.006 -12"><span class='ocrx_word' id='word_1_655' title='bbox 788 4945 891 5000; x_wconf 90' lang='lat' dir='ltr'><strong>sibi</strong></span> <span class='ocrx_word' id='word_1_656' title='bbox 943 4943 1331 5012; x_wconf 88' lang='lat' dir='ltr'><strong>ascripserunt,</strong></span> <span class='ocrx_word' id='word_1_657' title='bbox 1368 4947 1420 4994; x_wconf 89' lang='lat' dir='ltr'><strong>et</strong></span> <span class='ocrx_word' id='word_1_658' title='bbox 1448 4940 1500 4993; x_wconf 91' lang='lat' dir='ltr'><strong>in</strong></span> <span class='ocrx_word' id='word_1_659' title='bbox 1524 4939 1739 4994; x_wconf 90' lang='lat' dir='ltr'><strong>nomine</strong></span> <span class='ocrx_word' id='word_1_660' title='bbox 1764 4940 1880 5009; x_wconf 87' lang='lat' dir='ltr'><strong>ejus</strong></span> <span class='ocrx_word' id='word_1_661' title='bbox 1898 4938 2242 4993; x_wconf 87' lang='lat' dir='ltr'><strong>conﬁtentur.</strong></span> 
     </span>
    </p>
   </div>
   <div class='ocr_carea' id='block_1_95' title="bbox 2015 4934 3637 5012">
    <p class='ocr_par' dir='ltr' id='par_1_95' title="bbox 2015 4934 3637 5011">
     <span class='ocr_line' id='line_1_96' title="bbox 2015 4934 3637 5011; baseline -0.004 -19"><span class='ocrx_word' id='word_1_662' title='bbox 2015 4938 2242 4993; x_wconf 72' lang='lat' dir='ltr'><strong>ﬁtentur.</strong></span> <span class='ocrx_word' id='word_1_663' title='bbox 2424 4941 2515 4994; x_wconf 69' lang='grc' dir='ltr'>καὶ</span> <span class='ocrx_word' id='word_1_664' title='bbox 2537 4941 2628 4993; x_wconf 77' lang='grc' dir='ltr'>ἐπὶ</span> <span class='ocrx_word' id='word_1_665' title='bbox 2651 4939 2728 5009; x_wconf 83' lang='grc' dir='ltr'>τῷ</span> <span class='ocrx_word' id='word_1_666' title='bbox 2751 4939 2973 5011; x_wconf 86' lang='grc' dir='ltr'>ὀνόματι</span> <span class='ocrx_word' id='word_1_667' title='bbox 2996 4937 3157 4991; x_wconf 80' lang='grc' dir='ltr'>αὐτοῦ</span> <span class='ocrx_word' id='word_1_668' title='bbox 3189 4934 3637 5008; x_wconf 79' lang='grc' dir='ltr'>ἐξομολογεῖσθαι.</span> 
     </span>
    </p>
   </div>
   <div class='ocr_carea' id='block_1_96' title="bbox 776 5024 2398 5104">
    <p class='ocr_par' dir='ltr' id='par_1_96' title="bbox 776 5032 2249 5104">
     <span class='ocr_line' id='line_1_97' title="bbox 776 5032 2249 5104; baseline 0 -15"><span class='ocrx_word' id='word_1_669' title='bbox 776 5036 1069 5090; x_wconf 80' lang='lat' dir='ltr'><strong>Humiliata</strong></span> <span class='ocrx_word' id='word_1_670' title='bbox 1126 5047 1199 5089; x_wconf 87' lang='lat' dir='ltr'><strong>est</strong></span> <span class='ocrx_word' id='word_1_671' title='bbox 1239 5036 1293 5089; x_wconf 84' lang='lat' dir='ltr'><strong>in</strong></span> <span class='ocrx_word' id='word_1_672' title='bbox 1319 5035 1523 5104; x_wconf 80' lang='lat' dir='ltr'><strong>puluere</strong></span> <span class='ocrx_word' id='word_1_673' title='bbox 1568 5034 1745 5087; x_wconf 88' lang='lat' dir='ltr'><strong>anima</strong></span> <span class='ocrx_word' id='word_1_674' title='bbox 1800 5042 2003 5088; x_wconf 89' lang='lat' dir='ltr'><strong>nostra.</strong></span> <span class='ocrx_word' id='word_1_675' title='bbox 2058 5032 2135 5089; x_wconf 87' lang='lat' dir='ltr'><strong>ita</strong></span> <span class='ocrx_word' id='word_1_676' title='bbox 2170 5035 2249 5089; x_wconf 88' lang='lat' dir='ltr'><strong>lo-</strong></span> 
     </span>
    </p>
   </div>
   <div class='ocr_carea' id='block_1_97' title="bbox 2275 5024 3897 5104">
    <p class='ocr_par' dir='ltr' id='par_1_97' title="bbox 2438 5024 3897 5099">
     <span class='ocr_line' id='line_1_98' title="bbox 2438 5024 3897 5099; baseline -0.006 -14"><span class='ocrx_word' id='word_1_677' title='bbox 2438 5029 2819 5099; x_wconf 82' lang='grc' dir='ltr'>Ἐταπεινώθη</span> <span class='ocrx_word' id='word_1_678' title='bbox 2850 5033 2937 5096; x_wconf 82' lang='grc' dir='ltr'><strong>εἰς</strong></span> <span class='ocrx_word' id='word_1_679' title='bbox 2965 5030 3116 5098; x_wconf 81' lang='grc' dir='ltr'>χοῦν</span> <span class='ocrx_word' id='word_1_680' title='bbox 3141 5031 3179 5099; x_wconf 75' lang='grc' dir='ltr'><strong><em>ἡ</em></strong></span> <span class='ocrx_word' id='word_1_681' title='bbox 3204 5029 3373 5098; x_wconf 71' lang='grc' dir='ltr'>ψυχὴ</span> <span class='ocrx_word' id='word_1_682' title='bbox 3402 5027 3586 5098; x_wconf 74' lang='grc' dir='ltr'>ἡμῶν.</span> <span class='ocrx_word' id='word_1_683' title='bbox 3618 5024 3773 5079; x_wconf 79' lang='grc' dir='ltr'>Οὕτω</span> <span class='ocrx_word' id='word_1_684' title='bbox 3800 5042 3897 5093; x_wconf 89' lang='grc' dir='ltr'>φα-</span> 
     </span>
    </p>
   </div>
   <div class='ocr_carea' id='block_1_98' title="bbox 703 5114 2325 5201">
    <p class='ocr_par' dir='ltr' id='par_1_98' title="bbox 703 5125 2246 5201">
     <span class='ocr_line' id='line_1_99' title="bbox 703 5125 2246 5201; baseline -0.003 -17"><span class='ocrx_word' id='word_1_685' title='bbox 703 5138 966 5201; x_wconf 88' lang='lat' dir='ltr'><strong>quuntur,</strong></span> <span class='ocrx_word' id='word_1_686' title='bbox 990 5128 1082 5198; x_wconf 92' lang='lat' dir='ltr'><strong>qui</strong></span> <span class='ocrx_word' id='word_1_687' title='bbox 1124 5128 1328 5196; x_wconf 89' lang='lat' dir='ltr'><strong>depulsi</strong></span> <span class='ocrx_word' id='word_1_688' title='bbox 1372 5142 1399 5179; x_wconf 90' lang='lat' dir='ltr'><strong>a</strong></span> <span class='ocrx_word' id='word_1_689' title='bbox 1433 5140 1593 5180; x_wconf 86' lang='lat' dir='ltr'><strong>sensu</strong></span> <span class='ocrx_word' id='word_1_690' title='bbox 1639 5139 1827 5179; x_wconf 88' lang='lat' dir='ltr'><strong>eorum</strong></span> <span class='ocrx_word' id='word_1_691' title='bbox 1870 5140 1991 5194; x_wconf 62' lang='lat' dir='ltr'><strong>quae</strong></span> <span class='ocrx_word' id='word_1_692' title='bbox 2042 5125 2246 5181; x_wconf 81' lang='lat' dir='ltr'><strong>Christi</strong></span> 
     </span>
    </p>
   </div>
   <div class='ocr_carea' id='block_1_99' title="bbox 2276 5114 3898 5201">
    <p class='ocr_par' dir='ltr' id='par_1_99' title="bbox 2358 5114 3898 5194">
     <span class='ocr_line' id='line_1_100' title="bbox 2358 5114 3898 5194; baseline -0.007 -17"><span class='ocrx_word' id='word_1_693' title='bbox 2358 5125 2441 5179; x_wconf 79' lang='lat' dir='ltr'><strong>olv</strong></span> <span class='ocrx_word' id='word_1_694' title='bbox 2485 5124 2691 5194; x_wconf 82' lang='grc' dir='ltr'>ἐπειδὴ,</span> <span class='ocrx_word' id='word_1_695' title='bbox 2752 5123 3097 5193; x_wconf 78' lang='grc' dir='ltr'>ἀπωσάμενοι</span> <span class='ocrx_word' id='word_1_696' title='bbox 3154 5124 3367 5193; x_wconf 81' lang='grc' dir='ltr'>φρονεῖν</span> <span class='ocrx_word' id='word_1_697' title='bbox 3409 5119 3479 5172; x_wconf 86' lang='grc' dir='ltr'>τὰ</span> <span class='ocrx_word' id='word_1_698' title='bbox 3532 5114 3789 5188; x_wconf 79' lang='grc' dir='ltr'>Χριστοῦ,</span> <span class='ocrx_word' id='word_1_699' title='bbox 3823 5117 3898 5177; x_wconf 88' lang='grc' dir='ltr'><strong>εἰς</strong></span> 
     </span>
    </p>
   </div>
   <div class='ocr_carea' id='block_1_100' title="bbox 704 5212 2326 5287">
    <p class='ocr_par' dir='ltr' id='par_1_100' title="bbox 704 5214 1929 5287">
     <span class='ocr_line' id='line_1_101' title="bbox 704 5214 1929 5287; baseline -0.007 -10"><span class='ocrx_word' id='word_1_700' title='bbox 704 5231 853 5287; x_wconf 87' lang='lat' dir='ltr'><strong>sunt,</strong></span> <span class='ocrx_word' id='word_1_701' title='bbox 889 5222 943 5275; x_wconf 91' lang='lat' dir='ltr'><strong>in</strong></span> <span class='ocrx_word' id='word_1_702' title='bbox 967 5235 1181 5274; x_wconf 86' lang='lat' dir='ltr'><strong>sensum</strong></span> <span class='ocrx_word' id='word_1_703' title='bbox 1215 5218 1485 5272; x_wconf 85' lang='lat' dir='ltr'><strong>carnalem</strong></span> <span class='ocrx_word' id='word_1_704' title='bbox 1521 5223 1647 5270; x_wconf 89' lang='lat' dir='ltr'><strong>sunt</strong></span> <span class='ocrx_word' id='word_1_705' title='bbox 1676 5214 1929 5286; x_wconf 74' lang='lat' dir='ltr'><strong>delapsi.]</strong></span> 
     </span>
    </p>
   </div>
   <div class='ocr_carea' id='block_1_101' title="bbox 1688 5212 3310 5287">
    <p class='ocr_par' dir='ltr' id='par_1_101' title="bbox 1688 5212 3310 5286">
     <span class='ocr_line' id='line_1_102' title="bbox 1688 5212 3310 5286; baseline -0.002 -17"><span class='ocrx_word' id='word_1_706' title='bbox 1688 5214 1929 5286; x_wconf 72' lang='lat' dir='ltr'><strong>lelapsi.]</strong></span> <span class='ocrx_word' id='word_1_707' title='bbox 2355 5217 2608 5286; x_wconf 85' lang='grc' dir='ltr'>φρόνημα</span> <span class='ocrx_word' id='word_1_708' title='bbox 2643 5216 2898 5286; x_wconf 84' lang='grc' dir='ltr'>σαρκικὸν</span> <span class='ocrx_word' id='word_1_709' title='bbox 2927 5212 3310 5286; x_wconf 89' lang='grc' dir='ltr'>κατέστησαν.]</span> 
     </span>
    </p>
   </div>
   <div class='ocr_carea' id='block_1_102' title="bbox 773 5305 2395 5375">
    <p class='ocr_par' dir='ltr' id='par_1_102' title="bbox 773 5308 1726 5374">
     <span class='ocr_line' id='line_1_103' title="bbox 773 5308 1726 5374; baseline -0.009 -6"><span class='ocrx_word' id='word_1_710' title='bbox 773 5314 929 5374; x_wconf 87' lang='lat' dir='ltr'><strong>Deus.</strong></span> <span class='ocrx_word' id='word_1_711' title='bbox 951 5311 1165 5365; x_wconf 77' lang='lat' dir='ltr'><strong>auribus</strong></span> <span class='ocrx_word' id='word_1_712' title='bbox 1198 5310 1390 5362; x_wconf 82' lang='lat' dir='ltr'><strong>nostris</strong></span> <span class='ocrx_word' id='word_1_713' title='bbox 1415 5308 1726 5361; x_wconf 86' lang='lat' dir='ltr'><strong>audiuimus.</strong></span> 
     </span>
    </p>
   </div>
   <div class='ocr_carea' id='block_1_103' title="bbox 2084 5305 3706 5375">
    <p class='ocr_par' dir='ltr' id='par_1_103' title="bbox 2438 5305 3706 5375">
     <span class='ocr_line' id='line_1_104' title="bbox 2438 5305 3706 5375; baseline -0.005 -15"><span class='ocrx_word' id='word_1_714' title='bbox 2438 5308 2497 5360; x_wconf 88' lang='lat'><strong>&#39;0</strong></span> <span class='ocrx_word' id='word_1_715' title='bbox 2514 5309 2745 5375; x_wconf 82' lang='grc' dir='ltr'>Κύριος,</span> <span class='ocrx_word' id='word_1_716' title='bbox 2762 5308 2831 5361; x_wconf 82' lang='grc' dir='ltr'><strong>ἐν</strong></span> <span class='ocrx_word' id='word_1_717' title='bbox 2846 5308 2967 5373; x_wconf 84' lang='grc' dir='ltr'>τοῖς</span> <span class='ocrx_word' id='word_1_718' title='bbox 2986 5307 3134 5361; x_wconf 80' lang='grc' dir='ltr'>ὠσὶν</span> <span class='ocrx_word' id='word_1_719' title='bbox 3162 5305 3327 5375; x_wconf 76' lang='grc' dir='ltr'>ἡμῶν</span> <span class='ocrx_word' id='word_1_720' title='bbox 3347 5305 3706 5373; x_wconf 78' lang='grc' dir='ltr'>ἠκούσαμεν.</span> 
     </span>
    </p>
   </div>
   <div class='ocr_carea' id='block_1_104' title="bbox 776 5392 2398 5466">
    <p class='ocr_par' dir='ltr' id='par_1_104' title="bbox 776 5394 2251 5465">
     <span class='ocr_line' id='line_1_105' title="bbox 776 5394 2251 5465; baseline -0.006 -9"><span class='ocrx_word' id='word_1_721' title='bbox 776 5405 856 5457; x_wconf 80' lang='lat' dir='ltr'><strong>ill.</strong></span> <span class='ocrx_word' id='word_1_722' title='bbox 892 5400 1048 5455; x_wconf 88' lang='lat' dir='ltr'><strong>Nunc</strong></span> <span class='ocrx_word' id='word_1_723' title='bbox 1092 5408 1263 5452; x_wconf 86' lang='lat' dir='ltr'><strong>autem</strong></span> <span class='ocrx_word' id='word_1_724' title='bbox 1297 5395 1555 5465; x_wconf 84' lang='lat' dir='ltr'><strong>repulisti,</strong></span> <span class='ocrx_word' id='word_1_725' title='bbox 1600 5403 1650 5447; x_wconf 87' lang='lat' dir='ltr'><strong>et</strong></span> <span class='ocrx_word' id='word_1_726' title='bbox 1706 5396 1992 5461; x_wconf 76' lang='lat' dir='ltr'><strong>confudisti</strong></span> <span class='ocrx_word' id='word_1_727' title='bbox 2042 5411 2152 5448; x_wconf 85' lang='lat' dir='ltr'><strong>nos.</strong></span> <span class='ocrx_word' id='word_1_728' title='bbox 2184 5394 2251 5447; x_wconf 86' lang='lat' dir='ltr'><strong>Et</strong></span> 
     </span>
    </p>
   </div>
   <div class='ocr_carea' id='block_1_105' title="bbox 2279 5392 3901 5466">
    <p class='ocr_par' dir='ltr' id='par_1_105' title="bbox 2429 5392 3901 5466">
     <span class='ocr_line' id='line_1_106' title="bbox 2429 5392 3901 5466; baseline -0.007 -13"><span class='ocrx_word' id='word_1_729' title='bbox 2429 5397 2577 5453; x_wconf 86' lang='grc' dir='ltr'>Νυνί</span> <span class='ocrx_word' id='word_1_730' title='bbox 2593 5400 2661 5452; x_wconf 81' lang='grc' dir='ltr'>δὲ</span> <span class='ocrx_word' id='word_1_731' title='bbox 2673 5397 2909 5466; x_wconf 80' lang='grc' dir='ltr'>ἀπώσω,</span> <span class='ocrx_word' id='word_1_732' title='bbox 2931 5398 3029 5453; x_wconf 76' lang='grc' dir='ltr'>καὶ</span> <span class='ocrx_word' id='word_1_733' title='bbox 3057 5398 3442 5465; x_wconf 78' lang='grc' dir='ltr'>κατῄσχυνας</span> <span class='ocrx_word' id='word_1_734' title='bbox 3460 5392 3635 5462; x_wconf 79' lang='grc' dir='ltr'>ἡμᾶς.</span> <span class='ocrx_word' id='word_1_735' title='bbox 3670 5392 3778 5447; x_wconf 81' lang='lat' dir='ltr'><strong>Kal</strong></span> <span class='ocrx_word' id='word_1_736' title='bbox 3796 5392 3901 5444; x_wconf 78' lang='grc' dir='ltr'><strong>οὐκ</strong></span> 
     </span>
    </p>
   </div>
   <div class='ocr_carea' id='block_1_106' title="bbox 707 5486 2329 5564">
    <p class='ocr_par' dir='ltr' id='par_1_106' title="bbox 707 5487 2253 5564">
     <span class='ocr_line' id='line_1_107' title="bbox 707 5487 2253 5564; baseline -0.004 -17"><span class='ocrx_word' id='word_1_737' title='bbox 707 5510 810 5547; x_wconf 87' lang='lat' dir='ltr'><strong>non</strong></span> <span class='ocrx_word' id='word_1_738' title='bbox 833 5493 1128 5564; x_wconf 78' lang='lat' dir='ltr'><strong>egredieris,</strong></span> <span class='ocrx_word' id='word_1_739' title='bbox 1163 5490 1319 5554; x_wconf 89' lang='lat' dir='ltr'><strong>Deus,</strong></span> <span class='ocrx_word' id='word_1_740' title='bbox 1353 5490 1406 5542; x_wconf 84' lang='lat' dir='ltr'><strong>in</strong></span> <span class='ocrx_word' id='word_1_741' title='bbox 1430 5487 1707 5541; x_wconf 82' lang='lat' dir='ltr'><strong>virtutibus</strong></span> <span class='ocrx_word' id='word_1_742' title='bbox 1741 5487 2138 5554; x_wconf 84' lang='lat' dir='ltr'><strong>nostris.0|im,</strong></span> <span class='ocrx_word' id='word_1_743' title='bbox 2172 5489 2253 5542; x_wconf 88' lang='lat' dir='ltr'><strong>in-</strong></span> 
     </span>
    </p>
   </div>
   <div class='ocr_carea' id='block_1_107' title="bbox 2280 5486 3902 5564">
    <p class='ocr_par' dir='ltr' id='par_1_107' title="bbox 2359 5486 3902 5561">
     <span class='ocr_line' id='line_1_108' title="bbox 2359 5486 3902 5561; baseline -0.009 -14"><span class='ocrx_word' id='word_1_744' title='bbox 2359 5493 2667 5561; x_wconf 75' lang='grc' dir='ltr'>ὲξελεύσῃ,</span> <span class='ocrx_word' id='word_1_745' title='bbox 2688 5491 2847 5557; x_wconf 82' lang='grc' dir='ltr'>Θεὸς,</span> <span class='ocrx_word' id='word_1_746' title='bbox 2865 5490 3398 5560; x_wconf 75' lang='grc' dir='ltr'>ἐνταῖςδυνάμεσιν</span> <span class='ocrx_word' id='word_1_747' title='bbox 3408 5486 3587 5557; x_wconf 73' lang='grc' dir='ltr'>ἡμῶν.</span> <span class='ocrx_word' id='word_1_748' title='bbox 3605 5486 3795 5545; x_wconf 80' lang='grc' dir='ltr'>Πάλαι,</span> <span class='ocrx_word' id='word_1_749' title='bbox 3814 5499 3902 5550; x_wconf 77' lang='grc' dir='ltr'>φη-</span> 
     </span>
    </p>
   </div>
   <div class='ocr_carea' id='block_1_108' title="bbox 708 5572 2330 5658">
    <p class='ocr_par' dir='ltr' id='par_1_108' title="bbox 708 5577 2251 5658">
     <span class='ocr_line' id='line_1_109' title="bbox 708 5577 2251 5658; baseline -0.006 -17"><span class='ocrx_word' id='word_1_750' title='bbox 708 5588 846 5658; x_wconf 86' lang='lat' dir='ltr'><strong>quit,</strong></span> <span class='ocrx_word' id='word_1_751' title='bbox 888 5600 995 5639; x_wconf 85' lang='lat' dir='ltr'><strong>una</strong></span> <span class='ocrx_word' id='word_1_752' title='bbox 1046 5584 1323 5639; x_wconf 87' lang='lat' dir='ltr'><strong>nobiscum</strong></span> <span class='ocrx_word' id='word_1_753' title='bbox 1370 5581 1664 5651; x_wconf 85' lang='lat' dir='ltr'><strong>pngnabas.</strong></span> <span class='ocrx_word' id='word_1_754' title='bbox 1717 5577 1870 5632; x_wconf 85' lang='lat' dir='ltr'><strong>Nunc</strong></span> <span class='ocrx_word' id='word_1_755' title='bbox 1917 5589 2093 5633; x_wconf 86' lang='lat' dir='ltr'><strong>autem</strong></span> <span class='ocrx_word' id='word_1_756' title='bbox 2148 5594 2251 5633; x_wconf 91' lang='lat' dir='ltr'><strong>non</strong></span> 
     </span>
    </p>
   </div>
   <div class='ocr_carea' id='block_1_109' title="bbox 2280 5572 3902 5658">
    <p class='ocr_par' dir='ltr' id='par_1_109' title="bbox 2362 5572 3902 5656">
     <span class='ocr_line' id='line_1_110' title="bbox 2362 5572 3902 5656; baseline -0.007 -19"><span class='ocrx_word' id='word_1_757' title='bbox 2362 5585 2463 5651; x_wconf 67' lang='grc' dir='ltr'>σιν,</span> <span class='ocrx_word' id='word_1_758' title='bbox 2484 5584 2926 5656; x_wconf 82' lang='grc' dir='ltr'>συνεστρατήγεις</span> <span class='ocrx_word' id='word_1_759' title='bbox 2946 5584 3093 5654; x_wconf 82' lang='grc' dir='ltr'>ἡμῖν·</span> <span class='ocrx_word' id='word_1_760' title='bbox 3107 5583 3200 5639; x_wconf 79' lang='grc' dir='ltr'><strong>νῦν</strong></span> <span class='ocrx_word' id='word_1_761' title='bbox 3213 5582 3267 5636; x_wconf 82' lang='grc' dir='ltr'>δὲ</span> <span class='ocrx_word' id='word_1_762' title='bbox 3285 5581 3345 5636; x_wconf 89' lang='grc' dir='ltr'><strong>οὐ</strong></span> <span class='ocrx_word' id='word_1_763' title='bbox 3363 5580 3518 5653; x_wconf 85' lang='grc' dir='ltr'>μόνον</span> <span class='ocrx_word' id='word_1_764' title='bbox 3538 5578 3598 5633; x_wconf 87' lang='grc' dir='ltr'><strong>οὐ</strong></span> <span class='ocrx_word' id='word_1_765' title='bbox 3613 5572 3902 5645; x_wconf 77' lang='grc' dir='ltr'>συνεξέρχῃ</span> 
     </span>
    </p>
   </div>
   <div class='ocr_carea' id='block_1_110' title="bbox 782 5714 1741 5789">
    <p class='ocr_par' dir='ltr' id='par_1_110' title="bbox 782 5714 1741 5789">
     <span class='ocr_line' id='line_1_111' title="bbox 782 5714 1741 5789; baseline -0.004 -17"><span class='ocrx_word' id='word_1_766' title='bbox 782 5724 822 5753; x_wconf 77' lang='grc'><strong>⁸³</strong></span> <span class='ocrx_word' id='word_1_767' title='bbox 850 5718 915 5773; x_wconf 82' lang='grc' dir='ltr'><strong>ιν</strong></span> <span class='ocrx_word' id='word_1_768' title='bbox 943 5718 1072 5789; x_wconf 84' lang='lat' dir='ltr'><strong>Reg.</strong></span> <span class='ocrx_word' id='word_1_769' title='bbox 1105 5734 1215 5783; x_wconf 72' lang='lat' dir='ltr'><strong>xxx,</strong></span> <span class='ocrx_word' id='word_1_770' title='bbox 1244 5717 1329 5772; x_wconf 78' lang='lat'><strong>53.</strong></span> <span class='ocrx_word' id='word_1_771' title='bbox 1409 5716 1451 5746; x_wconf 79' lang='grc'>³³</span> <span class='ocrx_word' id='word_1_772' title='bbox 1493 5716 1618 5770; x_wconf 90' lang='lat' dir='ltr'><strong>ibid.</strong></span> <span class='ocrx_word' id='word_1_773' title='bbox 1654 5714 1741 5769; x_wconf 75' lang='grc'><strong>35.</strong></span> 
     </span>
    </p>
   </div>
   <div class='ocr_carea' id='block_1_111' title="bbox 784 5849 2249 5927">
    <p class='ocr_par' dir='ltr' id='par_1_111' title="bbox 784 5849 2249 5927">
     <span class='ocr_line' id='line_1_112' title="bbox 784 5849 2249 5927; baseline -0.005 -18"><span class='ocrx_word' id='word_1_774' title='bbox 784 5854 892 5927; x_wconf 81' lang='lat' dir='ltr'><strong>(t5)</strong></span> <span class='ocrx_word' id='word_1_775' title='bbox 915 5854 1014 5911; x_wconf 83' lang='lat' dir='ltr'><strong>Est</strong></span> <span class='ocrx_word' id='word_1_776' title='bbox 1039 5854 1323 5924; x_wconf 79' lang='lat' dir='ltr'><strong>explicatio</strong></span> <span class='ocrx_word' id='word_1_777' title='bbox 1338 5852 1694 5909; x_wconf 82' lang='lat' dir='ltr'><strong>brevistotins</strong></span> <span class='ocrx_word' id='word_1_778' title='bbox 1715 5850 1905 5920; x_wconf 85' lang='lat' dir='ltr'><strong>psalmi</strong></span> <span class='ocrx_word' id='word_1_779' title='bbox 1930 5849 2124 5905; x_wconf 78' lang='lat' dir='ltr'><strong>Indica</strong></span> <span class='ocrx_word' id='word_1_780' title='bbox 2150 5866 2249 5907; x_wconf 84' lang='lat' dir='ltr'><strong>me.</strong></span> 
     </span>
    </p>
   </div>
  </div>
