4108 6484
743 438 846 490 207

1551 432 1604 486 S.
1644 431 2004 486 ATIIANASII
2047 433 2193 487 OPI’.
2232 435 2410 490 PARS
2451 436 2538 490 lll.
2589 465 2649 475 —
2689 434 3094 490 EXEGETICA.

3830 438 3929 492 208

743 553 1123 623 turnajudicis
1176 551 1457 606 tolerantia
1506 552 1818 607 audaciores
1866 553 2060 617 etl‘ecti,
2109 555 2317 624 magis,

2391 554 2679 618 ποιοῦντες,
2709 558 2775 624 τῇ
2802 554 2892 606 τοῦ
2929 553 3112 624 κριτοῦ
3157 555 3503 626 μακροθυμίᾳ
3546 553 3930 626 θαρρήσαντες,

745 645 1019 715 magisque
1064 643 1399 712 iniquitatem
1450 652 1700 711 augeant.
1755 642 1966 712 Rogant
2002 644 2052 696 id
2100 648 2286 714 gratia

743 736 847 789 sibi
874 734 1161 798 tribuatur,
1193 740 1251 786 ut
1295 731 1543 785 adveniat
1589 731 1839 785 Christus
1892 733 1943 784 in
1978 734 2288 787 novissimis

745 826 1097 895 temporibus,
1128 840 1195 878 ne
1226 825 1345 878 vitae
1377 825 1494 893 ejus
1515 824 1907 892 sintexpertes.

824 999 916 1054 25.
949 998 1174 1052 Adhwsit
1206 998 1260 1051 in
1295 1007 1433 1049 terra
1489 1005 1659 1050 venter
1685 1005 1878 1048 noster.
1910 993 2034 1050 llaec
2078 1005 2285 1059 dicunt,

746 1091 964 1161 quando
985 1107 1014 1144 a
1032 1105 1197 1145 sensu
1223 1099 1278 1143 et
1304 1089 1625 1158 cogitatione
1653 1103 1842 1142 eorum
1866 1103 1984 1157 qute
2010 1086 2287 1141 Christum

745 1190 990 1250 spectant
1036 1181 1233 1245 aversi,
1285 1180 1336 1232 in
1377 1178 1648 1232 carnalem
1683 1193 1902 1232 sensum
1949 1179 2284 1232 deciderunt.

818 1273 905 1326 26.
941 1271 1198 1341 Exsurge,
1231 1271 1469 1334 Domine,
1523 1270 1715 1338 adjuva
1758 1286 1870 1323 nos.
1916 1269 2286 1334 Patrocinare,

747 1365 939 1433 inquit,
993 1365 1184 1428 nobis,
1233 1373 1284 1418 et
1341 1363 1407 1416 da
1455 1378 1635 1415 veram
1688 1360 1846 1415 ﬁdem
1914 1361 2289 1432 proﬁtentibus

746 1467 953 1524 tempus
1003 1454 1067 1507 ad
1118 1466 1543 1506 conversmnem.

747 1627 795 1678 1.
833 1624 899 1679 1η
927 1625 1079 1694 ﬁnem
1106 1641 1198 1694 pro
1227 1626 1290 1678 iis
1340 1627 1426 1692 qui
1463 1623 1920 1678 committebantur
1968 1624 2094 1691 ﬁliis
2138 1625 2287 1688 Core,

846 1716 914 1770 ad
941 1717 1259 1772 intellectum
1287 1718 1544 1770 canticum
1596 1735 1688 1786 pro
1737 1717 1952 1770 Dilecto.
1980 1715 2108 1769 XLI
2126 1715 2184 1769 V.

1317 1895 1711 1958 Argumentum.

743 1981 986 2036 Praesens
1011 1979 1277 2035 canticum
1305 1980 1506 2034 Dilecto
1524 1979 1687 2032 David
1709 1977 1882 2038 oil‘ert,
1899 1976 2103 2032 scilicet
2131 1975 2288 2030 Chri-

835 2084 940 2137 sto,
973 2074 1065 2143 qui
1091 2073 1399 2128 novissimis
1433 2073 1623 2128 diebus
1666 2072 1887 2125 venitet
1910 2069 2288 2123 commutatio-

826 2180 947 2220 nem
973 2163 1165 2227 effecit,
1198 2164 1250 2218 id
1264 2175 1346 2219 est
1375 2163 1779 2218 conversionem
1809 2176 1874 2214 ex
1902 2159 2200 2212 idololatria
2223 2158 2290 2212 ad

824 2273 1007 2312 veram
1050 2257 1387 2326 religionem.
1425 2254 1665 2308 Meminit
1697 2254 1823 2307 item
1852 2252 2085 2305 ﬁliorum
2129 2250 2286 2313 Core.

824 2364 1112 2420 personam
1162 2350 1227 2402 ad
1256 2348 1526 2419 apostolos
1579 2345 1929 2401 transferens.
1964 2343 2085 2399 Ilaec
2109 2353 2286 2398 autem

827 2440 1010 2494 omnia
1064 2440 1360 2508 intelligere
1414 2455 1513 2494 nos
1555 2446 1786 2506 oportet,
1838 2450 1959 2504 quae
2008 2449 2173 2489 causa
2207 2442 2289 2487 est

833 2532 997 2600 quod,
1028 2532 1094 2583 ad
1120 2531 1460 2584 intellectura.
1490 2529 1733 2598 psalmus
1769 2526 2112 2580 inscribatur.

822 2721 881 2776 Ξ.
909 2718 1181 2773 Eructavit
1211 2731 1300 2768 cor
1319 2730 1488 2768 meum
1518 2712 1727 2766 verbum
1750 2712 1960 2764 bonum.
1991 2707 2100 2764 Hoc
2132 2705 2288 2760 Pater

741 2813 816 2866 ait
846 2813 910 2866 de
936 2809 1073 2864 Filio
1108 2828 1121 2861 :
1154 2807 1366 2877 genitus
1420 2817 1653 2872 namque
1707 2811 1790 2856 est
1845 2801 1983 2853 Deus
2041 2814 2106 2853 ex
2157 2796 2286 2850 Deo.

743 2903 873 2956 Dico
911 2919 1003 2971 ego
1053 2916 1208 2969 opera
1238 2914 1351 2949 mea
1401 2896 1527 2964 regi.
1566 2893 1843 2958 Quatenus
1871 2907 1962 2944 rex
1983 2899 2066 2944 est
2106 2894 2289 2958 utpote

747 2993 887 3048 Deus
923 3007 1014 3060 per
1045 2988 1467 3044 incarnationem
1505 2984 1790 3052 imperium
1847 2981 2012 3035 inisse
2057 2981 2285 3047 dicitur;

744 3080 823 3133 sic
850 3091 901 3132 et
922 3093 984 3130 ea
1006 3090 1125 3144 quae
1152 3073 1465 3127 naturaliter
1500 3072 1647 3126 novit
1677 3079 1857 3139 utpote
1879 3069 2042 3136 Deus,
2071 3085 2134 3124 ea
2161 3071 2288 3122 item

742 3169 1145 3238 dispensatione
1181 3166 1412 3236 quadam
1441 3164 1629 3218 audire
1673 3163 1873 3217 dicitur
1913 3170 2134 3231 propter
2181 3161 2286 3213 hu—

2317 1911 2366 1971 B

2388 648 2477 697 ἐπὶ
2509 645 2686 697 πλεῖον
2719 645 2944 714 ἀνομίας
2980 643 3342 714 προκόψωσιν.
3375 644 3605 712 Δοοῆναι
3643 646 3826 708 αὐτοῖς
3855 644 3937 698 εὖ·

2389 752 2567 803 χονται
2611 735 2707 803 τὴν
2757 734 3072 802 ἐπιφάνειαν
3109 735 3202 786 τοῦ
3233 735 3488 804 Χριστοῦ,
3521 735 3617 805 τὴν
3663 738 3752 787 ἐπ’
3783 737 3937 806 ἐσχά-

2387 842 2493 877 των
2526 824 2632 879 τῶν
2660 825 2886 894 καιρῶν,
2919 826 3002 877 ἵνα
3033 826 3105 896 μὴ
3135 827 3231 895 τῆς
3255 826 3381 895 παρ’
3408 826 3569 878 αὐτοῦ
3599 828 3938 896 ἀμοιρήσωσι

2390 914 2554 984 ζωῆς⁹

2471 1006 2797 1073 Ἐκολλήθη
2859 1010 2944 1072 εὶς
2985 1007 3136 1076 χοῦν
3173 1009 3210 1075 ή
3249 1007 3476 1077 γαστὴρ
3527 1008 3715 1078 ἡμῶν.
3755 1009 3940 1062 Ταῦτά

2392 1112 2570 1164 φασιν,
2606 1096 2809 1166 ἐπειδὴ,
2837 1099 3182 1166 ἀπωσάμενοι
3210 1098 3269 1150 τὸ
3325 1103 3540 1171 φρονεῖν
3568 1099 3637 1153 τά
3683 1102 3936 1170 Χριστοῦ,

2389 1188 2466 1248 εἰς
2499 1186 2748 1257 φρόνημα
2777 1187 3074 1240 κατέπεσον
3101 1189 3375 1258 σαρκικόν.

2473 1277 2736 1338 Ἀνάστα,
2792 1279 2985 1346 Κύριε,
3021 1279 3335 1346 βοήθησον
3377 1281 3541 1349 ἡμῖν.
3600 1283 3936 1348 ’Δντιλαδοῢ,

2391 1367 2575 1438 φησιν,
2607 1367 2782 1438 ἡμῶν,
2813 1369 2905 1420 καὶ
2937 1368 3074 1422 δίδου
3115 1371 3175 1423 τὸ
3213 1373 3439 1441 εὐμενὲς
3469 1373 3560 1424 καὶ
3602 1375 3792 1445 καιρὸν
3823 1376 3938 1428 ἑπι-

2392 1456 2626 1524 στροφῆς
2672 1459 2786 1518 τοῖς
2829 1458 2925 1526 τὴν
2981 1458 3060 1520 εἰς
3107 1458 3165 1510 σὲ
3210 1459 3464 1530 ἀληθινὴν
3511 1460 3693 1515 πίστιν
3749 1462 3938 1532 ὁμολο-

2389 1557 2595 1609 γουσιν.

2390 1633 2496 1696 Εὶς
2530 1629 2598 1683 τὸ
2640 1631 2813 1697 τέλος
2841 1632 2992 1700 ὑπὲρ
3031 1633 3147 1687 τῶν
3199 1636 3774 1710 ἀλλοιωθησομέγων
3823 1643 3939 1708 τοῖς

2457 1721 2607 1787 υἱοῖς
2641 1723 2791 1790 Κορὲ
2811 1726 2896 1790 εὶς
2917 1725 3190 1790 σύνεσιν,
3225 1726 3346 1796 ᾠδὴ
3377 1729 3527 1796 ὑπὲρ
3554 1732 3662 1785 τοῦ
3703 1732 3938 1803 Ἀγαπηο

2463 1812 2590 1866 τοῦ.
2622 1815 2757 1866 MA’.

3006 1906 3019 1925 '
3033 1908 3339 1973 Υπόθεσις.

2391 1993 2499 2064 Τὴν
2549 1995 2911 2065 προκειμένην
2943 1997 3084 2068 ᾠδὴν
3140 1999 3420 2071 ἁνατέθησι
3453 2002 3530 2074 τῷ
3574 2005 3867 2078 Ἀγαπητῷ
3913 2011 3939 2064 ὁ

2462 2085 2644 2149 Δαυῖδ,
2670 2088 2910 2140 τουτέστι
2928 2087 3161 2161 Χριστῷ,
3190 2091 3266 2163 τῷ
3295 2092 3381 2145 ἐπ’
3405 2095 3643 2164 ἐσχάτων
3668 2098 3778 2151 τῶν
3811 2101 3940 2170 ἠμε-

2465 2179 2574 2251 ρῶν
2632 2180 2928 2252 ἐληλυθότι,
2976 2183 3073 2237 καὶ
3117 2183 3214 2255 τὴν
3259 2185 3542 2240 ἀλλοίωσιν
3597 2193 3938 2264 πεποιηκότι,

2457 2270 2721 2335 τουτέστι,
2776 2271 2872 2343 τὴν
2920 2274 3218 2348 μεταϐολὴν
3249 2276 3348 2348 τὴν
3396 2277 3453 2345 ἐξ
3503 2280 3940 2357 εἰδωλολατρείας

2460 2364 2539 2425 εἰς
2572 2362 2900 2418 Θεοσέϐειαν.
2931 2364 3214 2436 Μέμνηται
3250 2367 3306 2422 δὲ
3333 2371 3427 2425 καὶ
3454 2371 3561 2426 τῶν
3606 2374 3736 2428 υἱῶν
3778 2378 3940 2448 Κορὲ,

2458 2454 2538 2514 εἰς
2582 2455 2706 2515 τοὺς
2759 2455 3086 2518 ἀποστόλους
3136 2457 3469 2530 ἀναπέμπων
3517 2463 3580 2516 τὸ
3631 2466 3938 2538 πρόσωπον.

2460 2541 2644 2596 Ταῦτα
2675 2543 2731 2596 δὲ
2762 2544 2936 2598 πάντα
2961 2548 3255 2615 ἀναγκαῖον
3284 2552 3523 2606 συνιέναι
3547 2555 3713 2623 ἡμᾶς·
3743 2557 3826 2610 διὸ
3854 2559 3941 2612 καὶ

2454 2635 2541 2698 εις
2568 2635 2823 2688 σύνεσιν
2851 2637 3268 2710 ἐπιγέγραπται.

2466 2724 2857 2792 Ἑξηρεύξατο
2878 2728 2916 2795 ἠ
2942 2729 3154 2796 καρδία
3171 2748 3290 2799 μου
3308 2734 3494 2802 λόγον
3511 2735 3754 2806 ἀγαθόν.
3778 2739 3944 2794 Τοῦτό

2388 2831 2548 2884 φησιν
2575 2816 2603 2866 ὁ
2632 2815 2818 2888 Πατὴρ
2852 2819 3084 2890 περὶτοῦ
3113 2821 3262 2874 Υἰοῦ·
3281 2824 3568 2896 γεγένηται
3594 2828 3702 2899 γάρ
3724 2829 3859 2895 Θεὸς
3885 2834 3943 2885 ὲκ

2388 2905 2541 2959 Θεοῦ.
2558 2906 2719 2975 Λέγω
2742 2908 2855 2978 ἐγὼ
2874 2909 2947 2962 τὰ
2961 2912 3103 2982 ἔργα
3117 2930 3236 2982 μου
3263 2915 3342 2980 τῷ
3361 2916 3844 2992 βασιλεῒ.Ὤσπερ
3859 2922 3941 2992 βαι

2389 2998 2566 3062 σιλεὺς
2586 3000 2844 3072 ὑπάρχων
2865 3001 2939 3066 ὠς
2963 3004 3092 3067 Θεὸς
3120 3007 3199 3067 εις
3225 3004 3498 3074 βασιλείας
3527 3011 3698 3082 ἀρχὴν
3727 3011 3940 3082 λέγεται

2390 3087 2642 3176 ἔρχεσθαι
2667 3090 2756 3143 διὰ
2785 3091 2844 3143 τὸ
2869 3093 3241 3162 σεσαρκῶσθαι
3268 3097 3427 3150 αὐτόν
3447 3115 3460 3127 ·
3510 3099 3650 3153 οὕτω
3679 3103 3773 3154 καὶ
3802 3105 3943 3176 ἅπερ

2386 3174 2492 3230 οἶδε
2516 3180 2758 3247 φυσικῶς
2772 3181 2846 3244 ὡς
2866 3181 3016 3248 Θεὸς,
3033 3183 3207 3239 ταῦτα
3222 3186 3382 3242 πάλιν
3397 3188 3613 3242 ἀκούειν
3627 3189 3845 3259 λέγεται
3863 3174 3946 3249 διά

742 3262 1076 3314 manitatem.
1111 3257 1314 3327 Lingua
1348 3271 1458 3308 mea
1521 3254 1756 3306 calamus
1813 3251 2000 3306 scribae
2045 3251 2317 3306 velocitert

2394 3269 2455 3322 τὸ
2481 3269 2814 3342 ἀνθρώπινον
2851 3275 3221 3346 οἰκονομικῶς.
3286 3279 3349 3333 Ἠ
3401 3278 3652 3349 γλῶσσά
3694 3251 3817 3351 ξιον
3850 3284 3945 3339 κα-

740 3348 1034 3402 scribentis.
1061 3345 1230 3412 Quem
1270 3344 1406 3398 dixit
1431 3341 1940 3407 verbum,eumdem
1971 3351 2025 3395 et
2046 3341 2284 3411 linguam

740 3447 898 3494 vocat
927 3451 1100 3493 suam.
1136 3435 1390 3489 Calamus
1414 3447 1573 3504 porro
1600 3432 1787 3487 scriba:
1845 3431 2098 3485 velociter
2144 3430 2284 3483 scri-

739 3529 919 3586 bentis
950 3536 1191 3586 vocatur.
1213 3525 1336 3594 quia
1361 3521 1621 3592 quidquid
1651 3520 1780 3573 dicit
1809 3534 1872 3573 ac
1909 3519 2063 3588 jubet
2104 3518 2286 3572 statim

740 3620 988 3682 ell‘ncitur,
1014 3629 1072 3671 nt
1100 3617 1264 3670 illud:
1322 3613 1472 3677 Volo,
1522 3611 1797 3673 mundare,
1833 3621 1881 3664 et
1915 3610 2093 3663 statim
2133 3625 2286 3661 sana-

744 3723 826 3763 tus
857 3720 933 3764 est
978 3709 1055 3760 ¹⁵;
1092 3715 1179 3768 et,
1203 3704 1533 3767 Adolescens,
1579 3702 1670 3755 tibi
1692 3701 1842 3765 dico,
1885 3716 2064 3770 surge;
2098 3710 2144 3753 et
2178 3709 2286 3753 sta-

743 3806 838 3853 tim
864 3799 1092 3853 surrexit
1126 3797 1188 3850 ¹⁸.
1215 3794 1328 3849 lmo
1345 3794 1506 3849 etiam
1535 3793 1697 3848 illud:
1757 3792 1976 3846 Verbum
2010 3791 2281 3844 abbrevia-

745 3904 852 3945 tum
879 3892 1032 3960 faciet
1068 3889 1203 3942 Deus
1227 3888 1281 3940 in
1312 3895 1416 3938 toto
1460 3886 1579 3939 orbe
1609 3885 1674 3924 "-

830 4067 882 4119 3.
923 4065 1195 4133 Speciosus
1226 4061 1396 4130 forma
1425 4074 1535 4127 pra:
1562 4055 1688 4124 ﬁliis
1739 4055 2025 4108 hominum.
2056 4054 2287 4124 Compa-

745 4165 1006 4219 rationem
1045 4161 1172 4216 boni
1202 4157 1437 4227 Spiritus
1461 4155 1645 4210 videre
1665 4163 1749 4208 est
1782 4168 1847 4207 ex
1877 4152 1943 4206 iis
1979 4169 2099 4222 qua:
2122 4151 2288 4208 Joan-

745 4271 840 4311 nes
870 4255 1073 4324 inquit:
1101 4252 1209 4306 Lex
1231 4269 1322 4320 per
1362 4250 1542 4304 Mosen
1587 4249 1720 4300 data
1742 4254 1840 4308 est,
1880 4246 2056 4315 gratia
2113 4255 2288 4300 autem

740 4355 790 4398 et
819 4344 1008 4397 veritas
1042 4357 1130 4410 per
1149 4339 1334 4394 Jesum
1369 4337 1635 4392 Christum
1649 4337 1794 4405 facta
1824 4344 1900 4389 est
1925 4335 1987 4387 ¹⁸.
2017 4334 2289 4389 Praestans

741 4438 886 4491 enim
944 4449 1158 4504 quoque
1197 4431 1362 4486 Mosis
1384 4429 1644 4492 calamus,
1703 4427 1796 4498 qui
1825 4427 1994 4496 legem
2025 4425 2182 4480 nobis
2236 4424 2289 4478 in

2391 3363 2580 3430 λαμος
2611 3366 2988 3433 γραμματέως
3025 3367 3382 3436 ὀξυγράφου.
3421 3372 3516 3425 Ὃν
3555 3374 3742 3444 εἴρηκε
3771 3375 3945 3444 λόγον,

2391 3450 2575 3504 τοῦτον
2623 3454 2715 3505 καὶ
2741 3453 2987 3522 γλῶσσαν
3039 3457 3203 3510 αὑτοῦ
3253 3459 3535 3515 ἀποκαλεῖ.
3589 3464 3853 3535 Κάλαμος
3893 3466 3946 3520 δι

2391 3542 2759 3613 γραμματέως
2783 3543 3087 3615 δξυγράφου
3120 3546 3449 3616 ὠνόμασται,
3479 3550 3565 3604 διά
3592 3551 3652 3605 τὸ
3690 3551 3872 3622 λέγειν
3896 3573 3945 3610 τι

2391 3633 2485 3686 καὶ
2512 3633 2706 3698 εὐθέως
2747 3634 3021 3702 γίνεσθαι,
3060 3637 3133 3701 ὡς
3172 3640 3233 3692 τό
3256 3655 3270 3669 ⁸
3325 3642 3502 3706 Θέλω,
3534 3645 3944 3715 καθαρίσθητιο

2391 3726 2488 3779 καὶ
2518 3724 2735 3791 εὐθέως
2762 3726 3123 3796 ἐκαθαρίσθη
3140 3746 3153 3758 ·
3179 3731 3292 3794 καὶ,
3309 3733 3621 3801 Νεανίσκε,
3643 3736 3744 3789 σοι
3769 3737 3944 3808 λέγω,

2391 3815 2656 3885 ἐγέρθητι
2681 3831 2694 3845 ·
2729 3817 2827 3869 καὶ
2866 3819 3079 3884 εὐθέως
3125 3820 3370 3889 ἀνέστη.
3411 3824 3485 3877 Οὐ
3533 3825 3639 3897 μὴν
3669 3827 3810 3882 ἀλλά
3856 3838 3948 3886 καὶ

2391 3905 2472 3957 τό·
2505 3908 2698 3974 Λόγον
2730 3907 3214 3977 συντετμημένον
3258 3912 3497 3981 ποιήσει
3533 3916 3746 3983 Κύριος
3777 3917 3849 3972 ἐν
3873 3919 3947 3989 τῆ

2393 3996 2710 4066 οἰκουμένῃ
2740 3997 2876 4065 ὅλῃ.

2474 4089 2694 4157 Ὠραῖος
2744 4089 2954 4144 κάλλει
2996 4093 3154 4161 παρὰ
3193 4095 3333 4160 τοὺς
3372 4097 3542 4161 υἱοὺς
3569 4114 3687 4152 των
3729 4105 3948 4171 ανθρώο

2395 4195 2540 4232 πων.
2569 4180 2678 4250 Τὴν
2726 4179 3010 4253 σύγκρισιν
3053 4183 3145 4237 τοῦ
3196 4184 3398 4253 ἀγαθοῦ
3447 4188 3759 4259 Πνεύματος
3799 4193 3949 4247 εστιν

2397 4268 2525 4321 ἰδεῖν
2556 4270 2647 4337 ἀφ’
2678 4261 2752 4324 ὧν
2793 4273 2822 4325 ὁ
2864 4271 3112 4342 Ἰωάννης
3159 4276 3357 4344 φησὶν,
3397 4277 3478 4331 ὅτι
3534 4280 3595 4332 '0
3637 4281 3819 4350 νόμος
3852 4283 3950 4350 διὰ

2394 4363 2649 4430 Μωσέως
2692 4363 2903 4432 ἐδόθη,
2955 4367 2992 4434 ἠ
3025 4366 3094 4419 δὲ
3137 4367 3308 4437 χάρις
3356 4371 3454 4424 καὶ
3492 4373 3531 4440 ἡ
3564 4373 3816 4442 ἀλήθεια
3853 4377 3950 4432 διὰ

2409 4454 2610 4521 Ἰησοῦ
2645 4456 2902 4526 Χριστοῦ
2931 4457 3188 4525 ἐγένετο.
3221 4460 3479 4531 Κάλαμος
3506 4461 3614 4532 γὰρ
3641 4463 3805 4528 καλὸς
3855 4468 3950 4520 καὶ

742 4529 1090 4600 paedagogum
1149 4521 1457 4593 descripsit,
1510 4521 1602 4574 sed
1628 4533 1731 4572 non
1784 4518 1905 4572 talis
1946 4518 2037 4588 qui
2071 4517 2290 4570 nomina

2397 4547 2424 4596 ὁ
2457 4517 2736 4609 Μωσέωςδ
2771 4517 2982 4618 ἔγραψέ
3024 4548 3130 4619 γὰρ
3172 4551 3304 4620 ἡμῖν
3347 4517 3530 4621 νέμον.
3554 4517 3946 4625 παιδαγωγένῖ

744 4628 930 4675 nostra
967 4617 1226 4673 scriberet
1263 4617 1316 4669 in
1357 4614 1528 4669 caelis.
1562 4610 1771 4679 Diﬂ‘usa
1817 4619 1892 4662 est
1926 4610 2097 4679 gratia
2132 4610 2184 4661 in
2218 4609 2292 4661 la-

2393 4635 2526 4688 ἀλλά
2563 4637 2624 4688 οὑ
2664 4602 2898 4700 τοιοῦτος
2924 4602 3016 4701 ’ὡς
3035 4602 3047 4616 '
3065 4602 3156 4691 καὶ
3194 4602 3502 4711 ’ἐγραψειτνά
3525 4602 3949 4716 ὀνέήματαῆῆιᾘῦν

743 4712 843 4764 biis
873 4710 1010 4762 tuis:
1043 4707 1383 4775 dulciloquus
1410 4720 1642 4773 namque
1683 4699 1942 4755 Dominus
1982 4709 2162 4754 noster
2191 4710 2292 4762 est,

740 4803 833 4873 qui
856 4802 949 4855 ait.
1006 4799 1118 4871 Ego
1157 4798 1268 4854 veni
1299 4807 1356 4851 ut
1400 4797 1558 4850 vitam
1591 4793 1835 4855 habeant,
1881 4803 1929 4846 et
1973 4792 2292 4845 abundatius

739 4893 959 4946 habeant
988 4892 1065 4945 ¹⁹;
1100 4900 1180 4954 et,
1217 4889 1328 4958 Ego
1360 4904 1473 4941 sum
1491 4886 1640 4953 panis
1675 4887 1762 4954 qui
1794 4885 1856 4938 de
1906 4884 2029 4937 caelo
2077 4887 2292 4938 descen-

739 4985 854 5046 dit;
885 4992 957 5047 et,
994 4983 1082 5050 qui
1108 4981 1200 5035 dat
1225 4983 1384 5033 vitam
1423 4978 1613 5031 mundo
1659 4977 1730 5032 ’°.

826 5187 880 5240 4.
912 5185 1190 5253 Accingere
1235 5180 1410 5250 gladio
1470 5187 1556 5231 tuo
1584 5191 1736 5242 super
1780 5174 1951 5241 femur
1983 5185 2151 5241 tuum,
2195 5191 2290 5237 po-

742 5277 1045 5328 tentissime.
1083 5273 1161 5324 Ad
1197 5285 1426 5340 pugnant
1461 5266 1632 5322 nostri
1659 5280 1822 5319 causa
1846 5266 2285 5319 committendam

740 5365 1325 5435 excitatUnigenitum.
1376 5362 1637 5431 Deinceps
1689 5364 1941 5429 quoniam
1997 5359 2286 5413 militarem

741 5458 842 5525 ipsi
878 5458 1116 5510 habitum
1152 5457 1315 5514 dedit.
1343 5463 1626 5524 postquam
1657 5454 1892 5523 gladium
1918 5450 2074 5512 dixit,
2111 5450 2289 5504 femur

744 5548 961 5615 insuper
1010 5555 1413 5601 commemorat.
1465 5544 1546 5597 Ad
1609 5559 1732 5599 eum
1785 5557 2049 5612 namque,
2103 5549 2286 5609 utpote

741 5637 931 5698 Deum,
967 5634 1174 5704 gladius
1207 5635 1454 5702 pertinet,
1487 5650 1584 5689 nec
1623 5635 1966 5688 extrinsecus
2012 5629 2277 5686 affertur:

814 5822 856 5852 ³³
894 5820 1077 5875 Matth.
1100 5822 1284 5882 vm,5.

1365 5822 1544 5876 “Luc.
1584 5839 1675 5884 νιι,
1700 5823 1779 5877 Li.
1822 5821 1978 5877 "lsa.
2009 5821 2325 5889 x,‘23.jntta
2354 5817 2492 5872 LXX
2579 5819 2850 5886 "103ml,
2882 5822 2963 5875 17.
3025 5824 3064 5853 ³³
3090 5821 3312 5883 Joan.x,
3350 5824 3432 5877 10.

2392 4727 2451 4778 ὲν
2476 4727 2744 4796 οὐρανοῖς.
2784 4727 3064 4795 Ἐξεχύθη
3098 4729 3270 4797 χάρις
3293 4731 3362 4783 ἐν
3379 4734 3611 4800 χείλεσι
3647 4749 3783 4789 σου.
3822 4737 3950 4790 Γλυ-

2390 4819 2634 4885 κύφωνος
2673 4818 2778 4888 γὰρ
2825 4822 2854 4873 ὀ
2895 4819 3095 4891 Κύριος
3143 4822 3298 4892 ἡμῶν
3331 4823 3534 4892 λέγων·
3580 4827 3717 4894 Ἐῂὼ
3756 4825 3951 4899 ἦλθον

2390 4908 2487 4959 ἵνα
2513 4906 2661 4975 ζωὴν
2681 4909 2882 4975 ἔχωσι,
2917 4909 3016 4961 καὶ
3064 4913 3491 4979 περισσότερον
3530 4913 3713 4981 ἔχωσι
3811 4923 3907 4973 καὶ
3930 4962 3946 4986 ,

2402 4997 2546 5065 Ἐγώ
2572 5001 2686 5066 ειμι
2730 5000 2762 5050 ὀ
2807 4998 2982 5067 ἄρτος
3024 5002 3056 5052 ό
3094 4999 3164 5052 ἐκ
3209 5001 3314 5054 τοῦ
3351 5003 3606 5070 οἰφανοῦ
3646 5009 3908 5077 καταϐάς
3932 5028 3944 5040 ·

2401 5089 2510 5147 καὶ,
2540 5088 2740 5152 διδοὺς
2761 5087 2910 5156 ζωὴν
2933 5086 3011 5152 τῷ
3041 5091 3262 5159 κόσμῳ.

2463 5179 2778 5245 Περίζωσαι
2814 5179 2927 5245 τὴν
2967 5180 3272 5248 ῥομφαίαν
3314 5199 3429 5237 σου
3465 5185 3564 5238 ἐπὶ
3607 5187 3711 5240 τὸν
3755 5194 3950 5258 μηρόν

2393 5285 2528 5331 σου,
2561 5268 2796 5323 δυνατέ.
2842 5271 2934 5331 Εἰς
2983 5273 3160 5340 μάχην
3202 5272 3300 5341 τὴν
3338 5275 3477 5345 ὑπὲρ
3509 5277 3663 5346 ἡμῶν
3692 5279 3947 5353 διεγείρει

2393 5360 2480 5412 τὸν
2532 5362 2826 5430 Μονογενῆ.
2881 5359 3012 5413 Εἶτα
3045 5363 3137 5414 καὶ
3166 5365 3349 5434 ἐπειδὴ
3381 5371 3764 5437 στρατιωτικὸν
3797 5375 3947 5444 αὑτῷ

2395 5453 2575 5522 σχῆμα
2606 5453 2853 5515 δέδωκεν,
2886 5454 3156 5524 ῥομφαίαν
3191 5454 3389 5520 εἰπὼν,
3423 5458 3517 5510 καὶ
3558 5460 3728 5530 μηρὸν
3775 5481 3944 5534 προσ.

2392 5541 2604 5610 επάγει.
2633 5541 2807 5595 Αὑτοῦ
2842 5542 2947 5613 γὰρ
2965 5541 3040 5606 ὡς
3066 5544 3221 5610 Θεοῦ,
3253 5548 3344 5600 καὶ
3371 5548 3470 5599 οὐκ
3498 5547 3696 5612 ἔξωθεν
3735 5553 3770 5621 ἡ
3809 5557 3946 5626 ῥομ-

2392 5631 2556 5700 φαίαο
2609 5633 2834 5697 δυνατὸς
2875 5635 2979 5703 γάρ
3027 5637 3162 5703 ἐστι,
3215 5637 3456 5690 τουτέστι
3507 5640 3614 5693 τῶν
3665 5642 3944 5714 δυνάμεων

3509 5828 3551 5854 ²⁰
3571 5824 3726 5882 Joau.
3759 5843 3833 5895 Vl,
3850 5828 3938 5886 61.
