4108 6496
174 465 266 520 εον
1253 460 1614 519 EXPOSITIO
1655 460 1719 516 IN
1762 459 2089 517 PSALMUM
2131 458 2310 514 XLIV.

3268 465 3372 518 210

175 584 394 656 Κύριο;’
435 586 535 638 καὶ
577 584 734 638 τοῦτο
775 582 914 637 κατά
949 584 1105 652 φύσιν
1144 582 1310 652 αύτῷ.
1351 584 1503 636 Ἔστι
1533 585 1590 636 δὲ
1637 585 1720 636 καὶ

1828 581 2092 651 siquidem
2128 575 2538 650 potentissimus
2571 576 2660 631 ille
2687 585 2786 643 est,
2831 576 2884 630 id
2913 584 3015 642 est,
3042 585 3371 646 potestatum

172 677 353 748 ὡραῖος
386 679 486 748 μὲν
509 680 624 742 τοῖς
650 675 984 743 ἐπεγνωκόσι
1022 676 1120 746 τὴν
1162 677 1482 744 ἐπιφάνειαν
1527 674 1688 728 αὑτοῦ
1710 713 1724 736 ,

174 769 256 820 καὶ
293 769 351 820 τὸ
395 770 768 840 ὑπερκόσμιον
817 765 1010 829 κάλλος
1059 770 1336 820 κατανοεῖν
1392 765 1721 836 δυναμένοις.

174 858 255 927 Τῷ
283 860 336 911 δὲ
367 857 532 929 μηρῷ
563 860 662 930 τὴν
693 858 959 928 ῥομφαίαν
1004 858 1298 929 ἐνήρμοσεν
1328 859 1461 928 πρὸς
1491 857 1587 928 τὴν
1619 856 1725 908 τῶν

175 953 541 1004 ἀπιστούντων
571 950 796 1021 ἀπειλὴν
822 951 915 1004 καὶ
947 949 1053 1002 τῶν
1076 951 1459 1019 ἀντικειμένων
1488 950 1585 1011 τὰς
1617 949 1719 1016 φά-

174 1044 388 1110 λαγγας.
431 1043 570 1113 Περὶ
601 1041 730 1110 γοῦν
771 1041 878 1094 τῶν
905 1039 1266 1094 ἀπειθούντων
1298 1042 1458 1110 φησὶν
1514 1043 1542 1093 ὁ
1586 1041 1723 1110 ψαλ-

178 1137 292 1204 μός·
346 1137 489 1188 Ἐὰν
516 1135 604 1204 μὴ
644 1133 1062 1203 ἐπιστωφῆτε,
1112 1135 1222 1202 τὴν
1266 1135 1568 1202 ῥομφαίαν
1621 1137 1724 1187 αὑ-

177 1229 270 1281 τοῦ
290 1228 635 1281 στιλὸὡσει.

245 1405 316 1474 Τῇ
344 1407 664 1473 ὡραιότητί
693 1422 806 1460 σου
838 1408 932 1460 καὶ
964 1405 1042 1472 τῷ
1083 1405 1290 1460 κάλλει
1338 1419 1469 1458 σου.
1512 1404 1719 1473 Ὠραιόο

175 1510 262 1561 της
289 1493 344 1545 δὲ
371 1495 466 1546 καὶ
492 1494 687 1557 κάλλος
718 1493 809 1546 τοῦ
846 1493 1312 1564 στρατευσαμένου
1339 1495 1372 1562 ἡ
1407 1491 1596 1561 θεότης
1625 1492 1721 1543 αύ-

174 1584 258 1637 τού
311 1586 405 1637 καὶ
463 1589 498 1655 ἡ
555 1585 696 1638 κατά
741 1586 955 1638 πάντων
987 1585 1244 1655 ὑπεροχή.
1279 1582 1388 1637 Καὶ
1432 1581 1716 1644 ἔκτεινον,

175 1675 262 1727 καὶ
295 1674 650 1738 κατευοδοῦ,
697 1676 791 1728 καὶ
843 1675 1154 1738 βασίλευε.
1195 1675 1462 1726 Ἐντεινον
1492 1672 1558 1725 τὰ
1592 1671 1720 1737 τόξα

175 1781 281 1828 σου,
314 1767 468 1836 φησὶ,
526 1765 809 1820 κατευοδοῦ
843 1766 897 1819 δὲ
941 1765 1390 1836 δεδικαιωμένους
1440 1764 1545 1817 ὑπὸ
1601 1763 1717 1828 σοῦ,

173 1850 242 1908 ὧν
267 1857 590 1926 βασιλεύεις,
621 1859 800 1928 φησὶν,
834 1856 1142 1922 ἀπαλλάξας
1174 1856 1367 1918 αὐτοὺς
1394 1854 1486 1908 τοῦ
1519 1855 1714 1924 τυράν-

1828 673 2112 734 Dominus,
2137 670 2278 740 quod
2333 669 2406 722 illi
2467 667 2761 738 secundum
2793 677 3042 721 naturam
3093 669 3371 738 competit.

1829 766 1921 818 Est
1953 773 2128 817 autem
2157 763 2432 831 speciosus
2465 761 2530 814 iis
2555 761 2647 829 qui
2674 773 2872 814 norunt
2905 759 3193 814 adventum
3231 759 3372 829 cjus,

1828 856 2028 924 quique
2055 854 2517 925 pulchritudinem
2541 852 2678 922 ejus,
2698 853 3023 907 mundanam
3035 867 3250 906 omnem
3279 867 3372 906 ex-

1826 955 2188 1014 superantem,
2220 953 2442 1012 possunt
2496 945 2815 1014 intelligere.
2870 943 3087 997 Femori
3139 944 3229 998 ille
3272 960 3373 997 suo

1824 1039 2056 1109 gladium
2086 1039 2352 1108 apposuit,
2407 1047 2464 1092 ut
2489 1038 2664 1090 minas
2715 1035 3021 1090 infidelibus
3058 1036 3369 1095 intentaret,

1825 1147 2030 1186 necnon
2080 1130 2371 1200 manipulis
2419 1129 2874 1182 adversariorum.
2938 1125 3012 1180 De
3065 1126 3371 1184 inﬁdelibus

1824 1223 2002 1292 itaque
2032 1222 2272 1291 psalmus
2298 1222 2424 1276 dicit
2448 1241 2457 1274 :
2491 1219 2612 1274 Nisi
2641 1221 2866 1273 conversi
2891 1220 3115 1288 fueritis,
3140 1217 3371 1287 gladitm

1822 1331 1973 1367 suum
2015 1314 2236 1369 vibrabit
2269 1314 2335 1366 ³¹.

1890 1406 1943 1460 5.
2001 1403 2178 1475 Specie
2219 1417 2309 1459 tua
2360 1415 2408 1459 et
2459 1403 2841 1471 pulchritudine
2892 1411 3004 1454 tua.
3056 1401 3272 1471 Species
3319 1409 3373 1452 et

1819 1500 2164 1567 pulchritudo
2214 1499 2402 1553 militis
2436 1499 2597 1564 illius,
2634 1508 2717 1551 est
2751 1497 2922 1551 deitas
2965 1495 3103 1564 ejus,
3152 1502 3204 1548 et
3236 1507 3372 1562 pm-

1821 1591 2015 1642 stantia
2070 1605 2176 1658 qua
2217 1604 2406 1644 omnes
2461 1597 2766 1656 exsuperat.
2824 1585 3075 1648 Intende,
3130 1576 3370 1652 prospere

1819 1677 2032 1744 procede
2059 1686 2108 1730 et
2139 1694 2314 1747 regna.
2357 1676 2598 1741 intende,
2629 1677 2826 1746 inquit,
2861 1690 3020 1729 arcus
3052 1682 3193 1739 tuos,
3249 1685 3371 1742 pro-

1821 1781 1975 1837 spere
1997 1767 2286 1835 procedere
2308 1766 2469 1822 facito
2494 1783 2586 1820 eos
2607 1768 2698 1835 qui
2725 1783 2754 1819 ιι
2769 1765 3111 1835 tejustiticati
3135 1764 3367 1818 fuerunt.

1821 1852 1876 1906 in
1916 1867 2071 1922 quos,
2097 1852 2192 1916 ait,
2225 1866 2439 1920 regnas,
2471 1861 2756 1920 postquam
2797 1849 3033 1903 Iiberasti
3072 1864 3166 1904 eos
3215 1863 3246 1901 a
3288 1857 3371 1918 ty-

173 1964 275 2001 vou.
303 1948 560 2001 Δείκνυσι
606 1949 795 2020 νοεράν
823 1944 986 2001 οὖσαν
1021 1948 1120 2018 τὴν
1165 1948 1350 2016 νίκηνο
1384 1947 1563 1999 ὅπλων
1613 1946 1720 2016 γὰρ

1822 1958 2012 1998 ranno.
2037 1943 2242 1998 lndicat
2264 1943 2597 2011 spiritualcm
2615 1958 2734 1998 esse
2756 1941 3053 1995 victoriam.
3075 1938 3368 2008 Postquam

175 2040 568 2109 μνημονεύσας,
628 2039 893 2110 μέμνηται
941 2041 1033 2093 καὶ
1075 2040 1396 2111 πραότητος.
1435 2038 1616 2110 Πράου
1664 2037 1720 2090 δέ

175 2133 280 2184 ἐστι
325 2133 390 2186 τὰ
427 2134 534 2204 μὲν
561 2135 640 2196 είς
674 2133 859 2185 ἑαυτὸν
903 2135 1117 2202 ἀφεῖναι
1171 2135 1278 2196 τοῖς
1325 2131 1715 2201 ἀδικουμένοις.

175 2224 274 2276 Καὶ
294 2223 588 2294 ὁδηγήσει
615 2239 687 2278 σε
714 2224 1067 2293 θαυμαστῶς
1088 2226 1125 2293 ἠ
1151 2222 1316 2287 δεξιὰ
1337 2238 1474 2276 σου.
1503 2221 1718 2291 Ἐπειδὴ

174 2313 271 2383 γὰρ
304 2315 582 2385 ῥομφαίας
613 2315 1039 2386 ἐμνημόνευσεν,
1073 2314 1358 2367 ἀκόλουθον
1410 2312 1503 2366 καὶ
1545 2312 1721 2376 δεξιᾶς

173 2405 454 2475 ἐποιήσατο
488 2409 729 2478 μνήμην.
761 2406 919 2472 Δεξιά
941 2406 997 2459 δὲ
1026 2404 1187 2459 αὑτοῦ
1234 2405 1300 2456 τὰ
1327 2402 1473 2468 δεξιά
1502 2401 1719 2473 βουλεύ-

177 2514 331 2564 ματα,
363 2494 444 2561 οἷς
470 2497 808 2568 κεχρημένος
839 2498 937 2570 τὴν
961 2497 1057 2567 τῆς
1091 2496 1358 2568 ἁμαρτίας
1387 2495 1486 2548 οὐκ
1512 2494 1721 2558 ἐδέξατο

175 2588 488 2658 προσϐολήν.

242 2679 315 2732 Τὰ
345 2679 512 2745 ,ϐέλη
558 2694 671 2733 σου
719 2678 1075 2748 ἠκονημένα,
1133 2677 1369 2732 δυνατέ.
1413 2678 1547 2749 Βέλη
1597 2679 1722 2739 τοὺς

173 2770 348 2838 ἁγίους
376 2770 708 2833 ἀποστόλους
735 2772 918 2842 φησιν,
967 2771 1015 2824 οἳ
1049 2772 1141 2824 καὶ
1169 2773 1225 2824 ἐν
1268 2770 1463 2844 καρδίᾳ
1506 2768 1721 2840 καιρίας

173 2859 422 2913 δεδώκασι
455 2860 672 2930 πληγὰς
707 2863 818 2922 τοῖς
844 2860 1052 2930 ἐχθροῖς
1070 2858 1162 2913 τοῦ
1197 2860 1468 2923 Βασιλέως
1492 2859 1599 2912 τῶν
1626 2858 1720 2929 βα-

177 2951 508 3005 σιλευόντων.
549 2950 732 3003 Ταῦτα
768 2951 824 3003 δὲ
865 2951 930 3003 τὰ
965 2951 1114 3021 βέλη,
1151 2950 1424 3022 πλήξαντα
1475 2953 1554 3013 εἰς
1588 2967 1721 3020 καρ-

173 3042 280 3096 δίαν
304 3045 430 3106 τοὺς
471 3043 695 3112 νοητοὺς
724 3043 969 3113 ἐχθροὺς,
1003 3043 1185 3114 ἴσχυσε
1233 3042 1594 3114 προσενέγκαι
1624 3042 1721 3112 τὴν

176 3132 256 3184 ὑπ’
284 3132 514 3205 οὐρανὸν
557 3134 663 3188 ὑπὸ
696 3133 860 3197 πόδας
892 3133 1147 3205 Χριστοῦ,
1179 3135 1272 3187 καὶ
1298 3133 1396 3203 τῆς
1427 3132 1590 3186 αὑτοῦ
1632 3133 1722 3203 βα-

176 3227 370 3290 σιλείας
401 3226 682 3279 ύποθεῖναι
729 3227 840 3290 τοῖς
872 3227 1073 3292 ζυγοῖς,
1123 3226 1208 3278 Ἐν
1248 3225 1535 3296 ὑπερϐατῷ
1567 3225 1622 3278 δὲ
1669 3227 1717 3279 οί

177 3315 356 3386 στίχοι,
387 3317 477 3370 ἵνα
502 3311 633 3370 ὧσιν
660 3316 830 3378 οὕτως
849 3333 862 3347 ο
891 3317 971 3368 Τά
1002 3316 1126 3386 βέλη
1153 3333 1243 3370 σου
1275 3317 1601 3387 ⁴ἠκονημένα,
1629 3317 1718 3368 δυ-

176 3406 310 3471 me,
338 3408 396 3458 ἐν
424 3404 677 3476 καρδίαις
702 3399 808 3456 τῶν
843 3402 1047 3474 ἐχθρῶν
1078 3403 1170 3456 τοῦ
1204 3403 1481 3473 βασιλέως.

251 3497 310 3550 ’0
333 3498 547 3565 θρόνος
567 3511 702 3561 σου,
719 3499 751 3549 ό
769 3497 1032 3560 Θεὸς,εις
1049 3496 1152 3549 τὸν
1166 3496 1351 3550 αἰῶνα
1366 3496 1470 3550 τοῦ
1485 3494 1716 3561 αἰῶνος.

178 3591 234 3640 υἱ
261 3589 582 3658 κεκλημένοι
608 3587 695 3640 διὰ
712 3586 818 3639 τῶν
846 3587 1174 3650 ἀποστόλων,
1216 3589 1596 3657 ὁμολογοῦντες
1626 3589 1718 3641 τοῦ

177 3677 504 3745 Μονογενοῦς
523 3679 621 3745 τὴν
639 3676 885 3745 θεότητα,
903 3678 1081 3744 φασίν·
1100 3677 1160 3729 Ὀ
1177 3678 1384 3744 θρόνος
1393 3681 1565 3742 σου,ὀ
1580 3679 1722 3742 Θεὸς

177 3774 255 3835 εις
280 3770 382 3824 τὸν
408 3767 597 3823 αἰῶνα
623 3767 730 3821 τοῦ
756 3766 985 3833 αιῶνος.
1029 3767 1263 3834 Ῥάσδος
1313 3772 1633 3837 εὐθύτητος
1681 3771 1717 3837 ἡ

175 3860 380 3928 ῥάϐδος
412 3859 526 3928 τῆς
548 3859 870 3926 βασιλείας
900 3874 1036 3914 σου.
1081 3862 1145 3914 'll
1195 3861 1422 3933 εὐθύτης
1472 3862 1622 3934 παρὰ
1656 3866 1719 3934 τῇ

179 3951 288 4021 θεία
315 3953 507 4023 Γραφῇ
539 3950 885 4021 δικαιοσύνην
909 3952 1179 4022 σημαίνει.
1216 3954 1375 4022 Λέγει
1420 3954 1617 4018 τοίνυν,
1646 3954 1722 4018 ὡς

177 4045 220 4094 οἱ
242 4043 640 4112 βασιλευόμενοι
676 4041 827 4112 παρά
863 4043 1117 4113 Χριστοῦ,
1140 4044 1235 4115 τὴν
1259 4044 1356 4114 τῆς
1385 4044 1723 4116 δικαιοσύνης

181 4133 388 4202 μάθοιεν
425 4133 661 4204 βαδίζειν
683 4133 820 4186 ὁδόν.

255 4226 595 4294 Ἠτάπησας
641 4224 1054 4294 δικαιοσύνην,
1108 4227 1203 4279 καὶ
1259 4228 1556 4298 ἐμίσησας
1586 4229 1723 4284 ἀνο-

176 4318 326 4383 μίαν.
369 4317 591 4386 Ἐπειδὴ
619 4356 634 4380 ,
668 4316 765 4389 τὴν
798 4318 1002 4389 τροπὴν
1049 4317 1312 4382 παθοῦσα,
1345 4323 1378 4392 ὴ
1424 4320 1722 4392 ἀνθρώπων

181 4405 327 4472 φύσις
371 4404 742 4473 καταλείψασα
789 4404 886 4476 τὴν
929 4406 1269 4477 δικαιοσύνην
1322 4409 1575 4479 ἠγάπησε
1627 4409 1723 4479 τὴν

179 4496 412 4566 ἀνομίαν,
446 4495 620 4569 ταύτῃ
646 4513 730 4549 τοι
781 4496 995 4566 γέγονεν
1017 4497 1297 4569 ἄνθρωπος
1330 4502 1356 4552 ό
1398 4501 1721 4569 Μονογενὴς,

1818 2033 1961 2087 enim
1989 2047 2137 2086 arma
2168 2034 2632 2089 commemoravit.
2672 2033 2737 2087 de
2771 2031 3179 2086 mansuetudine
3217 2046 3370 2084 men-

1819 2123 2018 2176 tionem
2043 2121 2190 2177 facit.
2231 2121 2494 2178 Mansueti
2526 2133 2703 2177 autem
2745 2131 2847 2189 est,
2875 2121 3051 2176 illatas
3080 2121 3183 2176 sibi
3223 2121 3369 2190 inju-

1818 2215 1929 2268 rias
1953 2215 2241 2271 dimittere.
2275 2215 2338 2270 Et
2361 2215 2572 2270 deducet
2610 2225 2656 2268 te
2687 2214 3000 2268 mirabiliter
3022 2214 3233 2266 dextera
3255 2224 3367 2266 tua.

1819 2305 2044 2371 Quando
2088 2308 2233 2360 enim
2292 2306 2528 2376 gladium
2581 2304 2932 2371 memoravit,
2979 2312 3370 2374 consequenter

1818 2399 1980 2452 etiam
2003 2399 2069 2452 de
2087 2397 2305 2453 dextera
2331 2397 2587 2467 loquitur.
2615 2395 2843 2451 Dextera
2875 2405 3054 2450 autem
3081 2395 3198 2465 ejus
3222 2403 3368 2459 sunt,

1819 2490 2034 2544 dextera
2079 2491 2192 2544 sive
2235 2490 2468 2560 genuina
2511 2488 2757 2553 consilia,
2796 2488 2950 2556 queis
2995 2501 3128 2541 usus
3168 2487 3370 2556 peccati

1821 2579 2076 2648 impetum
2100 2595 2204 2633 non
2231 2579 2455 2648 excepit.

1889 2671 1942 2725 6.
1983 2670 2202 2741 Sagitta
2249 2681 2350 2724 tua:
2391 2679 2589 2734 acutte,
2627 2685 2656 2722 ο
2693 2680 2890 2738 potens.
2934 2667 3168 2737 Sagittas
3217 2674 3373 2720 voca'.

1821 2773 2040 2817 sanctos
2081 2763 2374 2832 apostolos,
2419 2764 2510 2831 qui
2566 2763 2729 2816 etiam
2773 2761 2988 2814 lethalia
3015 2761 3237 2814 vulnera
3291 2761 3373 2812 in-

1821 2853 2004 2908 ﬂixere
2033 2855 2084 2908 in
2117 2869 2210 2909 cor
2238 2854 2578 2908 inimicorum
2635 2851 2796 2923 Regis
2816 2867 3024 2922 regum.
3055 2851 3179 2906 Haec
3210 2866 3373 2922 porro

1821 2943 1924 2998 tela
1948 2959 2066 3013 qua:
2092 2943 2400 3013 spirituales
2431 2943 2680 2998 inimicos
2710 2943 2765 2997 in
2796 2941 2957 2997 corde
2999 2941 3369 3005 vulnerarunt,

1822 3036 2004 3089 orbem
2057 3044 2348 3104 potuerunt
2406 3034 2606 3089 Christi
2662 3034 2889 3104 pedibus
2939 3034 3274 3099 submittere,
3317 3043 3373 3088 et

1818 3126 1948 3197 jugo
2001 3127 2150 3196 regni
2191 3125 2310 3196 ejus
2345 3127 2630 3197 subjicere.
2661 3126 2926 3182 Caeterum
2963 3127 3017 3180 bi
3050 3141 3241 3182 versus
3278 3140 3374 3196 per

1821 3219 2149 3290 hyperbaton
2206 3219 2495 3285 dicuntur,
2561 3229 2619 3272 ut
2690 3229 2880 3273 sonent
2930 3239 2943 3273 :
2992 3221 3210 3290 Sagittae
3269 3227 3372 3274 tua:

1821 3321 2011 3379 acutae,
2040 3327 2073 3366 ο
2109 3320 2321 3382 potens,
2359 3311 2413 3364 in
2451 3309 2705 3367 cordibus
2741 3311 3081 3367 inimicorum
3112 3312 3254 3383 regis

1893 3487 1942 3542 7.
1986 3487 2222 3542 Thronus
2269 3498 2410 3553 tuus,
2449 3489 2610 3555 Deus,
2655 3492 2708 3544 in
2743 3493 2990 3545 saeculum
3031 3494 3230 3548 seculi.
3269 3493 3370 3560 Qui

1824 3581 1995 3633 vocati
2022 3595 2113 3649 per
2151 3581 2426 3650 apostolos
2457 3591 2583 3637 sunt
2613 3583 2927 3638 conﬁtentes
2957 3581 3227 3654 Unigeniti
3254 3587 3372 3640 dei-

1822 3678 2009 3733 tatem,
2043 3672 2191 3724 aiunt
2222 3690 2234 3723 :
2277 3671 2510 3725 Thronus
2553 3684 2694 3741 tuus,
2714 3674 2871 3739 Deus,
2895 3677 2949 3729 in
2970 3676 3217 3730 naculum
3271 3694 3372 3732 sae—

1821 3760 1947 3813 culi.
2010 3759 2166 3832 Virga
2226 3763 2526 3816 directionis
2588 3767 2731 3834 virga
2792 3768 2934 3836 regni
3003 3770 3100 3822 tui.
3143 3768 3374 3824 Directio

1825 3851 1876 3904 in
1902 3852 2098 3908 divinis
2130 3851 2428 3922 Scriptnris
2451 3855 2715 3923 justitiam
2758 3855 3042 3925 signiﬁcat.
3072 3858 3160 3909 Ait
3188 3858 3370 3927 igitur,

1823 3944 2022 4010 quibus
2069 3944 2296 4013 imperat
2341 3945 2590 4001 Christus
2638 3947 2690 4001 in
2729 3948 2812 4026 via
2848 3948 3070 4015 justiti-ae
3131 3949 3373 4004 incedere

1823 4034 2079 4090 ediscent.

1893 4215 1946 4268 8.
1995 4213 2242 4268 Dilexisti
2260 4215 2529 4283 justitiam
2556 4224 2603 4269 et
2631 4215 2788 4268 odisti
2813 4215 3161 4285 iniquitatem.
3193 4214 3374 4281 Quan-

1825 4306 2114 4377 doquidem
2146 4307 2430 4362 hominum
2462 4317 2674 4372 natura,
2712 4309 3063 4363 mutationem
3095 4324 3372 4379 perpessa,

1824 4399 2124 4454 deserendo
2150 4399 2417 4468 justitiam
2457 4399 2645 4454 dilexit
2686 4401 3058 4471 iniquitatem;
3094 4399 3214 4455 ideo
3247 4398 3375 4456 Uni-

1826 4490 2039 4560 genitus
2067 4487 2240 4543 factus
2277 4491 2436 4542 homo
2466 4499 2564 4552 est,
2598 4499 2654 4542 ut
2692 4489 2748 4542 in
2793 4505 2851 4543 se
2886 4490 3174 4543 humanam
3201 4490 3375 4544 corri-

180 4591 446 4661 κατορθῶν
481 4591 538 4642 ὲν
566 4589 742 4661 ἑαυτῷ
787 4593 851 4661 τῇ
879 4589 1171 4661 ἀνθρώπων
1201 4590 1358 4660 φύσει
1398 4592 1458 4644 τὸ
1500 4593 1716 4662 ἀγαπᾷν

1827 4597 1956 4651 gens
1983 4591 2254 4644 naturam,
2297 4580 2349 4635 id
2386 4580 2615 4635 eﬂiccret
2656 4589 2712 4635 ut
2751 4580 2995 4649 diligeret
3018 4580 3284 4650 justitiam
3321 4591 3375 4637 et

180 4682 516 4752 δικαιοσύνην
545 4682 638 4734 καὶ⁸
673 4683 846 4751 μισεῖν
867 4683 1090 4751 ἀνομίαν
1109 4700 1122 4713 ·
1151 4682 1243 4735 καὶ
1275 4684 1305 4752 ἡ
1331 4683 1426 4753 τῆς
1456 4682 1722 4753 ὲνανθρω-

181 4773 386 4842 πήσεως
416 4770 560 4840 αὕτη
589 4771 753 4824 αἰτία.
785 4771 874 4823 Διό
899 4787 1078 4840 φησιν·
1109 4771 1211 4824 Διὰ
1237 4771 1406 4824 τοῦτο
1430 4772 1636 4838 ἐχρισέ
1649 4789 1723 4824 σε

181 4861 210 4910 ό
231 4859 384 4925 Θεός.
413 4858 514 4911 Διά
539 4856 694 4910 τοῦτο
711 4857 789 4921 δὲ,
811 4860 958 4911 ποῖον
979 4874 992 4923 ;
1025 4859 1058 4928 ἢ
1082 4858 1219 4912 ὥστε
1242 4859 1334 4912 καὶ
1363 4859 1487 4922 τοὺς
1509 4862 1564 4912 ὲν
1593 4860 1721 4929 μεθ-

180 4947 281 5012 έξει
310 4966 403 5003 σου
447 4950 770 5019 γενομένους
803 4949 1187 5017 ἀγαλλιᾶσθαιο
1251 4951 1344 5004 ac;
1372 4950 1434 5021 δὴ
1460 4951 1534 5014 ὡς
1563 4952 1724 5023 ﬁlaq-

186 5040 364 5109 μένους
393 5041 485 5094 διὰ
507 5040 568 5092 τὸ
599 5039 987 5111 κατωρθῶσθαι
1032 5043 1212 5105 αὐτοῖς
1245 5045 1331 5097 διά
1367 5044 1460 5096 σοῦ
1489 5045 1548 5097 τὸ
1587 5048 1722 5114 ἀγα-

183 5131 280 5200 πᾷν
328 5132 670 5202 δικαιοσύνην
733 5132 824 5185 καὶ
883 5134 1057 5202 μισεῖν
1107 5135 1352 5204 ἀνομίαν.
1390 5135 1491 5187 Διὰ
1547 5136 1721 5190 τοῦτο

182 5223 372 5291 ἕχρισέ
396 5240 472 5278 σε
501 5228 533 5278 ό
567 5223 729 5290 Θεὸς,
767 5228 800 5277 ό
840 5225 981 5288 Θεός
1027 5241 1161 5278 σου.
1199 5226 1319 5278 Ἐπὶ
1355 5225 1509 5280 τοῦτο
1539 5228 1721 5298 ἦλειψέ

184 5331 236 5367 σε
265 5317 291 5367 ό
313 5319 464 5380 Θεὸς,
503 5318 532 5368 ὁ
563 5316 692 5379 Θεός
727 5333 843 5377 σου,
879 5317 1042 5385 φησί’
1078 5317 1138 5369 τὸ
1170 5318 1275 5387 γὰρ
1319 5318 1553 5388 ἔχρισεν,
1575 5321 1720 5390 ἠλει-

181 5405 270 5474 ψεν
303 5409 678 5479 ἑρμηνεύεται.
731 5408 1001 5478 Συνῆπται
1052 5408 1108 5461 δὲ
1160 5413 1192 5479 ὴ
1229 5410 1414 5462 τούτου
1463 5412 1723 5482 ἑρμηνεία

183 5498 369 5552 ἀνωθεν
391 5503 472 5563 είς
494 5501 576 5564 τὸ,
613 5499 951 5570 Ἡτάπησας
981 5500 1391 5568 δικαιοσύνην.

246 5594 477 5660 Σμύρνα
511 5591 609 5644 καὶ
659 5590 888 5656 στακτὴ
941 5593 1038 5645 καὶ
1070 5594 1252 5647 κασία
1283 5594 1397 5648 ἀπὸ
1447 5592 1564 5647 τῶν
1606 5597 1721 5663 ἱμα-

185 5682 310 5736 τίων
336 5701 471 5738 σου.
519 5683 730 5751 Ὶμάτια
751 5682 842 5735 τοῦ
884 5684 1214 5748 Move-revexi;
1249 5685 1482 5755 νοηθεῖεν
1514 5684 1579 5738 ἂν
1632 5686 1721 5738 δυ-

248 5860 441 5919 "Psal.
488 5880 580 5927 vn,
615 5863 678 5916 13

1825 4673 1950 4726 odio
1980 4671 2203 4726 haberet
2230 4671 2566 4740 iniquitatem
2607 4690 2621 4725 :
2657 4680 2819 4740 atque
2847 4671 3032 4726 istbaec
3060 4672 3166 4728 fuit
3193 4673 3373 4729 incar-

1823 4764 2055 4818 nationis
2085 4779 2268 4818 causa.
2315 4763 2676 4829 Quamobrem
2726 4764 2839 4815 ait:
2893 4763 3175 4831 Propterea
3221 4768 3374 4821 unxit

1824 4864 1870 4906 te
1897 4854 2053 4908 Deus.
2087 4853 2605 4924 Propterea,quare?
2633 4853 2733 4908 nisi
2763 4865 2821 4908 ut
2850 4855 2941 4924 qui
2971 4857 3048 4909 tui
3084 4859 3374 4929 participes

1823 4955 2004 5000 essent
2045 4946 2399 5013 exsultarent,
2434 4953 2616 5014 utpote
2654 4945 2746 5014 qui
2777 4960 2844 5000 ex
2880 4946 3254 5004 misericordia
3283 4962 3374 5006 tua

1825 5038 1876 5092 id
1907 5040 2181 5094 consecuti
2224 5039 2331 5093 sint
2376 5047 2434 5092 ut
2481 5038 2760 5106 diligerent
2811 5037 3078 5106 justitiam
3137 5049 3192 5094 et
3250 5043 3375 5098 odio

1823 5131 2082 5186 haberent
2134 5131 2490 5201 iniquitatem.
2549 5127 2832 5197 Propterea
2879 5132 3030 5184 unxit
3084 5143 3133 5186 te
3187 5134 3326 5191 Deus
3356 5178 3373 5203 ,

1821 5222 1961 5276 Deus
1987 5231 2126 5276 tuus.
2153 5222 2278 5276 Ideo
2301 5222 2514 5276 inunxit
2538 5229 2589 5274 te
2622 5219 2786 5284 Deus,
2819 5221 2960 5276 Deus
2989 5231 3136 5286 tuus,
3163 5224 3371 5296 inquit:

1824 5317 1952 5369 illud
1983 5316 2124 5368 enim
2169 5315 2340 5378 unxit,
2373 5313 2589 5367 inunxit
2623 5313 3022 5382 interpretatur.
3062 5314 3235 5388 Hujus
3275 5335 3372 5373 au-

1821 5413 1928 5460 tem
1971 5407 2075 5460 loci
2118 5406 2488 5476 interpretatio
2533 5405 2781 5476 superius
2813 5406 2878 5461 ad
2919 5407 3031 5462 haec
3059 5410 3239 5475 verba,
3269 5409 3372 5463 Di-

1821 5499 1996 5553 lexisti
2013 5500 2306 5568 justitiam,
2343 5499 2594 5568 adjuncta
2623 5497 2742 5554 fuit.

1890 5591 1940 5644 9.
1962 5591 2178 5660 Myrrha
2204 5601 2252 5646 et
2263 5601 2413 5662 gutta
2435 5591 2638 5645 etcasia
2674 5609 2706 5644 a
2722 5594 3037 5648 vestimentis
3063 5593 3369 5648 tuis.Vesti-

1822 5692 1996 5737 menta
2042 5681 2310 5754 linigeniti
2359 5686 2523 5754 probe
2576 5686 2940 5756 intelligantur
2972 5688 3218 5752 virtutes,
3258 5702 3372 5740 ma-
