4108 6486
725 441 824 500 211

1534 445 1588 499 S.
1632 445 2001 501 ATHANASH
2042 442 2191 499 OPP.
2236 440 2412 496 PARS
2451 438 2539 494 III.
2580 468 2647 478 —
2686 431 3097 490 EXECETICA.

3836 425 3933 479 212

728 564 1054 639 gniﬂceutia,
1089 564 1279 633 gloria,
1315 564 1467 633 juxta
1504 565 1629 619 illud
1662 585 1674 618 :
1727 565 1978 618 Dominus
2028 564 2277 631 regnavit.

2382 559 2595 626 νάμεις,
2625 551 3082 627 μεγαλοπρέπεια,
3127 548 3287 612 δόξα,
3326 546 3464 599 κατὰ
3499 546 3574 598 τό·
3627 545 3686 597 ’0
3730 546 3934 612 Κύριος

726 660 963 714 decorem
1004 656 1216 709 indutus
1245 666 1343 721 est,
1377 657 1591 710 indutus
1621 667 1696 709 est
1741 657 1989 709 Dominus
2038 657 2283 709 uirtutem

725 761 774 803 et
802 749 1079 819 pra’cinxit
1109 765 1161 801 se
1183 750 1250 799 ".
1294 748 1479 802 lstlnec
1518 749 1682 818 igitur
1732 749 1900 818 gloria
1951 757 2001 801 ct
2035 746 2282 816 magniﬁ-

724 842 897 896 centia
922 840 1060 908 ejus,
1094 839 1219 893 boni
1261 839 1415 893 nobis
1460 840 1641 894 odoris
1695 840 1813 904 fuit,
1844 848 1894 892 et
1914 840 2070 908 quasi
2113 854 2282 908 genus

723 946 882 985 omne
912 930 1248 985 odoramenti
1275 938 1327 983 et
1372 929 1599 995 incensi,
1653 930 1809 999 juxta
1844 928 1973 982 illud
2026 928 2153 981 alibi
2200 928 2281 980 di-

723 1033 869 1077 ctum
901 1039 914 1074 :
969 1020 1298 1090 Unguentum
1343 1020 1564 1087 eiusum
1595 1037 1779 1073 nomen
1820 1030 1964 1072 tuum
1996 1019 2041 1051 ’³
2071 1037 2084 1072 :
2116 1027 2169 1073 et
2224 1018 2281 1070 il-

724 1116 812 1169 lud
850 1133 863 1169 :
892 1112 958 1167 In
984 1115 1191 1166 odorem
1221 1122 1597 1181 unguentorum
1628 1121 1837 1163 tuorum
1858 1109 2143 1162 curram“.
2169 1106 2279 1178 (16)

722 1204 818 1258 Est
846 1213 1023 1258 autem
1058 1210 1248 1264 stacte,
1283 1204 1395 1256 sive
1421 1211 1587 1271 gutta,
1617 1203 1848 1273 myrrhae
1875 1216 2044 1271 genus
2076 1199 2282 1254 tenuis-

720 1293 941 1345 simum.
998 1289 1129 1343 Nam
1161 1290 1394 1344 contrito
1442 1301 1702 1347 aromate.
1751 1291 2010 1360 quidquid
2055 1289 2278 1344 ﬂuidum

719 1387 772 1439 in
799 1387 891 1439 illo
935 1384 1164 1438 habetur
1209 1386 1260 1438 in
1293 1393 1500 1439 stacten
1551 1386 1661 1439 sive
1710 1394 1915 1455 guttam
1970 1381 2225 1434 dividitur
2262 1398 2275 1433 :

718 1476 864 1548 quod
901 1477 1141 1533 crassius
1168 1478 1444 1533 residuum
1478 1486 1580 1539 est,
1628 1480 1844 1549 myrrha
1890 1484 2131 1528 vocatur.
2171 1471 2278 1527 Ca-

718 1568 799 1621 sia
840 1574 1021 1620 autem
1069 1574 1153 1621 est
1190 1578 1376 1621 cortex
1416 1568 1790 1628 tenuissimus,
1840 1563 2277 1626 odoratissimus,

716 1658 809 1728 qui
844 1659 1053 1727 ligneos
1092 1659 1342 1713 surculos
1379 1660 1641 1713 obtendit.
1686 1659 1727 1710 Α
1771 1659 2022 1711 domibus-
2042 1656 2277 1711 eburneis

715 1758 781 1793 ex
820 1741 1006 1809 quibus
1037 1740 1416 1796 delectaverunt
1465 1752 1531 1796 te.
1566 1742 1783 1807 Domus,
1816 1743 1954 1797 mdes
1987 1742 2280 1811 splendidae

716 1845 769 1886 et
846 1833 1127 1904 magniﬁce
1192 1843 1412 1889 structa:
1479 1843 1642 1903 atque
1722 1834 1919 1903 templa
1997 1834 2274 1888 dicuntur.

721 1903 987 1976 Eburneas
1036 1932 1215 1976 autem
1273 1922 1422 1987 dicit,
1470 1938 1568 1977 ceu
1616 1922 2167 1980 aﬁ'abrerelaboratas
2214 1937 2277 1977 ac
2307 1903 2349 1957 Β

717 2015 1130 2083 pulcherrimas.
1179 2013 1351 2085 Reges
1396 2023 1552 2069 vocat
1598 2024 1814 2069 sanctos
1862 2014 2135 2084 apostolos
2182 2012 2276 2082 qui

716 2121 823 2158 una
879 2120 1000 2158 eum
1049 2105 1269 2159 Christo
1328 2115 1572 2175 regnant.
1636 2104 1803 2158 Filias
1830 2114 2011 2158 autem
2064 2120 2274 2168 eorum,

716 2199 925 2251 animas
972 2212 1093 2266 quae
1144 2198 1386 2266 ipsorum
1436 2214 1597 2266 opera
1648 2198 1713 2251 ad
1766 2197 1857 2251 Dei
1914 2197 2276 2266 cognitionem

717 2299 1041 2356 regeneratus
1072 2299 1219 2353 sunt,
1255 2307 1374 2358 qua:
1406 2291 1566 2344 corda
1600 2306 1695 2345 sua
1738 2291 1790 2343 in
1820 2291 2013 2359 templa
2051 2289 2277 2344 concin-

716 2390 850 2435 nant
877 2380 1224 2435 ornatissima
1269 2382 1323 2435 in
1366 2381 1459 2435 Dei
1499 2382 1783 2444 honorem.
1820 2392 1982 2452 atque
2011 2382 2278 2435 delectant

715 2472 915 2542 ipsum.
944 2470 1175 2527 Perinde
1198 2471 1365 2543 igitur
1406 2481 1489 2528 est
1510 2489 1574 2527 ac
1604 2472 1651 2527 si
1685 2474 1926 2528 diceret:
1963 2472 2277 2529 Delectabe-

715 2561 812 2627 ris,
844 2575 877 2615 ο
912 2561 1155 2628 Domine,
1196 2576 1228 2615 a
1253 2560 1504 2616 domibus
1541 2560 1815 2624 eburneis,
1847 2576 1983 2631 quas
2012 2561 2065 2613 in
2104 2561 2276 2614 hono-

716 2668 828 2708 rem
861 2662 1013 2707 tuum
1063 2653 1187 2709 ﬁliae
1230 2669 1421 2724 regum
1464 2653 1824 2708 adornarunt.
1868 2652 2049 2706 Astitit
2094 2652 2275 2721 regina

710 2760 744 2796 α
769 2743 969 2796 dextris
1005 2744 1108 2797 tuis
1146 2744 1199 2797 in
1249 2745 1436 2798 vestitu
1478 2744 1751 2798 deaurato.
1803 2742 2007 2814 Regina
2056 2742 2274 2812 quidem

716 2836 957 2889 Ecclesia
984 2844 1088 2905 est,
1130 2844 1317 2906 utpote
1349 2838 1461 2907 regi
1493 2853 1690 2906 magno
1721 2838 2065 2905 desponsata.
2098 2834 2278 2890 Collo-

714 2928 857 2984 catio
903 2937 1085 2983 autem
1138 2944 1171 2984 a
1221 2929 1451 2994 dextris,
1512 2930 1773 2983 honorem
1842 2928 2111 2998 signiﬁcat
2165 2942 2275 2995 quo

712 3017 925 3072 fruetur
955 3019 1009 3073 in
1038 3018 1225 3074 futuro
1253 3021 1471 3074 saeculo.
1512 3017 1751 3074 Vestitus
1778 3030 1959 3074 autem
2005 3016 2275 3088 pretiosus

713 3119 862 3172 sunt,
905 3107 1058 3175 ﬁdes,
1100 3123 1246 3178 spes,
1296 3108 1553 3163 charitas.
1592 3109 1693 3163 Sed
1744 3116 1799 3162 et
1846 3108 1991 3162 aliud
2038 3107 2276 3176 splendi-

710 3198 835 3255 dius
870 3199 1249 3255 vestimentum
1279 3199 1464 3265 habet,
1508 3200 1686 3269 ipsum
1728 3200 1933 3254 scilicet
1974 3198 2271 3252 Christum.

711 3290 1019 3363 Quicunque
1056 3292 1226 3358 enim,
1279 3292 1375 3357 ait,
1406 3295 1459 3345 in
1507 3291 1774 3347 Christum
1827 3290 2085 3359 baptizati
2128 3290 2274 3358 estis,

712 3381 981 3437 Christum
1010 3384 1258 3437 induistis
1297 3384 1361 3437 ⁸⁵.

785 3473 869 3528 ﬂ.
910 3474 1071 3538 Audi,
1122 3473 1258 3541 ﬁlia,
1301 3483 1352 3528 et
1400 3476 1533 3528 vide.
1597 3473 1806 3528 Rursus
1849 3489 1946 3527 ceu
1994 3473 2059 3527 ad
2094 3471 2277 3526 Eccle-

714 3565 850 3619 siam
903 3578 1083 3618 sermo
1130 3576 1233 3618 est.
1274 3563 1343 3617 Et
1393 3563 1692 3617 obliviscere
1742 3563 1991 3632 populum
2051 3575 2197 3614 tuum
2226 3567 2277 3613 et

712 3654 925 3707 domum
956 3654 1124 3723 patris
1173 3656 1270 3707 lui.
1322 3652 1491 3709 Nemo
1528 3654 1727 3725 quippe
1762 3672 1933 3726 purus
1973 3655 2040 3710 ad
2071 3654 2275 3710 Christi

712 3743 871 3799 ﬁdem
921 3745 1150 3809 accedit,
1199 3746 1303 3801 uisi
1336 3746 1731 3816 praeteritorum
1764 3748 2031 3801 malorum
2065 3761 2274 3801 memo-

713 3836 849 3891 riam
873 3836 1096 3891 omnino
1125 3835 1356 3891 aboleat.
1393 3834 1635 3906 Populus
1659 3844 1837 3890 autem
1871 3834 2124 3890 Ecclesia:
2144 3834 2273 3887 olim

710 3940 867 3982 erant
912 3929 1231 3984 idololatrae.
1285 3928 1489 3983 Domus
1548 3938 1728 3983 autem
1785 3928 1956 3997 patris
2004 3928 2123 3997 ejus
2181 3941 2273 3980 sa-

712 4021 918 4090 pientes
947 4020 1152 4085 saeculi,
1199 4021 1252 4074 iu
1304 4022 1503 4089 quibus
1536 4021 1692 4090 quasi
1732 4020 1786 4073 in
1817 4021 1978 4074 domo
2012 4019 2275 4073 inhabitat

712 4111 965 4169 Satanas.
1000 4112 1069 4167 Et
1109 4113 1223 4182 ﬁlia
1257 4112 1382 4183 Tyri
1427 4115 1481 4167 in
1524 4113 1845 4166 muneribus.
1896 4111 1978 4167 Ab
2023 4128 2125 4165 una
2164 4111 2272 4182 Ty-

709 4207 919 4261 riorum
987 4215 1187 4276 gente,
1260 4205 1503 4275 gentium
1566 4203 1905 4258 vocationem
1976 4201 2266 4269 signiﬁcat.

710 4295 902 4369 Tyrios
948 4306 1128 4351 autem
1190 4298 1529 4361 memoravit,
1592 4296 1719 4364 quia
1769 4294 1873 4364 ipsi
1930 4293 2269 4363 potissimum

708 4389 811 4459 pia:
851 4387 1212 4445 institutionis
1251 4388 1459 4443 inimici
1483 4398 1683 4442 essent.

2386 650 2804 707 ἐϐασίλευσεν,
2839 642 3197 711 εὐπρέπειαν
3239 637 3582 698 ἐνεδύσατο,
3614 634 3937 689 ἐνεδύσατο

2387 743 2601 809 Κύριος
2637 739 2893 806 δύναμιν
2934 734 3032 787 καί
3080 728 3483 799 περιεζώσατο.
3512 726 3659 796 Δύτη
3693 727 3756 796 δὴ
3784 721 3875 778 οὖν
3904 727 3935 796 ἡ

2384 834 2511 900 δόξα
2555 829 2718 885 αὐτοῦ
2752 829 2845 882 καὶ
2895 828 2930 897 ἡ
2983 822 3422 897 μεγαλοπρέπεια
3471 819 3673 888 εὐώδης
3722 818 3940 886 γέγονεν

2384 925 2535 995 ἡμῖν,
2566 922 2661 975 καὶ
2687 920 2760 983 ὡς
2795 921 2851 971 ὲν
2882 917 3030 983 τάξει
3057 913 3395 984 θυμιάματος
3444 910 3640 973 παντὸς
3689 908 3833 961 κατὰ
3881 908 3939 961 τὸ

2384 1011 2613 1084 ἀλλαχοῦ
2641 1010 2925 1082 εἰρημένον
2945 1023 2957 1036 ·
2986 1008 3189 1073 Μύρον
3228 1001 3556 1056 ἐκκενωθὲν
3576 998 3767 1068 ὄνομὰ
3788 1013 3903 1053 σου
3922 1017 3934 1029 ·

2384 1108 2475 1159 καὶ
2505 1105 2587 1169 τὸ,
2616 1105 2719 1169 Είς
2751 1099 2949 1170 ὀσμὴν
2974 1096 3222 1161 εὐωδίας
3245 1111 3358 1149 σου
3380 1091 3729 1161 δραμοῦμαι.
3753 1090 3937 1143 Ἔστιν

2384 1200 2415 1267 ἡ
2447 1194 2651 1261 στακτὴ
2678 1192 2921 1263 σμύρνης
2943 1186 3080 1252 εἶδος
3108 1187 3448 1240 λεπτότατονο
3481 1184 3818 1246 ἑκθλιὸἐντος
3834 1182 3937 1252 γὰρ

2381 1288 2474 1340 τοῦ
2504 1287 2811 1358 άρώματος,
2845 1286 2966 1336 ὅσον
2996 1282 3089 1351 μὲν
3118 1280 3222 1351 γὰρ
3239 1276 3400 1331 αὐτοῦ
3433 1279 3586 1349 ῥυτὸν
3611 1277 3691 1339 είς
3707 1275 3937 1344 στακτὴν

2380 1379 2771 1449 ἁπομερίζεται
2804 1392 2817 1406 ’
2872 1374 2932 1427 τὸ
2983 1373 3041 1425 δὲ
3086 1371 3386 1442 παχύτερον
3414 1368 3688 1439 άπομένον
3727 1366 3937 1437 σμύρνα

2382 1469 2866 1543 προσαγορεύεται.
2904 1467 2967 1519 Ἦ
2999 1465 3056 1517 δὲ
3085 1463 3251 1517 κασία
3280 1461 3458 1530 φλοιός
3490 1459 3571 1522 τίς
3602 1460 3719 1511 ἐστι
3753 1456 3938 1509 λεπτό-

2377 1579 2537 1625 τατος
2584 1560 2680 1613 καὶ
2710 1557 2935 1625 εὐώδης,
2988 1552 3193 1622 ξυλώδη
3240 1552 3427 1621 κάρφη
3478 1546 3932 1617 περιτεινόμενος.

2392 1654 2522 1709 Ἀπὸ
2570 1651 2803 1719 ,βάρεωγ
2848 1646 3250 1716 ἐλεφαντίνων
3284 1643 3352 1707 ἐξ
3381 1636 3469 1695 ὧν
3496 1636 3813 1708 ηὔφρανάν
3844 1652 3931 1690 σε.

2378 1744 2585 1812 Βάρεις
2616 1742 2714 1812 μὲν
2741 1741 2791 1793 ot
2818 1736 3123 1799 πολυτελεῖς
3140 1735 3233 1788 καὶ
3264 1731 3526 1803 ἐξαίρετοι
3551 1724 3709 1792 οἶκοι,
3740 1727 3858 1797 ἦτοι
3886 1726 3935 1777 oi

2380 1834 2516 1887 vaol.
2561 1828 2987 1899 Ἑλεφαντίνας
3013 1827 3070 1880 δὲ
3094 1825 3190 1889 τὰς
3222 1821 3595 1892 ἀπεξεσμένας
3635 1819 3800 1871 οἱονεὶ
3844 1816 3936 1869 καὶ

2379 1921 2870 1995 περικαλλεστὰτας
2918 1918 3099 1988 φησίν.
3128 1913 3390 1977 Βασιλέας
3419 1911 3475 1965 δὲ
3513 1908 3769 1981 ὀνομάζει
3811 1906 3935 1969 τούς

2380 2014 2565 2081 ἁγίους
2602 2012 2949 2073 ἀποστόλους,
2979 2009 3027 2062 οἳ
3054 2008 3148 2062 καὶ
3194 2001 3647 2077 συμϐασιλεύουσι
3682 1999 3761 2070 τῷ
3804 1999 3935 2070 Χρι-

2379 2104 2508 2175 στῷ.
2541 2104 2855 2175 Θυγατέρας
2885 2102 2941 2154 δὲ
2983 2100 3161 2155 αὐτῶν
3209 2097 3307 2162 τὰς
3354 2097 3423 2151 δι’
3458 2094 3635 2148 αὐτῶν
3686 2093 3769 2155 είς
3820 2090 3935 2144 θεο-

2377 2198 2614 2266 γνωσίαν
2646 2192 3151 2263 ἀναγεγεννημένας
3184 2189 3358 2261 ψυχὰς
3383 2227 3398 2253 ,
3430 2190 3486 2242 αῖ
3520 2188 3613 2241 καὶ
3643 2186 3807 2247 ναοὺς
3836 2182 3935 2243 τὰς

2376 2287 2583 2343 ἑαυτῶν
2633 2285 2858 2357 καρδίας
2908 2280 3223 2337 ἀποτελοῦσι
3249 2277 3811 2351 ιπερικαλλεστάτους,
3855 2272 3936 2333 είς

2377 2380 2541 2451 τιμὴν
2569 2378 2659 2432 τοῦ
2694 2375 2828 2430 Θεοῦ
2860 2370 3252 2448 εὐφραινούσας
3278 2368 3459 2424 αὐτόν.
3488 2367 3712 2435 Ὅμοιον
3740 2357 3837 2416 οὖν

2375 2450 2616 2541 είλέγῃο
2650 2466 3032 2537 Εὐφρανθήση,
3076 2460 3265 2534 φησὶν,
3310 2451 3356 2511 ὧ
3386 2456 3649 2517 Δέσποτα,
3683 2452 3793 2505 ἀπὸ
3845 2450 3937 2521 βά-

2380 2578 2515 2633 ρεων
2545 2558 2899 2628 ἐλεφαντίνων
2948 2548 3021 2607 ῶν
3054 2549 3455 2607 κατεσκεύασαν
3496 2546 3575 2611 εἰς
3628 2543 3724 2616 σὴν
3771 2541 3935 2611 τιμὴν

2378 2656 2434 2707 αἱ
2463 2653 2570 2705 τῶν
2601 2650 2861 2723 βασιλέων
2889 2646 3203 2716 θυγατέρες.
3226 2642 3500 2712 Παρέστη
3524 2638 3935 2708 ἠβασίλισυα

2376 2746 2445 2799 ἐκ
2470 2742 2684 2810 δεξιῶν
2712 2758 2829 2797 σου
2868 2741 2937 2794 ἐν
2962 2736 3251 2809 ἱματισμῷ
3289 2734 3614 2802 διαχρύσῳ.
3640 2728 3935 2785 Βασίλισσα

2381 2840 2478 2910 μὲν
2505 2841 2540 2911 ὴ
2584 2834 2896 2907 Ἐκκλησία,
2933 2833 3009 2897 ὼς
3037 2832 3223 2902 νύμφη
3255 2826 3519 2898 γενομένη
3549 2822 3641 2879 τοῦ
3696 2821 3934 2893 μεγάλου

2378 2932 2669 3004 βασιλέως·
2722 2933 2755 3001 ὴ
2788 2928 2845 2981 δὲ
2879 2927 3065 2990 στάσις
3102 2925 3137 2996 ἡ
3168 2925 3233 2976 ἐκ
3269 2920 3455 2985 δεξιῶν
3496 2917 3595 2988 τὴν
3641 2914 3809 2987 τιμὴν
3843 2930 3935 2984 ση-

2381 3025 2560 3096 μαίνει
2587 3018 2655 3093 ἦς
2682 3018 2977 3076 ἀπολαύσει
3025 3019 3084 3071 ὲν
3125 3014 3204 3086 τῷ
3239 3013 3481 3086 μέλλοντι
3528 3007 3718 3062 αἰῶνι·
3756 3008 3935 3077 ἱματι-

2379 3114 2513 3185 σμὸς
2539 3112 2595 3165 δὲ
2624 3112 2794 3180 αὐτῆς
2832 3108 3076 3170 ποικίλος
3104 3106 3303 3168 πίστις,
3346 3102 3522 3165 ἐλπὶς,
3554 3098 3740 3168 ἀγάπη
3759 3111 3772 3126 ·
3823 3096 3934 3166 εχει

2376 3206 2431 3259 δὲ
2464 3205 2556 3259 καῖ⁷
2583 3204 2769 3275 ἕτερον
2804 3200 3016 3273 ἱμάτιον
3034 3196 3426 3269 λαμπρότερον,
3457 3193 3547 3247 τὸν
3576 3189 3807 3263 Χριστὸν
3838 3189 3932 3241 αὐ-

2377 3297 2489 3351 τόν.
2518 3297 2691 3349 Ὅσοι
2721 3293 2848 3363 γὰρ,
2882 3291 3065 3363 φησὶν,
3094 3292 3181 3356 εις
3216 3285 3472 3358 Χριστὸν
3516 3282 3929 3347 ἐϐαπτίσθητε,

2376 3386 2630 3458 Χριστὸν
2655 3383 3042 3437 ἐνεδύσασθε.

2451 3482 2774 3537 Ἄκουσον.
2802 3474 3072 3542 θύγατερ,
3096 3467 3193 3523 καὶ
3229 3464 3338 3519 ιδε.
3380 3463 3492 3518 Καὶ
3519 3461 3679 3517 πάλιν
3696 3460 3774 3524 ὡς
3798 3458 3934 3530 πρὸς

2374 3572 2473 3642 τὴν
2506 3567 2827 3639 Ἐκκλησίαν
2865 3562 2894 3616 ὁ
2924 3562 3080 3631 λόγος
3106 3555 3274 3621 οὗτος.
3333 3554 3440 3609 Kal
3487 3550 3783 3642 ἐπιλάθου
3826 3548 3932 3642 τοῦ

2373 3639 2529 3717 λαοῦ
2547 3674 2662 3715 σου
2692 3658 2790 3713 καί
2815 3656 2921 3711 τοῦ
2950 3654 3119 3708 οἶκον
3146 3648 3252 3704 τοῦ
3278 3648 3499 3714 πατρός
3537 3658 3675 3698 σου.
3721 3641 3838 3695 Οὐκ
3866 3639 3932 3693 ἂν

2374 3754 2482 3825 γάρ
2513 3769 2596 3816 τις
2619 3748 2855 3828 καθαρρς
2882 3750 2947 3818 τῇ
2968 3744 3054 3797 διὰ
3079 3737 3314 3814 Χριστοῦ
3342 3735 3705 3828 προσέρχεται
3726 3732 3929 3792 πίστει,

2378 3824 2461 3914 μὴί
2484 3842 2723 3909 παντελῆ
2751 3824 2919 3909 ληθην
2969 3835 3077 3888 τῶν
3123 3829 3399 3902 προτέρων
3439 3824 3803 3914 ποιησάμενος
3832 3838 3931 3873 κα-

2536 3934 2675 3995 Λαδς
2698 3931 2756 3984 δὲ
2788 3929 2954 3983 πάλαι
2977 3927 3077 3996 τῆς
3110 3918 3427 3991 Ἐκκλησίας
3451 3917 3500 3971 οί
3527 3911 3926 3983 είδωλολάτραι.

2372 4024 2530 4089 Οἶκος
2561 4026 2617 4078 δὲ
2636 4022 2741 4076 τοῦ
2783 4020 2984 4093 πατρὸς
3004 4017 3192 4086 αὐτῆς,
3224 4015 3273 4068 οἱ
3316 4009 3467 4079 σοφοὶ
3505 4007 3597 4061 τοῦ
3627 4005 3844 4067 αίῶνος,
3871 4004 3930 4093 εν

2371 4108 2450 4176 οἷς
2479 4113 2721 4164 κατοικεῖ
2751 4090 2935 4177 ὥσπερ
2970 4108 3025 4158 ὲν
3055 4103 3221 4164 οίκοις
3245 4104 3272 4154 ὁ
3307 4098 3576 4160 Σατανᾶς.
3610 4094 3720 4148 Καὶ
3746 4090 3924 4157 θυγά-

2372 4220 2478 4270 τηρ
2513 4204 2696 4269 Τύρου
2736 4200 2805 4252 ἐν
2850 4196 3076 4263 δώροις.
3128 4190 3257 4244 Ἀπὸ
3296 4189 3412 4250 ἑνὸς
3445 4186 3650 4248 ἔθνους,
3680 4180 3775 4235 τοῦ
3822 4181 3930 4232 Τυ-

2373 4292 2503 4363 ρίων
2555 4288 2717 4359 φημὶ,
2774 4285 2872 4356 τὴν
2905 4282 3010 4337 τῶν
3056 4279 3221 4334 ἐθνῶν
3271 4277 3462 4345 κλῆσιν
3510 4270 3927 4363 κατασημαίνει.

2370 4360 2509 4442 Τοὺς
2541 4375 2770 4448 Τυρίους
2811 4372 2867 4425 δὲ
2917 4370 3184 4440 ὠνόμασε,
3234 4364 3323 4419 διὰ
3350 4364 3411 4417 τὸ
3458 4362 3690 4434 μάλιστα
3733 4360 3930 4420 αὐτοὺς

2371 4471 2599 4543 ἐχθροὺς
2626 4464 2762 4521 εἶναι
2781 4462 2873 4519 τοῦ
2898 4459 3153 4523 εὐσεϐοῦς
3183 4455 3594 4525 πολιτεύματος.

780 4561 865 4617 15.
927 4560 1139 4615 Vultum
1192 4574 1341 4615 tuum
1390 4561 1810 4629 deprecabuntur
1854 4562 2039 4615 divites
2079 4561 2262 4629 plebis.

2575 4557 2898 4627 πρόσωπόν
2946 4568 3060 4607 σου
3108 4547 3576 4604 λιτανεύσουσιν
3628 4544 3682 4595 ol
3737 4538 3927 4592 πλού-

705 4651 821 4707 Hoc
863 4651 941 4704 ait
1007 4650 1355 4722 Evangelium
1412 4653 1631 4721 regibus
1678 4652 2001 4721 prmdicans,
2046 4662 2099 4705 et
2131 4653 2269 4721 opti-

707 4742 987 4812 matibus:
1052 4742 1232 4796 Adora
1288 4741 1582 4798 Ecclesiam
1629 4742 1743 4798 sive
1779 4741 1897 4813 ejus
1956 4743 2265 4797 Dominum.

708 4833 891 4888 Omnis
951 4833 1122 4903 gloria
1154 4834 1280 4901 ﬁlia:
1310 4836 1467 4904 regis.
1495 4836 1558 4889 ab
1594 4836 1756 4901 intus,
1804 4836 1859 4888 in
1899 4835 2125 4902 ﬁmbriis
2170 4850 2268 4887 au-

706 4924 826 4977 reis.
874 4922 1133 4978 Pietatem
1183 4938 1336 4989 voce,
1399 4924 1461 4976 ab
1508 4926 1672 4987 intus,
1714 4925 2034 4994 signiﬁcat:
2105 4924 2267 4993 spiri-

703 5016 866 5072 tualis
900 5032 1135 5086 namque
1178 5026 1260 5073 est
1300 5028 1527 5073 ornatus
1560 5019 1829 5073 Ecclesiae.
1876 5018 2144 5073 Fimbrias
2172 5032 2268 5071 au-

704 5120 809 5165 tem
836 5110 968 5165 dicit
1007 5110 1336 5180 multiplices
1376 5113 1554 5180 specie
1593 5111 1839 5165 virtutes.

773 5282 859 5338 i5.
900 5284 1242 5339 Adducentur
1292 5286 1401 5356 regi
1454 5286 1678 5354 virgines
1731 5293 1848 5352 post
1890 5300 2026 5337 eam.
2085 5282 2272 5337 Simile

702 5376 827 5433 huic
895 5395 910 5432 :
983 5378 1269 5446 Rapiemur
1327 5380 1381 5431 in
1441 5378 1663 5431 trabibus
1700 5378 1903 5430 obuiam
1957 5376 2183 5430 Domino
2214 5377 2270 5428 in

646 5464 649 5467 “
698 5484 823 5521 arra
852 5471 917 5525 ".
976 5469 1211 5523 Rursum
1260 5486 1356 5539 per
1404 5470 1665 5539 virginem
1692 5468 1989 5523 Ecelesiam
2023 5468 2266 5522 indicat:

770 5610 1156 5675 "'Psa|.xcu,
1202 5612 1249 5665 1.
1348 5612 1391 5641 ³³
1423 5610 1574 5664 Cant.
1630 5629 1641 5663 I
1712 5610 1765 5661 2.
1868 5610 1912 5640 ’⁸
2008 5608 2133 5662 ibid.
2187 5610 2239 5661 5.

768 5844 877 5913 (16)
910 5843 964 5898 1η
996 5844 1114 5900 aliis
1148 5848 1353 5899 catenis
1388 5846 1497 5899 haec
1526 5842 1712 5899 Basilii
1753 5856 1872 5897 esse
1911 5842 2182 5895 dicuntur.

2323 5610 2367 5639 "
2414 5616 2572 5663 natat.
2611 5624 2699 5669 ιιι,
2746 5605 2828 5657 17.

2372 4666 2493 4706 σιοι
2525 4649 2631 4703 τοῦ
2684 4647 2855 4703 λαοῦ.
2886 4642 3054 4698 Τοῦτό
3091 4657 3257 4711 φησιν
3302 4634 3781 4705 εὐαγγελιζόμενος
3834 4631 3929 4684 καὶ

2372 4743 2564 4805 αὐτοὺς
2600 4740 2724 4802 τούς
2748 4735 3002 4808 βασιλεῖς,
3035 4730 3274 4793 καὶτοὺς
3305 4731 3363 4783 ὲν
3396 4727 3684 4796 ὑπεροχαῖς
3725 4723 3882 4786 ὄντας
3910 4737 3924 4751 ο

2375 4829 2755 4902 Προσκύνησον
2800 4827 2900 4896 τὴν
2947 4821 3289 4891 Ἐκκλησίαν,
3324 4820 3440 4889 ἦτοι
3475 4816 3559 4869 τὸν
3588 4813 3782 4882 ἑαυτῆς
3814 4810 3929 4866 Κύ-

2377 4940 2510 4995 ριον.
2547 4919 2720 4975 Πᾶσα
2761 4919 2800 4986 ἡ
2841 4916 2989 4981 δόξα
3022 4912 3129 4979 τῆς
3162 4907 3450 4979 θυγατρὸς
3477 4906 3583 4960 τοῦ
3619 4902 3925 4995 ,ϐασιλέως

2374 5016 2601 5069 ἔσωθεν
2625 5012 2694 5065 ἐν
2722 5006 3086 5079 κροσσωτοῖς
3118 5001 3385 5073 χρυσοῖς.
3419 4999 3492 5052 Τὸ
3525 4995 3746 5058 εὐσεϐὲς
3778 4994 3899 5048 ἔσω

2374 5109 2478 5161 θεν
2499 5103 2751 5176 σημαίνει
2767 5118 2780 5131 ο
2814 5098 2999 5169 νοητὸς
3026 5096 3134 5165 γὰρ
3155 5098 3183 5147 ό
3212 5094 3411 5162 κόσμος
3431 5090 3528 5160 τῆς
3569 5085 3887 5158 Ἐκκλησίας
3908 5101 3921 5116 ο

2369 5195 2634 5255 κοοσσοὺς
2664 5192 2719 5246 δὲ
2748 5190 2846 5253 τὰς
2877 5186 3175 5247 πολυειδεῖς
3204 5181 3424 5253 ἀρετάς.

2456 5280 2989 5353 Ἀπενεχθήσονται
3021 5274 3100 5341 τῷ
3136 5271 3390 5339 ,ϐασιλεῖ
3426 5268 3701 5339 παρθένοι
3738 5269 3928 5322 ὀπίσω

2367 5375 2576 5442 αὐτῆς.
2621 5377 2839 5443 Ὅμοιον
2870 5371 2965 5435 τὸ,
3006 5367 3483 5435 Ἀρπαγησόμεθα
3533 5364 3603 5416 ἐν
3646 5361 3927 5429 νεφέλαις

2368 5472 2453 5534 είς
2492 5466 2830 5531 ἀπάντησιν
2859 5463 2962 5517 τοῦ
2980 5460 3215 5527 ’Κιιρίου
3240 5460 3326 5523 είς
3355 5457 3518 5525 ἀέρα.
3554 5454 3720 5507 Πάλιν
3744 5451 3800 5506 δὲ
3843 5451 3927 5505 διὰ

2916 5604 2960 5632 ⁸⁵
2992 5599 3008 5651 l
3038 5598 3224 5652 Thess.
3261 5612 3330 5663 Iv,
3372 5597 3456 5650 ib.
