4108 6498
210 474 310 531 215

1290 459 1648 520 EXPOSITIO
1707 457 1774 513 IN
1813 456 2140 514 PSALMUM
2182 454 2339 510 XLV.

3311 444 3419 502 2M

211 593 300 662 τῆς
339 592 616 663 παρθένου
663 589 762 659 τὴν
807 585 1129 656 Ἐκκλησίαν
1167 586 1450 656 σημαίνει·
1497 583 1768 654 Ἦρμοσά-

1871 578 2135 645 Despondi
2173 578 2318 633 enim
2351 589 2447 628 vos
2473 571 2734 642 virginem
2781 581 2968 637 puram
3001 564 3250 619 exhibere
3287 561 3414 616 Deo.

217 699 314 753 μην
342 680 450 750 γὰρ
488 682 640 750 ὑμᾶς
671 677 932 749 παρθένον
955 677 1124 746 ἁγνὴν
1149 675 1495 746 παραστῆσαι
1523 674 1601 743 τῷ
1626 671 1759 742 Θεῷ.

211 778 272 830 Al
294 774 564 841 πλησίον
597 770 787 838 αὐτῆς
817 768 1330 838 ἀπενεχθήσονταί
1373 785 1490 820 σοι.
1521 767 1630 835 Τῆς
1659 764 1765 835 γὰρ

213 864 503 935 παρθενίας
527 864 759 934 πλησίον
787 864 820 932 ὴ
838 862 1150 931 ἐγκράτεια.
1183 860 1344 912 Ὅσαι
1371 859 1547 911 τοίνυν
1574 860 1764 927 ἐγκρα-

211 952 447 1006 τεύονται
479 951 654 1020 ψυχαὶ
679 949 916 1020 δηλονότι
952 949 1058 1002 ἀπὸ
1087 946 1335 1018 πράξεων
1371 945 1638 1018 πονηρῶν,
1673 944 1764 997 καὶ

212 1043 364 1097 αὐταὶ
423 1042 952 1112 συναπαχθήσονται.
985 1039 1274 1110 Συμϐαίνει
1318 1038 1374 1092 δὲ
1415 1038 1512 1100 τὰς
1558 1040 1765 1103 ἀπαγο-

216 1135 372 1205 μένας
423 1133 766 1203 εὐφροσύνην
823 1133 918 1186 καὶ
959 1131 1276 1200 ἀγαλλίασιν
1315 1130 1528 1184 αἰώνιον
1564 1131 1760 1201 εὑρεῖν.

223 1225 616 1294 ’Δχθήσονται
642 1226 728 1289 εὶς
757 1222 906 1277 ναὸν
941 1223 1266 1289 βασιλέως.
1319 1222 1420 1274 Τὸν
1449 1220 1764 1291 ἐπουράνιόν

213 1334 390 1389 φησιν.

289 1405 446 1462 Ἀντί
472 1406 595 1461 τῶν
616 1407 880 1476 πατέρων
899 1421 1014 1462 σου
1037 1405 1448 1476 ἐγεννήθησαν
1475 1405 1591 1459 vlo!
1629 1419 1763 1457 σου.

224 1499 433 1569 Ἐπειδὴ
464 1496 624 1553 εἶπεν
650 1501 805 1570 αὐτῇ,
848 1499 1130 1553 Ἐπιλάθου
1164 1498 1257 1553 τοῦ
1285 1498 1486 1569 πατρός
1517 1515 1631 1561 σου,
1662 1514 1765 1567 φη-

215 1590 314 1656 σὶν,
363 1589 501 1644 ἀντι
533 1589 656 1643 τῶν
691 1591 856 1644 πάλαι
885 1589 1151 1658 πατέρων
1179 1604 1316 1656 σου,
1348 1588 1620 1641 τουτέστιν
1649 1589 1768 1642 ἀντὶ

212 1680 314 1734 τῶν
361 1680 723 1746 διδασκάλων,
769 1681 976 1735 ἔσονταί
1025 1697 1106 1734 σοι
1158 1679 1279 1734 υἱοί.
1336 1679 1498 1743 Υίοὺς
1545 1680 1600 1732 δὲ
1637 1681 1762 1743 τοὺς

215 1770 394 1836 ἁγίους
426 1771 763 1835 ἀποστόλους
792 1771 946 1842 φησι,
977 1771 1116 1824 κατὰ
1144 1771 1206 1824 τὸ
1241 1771 1524 1842 εἰρημένον
1547 1771 1651 1824 ὑπὸ
1673 1770 1764 1824 τοῦ

215 1862 410 1933 Κυρίου
437 1880 448 1892 ·
483 1867 550 1917 Ol
577 1863 694 1918 υἱοί
729 1863 890 1933 ὑμῶν
935 1864 1004 1917 ἑν
1046 1864 1160 1917 τίνι
1181 1864 1541 1927 ἐκϐαλοῦσι;
1575 1865 1643 1916 Ἦ
1677 1865 1767 1918 καὶ

1866 667 2133 722 Proxima
2154 666 2266 736 ejus
2303 665 2588 734 afferentur
2616 659 2729 713 tibi.
2759 655 2891 712 Nam
2917 652 3212 726 virginitati
3245 654 3419 722 proxi-

1865 775 1952 816 ma
1987 769 2069 816 est
2104 757 2455 815 continentia.
2485 752 2760 822 Quotquot
2789 749 2951 819 igitur
2989 746 3184 800 anime
3211 759 3266 798 se
3291 759 3421 798 con-

1865 853 2036 908 tinent
2065 867 2097 907 a
2130 851 2286 906 malis
2313 848 2544 912 actibus,
2580 848 2710 915 ipsae
2751 855 2970 911 quoque
3009 852 3118 893 una
3152 837 3418 891 abducen-

1863 956 1970 1003 tur.
2002 945 2133 1012 Quze
2161 943 2501 999 abducuntur
2531 946 2713 994 autem
2749 934 2991 989 laetitiam
3021 940 3075 984 et
3099 927 3418 986 exsultatio-

1864 1053 1988 1093 nem
2019 1044 2443 1106 consequuntur.
2491 1031 2832 1087 Adducentur
2871 1027 2926 1079 in
2973 1022 3215 1092 templum
3263 1019 3414 1088 regis.

1864 1129 2097 1186 leeste
2134 1127 2406 1182 videlicet.

1937 1394 2024 1450 Π.
2068 1391 2174 1446 Pro
2202 1391 2438 1461 patribus
2464 1390 2570 1442 tuis
2602 1388 2710 1440 nati
2741 1394 2862 1439 sunt
2889 1385 2984 1437 tibi
3008 1384 3128 1452 ﬁlii.
3155 1380 3418 1448 Quoniam

1863 1487 2074 1541 dixerat
2102 1485 2200 1549 illi,
2232 1482 2558 1536 Obliviscere
2597 1481 2766 1549 patris
2807 1478 2906 1540 tui,
2937 1476 3099 1530 modo
3146 1474 3299 1537 dicit,
3326 1489 3420 1544 pro

1863 1576 2100 1647 patribus
2127 1575 2401 1646 quondam
2437 1574 2562 1636 tuis,
2599 1573 2651 1626 id
2697 1581 2800 1638 est,
2841 1585 2939 1640 pro
2961 1566 3234 1638 magistris
3266 1577 3423 1621 erunt

1865 1669 1963 1724 tibi
2023 1667 2140 1722 lilii.
2217 1665 2386 1720 Filios
2441 1678 2605 1734 porro
2661 1671 2880 1717 sanctos
2933 1659 3205 1730 apostolos
3257 1657 3420 1721 dicit,

1863 1751 2017 1821 juxta
2066 1748 2196 1804 illud
2230 1763 2259 1802 a
2299 1748 2525 1803 Domino
2577 1747 2781 1801 dictum
2817 1762 2830 1798 :
2868 1743 3000 1797 Filii
3036 1743 3191 1797 vestri
3222 1743 3274 1795 in
3323 1757 3423 1812 quo

1864 1841 2182 1912 ejiciunt"?
2219 1842 2327 1894 Aut
2368 1839 2528 1894 etiam
2569 1838 2785 1892 eosdem
2823 1834 3184 1890 Ecclesiarum
3237 1833 3421 1896 duces,

215 1925 428 2017 τούτους
459 1953 573 2008 τῶν
619 1925 948 2026 Ἐκκλησιῶν
985 1955 1316 2026 ἡγουμένους
1344 1997 1373 2026 λ
1411 1954 1461 2008 οἳ
1515 1925 1766 2023 γεγόνασι

1870 1937 1959 2006 qui
1996 1935 2123 1989 facti
2155 1943 2280 1989 sunt
2312 1932 2565 1988 Ecclesiae
2599 1932 2733 1996 lilii,
2767 1939 2820 1985 et
2856 1929 3135 1985 constituti
3175 1942 3203 1980 a
3238 1925 3422 1979 Domi-

218 2049 310 2117 μὲν
331 2048 429 2118 τῆς
477 2047 804 2119 Ἑκκλησίας
835 2042 962 2112 υἶοὶ,
993 2045 1400 2116 κατεστάθησαν
1423 2045 1479 2098 δὲ
1513 2044 1767 2116 ἄρχοντες

215 2139 513 2194 ἐπὶπᾶσαν
548 2139 645 2208 τὴν
693 2138 794 2208 γῆν
822 2137 968 2208 παρὰ
1001 2137 1094 2191 τοῦ
1137 2136 1340 2209 Κυρίου
1384 2134 1582 2208 Ἰησοῦ,
1629 2134 1767 2188 κατὰ

111 2214 118 2230 ³
215 2229 272 2282 τὸ
296 2230 618 2302 εἰρημένον⁸
657 2227 1067 2297 Πορευθέντες,
1105 2228 1519 2297 μαθητεύσατε
1570 2225 1767 2280 πάντα

217 2321 284 2375 τὰ
308 2321 474 2390 ἔθνη.
512 2319 925 2388 Καταστήσεις
950 2320 1170 2385 αὐτοὺς
1215 2320 1506 2390 ἄρχοντας
1535 2318 1631 2372 ἐπὶ
1662 2318 1769 2374 πᾶ-

219 2427 332 2466 σαν
364 2413 494 2482 τὴν
521 2411 672 2483 γῆν·
705 2411 1159 2482 μνησθήσονται
1195 2413 1300 2466 τοῦ
1327 2412 1614 2482 ὀνόματός
1655 2426 1769 2464 σου

217 2504 281 2557 ἐν
302 2505 471 2574 πάσῃ
506 2504 680 2575 γενεᾷ
717 2505 811 2559 καὶ
850 2502 1040 2574 γενεᾷ.
1071 2504 1169 2558 Διὰ
1189 2503 1296 2558 τῶν
1317 2505 1475 2558 θείων
1500 2520 1772 2574 συγγραμ-

222 2598 399 2664 μάτων
431 2598 676 2668 δηλονότι
695 2613 708 2627 ο
761 2599 817 2650 ἐν
860 2600 982 2661 ταῖς
1033 2599 1206 2668 ἱεραῖς
1249 2597 1535 2660 συλλαϐαῖς
1568 2613 1772 2668 μνημο-

219 2684 422 2740 νεύεται
457 2687 519 2740 τὸ
547 2685 642 2740 τοῦ
676 2685 808 2740 Θεοῦ
833 2686 1019 2757 ὄνομα.

283 2777 383 2831 Διά
416 2776 599 2832 τοῦτο
628 2778 762 2832 λαοὶ
810 2775 1357 2847 ἐξομολογήσονταί
1403 2792 1501 2832 σοι
1536 2780 1622 2844 εις
1668 2778 1775 2833 τὸν

217 2866 415 2923 αἰῶνα.
447 2869 551 2922 Διὰ
582 2869 643 2921 τὸ
672 2871 930 2940 κήρυγμα
953 2885 966 2898 ·
997 2869 1071 2932 ὡς
1105 2869 1240 2940 πρὸς
1279 2870 1367 2921 τὸν
1402 2870 1634 2941 Χριστὸν
1662 2871 1717 2923 δὲ
1747 2873 1774 2923 ό

219 2956 387 3026 λόγος.
420 2961 524 3012 Διά
571 2960 631 3011 τὸ
676 2959 1030 3030 μνημονεύειν
1072 2959 1265 3022 αὐτοὺς
1295 2958 1382 3012 διὰ
1408 2960 1516 3013 τῶν
1547 2961 1774 3032 Γραφῶν

221 3046 320 3099 τῶν
347 3047 669 3120 Θαυμασίων
705 3047 798 3101 τοῦ
839 3047 972 3102 Θεοῦ
1013 3041 1087 3103 ὧν
1129 3049 1382 3122 ἐποίησεν
1421 3050 1527 3104 ἀπό
1575 3052 1774 3121 γενεῶν

221 3139 483 3211 ἀρχαίων,
519 3140 614 3196 καὶ
640 3140 906 3196 διδάσκειν
932 3139 1029 3205 τὰς
1072 3140 1368 3214 ἐρχομένας
1393 3143 1600 3211 γενεάς.

224 3300 320 3366 Εις
337 3298 516 3367 τέλος
539 3302 690 3371 ὑπὲρ
709 3300 828 3356 τῶν
846 3299 991 3356 υίῶν
1018 3299 1169 3368 Κορὲ
1186 3299 1338 3369 ὑπὲρ
1352 3300 1468 3354 τῶν
1488 3301 1769 3370 κρυφίων.
1805 3268 1846 3326 c

772 3394 1076 3448 ΨΑΛΜΟΣ
1103 3391 1234 3445 ME'.

836 3483 850 3503 '
861 3483 1170 3549 Υπόθεσις.

229 3573 336 3646 Τὴν
376 3577 487 3629 τῶν
520 3576 689 3630 ἐθνῶν
717 3575 905 3645 κλῆσιν
931 3575 961 3628 ό
1002 3572 1189 3646 παρὼν
1219 3574 1609 3646 κατασημαίνει
1637 3574 1772 3645 ψαλ-

298 3667 415 3737 μδς,
433 3668 529 3720 xa‘t
547 3667 654 3720 τῶν
677 3664 883 3737 νοητῶν
909 3665 1117 3738 ἐχθρῶν
1141 3665 1387 3736 ἐκϐολὴν,
1403 3667 1497 3720 καὶ
1525 3665 1622 3738 τὴν
1652 3665 1776 3720 κάθ-

291 3760 461 3830 ειρξιν
534 3758 713 3813 αὐτῶν
758 3761 854 3832 τὴν
906 3760 964 3814 ἐν
1021 3761 1088 3829 τῇ
1152 3757 1390 3828 άϐύσσῳ.
1453 3759 1666 3830 Ἐπειδὴ
1720 3760 1774 3812 δέ

298 3852 467 3906 ταῦτα
506 3851 691 3922 ῶσπερ
738 3851 826 3905 διὰ
869 3847 1190 3922 παραϐολῶν
1249 3848 1461 3921 εἴρηται
1486 3889 1501 3914 ,
1556 3853 1777 3915 είκότως

293 3941 445 4011 ὑπὲρ
501 3941 766 4009 κρυφίων
806 3940 1259 4013 ἐπιγέγραπταιὸ
1303 3940 1532 4011 ψαλμός.
1562 3942 1776 4011 ¹’ᾼδουσι

293 4031 348 4084 δέ
385 4031 550 4086 αὑτὸν
575 4033 624 4084 oi
650 4029 1033 4094 πιστεύσαντες
1063 4033 1143 4094 είς
1173 4031 1422 4102 Χριστὸν,
1459 4035 1551 4085 καὶ
1579 4033 1681 4105 πρό
1713 4051 1776 4102 γε

297 4121 516 4176 πάντων
541 4123 591 4174 οι
618 4121 902 4175 ἀπόστολοι
928 4120 1110 4175 αὐτοῦ.

305 4213 359 4267 '0
406 4212 554 4278 Θεὸς
588 4211 753 4280 ἡμῶν
804 4211 1114 4282 καταφυγὴ
1153 4212 1251 4267 καὶ
1294 4213 1561 4282 δύναμις.
1599 4213 1779 4269 Ταῦτά

231 4323 357 4376 φησι
375 4305 466 4359 διὰ
489 4305 618 4368 τοὺς
633 4304 1034 4368 ἐπαναστάντας
1056 4305 1235 4368 αὐτοῖς
1265 4305 1414 4376 παρὰ
1441 4305 1549 4359 τῶν
1577 4307 1778 4378 νοητῶν

227 4414 284 4450 τε
319 4399 413 4451 καὶ
453 4394 726 4464 αἰσθητῶν
760 4394 970 4466 ἐχθρῶν
1007 4395 1294 4466 διωγμούς.
1335 4397 1436 4450 Διὰ
1485 4398 1660 4453 τοῦτο
1706 4400 1778 4453 οὐ

230 4485 680 4557 φοϐηθησόμεθα
708 4484 778 4538 ἐν
808 4482 888 4549 τῷ
918 4483 1319 4552 ταράσσεσθαι
1361 4485 1474 4554 τὴν
1494 4485 1629 4556 γῆν.
1682 4487 1780 4541 Διὰ

1869 2041 1940 2080 no
1975 2023 2102 2079 Jesu
2138 2033 2264 2080 sunt
2288 2024 2557 2093 principes
2591 2038 2751 2092 super
2787 2036 3000 2076 omnem
3023 2027 3242 2081 terram,
3268 2017 3420 2087 juxta

1869 2117 1922 2172 id
1975 2115 2119 2186 quod
2175 2114 2380 2169 dictum
2434 2121 2557 2167 est:
2603 2109 2798 2163 Euntes
2845 2109 3022 2161 docete
3067 2122 3239 2160 omnes
3298 2120 3420 2174 gen-

1870 2216 1942 2260 tes
1969 2207 2032 2260 '3.
2069 2203 2364 2260 Constitues
2391 2219 2475 2257 eos
2503 2201 2762 2272 principes
2793 2214 2948 2267 super
2971 2212 3172 2252 omnem
3206 2203 3419 2258 terram,

1868 2313 2115 2351 memores
2159 2305 2310 2350 erunt
2352 2294 2576 2348 nominis
2613 2293 2690 2346 tui
2735 2293 2789 2344 in
2835 2289 2975 2344 omni
3018 2287 3345 2359 generatione
3371 2292 3422 2340 et

1867 2391 2214 2460 generatione.
2248 2385 2350 2442 Per
2387 2385 2602 2440 divinas
2644 2383 2893 2438 videlicet
2943 2379 3252 2450 Scripturas
3284 2396 3298 2432 :
3364 2379 3418 2432 in

1869 2482 2038 2538 sacris
2071 2493 2302 2550 namque
2347 2476 2571 2548 syllabis
2599 2481 2931 2530 memoratur
2961 2487 3156 2526 nomen
3186 2469 3417 2525 Domini.

1944 2757 2025 2810 18.
2068 2754 2353 2822 Propterea
2391 2750 2570 2820 populi
2619 2747 3002 2816 conﬁtebuntur
3050 2743 3146 2797 tibi
3198 2744 3250 2795 in
3279 2752 3423 2796 αἰεν-

1870 2869 2010 2907 num.
2061 2850 2162 2904 Per
2207 2847 2642 2919 prazdicationem
2694 2845 2900 2898 scilicet
2945 2863 2956 2896 :
3007 2856 3188 2896 sermo
3242 2847 3417 2894 autem

1871 2957 1953 2996 εει
1985 2957 2081 2996 ceu
2113 2939 2179 2994 ad
2219 2937 2517 2993 Christum.
2554 2935 2630 2989 Eo
2676 2934 2815 3005 quod
2847 2933 2948 3002 ipsi
2984 2947 3080 3002 per
3113 2929 3422 3000 Scripturas

1872 3037 2295 3089 commemorent
2335 3028 2603 3082 mirabilia
2634 3026 2725 3082 Dei
2771 3041 2889 3097 quae
2938 3024 3104 3080 edidit
3135 3039 3162 3077 a
3196 3035 3419 3093 genera-

1873 3121 2110 3176 tionibus
2165 3117 2424 3187 antiquis,
2475 3127 2528 3170 et
2574 3115 2799 3171 doceant
2865 3116 3238 3186 generationes
3289 3128 3422 3166 ven-

1878 3223 2049 3268 turas.

2159 3299 2224 3355 In
2247 3300 2421 3370 ﬁnem,
2459 3298 2585 3368 ﬁliis
2622 3296 2880 3364 Core,pro
2916 3295 3123 3349 arcanis

2379 3385 2716 3442 PSALMUS
2754 3383 2902 3439 XLV

2447 3479 2842 3547 Argumentum.

1874 3571 2122 3628 Gentium
2162 3568 2523 3630 vocationem,
2554 3563 2913 3634 spiritualium
2961 3560 3300 3614 inimicorum
3332 3556 3423 3612 dc-

1943 3655 2271 3727 pulsionem,
2313 3665 2609 3720 eorumque
2653 3650 2705 3703 in
2757 3648 3011 3719 abyssum
3057 3643 3421 3698 detrusionem

1950 3740 2218 3810 signiﬁcat
2256 3750 2492 3805 praesens
2538 3733 2800 3804 psalmus.
2845 3727 3294 3797 Quandoquidem
3329 3740 3427 3778 au-

1947 3841 2052 3884 tem
2100 3829 2286 3884 isthaac
2321 3842 2417 3881 ceu
2470 3841 2563 3894 per
2606 3821 2888 3890 parabolas
2927 3819 3070 3874 dicta
3104 3825 3267 3880 sunt;
3303 3814 3426 3883 jure

1947 3939 2039 3993 pro
2073 3922 2281 3975 arcanis
2329 3918 2640 3973 inscribitur
2683 3914 2939 3986 psalmus.
2987 3913 3200 3967 Canunt
3244 3917 3422 3963 autem

1948 4018 2101 4069 illum
2145 4012 2238 4083 qui
2285 4011 2340 4064 in
2383 4007 2658 4064 Christum
2704 4005 3068 4065 crediderunt,
3099 4010 3161 4056 ut
3189 4001 3424 4054 maxime

1942 4104 2182 4159 omnium
2207 4099 2432 4170 apostoli
2470 4099 2606 4168 ejus.

1948 4200 2001 4251 2.
2064 4196 2194 4248 Deus
2228 4202 2400 4247 noster
2429 4190 2688 4258 refugium
2714 4195 2762 4240 et
2795 4187 2978 4239 virtus.
3006 4183 3118 4238 Hoc
3141 4183 3215 4238 ait
3243 4181 3313 4236 ob
3343 4180 3425 4236 in-

1879 4297 2159 4360 surgentes
2192 4287 2473 4340 adversum
2516 4282 2664 4349 ipsos
2703 4278 3065 4348 spiritualium
3094 4285 3148 4330 et
3193 4275 3424 4330 sensibi-

1878 4380 2010 4434 lium
2064 4376 2406 4431 inimicorum
2450 4384 2612 4440 opera
2670 4368 3091 4439 persecutiones.
3145 4365 3424 4433 Propterea

1879 4488 1980 4527 non
2010 4470 2299 4524 timebimus
2341 4464 2466 4517 dum
2511 4461 2804 4516 turbabitur
2849 4469 3009 4512 terra.
3056 4457 3322 4523 Quoniam
3374 4465 3424 4510 te

228 4548 287 4632 τὸ
312 4548 456 4649 ἐχειν
490 4548 571 4641 δὲ,
601 4576 782 4647 φησὶν,
807 4548 1017 4646 βοηθὸν,
1041 4577 1217 4646 πάσης
1232 4548 1471 4649 ταραχῆς
1496 4548 1772 4631 ἐπανιστα-

1879 4563 2177 4634 adjutorem
2226 4557 2511 4620 habemus,
2565 4553 2757 4623 inquit,
2816 4563 3198 4620 quamcunque
3236 4548 3425 4602 adver-

233 4639 393 4742 μένης
447 4639 582 4740 ἡμῖν
613 4639 1134 4739 ’καταρρονήσομεψ
1176 4639 1546 4740 ’Ἐταράξτετο
1591 4669 1698 4739 γὰρ
1739 4673 1772 4742 ἡ

1878 4669 1997 4709 sum
2029 4667 2131 4708 nos
2154 4651 2520 4718 insurgentem
2547 4641 3006 4715 perturbationem
3034 4639 3420 4708 despiciemus.

230 4764 371 4815 πᾶσα
401 4762 499 4831 γῆ,
535 4758 832 4830 ἀρχομένου
854 4759 946 4812 τοῦ
969 4760 1338 4830 κηρύγματος,
1366 4761 1473 4814 τῶν
1515 4762 1777 4832 μενόντων

229 4853 283 4904 ἐν
310 4851 536 4920 ἀπιστία
553 4851 990 4921 ἐπανισταμένων
1007 4855 1118 4916 τοῖς
1134 4852 1446 4907 πιστεύουσι
1469 4853 1546 4924 τῷ
1575 4854 1777 4926 κηρύγ-

233 4961 374 5014 ματι.
395 4943 505 4998 Kal
519 4943 927 5012 μετατίθεσθαι
947 4943 1054 5012 ὄρη
1071 4945 1140 4997 ἐν
1154 4943 1420 5015 καρδίαις
1435 4945 1774 5003 θαλασσῶν.

233 5035 468 5104 Καρδίας
490 5032 770 5088 θαλασσῶν
796 5033 894 5098 τὰς
925 5033 1192 5099 ἀϐύσσους
1220 5036 1382 5106 φησίν
1406 5053 1420 5066 ·
1454 5036 1552 5108 δρη
1593 5036 1648 5091 δὲ
1679 5036 1776 5100 τὰς

231 5123 602 5194 αντινειμένας
653 5121 926 5193 δυνάμεις.
974 5123 1062 5186 Ὠς
1107 5123 1387 5195 μέλλοντες
1435 5120 1526 5178 οὖν
1567 5126 1647 5189 εἰς
1682 5126 1778 5198 τὴν

232 5214 462 5268 ἄϐυσσον
491 5213 839 5267 ἐκϐάλλεσθαι
862 5215 911 5267 οί
943 5213 1211 5285 δαίμονες,
1233 5214 1504 5288 διήγειρον
1539 5216 1630 5270 τὸν
1659 5219 1776 5270 κατ’

232 5307 406 5361 αὐτῶν
439 5305 688 5376 πόλεμον.
727 5304 863 5358 Ἀλλ’
900 5305 959 5358 οὐ
990 5304 1403 5376 φοϐηθησόμεθα
1453 5309 1576 5370 τοὺς
1605 5310 1775 5363 τοιού-

231 5416 366 5463 τους,
396 5398 575 5468 φασίν.

300 5553 550 5627 [Βοηθὸς
572 5556 641 5608 ἐν
667 5556 929 5623 θλίψεσι.
962 5553 1059 5607 Διὰ
1091 5553 1152 5606 τὸ
1173 5553 1314 5625 ἐχειν
1353 5573 1430 5619 σε,
1467 5558 1618 5626 φησὶ,
1655 5558 1776 5630 βοη-

233 5645 340 5711 θὸν,
369 5647 546 5717 πάσης
569 5645 807 5717 ταραχῆς
828 5644 1257 5716 ἐπανισταμένης
1285 5649 1412 5716 ἡμῖν
1443 5651 1778 5722 καταφρονή-

233 5753 410 5808 εομεν.

289 5853 331 5884 ’⁷
378 5853 511 5910 Luc.
551 5868 641 5917 ιι,
679 5850 760 5906 19.
875 5852 918 5884 ³⁸
967 5850 1148 5906 Matth.
1182 5867 1373 5914 χιιι-ιιι,
1415 5852 1495 5903 l9.

1877 4744 2218 4798 Turltabatur
2243 4754 2478 4809 namque
2509 4744 2617 4790 tota
2662 4742 2826 4797 terra,
2856 4747 2978 4785 cum
3006 4730 3314 4800 praedicatio
3345 4729 3423 4782 in-

1876 4835 2158 4888 choaretur
2190 4849 2204 4882 :
2235 4827 2365 4882 dum
2385 4828 2420 4880 ii
2445 4825 2536 4895 qui
2567 4824 2621 4876 in
2652 4821 2962 4875 inﬁdelitate
2987 4815 3419 4886 perseverabant,

1876 4928 2132 4982 adversus
2164 4938 2258 4979 eos
2290 4922 2384 4993 qui
2415 4917 2753 4975 crediderant
2783 4914 3139 4983 insurgerent.
3158 4909 3225 4967 Et
3251 4919 3423 4963 trans-

1877 5020 2105 5088 ferentur
2153 5025 2350 5070 montes
2395 5014 2448 5065 in
2477 5026 2564 5064 cor
2617 5007 2801 5062 maris.
2848 5006 2956 5058 (lor
3000 5004 3164 5058 maris
3196 5003 3422 5073 abyssos

1879 5119 2032 5165 vocat
2061 5127 2073 5161 :
2114 5115 2324 5162 montes
2360 5110 2540 5158 autem
2568 5097 2906 5155 adversarias
2943 5105 3254 5166 potestates.
3285 5093 3423 5148 Cum

1877 5201 2115 5256 futurum
2137 5207 2278 5254 esset
2299 5205 2356 5250 ut
2377 5195 2652 5250 daemones
2672 5190 3031 5260 dejicerentur
3059 5187 3111 5240 iu
3143 5188 3423 5258 abyssum,

1875 5291 2184 5348 excitabant
2232 5288 2267 5342 ii
2324 5288 2581 5341 adversus
2633 5282 2816 5337 ﬁdeles
2863 5280 3083 5334 bellum.
3124 5277 3225 5332 Sed
3279 5279 3426 5345 ejus-

1879 5383 2024 5440 modi
2083 5382 2336 5436 inimicos
2405 5391 2747 5448 nequaquam
2810 5373 3421 5434 reformidabimus,in-

1876 5477 2009 5546 quit.

1950 5565 1969 5638 [
1999 5565 2226 5634 Adjutor
2252 5564 2306 5616 in
2329 5558 2776 5615 tribulationibus.
2819 5555 3110 5622 Quoniam,
3147 5554 3338 5624 inquit,
3371 5560 3422 5605 te

1877 5660 2174 5729 adjutorem
2209 5656 2490 5716 habemus,
2525 5666 2905 5723 quamcunque
2938 5649 3093 5703 nobis
3135 5648 3421 5702 imminen-

1879 5761 1980 5804 tem
2013 5746 2463 5820 perturbationem
2487 5744 2841 5815 despiciemus
