4108 6500
703 419 806 476 215

708 646 767 683 ac
798 633 1073 700 conspicui
1113 647 1287 695 erant.
1321 653 1382 691 ac
1411 639 1630 706 proinde
1663 641 1934 696 montibus
1963 642 2184 696 similes.
2217 640 2234 711 ]

773 721 822 777 ι.
875 723 1164 778 Sonuerunt
1201 737 1249 780 et
1275 729 1493 784 turbata:
1513 740 1631 782 sunt
1656 748 1806 800 aqua:
1830 749 2026 787 eorum.
2058 735 2240 802 Aquas

707 813 792 866 hic
827 814 956 868 dicit
989 819 1380 873 multitudinem
1428 824 1767 891 populorum,
1817 841 1955 894 quos
1983 826 2240 894 prmdica-

704 904 864 958 tionis
906 907 1113 962 novitas
1153 914 1498 977 perturbavit.
1530 915 1838 968 (lantur-litui
1878 926 1998 970 sunt
2045 929 2238 972 montes

720 997 774 1047 in
818 997 1122 1064 fortitudine
1149 1002 1280 1067 ejus.
1320 1001 1428 1064 Vis,
1465 1005 1657 1074 inquit.
1692 1009 1809 1075 ejus
1854 1011 1945 1077 qui
1987 1011 2238 1077 pradica-

702 1085 858 1137 batur
885 1087 1122 1152 impuros
1160 1092 1426 1147 dmmoues
1467 1098 1776 1162 commovit,
1805 1098 1932 1150 olim
1980 1099 2238 1167 superbos

703 1187 753 1227 et
778 1181 1117 1246 eoospicnos,
1157 1191 1315 1251 atque
1357 1185 1472 1238 ideo
1503 1188 1773 1241 montibus
1803 1189 2006 1242 similes
2040 1191 2233 1244 dictos.

775 1377 823 1430 ῖὶ.
883 1377 1144 1433 Fluminis
1202 1384 1419 1450 impetus
1472 1385 1744 1454 lmliﬁcanl
1794 1388 2052 1441 civitatem
2119 1388 2233 1442 Dei.

704 1467 923 1521 Flumen
955 1473 1320 1541 evangelicum
1351 1477 1573 1528 verbum
1618 1477 1865 1546 appellat,
1902 1479 2045 1546 quod
2067 1479 2237 1533 laetiﬁ-

702 1570 788 1613 cat
847 1559 1162 1616 Ecclesium.
1245 1563 1597 1632 Sanctiﬁcavit
1639 1569 2028 1622 tabernaculum
2085 1586 2237 1623 suum

700 1648 1021 1702 Altissimus.
1074 1649 1306 1706 Sanctus
1343 1656 1486 1707 enim
1524 1663 1606 1710 est
1655 1657 1742 1724 qui
1795 1657 1848 1709 in
1902 1655 2098 1709 sanctis
2148 1671 2236 1709 re-

701 1742 948 1808 quiescit,
983 1742 1229 1798 habitans
1264 1746 1315 1797 in
1345 1747 1565 1810 sanctis,
1596 1746 1645 1800 id
1681 1756 1762 1800 est
1790 1748 1841 1799 in
1871 1746 2131 1802 Ecclesia.

771 1943 824 1996 6.
878 1944 1014 1998 Deus
1041 1946 1094 1998 in
1135 1948 1300 2000 medio
1330 1948 1462 2018 ejus,
1493 1955 1541 2002 et
1580 1965 1681 2001 non
1716 1949 2130 2013 commovebitur,
2182 1947 2235 2001 in

713 2036 887 2090 medio
913 2036 1162 2094 Ecclesiae
1181 2040 1446 2094 videlicet.
1479 2041 1754 2108 Adjuvabit
1778 2059 1888 2094 eam
1918 2040 2050 2094 Deus
2088 2056 2236 2092 mane

715 2128 964 2183 diluculo.
1015 2129 1066 2186 ω
1119 2133 1194 2185 ait
1243 2133 1381 2200 quod
1418 2133 1645 2186 declinet
1678 2134 1966 2187 diluculum
2003 2132 2068 2187 ad
2119 2148 2235 2184 ma-

705 2221 958 2272 tutinum.
994 2221 1125 2274 Illud
1183 2233 1407 2276 autem:
1457 2224 1722 2292 adjuvabit
1768 2242 1901 2288 eam,
1952 2237 2234 2292 personam

705 2307 957 2364 Ecclesia:
990 2312 1227 2379 respicit,
1263 2329 1423 2382 quam
1455 2314 1541 2369 hic
1574 2322 1953 2385 repraesentant
1987 2313 2233 2381 apostoli,

703 2402 867 2469 etqui
896 2418 989 2470 per
1038 2405 1430 2459 successionem
1480 2407 1597 2475 ejus
1641 2417 1766 2460 sunt
1816 2405 2070 2476 prafecti,
2101 2419 2236 2474 quos

705 2493 941 2560 impense
984 2497 1221 2560 roborat,
1259 2507 1317 2551 ut
1353 2499 1562 2566 possint
1610 2498 1973 2566 praedicationi
2017 2512 2235 2566 operam

705 2597 915 2638 navare.

777 2695 825 2746 7.
874 2695 1210 2753 Conturbatw
1238 2711 1358 2754 sunt
1406 2712 1574 2772 gentes
1604 2713 1650 2755 et
1696 2703 1947 2756 inclinata
1990 2711 2109 2754 sunt
2159 2717 2238 2754 re-

702 2802 826 2856 gna.
883 2787 1256 2859 Pugnaverunt
1309 2796 1544 2864 quidem,
1602 2796 1694 2860 ait,
1756 2804 1937 2866 gentes
1981 2794 2237 2849 adversus

704 2879 1021 2946 Ecclesiam;
1063 2884 1153 2937 sed
1181 2894 1354 2939 tamen
1399 2901 1584 2940 earum
1632 2900 1783 2954 reges
1827 2885 2064 2938 inclinati
2090 2891 2234 2946 sunt,

711 2971 759 3022 id
792 2981 875 3025 est
897 2975 1153 3040 superati,
1184 2984 1236 3028 et
1269 2985 1410 3045 terga
1437 2976 1727 3041 dederunt;
1760 2991 1941 3030 verum
1968 2984 2238 3044 postremo

705 3070 759 3111 et
799 3062 896 3127 ipsi
926 3061 1140 3116 Christo
1165 3066 1424 3120 cervicem
1455 3067 1772 3122 submisere.
1810 3067 1948 3123 Dicit
1970 3071 2111 3122 enim
2135 3068 2236 3122 Ec-

705 3152 922 3205 clesiam
971 3155 1214 3209 celeriter
1267 3166 1630 3213 constructum
1686 3160 1749 3212 iri
1805 3160 1872 3213 ab
1908 3161 1973 3213 iis
1997 3161 2089 3229 qui
2120 3175 2237 3214 eam

1534 429 1588 484 S.
1631 432 1994 489 ATHANASII
2033 433 2179 488 OPP.
2223 433 2402 487 PARS
2438 433 2524 488 lli.
2555 465 2623 474 —-
2666 432 3063 488 EXEGETICA.

774 541 878 592 Aut
937 551 1144 598 montes
1184 545 1454 600 daemones
1522 548 1672 612 dicit,
1721 551 1813 618 qui
1861 552 1989 604 olim
2048 550 2319 608 excelsiA

3780 436 3881 493 218

2419 548 2487 600 Ἦ
2507 548 2603 618 ὅρη
2647 550 2772 610 τοὺς
2817 546 3069 617 δαίμονάς
3097 562 3255 616 φησι,
3298 550 3420 609 τοὺς
3451 549 3615 600 πάλαι
3649 548 3880 619 ὑψηλοὺς

2341 639 2430 690 καὶ
2454 639 2783 708 περιφανεῖς,
2815 639 2906 690 καὶ
2929 638 3076 708 ὄρεσι
3098 638 3182 690 διὰ
3202 638 3357 690 τοῦτο
3383 639 3810 712 ὀμοιουμένους.]

2414 733 2679 798 Ἦχησαν
2730 730 2826 782 καὶ
2865 728 3279 798 ἐταράχθησαν
3322 730 3392 782 τὰ
3434 729 3619 782 ὕδατα
3665 731 3878 786 αὐτῶν.

2342 821 2545 874 Ὕδατα
2577 823 2632 872 ὲν
2657 820 2860 884 τούτοις
2881 821 2947 876 τά
2977 821 3150 892 πλήθη
3174 821 3352 891 φησὶν,
3377 821 3412 874 ἀ
3435 822 3527 874 καὶ
3558 823 3882 894 συνετάραξε

2338 913 2397 965 τὸ
2427 911 2570 975 ξένον
2614 913 2706 965 τοῦ
2749 913 3114 984 κηρύγματος.
3165 912 3605 980 Ἐταράχθησαν
3657 915 3729 968 τὰ
3779 914 3880 982 ὅρη

2337 1005 2405 1056 ἐν
2424 1003 2498 1071 τῇ
2520 1003 2888 1071 κραταιότητι
2915 1004 3116 1057 αὑτοῦ.
3159 1003 3218 1054 'H
3249 1003 3397 1072 ἰσχὺς
3417 1043 3432 1067 ,
3475 1003 3627 1072 φησὶ,
3653 1003 3746 1056 τοῦ
3787 1021 3884 1075 κη-

2342 1093 2658 1162 ρυττομένου
2681 1092 2954 1146 κατέσεισε
2981 1093 3103 1154 τοὺς
3125 1091 3456 1161 ἀκαθάρτους
3482 1091 3739 1162 δαίμονας
3759 1097 3882 1157 τοὺς

2338 1183 2501 1236 πάλαι
2531 1183 2763 1253 ὑψηλοὺς
2801 1185 2892 1237 καὶ
2921 1186 3254 1254 περιφανεῖς,
3290 1183 3383 1236 καὶ
3426 1182 3575 1254 ὄρεσι
3606 1183 3695 1236 διὰ
3726 1185 3882 1238 τοῦτο

2337 1275 2721 1346 ὠμοιομένους.

2422 1387 2529 1440 Τοῦ
2561 1386 2822 1455 ποταμοῦ
2851 1385 3154 1455 ὀρμήματα
3178 1386 3561 1453 εὐφραίνουσι
3615 1385 3729 1451 τὴν
3771 1386 3876 1439 πό·-

2336 1479 2435 1530 λιν
2452 1475 2556 1529 τοῦ
2581 1476 2747 1530 Θεοῦ.
2775 1475 3020 1546 Ποταμὸν
3040 1476 3126 1528 τὸν
3147 1475 3489 1543 εὐαγγελικδν
3512 1474 3667 1542 λόγον
3697 1476 3876 1544 φησιν,

2335 1564 2392 1627 ὃς
2420 1565 2511 1617 καὶ
2541 1564 2816 1634 εὐφραίνει
2847 1563 2940 1634 τὴν
2979 1563 3318 1633 Ἐκκλησίαν.
3360 1563 3597 1632 Ἠγίασε
3628 1563 3695 1616 τὸ
3729 1562 3877 1629 σκή-

2334 1675 2495 1725 νωμα
2515 1657 2697 1710 αὐτοῦ
2720 1659 2752 1710 ό
2776 1657 3087 1725 ’Υψιστοςκ
3122 1656 3306 1722 Ἄγιος
3327 1654 3433 1725 γάρ
3452 1657 3597 1706 ἐστιν
3625 1655 3684 1706 ὲν
3708 1652 3880 1721 ἁγίοις

2336 1748 2759 1817 ἀναπαυόμενος,
2795 1745 3148 1816 κατασκηνῶν
3191 1747 3248 1798 ὲν
3293 1745 3496 1812 ἁγίοις”
3527 1745 3644 1813 ἥτις
3670 1746 3817 1796 ἐστὶν
3845 1744 3878 1812 ἠ

2349 1837 2657 1909 Ἐκκλησία.

2422 1952 2474 2002 Ὀ
2500 1951 2641 2018 Θεὸς
2664 1951 2733 2004 ἐν
2757 1951 2920 2020 μέσῳ
2952 1952 3158 2020 αὐτῆς,
3196 1951 3292 2004 καὶ
3318 1953 3388 2004 οὐ
3419 1950 3877 2016 σαλευθήσεται,

2340 2043 2437 2111 τῆς
2474 2041 2788 2112 Ἐκκλησίας
2833 2041 3086 2112 δηλονότι.
3119 2039 3409 2107 Βοηθήσει
3461 2039 3612 2107 αὐτῇ
3663 2043 3697 2094 ό
3739 2039 3880 2104 Θεὸς

2341 2145 2404 2185 το
2429 2132 2575 2200 πρὸς
2600 2133 2763 2198 πρωΐ.
2791 2133 2862 2184 Τὸ
2885 2133 3067 2184 νεῦσαι
3094 2132 3234 2203 πρωϊ
3268 2134 3393 2203 περὶ
3429 2132 3517 2184 τὸν
3565 2130 3776 2202 ὄρθρον.
3810 2127 3881 2182 Τδ

2341 2224 2464 2294 γάρ,
2486 2223 2777 2291 βοηθήσει
2804 2223 2974 2292 αὐτῇ,
3002 2226 3093 2276 καὶ
3126 2224 3352 2277 ἐνταῦθα
3385 2225 3445 2276 τὸ
3467 2223 3751 2294 πρόσωπον
3783 2223 3880 2288 τῆς

2355 2315 2672 2386 Ἐκκλησίας
2702 2315 2936 2386 νοηθεῖεν
2961 2317 3025 2370 ἂν
3058 2319 3105 2370 oi
3148 2317 3288 2384 ἆγιοι
3322 2316 3605 2370 ἀπόστολοι
3625 2356 3640 2380 ,
3696 2316 3790 2368 καὶ
3831 2313 3879 2366 οἱ

2343 2409 2478 2462 κατά
2505 2408 2747 2477 διαδοχὴν
2775 2408 3060 2477 ἡγούμενοι
3086 2408 3272 2476 αὐτῆς,
3299 2406 3391 2468 οὒς
3424 2406 3518 2459 καὶ
3544 2407 3723 2474 νευροί
3755 2420 3879 2455 συν-

2341 2500 2504 2562 τόνως
2536 2499 2668 2570 πρὸς
2695 2498 2756 2552 τὸ
2786 2497 3039 2551 δύνασθαι
3064 2494 3546 2567 ἀντιλαμϐάνεσθαι
3583 2493 3677 2547 τοῦ
3706 2491 3879 2563 κηρῦο

2341 2606 2373 2659 γ
2384 2607 2566 2661 ματος.

2422 2703 2864 2770 Ἐταρὰχθησαν
2901 2705 3063 2769 ἔθνη,
3104 2703 3347 2754 ἔκλιναν
3362 2697 3686 2763 βασιλεῖαι.
3723 2698 3879 2749 Ἐπο-

2342 2794 2578 2863 λέμησαν
2607 2795 2700 2863 μὲν
2720 2832 2734 2856 ,
2774 2793 2956 2861 φησιν,
2987 2792 3125 2845 κατά
3151 2792 3249 2861 τῆς
3288 2790 3604 2861 Ἐκκλησίας
3623 2789 3692 2842 τά
3722 2788 3876 2857 ἐθνηο

2343 2885 2454 2938 ἀλλ’
2481 2887 2622 2955 ὅμως
2637 2883 2847 2938 ἔκλιναν
2863 2883 3038 2937 αὐτῶν
3057 2886 3106 2937 οἱ
3129 2883 3383 2954 βασιλεῖς,
3405 2883 3674 2936 τουτέστιν
3688 2881 3881 2953 ἥττην-

2341 2995 2427 3030 ται
2455 2978 2547 3030 καὶ
2570 2977 2897 3045 πεφεύγασιν
2917 2993 2932 3008 ο
2957 2975 3070 3029 ἀλλ’
3091 2973 3312 3047 ὕστερον
3342 2975 3590 3046 ἔκαμψαν
3612 2974 3706 3028 καὶ
3731 2973 3880 3027 αὐτοὶ

2341 3067 2417 3136 τῷ
2443 3066 2657 3137 Χριστῷ
2694 3067 2911 3135 αὑχένα.
2946 3065 3104 3132 Λέγει
3142 3065 3267 3135 γὰρ,
3315 3066 3394 3117 ὅτι
3423 3067 3556 3134 ταχὺ
3599 3063 3881 3133 οίκοδομη-

2344 3158 2482 3228 θήσῃ
2515 3158 2602 3225 ὑφ’
2631 3151 2704 3209 ὧν
2730 3155 3053 3230 καθῃρέθης.
3086 3154 3342 3226 Ὕῷωσαν
3369 3155 3475 3229 γὰρ
3509 3155 3607 3228 τὴν
3650 3155 3881 3225 Ἐκκλη-

705 3244 999 3298 diruerant.
1038 3243 1168 3299 Nam
1202 3247 1578 3316 pulcherrimis
1603 3264 1719 3304 eam
1754 3249 1909 3304 donis
1944 3257 2160 3304 auctam
2183 3241 2286 3304 in(

2342 3249 2478 3313 σίαν,
2509 3249 2795 3318 παγκάλως
2822 3249 2969 3319 δῶρα
2997 3249 3408 3318 προσφέροντες.
3432 3247 3646 3300 Ἔδωκε
3676 3247 3882 3316 φωνὴν

707 3336 933 3390 sublime
967 3340 1288 3391 extulerunt.
1333 3339 1482 3392 Dedit
1527 3357 1696 3394 vocem
1742 3358 1890 3395 suam
1921 3342 2238 3408 Altissimus,

705 3434 755 3476 et
779 3437 918 3478 mota
942 3437 1017 3480 est
1045 3438 1200 3484 terra.
1234 3429 1480 3486 Christus
1521 3433 1725 3487 scilicet
1761 3433 1814 3486 in
1841 3449 2020 3488 cruce.
2060 3433 2240 3486 Vocem

705 3535 879 3580 suam,
922 3521 1290 3589 evangelicum
1319 3523 1523 3579 seilicet
1564 3539 1890 3579 sermonem.
1926 3523 1982 3578 Si
2013 3541 2242 3595 namque

707 3612 883 3664 anima
907 3613 1186 3668 rationalis
1211 3629 1392 3668 vocem
1426 3615 1636 3669 Domini
1662 3616 1908 3680 audierit,
1939 3631 2243 3670 commove-

707 3712 814 3764 tur,
853 3705 1147 3772 transitque
1190 3706 1257 3758 ab
1287 3707 1625 3774 improbitate
1671 3709 1736 3762 ad
1789 3709 2035 3762 virtutem
2084 3717 2137 3763 et
2175 3709 2241 3762 ab

709 3793 1008 3861 ignorantia
1038 3795 1104 3848 ad
1132 3794 1222 3851 Dei
1258 3799 1516 3851 notitiam.

778 3905 829 3958 8.
888 3906 1136 3962 Dominus
1165 3911 1415 3962 virtutum
1444 3911 1728 3974 nobiscum,
1774 3920 2036 3979 susceptor
2073 3923 2243 3963 noster

711 3995 843 4049 Deus
877 3997 1059 4050 Iacob.
1095 3996 1383 4052 Victoriam
1432 4001 1686 4054 adversus
1731 4002 2028 4068 spirituales
2062 4002 2242 4056 hostes

708 4097 914 4155 partam
966 4088 1063 4156 ipsi
1130 4087 1355 4143 Domino
1418 4090 1655 4144 ascribit.
1707 4090 2013 4159 Opportune
2065 4100 2240 4145 autem

707 4179 796 4232 hic.
827 4178 1008 4234 Jacobi
1045 4182 1245 4236 mentio
1297 4182 1520 4235 habetur
1573 4182 1641 4234 ob
1674 4182 1868 4234 luctam
1895 4197 2014 4234 cum
2049 4198 2114 4236 eo
2147 4183 2233 4236 ha-

704 4269 892 4323 bitam.

779 4362 828 4414 9.
891 4361 1066 4414 Venite
1107 4371 1153 4415 et
1193 4363 1354 4416 videte
1384 4379 1537 4432 Opera
1573 4365 1683 4425 Dei,
1718 4381 1832 4434 qua!
1864 4366 2034 4432 posuit
2061 4367 2239 4435 prodi-

707 4454 796 4524 gia
841 4467 989 4519 super
1025 4462 1232 4507 terram.
1288 4454 1478 4510 Pacem
1535 4457 1908 4524 praedicatione
1951 4458 2136 4512 initam
2170 4458 2242 4512 si-

2340 3341 2520 3396 αὐτοῦ
2550 3345 2581 3395 ό
2607 3343 2908 3409 Ὕψιστος,
2928 3339 3024 3392 καί
3047 3339 3342 3406 ἐσαλεύθη
3365 3339 3403 3405 ἠ
3437 3336 3534 3406 τῆ.
3574 3338 3632 3390 '0
3651 3338 3880 3408 Χριστὸς

2340 3435 2431 3486 ἐπὶ
2463 3431 2714 3500 σταυροῦ.
2758 3429 2967 3498 Φωνὴν
2987 3430 3170 3484 αὐτοῦ
3199 3429 3288 3483 τὸν
3339 3427 3686 3496 εὐαγγελικδν
3728 3429 3882 3496 λόγον

2341 3525 2518 3594 φησίν.
2549 3525 2669 3577 Ἐὰν
2695 3521 2800 3593 γὰρ
2819 3521 3024 3595 ἀκούσῃ
3049 3521 3227 3593 φωνὴν
3255 3521 3457 3592 Κυρίου
3487 3519 3630 3591 ψυχὴ
3671 3519 3879 3590 λογικὴ,

2342 3614 2618 3666 σαλεύεται
2647 3613 3036 3684 μεταϐαίνουσα
3056 3612 3164 3664 ἀπὸ
3183 3611 3374 3674 κακίας
3403 3613 3481 3674 είς
3510 3608 3710 3682 ἀρετὴν
3732 3648 3749 3674 ,
3791 3608 3882 3662 καὶ

2341 3705 2448 3758 ἀπὸ
2472 3703 2738 3772 ἀγνωσίας
2775 3706 2852 3766 εἰς
2875 3703 3160 3767 ἐπίγνωσιν
3182 3700 3334 3754 Θεοῦ.

2411 3909 2618 3974 Κύριος
2651 3905 2764 3958 τῶν
2797 3904 3105 3974 δυνάμεων
3127 3905 3253 3973 μεθ’
3286 3901 3472 3972 ἡμῶν,
3513 3900 3884 3968 ἀντιλήπτῳ

2341 3996 2506 4067 ἡμῶν
2540 4001 2571 4050 ό
2591 3997 2729 4062 Θεὸς
2762 3994 2968 4050 Ἰακώϐ.
2995 3997 3100 4066 Τὴν
3131 3996 3281 4065 νίκην
3313 3995 3407 4064 τὴν
3433 3992 3724 4063 γενομένην
3749 3993 3886 4045 κατά

2341 4090 2444 4141 τῶν
2471 4087 2670 4157 νοητῶν
2694 4087 2898 4158 ἐχθρῶν
2930 4087 3075 4156 αὐτῷ
3094 4085 3170 4154 τῷ
3199 4085 3382 4155 Κυρίῳ
3409 4083 3742 4153 ἀνατίθησιν.
3785 4082 3886 4136 Εὐ-

2344 4180 2545 4248 καίρως
2568 4179 2623 4231 δὲ
2647 4176 2740 4231 τοῦ
2780 4177 2967 4231 Ἰακὼὸ
3007 4180 3038 4248 ἡ
3078 4178 3259 4247 μνήμη
3295 4174 3383 4227 διὰ
3427 4175 3524 4243 τὴν
3565 4173 3742 4243 πάλην
3788 4172 3886 4242 τὴν

2344 4271 2634 4342 γενομένην
2663 4272 2794 4340 πρὸς
2813 4272 2985 4323 αὐτόν.

2412 4363 2586 4416 Δεῦτε
2610 4363 2705 4417 καὶ
2727 4362 2879 4414 ἴδετε
2908 4362 2976 4413 τὰ
3000 4359 3140 4428 ἕρῃα
3182 4360 3285 4413 τοῦ
3313 4358 3458 4414 Θεοῦ
3475 4399 3489 4424 ,
3521 4356 3561 4410 d
3601 4358 3766 4411 ἔθετο
3794 4356 3885 4409 τέ-

2337 4469 2490 4518 ρατα
2516 4452 2610 4505 ἐπὶ
2634 4451 2740 4518 τῆς
2765 4451 2894 4520 γῆς.
2919 4451 3026 4521 Τὴν
3053 4450 3340 4520 γενομένην
3364 4447 3452 4502 διὰ
3487 4446 3580 4500 τοῦ
3601 4447 3889 4517 κηρύγμα-

705 4540 942 4612 gniﬁcat,
975 4558 1094 4596 cum
1126 4545 1202 4597 ait
1240 4546 1437 4600 bellum
1468 4561 1626 4602 omne
1677 4548 1728 4601 in
1779 4556 1918 4602 terra
1963 4551 2120 4604 linem
2146 4549 2245 4602 ha-
2273 4581 2286 4636 1

2345 4561 2435 4606 τος
2478 4544 2693 4614 εἰρήνην
2733 4544 3145 4612 κατασημαίνει,
3193 4542 3281 4595 διὰ
3311 4540 3404 4594 τοῦ
3435 4540 3609 4593 πάντα
3656 4539 3886 4607 πόλεμον

711 4633 908 4687 nuisse.
948 4633 1195 4704 Prodigia
1248 4646 1423 4693 autem
1453 4637 1584 4694 dicit
1631 4641 1955 4695 cessationes
1992 4651 2047 4696 et
2097 4656 2246 4696 com—

713 4723 1035 4787 pressiones.
1073 4724 1297 4780 Cessare
1327 4726 1452 4782 fecit
1475 4730 1621 4783 enim
1657 4746 1815 4786 omne
1848 4733 2068 4788 bellum.

784 4897 866 4949 10.
934 4899 1123 4951 Arcum
1151 4909 1373 4954 conteret
1418 4911 1465 4952 et
1505 4904 1789 4972 confringet
1821 4922 1988 4971 arma,
2024 4916 2072 4959 et
2101 4915 2249 4960 scuta

714 4990 971 5044 comburet
993 4993 1120 5061 igni.
1148 4994 1365 5055 Arcum,
1401 4995 1561 5048 telum
1592 5006 1642 5050 et
1671 5007 1904 5060 scutum,
1957 4999 2247 5066 pessimum

712 5082 950 5136 indicant
978 5092 1199 5151 statum,
1229 5094 1282 5139 et
1314 5101 1594 5154 perversas
1613 5088 1983 5142 cogitationes.

785 5253 869 5312 1⁸1.
947 5260 1137 5316 Vacate
1193 5275 1241 5317 et
1304 5277 1465 5319 macte
1508 5282 1753 5336 quoniam
1783 5285 1872 5338 ego
1921 5285 2034 5323 sum
2092 5269 2247 5324 Deus.

715 5351 827 5407 Nisi
862 5356 986 5424 quis
1011 5357 1152 5412 enim
1189 5361 1515 5414 mundanam
1551 5377 1764 5416 omnem
1806 5379 1990 5418 curam
2012 5363 2248 5432 abjiciat,

717 5457 820 5496 non
854 5454 1030 5513 potest
1067 5463 1226 5503 nosse
1257 5449 1445 5505 Deum.
1487 5451 1773 5509 Vacatione
1805 5454 1945 5509 enim
1996 5471 2129 5524 opus
2171 5462 2253 5510 est

717 5531 782 5584 ad
815 5533 904 5588 Dei
951 5539 1334 5605 cognitionem.
1384 5541 1673 5598 Exaltabor
1721 5547 1774 5598 in
1818 5545 2074 5613 gentibus,
2108 5545 2252 5598 exal-

713 5624 866 5675 tabor
903 5626 953 5677 in
991 5637 1147 5681 terra.
1182 5628 1584 5689 Praedicationis
1623 5636 1879 5690 adversus
1910 5648 2096 5689 omnes
2127 5650 2253 5703 gen-

717 5724 796 5766 tes
827 5717 1102 5773 virtcriam
1129 5722 1258 5788 ipsis
1289 5726 1593 5793 pollicetur.

788 5806 875 5858 i2.
934 5808 1186 5868 Dominus
1240 5817 1485 5870 uirtutum
1517 5817 1800 5882 nobiscum,
1843 5825 2104 5883 susceptor
2155 5831 2255 5868 no-

2350 4635 2522 4701 λέγειν
2553 4633 2858 4688 πεπαῦσθαι
2884 4633 2990 4686 ἀπὸ
3009 4633 3106 4702 τῆς
3131 4633 3250 4704 γῆς.
3276 4633 3489 4700 Τέρατα
3508 4629 3564 4681 δὲ
3583 4629 3706 4690 τοὺς
3742 4629 3886 4696 ἀφα-

2350 4727 2586 4795 νισμοὺς,
2605 4727 2718 4795 ἦτοι
2730 4726 2825 4788 τὰς
2851 4727 3224 4795 καταργήσεις,
3241 4723 3420 4794 φησίνο
3447 4721 3754 4792 κατήργησε
3781 4718 3887 4789 γὰρ

2351 4818 2522 4872 πάντα
2553 4817 2802 4887 πόλεμον.

2425 4907 2605 4972 Τόξον
2630 4908 2962 4976 συντρίψει,
3011 4907 3110 4962 καί
3148 4905 3476 4960 συνθλάσει
3525 4902 3735 4964 ὅπλον,
3791 4899 3890 4954 καί

2351 4999 2595 5067 θυρεοὺς
2627 4999 2982 5052 κατακαύσει
3027 4999 3097 5051 ἐν
3131 4998 3290 5065 πυρί.
3325 4995 3485 5060 Τὸξον
3531 4993 3626 5046 νῦν
3647 5034 3662 5056 ,
3703 4992 3796 5044 καὶ
3831 4991 3890 5044 τὺ

2349 5091 2529 5151 ὅπλον,
2566 5090 2657 5142 καὶ
2682 5092 2710 5141 ὀ
2741 5087 2929 5158 θυρεὸς
2956 5087 3279 5141 κατάστασιν
3311 5083 3582 5155 χειρίστην
3617 5081 3888 5152 σημαίνει,

2353 5183 2444 5235 καὶ
2468 5180 2754 5250 λογισμοὺς
2778 5179 3058 5248 πονηρούς.

2424 5271 2788 5340 Σχολάσατε,
2823 5271 2918 5324 καὶ
2940 5270 3141 5340 γνῶτε,
3174 5270 3265 5323 ὅτι
3286 5267 3397 5338 ἐγώ
3426 5270 3541 5336 ειμι
3573 5269 3605 5320 ὁ
3641 5265 3801 5330 Θεός.
3829 5262 3890 5318 ΕΞ

2357 5366 2428 5436 μὴ
2452 5363 2557 5433 γάρ
2579 5380 2660 5425 τις
2684 5363 2859 5431 πάσης
2883 5363 3148 5432 κοσμικῆς
3176 5359 3448 5432 φροντίδος
3471 5357 3689 5427 γένηται
3717 5355 3889 5418 ἐκτὸς,

2353 5457 2413 5509 οὐ
2442 5454 2657 5507 δύναται
2685 5453 2882 5520 γνῶναι
2915 5453 3002 5505 τὸν
3033 5452 3181 5504 Θεόν.
3213 5451 3414 5521 Σχολῆς
3438 5449 3543 5520 γὰρ
3575 5447 3730 5519 χρεία
3760 5445 3893 5518 πρὸς

2352 5548 2414 5600 τὸ
2441 5545 2637 5614 γνῶναι
2659 5544 2746 5597 τὸν
2779 5544 2928 5597 Θεόν.
2963 5543 3362 5611 Ὺψωθήσομαι
3383 5541 3450 5594 ἐν
3473 5539 3597 5604 τοῖς
3634 5538 3890 5597 ἔθνεσιν,

2353 5637 2741 5706 ὑψωθήσομαι
2769 5636 2837 5689 ἐν
2877 5632 2949 5702 τῇ
2998 5633 3092 5701 τῇ.
3120 5633 3228 5702 Τὴν
3275 5633 3625 5704 ἐπικράτησιν
3657 5631 3748 5684 τοῦ
3799 5648 3895 5699 κη-

2360 5728 2626 5799 ρύγματος
2654 5725 2750 5795 τὴν
2778 5723 2915 5779 κατὰ
2948 5723 3051 5776 τῶν
3088 5722 3254 5775 ἐθνῶν
3282 5723 3460 5784 αὐτοῖς
3485 5719 3892 5788 ἐπαγγέλλεται.

2426 5817 2636 5884 Κύριος
2673 5813 2786 5868 τῶν
2811 5814 3116 5880 δυνάμεων
3138 5812 3263 5881 μεθ’
3293 5812 3474 5880 ἠιιῶν,
3526 5807 3892 5874 drchmam}:
