4108 6500
171 445 255 502 ΞΠ

170 579 312 648 ἡμῶν
337 583 367 634 ὀ
391 581 531 647 Θεὸς
569 583 778 638 Ἰακώϐ.
807 585 914 658 Τὴν
935 589 1281 659 εὐχαριστίαν
1310 595 1688 652 ἀναδιπλασιά-
1716 597 1763 654 Α

173 670 326 733 ζουσιν
353 675 397 724 οἱ
418 675 495 735 εἰς
524 676 754 745 Χριστὸν
783 680 1187 744 πιστεύσαντες.

411 785 516 850 Είς
547 785 718 852 τέλος
751 789 899 857 ὑπὲρ
926 790 1042 842 τῶν
1073 792 1216 846 υἱῶν
1243 795 1392 863 Κορέ

657 901 960 955 nam}:
993 905 1142 970 Μετ’.

756 1011 769 1028 '
782 1013 1085 1080 Υπόθεσις.

195 1119 362 1188 sum
385 1121 412 1171 ὁ
433 1120 646 1191 ψαλμὺς
665 1124 728 1176 ὲκ
742 1124 1028 1195 προσώπου
1053 1127 1160 1180 τῶν
1190 1130 1356 1198 ἁγίων
1385 1132 1689 1187 ἀποστόλων

232 1211 614 1279 παραινούντων
626 1216 738 1277 τοῖς
759 1215 963 1268 ἔθνεσιν
977 1220 1304 1291 ἀνασκιρτᾷν
1323 1222 1411 1275 διὰ
1443 1224 1689 1294 πράξεων

231 1299 428 1364 ἀγαθῶν
456 1304 547 1354 ἐπὶ
565 1305 631 1374 τῇ
665 1305 926 1379 γενομένῃ
953 1309 1073 1379 νίκῃ
1097 1311 1234 1363 κατὰ
1256 1312 1362 1366 τῶν
1401 1314 1689 1388 ἀλιτηρίων

227 1388 489 1458 δαιμόνων.

230 1479 412 1532 Πάντα
453 1482 522 1535 τὰ
553 1485 716 1550 ἔθνη,
757 1485 1082 1553 κροτήσατε
1122 1491 1340 1559 χεῖρας,
1380 1494 1521 1546 ’Δντι
1571 1494 1686 1557 τοῦ,

174 1568 373 1640 Πράξεις
405 1573 612 1640 ἀγαθὰς
638 1577 1035 1648 ὲπιτηδεύσατε.
1081 1583 1435 1648 Ἀλαλὰξατε
1462 1585 1541 1651 τῷ
1570 1586 1690 1652 Θεῷ

171 1661 229 1710 ἐν
247 1660 399 1729 φωνῇ
421 1664 848 1734 ἀγαλλιάσεως.
892 1672 1177 1737 Ἐπινίκιος
1201 1675 1310 1744 ᾠδή
1336 1679 1480 1730 ἐστιν
1507 1681 1534 1731 ὁ
1557 1677 1690 1748 ψαλ-

174 1748 272 1817 μός.
315 1749 395 1813 Ὠς
427 1748 518 1805 οὖν
554 1758 912 1812 πεπτωκότων
949 1761 1054 1814 τῶν
1101 1763 1486 1835 ἀντικειμένων
1537 1769 1691 1823 δυνά-

174 1856 314 1908 μεων,
341 1842 481 1913 ᾄδειν
499 1846 568 1899 τὰ
597 1848 720 1920 ἔθνη
749 1853 1192 1922 παρακελεύεται.

231 1933 342 1987 ὀτι
361 1938 571 2007 Κύριος
596 1942 887 2012 ’Υψιστος
909 1948 1177 2016 φοϐερός.
1202 1950 1459 2020 ’Υψιστος
1483 1953 1578 2022 μὲν
1607 1952 1694 2006 διὰ
1723 1953 1765 2007 Β

172 2022 254 2090 τὴν
313 2025 624 2098 Ἐκκλησίαν
681 2033 987 2101 γενόμενος,
1042 2037 1265 2108 φοϐερὸς
1307 2040 1363 2092 δὲ
1402 2041 1541 2093 κατά
1582 2042 1689 2094 τῶν

173 2111 372 2185 ἐχθρῶν.
421 2121 718 2187 Βασιλεὺς
751 2125 935 2193 μέγας
986 2127 1084 2180 ἐπὶ
1132 2129 1336 2183 πᾶσαν
1395 2130 1509 2200 τὴν
1555 2130 1689 2200 γῆν.

173 2201 268 2253 Οὐκ
285 2203 376 2266 ἔτι,
404 2208 584 2276 φησιν,
609 2211 658 2262 ol
678 2213 899 2282 πονηροὶ
929 2213 1035 2266 τῶν
1060 2215 1152 2267 ἐπὶ
1180 2217 1283 2287 γῆς
1309 2218 1582 2288 ἄρχουσιν.
1603 2220 1694 2272 Δέ-

171 2288 290 2381 δωκε
315 2293 416 2366 γὰρ
443 2298 629 2362 αὐτοῖς
644 2304 833 2355 πατεῖν
860 2304 1042 2358 ἐπάνω
1064 2305 1238 2375 ὄφεων
1268 2311 1361 2363 καὶ
1384 2311 1656 2381 σκορπίων
1675 2352 1691 2376 ,

172 2380 250 2487 καὶ
266 2383 494 2487 eorum
521 2386 649 2487 ἔθνη
677 2390 783 2444 τῶν
837 2395 1090 2467 πονηρῶν
1131 2396 1399 2470 δαιμόνων
1430 2380 1695 2467 ὑπέταξεν

172 2479 325 2528 αὐτῶν
341 2479 446 2541 τοῖς
472 2481 652 2536 ποσίν.

237 2563 506 2660 Tite—rage
522 2572 712 2638 λαοὺς
732 2573 877 2643 ἡμῖν
903 2578 1000 2633 καί
1021 2579 1162 2646 ἔθνη
1193 2580 1310 2632 ὑπὸ
1343 2579 1484 2645 τοὺς
1509 2579 1698 2646 πόδας

359 2656 648 2729 Χαίρουσιν
667 2662 757 2714 ἐπὶ
777 2665 889 2727 τοῖς
909 2664 1207 2736 δεδομένοις
1226 2669 1404 2732 αὐτοῖς
1437 2669 1586 2741 παρά
1606 2669 1697 2723 τοῦ

174 2739 348 2842 ίίυρίου
369 2745 604 2842 κλήροις.
648 2750 988 2842 Ἐξελέξατο
1010 2757 1153 2826 ἡμῖν
1172 2758 1286 2826 τὴν
1300 2739 1699 2830 κληρονομίαν

388 2838 493 2892 Καὶ
513 2841 598 2905 τίς
609 2841 697 2935 Δἂν
722 2845 807 2935 fit]
832 2848 863 2914 ἡ
897 2847 1229 2919 κληρονομία
1257 2852 1466 2921 Κυρίου
1494 2853 1528 2922 ἢ
1573 2852 1699 2923 περὶ

175 2923 633 3024 ησὶὲλεκται-παρὰ
655 2933 748 2984 τοῦ
764 2935 993 3005 Πατρδς,
1015 2937 1260 3005 Αἴτησαι
1286 2941 1385 2994 ἀπ’
1405 2940 1569 3006 ἐμοῦ,
1600 2941 1697 2995 καὶ

176 3006 317 3063 δώσω
332 3027 426 3066 σοι
451 3017 595 3084 ἔθνη
618 3019 731 3088 τὴν
744 3025 1144 3093 κληρονομίαν
1168 3040 1311 3089 σου;
1341 3028 1459 3097 Τὴν
1487 3034 1703 3085 καλλο-

177 3097 273 3165 νὴν
323 3103 514 3160 Ἰακὼϐ
565 3107 644 3176 ἢν
670 3110 1005 3182 ἠγάπησεν.
1054 3117 1162 3188 Τὴν
1207 3119 1466 3192 καλλονὴν
1507 3121 1700 3176 Ἰακώϐ

177 3193 396 3284 πρςὶσιτὴν
433 3201 875 3276 προφητείαντὴν
901 3207 1028 3278 περὶ
1066 3208 1172 3261 τῶν
1217 3209 1383 3264 ἐθνῶν
1405 3251 1420 3276 ,
1456 3212 1582 3284 περὶ
1629 3206 1698 3283 ἦς

175 3277 335 3336 εἶπεν·
358 3289 462 3342 Καὶ
496 3293 678 3359 αὐτὸς
701 3295 868 3348 ἔσται
883 3297 1211 3364 προσδοκία
1223 3300 1410 3355 ἐθνῶν
1427 3320 1441 3336 ·
1463 3277 1611 3372 Ali-eq
1719 3283 1761 3340 δ

178 3375 253 3464 sal
276 3377 592 3453 ἠγαπημένη
625 3386 789 3438 ἐστίν.
814 3387 920 3438 Καὶ
949 3387 1053 3440 τίνι
1081 3389 1405 3462 ἠγαπημένη
1440 3393 1472 3462 ἢ
1499 3392 1576 3462 τῷ
1601 3392 1697 3464 τὴν

179 3463 324 3564 ἔκυχὴν
353 3471 512 3564 αύτοῦ
539 3474 800 3527 τεθεικότι
828 3478 963 3547 ὑπὲρ
992 3480 1160 3549 αὐτῆς
1183 3497 1198 3544 ;
1226 3481 1437 3554 Ταύτην
1479 3479 1571 3538 οὗν
1599 3463 1697 3556 την

180 3558 526 3629 ι’,γαπημένην,
551 3561 733 3631 φησὶν,
769 3563 1061 3632 ἐξελέξατο.

244 3644 422 3736 ita-£613
454 3653 487 3703 ὀ
535 3653 680 3719 Θεὸς
731 3655 801 3708 ἐν
830 3658 1171 3728 ἀλαλαγμῷ.
1213 3662 1276 3714 Ἦ
1321 3665 1401 3727 είς
1441 3665 1698 3736 οὐρανοὺς

180 3729 333 3796 habe:
362 3738 446 3792 διὰ
470 3741 674 3796 τούτων
701 3745 794 3797 τοῦ
840 3749 1042 3818 Κυρίου
1091 3751 1434 3819 σημαίνεται.
1489 3729 1700 3821 [lapsae

179 3822 233 3873 ἐν
253 3828 408 3897 φωνῇ
417 3831 765 3904 σάλπιγγος.
785 3837 894 3899 Τὰς
920 3839 1150 3902 αἰνέσεις
1170 3841 1278 3894 τῶν
1294 3844 1700 3898 συναναδαινὸν-

178 3930 275 4017 των
306 3920 445 4017 αὑτῶ
479 3924 776 4017 σάλπιγγος
803 3925 1050 3996 ὠνόμασε
1096 3933 1300 4002 φωνήν.
1358 3933 1594 3989 Ψάλατε
1624 3935 1702 4001 τῷ

307 4012 491 4112 ἡμῶν,
512 4016 748 4084 ψάλατε
772 4035 785 4048 ·
830 4020 1060 4086 ψάλατε
1099 4022 1178 4088 τῷ
1215 4027 1469 4080 Βασιλεῖ
1501 4028 1701 4097 ἡμῶν,

179 4100 400 4203 ις’άλατε.
439 4106 723 4203 Ἐπε-ιδὴοί
750 4109 986 4203 dinam,
1020 4115 1186 4184 φησὶ,
1221 4117 1310 4169 τὸν
1348 4118 1704 4174 ἀναϐαίνοντα

180 4194 397 4278 ύμνουσι,
427 4198 518 4250 καὶ
551 4198 726 4269 ὑμεῖς,
761 4194 805 4254 ὣ
827 4203 972 4274 ἔθνη.
1008 4205 1106 4275 τὴν
1145 4207 1312 4278 αὐτὴν
1335 4209 1704 4274 ἀποσώζοντες

180 4276 503 4380 λειτουργίαν,
524 4287 730 4356 ψάλατε
762 4291 837 4361 τῷ
867 4292 1242 4361 βασιλεύσαντι
1271 4276 1397 4368 Θεῷ
1434 4300 1530 4370 τῆς
1558 4300 1662 4369 γῆς
1686 4317 1700 4332 ⁸

306 4376 406 4446 γὰρ
441 4379 582 4433 κατὰ
605 4381 738 4434 Θεὸν
770 4384 1148 4456 εὐθυμούντων
1183 4388 1302 4442 ἐστὶ
1353 4389 1414 4443 τὸ
1461 4389 1699 4462 ψάλλειν.

182 4461 421 4535 Εὐθυμεῖ,
451 4471 634 4540 φησὶν,
657 4473 725 4526 ἐν
757 4475 896 4543 ὑμῖν
927 4494 1053 4543 τις;
1084 4479 1383 4547 ψαλλέτω.

237 4555 519 4656 ETa-lere
535 4564 816 4631 συνετῶς.
844 4567 934 4638 Μὴ
950 4567 1038 4620 διὰ
1056 4569 1314 4640 κιθαρῶν,
1330 4571 1406 4634 ὡς
1419 4571 1467 4624 οἱ
1490 4572 1697 4644 πρώην.

182 4651 316 4700 τοῦτο
339 4651 440 4724 γὰρ
465 4655 545 4717 τὸ,
581 4656 890 4731 συνετῶς.]

255 4739 659 4801 Ἐϐασίλευσεν
688 4751 721 4801 ὁ
746 4749 886 4815 Θεὸς
923 4751 1021 4804 ἐπὶ
1052 4751 1124 4804 τὰ
1149 4751 1312 4820 ἔθνη.
1343 4754 1706 4825 Παρεδέξαντο

186 4824 276 4896 γὰρ
300 4830 387 4901 τὴν
409 4836 484 4897 εἰς
511 4835 670 4887 αὐτὸν
703 4836 901 4889 πίστιν.
942 4839 1002 4892 '0
1025 4837 1166 4904 Θεὸς
1195 4824 1548 4907 κάθηταιὲπὶ
1577 4843 1706 4909 θρό-

184 4933 278 4972 νου
307 4923 467 5000 ἁγίου
499 4927 706 4982 αὐτοῦ.
738 4928 843 5000 Τὴν
871 4931 1165 5001 μέλλουσαν
1201 4934 1364 4986 αὐτοῦ
1397 4934 1576 5003 ἄφιξιν
1611 4951 1707 5005 ση-

191 5012 362 5077 μαίνει,
387 5016 450 5068 δι⁹
480 5011 548 5089 ἧς
571 5017 782 5072 καθίσει
815 5026 994 5092 κρῖναι
1017 5025 1116 5093 τὴν
1145 5025 1486 5097 οἰκουμένην.

249 5106 548 5175 Ἄρχοντες
575 5109 741 5164 λαῶν
776 5114 1174 5183 συνήχθησαν
1219 5117 1366 5184 μετὰ
1395 5115 1500 5169 τοῦ
1556 5116 1702 5172 Θεοῦ

199 5193 433 5266 Ἀϐραάμ.
465 5201 687 5270 Ὅμοιον
717 5203 797 5265 τὸ,
818 5205 1166 5272 Καθήσεσθε
1193 5207 1288 5259 ἐπὶ
1325 5206 1548 5261 δώδεκα
1571 5209 1703 5277 θρό-

189 5299 312 5351 νους
353 5291 652 5357 κρίνοντες
701 5293 805 5358 τὰς
827 5292 1051 5349 δώδεκα
1082 5295 1278 5364 φυλὰς
1300 5297 1403 5350 τοῦ
1449 5297 1701 5365 Ἰσραήλ.

193 5373 300 5430 ὐτι
325 5381 422 5435 τοῦ
451 5384 594 5438 Θεοῦ
621 5387 674 5437 ol
698 5389 959 5453 κραταιοὶ
992 5389 1102 5456 τῆς
1129 5389 1240 5457 τῆς
1262 5389 1494 5457 σφόδρα
1521 5390 1701 5459 ἐπήρ-

192 5467 376 5536 θησαν.
418 5474 504 5525 Ἐν
529 5477 593 5544 τῇ
618 5478 708 5545 γῇ,
740 5478 890 5548 φησὶ,
923 5477 1030 5530 τῶν
1056 5479 1271 5549 πραέων
1298 5483 1362 5549 τῇ
1384 5481 1704 5551 ἀποδοθησο-

197 5555 312 5631 μένῃ
334 5564 438 5624 τοῖς
469 5565 642 5631 ἁγίοις
668 5567 717 5618 οἱ
750 5571 995 5638 κραταιοὶ
1035 5570 1127 5623 τοῦ
1169 5571 1301 5624 Θεοῦ
1349 5573 1705 5642 ὑπερυψὼθη-

196 5663 294 5713 σαν,
325 5654 410 5708 καὶ
455 5657 967 5730 ὑπερεδοξάσθησαν,
999 5661 1075 5724 ὡς
1119 5663 1488 5733 ἐδιδάχθημεν,
1523 5665 1588 5716 ἐκ
1614 5664 1706 5716 τοῦ

197 5741 432 5811 φήσαντος
461 5749 652 5818 λόγου·
685 5752 1031 5820 Καθήσεσθε
1052 5753 1150 5806 cui
1175 5755 1398 5821 θρόνων
1428 5752 1668 5806 δώδεκα.

283 5853 321 5884 ’⁸
354 5854 476 5912 Luc.
507 5876 559 5927 ι,
602 5862 681 5914 19.
757 5863 800 5894 ³⁸
836 5861 972 5918 Psal.
1000 5879 1059 5930 ιι,
1099 5864 1150 5918 8.
1219 5865 1257 5897 ⁸⁸
1286 5866 1418 5920 Gen.
1449 5880 1594 5930 ms,
1654 5867 1732 5922 10.

1731 4637 1776 4692 D

1251 457 1605 516 EXPOSITIO
1639 460 1706 516 IN
1742 463 2068 523 PSALMUM
2109 469 2286 524 XLVI.

3242 472 3344 528 2i8

1789 592 1896 635 ster
1925 583 2059 638 Deus
2089 585 2274 639 Jacob.
2307 586 2407 652 Qui
2440 585 2491 640 in
2530 584 2809 641 Christum
2853 587 3197 642 crediderunt
3220 603 3345 657 gra-

1790 674 1982 726 tiarum
2011 679 2252 731 actiones
2281 677 2576 746 duplicant.

2138 787 2187 838 i.
2241 785 2306 839 In
2357 787 2511 854 ﬁnem
2535 801 2629 855 pro
2675 784 2802 850 filiis
2842 781 2992 836 Core.

2267 895 2599 951 PSALMUS
2663 891 2867 949 XLVI.

2354 1009 2748 1079 Argumentum.

1787 1123 2011 1180 Canitur
2052 1123 2138 1176 hic
2181 1124 2422 1192 psalmus
2473 1140 2538 1176 ex
2576 1135 2807 1192 persona
2853 1123 3160 1172 sanctorum
3207 1127 3340 1183 apo-

1856 1215 2146 1279 stolorum,
2207 1215 2299 1282 qui
2355 1224 2540 1284 gentes
2604 1213 2888 1267 hortantur
2942 1218 3004 1264 ut
3039 1222 3135 1277 per
3191 1205 3338 1259 bona

1858 1320 2024 1373 opera
2053 1304 2323 1358 exsultent
2350 1305 2416 1359 de
2457 1313 2610 1374 parta
2657 1300 2920 1359 adversus
2948 1296 3206 1353 scelestos
3232 1294 3339 1350 dae.-

1859 1410 2048 1450 mones
2090 1393 2334 1449 victoria.

1854 1487 1909 1540 2.
1974 1486 2161 1542 Omnes
2188 1493 2382 1556 gentes,
2415 1482 2650 1550 plaudite
2681 1477 2940 1531 manibus.
2965 1476 3130 1542 Quasi
3173 1477 3338 1539 dicat,

1787 1577 1956 1649 Opera
1980 1579 2118 1632 bona
2151 1577 2329 1631 facere
2368 1577 2597 1630 studete.
2632 1570 2866 1625 Jubilate
2899 1569 3004 1624 Deo
3034 1571 3089 1622 in
3112 1586 3229 1624 voce
3252 1583 3343 1622 ea:-

1787 1670 2109 1726 sultationis.
2147 1667 2394 1722 Victoria:
2419 1679 2638 1719 carmen
2679 1663 2766 1717 hic
2815 1662 3056 1730 psalmus
3101 1668 3203 1715 est.
3235 1659 3344 1714 Ita—

1788 1778 1893 1831 que
1935 1769 2121 1832 utpote
2155 1760 2322 1829 lapsis
2369 1756 2693 1812 adversariis
2734 1754 3113 1824 potestatibus,
3149 1751 3215 1806 ad
3247 1764 3340 1805 ca-

1789 1854 2024 1910 nendum
2057 1860 2242 1923 gentes
2271 1851 2524 1906 concitat.

1861 1948 1913 2000 5.
1949 1944 2212 2012 Quoniam
2252 1944 2506 1996 Dominus
2545 1941 2802 2004 excelsus,
2835 1939 3108 1994 terribilis.
3150 1936 3339 1991 Excel-

1790 2056 1884 2096 sus
1941 2047 2157 2109 propter
2208 2036 2524 2100 Ecclesium,
2574 2034 2830 2090 terribilis
2888 2041 3074 2086 contra
3132 2031 3337 2084 hostes.

1791 2132 1900 2187 Rex
1919 2147 2133 2202 magnus
2159 2146 2312 2198 super
2335 2145 2535 2183 omnem
2557 2137 2773 2180 terram.
2797 2123 2918 2179 Non
2947 2124 3109 2183 ultra.
3141 2120 3339 2191 inquit,

1791 2222 2045 2294 improbi,
2088 2221 2316 2277 terrenis
2343 2220 2625 2288 imperant.
2663 2215 2819 2269 Dedit
2848 2213 2992 2268 enim
3034 2211 3114 2265 eis
3165 2211 3342 2282 (nem-

1791 2313 2180 2386 pediscipulis)
2228 2319 2546 2382 potestatem
2580 2306 2820 2363 calcandi
2865 2318 3023 2374 super
3065 2309 3345 2370 serpentes

1790 2416 1844 2463 et
1874 2406 2187 2475 scorpiones
2217 2405 2262 2435 "
2289 2443 2304 2467 ,
2345 2410 2402 2458 et
2435 2402 2605 2470 ipsam
2634 2397 3006 2468 improborum
3034 2394 3342 2450 daemonum

1794 2499 2007 2557 turbam
2044 2495 2272 2566 pedibus
2296 2507 2484 2549 eorum
2517 2490 2764 2559 subjecit.

1860 2588 1917 2651 4,
1964 2589 2017 2643 5.
2062 2585 2293 2655 Subjectt
2322 2585 2537 2655 populos
2566 2582 2733 2645 nobis,
2763 2588 2814 2635 et
2853 2587 3025 2650 gentes
3068 2579 3161 2631 sub
3199 2574 3319 2645 pedi

1795 2679 1888 2734 bus
1921 2679 2132 2732 nostris.
2167 2677 2412 2733 Gaudent
2456 2676 2523 2730 de
2562 2686 2820 2730 concessa
2878 2669 2983 2726 sibi
3029 2684 3061 2722 a
3113 2665 3345 2720 Domino

1795 2779 1959 2826 sorte.
2015 2768 2186 2838 Elegit
2236 2769 2385 2822 nobis
2424 2767 2782 2822 hereditatem
2816 2761 2938 2817 sibi.
2970 2758 3150 2829 Ecqua
3182 2755 3347 2811 fuerit

1794 2861 2083 2918 hereditas
2113 2858 2327 2914 Domini
2360 2860 2465 2913 nisi
2513 2873 2575 2912 ea
2613 2857 2680 2911 de
2710 2870 2818 2925 qua
2847 2852 3044 2908 dicitur
3077 2865 3106 2904 a
3135 2849 3295 2904 Patre
3328 2888 3346 2915 ,

1796 2953 2020 3011 Postulo
2072 2969 2104 3006 a
2160 2968 2261 3016 me,
2316 2958 2366 3006 et
2425 2949 2560 3004 dabo
2614 2949 2708 3001 tibi
2759 2955 2928 3017 gentes
2989 2941 3348 2997 hereditatem

1797 3056 1942 3101 tuam
1970 3045 2054 3098 ³⁶ἳ
2080 3042 2311 3114 Speciem
2336 3041 2500 3097 Iacob
2526 3055 2683 3110 quam
2721 3037 2930 3090 dilexit.
2971 3033 3220 3104 Speciem
3250 3028 3345 3084 Ja-

1795 3137 1897 3191 cob
1926 3143 2081 3190 vocat
2131 3135 2251 3203 ejus
2301 3133 2369 3187 de
2419 3131 2667 3200 gentibus
2714 3125 3076 3197 prophetiam,
3130 3122 3200 3176 de
3239 3135 3345 3189 qua

1795 3226 1925 3282 dicit
1951 3245 1964 3280 :
2004 3222 2072 3278 Et
2105 3226 2214 3292 ipse
2241 3223 2339 3276 erit
2361 3220 2676 3290 exspectatio
2706 3219 2934 3288 gentium
2963 3217 3028 3269 ³¹.
3061 3213 3182 3284 Ipsa
3208 3226 3348 3282 quo-

1794 3331 1902 3388 que
1954 3315 2148 3370 dilecta
2180 3323 2282 3369 est.
2331 3311 2493 3366 Eccui
2527 3309 2721 3365 dilecta
2759 3315 2838 3361 est
2869 3307 2983 3368 alii,
3024 3304 3131 3359 nisi
3159 3303 3208 3357 ei
3254 3302 3349 3371 qui

1796 3409 2031 3464 animam
2081 3421 2236 3463 suam
2283 3419 2382 3475 pro
2432 3418 2499 3458 ea
2533 3399 2748 3472 posuit?
2774 3397 2922 3452 lianc
2971 3397 3155 3466 itaque
3210 3392 3350 3448 dile-

1796 3508 1963 3565 ctam,
1996 3497 2190 3567 inquit,
2224 3494 2403 3564 elegit.

1865 3656 1920 3717 6,
1952 3655 2003 3708 7.
2062 3651 2304 3706 Ascendit
2343 3648 2477 3701 Deus
2508 3648 2562 3699 in
2586 3644 2776 3714 jubilo.
2810 3641 2968 3695 Hisce
3011 3637 3350 3708 signiﬁcatur

1798 3747 2012 3802 Domini
2048 3745 2112 3799 ad
2145 3743 2312 3797 cenios
2342 3754 2621 3794 ascensus.
2663 3736 2916 3790 Dominus
2945 3732 3000 3784 in
3034 3745 3152 3783 voce
3187 3737 3347 3783 tubis.

1801 3835 2011 3890 Laudes
2041 3833 2109 3886 ab
2143 3832 2209 3885 iis
2244 3830 2337 3899 qui
2385 3844 2490 3883 una
2538 3825 2901 3881 ascendebant
2945 3819 3045 3891 ipsi
3075 3821 3228 3874 datas
3255 3832 3350 3872 vo-

1801 3943 1916 3984 cem
1976 3925 2120 3980 tubte
2171 3931 2351 3978 vocat.
2402 3920 2628 3974 Psallite
2677 3916 2784 3969 Deo
2834 3926 3034 3978 nostro,
3091 3910 3351 3977 psallite:

1800 4018 2012 4091 psallite
2041 4016 2166 4086 Regi
2200 4025 2398 4076 nostro,
2451 4009 2682 4082 psallite.
2720 4007 2987 4075 Quoniam
3023 4003 3222 4074 angeli,
3263 4003 3350 4055 in-

1801 4112 1937 4182 quit,
1963 4109 2338 4165 ascendentem
2370 4106 2425 4158 in
2453 4103 2650 4159 coelum
2679 4101 2896 4172 hymnis
2924 4101 3349 4168 prosequuntur.

1802 4210 1855 4257 et
1881 4218 1976 4256 vos
2003 4203 2188 4264 etiam,
2218 4214 2252 4252 ο
2291 4204 2496 4267 gentes,
2544 4196 2685 4251 idem
2729 4194 3076 4248 observantes
3108 4187 3354 4240 ministe-

1799 4293 1961 4355 rium,
2011 4291 2219 4360 psallite
2268 4287 2380 4343 Deo
2414 4298 2570 4342 terras
2622 4283 2930 4355 imperanti.
2971 4279 3170 4333 Eorum
3205 4275 3351 4330 enim

1807 4389 1901 4459 qui
1932 4390 2054 4443 iazto
2091 4384 2386 4439 secundum
2419 4382 2586 4437 Deum
2616 4381 2800 4436 animo
2827 4386 2954 4434 sunt
2988 4383 3072 4429 est
3102 4371 3350 4442 psallere.

1801 4479 1971 4542 Ltzto,
2005 4475 2200 4544 inquit,
2234 4475 2410 4527 animo
2450 4473 2565 4541 quis
2613 4481 2688 4524 est
2723 4470 2778 4522 in
2823 4467 3005 4520 vobis?
3041 4462 3235 4532 psallat
3284 4459 3350 4512 ³⁸.

1876 4566 2138 4641 [Psallite
2165 4566 2444 4630 sapienter.
2475 4561 2590 4614 Non
2621 4577 2743 4614 cum
2778 4556 3024 4619 citharis,
3067 4564 3126 4608 ut
3173 4553 3210 4607 ii
3260 4551 3355 4621 qui

1808 4671 1930 4717 ante
1957 4659 2104 4712 luere
2134 4676 2146 4710 :
2179 4657 2231 4710 id
2259 4655 2402 4709 enim
2436 4654 2702 4722 signiticat
2742 4651 2894 4716 illud,
2923 4649 3200 4714 sapienter.
3217 4642 3247 4715 ,]

1877 4754 1931 4808 8.
1991 4751 2245 4822 Regnabit
2291 4747 2428 4802 Deus
2474 4763 2627 4815 super
2659 4753 2848 4815 gentes.
2901 4741 3086 4794 Fidem
3120 4752 3356 4806 namque

1808 4847 1926 4916 ejus
1969 4848 2309 4912 acceperunt.
2361 4839 2498 4892 Deus
2549 4837 2684 4890 sedet
2730 4851 2884 4904 super
2911 4833 3080 4887 sedem
3119 4838 3354 4883 sanctam

1809 4953 1975 4992 suam.
2010 4933 2270 4987 Futurum
2301 4932 2417 5000 ejus
2441 4929 2726 4984 adventum
2767 4926 3033 4997 significat
3061 4937 3171 4992 quo
3203 4921 3356 4976 sede-

1808 5032 1886 5085 bit
1908 5037 1967 5084 ut
2002 5028 2203 5096 jndicet
2235 5027 2440 5079 orbem.

1875 5123 1928 5177 9.
2005 5119 2276 5187 Principes
2323 5118 2629 5186 populorum
2696 5111 2992 5183 congregati
3052 5116 3174 5162 sunt
3240 5121 3356 5159 cum

1809 5212 1916 5266 Deo
1967 5209 2250 5262 Ahraham.
2290 5206 2476 5260 Simile
2527 5214 2609 5260 est
2659 5205 2841 5258 illud:
2894 5200 3153 5256 Sedebitis
3202 5213 3358 5265 super

1809 5303 2081 5356 duodecim
2136 5301 2346 5352 thronos
2390 5297 2688 5366 judicantes
2734 5294 3008 5348 duodecim
3057 5291 3220 5343 tribus
3272 5284 3359 5341 Is-

1811 5393 1919 5446 rael
1952 5392 2016 5446 ³⁸.
2048 5393 2305 5457 Quoniam
2334 5391 2430 5443 Dei
2455 5391 2614 5459 fortes
2643 5399 2793 5441 terra:
2828 5387 3143 5441 vehementer
3171 5381 3358 5437 elevati

1813 5495 1952 5537 sunt.
1984 5483 2039 5537 in
2073 5496 2234 5547 terra,
2299 5483 2494 5548 inquit,
2545 5489 2952 5534 mansuetorum
2992 5492 3112 5546 quas
3156 5475 3357 5531 sanctis

1813 5574 2195 5643 assignahitur,
2243 5575 2409 5628 fortes
2448 5571 2538 5625 Dei
2574 5572 2918 5625 vehementer
2951 5568 3169 5622 exaltati
3210 5577 3355 5633 sunt,

1813 5675 1868 5720 et
1895 5665 2060 5734 gloria
2091 5664 2286 5719 mirum
2328 5664 2382 5717 in
2415 5663 2630 5718 modum
2663 5660 2824 5724 aucti,
2855 5669 2913 5713 ut
2942 5659 3260 5713 edidicimus
3290 5673 3355 5714 ex

1809 5771 1870 5810 ca
1904 5756 2164 5811 sententia
2199 5775 2213 5812 :
2242 5755 2496 5810 Sedcbitis
2530 5772 2683 5825 super
2715 5757 2923 5810 thronos
2948 5755 3241 5810 duodecim.

1844 5868 1886 5899 "
1912 5866 2024 5920 Jac.
2076 5885 2126 5935 ι’,
2155 5838 2255 5948 @i.
2363 5870 2407 5900 ³⁸
2440 5869 2623 5924 Matth.
2662 5886 2775 5935 xu,
2801 5869 2889 5924 28.
