4108 6486
739 469 844 525 219

847 591 900 645 1.
956 580 1288 644 PSALMUS
1321 578 1533 644 cantici,
1584 576 1708 645 ﬁliis
1753 574 1905 641 Core,
1951 570 2175 625 secunda

1254 670 1494 726 Subbati.
1555 665 1650 719 XL
1665 663 1791 718 VII.

1316 762 1710 828 Argumentum.

744 860 841 915 Hic
878 872 1093 928 quoque
1134 854 1375 924 psalmus
1425 865 1490 903 ex
1523 862 1753 917 persona
1802 851 2111 899 sanctorum
2156 854 2286 910 apo-

815 952 1075 1006 stolorum
1140 946 1393 1007 canitur,
1446 940 1784 994 narrantium
1828 936 2152 1014 .vexationes
2216 937 2286 987 ob

814 1041 1243 1111 praedicationem
1281 1036 1479 1099 illatas,
1508 1040 1562 1087 et
1591 1029 1843 1085 victorias
1874 1028 1940 1081 de
1971 1027 2037 1080 iis
2083 1036 2282 1096 partas.

816 1136 870 1188 2.
919 1132 1139 1203 Magnus
1189 1128 1439 1181 Dominus
1482 1135 1530 1179 et
1562 1122 1840 1177 laudabilis
1886 1122 2036 1173 nimis
2081 1120 2135 1171 in
2163 1118 2287 1170 civi~

751 1236 855 1280 tate
889 1225 985 1278 Dei
1029 1222 1212 1284 nostri,
1258 1220 1311 1272 in
1342 1226 1512 1271 monte
1538 1224 1718 1270 sancto
1748 1214 1881 1277 eius.
1928 1210 2043 1263 Non
2086 1210 2193 1277 jam
2233 1210 2284 1261 in

750 1318 883 1380 sola,
914 1315 1110 1383 inquit,
1144 1310 1349 1375 Judaea,
1381 1308 1474 1364 sed
1507 1307 1562 1361 in
1604 1315 1785 1359 monte
1822 1311 2026 1358 sancto.
2054 1299 2285 1354 Montem

752 1416 927 1461 autem
966 1404 1053 1459 hic
1077 1403 1206 1457 dicit
1233 1399 1551 1462 Ecclesiam,
1600 1397 1669 1451 ob
1719 1393 2009 1450 sublimem
2060 1392 2127 1445 de
2174 1387 2288 1444 Deo

748 1498 1067 1553 doctrinam.

820 1589 874 1643 ὅ.
926 1583 1207 1638 Fundatur
1229 1581 1572 1635 exsultatione
1608 1578 1859 1632 universa:
1889 1585 2058 1629 terrm.
2090 1572 2290 1627 Exten-

749 1682 846 1744 dit,
904 1679 1094 1747 inquit,
1164 1674 1570 1728 exsultationem
1629 1684 1725 1739 per
1788 1682 2000 1721 omnem
2050 1675 2289 1729 terram;

752 1787 875 1825 nam
901 1770 953 1823 in
977 1782 1187 1823 omnem
1224 1775 1416 1819 terram
1446 1761 1681 1833 pervasit
1715 1758 2005 1815 exsultatio
2027 1756 2145 1825 ejus
2174 1771 2291 1811 ma-

753 1859 1127 1921 nifestationis,
1167 1866 1221 1912 et
1261 1856 1486 1926 gratiam
1515 1851 1778 1907 dilatavit.
1813 1848 2012 1906 Montes
2045 1846 2172 1902 Sion
2211 1847 2291 1900 la-

753 1963 863 2006 tera
895 1949 1155 2022 aquilonis
1212 1946 1507 2003 Jerusalem
1561 1945 1627 1999 ad
1674 1942 1957 1998 meridiem
2011 1941 2113 1996 sita
2167 1949 2287 1995 est:

751 2054 934 2117 gentes
966 2043 1031 2098 ad
1076 2044 1398 2112 aquilonem.
1442 2037 1706 2104 Quoniam
1756 2044 1931 2089 autem
1982 2030 2173 2096 Judaei,
2208 2040 2295 2083 ut-

752 2146 874 2207 pote
897 2136 996 2191 soli
1022 2142 1254 2189 montem
1298 2132 1427 2186 Sion
1465 2131 1757 2185 incolentes
1790 2125 2067 2196 magniﬁce
2101 2123 2293 2178 sentie-

752 2226 898 2291 bant,
928 2225 1015 2279 hic
1052 2224 1349 2279 ostenditur
1382 2221 1512 2276 Sion
1552 2236 1672 2275 esse
1712 2229 1896 2290 gentes
1928 2216 2291 2285 evangelicum

750 2329 1049 2371 sermonem
1080 2314 1425 2381 excipientes.
1456 2308 1591 2363 Nam
1628 2306 1807 2362 Sionis
1829 2306 1985 2362 sedes
2014 2315 2097 2361 est
2117 2306 2291 2360 boreae

748 2404 1017 2464 climatus,
1045 2402 1137 2470 qui
1167 2401 1341 2454 boreae
1389 2398 1635 2453 climatus
1668 2411 1761 2467 per
1806 2396 1973 2450 latera
2020 2394 2293 2465 signiﬁca-

751 2505 836 2549 tur
873 2513 885 2548 :
912 2509 1033 2548 nam
1072 2492 1158 2545 ubi
1186 2490 1427 2545 dicturus
1468 2498 1583 2545 erat
1609 2488 1793 2555 boreae
1823 2486 2094 2547 climatus,
2123 2484 2289 2537 latera

748 2587 1014 2657 aquilonis
1044 2585 1195 2639 dixit.
1230 2585 1296 2638 Et
1333 2583 1481 2651 prius
1506 2580 1719 2649 quidem
1760 2577 1959 2631 Paulus
1991 2576 2090 2630 fuit
2126 2575 2292 2629 latera

748 2679 1037 2750 aquilonis,
1062 2692 1093 2731 a
1126 2690 1233 2745 quo
1277 2674 1526 2727 universa
1559 2670 1699 2725 mala
1734 2684 1826 2739 per
1870 2668 2053 2722 orbem
2088 2664 2289 2721 conﬂa-

748 2780 1006 2844 grarunt;
1042 2769 1153 2839 jam
1180 2783 1307 2823 vero
1342 2766 1513 2821 iactus
1543 2773 1619 2820 est
1651 2771 1858 2818 montes
1905 2759 2057 2824 Sion,
2087 2759 2291 2814 habens

749 2864 801 2917 in
832 2879 947 2919 sese
973 2862 1274 2933 loquentem
1314 2859 1607 2921 Christum,
1642 2857 1734 2927 qui
1764 2854 1909 2909 venit
1933 2868 1997 2906 ex
2045 2852 2176 2906 Sion
2211 2852 2289 2918 ³⁸,

746 2964 800 3010 et
856 2955 1046 3011 avertit
1088 2953 1413 3024 impietatem
1472 2966 1538 3005 ex
1584 2948 1752 3004 Iacob
1800 2947 1865 3004 ³⁸.
1916 2947 2111 3003 Civitas
2159 2944 2289 3014 regis

748 3047 944 3118 magni.
990 3044 1113 3101 Hac
1143 3045 1307 3098 latera
1349 3041 1639 3112 aquilonis,
1669 3042 1763 3103 ait,
1787 3040 1901 3095 sive
1929 3046 2135 3110 gentes,
2159 3040 2291 3094 civi-

747 3150 831 3192 tas
856 3137 976 3206 jure
1023 3144 1302 3201 vocentur,
1355 3134 1406 3187 in
1456 3132 1654 3203 quibus
1698 3131 1839 3187 Deus
1878 3130 2192 3203 intelligitur
2223 3132 2289 3188 iis

747 3227 1071 3299 patrocinari
1107 3235 1160 3281 et
1189 3240 1281 3282 eos
1308 3241 1337 3280 a
1367 3225 1749 3281 tentationibus
1783 3224 2009 3294 eripere.

818 3410 871 3463 4.
910 3408 1046 3462 Deus
1071 3409 1126 3461 in
1166 3408 1405 3461 domibus
1447 3407 1559 3476 ejus
1582 3406 1930 3476 cognoscitur,
1972 3420 2089 3458 cum
2120 3404 2290 3459 susci-

747 3504 822 3554 vit
861 3515 995 3555 eam.
1049 3498 1249 3553 Domus
1277 3498 1313 3551 ii
1355 3496 1550 3552 fuerint
1591 3498 1683 3567 qui
1719 3496 1898 3567 magni
1943 3505 1996 3551 et
2027 3505 2289 3567 praestan-

747 3593 911 3648 tiores
944 3592 995 3646 in
1022 3590 1235 3646 civitate
1258 3588 1350 3644 Dei
1384 3600 1527 3645 sunt.

817 3772 932 3828 5-7.
984 3770 1242 3837 Quoniam
1284 3786 1397 3824 ecce
1438 3785 1576 3839 reges
1616 3778 1766 3823 terrm
1804 3769 2100 3839 congregati
2145 3779 2286 3822 sunt.

749 3862 951 3916 Bellum
993 3862 1251 3931 apostolis
1280 3861 1349 3915 ob
1391 3858 1591 3915 Christi
1623 3859 2053 3931 prmdicationem
2088 3877 2118 3916 a
2150 3862 2289 3933 regi-

750 3953 851 4006 bus
904 3954 1142 4023 gentium
1198 3951 1441 4015 illatum,
1518 3951 1630 4005 sive
1681 3951 1748 4004 ab
1819 3951 2290 4020 inaspectabilibus

749 4040 1085 4095 dmmonibus
1130 4040 1220 4109 qui
1274 4041 1399 4093 olim
1441 4042 1757 4110 regnabant,
1812 4057 2179 4112 compressum
2238 4053 2289 4099 et

749 4129 1017 4184 sublatum
1056 4127 1176 4183 fuit.
1214 4126 1325 4198 Ipsi
1352 4128 1576 4183 videntes
1604 4130 1678 4183 sic
1708 4129 1955 4186 admirati
1996 4142 2135 4186 sunt.
2164 4132 2289 4186 Stu-

749 4237 901 4292 pore,
954 4222 1162 4292 inquit,
1213 4222 1385 4276 all‘ecti
1440 4231 1493 4277 et
1536 4223 1766 4292 perculsi
1826 4232 1970 4287 sunt,
2030 4224 2288 4279 auxilium

751 4321 1028 4367 cernentes
1091 4314 1291 4368 sanctis
1343 4329 1374 4367 a
1422 4314 1532 4369 Deo
1596 4316 1909 4384 praestitum.
1979 4314 2289 4370 Conturbati

749 4417 891 4471 sunt,
913 4407 1153 4461 commoti
1186 4415 1328 4472 sunt,
1359 4417 1551 4460 tremor
1582 4408 1913 4477 apprehendit
1939 4425 2044 4462 eos.
2080 4408 2288 4463 Etenim

750 4501 1058 4570 praestantia
1092 4502 1304 4556 virtutis
1334 4501 1450 4571 ejus
1482 4501 1575 4571 qui
1612 4501 1836 4556 salutem
1871 4502 1999 4570 ipsis
2028 4503 2284 4573 parabat,

750 4587 804 4641 in
832 4587 1236 4642 admirationem
1263 4597 1316 4641 et
1344 4598 1616 4643 "‘uoorem
1641 4590 1864 4645 coniecit
1892 4605 2007 4647 eos.

820 4762 871 4816 8.
933 4762 993 4815 In
1036 4764 1222 4831 spiritu
1271 4766 1547 4818 vehementr
1579 4774 1805 4820 conteres
1853 4783 2003 4820 naves
2050 4767 2285 4822 Tharsis.

750 4849 985 4907 Navibus
1021 4852 1263 4919 Tharsis,
1297 4864 1477 4923 utpote
1507 4856 1754 4926 pretiosis
1793 4858 2130 4927 copiosisque
2155 4874 2291 4913 mer-

748 4945 902 4998 cibus
944 4944 1241 5011 instructis,
1286 4961 1437 5015 reges
1466 4953 1763 5015 comparat.
1829 4945 2063 5016 Spiritus
2107 4958 2285 5003 autem

749 5036 1055 5099 vehemens,
1094 5050 1202 5103 quo
1233 5037 1483 5090 contrivit
1509 5036 1647 5101 illos,
1676 5037 1900 5092 virtutes
1920 5038 2177 5106 quasdam
2208 5039 2290 5092 in-

746 5126 956 5197 telligas
986 5127 1182 5196 quibus
1212 5127 1469 5182 adversus
1512 5128 1756 5183 inimicos
1796 5130 2162 5196 apostolorum
2197 5131 2283 5183 di-

748 5218 984 5271 micavit.

814 5309 868 5364 9.
919 5309 1067 5363 Sicut
1097 5310 1410 5374 audivimus,
1460 5312 1536 5362 ita
1592 5321 1641 5365 et
1699 5312 1939 5367 vidimus.
1974 5311 2167 5380 Quam,
2205 5313 2285 5366 in-

746 5402 881 5469 quit,
926 5402 1218 5471 promisisti
1250 5403 1427 5463 nobis,
1461 5401 1705 5468 Domine,
1737 5402 1981 5463 salutem,
2030 5417 2147 5457 eam
2192 5418 2276 5472 per

750 5506 907 5559 opera
951 5493 1199 5547 vidimus.
1236 5492 1298 5546 In
1331 5494 1537 5547 civitate
1572 5492 1783 5546 Domini
1828 5496 2095 5557 virtutum,
2129 5497 2183 5547 in
2211 5495 2257 5546 ci

748 5585 908 5636 vitate
937 5581 1030 5635 Dei
1057 5585 1239 5637 nostri.
1277 5583 1551 5654 Signiﬁcat
1580 5600 1687 5654 quo
1724 5585 1844 5639 loco
1874 5584 2281 5655 promissionem

747 5672 1015 5741 inpletam
1045 5673 1287 5729 viderint.
1320 5674 1543 5729 Ubinam
1580 5684 1777 5741 autem,
1810 5675 1910 5731 nisi
1941 5677 1992 5731 in
2026 5675 2279 5742 Ecclesia,

818 5828 861 5858 "
886 5827 1023 5883 Psal.
1057 5846 1171 5895 xm,
1216 5831 1263 5883 7.
1339 5835 1382 5865 ³⁸
1418 5831 1554 5886 Psal.
1578 5848 1789 5897 txxxIv,
1818 5831 1867 5885 2.

1573 452 1626 505 S.
1668 448 2030 504 ATHANASII
2070 448 2215 502 OPP.
2253 446 2428 501 PARS
2466 446 2550 503 Ill.
2590 480 2658 488 —
2698 448 3096 505 EXEGETICA.

2306 574 2353 625 Δ

3822 451 3919 506 220

2523 570 2823 623 ΨΑΛΜΟΣ
2862 568 3019 637 ᾠδῆς
3047 566 3171 634 τοῖς
3200 567 3350 633 υίοϊς
3384 568 3530 637 Κορὲ
3546 566 3796 636 δευτέρα

2910 657 3226 711 Σαϐϐάτου.
3252 661 3386 713 MZ'.

2982 749 2995 767 '
3009 749 3309 814 Υπόθεσις.

2385 839 2489 891 Καὶ
2513 834 2662 900 οὗτος
2690 838 2869 909 ᾅδεται
2900 839 3153 910 ὀψαλμὸς
3186 838 3293 892 ἀπὸ
3324 836 3609 909 προσώπου
3632 840 3742 905 τῶν
3764 841 3924 909 ἀγιων

2453 930 2792 995 ἀποστόλων,
2844 930 3209 1000 διηγουμένων
3262 930 3386 992 τοὺς
3438 930 3526 986 διὰ
3572 932 3633 984 τὸ
3675 933 3925 1001 κήρυγμα

2449 1020 2735 1090 διωγμοὺς,
2755 1021 2957 1084 καὶτὰς
2985 1022 3137 1086 νίκας
3160 1021 3258 1085 τὰς
3278 1021 3369 1074 ἐπὶ
3394 1020 3595 1074 τούτων
3621 1023 3924 1092 γινομένας.

2456 1111 2645 1179 Μέγας
2672 1112 2881 1179 Κύριος
2902 1110 2997 1163 καὶ
3019 1112 3250 1175 alr-stoc
3267 1112 3499 1180 σφόδρα
3527 1112 3595 1164 ἐν
3622 1113 3794 1165 πόλει
3826 1112 3928 1166 τοῦ

2388 1201 2532 1254 Θεοῦ
2569 1200 2753 1269 ἡμῶν,
2786 1204 2855 1255 ἐν
2884 1202 3005 1270 ὄρει
3047 1204 3190 1269 ἁγίῳ
3216 1202 3418 1256 αὐτοῦ.
3452 1203 3564 1256 Οὐκ
3592 1201 3692 1266 ἐτι,
3745 1203 3926 1273 φησὶν,

2386 1293 2477 1345 ἐπὶ
2502 1292 2599 1361 τὴν
2648 1292 2901 1348 Ἰουδαίαν
2936 1294 3122 1364 μόνην,
3174 1294 3307 1347 ἀλλὰ
3341 1298 3432 1347 καὶ
3469 1294 3560 1346 ἐπὶ
3602 1292 3662 1346 τὸ
3705 1293 3828 1364 ope;
3873 1294 3929 1346 τὸ

2386 1381 2728 1453 ἡγιασμένον.
2769 1384 2929 1454 Ὄρος
2958 1383 3015 1435 δέ
3042 1382 3274 1437 ἐνταῦθα
3294 1383 3390 1454 τὴν
3426 1382 3749 1454 Ἐκκλησίαν
3778 1384 3927 1453 φησὶ,

2385 1472 2473 1527 διὰ
2497 1474 2557 1527 τὸ
2594 1474 2790 1544 ὑψηλὸν
2820 1474 2927 1527 τῶν
2955 1475 3082 1543 περὶ
3105 1473 3240 1527 Θεοῦ
3267 1474 3565 1543 δογμάτων.

2452 1564 2704 1633 Εὐρίζων
2720 1564 3108 1634 ἀγαλλιάματι
3130 1565 3329 1631 πάσης
3349 1563 3458 1633 τῆς
3477 1563 3606 1634 γῆς.
3650 1564 3928 1629 Ἔξέτεινε,

2389 1657 2538 1728 φησὶ,
2569 1657 2629 1709 τὸ
2659 1656 2964 1727 άγαλλίαμα
2992 1657 3083 1709 ἐπὶ
3112 1656 3288 1726 πάσης
3310 1656 3407 1725 τῆς
3438 1656 3538 1725 γῆς
3559 1672 3573 1685 ’
3623 1657 3703 1719 είς
3756 1657 3933 1708 πᾶσαν

2389 1750 2496 1819 γὰρ
2527 1747 2622 1818 τὴν
2649 1747 2752 1817 γῆν
2776 1748 2835 1800 τὸ
2859 1747 3163 1818 ἀγαλλίαμα
3185 1747 3283 1817 τῆς
3306 1746 3466 1799 αὑτοῦ
3490 1746 3807 1815 θεοφανείας
3844 1764 3931 1801 και

2389 1838 2487 1908 τὴν
2516 1838 2673 1908 χάριν
2718 1838 3033 1890 ἐπλάτυνεν.
3070 1838 3214 1904 Ὄρη
3245 1835 3395 1890 Σιὼν
3443 1835 3515 1889 τὰ
3559 1838 3789 1905 πλευρὰ
3831 1838 3932 1892 τοῦ

2385 1927 2595 1997 βορῤᾱ.
2651 1928 2715 1981 ’Π
2750 1928 2847 2000 μὲν
2886 1928 3230 1999 Ἰερουσαλὴμ
3257 1929 3314 1981 tv
3338 1926 3416 1997 τῷ
3464 1928 3600 1999 νότῳ
3625 1931 3823 1991 κεῖται,
3871 1929 3933 1982 τὰ

2390 2022 2445 2075 δὲ
2472 2021 2596 2092 ἔθνη
2642 2023 2699 2074 ἐν
2724 2021 2801 2093 τῷ
2835 2020 3019 2093 βορῤᾷ.
3058 2019 3271 2091 Ἐπειδὴ
3301 2020 3358 2072 δὲ
3410 2020 3549 2090 μέγα
3597 2020 3857 2091 ἐφρόνουν
3886 2022 3933 2073 οἱ

2402 2112 2639 2165 Ἰουδαῖοι
2670 2112 2745 2174 ὼς
2776 2112 2921 2180 μόνοι
2953 2112 3050 2181 τὴν
3088 2110 3225 2163 Σιὼν
3256 2110 3525 2174 οἰκοῦντες
3544 2151 3558 2175 ,
3587 2110 3858 2164 δείκνυσιν
3908 2114 3938 2163 ὀ

2390 2201 2575 2270 λόγος,
2617 2203 2696 2255 ὃτι
2726 2202 2859 2255 Σιὼν
2886 2205 2997 2255 ἐστι
3027 2202 3092 2255 τὰ
3124 2202 3248 2273 ἔθνη
3282 2203 3349 2257 τὰ
3395 2202 3814 2275 παραδεξάμενα
3845 2202 3932 2256 τὸν

2390 2292 2731 2361 εὐαγγελικὺν
2772 2293 2943 2360 λόγον.
2998 2293 3069 2345 Τὸ
3122 2294 3229 2364 γάρ
3272 2293 3544 2365 ἑδραίωμα
3584 2294 3677 2365 τῆς
3710 2294 3847 2346 Σιὼν
3877 2293 3935 2347 τὸ

2390 2382 2557 2453 κλίμα
2586 2385 2699 2437 ἐστὶ
2722 2384 2814 2437 τοῦ
2840 2384 3027 2455 βορρᾶ,
3048 2385 3184 2453 ὅπερ
3213 2384 3380 2453 κλίμα
3410 2383 3502 2437 τοῦ
3533 2384 3619 2436 διὰ
3648 2383 3935 2447 τῶν,πλευ-

2393 2475 2500 2543 ρῶν
2532 2474 2780 2544 δηλοῦται
2817 2474 3017 2546 βορρᾶ·
3048 2475 3168 2527 ἀντὶ
3196 2475 3302 2545 γὰρ
3330 2476 3421 2548 τοῦ
3456 2478 3626 2529 εἰπεῖν
3664 2475 3727 2528 τὸ
3769 2474 3933 2546 κλίμα

2388 2566 2481 2619 τοῦ
2506 2566 2694 2638 βορρᾶ,
2710 2568 2777 2620 τὰ
2800 2566 3001 2638 πλευρὰ
3023 2567 3259 2639 εἴρηκεν.
3279 2570 3544 2641 Πρότερον
3566 2569 3661 2640 μὲν
3676 2564 3743 2641 ἦν
3759 2570 3933 2623 enea-

2387 2658 2475 2722 λος
2500 2659 2703 2730 πλευρὰ
2755 2658 2849 2712 τοῦ
2879 2658 3069 2732 βορρᾶ,
3121 2662 3205 2730 ἐφ’
3233 2655 3294 2716 οὗ
3343 2660 3606 2733 ἐξεκαύθη
3657 2662 3838 2715 πάντα
3867 2660 3931 2715 τὰ

2388 2750 2531 2803 κακὰ
2572 2750 2663 2802 ἐπὶ
2692 2750 2792 2819 τῆς
2828 2750 2962 2819 γῆς’
2993 2750 3086 2803 νῦν
3122 2751 3179 2803 δὲ
3212 2752 3432 2820 γέγονεν
3464 2752 3564 2822 ὅρη
3595 2752 3763 2819 Σιὼν,
3795 2753 3929 2822 ἔχων

2387 2843 2444 2894 ἐν
2471 2839 2644 2910 ἐαυτῷ
2670 2840 2758 2893 τὸν
2781 2839 3041 2894 λαλοῦντα
3064 2841 3315 2911 Χριστὸν,
3340 2842 3431 2895 τὸν
3462 2842 3684 2896 ἐλθόντα
3704 2844 3769 2896 ἐκ
3794 2842 3929 2896 Σιὼν

2390 2936 2481 2988 καὶ
2509 2934 2918 3006 ἀποστρέψαντα
2969 2932 3220 2987 ἀσέϐειαν
3260 2935 3365 2988 άπὸ
3409 2934 3617 2989 Ἰακώϐ.
3654 2936 3717 2990 Ἠ
3755 2936 3931 3001 πτίῖις

2388 3022 2491 3075 τοῦ
2512 3020 2809 3088 βασιλέως
2823 3022 2928 3075 τοῦ
2943 3023 3227 3093 μεγάλου.
3245 3023 3447 3087 Ταῦτα,
3474 3024 3623 3095 φησὶ,
3648 3025 3715 3078 τὰ
3730 3025 3931 3098 πλευρσ

2387 3110 2479 3161 τοῦ
2509 3109 2697 3181 βορρᾶ,
2722 3111 2839 3182 ἦτοι
2864 3112 2931 3165 τά
2963 3111 3110 3181 ἔθνη,
3145 3114 3178 3182 ἡ
3212 3112 3362 3175 πόλις
3391 3112 3632 3182 κληθεῖεν
3660 3112 3746 3175 ἂν,
3776 3116 3835 3167 ἐν
3854 3110 3932 3177 οἷς

2315 3237 2357 3295 C
2389 3199 2709 3268 γινώσκεται
2746 3202 2921 3266 όΘεδς
2941 3202 3461 3274 ἀντιλαμϐανόμενος
3484 3202 3576 3256 καὶ
3609 3200 3797 3267 σώζων
3836 3205 3931 3257 αὐ-

2388 3294 2512 3357 τοὺς
2537 3295 2600 3345 ἐκ
2626 3294 2733 3347 τῶν
2761 3294 3098 3367 πειρασμῶν.

2470 3386 2524 3437 Ὀ
2550 3384 2692 3452 Θεὸς
2710 3385 2779 3439 ἐν
2796 3386 2925 3452 ταῖς
2936 3385 3190 3453 βάρεσιν
3202 3384 3352 3453 αὐτῆ
3357 3405 3389 3450 ς
3406 3385 3773 3454 γινώσκεται,
3792 3384 3933 3438 ὅταν

2387 3475 2883 3544 άντιλαμὸἀνηται
2929 3475 3137 3545 αὐτῆς.
3164 3476 3227 3528 Δί
3264 3474 3445 3546 βάρεις
3476 3476 3525 3528 οί
3570 3476 3792 3545 μεγάλοι
3842 3478 3932 3529 καὶ

2387 3564 2648 3635 ἐξαίρετοι
2672 3568 2769 3637 τῆς
2796 3566 2891 3621 τοῦ
2919 3566 3052 3620 Θεοῦ
3085 3566 3286 3629 πόλεως
3311 3566 3359 3618 οἱ
3389 3568 3443 3618 ἐν
3476 3566 3609 3637 αὐτῇ
3637 3566 3928 3637 ὑπερέχον-

2387 3675 2473 3720 τες
2498 3653 2604 3710 εἷεν
2629 3659 2714 3712 ἄν.

2458 3750 2584 3802 ’Ότι
2615 3749 2743 3803 ίδοὺ
2767 3749 3110 3817 οίβασιλεῖς
3147 3750 3255 3820 τῆς
3278 3750 3388 3821 γῆς
3412 3749 3828 3819 συνήχθησαν.
3875 3752 3929 3803 Ὀ

2388 3842 2617 3914 πόλεμος
2642 3846 2670 3896 ό
2692 3843 2829 3896 κατὰ
2852 3844 2959 3896 τῶν
2992 3845 3299 3898 ἀποστόλων
3329 3844 3415 3897 διὰ
3460 3843 3519 3896 τὸ
3557 3845 3815 3914 κήρυγμα
3851 3860 3931 3911 γε-

2388 3934 2609 4004 νόμενος
2642 3934 2746 3986 ὑπὸ
2766 3934 2871 3987 τῶν
2895 3933 3163 4005 αίσθητῶν
3191 3934 3448 4004 βασιλέων
3475 3932 3581 3987 τῶν
3625 3933 3813 3997 ἐθνῶν,
3840 3934 3929 3987 καί⁵

2392 4024 2493 4094 μὴν
2522 4024 2615 4077 καὶ
2645 4024 2753 4077 τῶν
2781 4024 3019 4095 ἀοράτων
3043 4024 3304 4095 δαιμόνων
3327 4024 3433 4077 τῶν
3480 4024 3643 4077 πάλαι
3681 4023 3926 4093 βασιλευ-

2387 4116 2571 4179 όντων,
2592 4116 2802 4186 διελύθη
2826 4118 2916 4169 καὶ
2948 4117 3231 4185 ἠφανίσθη.
3263 4115 3435 4169 Αὐτοὶ
3478 4115 3702 4181 ίδόντες
3746 4116 3928 4181 οὕτως

2387 4209 2749 4272 ἐθαύμασαν.
2787 4208 3217 4279 Κατεπλάγησαν
3239 4250 3253 4274 ,
3308 4208 3457 4280 φησὶ,
3497 4210 3588 4262 καὶ
3637 4208 3926 4279 ἐξέστησαν

2386 4298 2483 4369 τὴν
2520 4298 2812 4369 γενομένην
2862 4298 3107 4371 βοήθειαν
3140 4300 3285 4371 παρὰ
3335 4298 3428 4351 τοῦ
3457 4298 3587 4351 Θεοῦ
3610 4302 3720 4362 τοῖς
3759 4300 3927 4369 ἁγίοις

2388 4389 2728 4459 θεωροῦντες.
2762 4391 3217 4461 Ἐταράχθησαν,
3255 4392 3688 4457 ἐσαλεύθησαν,
3720 4393 3921 4461 τρόμος

2388 4480 2706 4534 ἐπελάϐετο
2743 4485 2979 4547 αὐτούς.
3046 4484 3108 4536 Ἦ
3138 4482 3245 4555 γὰρ
3278 4482 3546 4553 ὑπερϐολὴ
3603 4484 3701 4553 τῆς
3750 4484 3924 4555 ἰσχύος

2317 4582 2361 4636 ι)
2387 4570 2479 4622 τοῦ
2512 4571 2791 4636 σώζοντος,
2818 4574 2876 4625 τὸ
2916 4574 3096 4646 θαῦμα
3128 4574 3306 4639 αὐτοῖς
3346 4575 3438 4628 καὶ⁵
3463 4574 3558 4644 τὴν
3600 4574 3925 4646 κατάπληξιν

2389 4662 2687 4733 εἴργασται.

2470 4756 2571 4807 Ἐν
2595 4756 2876 4823 πνεύματι
2899 4756 3075 4823 βιαίῳ
3097 4758 3438 4825 συντρίψας
3458 4756 3634 4810 πλοῖα
3659 4758 3922 4824 Θαρσεῖς.

2388 4845 2595 4907 Πλοίοις
2627 4844 2874 4913 Θαρσεῖς,
2908 4846 3066 4899 οἱονεὶ
3094 4847 3400 4917 πολυτίμοις
3427 4848 3517 4899 καὶ
3544 4847 3889 4917 πολυφόρτοις
3909 4887 3925 4907 ,

2386 4934 2510 4995 τοὺς
2548 4932 2779 5002 βασιλεῖς
2814 4934 3147 5006 παρεικάζει.
3181 4935 3399 5006 Πνεῦμα
3446 4935 3501 4988 δέ
3537 4935 3726 5005 βίαιον,
3767 4936 3833 4988 δι’
3866 4930 3922 4988 οὗ

2386 5023 2579 5085 αὐτοὺς
2602 5024 2901 5094 συνέτριψε,
2934 5026 3143 5095 νοήσεις
3163 5023 3312 5086 τινὰς
3345 5024 3597 5094 δυνάμεις
3618 5024 3685 5078 δι’
3702 5018 3779 5078 ὧν
3805 5026 3920 5085 τοὺς

2386 5114 2608 5185 ἐχθροὺς
2634 5114 2742 5168 τῶν
2771 5114 3077 5167 ἀποστόλων
3105 5114 3535 5187 κατεπολέμησεν

2452 5317 2722 5387 Καθάπερ
2744 5319 3108 5388 ἠκούσαμεν,
3136 5318 3319 5385 οὕτως
3339 5318 3589 5389 εἴδομεν.
3631 5322 3731 5374 Ἦν
3758 5324 3914 5393 ἐπηγ-

2381 5411 2561 5480 γείλω,
2597 5413 2779 5480 φησὶν,
2809 5405 2853 5464 ὧ
2872 5412 3129 5476 Δέσποτα,
3161 5412 3427 5484 σωτηρίαν
3448 5413 3596 5482 ημῖν.
3627 5413 3829 5485 ταύτην
3857 5414 3918 5466 δι’

2382 5503 2553 5574 ἔργων
2574 5502 2889 5572 τεθεάμεθα.
2916 5506 3020 5557 Ἐν
3040 5505 3209 5559 πόλει
3230 5506 3446 5572 Κυρίου
3464 5504 3579 5559 τῶν
3596 5506 3917 5577 δυνάμεων,

2381 5596 2449 5647 ἐν
2502 5596 2671 5649 πόλει
2702 5596 2805 5649 τοῦ
2857 5595 3004 5650 Θεοῦ
3048 5594 3232 5665 ἡμῶν.
3262 5599 3431 5650 Ὅπου
3476 5599 3571 5669 τὴν
3596 5602 3916 5669 ἐπαγγελίαν

2382 5682 2515 5741 εἶδον
2541 5687 2911 5760 πληρωθεῖσαν
2952 5688 3216 5760 σημαίνει.
3245 5688 3352 5743 Ποῦ
3381 5690 3437 5742 δέ
3457 5690 3489 5761 ἢ
3511 5692 3566 5743 ἐν
3593 5694 3658 5761 τῇ
3699 5693 3916 5763 Ἐκκλη-
