4108 6498
206 453 298 507 εει

1275 451 1632 508 EXPOSITIO
1670 453 1735 507 IN
1773 454 2099 512 PSALHUM
2142 455 2342 511 XLVII.

3306 460 3412 514 222

207 575 310 646 σία,
342 573 466 645 ἥτις
500 575 627 627 ἐστὶ
647 576 802 638 πόλις
829 573 918 627 τοῦ
959 572 1129 639 Θεοῦ;
1181 574 1244 628 '0
1284 576 1426 642 Θεὸς
1465 579 1765 646 ἐθεμελίω-

1865 594 1988 648 συε
2019 587 2102 633 est
2131 579 2322 633 civitas
2346 576 2484 632 Dei?
2511 576 2649 630 Deus
2672 578 3038 646 fundaviteam
3060 580 3411 643 immeritum.

206 681 310 719 σεν
345 665 546 733 αὐτὴν
595 669 684 732 εἰς
725 665 925 720 αἰῶνα.
969 663 1189 736 Ὀμοιόν
1213 665 1289 736 τῷ
1321 668 1588 739 εἰρημένῳ
1622 668 1768 738 παρά

206 755 293 809 τοῦ
315 756 526 826 Κυρίου
589 755 733 825 Ἐγὼ
762 754 860 808 ἐπὶ
883 754 996 823 τὴν
1023 754 1244 824 πέτραν
1264 756 1768 827 οἱκοδομήσω,μου

207 847 315 915 τὴν
350 848 756 916 Ἐκκλησίαν.

282 939 718 1010 ’Υπελάόομεν,
745 944 777 994 d
805 940 965 1006 Θεὸς,
985 940 1049 993 τὸ
1063 941 1234 1007 ἔλεός
1247 955 1363 995 σου
1385 940 1454 995 ἐν
1477 940 1644 1010 μέσῳ
1662 940 1766 994 τοῦ

206 1031 348 1085 ναοῦ
373 1047 517 1084 σου.
565 1031 715 1085 Ἀντὶ
744 1030 858 1096 τοῦ,
895 1031 1235 1102 τεθεάμεθα,
1273 1033 1765 1104 προσεδοκήσαμεν,

208 1122 382 1192 φησὶν,
423 1123 509 1184 εἰς
539 1122 758 1175 ἃπασαν
788 1121 888 1193 τὴν
918 1125 1021 1194 γῆν
1044 1123 1105 1176 τὺ
1128 1123 1296 1193 ὄνομα
1318 1122 1410 1175 τοῦ
1452 1121 1586 1175 Θεοῦ
1610 1121 1766 1186 δοξα-

209 1211 565 1282 σθησόμενον,
614 1215 678 1265 ὲκ
714 1213 806 1266 τοῦ
838 1213 986 1266 έλέου
1037 1214 1452 1285 τεκμαιρόμενοι
1499 1213 1573 1284 μὴ
1611 1230 1766 1284 περι-

203 1305 498 1374 οψομένους
527 1307 658 1369 τοὺς
690 1305 1005 1377 ἀνθρώπους
1042 1307 1196 1371 ἐκτὸς
1222 1308 1316 1359 τοῦ
1362 1307 1606 1379 Ἰσραὴλ,
1632 1306 1769 1363 ἀλλὰ

205 1398 293 1448 καὶ
318 1395 778 1468 ἐγκαθιδρυμένοι
798 1399 945 1469 τόπῳ
965 1416 1024 1452 τε
1048 1399 1139 1452 καὶ
1161 1399 1294 1469 ναῷ,
1315 1399 1405 1452 τὸν
1431 1399 1766 1470 παγκόσμιον

202 1488 510 1558 ἠλπίσαμεν
572 1489 720 1549 ἔλεον
743 1532 759 1553 ,
791 1490 991 1555 εἰδότες
1045 1491 1104 1544 τὸ
1133 1492 1305 1562 δνομά
1361 1508 1457 1545 σου
1485 1490 1766 1546 καθολικδν

202 1577 293 1631 καὶ
324 1577 422 1630 ἐπὶ
446 1579 621 1631 πᾶσιν
645 1577 724 1632 δν.

268 1727 433 1782 Κατὰ
453 1728 527 1782 τὸ
564 1729 750 1799 ὄνομά
781 1745 916 1793 σου,
949 1734 981 1784 d
1012 1731 1175 1797 Θεὸς,
1198 1731 1383 1796 οὕτως
1406 1730 1503 1784 καί
1541 1730 1580 1798 ἠ
1613 1727 1770 1782 αἴνε-

203 1821 300 1891 σίς
317 1838 455 1878 σου.
491 1823 666 1877 Τοῦτό
694 1841 844 1896 φησι,
876 1824 1008 1878 διότι
1045 1827 1209 1879 πᾶσιν
1237 1822 1418 1887 ἀπλῶς
1447 1823 1539 1877 καὶ
1563 1824 1767 1894 ἀπροσ-

1869 667 2051 723 Simile
2079 669 2154 723 illi
2178 670 2321 723 dicto
2350 667 2555 722 Domini
2580 686 2595 722 :
2641 666 2810 723 Suoer
2848 670 2982 723 hanc
3020 681 3218 724 oetram
3238 673 3419 742 aediﬁ-

1865 759 1990 813 cabo
2010 758 2298 814 Ecclesium
2323 775 2487 813 meam
2507 759 2569 812 ³⁸.

1936 915 2022 969 10.
2095 912 2451 983 Suscepimus,
2515 913 2678 979 Deus,
2723 914 3136 970 misericordiam
3184 923 3328 968 tuam
3354 915 3410 969 in

1866 1006 2034 1058 medio
2069 1006 2247 1075 templi
2272 1007 2370 1059 tui.
2406 1003 2572 1070 Quasi
2614 1003 2800 1070 dicat,
2828 1004 3168 1073 contemplati
3198 1019 3409 1066 sumus,

1864 1099 2292 1166 exspectavimus
2318 1097 2371 1151 in
2398 1097 2649 1151 universa
2677 1105 2819 1149 terra
2857 1110 3052 1150 nomen
3087 1094 3175 1148 Dei
3208 1095 3410 1163 εισι-ἰθ-

1864 1198 2044 1246 catum
2091 1190 2178 1254 iri,
2205 1189 2590 1258 conjectantes,
2645 1203 2711 1242 ex
2743 1187 3114 1243 misericordia
3165 1186 3258 1241 Dei
3299 1203 3408 1242 non

1865 1282 2290 1338 contemnendos
2317 1297 2411 1337 eos
2434 1281 2526 1350 qui
2560 1289 2712 1336 extra
2743 1279 2993 1335 lsraelem
3037 1287 3238 1345 essent,
3277 1281 3409 1351 quin

1863 1374 1999 1430 etin
2038 1373 2159 1428 loco
2198 1372 2338 1428 et'in
2389 1371 2586 1441 templo
2635 1370 2932 1438 constituti,
2987 1369 3407 1425 misericordiam

1865 1465 1921 1521 in
1950 1467 2260 1522 universum
2283 1463 2468 1519 orbem
2520 1475 2665 1518 tuam
2695 1463 3030 1532 speravimus
3067 1479 3080 1516 :
3119 1461 3268 1532 gnari
3309 1477 3402 1516 no-

1864 1575 1988 1615 men
2048 1568 2199 1615 tuum
2240 1559 2306 1614 ad
2357 1571 2547 1613 omnes
2604 1555 2908 1627 pertingere
2950 1564 3004 1610 et
3058 1553 3116 1609 in
3155 1553 3408 1608 omnibus

1865 1666 2020 1797 esi:
2075 1741 2372 1796 Secundum
2413 1757 2594 1796 nomen
2651 1749 2820 1806 tuum,
2869 1737 3030 1802 Deus,
3072 1737 3150 1789 ita
3188 1742 3238 1788 et
3293 1733 3409 1786 laus

1869 1839 1979 1887 tua.
2009 1830 2122 1888 Hoc
2143 1834 2217 1888 ait
2267 1833 2394 1904 quia
2451 1835 2706 1891 omnibus
2752 1833 3065 1903 simpliciter
3118 1840 3172 1886 et
3209 1830 3411 1899 absque

201 1913 545 1984 ωποληπτως
597 1914 795 1968 δέδωκε
846 1915 943 1986 τὴν
973 1915 1152 1987 χάριν,
1187 1914 1328 1968 κατά
1351 1914 1410 1966 τὸ
1442 1913 1726 1986 εἰρημένον
1751 1929 1765 1944 ·

1866 1937 2217 1993 personarum
2249 1926 2558 1994 acceptione
2583 1926 2810 1996 gratiam
2841 1926 3065 1994 largitus
3093 1931 3193 1986 est,
3227 1927 3286 1976 ut
3326 1921 3410 1975 di-

215 2010 315 2062 Ἔν
330 2005 572 2077 Χριστῷ
615 2007 804 2075 Ἰησοῦ
833 2012 944 2063 οὐκ
970 2009 1061 2063 ἔνι
1089 2008 1327 2076 δοῦλος,
1366 2007 1507 2063 οὐδὲ
1530 2009 1765 2063 ἐλεύθει-

205 2115 320 2169 ρος⁸

269 2189 678 2257 Βὺφρανθήτω
703 2189 834 2258 ὄρος
861 2190 1027 2245 Σιών.
1057 2193 1219 2264 Ὅρος
1252 2191 1418 2256 Σιὼν,
1458 2193 1492 2263 ἠ
1534 2193 1765 2264 Ἐκκλη-

207 2279 290 2333 σία
319 2280 591 2351 δηλονότι.
645 2281 751 2337 Kal
803 2282 1310 2352 dra/Midaﬂwaar
1337 2287 1397 2338 al
1455 2284 1767 2354 θυγατέρες

203 2372 306 2441 τῆς
367 2374 680 2441 Ἰουδαίας.
719 2375 1031 2447 Θυγατέρας
1077 2376 1176 2446 τῆς
1235 2377 1487 2461 Ἰουδαίας
1525 2376 1624 2441 τὰς
1658 2375 1767 2430 τῶν

205 2464 372 2533 ἁγίων
418 2467 737 2521 ἀποστόλων
793 2463 928 2521 εἷναί
959 2477 1089 2538 φησι
1139 2466 1314 2538 ψυχάς
1338 2485 1351 2497 ·
1386 2463 1526 2538 ἦσαν
1573 2465 1680 2537 γὰρ
1708 2465 1766 2533 ἐξ

216 2557 508 2613 Ἰουδαίων.
560 2559 808 2613 Ἕνεκεν
855 2557 972 2612 τῶν
1028 2560 1320 2628 χριμάτων
1368 2575 1484 2613 σου
1509 2599 1525 2624 ,
1570 2559 1761 2626 Κύριε.

204 2649 408 2714 Κοίνας
458 2649 562 2720 τὴν
615 2649 793 2720 κρίσιν
823 2649 931 2702 τῶν
986 2649 1178 2712 ἐθνῶν,
1209 2650 1478 2720 ὲξήλασας
1527 2648 1618 2705 τὸν
1646 2649 1765 2702 κατ’

203 2740 379 2795 αὐτῶν
407 2741 647 2811 πόλεμον
668 2739 774 2793 τῶν
800 2739 1084 2811 δαιμόνων.

269 2829 634 2886 Κυκλώσατε
654 2828 822 2895 Σιὼν,
853 2830 949 2884 καί
979 2831 1320 2900 περιλάϐετε
1340 2829 1550 2899 αὑτήν.
1582 2828 1766 2883 Ταῦτα

204 2922 264 2976 τὸ
287 2921 522 2993 Πνεῦμα
556 2922 616 2975 τὸ
644 2920 797 2989 ἅγιον
817 2924 928 2985 τοῖς
960 2923 1276 2986 ἀποστόλοις
1316 2920 1763 2994 παρακελεύεται,

205 3015 362 3067 οιονεὶ
398 3016 578 3084 τεῖχος
611 3012 801 3078 αὐτοὺς
844 3013 1092 3080 γενέσθαι
1123 3014 1223 3081 τῆς
1271 3012 1449 3080 Σιὼν,
1494 3013 1767 3066 τουτέστιν

207 3103 296 3157 τοῦ
344 3102 636 3168 θεοσεϐοῦς
675 3103 1084 3176 πολιτεύματος.
1123 3104 1498 3174 Διηγήσασθε
1525 3103 1596 3158 ἐν
1643 3103 1766 3170 τοῖς

1863 2021 2010 2071 ctum
2057 2022 2178 2069 est:
2213 2013 2282 2069 In
2331 2013 2541 2070 Christo
2569 2014 2696 2070 Iesu
2748 2033 2852 2070 non
2894 2024 2971 2070 est
3019 2030 3214 2078 servus,
3249 2027 3410 2082 neque

1863 2105 1993 2159 liber
2012 2104 2078 2160 ³⁷.

1936 2197 2023 2254 12.
2095 2197 2324 2253 Laetetur
2373 2215 2520 2253 mons
2568 2196 2716 2254 Sion.
2766 2199 2918 2255 Mons
2958 2198 3109 2264 Sion,
3170 2198 3408 2255 Ecclesia

1862 2289 2129 2345 videlicet.
2165 2289 2234 2344 Et
2266 2291 2527 2346 exsultent
2559 2292 2686 2361 ﬁliae
2728 2290 2952 2349 Iudaea.
2989 2292 3098 2364 (l7)
3133 2290 3297 2347 Filias
3317 2288 3412 2345 lu-

1865 2379 1992 2436 dzeas
2018 2381 2226 2436 animas
2252 2397 2373 2437 esse
2398 2383 2532 2437 dicit
2559 2385 2926 2452 apostolorum
2951 2402 2966 2451 ;
3011 2392 3165 2438 erant
3189 2382 3332 2438 enim
3376 2397 3409 2437 ιι

1864 2472 2064 2530 ιυάκίε
2090 2475 2360 2544 prognati.
2394 2472 2620 2545 Propter
2636 2475 2846 2545 judicia
2875 2485 2989 2540 tua,
3013 2474 3250 2530 Domine.
3273 2474 3409 2529 Cum

1861 2565 2160 2636 iudicasses
2193 2566 2444 2623 videlicet
2466 2567 2705 2638 gentium
2749 2581 2995 2631 causam,
3027 2565 3282 2636 depulisti
3311 2566 3413 2621 dc-

1867 2673 2085 2715 monum
2119 2658 2314 2714 bellum
2337 2659 2598 2716 adversus
2630 2675 2727 2716 eos
2747 2658 3062 2716 excitatum.

1936 2831 2022 2886 l3.
2075 2831 2409 2887 Circumdate
2430 2832 2557 2888 Sion
2598 2842 2648 2887 et
2679 2832 3083 2889 comolectimini
3117 2849 3251 2886 eam.
3291 2829 3412 2886 llaec

1868 2922 2103 2994 Spiritus
2140 2935 2362 2982 sanctus
2404 2925 2557 2996 jubet
2607 2925 2866 2997 apostolis
2892 2967 2909 2992 ,
2949 2936 3008 2980 ut
3051 2925 3256 2981 scilicet
3303 2924 3413 2980 sint

1863 3017 2030 3074 veluti
2068 3033 2259 3073 murus
2294 3018 2513 3086 Sionis;
2556 3019 2610 3074 id
2639 3027 2724 3075 est
2747 3018 2982 3089 religiosi
3007 3017 3130 3072 vitae
3160 3013 3408 3072 instituti.

1867 3106 2098 3162 Narrate
2128 3108 2183 3162 in
2217 3109 2447 3163 turribus
2469 3108 2604 3177 ejus.
2645 3107 2878 3176 Quinam
2908 3122 3039 3164 vero
3074 3105 3276 3163 fuerint
3307 3103 3411 3162 Ec-

206 3198 452 3267 πύρτοις
504 3195 710 3265 αὐτῆς.
764 3197 875 3252 Καὶ
923 3196 1066 3263 τίνες
1097 3197 1163 3253 ἀν
1191 3193 1299 3252 εῐεν
1341 3197 1392 3251 οι
1440 3196 1637 3269 πύργοι
1667 3196 1764 3269 τῆς

1865 3197 2041 3255 clesia
2092 3204 2295 3263 turres,
2345 3199 2450 3254 nisi
2483 3198 2520 3254 ii
2571 3201 2665 3270 qui
2709 3199 2877 3257 variis
2921 3197 3250 3269 temporibus
3292 3196 3412 3268 ejus

219 3261 545 3359 Ἐκκλησίας
571 3287 604 3359 ἢ
641 3261 692 3341 οἰ
719 3288 857 3342 κατὰ
882 3261 1073 3360 καιρὸν
1096 3291 1264 3362 αὐτῆς
1283 3261 1576 3362 ἡγούμενοι
1600 3261 1764 3345 καὶ

1864 3290 2032 3348 duces
2079 3261 2300 3357 fuerint,
2336 3301 2496 3362 atque
2537 3261 2688 3361 justi,
2739 3291 2893 3364 queis
2925 3261 3156 3360 apostoli
3191 3261 3412 3346 narrant

206 3377 423 3440 δίκαιοι,
450 3371 534 3441 οἷς
560 3377 654 3431 καὶ
686 3377 996 3448 διηγοῦνται
1027 3380 1094 3433 τά
1127 3379 1389 3450 μεγαλεῖα
1424 3380 1518 3433 τοῦ
1557 3380 1689 3435 Θεοῦ
1713 3382 1764 3434 oi

207 3469 496 3524 ἀπόστολοι
516 3486 532 3535 ;

275 3557 436 3632 [Ταῖς
461 3561 564 3632 τὴν
609 3559 932 3632 Ἐκκλησίαν
963 3563 1058 3615 καὶ
1083 3561 1146 3616 τὸ
1186 3561 1431 3629 θεοσεϐὲς
1471 3563 1766 3634 πολίτευμα

209 3651 573 3723 φρουρούσαις
618 3651 791 3716 θείαις
838 3653 1162 3723 δυνάμεσιν,
1197 3654 1448 3723 ἀγγέλοις
1484 3672 1543 3707 τε
1593 3655 1765 3723 ἁγίοις

1863 3382 2129 3455 magnalia
2169 3381 2264 3438 Dei
2283 3383 2308 3437 ἰ

1934 3561 1954 3634 [
1986 3560 2203 3617 Divinas
2245 3568 2559 3631 potestates,
2607 3573 2728 3629 qua
2773 3557 3070 3614 Ecclesium
3108 3565 3163 3613 et
3199 3556 3412 3628 religio-

1863 3672 1984 3714 sum
2010 3655 2314 3710 institutum
2342 3660 2563 3709 servant
2593 3652 2920 3724 angelosque
2946 3658 3162 3707 sanctos
3182 3650 3413 3720 alloqui-

209 3745 520 3814 προσφωνεῖ
559 3743 622 3796 τὺ
667 3742 887 3814 Πνεῦμα
918 3743 980 3796 τὸ
1025 3743 1176 3810 ἅγιον
1202 3744 1393 3811 λέγον⁹
1437 3745 1764 3798 Κυκλώσατε

1864 3757 1955 3805 tur
1998 3745 2230 3818 Spiritus
2273 3756 2515 3814 sanctus,
2565 3747 2796 3802 dicens:
2827 3743 3170 3802 Circumdate
3211 3752 3409 3799 turres.

209 3836 330 3900 τοὺς
381 3833 646 3906 πύργους.
697 3835 778 3888 Τὰ
809 3835 916 3907 γὰρ
949 3835 1229 3907 κρείττονα
1283 3835 1380 3906 τῆς
1438 3835 1639 3898 πόλεως
1689 3835 1765 3898 ὡς

211 3926 608 3997 ἀναγκαιότερα
638 3925 773 3998 πρὸς
801 3927 1192 4000 παραφυλακὴν
1213 3926 1430 3998 ἀριθμῷ
1475 3927 1767 3998 παραδέδο-

210 4035 310 4073 ται-
327 4022 441 4082 τοῖς
473 4017 776 4090 φρουροῖς.]

281 4108 468 4165 Θέσθε
499 4108 604 4174 τὰς
625 4107 867 4176 καρδίας
904 4106 1066 4178 ὑμῶν
1091 4111 1176 4174 εἰς
1214 4107 1327 4176 τὴν
1367 4108 1622 4178 δύναμιν
1656 4112 1764 4164 αὐ-

215 4197 338 4269 τῆς.
375 4197 614 4270 Δύναμις
635 4196 794 4251 πάλιν
817 4199 914 4268 τῆς
965 4197 1281 4268 Ἐκκλησίας
1310 4199 1358 4250 oi
1382 4197 1763 4269 ὑποστηρίζον·

214 4308 301 4357 τις
347 4290 517 4362 αὐτὴν
545 4290 711 4359 λόγοι,
755 4288 849 4353 οὒς
899 4291 992 4342 καὶ
1025 4288 1083 4354 ἐξ
1113 4289 1238 4358 ὅλης
1289 4289 1511 4360 καρδίας
1558 4289 1765 4342 κελεύει

211 4382 332 4446 τοὺς
369 4381 558 4449 ἁγίους
585 4379 909 4443 ἀποστόλους
945 4379 1235 4436 νουθετεῖν.
1279 4381 1389 4434 Καὶ
1424 4379 1764 4434 καταδιέλε-

213 4475 318 4527 cas
338 4472 447 4538 τὰς
462 4469 674 4538 ,βάρεις
691 4470 898 4539 αὐτῆς.
932 4472 1218 4535 Ἕκαστος,
1244 4472 1396 4543 φησὶ,
1442 4471 1639 4542 μέρους
1673 4470 1767 4540 βα-

1863 3839 1995 3908 Quaa
2023 3838 2168 3894 enim
2206 3837 2260 3892 in
2296 3837 2430 3893 urbe
2467 3837 2839 3907 praestantiora
2884 3836 3216 3891 munimenta
3263 3844 3408 3900 sunt,

1863 3930 2185 3988 custodibus
2227 3945 2455 3985 numero
2497 3928 2805 3985 concredita
2853 3935 3001 3994 sunt,
3053 3934 3115 3982 ut
3165 3926 3282 3996 ipsa
3319 3925 3412 3980 de-

1863 4023 2103 4078 tendant.
2128 4019 2148 4092 ]

1936 4113 2024 4167 14.
2084 4112 2274 4166 Ponite
2311 4110 2474 4167 corda
2521 4119 2690 4166 uestra
2735 4112 2791 4164 in
2837 4113 3030 4164 uirtute
3065 4109 3198 4178 ejus.
3234 4107 3412 4163 Virtus

1864 4205 2116 4262 Ecclesiae
2146 4215 2272 4261 sunt
2299 4205 2390 4275 qui
2419 4218 2540 4259 eam
2585 4202 2906 4258 confirmant
2936 4216 3233 4265 sermones,
3274 4216 3410 4269 quos

1864 4297 2119 4367 apostolis
2153 4296 2306 4366 jubet
2348 4302 2409 4348 ut
2457 4303 2572 4350 toto
2618 4295 2781 4350 corde
2828 4293 2966 4347 inter
3011 4291 3412 4348 admouendum

1864 4395 2146 4456 usurpent.
2172 4384 2240 4438 Et
2273 4385 2571 4439 distribuite
2597 4383 2778 4438 domos
2799 4384 2930 4451 ejus.
2957 4380 3182 4453 Singuli,
3216 4381 3408 4450 inquit,

1864 4479 1919 4534 in
1951 4479 2185 4548 aliquam
2223 4485 2379 4532 teme
2397 4487 2603 4546 partem
2635 4475 2920 4544 imperium
2944 4473 3242 4528 obtineant.
3276 4471 3416 4526 Nam

216 4564 468 4618 σιλευέτω
495 4563 604 4618 τῶν
619 4563 806 4618 ἐθνῶν.
839 4563 1112 4620 Διείλαντο
1136 4564 1264 4637 γὰρ.
1287 4565 1438 4635 φησὶ,
1470 4564 1567 4636 τὴν
1589 4566 1765 4617 οἰκου-

1865 4570 2163 4624 diviserunt
2205 4567 2331 4633 sibi,
2384 4569 2479 4632 ait,
2530 4565 2838 4631 duodecim,
2881 4563 3065 4619 orbem
3116 4572 3288 4618 terra.
3343 4561 3410 4617 Ut

217 4656 379 4728 μένην
419 4656 467 4709 oi
515 4653 737 4708 δώδεκα.
774 4657 970 4722 Ὅπως
1022 4655 1393 4725 διηγήσησθε
1419 4659 1505 4722 εις
1553 4657 1765 4724 γενεὰν

213 4746 437 4817 ἑτέραν.
474 4747 538 4802 οι
565 4747 671 4817 γὰρ
698 4748 981 4805 ἀπόστολοι
1014 4749 1108 4802 καὶ
1142 4751 1262 4812 ταῖς
1291 4751 1406 4819 μετ’
1454 4750 1652 4813 αὐτοὺς
1687 4749 1766 4803 δι-

211 4837 466 4906 ηγοῦνται
513 4839 742 4904 γενεαῖς,
767 4837 835 4894 δι’
861 4830 936 4892 ὧν
963 4837 1376 4893 καταλελοίπασι
1406 4839 1764 4910 συγγραμμά-

211 4945 313 4983 των
338 4928 471 5001 περὶ
499 4927 755 5000 Χριστοῦ.

279 5021 409 5075 ὀτι
438 5014 616 5086 οὗτός
651 5021 820 5074 ἐστιν
855 5024 888 5075 d
914 5021 1056 5087 Θεὸς
1085 5021 1253 5092 ήμῶν
1296 5023 1383 5088 εἰς
1405 5021 1511 5076 τὸν
1556 5022 1757 5078 αἰῶνα.

212 5110 317 5183 Τῆς
345 5110 716 5182 διανεμήσεως
738 5113 836 5183 τὴν
862 5113 1041 5166 αἰτίαν
1075 5113 1225 5184 φησί.
1254 5112 1453 5168 Τούτου
1493 5113 1649 5184 χάριν
1693 5114 1770 5168 διο

215 5201 404 5270 δάξατε
428 5204 525 5256 καὶ
551 5202 805 5267 διέλεσθε,
830 5203 917 5256 ῐνα
939 5205 1032 5257 καὶ
1071 5206 1188 5268 ταίς
1219 5203 1440 5276 ὕστερον
1467 5207 1765 5276 γενησομέ-

1867 4662 2119 4717 enarretis
2147 4661 2199 4713 in
2241 4660 2482 4730 progenie
2524 4659 2711 4712 altera.
2765 4658 3002 4727 Apostoli
3043 4671 3274 4726 namque
3316 4670 3412 4725 per

1867 4753 2066 4822 scripta
2102 4766 2223 4821 quae
2254 4750 2587 4820 reliquerunt
2632 4748 2908 4804 Christum
2955 4757 3207 4802 enarrant
3250 4761 3414 4818 gene-

1867 4844 2170 4900 rationibus
2207 4841 2681 4912 subsequentibus.

1936 5037 2025 5092 i5.
2078 5035 2337 5104 Quoniam
2363 5037 2446 5090 hic
2469 5046 2543 5091 est
2575 5035 2710 5090 Deus
2743 5042 2914 5088 noster
2934 5035 2992 5089 in
3009 5031 3277 5096 saculum,
3303 5040 3407 5086 etc.

1865 5128 2275 5186 Distributionis
2307 5143 2526 5184 causam
2552 5127 2836 5198 signiﬁcat.
2872 5123 3180 5194 Propterea,
3211 5124 3407 5195 inquit,

1864 5217 2174 5273 distribuite
2207 5227 2260 5271 et
2297 5217 2507 5282 docete,
2543 5224 2604 5269 ut
2639 5213 3076 5286 generationibus
3112 5222 3234 5283 post
3262 5211 3406 5267 lutu-

215 5311 327 5358 ναις
345 5297 564 5364 γενεαῖς
585 5295 847 5350 ἀκουστὸν
883 5294 1127 5365 γένηται,
1154 5296 1235 5349 ὅτι
1280 5292 1434 5360 οὗτος
1487 5295 1516 5348 ὁ
1547 5297 1765 5362 δικαίως

1864 5313 1941 5367 ris
1968 5322 2154 5367 notum
2180 5312 2270 5377 sit,
2302 5326 2424 5366 eum
2452 5311 2544 5381 qui
2568 5310 2714 5381 juste
2742 5309 2996 5380 populum
3037 5309 3183 5378 pavit
3223 5307 3298 5381 (id
3325 5318 3408 5362 est

214 5385 479 5456 ποιμάνας
506 5385 632 5438 λαὸν
674 5385 850 5456 (λέγει
900 5386 958 5439 δὲ
988 5389 1221 5459 Κύριον)
1257 5383 1406 5454 οὗτός
1443 5392 1587 5445 ἐστιν
1612 5393 1642 5444 ό
1673 5394 1765 5446 καὶ

1864 5401 2175 5473 Dominum)
2204 5403 2451 5458 eumdem
2480 5403 2659 5472 ipsum
2701 5418 2820 5459 esse
2856 5402 2948 5474 qui
2990 5416 3085 5472 per
3130 5399 3310 5455 futura
3353 5410 3408 5456 et

216 5479 290 5541 είς
316 5479 442 5541 τοὺς
465 5477 755 5549 μέλλοντας
781 5482 872 5534 καὶ
905 5481 1287 5552 ἀτελευτήτους
1307 5481 1506 5546 αίῶνας
1558 5483 1762 5554 μέλλων

1864 5494 2068 5553 infinita
2114 5493 2307 5549 mula
2345 5501 2526 5564 pascet
2564 5507 2679 5549 eos.

216 5571 541 5641 ποιμαίνειν.

305 5747 325 5776 ⁸
406 5747 598 5802 Matth.
662 5763 770 5812 xvt,
847 5747 929 5803 18.
1021 5750 1063 5780 "’
1114 5750 1285 5807 Galat.
1329 5769 1406 5815 ιιι,
1467 5753 1534 5807 28

284 5863 391 5933 (l7)
460 5863 637 5917 Aliam
684 5862 839 5918 aﬂert
877 5863 1008 5922 Dan.
1053 5866 1317 5921 Barbarus
1357 5869 1849 5936 interpretationem
1897 5883 2014 5939 qua
2048 5877 2130 5925 est
2169 5868 2395 5938 Didymi.
