  <div class='ocr_page' id='page_1' title='image "/cluster/home/n/w/nwhite01/storage/ocr_20150623/27/uva.x030474749/121.png"; bbox 0 0 4108 6488; ppageno 0'>
   <div class='ocr_carea' id='block_1_1' title="bbox 691 426 3888 498">
    <p class='ocr_par' dir='ltr' id='par_1_1' title="bbox 691 426 3888 498">
     <span class='ocr_line' id='line_1_1' title="bbox 691 426 3888 498; baseline -0.005 -2"><span class='ocrx_word' id='word_1_1' title='bbox 691 443 798 498; x_wconf 71' lang='grc'><strong>223</strong></span> <span class='ocrx_word' id='word_1_2' title='bbox 1513 438 1568 491; x_wconf 89' lang='lat' dir='ltr'><strong>S.</strong></span> <span class='ocrx_word' id='word_1_3' title='bbox 1608 432 1975 490; x_wconf 75' lang='lat' dir='ltr'><strong>ATHANASII</strong></span> <span class='ocrx_word' id='word_1_4' title='bbox 2020 430 2171 487; x_wconf 83' lang='lat' dir='ltr'><strong>OPP.</strong></span> <span class='ocrx_word' id='word_1_5' title='bbox 2211 429 2391 484; x_wconf 78' lang='lat' dir='ltr'><strong>PARS</strong></span> <span class='ocrx_word' id='word_1_6' title='bbox 2426 428 2510 483; x_wconf 83' lang='lat' dir='ltr'><strong>ill.</strong></span> <span class='ocrx_word' id='word_1_7' title='bbox 2551 459 2622 469; x_wconf 94' lang='lat'><strong><em>—</em></strong></span> <span class='ocrx_word' id='word_1_8' title='bbox 2655 426 3062 483; x_wconf 75' lang='lat' dir='ltr'><strong>EXEGETICA.</strong></span> <span class='ocrx_word' id='word_1_9' title='bbox 3790 428 3888 483; x_wconf 67' lang='lat'><strong>226</strong></span> 
     </span>
    </p>
   </div>
   <div class='ocr_carea' id='block_1_2' title="bbox 804 540 2426 624">
    <p class='ocr_par' dir='ltr' id='par_1_2' title="bbox 804 549 2322 624">
     <span class='ocr_line' id='line_1_2' title="bbox 804 549 2322 624; baseline -0.001 -15"><span class='ocrx_word' id='word_1_10' title='bbox 804 557 851 609; x_wconf 79' lang='grc'>1.</span> <span class='ocrx_word' id='word_1_11' title='bbox 888 554 949 608; x_wconf 82' lang='lat' dir='ltr'><strong>In</strong></span> <span class='ocrx_word' id='word_1_12' title='bbox 971 558 1147 624; x_wconf 73' lang='lat' dir='ltr'><strong>ﬁnem,</strong></span> <span class='ocrx_word' id='word_1_13' title='bbox 1173 555 1298 622; x_wconf 81' lang='lat' dir='ltr'><strong>ﬁliis</strong></span> <span class='ocrx_word' id='word_1_14' title='bbox 1327 553 1476 607; x_wconf 87' lang='lat' dir='ltr'><strong>Core.</strong></span> <span class='ocrx_word' id='word_1_15' title='bbox 1506 553 1636 608; x_wconf 81' lang='lat' dir='ltr'><strong>PSA</strong></span> <span class='ocrx_word' id='word_1_16' title='bbox 1651 553 1844 608; x_wconf 82' lang='lat' dir='ltr'><strong><em>LMUS</em></strong></span> <span class='ocrx_word' id='word_1_17' title='bbox 1868 549 2139 606; x_wconf 81' lang='lat' dir='ltr'><strong>XLVIII.</strong></span> <span class='ocrx_word' id='word_1_18' title='bbox 2275 551 2322 607; x_wconf 76' lang='grc' dir='ltr'><strong>Α</strong></span> 
     </span>
    </p>
   </div>
   <div class='ocr_carea' id='block_1_3' title="bbox 2149 540 3771 624">
    <p class='ocr_par' dir='ltr' id='par_1_3' title="bbox 2275 540 3771 611">
     <span class='ocr_line' id='line_1_3' title="bbox 2275 540 3771 611; baseline 0.002 -15"><span class='ocrx_word' id='word_1_19' title='bbox 2275 551 2322 607; x_wconf 75' lang='grc' dir='ltr'><strong>Α</strong></span> <span class='ocrx_word' id='word_1_20' title='bbox 2448 547 2547 611; x_wconf 81' lang='grc' dir='ltr'><strong>Εἰς</strong></span> <span class='ocrx_word' id='word_1_21' title='bbox 2577 545 2746 608; x_wconf 71' lang='grc' dir='ltr'>τέλος</span> <span class='ocrx_word' id='word_1_22' title='bbox 2771 544 2892 608; x_wconf 83' lang='grc' dir='ltr'>τοῖς</span> <span class='ocrx_word' id='word_1_23' title='bbox 2937 541 3080 606; x_wconf 76' lang='grc' dir='ltr'>υἱοῖς</span> <span class='ocrx_word' id='word_1_24' title='bbox 3109 540 3274 608; x_wconf 68' lang='grc' dir='ltr'>Κορὲ.</span> <span class='ocrx_word' id='word_1_25' title='bbox 3320 543 3622 597; x_wconf 79' lang='grc' dir='ltr'><strong>ΨΑΑΜΟΣ</strong></span> <span class='ocrx_word' id='word_1_26' title='bbox 3651 547 3771 599; x_wconf 82' lang='lat' dir='ltr'><strong>MH’</strong></span> 
     </span>
    </p>
   </div>
   <div class='ocr_carea' id='block_1_4' title="bbox 1274 634 2896 716">
    <p class='ocr_par' dir='ltr' id='par_1_4' title="bbox 1274 647 1669 716">
     <span class='ocr_line' id='line_1_4' title="bbox 1274 647 1669 716; baseline 0.005 -18"><span class='ocrx_word' id='word_1_27' title='bbox 1274 647 1312 698; x_wconf 82' lang='grc' dir='ltr'><em>Α</em></span> <span class='ocrx_word' id='word_1_28' title='bbox 1325 658 1669 716; x_wconf 73' lang='lat' dir='ltr'><strong>rgumentum.</strong></span> 
     </span>
    </p>
   </div>
   <div class='ocr_carea' id='block_1_5' title="bbox 1661 634 3283 716">
    <p class='ocr_par' dir='ltr' id='par_1_5' title="bbox 1661 634 3283 700">
     <span class='ocr_line' id='line_1_5' title="bbox 1661 634 3283 700; baseline -0.01 0"><span class='ocrx_word' id='word_1_29' title='bbox 1661 687 1669 700; x_wconf 89' lang='lat'><strong>.</strong></span> <span class='ocrx_word' id='word_1_30' title='bbox 2955 634 2968 653; x_wconf 92' lang='lat'><strong>&#39;</strong></span> <span class='ocrx_word' id='word_1_31' title='bbox 2981 634 3283 697; x_wconf 73' lang='grc' dir='ltr'>Υπόθεσις.</span> 
     </span>
    </p>
   </div>
   <div class='ocr_carea' id='block_1_6' title="bbox 694 724 2316 806">
    <p class='ocr_par' dir='ltr' id='par_1_6' title="bbox 694 737 2246 806">
     <span class='ocr_line' id='line_1_6' title="bbox 694 737 2246 806; baseline -0.003 -12"><span class='ocrx_word' id='word_1_32' title='bbox 694 741 824 806; x_wconf 74' lang='lat' dir='ltr'><strong>Quae</strong></span> <span class='ocrx_word' id='word_1_33' title='bbox 873 742 939 796; x_wconf 88' lang='lat' dir='ltr'><strong>ad</strong></span> <span class='ocrx_word' id='word_1_34' title='bbox 991 740 1230 794; x_wconf 77' lang='lat' dir='ltr'><strong>divinum</strong></span> <span class='ocrx_word' id='word_1_35' title='bbox 1285 738 1522 792; x_wconf 77' lang='lat' dir='ltr'><strong>tribunal</strong></span> <span class='ocrx_word' id='word_1_36' title='bbox 1564 738 1831 806; x_wconf 72' lang='lat' dir='ltr'><strong>pertinent</strong></span> <span class='ocrx_word' id='word_1_37' title='bbox 1883 738 1983 792; x_wconf 91' lang='lat' dir='ltr'><strong>hoc</strong></span> <span class='ocrx_word' id='word_1_38' title='bbox 2039 737 2246 806; x_wconf 87' lang='lat' dir='ltr'><strong>psalmo</strong></span> 
     </span>
    </p>
   </div>
   <div class='ocr_carea' id='block_1_7' title="bbox 2271 724 3893 806">
    <p class='ocr_par' dir='ltr' id='par_1_7' title="bbox 2345 724 3893 802">
     <span class='ocr_line' id='line_1_7' title="bbox 2345 724 3893 802; baseline 0.001 -22"><span class='ocrx_word' id='word_1_39' title='bbox 2345 726 2444 780; x_wconf 84' lang='grc' dir='ltr'>Διά</span> <span class='ocrx_word' id='word_1_40' title='bbox 2460 746 2550 781; x_wconf 88' lang='grc' dir='ltr'>του</span> <span class='ocrx_word' id='word_1_41' title='bbox 2581 729 2840 796; x_wconf 84' lang='grc' dir='ltr'>παρόντος</span> <span class='ocrx_word' id='word_1_42' title='bbox 2867 724 3080 796; x_wconf 78' lang='grc' dir='ltr'><strong>ψαλμοῦ</strong></span> <span class='ocrx_word' id='word_1_43' title='bbox 3105 724 3172 776; x_wconf 90' lang='grc' dir='ltr'><strong>τά</strong></span> <span class='ocrx_word' id='word_1_44' title='bbox 3199 726 3326 796; x_wconf 71' lang='grc' dir='ltr'>περὶ</span> <span class='ocrx_word' id='word_1_45' title='bbox 3348 727 3440 778; x_wconf 90' lang='grc' dir='ltr'><strong>τοῦ</strong></span> <span class='ocrx_word' id='word_1_46' title='bbox 3466 726 3611 780; x_wconf 83' lang='grc' dir='ltr'>θείου</span> <span class='ocrx_word' id='word_1_47' title='bbox 3642 729 3893 802; x_wconf 80' lang='grc' dir='ltr'>δικαστη-</span> 
     </span>
    </p>
   </div>
   <div class='ocr_carea' id='block_1_8' title="bbox 765 815 2387 900">
    <p class='ocr_par' dir='ltr' id='par_1_8' title="bbox 765 829 2248 900">
     <span class='ocr_line' id='line_1_8' title="bbox 765 829 2248 900; baseline -0.003 -14"><span class='ocrx_word' id='word_1_48' title='bbox 765 833 1016 887; x_wconf 88' lang='lat' dir='ltr'><strong>omnibus</strong></span> <span class='ocrx_word' id='word_1_49' title='bbox 1072 833 1379 887; x_wconf 85' lang='lat' dir='ltr'><strong>hominibus</strong></span> <span class='ocrx_word' id='word_1_50' title='bbox 1439 830 1827 900; x_wconf 69' lang='lat' dir='ltr'><strong>praedicantur,</strong></span> <span class='ocrx_word' id='word_1_51' title='bbox 1877 844 2084 882; x_wconf 87' lang='lat' dir='ltr'><strong>necnon</strong></span> <span class='ocrx_word' id='word_1_52' title='bbox 2131 829 2248 882; x_wconf 86' lang='lat' dir='ltr'><strong>dies</strong></span> 
     </span>
    </p>
   </div>
   <div class='ocr_carea' id='block_1_9' title="bbox 2271 815 3893 900">
    <p class='ocr_par' dir='ltr' id='par_1_9' title="bbox 2419 815 3893 893">
     <span class='ocr_line' id='line_1_9' title="bbox 2419 815 3893 893; baseline 0.003 -21"><span class='ocrx_word' id='word_1_53' title='bbox 2419 819 2531 890; x_wconf 91' lang='grc' dir='ltr'>ρίου</span> <span class='ocrx_word' id='word_1_54' title='bbox 2589 822 2698 882; x_wconf 79' lang='grc' dir='ltr'>τοῖς</span> <span class='ocrx_word' id='word_1_55' title='bbox 2734 821 2893 872; x_wconf 78' lang='grc' dir='ltr'>πᾶσιν</span> <span class='ocrx_word' id='word_1_56' title='bbox 2925 815 3229 887; x_wconf 77' lang='grc' dir='ltr'>ἀνθρώποις</span> <span class='ocrx_word' id='word_1_57' title='bbox 3288 816 3652 888; x_wconf 77' lang='grc' dir='ltr'>κηρύττεται,</span> <span class='ocrx_word' id='word_1_58' title='bbox 3719 823 3811 874; x_wconf 79' lang='grc' dir='ltr'>καὶ</span> <span class='ocrx_word' id='word_1_59' title='bbox 3862 825 3893 893; x_wconf 74' lang='grc' dir='ltr'><strong>ἡ</strong></span> 
     </span>
    </p>
   </div>
   <div class='ocr_carea' id='block_1_10' title="bbox 768 910 2390 992">
    <p class='ocr_par' dir='ltr' id='par_1_10' title="bbox 768 919 2248 992">
     <span class='ocr_line' id='line_1_10' title="bbox 768 919 2248 992; baseline -0.003 -15"><span class='ocrx_word' id='word_1_60' title='bbox 768 925 856 978; x_wconf 90' lang='lat' dir='ltr'><strong>illa</strong></span> <span class='ocrx_word' id='word_1_61' title='bbox 886 939 988 992; x_wconf 86' lang='lat' dir='ltr'><strong>qua</strong></span> <span class='ocrx_word' id='word_1_62' title='bbox 1022 923 1161 978; x_wconf 83' lang='lat' dir='ltr'><strong>Deus</strong></span> <span class='ocrx_word' id='word_1_63' title='bbox 1202 923 1418 978; x_wconf 89' lang='lat' dir='ltr'><strong>condita</strong></span> <span class='ocrx_word' id='word_1_64' title='bbox 1464 923 1641 975; x_wconf 82' lang='lat' dir='ltr'><strong>omnia</strong></span> <span class='ocrx_word' id='word_1_65' title='bbox 1672 920 1738 974; x_wconf 88' lang='lat' dir='ltr'><strong>ad</strong></span> <span class='ocrx_word' id='word_1_66' title='bbox 1773 921 2036 989; x_wconf 83' lang='lat' dir='ltr'><strong>judicium</strong></span> <span class='ocrx_word' id='word_1_67' title='bbox 2081 919 2248 973; x_wconf 88' lang='lat' dir='ltr'><strong>addu-</strong></span> 
     </span>
    </p>
   </div>
   <div class='ocr_carea' id='block_1_11' title="bbox 2274 910 3896 992">
    <p class='ocr_par' dir='ltr' id='par_1_11' title="bbox 2414 910 3896 983">
     <span class='ocr_line' id='line_1_11' title="bbox 2414 910 3896 983; baseline 0.001 -21"><span class='ocrx_word' id='word_1_68' title='bbox 2414 910 2598 982; x_wconf 78' lang='grc' dir='ltr'>ἡμέρα</span> <span class='ocrx_word' id='word_1_69' title='bbox 2626 911 2826 980; x_wconf 75' lang='grc' dir='ltr'>ἐκείνη,</span> <span class='ocrx_word' id='word_1_70' title='bbox 2859 910 2978 963; x_wconf 85' lang='grc' dir='ltr'>καθ’</span> <span class='ocrx_word' id='word_1_71' title='bbox 3000 911 3066 980; x_wconf 77' lang='grc' dir='ltr'><strong>ἢν</strong></span> <span class='ocrx_word' id='word_1_72' title='bbox 3086 910 3200 976; x_wconf 77' lang='grc' dir='ltr'>ἄξει</span> <span class='ocrx_word' id='word_1_73' title='bbox 3227 913 3256 964; x_wconf 99' lang='lat'><strong>6</strong></span> <span class='ocrx_word' id='word_1_74' title='bbox 3299 910 3427 973; x_wconf 83' lang='grc' dir='ltr'>Θεὸς</span> <span class='ocrx_word' id='word_1_75' title='bbox 3457 913 3562 964; x_wconf 80' lang='grc' dir='ltr'><strong>πᾶν</strong></span> <span class='ocrx_word' id='word_1_76' title='bbox 3600 913 3662 963; x_wconf 86' lang='grc' dir='ltr'>τὸ</span> <span class='ocrx_word' id='word_1_77' title='bbox 3691 911 3896 983; x_wconf 87' lang='grc' dir='ltr'>ποίημα</span> 
     </span>
    </p>
   </div>
   <div class='ocr_carea' id='block_1_12' title="bbox 774 1001 2396 1079">
    <p class='ocr_par' dir='ltr' id='par_1_12' title="bbox 774 1010 2248 1079">
     <span class='ocr_line' id='line_1_12' title="bbox 774 1010 2248 1079; baseline -0.003 -11"><span class='ocrx_word' id='word_1_78' title='bbox 774 1023 882 1068; x_wconf 88' lang='lat' dir='ltr'><strong>cet.</strong></span> <span class='ocrx_word' id='word_1_79' title='bbox 917 1014 1169 1068; x_wconf 74' lang='lat' dir='ltr'><strong>Fortasse</strong></span> <span class='ocrx_word' id='word_1_80' title='bbox 1212 1028 1340 1067; x_wconf 83' lang='lat' dir='ltr'><strong>vero</strong></span> <span class='ocrx_word' id='word_1_81' title='bbox 1369 1012 1460 1065; x_wconf 86' lang='lat' dir='ltr'><strong>lilii</strong></span> <span class='ocrx_word' id='word_1_82' title='bbox 1493 1010 1627 1065; x_wconf 90' lang='lat' dir='ltr'><strong>Core</strong></span> <span class='ocrx_word' id='word_1_83' title='bbox 1661 1013 2026 1079; x_wconf 75' lang='lat' dir='ltr'><strong>apostolorum</strong></span> <span class='ocrx_word' id='word_1_84' title='bbox 2061 1025 2248 1078; x_wconf 84' lang='lat' dir='ltr'><strong>perso-</strong></span> 
     </span>
    </p>
   </div>
   <div class='ocr_carea' id='block_1_13' title="bbox 2269 1001 3891 1079">
    <p class='ocr_par' dir='ltr' id='par_1_13' title="bbox 2416 1001 3891 1072">
     <span class='ocr_line' id='line_1_13' title="bbox 2416 1001 3891 1072; baseline 0.003 -19"><span class='ocrx_word' id='word_1_85' title='bbox 2416 1002 2496 1064; x_wconf 87' lang='grc' dir='ltr'><strong>είς</strong></span> <span class='ocrx_word' id='word_1_86' title='bbox 2527 1001 2724 1072; x_wconf 88' lang='grc' dir='ltr'>κρίσιν.</span> <span class='ocrx_word' id='word_1_87' title='bbox 2755 1003 2964 1072; x_wconf 86' lang='grc' dir='ltr'>Ἔχοιεν</span> <span class='ocrx_word' id='word_1_88' title='bbox 2989 1001 3032 1054; x_wconf 88' lang='grc' dir='ltr'>δ’</span> <span class='ocrx_word' id='word_1_89' title='bbox 3057 1003 3122 1056; x_wconf 82' lang='grc' dir='ltr'>ἂν</span> <span class='ocrx_word' id='word_1_90' title='bbox 3154 1005 3200 1055; x_wconf 81' lang='grc' dir='ltr'>οἱ</span> <span class='ocrx_word' id='word_1_91' title='bbox 3231 1003 3334 1054; x_wconf 78' lang='grc' dir='ltr'>υἱοὶ</span> <span class='ocrx_word' id='word_1_92' title='bbox 3363 1003 3506 1072; x_wconf 78' lang='grc' dir='ltr'>Κορὲ</span> <span class='ocrx_word' id='word_1_93' title='bbox 3531 1003 3638 1055; x_wconf 87' lang='grc' dir='ltr'><strong>τῶν</strong></span> <span class='ocrx_word' id='word_1_94' title='bbox 3668 1005 3891 1057; x_wconf 70' lang='grc' dir='ltr'>ἀποστόα</span> 
     </span>
    </p>
   </div>
   <div class='ocr_carea' id='block_1_14' title="bbox 770 1093 2392 1177">
    <p class='ocr_par' dir='ltr' id='par_1_14' title="bbox 770 1101 2105 1177">
     <span class='ocr_line' id='line_1_14' title="bbox 770 1101 2105 1177; baseline -0.004 -18"><span class='ocrx_word' id='word_1_95' title='bbox 770 1122 891 1160; x_wconf 91' lang='lat' dir='ltr'><strong>nam</strong></span> <span class='ocrx_word' id='word_1_96' title='bbox 926 1114 1114 1177; x_wconf 86' lang='lat' dir='ltr'><strong>gerant</strong></span> <span class='ocrx_word' id='word_1_97' title='bbox 1142 1105 1233 1174; x_wconf 88' lang='lat' dir='ltr'><strong>qui</strong></span> <span class='ocrx_word' id='word_1_98' title='bbox 1275 1102 1541 1174; x_wconf 75' lang='lat' dir='ltr'><strong>mysteriis</strong></span> <span class='ocrx_word' id='word_1_99' title='bbox 1579 1101 1762 1155; x_wconf 88' lang='lat' dir='ltr'><strong>orbem</strong></span> <span class='ocrx_word' id='word_1_100' title='bbox 1805 1102 2105 1154; x_wconf 87' lang='lat' dir='ltr'><strong>iuitiarunt.</strong></span> 
     </span>
    </p>
   </div>
   <div class='ocr_carea' id='block_1_15' title="bbox 2273 1093 3895 1177">
    <p class='ocr_par' dir='ltr' id='par_1_15' title="bbox 2417 1093 3895 1165">
     <span class='ocr_line' id='line_1_15' title="bbox 2417 1093 3895 1165; baseline 0.001 -20"><span class='ocrx_word' id='word_1_101' title='bbox 2417 1094 2522 1146; x_wconf 88' lang='grc' dir='ltr'><strong>λων</strong></span> <span class='ocrx_word' id='word_1_102' title='bbox 2542 1094 2601 1147; x_wconf 84' lang='grc' dir='ltr'><strong>τὸ</strong></span> <span class='ocrx_word' id='word_1_103' title='bbox 2628 1093 2932 1165; x_wconf 73' lang='grc' dir='ltr'>πρόσωπον,</span> <span class='ocrx_word' id='word_1_104' title='bbox 2958 1093 3064 1146; x_wconf 82' lang='grc' dir='ltr'>τῶν</span> <span class='ocrx_word' id='word_1_105' title='bbox 3099 1094 3637 1164; x_wconf 82' lang='grc' dir='ltr'>μυσταγωγησάντων</span> <span class='ocrx_word' id='word_1_106' title='bbox 3679 1095 3777 1164; x_wconf 77' lang='grc' dir='ltr'>τὴν</span> <span class='ocrx_word' id='word_1_107' title='bbox 3812 1094 3895 1148; x_wconf 78' lang='grc' dir='ltr'><strong>ὑπ’</strong></span> 
     </span>
    </p>
   </div>
   <div class='ocr_carea' id='block_1_16' title="bbox 2417 1185 2659 1256">
    <p class='ocr_par' dir='ltr' id='par_1_16' title="bbox 2417 1185 2659 1256">
     <span class='ocr_line' id='line_1_16' title="bbox 2417 1185 2659 1256; baseline 0.012 -19"><span class='ocrx_word' id='word_1_108' title='bbox 2417 1185 2659 1256; x_wconf 73' lang='grc' dir='ltr'>οὐρανόν.</span> 
     </span>
    </p>
   </div>
   <div class='ocr_carea' id='block_1_17' title="bbox 766 1275 2388 1350">
    <p class='ocr_par' dir='ltr' id='par_1_17' title="bbox 766 1279 2246 1350">
     <span class='ocr_line' id='line_1_17' title="bbox 766 1279 2246 1350; baseline -0.005 -12"><span class='ocrx_word' id='word_1_109' title='bbox 766 1285 820 1339; x_wconf 72' lang='grc'>2.</span> <span class='ocrx_word' id='word_1_110' title='bbox 881 1286 1071 1338; x_wconf 80' lang='lat' dir='ltr'><strong>Audite</strong></span> <span class='ocrx_word' id='word_1_111' title='bbox 1115 1285 1244 1347; x_wconf 67' lang='lat' dir='ltr'><strong>lucc,</strong></span> <span class='ocrx_word' id='word_1_112' title='bbox 1286 1298 1457 1335; x_wconf 82' lang='lat' dir='ltr'><strong>omnes</strong></span> <span class='ocrx_word' id='word_1_113' title='bbox 1484 1290 1678 1350; x_wconf 78' lang='lat' dir='ltr'><strong>gentes,</strong></span> <span class='ocrx_word' id='word_1_114' title='bbox 1724 1279 1936 1331; x_wconf 82' lang='lat' dir='ltr'><strong>auribus</strong></span> <span class='ocrx_word' id='word_1_115' title='bbox 1980 1280 2246 1347; x_wconf 81' lang='lat' dir='ltr'><strong>percipite,</strong></span> 
     </span>
    </p>
   </div>
   <div class='ocr_carea' id='block_1_18' title="bbox 2276 1275 3898 1350">
    <p class='ocr_par' dir='ltr' id='par_1_18' title="bbox 2433 1275 3898 1345">
     <span class='ocr_line' id='line_1_18' title="bbox 2433 1275 3898 1345; baseline 0 -14"><span class='ocrx_word' id='word_1_116' title='bbox 2433 1278 2749 1331; x_wconf 76' lang='grc' dir='ltr'>Ἀκούσατε</span> <span class='ocrx_word' id='word_1_117' title='bbox 2776 1275 2977 1340; x_wconf 83' lang='grc' dir='ltr'>ταῦτα,</span> <span class='ocrx_word' id='word_1_118' title='bbox 3018 1275 3211 1330; x_wconf 81' lang='grc' dir='ltr'>πάντα</span> <span class='ocrx_word' id='word_1_119' title='bbox 3235 1279 3306 1330; x_wconf 82' lang='grc' dir='ltr'><strong>τὰ</strong></span> <span class='ocrx_word' id='word_1_120' title='bbox 3333 1277 3476 1345; x_wconf 80' lang='grc' dir='ltr'>ἔθνη</span> <span class='ocrx_word' id='word_1_121' title='bbox 3495 1318 3508 1340; x_wconf 87' lang='grc'><strong>,</strong></span> <span class='ocrx_word' id='word_1_122' title='bbox 3536 1279 3898 1331; x_wconf 81' lang='grc' dir='ltr'><strong>ἐνωτίσασθε</strong></span> 
     </span>
    </p>
   </div>
   <div class='ocr_carea' id='block_1_19' title="bbox 704 1366 2326 1448">
    <p class='ocr_par' dir='ltr' id='par_1_19' title="bbox 704 1371 2247 1448">
     <span class='ocr_line' id='line_1_19' title="bbox 704 1371 2247 1448; baseline -0.005 -18"><span class='ocrx_word' id='word_1_123' title='bbox 704 1379 986 1448; x_wconf 79' lang='lat' dir='ltr'><strong>omnes&#39;qui</strong></span> <span class='ocrx_word' id='word_1_124' title='bbox 1025 1377 1271 1429; x_wconf 82' lang='lat' dir='ltr'><strong>habitatis</strong></span> <span class='ocrx_word' id='word_1_125' title='bbox 1302 1375 1496 1428; x_wconf 88' lang='lat' dir='ltr'><strong>orbem.</strong></span> <span class='ocrx_word' id='word_1_126' title='bbox 1542 1371 1690 1425; x_wconf 88' lang='lat' dir='ltr'><strong>Sicut</strong></span> <span class='ocrx_word' id='word_1_127' title='bbox 1719 1372 1783 1425; x_wconf 86' lang='lat' dir='ltr'><strong>ad</strong></span> <span class='ocrx_word' id='word_1_128' title='bbox 1825 1371 2051 1425; x_wconf 84' lang='lat' dir='ltr'><strong>salutem</strong></span> <span class='ocrx_word' id='word_1_129' title='bbox 2079 1379 2247 1423; x_wconf 91' lang='lat' dir='ltr'><strong>totum</strong></span> 
     </span>
    </p>
   </div>
   <div class='ocr_carea' id='block_1_20' title="bbox 2275 1366 3897 1448">
    <p class='ocr_par' dir='ltr' id='par_1_20' title="bbox 2348 1366 3897 1440">
     <span class='ocr_line' id='line_1_20' title="bbox 2348 1366 3897 1440; baseline 0.002 -21"><span class='ocrx_word' id='word_1_130' title='bbox 2348 1366 2566 1431; x_wconf 78' lang='grc' dir='ltr'>πάντες</span> <span class='ocrx_word' id='word_1_131' title='bbox 2598 1370 2651 1420; x_wconf 75' lang='lat' dir='ltr'><strong>oi</strong></span> <span class='ocrx_word' id='word_1_132' title='bbox 2691 1367 3104 1432; x_wconf 81' lang='grc' dir='ltr'>κατοικοῦντες</span> <span class='ocrx_word' id='word_1_133' title='bbox 3135 1367 3247 1434; x_wconf 81' lang='grc' dir='ltr'><strong>τὴν</strong></span> <span class='ocrx_word' id='word_1_134' title='bbox 3279 1369 3652 1437; x_wconf 67' lang='grc' dir='ltr'>οἰκουμένην.</span> <span class='ocrx_word' id='word_1_135' title='bbox 3690 1370 3897 1440; x_wconf 77' lang='grc' dir='ltr'>Ὠσπερ</span> 
     </span>
    </p>
   </div>
   <div class='ocr_carea' id='block_1_21' title="bbox 703 1458 2325 1535">
    <p class='ocr_par' dir='ltr' id='par_1_21' title="bbox 703 1461 2246 1535">
     <span class='ocr_line' id='line_1_21' title="bbox 703 1461 2246 1535; baseline -0.006 -12"><span class='ocrx_word' id='word_1_136' title='bbox 703 1469 996 1523; x_wconf 88' lang='lat' dir='ltr'><strong>humanum</strong></span> <span class='ocrx_word' id='word_1_137' title='bbox 1029 1483 1196 1535; x_wconf 88' lang='lat' dir='ltr'><strong>genus</strong></span> <span class='ocrx_word' id='word_1_138' title='bbox 1236 1474 1411 1528; x_wconf 88' lang='lat' dir='ltr'><strong>vocat,</strong></span> <span class='ocrx_word' id='word_1_139' title='bbox 1445 1465 1630 1518; x_wconf 85' lang='lat' dir='ltr'><strong>eodem</strong></span> <span class='ocrx_word' id='word_1_140' title='bbox 1673 1462 1832 1516; x_wconf 89' lang='lat' dir='ltr'><strong>modo</strong></span> <span class='ocrx_word' id='word_1_141' title='bbox 1859 1463 1923 1515; x_wconf 90' lang='lat' dir='ltr'><strong>ad</strong></span> <span class='ocrx_word' id='word_1_142' title='bbox 1947 1461 2246 1516; x_wconf 84' lang='lat' dir='ltr'><strong>doctrinam</strong></span> 
     </span>
    </p>
   </div>
   <div class='ocr_carea' id='block_1_22' title="bbox 2274 1458 3896 1535">
    <p class='ocr_par' dir='ltr' id='par_1_22' title="bbox 2347 1458 3896 1530">
     <span class='ocr_line' id='line_1_22' title="bbox 2347 1458 3896 1530; baseline 0.002 -20"><span class='ocrx_word' id='word_1_143' title='bbox 2347 1459 2439 1511; x_wconf 73' lang='grc' dir='ltr'><strong>ἐπὶ</strong></span> <span class='ocrx_word' id='word_1_144' title='bbox 2469 1458 2707 1529; x_wconf 79' lang='grc' dir='ltr'><strong>σωτηρίᾳ</strong></span> <span class='ocrx_word' id='word_1_145' title='bbox 2757 1461 2861 1512; x_wconf 83' lang='grc' dir='ltr'>πᾶν</span> <span class='ocrx_word' id='word_1_146' title='bbox 2885 1459 3035 1527; x_wconf 85' lang='grc' dir='ltr'>γένος</span> <span class='ocrx_word' id='word_1_147' title='bbox 3078 1458 3376 1528; x_wconf 85' lang='grc' dir='ltr'>ἀνθρώπων</span> <span class='ocrx_word' id='word_1_148' title='bbox 3434 1460 3758 1530; x_wconf 87' lang='grc' dir='ltr'>παρακαλεῖ,</span> <span class='ocrx_word' id='word_1_149' title='bbox 3811 1461 3896 1514; x_wconf 80' lang='grc' dir='ltr'><strong>τδν</strong></span> 
     </span>
    </p>
   </div>
   <div class='ocr_carea' id='block_1_23' title="bbox 696 1549 2318 1629">
    <p class='ocr_par' dir='ltr' id='par_1_23' title="bbox 696 1558 1893 1629">
     <span class='ocr_line' id='line_1_23' title="bbox 696 1558 1893 1629; baseline -0.007 -16"><span class='ocrx_word' id='word_1_150' title='bbox 696 1561 864 1614; x_wconf 83' lang='lat' dir='ltr'><strong>divini</strong></span> <span class='ocrx_word' id='word_1_151' title='bbox 887 1558 1096 1629; x_wconf 89' lang='lat' dir='ltr'><strong>judieii,</strong></span> <span class='ocrx_word' id='word_1_152' title='bbox 1123 1573 1230 1612; x_wconf 87' lang='lat' dir='ltr'><strong>una</strong></span> <span class='ocrx_word' id='word_1_153' title='bbox 1265 1571 1454 1610; x_wconf 88' lang='lat' dir='ltr'><strong>omnes</strong></span> <span class='ocrx_word' id='word_1_154' title='bbox 1481 1570 1659 1610; x_wconf 85' lang='lat' dir='ltr'><strong>sermo</strong></span> <span class='ocrx_word' id='word_1_155' title='bbox 1684 1561 1893 1608; x_wconf 82' lang='lat' dir='ltr'><strong>evocat.</strong></span> 
     </span>
    </p>
   </div>
   <div class='ocr_carea' id='block_1_24' title="bbox 2275 1549 3897 1629">
    <p class='ocr_par' dir='ltr' id='par_1_24' title="bbox 2348 1549 3897 1620">
     <span class='ocr_line' id='line_1_24' title="bbox 2348 1549 3897 1620; baseline 0.001 -19"><span class='ocrx_word' id='word_1_156' title='bbox 2348 1549 2507 1601; x_wconf 78' lang='grc' dir='ltr'>αὐτὸν</span> <span class='ocrx_word' id='word_1_157' title='bbox 2525 1549 2720 1620; x_wconf 83' lang='grc' dir='ltr'>τρόπον</span> <span class='ocrx_word' id='word_1_158' title='bbox 2753 1551 2845 1602; x_wconf 76' lang='grc' dir='ltr'>καὶ</span> <span class='ocrx_word' id='word_1_159' title='bbox 2869 1551 2959 1602; x_wconf 74' lang='grc' dir='ltr'><strong>ἐπὶ</strong></span> <span class='ocrx_word' id='word_1_160' title='bbox 2989 1549 3327 1603; x_wconf 67' lang='grc' dir='ltr'><strong>διδασκαλίαν</strong></span> <span class='ocrx_word' id='word_1_161' title='bbox 3355 1550 3454 1620; x_wconf 83' lang='grc' dir='ltr'><strong>τῆς</strong></span> <span class='ocrx_word' id='word_1_162' title='bbox 3488 1550 3637 1614; x_wconf 83' lang='grc' dir='ltr'>θείας</span> <span class='ocrx_word' id='word_1_163' title='bbox 3666 1551 3897 1620; x_wconf 87' lang='grc' dir='ltr'>κρίσεως</span> 
     </span>
    </p>
   </div>
   <div class='ocr_carea' id='block_1_25' title="bbox 2347 1640 3338 1710">
    <p class='ocr_par' dir='ltr' id='par_1_25' title="bbox 2347 1640 3338 1710">
     <span class='ocr_line' id='line_1_25' title="bbox 2347 1640 3338 1710; baseline 0.001 -18"><span class='ocrx_word' id='word_1_164' title='bbox 2347 1640 2478 1709; x_wconf 88' lang='grc' dir='ltr'>ὁμοῦ</span> <span class='ocrx_word' id='word_1_165' title='bbox 2509 1640 2713 1703; x_wconf 81' lang='grc' dir='ltr'>πάντας</span> <span class='ocrx_word' id='word_1_166' title='bbox 2741 1643 2768 1694; x_wconf 89' lang='grc' dir='ltr'>ό</span> <span class='ocrx_word' id='word_1_167' title='bbox 2790 1641 2944 1710; x_wconf 80' lang='grc' dir='ltr'><strong>λόγος</strong></span> <span class='ocrx_word' id='word_1_168' title='bbox 2977 1640 3338 1694; x_wconf 80' lang='grc' dir='ltr'>ἀνακαλεῖται.</span> 
     </span>
    </p>
   </div>
   <div class='ocr_carea' id='block_1_26' title="bbox 770 1729 2392 1802">
    <p class='ocr_par' dir='ltr' id='par_1_26' title="bbox 770 1729 2248 1802">
     <span class='ocr_line' id='line_1_26' title="bbox 770 1729 2248 1802; baseline -0.001 -17"><span class='ocrx_word' id='word_1_169' title='bbox 770 1731 822 1785; x_wconf 77' lang='lat'><strong>5.</strong></span> <span class='ocrx_word' id='word_1_170' title='bbox 876 1731 1077 1802; x_wconf 83' lang='lat' dir='ltr'><strong>Quique</strong></span> <span class='ocrx_word' id='word_1_171' title='bbox 1113 1733 1382 1802; x_wconf 69' lang='lat' dir='ltr'><strong>terrigena:</strong></span> <span class='ocrx_word' id='word_1_172' title='bbox 1451 1741 1496 1785; x_wconf 87' lang='lat' dir='ltr'><strong>et</strong></span> <span class='ocrx_word' id='word_1_173' title='bbox 1547 1731 1646 1799; x_wconf 83' lang='lat' dir='ltr'><strong>ﬁlii</strong></span> <span class='ocrx_word' id='word_1_174' title='bbox 1675 1730 1964 1783; x_wconf 82' lang='lat' dir='ltr'><strong>hominum.</strong></span> <span class='ocrx_word' id='word_1_175' title='bbox 2008 1729 2248 1802; x_wconf 87' lang='lat' dir='ltr'><strong>Terrige-</strong></span> 
     </span>
    </p>
   </div>
   <div class='ocr_carea' id='block_1_27' title="bbox 2272 1729 3894 1802">
    <p class='ocr_par' dir='ltr' id='par_1_27' title="bbox 2419 1730 3894 1801">
     <span class='ocr_line' id='line_1_27' title="bbox 2419 1730 3894 1801; baseline -0.001 -17"><span class='ocrx_word' id='word_1_176' title='bbox 2419 1733 2486 1785; x_wconf 82' lang='grc' dir='ltr'><strong>οἵ</strong></span> <span class='ocrx_word' id='word_1_177' title='bbox 2516 1748 2578 1785; x_wconf 84' lang='grc' dir='ltr'><strong>τε</strong></span> <span class='ocrx_word' id='word_1_178' title='bbox 2605 1732 2870 1801; x_wconf 72' lang='grc' dir='ltr'><strong>γηγενεῖς</strong></span> <span class='ocrx_word' id='word_1_179' title='bbox 2896 1731 2991 1784; x_wconf 79' lang='grc' dir='ltr'><strong>καί</strong></span> <span class='ocrx_word' id='word_1_180' title='bbox 3030 1731 3143 1785; x_wconf 78' lang='grc' dir='ltr'>υἱοί</span> <span class='ocrx_word' id='word_1_181' title='bbox 3183 1730 3298 1784; x_wconf 85' lang='grc' dir='ltr'><strong>τῶν</strong></span> <span class='ocrx_word' id='word_1_182' title='bbox 3339 1731 3678 1798; x_wconf 72' lang='grc' dir='ltr'>ἀνθρώπων.</span> <span class='ocrx_word' id='word_1_183' title='bbox 3726 1731 3894 1799; x_wconf 79' lang='grc' dir='ltr'>Γηγεο</span> 
     </span>
    </p>
   </div>
   <div class='ocr_carea' id='block_1_28' title="bbox 697 1820 2319 1892">
    <p class='ocr_par' dir='ltr' id='par_1_28' title="bbox 697 1821 2313 1892">
     <span class='ocr_line' id='line_1_28' title="bbox 697 1821 2313 1892; baseline -0.002 -16"><span class='ocrx_word' id='word_1_184' title='bbox 697 1839 798 1877; x_wconf 85' lang='lat' dir='ltr'><strong>nas</strong></span> <span class='ocrx_word' id='word_1_185' title='bbox 831 1830 988 1877; x_wconf 86' lang='lat' dir='ltr'><strong>vocat</strong></span> <span class='ocrx_word' id='word_1_186' title='bbox 1017 1823 1338 1892; x_wconf 86' lang='lat' dir='ltr'><strong>agrestiores</strong></span> <span class='ocrx_word' id='word_1_187' title='bbox 1366 1821 1610 1875; x_wconf 86' lang='lat' dir='ltr'><strong>homines</strong></span> <span class='ocrx_word' id='word_1_188' title='bbox 1643 1821 2033 1889; x_wconf 84' lang='lat' dir='ltr'><strong>barbarosque,</strong></span> <span class='ocrx_word' id='word_1_189' title='bbox 2072 1821 2164 1889; x_wconf 85' lang='lat' dir='ltr'><strong>qui</strong></span> <span class='ocrx_word' id='word_1_190' title='bbox 2195 1822 2246 1873; x_wconf 90' lang='lat' dir='ltr'><strong>in</strong></span> <span class='ocrx_word' id='word_1_191' title='bbox 2279 1887 2313 1892; x_wconf 90' lang='lat'><em>_</em></span> 
     </span>
    </p>
   </div>
   <div class='ocr_carea' id='block_1_29' title="bbox 2275 1820 3897 1892">
    <p class='ocr_par' dir='ltr' id='par_1_29' title="bbox 2279 1820 3897 1892">
     <span class='ocr_line' id='line_1_29' title="bbox 2279 1820 3897 1892; baseline 0.001 -17"><span class='ocrx_word' id='word_1_192' title='bbox 2279 1887 2313 1892; x_wconf 90' lang='lat'><em>_</em></span> <span class='ocrx_word' id='word_1_193' title='bbox 2349 1826 2457 1885; x_wconf 88' lang='grc' dir='ltr'>νεῖς</span> <span class='ocrx_word' id='word_1_194' title='bbox 2483 1822 2578 1892; x_wconf 85' lang='grc' dir='ltr'>μὲν</span> <span class='ocrx_word' id='word_1_195' title='bbox 2615 1822 2739 1885; x_wconf 76' lang='grc' dir='ltr'>τοὺς</span> <span class='ocrx_word' id='word_1_196' title='bbox 2765 1821 3093 1892; x_wconf 82' lang='grc' dir='ltr'>βαρυτέρους</span> <span class='ocrx_word' id='word_1_197' title='bbox 3123 1821 3228 1874; x_wconf 84' lang='grc' dir='ltr'>τῶν</span> <span class='ocrx_word' id='word_1_198' title='bbox 3261 1820 3555 1891; x_wconf 86' lang='grc' dir='ltr'>ἀνθρώπων</span> <span class='ocrx_word' id='word_1_199' title='bbox 3592 1822 3746 1875; x_wconf 82' lang='grc' dir='ltr'>καλεῖ</span> <span class='ocrx_word' id='word_1_200' title='bbox 3775 1824 3897 1885; x_wconf 81' lang='grc' dir='ltr'>τοὺς</span> 
     </span>
    </p>
   </div>
   <div class='ocr_carea' id='block_1_30' title="bbox 697 1887 2319 1986">
    <p class='ocr_par' dir='ltr' id='par_1_30' title="bbox 697 1887 2319 1982">
     <span class='ocr_line' id='line_1_30' title="bbox 697 1887 2319 1982; baseline -0.005 -13"><span class='ocrx_word' id='word_1_201' title='bbox 697 1914 924 1969; x_wconf 85' lang='lat' dir='ltr'><strong>desertis</strong></span> <span class='ocrx_word' id='word_1_202' title='bbox 964 1887 1225 1980; x_wconf 65' lang='lat' dir='ltr'><strong>habitant,</strong></span> <span class='ocrx_word' id='word_1_203' title='bbox 1262 1927 1437 1982; x_wconf 89' lang='lat' dir='ltr'><strong>neque</strong></span> <span class='ocrx_word' id='word_1_204' title='bbox 1465 1911 1673 1982; x_wconf 79' lang='lat' dir='ltr'><strong>legibus</strong></span> <span class='ocrx_word' id='word_1_205' title='bbox 1716 1911 1889 1965; x_wconf 87' lang='lat' dir='ltr'><strong>cultos</strong></span> <span class='ocrx_word' id='word_1_206' title='bbox 1909 1887 1939 1976; x_wconf 41' lang='lat'><strong>;_</strong></span> <span class='ocrx_word' id='word_1_207' title='bbox 1974 1887 2115 1965; x_wconf 82' lang='lat' dir='ltr'><strong>ﬁlios</strong></span> <span class='ocrx_word' id='word_1_208' title='bbox 2146 1909 2247 1962; x_wconf 83' lang='lat' dir='ltr'><strong>ho-</strong></span> <span class='ocrx_word' id='word_1_209' title='bbox 2279 1887 2319 1942; x_wconf 72' lang='grc' dir='ltr'><strong>Β</strong></span> 
     </span>
    </p>
   </div>
   <div class='ocr_carea' id='block_1_31' title="bbox 2276 1887 3898 1986">
    <p class='ocr_par' dir='ltr' id='par_1_31' title="bbox 2279 1887 3898 1986">
     <span class='ocr_line' id='line_1_31' title="bbox 2279 1887 3898 1986; baseline 0 -18"><span class='ocrx_word' id='word_1_210' title='bbox 2279 1887 2322 1942; x_wconf 71' lang='grc' dir='ltr'><strong>Β</strong></span> <span class='ocrx_word' id='word_1_211' title='bbox 2356 1887 2679 1986; x_wconf 75' lang='grc' dir='ltr'>βαρϐάρους,</span> <span class='ocrx_word' id='word_1_212' title='bbox 2711 1887 2804 1967; x_wconf 71' lang='grc' dir='ltr'><strong>καὶ</strong></span> <span class='ocrx_word' id='word_1_213' title='bbox 2832 1887 2888 1967; x_wconf 72' lang='grc' dir='ltr'>έν</span> <span class='ocrx_word' id='word_1_214' title='bbox 2917 1887 3170 1985; x_wconf 71' lang='grc' dir='ltr'>ἐρημίαις</span> <span class='ocrx_word' id='word_1_215' title='bbox 3200 1887 3475 1977; x_wconf 74' lang='grc' dir='ltr'>οἰκοῦντας</span> <span class='ocrx_word' id='word_1_216' title='bbox 3495 1955 3508 1980; x_wconf 88' lang='grc'><strong>,</strong></span> <span class='ocrx_word' id='word_1_217' title='bbox 3533 1916 3625 1966; x_wconf 76' lang='grc' dir='ltr'>καὶ</span> <span class='ocrx_word' id='word_1_218' title='bbox 3651 1914 3727 1986; x_wconf 77' lang='grc' dir='ltr'>μὴ</span> <span class='ocrx_word' id='word_1_219' title='bbox 3759 1915 3898 1986; x_wconf 86' lang='grc' dir='ltr'>νομί-</span> 
     </span>
    </p>
   </div>
   <div class='ocr_carea' id='block_1_32' title="bbox 700 2002 2322 2077">
    <p class='ocr_par' dir='ltr' id='par_1_32' title="bbox 700 2002 2250 2074">
     <span class='ocr_line' id='line_1_32' title="bbox 700 2002 2250 2074; baseline -0.001 -15"><span class='ocrx_word' id='word_1_220' title='bbox 700 2005 905 2059; x_wconf 91' lang='lat' dir='ltr'><strong>minum</strong></span> <span class='ocrx_word' id='word_1_221' title='bbox 937 2005 1067 2059; x_wconf 90' lang='lat' dir='ltr'><strong>dicit</strong></span> <span class='ocrx_word' id='word_1_222' title='bbox 1091 2019 1184 2058; x_wconf 89' lang='lat' dir='ltr'><strong>eos</strong></span> <span class='ocrx_word' id='word_1_223' title='bbox 1212 2005 1302 2074; x_wconf 88' lang='lat' dir='ltr'><strong>qui</strong></span> <span class='ocrx_word' id='word_1_224' title='bbox 1335 2005 1706 2058; x_wconf 85' lang='lat' dir='ltr'><strong>humaniorem</strong></span> <span class='ocrx_word' id='word_1_225' title='bbox 1751 2003 1959 2058; x_wconf 90' lang='lat' dir='ltr'><strong>ducunt</strong></span> <span class='ocrx_word' id='word_1_226' title='bbox 2001 2002 2122 2057; x_wconf 76' lang='lat' dir='ltr'><strong>vita:</strong></span> <span class='ocrx_word' id='word_1_227' title='bbox 2163 2018 2250 2057; x_wconf 87' lang='lat' dir='ltr'><strong>ra-</strong></span> 
     </span>
    </p>
   </div>
   <div class='ocr_carea' id='block_1_33' title="bbox 2278 2002 3900 2077">
    <p class='ocr_par' dir='ltr' id='par_1_33' title="bbox 2357 2003 3900 2077">
     <span class='ocr_line' id='line_1_33' title="bbox 2357 2003 3900 2077; baseline 0 -19"><span class='ocrx_word' id='word_1_228' title='bbox 2357 2024 2471 2077; x_wconf 86' lang='grc' dir='ltr'><strong>μως</strong></span> <span class='ocrx_word' id='word_1_229' title='bbox 2505 2005 2945 2076; x_wconf 85' lang='grc' dir='ltr'>πολιτευομένους</span> <span class='ocrx_word' id='word_1_230' title='bbox 2965 2023 2977 2037; x_wconf 77' lang='grc'><em>’</em></span> <span class='ocrx_word' id='word_1_231' title='bbox 3007 2007 3154 2068; x_wconf 80' lang='grc' dir='ltr'>υἱοὺς</span> <span class='ocrx_word' id='word_1_232' title='bbox 3184 2006 3240 2059; x_wconf 85' lang='grc' dir='ltr'>δὲ</span> <span class='ocrx_word' id='word_1_233' title='bbox 3275 2003 3572 2077; x_wconf 82' lang='grc' dir='ltr'>ἀνθρώπων</span> <span class='ocrx_word' id='word_1_234' title='bbox 3602 2005 3728 2068; x_wconf 80' lang='grc' dir='ltr'>τοὺς</span> <span class='ocrx_word' id='word_1_235' title='bbox 3770 2009 3900 2076; x_wconf 79' lang='grc' dir='ltr'>ἡμε-</span> 
     </span>
    </p>
   </div>
   <div class='ocr_carea' id='block_1_34' title="bbox 699 2095 2321 2168">
    <p class='ocr_par' dir='ltr' id='par_1_34' title="bbox 699 2097 1445 2166">
     <span class='ocr_line' id='line_1_34' title="bbox 699 2097 1445 2166; baseline -0.003 -14"><span class='ocrx_word' id='word_1_236' title='bbox 699 2098 899 2152; x_wconf 81' lang='lat' dir='ltr'><strong>tionem</strong></span> <span class='ocrx_word' id='word_1_237' title='bbox 928 2106 980 2152; x_wconf 90' lang='lat' dir='ltr'><strong>et</strong></span> <span class='ocrx_word' id='word_1_238' title='bbox 999 2097 1204 2166; x_wconf 77' lang='lat' dir='ltr'><strong>legibus</strong></span> <span class='ocrx_word' id='word_1_239' title='bbox 1239 2104 1445 2164; x_wconf 86' lang='lat' dir='ltr'><strong>parent.</strong></span> 
     </span>
    </p>
   </div>
   <div class='ocr_carea' id='block_1_35' title="bbox 2279 2095 3901 2168">
    <p class='ocr_par' dir='ltr' id='par_1_35' title="bbox 2356 2095 3901 2168">
     <span class='ocr_line' id='line_1_35' title="bbox 2356 2095 3901 2168; baseline 0.001 -18"><span class='ocrx_word' id='word_1_240' title='bbox 2356 2098 2595 2168; x_wconf 88' lang='grc' dir='ltr'>ρωτέραν</span> <span class='ocrx_word' id='word_1_241' title='bbox 2640 2096 2909 2150; x_wconf 82' lang='grc' dir='ltr'><strong>πολιτείαν</strong></span> <span class='ocrx_word' id='word_1_242' title='bbox 2961 2097 3406 2168; x_wconf 87' lang='grc' dir='ltr'>μετερχομένους,</span> <span class='ocrx_word' id='word_1_243' title='bbox 3438 2095 3530 2151; x_wconf 79' lang='grc' dir='ltr'>καὶ</span> <span class='ocrx_word' id='word_1_244' title='bbox 3561 2096 3744 2167; x_wconf 86' lang='grc' dir='ltr'>νόμοις</span> <span class='ocrx_word' id='word_1_245' title='bbox 3777 2097 3901 2151; x_wconf 86' lang='grc' dir='ltr'>διοι-</span> 
     </span>
    </p>
   </div>
   <div class='ocr_carea' id='block_1_36' title="bbox 2355 2206 2664 2242">
    <p class='ocr_par' dir='ltr' id='par_1_36' title="bbox 2355 2206 2664 2242">
     <span class='ocr_line' id='line_1_36' title="bbox 2355 2206 2664 2242; baseline 0 -1"><span class='ocrx_word' id='word_1_246' title='bbox 2355 2207 2449 2241; x_wconf 82' lang='grc' dir='ltr'><strong>κου</strong></span> <span class='ocrx_word' id='word_1_247' title='bbox 2458 2206 2664 2242; x_wconf 73' lang='grc' dir='ltr'>μενους.</span> 
     </span>
    </p>
   </div>
   <div class='ocr_carea' id='block_1_37' title="bbox 768 2190 2390 2353">
    <p class='ocr_par' dir='ltr' id='par_1_37' title="bbox 768 2207 2390 2338">
     <span class='ocr_line' id='line_1_37' title="bbox 768 2207 2390 2338; baseline -0.003 -16"><span class='ocrx_word' id='word_1_248' title='bbox 768 2268 822 2324; x_wconf 66' lang='grc' dir='ltr'>ὃ.</span> <span class='ocrx_word' id='word_1_249' title='bbox 876 2267 949 2323; x_wconf 78' lang='lat' dir='ltr'><strong>Os</strong></span> <span class='ocrx_word' id='word_1_250' title='bbox 971 2284 1140 2322; x_wconf 79' lang='lat' dir='ltr'><strong>meum</strong></span> <span class='ocrx_word' id='word_1_251' title='bbox 1163 2268 1402 2338; x_wconf 82' lang='lat' dir='ltr'><strong>loquetur</strong></span> <span class='ocrx_word' id='word_1_252' title='bbox 1431 2269 1760 2337; x_wconf 82' lang='lat' dir='ltr'><strong>sapientiam.</strong></span> <span class='ocrx_word' id='word_1_253' title='bbox 1785 2263 2248 2332; x_wconf 85' lang='lat' dir='ltr'><strong>Quemadmodum</strong></span> <span class='ocrx_word' id='word_1_254' title='bbox 2355 2207 2390 2241; x_wconf 54' lang='grc' dir='ltr'><strong><em>κ</em></strong></span> 
     </span>
    </p>
   </div>
   <div class='ocr_carea' id='block_1_38' title="bbox 2279 2190 3901 2353">
    <p class='ocr_par' dir='ltr' id='par_1_38' title="bbox 2355 2190 3901 2353">
     <span class='ocr_line' id='line_1_38' title="bbox 2355 2206 2664 2242; baseline 0 -1"><span class='ocrx_word' id='word_1_255' title='bbox 2355 2207 2449 2241; x_wconf 79' lang='grc' dir='ltr'><strong>κου</strong></span> <span class='ocrx_word' id='word_1_256' title='bbox 2525 2206 2614 2242; x_wconf 93' lang='grc' dir='ltr'><strong>νου</strong></span> <span class='ocrx_word' id='word_1_257' title='bbox 2651 2229 2664 2241; x_wconf 92' lang='grc'><strong>.</strong></span> 
     </span>
     <span class='ocr_line' id='line_1_39' title="bbox 2427 2190 3901 2353; baseline 0.001 -19"><span class='ocrx_word' id='word_1_258' title='bbox 2427 2190 2707 2348; x_wconf 51' lang='grc' dir='ltr'><strong>Τῗστόῖια</strong></span> <span class='ocrx_word' id='word_1_259' title='bbox 2725 2297 2849 2349; x_wconf 82' lang='grc' dir='ltr'>μου</span> <span class='ocrx_word' id='word_1_260' title='bbox 2863 2281 3121 2347; x_wconf 72' lang='grc' dir='ltr'>λαλήσει</span> <span class='ocrx_word' id='word_1_261' title='bbox 3149 2281 3393 2349; x_wconf 76' lang='grc' dir='ltr'>σοφίαν.</span> <span class='ocrx_word' id='word_1_262' title='bbox 3421 2281 3628 2353; x_wconf 83' lang='grc' dir='ltr'>Ὠσπερ</span> <span class='ocrx_word' id='word_1_263' title='bbox 3663 2283 3745 2346; x_wconf 85' lang='grc' dir='ltr'><strong>είς</strong></span> <span class='ocrx_word' id='word_1_264' title='bbox 3775 2281 3901 2351; x_wconf 83' lang='grc' dir='ltr'><strong>τάγ-</strong></span> 
     </span>
    </p>
   </div>
   <div class='ocr_carea' id='block_1_39' title="bbox 702 2355 2324 2444">
    <p class='ocr_par' dir='ltr' id='par_1_39' title="bbox 702 2355 2250 2422">
     <span class='ocr_line' id='line_1_40' title="bbox 702 2355 2250 2422; baseline -0.003 -8"><span class='ocrx_word' id='word_1_265' title='bbox 702 2375 800 2415; x_wconf 86' lang='lat' dir='ltr'><strong>ceu</strong></span> <span class='ocrx_word' id='word_1_266' title='bbox 826 2359 879 2414; x_wconf 91' lang='lat' dir='ltr'><strong>in</strong></span> <span class='ocrx_word' id='word_1_267' title='bbox 905 2360 1086 2414; x_wconf 86' lang='lat' dir='ltr'><strong>varios</strong></span> <span class='ocrx_word' id='word_1_268' title='bbox 1136 2357 1356 2413; x_wconf 86' lang='lat' dir='ltr'><strong>ordines</strong></span> <span class='ocrx_word' id='word_1_269' title='bbox 1398 2357 1672 2412; x_wconf 89' lang='lat' dir='ltr'><strong>distribuit</strong></span> <span class='ocrx_word' id='word_1_270' title='bbox 1726 2355 2022 2422; x_wconf 85' lang='lat' dir='ltr'><strong>auditores,</strong></span> <span class='ocrx_word' id='word_1_271' title='bbox 2078 2357 2150 2409; x_wconf 89' lang='lat' dir='ltr'><strong>ita</strong></span> <span class='ocrx_word' id='word_1_272' title='bbox 2196 2365 2250 2410; x_wconf 87' lang='lat' dir='ltr'><strong>et</strong></span> 
     </span>
    </p>
   </div>
   <div class='ocr_carea' id='block_1_40' title="bbox 2280 2355 3902 2444">
    <p class='ocr_par' dir='ltr' id='par_1_40' title="bbox 2356 2371 3902 2444">
     <span class='ocr_line' id='line_1_41' title="bbox 2356 2371 3902 2444; baseline 0.004 -24"><span class='ocrx_word' id='word_1_273' title='bbox 2356 2385 2498 2438; x_wconf 83' lang='grc' dir='ltr'>ματα</span> <span class='ocrx_word' id='word_1_274' title='bbox 2531 2371 2754 2424; x_wconf 85' lang='grc' dir='ltr'>πλεῖστα</span> <span class='ocrx_word' id='word_1_275' title='bbox 2784 2371 2909 2434; x_wconf 85' lang='grc' dir='ltr'>τοὺς</span> <span class='ocrx_word' id='word_1_276' title='bbox 2928 2371 3200 2444; x_wconf 83' lang='grc' dir='ltr'>ἀκροατὰς</span> <span class='ocrx_word' id='word_1_277' title='bbox 3231 2372 3443 2438; x_wconf 78' lang='grc' dir='ltr'>διεῖλεν,</span> <span class='ocrx_word' id='word_1_278' title='bbox 3487 2372 3655 2436; x_wconf 76' lang='grc' dir='ltr'>οὕτως</span> <span class='ocrx_word' id='word_1_279' title='bbox 3686 2374 3780 2426; x_wconf 78' lang='grc' dir='ltr'>καὶ</span> <span class='ocrx_word' id='word_1_280' title='bbox 3806 2374 3902 2444; x_wconf 83' lang='grc' dir='ltr'><strong>τὴν</strong></span> 
     </span>
    </p>
   </div>
   <div class='ocr_carea' id='block_1_41' title="bbox 701 2447 2323 2537">
    <p class='ocr_par' dir='ltr' id='par_1_41' title="bbox 701 2447 2249 2518">
     <span class='ocr_line' id='line_1_42' title="bbox 701 2447 2249 2518; baseline -0.005 -10"><span class='ocrx_word' id='word_1_281' title='bbox 701 2453 1000 2508; x_wconf 84' lang='lat' dir='ltr'><strong>doctrinam</strong></span> <span class='ocrx_word' id='word_1_282' title='bbox 1044 2466 1198 2507; x_wconf 90' lang='lat' dir='ltr'><strong>suam</strong></span> <span class='ocrx_word' id='word_1_283' title='bbox 1231 2450 1284 2504; x_wconf 93' lang='lat' dir='ltr'><strong>in</strong></span> <span class='ocrx_word' id='word_1_284' title='bbox 1320 2449 1510 2506; x_wconf 86' lang='lat' dir='ltr'><strong>modos</strong></span> <span class='ocrx_word' id='word_1_285' title='bbox 1550 2449 1835 2518; x_wconf 79' lang='lat' dir='ltr'><strong>distinguit</strong></span> <span class='ocrx_word' id='word_1_286' title='bbox 1859 2449 2058 2503; x_wconf 83' lang='lat' dir='ltr'><strong>varios.</strong></span> <span class='ocrx_word' id='word_1_287' title='bbox 2106 2447 2249 2501; x_wconf 85' lang='lat' dir='ltr'><strong>Cho-</strong></span> 
     </span>
    </p>
   </div>
   <div class='ocr_carea' id='block_1_42' title="bbox 2276 2447 3898 2537">
    <p class='ocr_par' dir='ltr' id='par_1_42' title="bbox 2353 2460 3898 2537">
     <span class='ocr_line' id='line_1_43' title="bbox 2353 2460 3898 2537; baseline 0.003 -25"><span class='ocrx_word' id='word_1_288' title='bbox 2353 2460 2514 2513; x_wconf 82' lang='grc' dir='ltr'>αὐτοῦ</span> <span class='ocrx_word' id='word_1_289' title='bbox 2543 2461 2885 2516; x_wconf 84' lang='grc' dir='ltr'>διδασκαλίαν</span> <span class='ocrx_word' id='word_1_290' title='bbox 2929 2465 3007 2527; x_wconf 84' lang='grc' dir='ltr'><strong>είς</strong></span> <span class='ocrx_word' id='word_1_291' title='bbox 3041 2463 3272 2536; x_wconf 84' lang='grc' dir='ltr'>τρόπους</span> <span class='ocrx_word' id='word_1_292' title='bbox 3317 2463 3564 2534; x_wconf 78' lang='grc' dir='ltr'>ἀφορίζει</span> <span class='ocrx_word' id='word_1_293' title='bbox 3594 2464 3898 2537; x_wconf 81' lang='grc' dir='ltr'><strong>διαφόρους.</strong></span> 
     </span>
    </p>
   </div>
   <div class='ocr_carea' id='block_1_43' title="bbox 700 2539 2322 2624">
    <p class='ocr_par' dir='ltr' id='par_1_43' title="bbox 700 2539 2246 2614">
     <span class='ocr_line' id='line_1_44' title="bbox 700 2539 2246 2614; baseline -0.005 -15"><span class='ocrx_word' id='word_1_294' title='bbox 700 2561 796 2600; x_wconf 86' lang='lat' dir='ltr'><strong>rus</strong></span> <span class='ocrx_word' id='word_1_295' title='bbox 819 2555 997 2599; x_wconf 90' lang='lat' dir='ltr'><strong>autem</strong></span> <span class='ocrx_word' id='word_1_296' title='bbox 1023 2543 1354 2614; x_wconf 83' lang='lat' dir='ltr'><strong>apostolicus</strong></span> <span class='ocrx_word' id='word_1_297' title='bbox 1379 2550 1460 2596; x_wconf 80' lang='lat' dir='ltr'><strong>est</strong></span> <span class='ocrx_word' id='word_1_298' title='bbox 1494 2542 1587 2612; x_wconf 89' lang='lat' dir='ltr'><strong>qui</strong></span> <span class='ocrx_word' id='word_1_299' title='bbox 1619 2543 1732 2596; x_wconf 65' lang='lat' dir='ltr'><strong>haec</strong></span> <span class='ocrx_word' id='word_1_300' title='bbox 1775 2541 2035 2610; x_wconf 89' lang='lat' dir='ltr'><strong>loquitur,</strong></span> <span class='ocrx_word' id='word_1_301' title='bbox 2073 2547 2128 2593; x_wconf 90' lang='lat' dir='ltr'><strong>et</strong></span> <span class='ocrx_word' id='word_1_302' title='bbox 2154 2539 2246 2610; x_wconf 87' lang='lat' dir='ltr'><strong>qui</strong></span> 
     </span>
    </p>
   </div>
   <div class='ocr_carea' id='block_1_44' title="bbox 2281 2539 3903 2624">
    <p class='ocr_par' dir='ltr' id='par_1_44' title="bbox 2364 2552 3903 2624">
     <span class='ocr_line' id='line_1_45' title="bbox 2364 2552 3903 2624; baseline 0.001 -20"><span class='ocrx_word' id='word_1_303' title='bbox 2364 2552 2423 2605; x_wconf 89' lang='lat'><strong>&#39;0</strong></span> <span class='ocrx_word' id='word_1_304' title='bbox 2456 2552 2611 2623; x_wconf 80' lang='grc' dir='ltr'>χορὸς</span> <span class='ocrx_word' id='word_1_305' title='bbox 2637 2552 2692 2605; x_wconf 88' lang='grc' dir='ltr'><strong>δέ</strong></span> <span class='ocrx_word' id='word_1_306' title='bbox 2721 2554 2865 2609; x_wconf 73' lang='grc' dir='ltr'>ἐστιν</span> <span class='ocrx_word' id='word_1_307' title='bbox 2891 2555 2920 2607; x_wconf 92' lang='lat'><strong>6</strong></span> <span class='ocrx_word' id='word_1_308' title='bbox 2952 2553 3300 2618; x_wconf 83' lang='grc' dir='ltr'>ἀποστολικδς</span> <span class='ocrx_word' id='word_1_309' title='bbox 3329 2557 3357 2608; x_wconf 91' lang='lat'><strong>6</strong></span> <span class='ocrx_word' id='word_1_310' title='bbox 3401 2553 3572 2607; x_wconf 88' lang='grc' dir='ltr'>ταῦτα</span> <span class='ocrx_word' id='word_1_311' title='bbox 3603 2554 3903 2624; x_wconf 78' lang='grc' dir='ltr'>φθεγγόμε-</span> 
     </span>
    </p>
   </div>
   <div class='ocr_carea' id='block_1_45' title="bbox 700 2631 2322 2718">
    <p class='ocr_par' dir='ltr' id='par_1_45' title="bbox 700 2631 2246 2703">
     <span class='ocr_line' id='line_1_46' title="bbox 700 2631 2246 2703; baseline 0 -15"><span class='ocrx_word' id='word_1_312' title='bbox 700 2637 876 2690; x_wconf 88' lang='lat' dir='ltr'><strong>inore</strong></span> <span class='ocrx_word' id='word_1_313' title='bbox 902 2635 1178 2690; x_wconf 82' lang='lat' dir='ltr'><strong>Christum</strong></span> <span class='ocrx_word' id='word_1_314' title='bbox 1231 2634 1414 2700; x_wconf 85' lang='lat' dir='ltr'><strong>habet,</strong></span> <span class='ocrx_word' id='word_1_315' title='bbox 1465 2633 1557 2703; x_wconf 92' lang='lat' dir='ltr'><strong>qui</strong></span> <span class='ocrx_word' id='word_1_316' title='bbox 1601 2641 1684 2689; x_wconf 88' lang='lat' dir='ltr'><strong>est</strong></span> <span class='ocrx_word' id='word_1_317' title='bbox 1727 2633 1990 2703; x_wconf 84' lang='lat' dir='ltr'><strong>sapientia</strong></span> <span class='ocrx_word' id='word_1_318' title='bbox 2047 2631 2246 2687; x_wconf 86' lang='lat' dir='ltr'><strong>Patris.</strong></span> 
     </span>
    </p>
   </div>
   <div class='ocr_carea' id='block_1_46' title="bbox 2279 2631 3901 2718">
    <p class='ocr_par' dir='ltr' id='par_1_46' title="bbox 2353 2644 3901 2718">
     <span class='ocr_line' id='line_1_47' title="bbox 2353 2644 3901 2718; baseline 0.001 -21"><span class='ocrx_word' id='word_1_319' title='bbox 2353 2662 2461 2708; x_wconf 89' lang='grc' dir='ltr'>νος,</span> <span class='ocrx_word' id='word_1_320' title='bbox 2486 2644 2577 2697; x_wconf 72' lang='grc' dir='ltr'>καὶ</span> <span class='ocrx_word' id='word_1_321' title='bbox 2600 2644 2690 2697; x_wconf 76' lang='grc' dir='ltr'><strong>ἐπὶ</strong></span> <span class='ocrx_word' id='word_1_322' title='bbox 2725 2646 2986 2716; x_wconf 87' lang='grc' dir='ltr'>στόματος</span> <span class='ocrx_word' id='word_1_323' title='bbox 3011 2647 3189 2717; x_wconf 76' lang='grc' dir='ltr'>φέρων</span> <span class='ocrx_word' id='word_1_324' title='bbox 3221 2646 3307 2699; x_wconf 74' lang='grc' dir='ltr'>τὸν</span> <span class='ocrx_word' id='word_1_325' title='bbox 3330 2647 3578 2718; x_wconf 81' lang='grc' dir='ltr'>Χριστὸν,</span> <span class='ocrx_word' id='word_1_326' title='bbox 3611 2646 3668 2710; x_wconf 82' lang='grc' dir='ltr'><strong>ὃς</strong></span> <span class='ocrx_word' id='word_1_327' title='bbox 3702 2647 3848 2699; x_wconf 71' lang='grc' dir='ltr'>ἐστιν</span> <span class='ocrx_word' id='word_1_328' title='bbox 3870 2647 3901 2717; x_wconf 83' lang='grc' dir='ltr'>ή</span> 
     </span>
    </p>
   </div>
   <div class='ocr_carea' id='block_1_47' title="bbox 702 2721 2324 2807">
    <p class='ocr_par' dir='ltr' id='par_1_47' title="bbox 702 2721 2248 2796">
     <span class='ocr_line' id='line_1_48' title="bbox 702 2721 2248 2796; baseline 0 -16"><span class='ocrx_word' id='word_1_329' title='bbox 702 2724 895 2796; x_wconf 84' lang='lat' dir='ltr'><strong>Utpote</strong></span> <span class='ocrx_word' id='word_1_330' title='bbox 931 2725 1092 2796; x_wconf 87' lang='lat' dir='ltr'><strong>igitur</strong></span> <span class='ocrx_word' id='word_1_331' title='bbox 1114 2721 1389 2777; x_wconf 87' lang='lat' dir='ltr'><strong>Christum</strong></span> <span class='ocrx_word' id='word_1_332' title='bbox 1412 2722 1464 2776; x_wconf 91' lang='lat' dir='ltr'><strong>in</strong></span> <span class='ocrx_word' id='word_1_333' title='bbox 1491 2737 1584 2778; x_wconf 89' lang='lat' dir='ltr'><strong>ore</strong></span> <span class='ocrx_word' id='word_1_334' title='bbox 1607 2722 1858 2787; x_wconf 78' lang='lat' dir='ltr'><strong>ferentes,</strong></span> <span class='ocrx_word' id='word_1_335' title='bbox 1885 2731 1938 2779; x_wconf 88' lang='lat' dir='ltr'><strong>et</strong></span> <span class='ocrx_word' id='word_1_336' title='bbox 1960 2738 2084 2780; x_wconf 91' lang='lat' dir='ltr'><strong>eum</strong></span> <span class='ocrx_word' id='word_1_337' title='bbox 2107 2739 2248 2780; x_wconf 85' lang='lat' dir='ltr'><strong>sem-</strong></span> 
     </span>
    </p>
   </div>
   <div class='ocr_carea' id='block_1_48' title="bbox 2281 2721 3903 2807">
    <p class='ocr_par' dir='ltr' id='par_1_48' title="bbox 2355 2732 3903 2807">
     <span class='ocr_line' id='line_1_49' title="bbox 2355 2732 3903 2807; baseline 0 -19"><span class='ocrx_word' id='word_1_338' title='bbox 2355 2736 2513 2804; x_wconf 75' lang='grc' dir='ltr'>σοφία</span> <span class='ocrx_word' id='word_1_339' title='bbox 2538 2734 2630 2788; x_wconf 92' lang='grc' dir='ltr'>τοῦ</span> <span class='ocrx_word' id='word_1_340' title='bbox 2659 2736 2889 2806; x_wconf 84' lang='grc' dir='ltr'><strong>Πατρός.</strong></span> <span class='ocrx_word' id='word_1_341' title='bbox 2920 2736 3044 2788; x_wconf 64' lang='lat' dir='ltr'><strong>&quot;Are</strong></span> <span class='ocrx_word' id='word_1_342' title='bbox 3070 2737 3133 2807; x_wconf 79' lang='grc' dir='ltr'>δὴ</span> <span class='ocrx_word' id='word_1_343' title='bbox 3159 2732 3249 2788; x_wconf 77' lang='grc' dir='ltr'><strong>οὖν</strong></span> <span class='ocrx_word' id='word_1_344' title='bbox 3271 2736 3360 2788; x_wconf 78' lang='grc' dir='ltr'>τὸν</span> <span class='ocrx_word' id='word_1_345' title='bbox 3388 2736 3617 2806; x_wconf 78' lang='grc' dir='ltr'>Χριστὸν</span> <span class='ocrx_word' id='word_1_346' title='bbox 3665 2737 3758 2788; x_wconf 72' lang='grc' dir='ltr'><strong>ἐπὶ</strong></span> <span class='ocrx_word' id='word_1_347' title='bbox 3789 2735 3903 2788; x_wconf 89' lang='grc' dir='ltr'>στό-</span> 
     </span>
    </p>
   </div>
   <div class='ocr_carea' id='block_1_49' title="bbox 697 2814 2319 2897">
    <p class='ocr_par' dir='ltr' id='par_1_49' title="bbox 697 2814 2246 2888">
     <span class='ocr_line' id='line_1_50' title="bbox 697 2814 2246 2888; baseline -0.001 -17"><span class='ocrx_word' id='word_1_348' title='bbox 697 2833 792 2888; x_wconf 89' lang='lat' dir='ltr'><strong>per</strong></span> <span class='ocrx_word' id='word_1_349' title='bbox 818 2825 997 2872; x_wconf 89' lang='lat' dir='ltr'><strong>mente</strong></span> <span class='ocrx_word' id='word_1_350' title='bbox 1034 2822 1313 2872; x_wconf 80' lang='lat' dir='ltr'><strong>versantes</strong></span> <span class='ocrx_word' id='word_1_351' title='bbox 1355 2814 1763 2884; x_wconf 80' lang='lat' dir='ltr'><strong>intelligentiam</strong></span> <span class='ocrx_word' id='word_1_352' title='bbox 1805 2815 2139 2870; x_wconf 86' lang='lat' dir='ltr'><strong>obtinebant.</strong></span> <span class='ocrx_word' id='word_1_353' title='bbox 2170 2814 2246 2869; x_wconf 90' lang='lat' dir='ltr'><strong>Ita</strong></span> 
     </span>
    </p>
   </div>
   <div class='ocr_carea' id='block_1_50' title="bbox 2280 2814 3902 2897">
    <p class='ocr_par' dir='ltr' id='par_1_50' title="bbox 2356 2825 3902 2897">
     <span class='ocr_line' id='line_1_51' title="bbox 2356 2825 3902 2897; baseline 0.002 -20"><span class='ocrx_word' id='word_1_354' title='bbox 2356 2842 2522 2896; x_wconf 84' lang='grc' dir='ltr'>ματος</span> <span class='ocrx_word' id='word_1_355' title='bbox 2549 2825 2821 2896; x_wconf 79' lang='grc' dir='ltr'>φέροντες,</span> <span class='ocrx_word' id='word_1_356' title='bbox 2856 2826 2948 2879; x_wconf 75' lang='grc' dir='ltr'>καὶ</span> <span class='ocrx_word' id='word_1_357' title='bbox 2980 2826 3162 2880; x_wconf 87' lang='grc' dir='ltr'>τοῦτον</span> <span class='ocrx_word' id='word_1_358' title='bbox 3189 2828 3265 2890; x_wconf 83' lang='grc' dir='ltr'><strong>είς</strong></span> <span class='ocrx_word' id='word_1_359' title='bbox 3294 2827 3416 2880; x_wconf 84' lang='grc' dir='ltr'>νοῦν</span> <span class='ocrx_word' id='word_1_360' title='bbox 3452 2827 3539 2881; x_wconf 77' lang='grc' dir='ltr'>ἀεὶ</span> <span class='ocrx_word' id='word_1_361' title='bbox 3573 2826 3902 2897; x_wconf 78' lang='grc' dir='ltr'>ἐκμελετῶν-</span> 
     </span>
    </p>
   </div>
   <div class='ocr_carea' id='block_1_51' title="bbox 699 2907 2321 2989">
    <p class='ocr_par' dir='ltr' id='par_1_51' title="bbox 699 2907 2249 2977">
     <span class='ocr_line' id='line_1_52' title="bbox 699 2907 2249 2977; baseline -0.003 -13"><span class='ocrx_word' id='word_1_362' title='bbox 699 2919 879 2966; x_wconf 88' lang='lat' dir='ltr'><strong>autem</strong></span> <span class='ocrx_word' id='word_1_363' title='bbox 910 2925 1060 2966; x_wconf 88' lang='lat' dir='ltr'><strong>mens</strong></span> <span class='ocrx_word' id='word_1_364' title='bbox 1088 2923 1274 2964; x_wconf 91' lang='lat' dir='ltr'><strong>eorum</strong></span> <span class='ocrx_word' id='word_1_365' title='bbox 1301 2907 1367 2962; x_wconf 89' lang='lat' dir='ltr'><strong>ad</strong></span> <span class='ocrx_word' id='word_1_366' title='bbox 1395 2907 1796 2977; x_wconf 83' lang='lat' dir='ltr'><strong>intelligentiam</strong></span> <span class='ocrx_word' id='word_1_367' title='bbox 1823 2916 1978 2960; x_wconf 88' lang='lat' dir='ltr'><strong>acuta</strong></span> <span class='ocrx_word' id='word_1_368' title='bbox 2003 2915 2057 2960; x_wconf 89' lang='lat' dir='ltr'><strong>et</strong></span> <span class='ocrx_word' id='word_1_369' title='bbox 2089 2921 2249 2975; x_wconf 79' lang='lat' dir='ltr'><strong>expe—</strong></span> 
     </span>
    </p>
   </div>
   <div class='ocr_carea' id='block_1_52' title="bbox 2279 2907 3901 2989">
    <p class='ocr_par' dir='ltr' id='par_1_52' title="bbox 2353 2913 3901 2989">
     <span class='ocr_line' id='line_1_53' title="bbox 2353 2913 3901 2989; baseline 0 -19"><span class='ocrx_word' id='word_1_370' title='bbox 2353 2934 2462 2980; x_wconf 87' lang='grc' dir='ltr'>τες,</span> <span class='ocrx_word' id='word_1_371' title='bbox 2509 2916 2720 2970; x_wconf 86' lang='grc' dir='ltr'>σύνεσιν</span> <span class='ocrx_word' id='word_1_372' title='bbox 2773 2913 2935 2987; x_wconf 73' lang='grc' dir='ltr'>εἶχον.</span> <span class='ocrx_word' id='word_1_373' title='bbox 2997 2917 3151 2972; x_wconf 87' lang='grc' dir='ltr'>Οῦτω</span> <span class='ocrx_word' id='word_1_374' title='bbox 3177 2918 3232 2971; x_wconf 87' lang='grc' dir='ltr'>δὲ</span> <span class='ocrx_word' id='word_1_375' title='bbox 3288 2917 3462 2971; x_wconf 82' lang='grc' dir='ltr'>αὐτῶν</span> <span class='ocrx_word' id='word_1_376' title='bbox 3502 2918 3734 2988; x_wconf 75' lang='grc' dir='ltr'>ἠκόνητο</span> <span class='ocrx_word' id='word_1_377' title='bbox 3771 2919 3901 2989; x_wconf 81' lang='grc' dir='ltr'>πρὸς</span> 
     </span>
    </p>
   </div>
   <div class='ocr_carea' id='block_1_53' title="bbox 697 2996 2319 3080">
    <p class='ocr_par' dir='ltr' id='par_1_53' title="bbox 697 2996 2249 3069">
     <span class='ocr_line' id='line_1_54' title="bbox 697 2996 2249 3069; baseline -0.002 -14"><span class='ocrx_word' id='word_1_378' title='bbox 697 3005 808 3058; x_wconf 89' lang='lat' dir='ltr'><strong>dita</strong></span> <span class='ocrx_word' id='word_1_379' title='bbox 833 3011 970 3069; x_wconf 89' lang='lat' dir='ltr'><strong>erat,</strong></span> <span class='ocrx_word' id='word_1_380' title='bbox 1001 3009 1060 3056; x_wconf 90' lang='lat' dir='ltr'><strong>ut</strong></span> <span class='ocrx_word' id='word_1_381' title='bbox 1085 3002 1244 3056; x_wconf 90' lang='lat' dir='ltr'><strong>etiam</strong></span> <span class='ocrx_word' id='word_1_382' title='bbox 1283 2999 1567 3068; x_wconf 87' lang='lat' dir='ltr'><strong>parabolas</strong></span> <span class='ocrx_word' id='word_1_383' title='bbox 1596 2996 1892 3051; x_wconf 89' lang='lat' dir='ltr'><strong>Salvatoris</strong></span> <span class='ocrx_word' id='word_1_384' title='bbox 1922 2997 1974 3050; x_wconf 92' lang='lat' dir='ltr'><strong>in</strong></span> <span class='ocrx_word' id='word_1_385' title='bbox 2004 2996 2249 3069; x_wconf 84' lang='lat' dir='ltr'><strong>Evange-</strong></span> 
     </span>
    </p>
   </div>
   <div class='ocr_carea' id='block_1_54' title="bbox 2281 2996 3903 3080">
    <p class='ocr_par' dir='ltr' id='par_1_54' title="bbox 2356 3006 3903 3080">
     <span class='ocr_line' id='line_1_55' title="bbox 2356 3006 3903 3080; baseline 0.001 -21"><span class='ocrx_word' id='word_1_386' title='bbox 2356 3007 2567 3061; x_wconf 82' lang='grc' dir='ltr'>σύνεσιν</span> <span class='ocrx_word' id='word_1_387' title='bbox 2589 3009 2618 3060; x_wconf 89' lang='lat'><strong>6</strong></span> <span class='ocrx_word' id='word_1_388' title='bbox 2647 3006 2788 3072; x_wconf 82' lang='grc' dir='ltr'>νοῦς,</span> <span class='ocrx_word' id='word_1_389' title='bbox 2815 3008 2890 3071; x_wconf 84' lang='grc' dir='ltr'><strong>ὼς</strong></span> <span class='ocrx_word' id='word_1_390' title='bbox 2917 3008 3011 3061; x_wconf 78' lang='grc' dir='ltr'>καὶ</span> <span class='ocrx_word' id='word_1_391' title='bbox 3042 3008 3139 3072; x_wconf 88' lang='grc' dir='ltr'><strong>τάς</strong></span> <span class='ocrx_word' id='word_1_392' title='bbox 3179 3007 3487 3080; x_wconf 85' lang='grc' dir='ltr'>παραϐολὰς</span> <span class='ocrx_word' id='word_1_393' title='bbox 3530 3007 3622 3060; x_wconf 89' lang='grc' dir='ltr'><strong>τοῦ</strong></span> <span class='ocrx_word' id='word_1_394' title='bbox 3654 3008 3903 3079; x_wconf 78' lang='grc' dir='ltr'><strong>Σωτῆρος</strong></span> 
     </span>
    </p>
   </div>
   <div class='ocr_carea' id='block_1_55' title="bbox 699 3089 2321 3170">
    <p class='ocr_par' dir='ltr' id='par_1_55' title="bbox 699 3089 2245 3163">
     <span class='ocr_line' id='line_1_56' title="bbox 699 3089 2245 3163; baseline -0.004 -12"><span class='ocrx_word' id='word_1_395' title='bbox 699 3097 789 3152; x_wconf 83' lang='lat' dir='ltr'><strong>liis</strong></span> <span class='ocrx_word' id='word_1_396' title='bbox 815 3094 1112 3163; x_wconf 85' lang='lat' dir='ltr'><strong>descriptas</strong></span> <span class='ocrx_word' id='word_1_397' title='bbox 1142 3092 1518 3162; x_wconf 86' lang='lat' dir='ltr'><strong>intelligerent.</strong></span> <span class='ocrx_word' id='word_1_398' title='bbox 1547 3089 1905 3156; x_wconf 84' lang='lat' dir='ltr'><strong>Quamobrem</strong></span> <span class='ocrx_word' id='word_1_399' title='bbox 1947 3105 2068 3144; x_wconf 93' lang='lat' dir='ltr'><strong>cum</strong></span> <span class='ocrx_word' id='word_1_400' title='bbox 2100 3091 2245 3146; x_wconf 90' lang='lat' dir='ltr'><strong>dice-</strong></span> 
     </span>
    </p>
   </div>
   <div class='ocr_carea' id='block_1_56' title="bbox 2280 3089 3902 3170">
    <p class='ocr_par' dir='ltr' id='par_1_56' title="bbox 2353 3099 3902 3170">
     <span class='ocr_line' id='line_1_57' title="bbox 2353 3099 3902 3170; baseline 0 -18"><span class='ocrx_word' id='word_1_401' title='bbox 2353 3100 2449 3163; x_wconf 89' lang='grc' dir='ltr'><strong>τάς</strong></span> <span class='ocrx_word' id='word_1_402' title='bbox 2479 3101 2536 3152; x_wconf 84' lang='grc' dir='ltr'><strong>ὲν</strong></span> <span class='ocrx_word' id='word_1_403' title='bbox 2564 3102 2674 3163; x_wconf 80' lang='grc' dir='ltr'>τοῖς</span> <span class='ocrx_word' id='word_1_404' title='bbox 2697 3100 3046 3169; x_wconf 84' lang='grc' dir='ltr'>Εὑαγγελίοις</span> <span class='ocrx_word' id='word_1_405' title='bbox 3078 3101 3379 3170; x_wconf 81' lang='grc' dir='ltr'>φερομένας</span> <span class='ocrx_word' id='word_1_406' title='bbox 3406 3099 3658 3152; x_wconf 81' lang='grc' dir='ltr'>συνιέναι.</span> <span class='ocrx_word' id='word_1_407' title='bbox 3704 3100 3796 3152; x_wconf 79' lang='grc' dir='ltr'><strong>Διὸ</strong></span> <span class='ocrx_word' id='word_1_408' title='bbox 3821 3099 3902 3152; x_wconf 83' lang='grc' dir='ltr'>λέ-</span> 
     </span>
    </p>
   </div>
   <div class='ocr_carea' id='block_1_57' title="bbox 699 3181 2321 3261">
    <p class='ocr_par' dir='ltr' id='par_1_57' title="bbox 699 3181 2317 3261">
     <span class='ocr_line' id='line_1_58' title="bbox 699 3181 2317 3261; baseline -0.004 -19"><span class='ocrx_word' id='word_1_409' title='bbox 699 3195 783 3242; x_wconf 87' lang='lat' dir='ltr'><strong>ret</strong></span> <span class='ocrx_word' id='word_1_410' title='bbox 805 3186 1054 3240; x_wconf 85' lang='lat' dir='ltr'><strong>Christus</strong></span> <span class='ocrx_word' id='word_1_411' title='bbox 1091 3185 1136 3216; x_wconf 78' lang='lat'><strong>&quot;</strong></span> <span class='ocrx_word' id='word_1_412' title='bbox 1166 3201 1182 3239; x_wconf 87' lang='lat'><strong>:</strong></span> <span class='ocrx_word' id='word_1_413' title='bbox 1221 3183 1566 3238; x_wconf 68' lang='lat' dir='ltr'><strong>Intellexisti:</strong></span> <span class='ocrx_word' id='word_1_414' title='bbox 1600 3181 1707 3235; x_wconf 72' lang='lat' dir='ltr'><strong>haec</strong></span> <span class='ocrx_word' id='word_1_415' title='bbox 1750 3182 1968 3235; x_wconf 81' lang='lat' dir='ltr'><strong>omnia?</strong></span> <span class='ocrx_word' id='word_1_416' title='bbox 1997 3183 2247 3238; x_wconf 86' lang='lat' dir='ltr'><strong>dicebant</strong></span> <span class='ocrx_word' id='word_1_417' title='bbox 2277 3233 2317 3261; x_wconf 59' lang='grc' dir='ltr'>η</span> 
     </span>
    </p>
   </div>
   <div class='ocr_carea' id='block_1_58' title="bbox 2279 3181 3901 3261">
    <p class='ocr_par' dir='ltr' id='par_1_58' title="bbox 2279 3188 3901 3261">
     <span class='ocr_line' id='line_1_59' title="bbox 2279 3188 3901 3261; baseline 0 -19"><span class='ocrx_word' id='word_1_418' title='bbox 2279 3233 2317 3261; x_wconf 62' lang='grc' dir='ltr'>η</span> <span class='ocrx_word' id='word_1_419' title='bbox 2353 3205 2539 3257; x_wconf 84' lang='grc' dir='ltr'>γοντος</span> <span class='ocrx_word' id='word_1_420' title='bbox 2554 3190 2734 3252; x_wconf 83' lang='grc' dir='ltr'>αὐτοῖς</span> <span class='ocrx_word' id='word_1_421' title='bbox 2755 3189 2846 3242; x_wconf 89' lang='grc' dir='ltr'><strong>τοῦ</strong></span> <span class='ocrx_word' id='word_1_422' title='bbox 2863 3188 3096 3261; x_wconf 82' lang='grc' dir='ltr'>Χριστοῦ</span> <span class='ocrx_word' id='word_1_423' title='bbox 3112 3206 3125 3219; x_wconf 87' lang='grc'><strong>·</strong></span> <span class='ocrx_word' id='word_1_424' title='bbox 3149 3189 3455 3255; x_wconf 79' lang='grc' dir='ltr'><strong>Συνήκατε</strong></span> <span class='ocrx_word' id='word_1_425' title='bbox 3474 3189 3658 3243; x_wconf 83' lang='grc' dir='ltr'>ταῦτα</span> <span class='ocrx_word' id='word_1_426' title='bbox 3677 3189 3901 3252; x_wconf 72' lang='grc' dir='ltr'>πάντας</span> 
     </span>
    </p>
   </div>
   <div class='ocr_carea' id='block_1_59' title="bbox 699 3233 2321 3352">
    <p class='ocr_par' dir='ltr' id='par_1_59' title="bbox 699 3233 2318 3337">
     <span class='ocr_line' id='line_1_60' title="bbox 699 3233 2318 3337; baseline -0.015 -1"><span class='ocrx_word' id='word_1_427' title='bbox 699 3282 748 3337; x_wconf 90' lang='lat' dir='ltr'><strong>ei</strong></span> <span class='ocrx_word' id='word_1_428' title='bbox 780 3299 795 3336; x_wconf 89' lang='lat'><strong>:</strong></span> <span class='ocrx_word' id='word_1_429' title='bbox 834 3279 1031 3336; x_wconf 84' lang='lat' dir='ltr'><strong>Etiam.</strong></span> <span class='ocrx_word' id='word_1_430' title='bbox 2276 3233 2318 3293; x_wconf 67' lang='grc' dir='ltr'><strong>ο</strong></span> 
     </span>
    </p>
   </div>
   <div class='ocr_carea' id='block_1_60' title="bbox 1278 3233 2900 3352">
    <p class='ocr_par' dir='ltr' id='par_1_60' title="bbox 2276 3233 2900 3352">
     <span class='ocr_line' id='line_1_61' title="bbox 2276 3233 2900 3352; baseline 0.002 -18"><span class='ocrx_word' id='word_1_431' title='bbox 2276 3233 2318 3293; x_wconf 76' lang='lat' dir='ltr'>c</span> <span class='ocrx_word' id='word_1_432' title='bbox 2353 3233 2536 3350; x_wconf 54' lang='grc' dir='ltr'>ἑλεγοῦ</span> <span class='ocrx_word' id='word_1_433' title='bbox 2560 3233 2741 3352; x_wconf 42' lang='grc' dir='ltr'>αὐτῷνο</span> <span class='ocrx_word' id='word_1_434' title='bbox 2771 3282 2900 3335; x_wconf 84' lang='grc' dir='ltr'>Ναί.</span> 
     </span>
    </p>
   </div>
   <div class='ocr_carea' id='block_1_61' title="bbox 771 3362 2393 3444">
    <p class='ocr_par' dir='ltr' id='par_1_61' title="bbox 771 3362 2250 3436">
     <span class='ocr_line' id='line_1_62' title="bbox 771 3362 2250 3436; baseline -0.005 -9"><span class='ocrx_word' id='word_1_435' title='bbox 771 3371 824 3426; x_wconf 87' lang='lat'><strong>5.</strong></span> <span class='ocrx_word' id='word_1_436' title='bbox 885 3368 1160 3425; x_wconf 82' lang='lat' dir='ltr'><strong>Inclinabo</strong></span> <span class='ocrx_word' id='word_1_437' title='bbox 1207 3369 1263 3421; x_wconf 87' lang='lat' dir='ltr'><strong>in</strong></span> <span class='ocrx_word' id='word_1_438' title='bbox 1309 3366 1615 3436; x_wconf 88' lang='lat' dir='ltr'><strong>parabolam</strong></span> <span class='ocrx_word' id='word_1_439' title='bbox 1661 3381 1840 3418; x_wconf 87' lang='lat' dir='ltr'><strong>aurem</strong></span> <span class='ocrx_word' id='word_1_440' title='bbox 1896 3379 2082 3418; x_wconf 85' lang='lat' dir='ltr'><strong>meam.</strong></span> <span class='ocrx_word' id='word_1_441' title='bbox 2138 3362 2250 3435; x_wconf 85' lang='lat' dir='ltr'><strong>Ego</strong></span> 
     </span>
    </p>
   </div>
   <div class='ocr_carea' id='block_1_62' title="bbox 2277 3362 3899 3444">
    <p class='ocr_par' dir='ltr' id='par_1_62' title="bbox 2422 3369 3899 3444">
     <span class='ocr_line' id='line_1_63' title="bbox 2422 3369 3899 3444; baseline -0.002 -16"><span class='ocrx_word' id='word_1_442' title='bbox 2422 3372 2617 3428; x_wconf 75' lang='grc' dir='ltr'>Κλινῶ</span> <span class='ocrx_word' id='word_1_443' title='bbox 2657 3377 2743 3439; x_wconf 75' lang='grc' dir='ltr'>εἰς</span> <span class='ocrx_word' id='word_1_444' title='bbox 2772 3373 3119 3444; x_wconf 70' lang='grc' dir='ltr'>παραϐολὴν</span> <span class='ocrx_word' id='word_1_445' title='bbox 3162 3373 3226 3427; x_wconf 81' lang='grc' dir='ltr'><strong>τὸ</strong></span> <span class='ocrx_word' id='word_1_446' title='bbox 3273 3369 3382 3439; x_wconf 83' lang='grc' dir='ltr'>οὖς</span> <span class='ocrx_word' id='word_1_447' title='bbox 3407 3390 3545 3441; x_wconf 81' lang='grc' dir='ltr'>μου.</span> <span class='ocrx_word' id='word_1_448' title='bbox 3610 3373 3752 3441; x_wconf 84' lang='grc' dir='ltr'><strong>Ἐγὼ</strong></span> <span class='ocrx_word' id='word_1_449' title='bbox 3786 3374 3899 3444; x_wconf 84' lang='grc' dir='ltr'>μὲν,</span> 
     </span>
    </p>
   </div>
   <div class='ocr_carea' id='block_1_63' title="bbox 699 3457 2321 3536">
    <p class='ocr_par' dir='ltr' id='par_1_63' title="bbox 699 3457 2250 3534">
     <span class='ocr_line' id='line_1_64' title="bbox 699 3457 2250 3534; baseline -0.004 -17"><span class='ocrx_word' id='word_1_450' title='bbox 699 3463 944 3534; x_wconf 85' lang='lat' dir='ltr'><strong>quidem,</strong></span> <span class='ocrx_word' id='word_1_451' title='bbox 972 3463 1064 3526; x_wconf 88' lang='lat' dir='ltr'><strong>ait,</strong></span> <span class='ocrx_word' id='word_1_452' title='bbox 1094 3469 1378 3529; x_wconf 83' lang='lat' dir='ltr'><strong>postquam</strong></span> <span class='ocrx_word' id='word_1_453' title='bbox 1426 3465 1656 3512; x_wconf 87' lang='lat' dir='ltr'><strong>mentem</strong></span> <span class='ocrx_word' id='word_1_454' title='bbox 1700 3471 1872 3510; x_wconf 87' lang='lat' dir='ltr'><strong>meam</strong></span> <span class='ocrx_word' id='word_1_455' title='bbox 1907 3457 2026 3511; x_wconf 90' lang='lat' dir='ltr'><strong>acui</strong></span> <span class='ocrx_word' id='word_1_456' title='bbox 2067 3457 2132 3511; x_wconf 90' lang='lat' dir='ltr'><strong>ad</strong></span> <span class='ocrx_word' id='word_1_457' title='bbox 2164 3458 2250 3511; x_wconf 85' lang='lat' dir='ltr'><strong>in-</strong></span> 
     </span>
    </p>
   </div>
   <div class='ocr_carea' id='block_1_64' title="bbox 2280 3457 3902 3536">
    <p class='ocr_par' dir='ltr' id='par_1_64' title="bbox 2354 3464 3902 3536">
     <span class='ocr_line' id='line_1_65' title="bbox 2354 3464 3902 3536; baseline 0 -18"><span class='ocrx_word' id='word_1_458' title='bbox 2354 3466 2536 3536; x_wconf 73' lang='grc' dir='ltr'>φησὶν,</span> <span class='ocrx_word' id='word_1_459' title='bbox 2573 3467 2842 3534; x_wconf 83' lang='grc' dir='ltr'>ἀκονήσας</span> <span class='ocrx_word' id='word_1_460' title='bbox 2893 3465 2983 3518; x_wconf 81' lang='grc' dir='ltr'><strong>τὸν</strong></span> <span class='ocrx_word' id='word_1_461' title='bbox 3015 3465 3248 3535; x_wconf 77' lang='grc' dir='ltr'>ἐμαυτοῦ</span> <span class='ocrx_word' id='word_1_462' title='bbox 3284 3465 3404 3517; x_wconf 83' lang='grc' dir='ltr'>νοῦν</span> <span class='ocrx_word' id='word_1_463' title='bbox 3434 3467 3512 3527; x_wconf 82' lang='grc' dir='ltr'>εἰς</span> <span class='ocrx_word' id='word_1_464' title='bbox 3546 3465 3760 3517; x_wconf 86' lang='grc' dir='ltr'>σύνεσιν</span> <span class='ocrx_word' id='word_1_465' title='bbox 3798 3464 3902 3518; x_wconf 81' lang='grc' dir='ltr'>τῶν</span> 
     </span>
    </p>
   </div>
   <div class='ocr_carea' id='block_1_65' title="bbox 702 3544 2324 3624">
    <p class='ocr_par' dir='ltr' id='par_1_65' title="bbox 702 3544 2254 3622">
     <span class='ocr_line' id='line_1_66' title="bbox 702 3544 2254 3622; baseline -0.006 -14"><span class='ocrx_word' id='word_1_466' title='bbox 702 3551 1052 3622; x_wconf 86' lang='lat' dir='ltr'><strong>telligentiam</strong></span> <span class='ocrx_word' id='word_1_467' title='bbox 1102 3548 1482 3618; x_wconf 88' lang='lat' dir='ltr'><strong>parabolarum</strong></span> <span class='ocrx_word' id='word_1_468' title='bbox 1541 3544 1857 3611; x_wconf 85' lang='lat' dir='ltr'><strong>Salvatoris,</strong></span> <span class='ocrx_word' id='word_1_469' title='bbox 1908 3547 1960 3598; x_wconf 89' lang='lat' dir='ltr'><strong>in</strong></span> <span class='ocrx_word' id='word_1_470' title='bbox 1993 3546 2058 3600; x_wconf 91' lang='lat' dir='ltr'><strong>iis</strong></span> <span class='ocrx_word' id='word_1_471' title='bbox 2103 3560 2254 3600; x_wconf 87' lang='lat' dir='ltr'><strong>com-</strong></span> 
     </span>
    </p>
   </div>
   <div class='ocr_carea' id='block_1_66' title="bbox 2277 3544 3899 3624">
    <p class='ocr_par' dir='ltr' id='par_1_66' title="bbox 2355 3552 3899 3624">
     <span class='ocr_line' id='line_1_67' title="bbox 2355 3552 3899 3624; baseline -0.001 -17"><span class='ocrx_word' id='word_1_472' title='bbox 2355 3555 2632 3624; x_wconf 81' lang='grc' dir='ltr'><strong>σωτηρίων</strong></span> <span class='ocrx_word' id='word_1_473' title='bbox 2667 3553 3007 3624; x_wconf 80' lang='grc' dir='ltr'>παραϐολῶν,</span> <span class='ocrx_word' id='word_1_474' title='bbox 3028 3554 3321 3624; x_wconf 81' lang='grc' dir='ltr'>δεδύνημαι</span> <span class='ocrx_word' id='word_1_475' title='bbox 3361 3552 3789 3623; x_wconf 81' lang='grc' dir='ltr'>ἐπακολουθῆσαι</span> <span class='ocrx_word' id='word_1_476' title='bbox 3836 3556 3899 3623; x_wconf 83' lang='grc' dir='ltr'><strong>τῇ</strong></span> 
     </span>
    </p>
   </div>
   <div class='ocr_carea' id='block_1_67' title="bbox 700 3633 2322 3719">
    <p class='ocr_par' dir='ltr' id='par_1_67' title="bbox 700 3633 2253 3716">
     <span class='ocr_line' id='line_1_68' title="bbox 700 3633 2253 3716; baseline -0.006 -16"><span class='ocrx_word' id='word_1_477' title='bbox 700 3645 1021 3716; x_wconf 86' lang='lat' dir='ltr'><strong>prehensam</strong></span> <span class='ocrx_word' id='word_1_478' title='bbox 1049 3641 1368 3697; x_wconf 89' lang='lat' dir='ltr'><strong>sententiam</strong></span> <span class='ocrx_word' id='word_1_479' title='bbox 1407 3633 1620 3706; x_wconf 85' lang='lat' dir='ltr'><strong>assequi</strong></span> <span class='ocrx_word' id='word_1_480' title='bbox 1657 3639 1828 3707; x_wconf 87' lang='lat' dir='ltr'><strong>potui.</strong></span> <span class='ocrx_word' id='word_1_481' title='bbox 1862 3635 1930 3693; x_wconf 89' lang='lat' dir='ltr'><strong>lis</strong></span> <span class='ocrx_word' id='word_1_482' title='bbox 1955 3646 2133 3692; x_wconf 86' lang='lat' dir='ltr'><strong>autem</strong></span> <span class='ocrx_word' id='word_1_483' title='bbox 2162 3637 2253 3707; x_wconf 84' lang='lat' dir='ltr'><strong>qui</strong></span> 
     </span>
    </p>
   </div>
   <div class='ocr_carea' id='block_1_68' title="bbox 2281 3633 3903 3719">
    <p class='ocr_par' dir='ltr' id='par_1_68' title="bbox 2355 3645 3903 3719">
     <span class='ocr_line' id='line_1_69' title="bbox 2355 3645 3903 3719; baseline -0.001 -21"><span class='ocrx_word' id='word_1_484' title='bbox 2355 3645 2625 3719; x_wconf 85' lang='grc' dir='ltr'>φερομένῃ</span> <span class='ocrx_word' id='word_1_485' title='bbox 2660 3646 2840 3708; x_wconf 80' lang='grc' dir='ltr'>αὐτοῖς</span> <span class='ocrx_word' id='word_1_486' title='bbox 2867 3645 3073 3716; x_wconf 80' lang='grc' dir='ltr'>διανοίᾳ</span> <span class='ocrx_word' id='word_1_487' title='bbox 3093 3660 3108 3675; x_wconf 76' lang='grc'><strong><em>⁸</em></strong></span> <span class='ocrx_word' id='word_1_488' title='bbox 3133 3647 3245 3708; x_wconf 80' lang='grc' dir='ltr'>τοῖς</span> <span class='ocrx_word' id='word_1_489' title='bbox 3279 3645 3334 3698; x_wconf 85' lang='grc' dir='ltr'>δὲ</span> <span class='ocrx_word' id='word_1_490' title='bbox 3367 3645 3439 3717; x_wconf 83' lang='grc' dir='ltr'>μὴ</span> <span class='ocrx_word' id='word_1_491' title='bbox 3465 3645 3621 3698; x_wconf 88' lang='grc' dir='ltr'>τοῦτο</span> <span class='ocrx_word' id='word_1_492' title='bbox 3650 3645 3903 3717; x_wconf 85' lang='grc' dir='ltr'>πράττειν</span> 
     </span>
    </p>
   </div>
   <div class='ocr_carea' id='block_1_69' title="bbox 701 3728 2323 3808">
    <p class='ocr_par' dir='ltr' id='par_1_69' title="bbox 701 3728 2254 3804">
     <span class='ocr_line' id='line_1_70' title="bbox 701 3728 2254 3804; baseline -0.005 -14"><span class='ocrx_word' id='word_1_493' title='bbox 701 3736 756 3790; x_wconf 91' lang='lat' dir='ltr'><strong>id</strong></span> <span class='ocrx_word' id='word_1_494' title='bbox 795 3748 954 3804; x_wconf 86' lang='lat' dir='ltr'><strong>agere</strong></span> <span class='ocrx_word' id='word_1_495' title='bbox 981 3733 1051 3787; x_wconf 91' lang='lat' dir='ltr'><strong>ob</strong></span> <span class='ocrx_word' id='word_1_496' title='bbox 1095 3731 1375 3785; x_wconf 76' lang='lat' dir='ltr'><strong>infantiam</strong></span> <span class='ocrx_word' id='word_1_497' title='bbox 1408 3744 1513 3783; x_wconf 88' lang='lat' dir='ltr'><strong>non</strong></span> <span class='ocrx_word' id='word_1_498' title='bbox 1543 3728 1722 3781; x_wconf 88' lang='lat' dir='ltr'><strong>valent</strong></span> <span class='ocrx_word' id='word_1_499' title='bbox 1761 3729 2000 3798; x_wconf 88' lang='lat' dir='ltr'><strong>aperiam</strong></span> <span class='ocrx_word' id='word_1_500' title='bbox 2037 3743 2098 3783; x_wconf 86' lang='lat' dir='ltr'><strong>ea</strong></span> <span class='ocrx_word' id='word_1_501' title='bbox 2133 3743 2254 3798; x_wconf 69' lang='lat' dir='ltr'><strong>qua:</strong></span> 
     </span>
    </p>
   </div>
   <div class='ocr_carea' id='block_1_70' title="bbox 2280 3728 3902 3808">
    <p class='ocr_par' dir='ltr' id='par_1_70' title="bbox 2353 3736 3902 3808">
     <span class='ocr_line' id='line_1_71' title="bbox 2353 3736 3902 3808; baseline -0.001 -18"><span class='ocrx_word' id='word_1_502' title='bbox 2353 3738 2667 3808; x_wconf 89' lang='grc' dir='ltr'>δυναμένοις</span> <span class='ocrx_word' id='word_1_503' title='bbox 2688 3736 2775 3790; x_wconf 84' lang='grc' dir='ltr'><strong>διὰ</strong></span> <span class='ocrx_word' id='word_1_504' title='bbox 2795 3737 3090 3808; x_wconf 74' lang='grc' dir='ltr'><strong>νηπιότητα</strong></span> <span class='ocrx_word' id='word_1_505' title='bbox 3114 3737 3307 3803; x_wconf 78' lang='grc' dir='ltr'>ἀνοίξω</span> <span class='ocrx_word' id='word_1_506' title='bbox 3324 3737 3393 3790; x_wconf 90' lang='grc' dir='ltr'><strong>τά</strong></span> <span class='ocrx_word' id='word_1_507' title='bbox 3420 3737 3796 3808; x_wconf 83' lang='grc' dir='ltr'>κεκλεισμένα,</span> <span class='ocrx_word' id='word_1_508' title='bbox 3814 3738 3902 3791; x_wconf 77' lang='grc' dir='ltr'>καὶ</span> 
     </span>
    </p>
   </div>
   <div class='ocr_carea' id='block_1_71' title="bbox 702 3819 2324 3901">
    <p class='ocr_par' dir='ltr' id='par_1_71' title="bbox 702 3819 2258 3892">
     <span class='ocr_line' id='line_1_72' title="bbox 702 3819 2258 3892; baseline -0.006 -10"><span class='ocrx_word' id='word_1_509' title='bbox 702 3827 884 3882; x_wconf 87' lang='lat' dir='ltr'><strong>clausa</strong></span> <span class='ocrx_word' id='word_1_510' title='bbox 913 3832 1069 3890; x_wconf 87' lang='lat' dir='ltr'><strong>sunt,</strong></span> <span class='ocrx_word' id='word_1_511' title='bbox 1102 3832 1155 3877; x_wconf 90' lang='lat' dir='ltr'><strong>et</strong></span> <span class='ocrx_word' id='word_1_512' title='bbox 1205 3822 1534 3892; x_wconf 88' lang='lat' dir='ltr'><strong>problemata</strong></span> <span class='ocrx_word' id='word_1_513' title='bbox 1580 3819 1863 3889; x_wconf 79' lang='lat' dir='ltr'><strong>explicabo</strong></span> <span class='ocrx_word' id='word_1_514' title='bbox 1913 3829 2073 3887; x_wconf 86' lang='lat' dir='ltr'><strong>atque</strong></span> <span class='ocrx_word' id='word_1_515' title='bbox 2106 3835 2258 3888; x_wconf 90' lang='lat' dir='ltr'><strong>para-</strong></span> 
     </span>
    </p>
   </div>
   <div class='ocr_carea' id='block_1_72' title="bbox 2281 3819 3903 3901">
    <p class='ocr_par' dir='ltr' id='par_1_72' title="bbox 2353 3828 3903 3901">
     <span class='ocr_line' id='line_1_73' title="bbox 2353 3828 3903 3901; baseline -0.001 -20"><span class='ocrx_word' id='word_1_516' title='bbox 2353 3829 2670 3900; x_wconf 80' lang='grc' dir='ltr'>διασαφήσω</span> <span class='ocrx_word' id='word_1_517' title='bbox 2691 3830 2758 3883; x_wconf 84' lang='grc' dir='ltr'>τὰ</span> <span class='ocrx_word' id='word_1_518' title='bbox 2792 3831 3147 3901; x_wconf 83' lang='grc' dir='ltr'>προϐλήματα</span> <span class='ocrx_word' id='word_1_519' title='bbox 3179 3832 3271 3884; x_wconf 78' lang='grc' dir='ltr'>καὶ</span> <span class='ocrx_word' id='word_1_520' title='bbox 3301 3829 3398 3892; x_wconf 90' lang='grc' dir='ltr'><strong>τάς</strong></span> <span class='ocrx_word' id='word_1_521' title='bbox 3429 3828 3760 3900; x_wconf 77' lang='grc' dir='ltr'>παραϐολάς.</span> <span class='ocrx_word' id='word_1_522' title='bbox 3800 3830 3903 3882; x_wconf 76' lang='grc' dir='ltr'><strong>Καὶ</strong></span> 
     </span>
    </p>
   </div>
   <div class='ocr_carea' id='block_1_73' title="bbox 699 3913 2321 3992">
    <p class='ocr_par' dir='ltr' id='par_1_73' title="bbox 699 3913 2256 3984">
     <span class='ocr_line' id='line_1_74' title="bbox 699 3913 2256 3984; baseline -0.004 -10"><span class='ocrx_word' id='word_1_523' title='bbox 699 3919 873 3974; x_wconf 87' lang='lat' dir='ltr'><strong>bolas.</strong></span> <span class='ocrx_word' id='word_1_524' title='bbox 946 3916 1071 3971; x_wconf 67' lang='lat' dir='ltr'><strong>Haec</strong></span> <span class='ocrx_word' id='word_1_525' title='bbox 1129 3924 1306 3971; x_wconf 87' lang='lat' dir='ltr'><strong>autem</strong></span> <span class='ocrx_word' id='word_1_526' title='bbox 1368 3929 1463 3984; x_wconf 88' lang='lat' dir='ltr'><strong>per</strong></span> <span class='ocrx_word' id='word_1_527' title='bbox 1520 3913 1833 3980; x_wconf 85' lang='lat' dir='ltr'><strong>psalterium</strong></span> <span class='ocrx_word' id='word_1_528' title='bbox 1894 3913 2006 3967; x_wconf 81' lang='lat' dir='ltr'><strong>sive</strong></span> <span class='ocrx_word' id='word_1_529' title='bbox 2060 3926 2256 3982; x_wconf 86' lang='lat' dir='ltr'><strong>corpus</strong></span> 
     </span>
    </p>
   </div>
   <div class='ocr_carea' id='block_1_74' title="bbox 2283 3913 3905 3992">
    <p class='ocr_par' dir='ltr' id='par_1_74' title="bbox 2352 3918 3905 3992">
     <span class='ocr_line' id='line_1_75' title="bbox 2352 3918 3905 3992; baseline 0.002 -20"><span class='ocrx_word' id='word_1_530' title='bbox 2352 3918 2526 3974; x_wconf 85' lang='grc' dir='ltr'>ταῦτα</span> <span class='ocrx_word' id='word_1_531' title='bbox 2547 3921 2735 3989; x_wconf 78' lang='grc' dir='ltr'>πράξω</span> <span class='ocrx_word' id='word_1_532' title='bbox 2769 3921 2857 3973; x_wconf 82' lang='grc' dir='ltr'><strong>διὰ</strong></span> <span class='ocrx_word' id='word_1_533' title='bbox 2882 3920 2974 3973; x_wconf 88' lang='grc' dir='ltr'><strong>τοῦ</strong></span> <span class='ocrx_word' id='word_1_534' title='bbox 2996 3921 3230 3991; x_wconf 80' lang='grc' dir='ltr'><strong>ἐμαυτοῦ</strong></span> <span class='ocrx_word' id='word_1_535' title='bbox 3252 3920 3568 3992; x_wconf 74' lang='grc' dir='ltr'>ψαλτηρίου,</span> <span class='ocrx_word' id='word_1_536' title='bbox 3600 3920 3692 3974; x_wconf 91' lang='grc' dir='ltr'>τοῦ</span> <span class='ocrx_word' id='word_1_537' title='bbox 3725 3921 3905 3992; x_wconf 83' lang='grc' dir='ltr'>σώμα-</span> 
     </span>
    </p>
   </div>
   <div class='ocr_carea' id='block_1_75' title="bbox 701 4005 2323 4087">
    <p class='ocr_par' dir='ltr' id='par_1_75' title="bbox 701 4005 2258 4076">
     <span class='ocr_line' id='line_1_76' title="bbox 701 4005 2258 4076; baseline -0.006 -9"><span class='ocrx_word' id='word_1_538' title='bbox 701 4028 882 4067; x_wconf 78' lang='grc' dir='ltr'>ῐιιειιιῐι</span> <span class='ocrx_word' id='word_1_539' title='bbox 920 4009 1167 4070; x_wconf 80' lang='lat' dir='ltr'><strong>efﬁciam,</strong></span> <span class='ocrx_word' id='word_1_540' title='bbox 1214 4007 1356 4076; x_wconf 90' lang='lat' dir='ltr'><strong>quod</strong></span> <span class='ocrx_word' id='word_1_541' title='bbox 1389 4005 1544 4075; x_wconf 88' lang='lat' dir='ltr'><strong>quasi</strong></span> <span class='ocrx_word' id='word_1_542' title='bbox 1592 4018 1851 4073; x_wconf 88' lang='lat' dir='ltr'><strong>organum</strong></span> <span class='ocrx_word' id='word_1_543' title='bbox 1916 4011 2152 4067; x_wconf 86' lang='lat' dir='ltr'><strong>resonat,</strong></span> <span class='ocrx_word' id='word_1_544' title='bbox 2204 4012 2258 4058; x_wconf 87' lang='lat' dir='ltr'><strong>et</strong></span> 
     </span>
    </p>
   </div>
   <div class='ocr_carea' id='block_1_76' title="bbox 2281 4005 3903 4087">
    <p class='ocr_par' dir='ltr' id='par_1_76' title="bbox 2353 4009 3903 4087">
     <span class='ocr_line' id='line_1_77' title="bbox 2353 4009 3903 4087; baseline 0.003 -23"><span class='ocrx_word' id='word_1_545' title='bbox 2353 4030 2442 4075; x_wconf 88' lang='grc' dir='ltr'><strong>τος</strong></span> <span class='ocrx_word' id='word_1_546' title='bbox 2469 4012 2690 4083; x_wconf 78' lang='grc' dir='ltr'>δηλαδὴ,</span> <span class='ocrx_word' id='word_1_547' title='bbox 2732 4012 2960 4083; x_wconf 74' lang='grc' dir='ltr'>ὀργάνου</span> <span class='ocrx_word' id='word_1_548' title='bbox 3008 4013 3160 4085; x_wconf 84' lang='grc' dir='ltr'>δίκην</span> <span class='ocrx_word' id='word_1_549' title='bbox 3198 4013 3554 4084; x_wconf 81' lang='grc' dir='ltr'>ὲπηχοῦντος,</span> <span class='ocrx_word' id='word_1_550' title='bbox 3584 4014 3648 4068; x_wconf 86' lang='grc' dir='ltr'><strong>δι’</strong></span> <span class='ocrx_word' id='word_1_551' title='bbox 3677 4009 3740 4069; x_wconf 82' lang='grc' dir='ltr'><strong>οῦ</strong></span> <span class='ocrx_word' id='word_1_552' title='bbox 3772 4015 3903 4087; x_wconf 75' lang='grc' dir='ltr'>πρὸς</span> 
     </span>
    </p>
   </div>
   <div class='ocr_carea' id='block_1_77' title="bbox 701 4095 2323 4180">
    <p class='ocr_par' dir='ltr' id='par_1_77' title="bbox 701 4095 2254 4172">
     <span class='ocr_line' id='line_1_78' title="bbox 701 4095 2254 4172; baseline -0.006 -14"><span class='ocrx_word' id='word_1_553' title='bbox 701 4119 815 4172; x_wconf 76' lang='lat' dir='ltr'><strong>quo</strong></span> <span class='ocrx_word' id='word_1_554' title='bbox 856 4101 1034 4157; x_wconf 87' lang='lat' dir='ltr'><strong>anima</strong></span> <span class='ocrx_word' id='word_1_555' title='bbox 1081 4113 1198 4154; x_wconf 90' lang='lat' dir='ltr'><strong>mea</strong></span> <span class='ocrx_word' id='word_1_556' title='bbox 1242 4097 1309 4152; x_wconf 91' lang='lat' dir='ltr'><strong>ad</strong></span> <span class='ocrx_word' id='word_1_557' title='bbox 1366 4099 1624 4168; x_wconf 86' lang='lat' dir='ltr'><strong>hymnum</strong></span> <span class='ocrx_word' id='word_1_558' title='bbox 1680 4095 1906 4151; x_wconf 82' lang='lat' dir='ltr'><strong>vertitur</strong></span> <span class='ocrx_word' id='word_1_559' title='bbox 1963 4097 2254 4150; x_wconf 85' lang='lat' dir='ltr'><strong>concinen-</strong></span> 
     </span>
    </p>
   </div>
   <div class='ocr_carea' id='block_1_78' title="bbox 2282 4095 3904 4180">
    <p class='ocr_par' dir='ltr' id='par_1_78' title="bbox 2355 4105 3904 4180">
     <span class='ocr_line' id='line_1_79' title="bbox 2355 4105 3904 4180; baseline 0.001 -23"><span class='ocrx_word' id='word_1_560' title='bbox 2355 4105 2521 4173; x_wconf 80' lang='grc' dir='ltr'>ὕμνον</span> <span class='ocrx_word' id='word_1_561' title='bbox 2549 4106 2806 4178; x_wconf 86' lang='grc' dir='ltr'>τρέπεται</span> <span class='ocrx_word' id='word_1_562' title='bbox 2839 4105 3058 4178; x_wconf 76' lang='grc' dir='ltr'>ἡψυχὴ,</span> <span class='ocrx_word' id='word_1_563' title='bbox 3093 4106 3159 4159; x_wconf 86' lang='grc' dir='ltr'><strong>δι’</strong></span> <span class='ocrx_word' id='word_1_564' title='bbox 3187 4107 3412 4160; x_wconf 79' lang='grc' dir='ltr'>ἑκάστου</span> <span class='ocrx_word' id='word_1_565' title='bbox 3444 4108 3798 4180; x_wconf 72' lang='grc' dir='ltr'><strong>αἰσθητηρίου</strong></span> <span class='ocrx_word' id='word_1_566' title='bbox 3815 4106 3904 4161; x_wconf 84' lang='grc' dir='ltr'>καὶ</span> 
     </span>
    </p>
   </div>
   <div class='ocr_carea' id='block_1_79' title="bbox 705 4184 2327 4269">
    <p class='ocr_par' dir='ltr' id='par_1_79' title="bbox 705 4184 2255 4263">
     <span class='ocr_line' id='line_1_80' title="bbox 705 4184 2255 4263; baseline -0.007 -14"><span class='ocrx_word' id='word_1_567' title='bbox 705 4198 853 4260; x_wconf 88' lang='lat' dir='ltr'><strong>dum,</strong></span> <span class='ocrx_word' id='word_1_568' title='bbox 883 4206 978 4263; x_wconf 87' lang='lat' dir='ltr'><strong>per</strong></span> <span class='ocrx_word' id='word_1_569' title='bbox 1004 4190 1248 4261; x_wconf 89' lang='lat' dir='ltr'><strong>singulos</strong></span> <span class='ocrx_word' id='word_1_570' title='bbox 1286 4203 1498 4252; x_wconf 87' lang='lat' dir='ltr'><strong>sensus,</strong></span> <span class='ocrx_word' id='word_1_571' title='bbox 1527 4186 1770 4241; x_wconf 88' lang='lat' dir='ltr'><strong>membra</strong></span> <span class='ocrx_word' id='word_1_572' title='bbox 1794 4193 2083 4255; x_wconf 85' lang='lat' dir='ltr'><strong>partesque</strong></span> <span class='ocrx_word' id='word_1_573' title='bbox 2114 4184 2255 4254; x_wconf 87' lang='lat' dir='ltr'><strong>peri-</strong></span> 
     </span>
    </p>
   </div>
   <div class='ocr_carea' id='block_1_80' title="bbox 2029 4184 3651 4269">
    <p class='ocr_par' dir='ltr' id='par_1_80' title="bbox 2029 4184 3651 4269">
     <span class='ocr_line' id='line_1_81' title="bbox 2029 4184 3651 4269; baseline 0.002 -22"><span class='ocrx_word' id='word_1_574' title='bbox 2029 4200 2083 4239; x_wconf 73' lang='lat' dir='ltr'><strong>‘le</strong></span> <span class='ocrx_word' id='word_1_575' title='bbox 2114 4184 2255 4254; x_wconf 74' lang='grc' dir='ltr'><strong>Ρετί·</strong></span> <span class='ocrx_word' id='word_1_576' title='bbox 2357 4199 2548 4268; x_wconf 89' lang='grc' dir='ltr'>μέλους</span> <span class='ocrx_word' id='word_1_577' title='bbox 2588 4198 2679 4251; x_wconf 79' lang='grc' dir='ltr'><strong>καὶ</strong></span> <span class='ocrx_word' id='word_1_578' title='bbox 2705 4198 2900 4268; x_wconf 82' lang='grc' dir='ltr'>μέρους</span> <span class='ocrx_word' id='word_1_579' title='bbox 2940 4199 3311 4269; x_wconf 74' lang='grc' dir='ltr'>ἐπιστημόνως</span> <span class='ocrx_word' id='word_1_580' title='bbox 3345 4200 3651 4269; x_wconf 88' lang='grc' dir='ltr'>κινουμένη.</span> 
     </span>
    </p>
   </div>
   <div class='ocr_carea' id='block_1_81' title="bbox 705 4287 1111 4344">
    <p class='ocr_par' dir='ltr' id='par_1_81' title="bbox 705 4287 1111 4344">
     <span class='ocr_line' id='line_1_82' title="bbox 705 4287 1111 4344; baseline -0.017 -2"><span class='ocrx_word' id='word_1_581' title='bbox 705 4287 913 4344; x_wconf 87' lang='lat' dir='ltr'><strong>tissime</strong></span> <span class='ocrx_word' id='word_1_582' title='bbox 945 4291 1111 4338; x_wconf 88' lang='lat' dir='ltr'><strong>mota.</strong></span> 
     </span>
    </p>
   </div>
   <div class='ocr_carea' id='block_1_82' title="bbox 775 4367 2397 4442">
    <p class='ocr_par' dir='ltr' id='par_1_82' title="bbox 775 4367 2257 4440">
     <span class='ocr_line' id='line_1_83' title="bbox 775 4367 2257 4440; baseline -0.004 -8"><span class='ocrx_word' id='word_1_583' title='bbox 775 4379 828 4433; x_wconf 84' lang='lat'><em>6.</em></span> <span class='ocrx_word' id='word_1_584' title='bbox 887 4376 995 4432; x_wconf 83' lang='lat' dir='ltr'><strong>Cur</strong></span> <span class='ocrx_word' id='word_1_585' title='bbox 1028 4372 1212 4428; x_wconf 81' lang='lat' dir='ltr'><strong>timebo</strong></span> <span class='ocrx_word' id='word_1_586' title='bbox 1241 4373 1294 4425; x_wconf 83' lang='lat' dir='ltr'><strong>in</strong></span> <span class='ocrx_word' id='word_1_587' title='bbox 1325 4372 1407 4424; x_wconf 87' lang='lat' dir='ltr'><strong>die</strong></span> <span class='ocrx_word' id='word_1_588' title='bbox 1451 4370 1635 4423; x_wconf 74' lang='lat' dir='ltr'><strong>mala?</strong></span> <span class='ocrx_word' id='word_1_589' title='bbox 1663 4367 1800 4422; x_wconf 80' lang='lat' dir='ltr'><strong>Hine</strong></span> <span class='ocrx_word' id='word_1_590' title='bbox 1840 4370 2074 4437; x_wconf 88' lang='lat' dir='ltr'><strong>orditur,</strong></span> <span class='ocrx_word' id='word_1_591' title='bbox 2106 4381 2257 4440; x_wconf 88' lang='lat' dir='ltr'><strong>post-</strong></span> 
     </span>
    </p>
   </div>
   <div class='ocr_carea' id='block_1_83' title="bbox 2283 4367 3905 4442">
    <p class='ocr_par' dir='ltr' id='par_1_83' title="bbox 2425 4372 3905 4442">
     <span class='ocr_line' id='line_1_84' title="bbox 2425 4372 3905 4442; baseline 0.001 -14"><span class='ocrx_word' id='word_1_592' title='bbox 2425 4376 2549 4429; x_wconf 88' lang='grc' dir='ltr'><strong>Ἵνα</strong></span> <span class='ocrx_word' id='word_1_593' title='bbox 2569 4375 2623 4426; x_wconf 82' lang='grc' dir='ltr'><strong>τί</strong></span> <span class='ocrx_word' id='word_1_594' title='bbox 2656 4372 2943 4442; x_wconf 63' lang='grc' dir='ltr'>φοϐοῦμαι</span> <span class='ocrx_word' id='word_1_595' title='bbox 2983 4373 3052 4425; x_wconf 87' lang='grc' dir='ltr'><strong>ἐν</strong></span> <span class='ocrx_word' id='word_1_596' title='bbox 3086 4373 3273 4442; x_wconf 80' lang='grc' dir='ltr'>ἡμέρᾳ</span> <span class='ocrx_word' id='word_1_597' title='bbox 3320 4373 3584 4442; x_wconf 75' lang='grc' dir='ltr'>πονηρᾷ;</span> <span class='ocrx_word' id='word_1_598' title='bbox 3631 4375 3905 4430; x_wconf 80' lang='grc' dir='ltr'>Ἐντεῦθεν</span> 
     </span>
    </p>
   </div>
   <div class='ocr_carea' id='block_1_84' title="bbox 704 4460 2326 4541">
    <p class='ocr_par' dir='ltr' id='par_1_84' title="bbox 704 4460 2256 4541">
     <span class='ocr_line' id='line_1_85' title="bbox 704 4460 2256 4541; baseline -0.003 -19"><span class='ocrx_word' id='word_1_599' title='bbox 704 4484 868 4541; x_wconf 81' lang='lat' dir='ltr'><strong>quam</strong></span> <span class='ocrx_word' id='word_1_600' title='bbox 901 4467 1131 4537; x_wconf 88' lang='lat' dir='ltr'><strong>priorem</strong></span> <span class='ocrx_word' id='word_1_601' title='bbox 1175 4463 1435 4519; x_wconf 61' lang='lat' dir='ltr'><strong>doctrinae</strong></span> <span class='ocrx_word' id='word_1_602' title='bbox 1469 4470 1676 4532; x_wconf 89' lang='lat' dir='ltr'><strong>partem</strong></span> <span class='ocrx_word' id='word_1_603' title='bbox 1739 4476 1836 4516; x_wconf 90' lang='lat' dir='ltr'><strong>ceu</strong></span> <span class='ocrx_word' id='word_1_604' title='bbox 1888 4460 1941 4515; x_wconf 92' lang='lat' dir='ltr'><strong>in</strong></span> <span class='ocrx_word' id='word_1_605' title='bbox 1991 4464 2256 4532; x_wconf 78' lang='lat' dir='ltr'><strong>prommio</strong></span> 
     </span>
    </p>
   </div>
   <div class='ocr_carea' id='block_1_85' title="bbox 2282 4460 3904 4541">
    <p class='ocr_par' dir='ltr' id='par_1_85' title="bbox 2359 4462 3904 4536">
     <span class='ocr_line' id='line_1_86' title="bbox 2359 4462 3904 4536; baseline -0.003 -16"><span class='ocrx_word' id='word_1_606' title='bbox 2359 4466 2605 4536; x_wconf 77' lang='grc' dir='ltr'>ἄρχεται,</span> <span class='ocrx_word' id='word_1_607' title='bbox 2634 4465 2731 4533; x_wconf 82' lang='grc' dir='ltr'><strong>τῆς</strong></span> <span class='ocrx_word' id='word_1_608' title='bbox 2756 4462 3100 4526; x_wconf 86' lang='grc' dir='ltr'>διδασκαλίας</span> <span class='ocrx_word' id='word_1_609' title='bbox 3125 4462 3194 4515; x_wconf 84' lang='grc' dir='ltr'>τὰ</span> <span class='ocrx_word' id='word_1_610' title='bbox 3217 4463 3402 4534; x_wconf 82' lang='grc' dir='ltr'>πρῶτα</span> <span class='ocrx_word' id='word_1_611' title='bbox 3423 4463 3496 4527; x_wconf 79' lang='grc' dir='ltr'>ὡς</span> <span class='ocrx_word' id='word_1_612' title='bbox 3519 4465 3574 4515; x_wconf 81' lang='grc' dir='ltr'><strong>ὲν</strong></span> <span class='ocrx_word' id='word_1_613' title='bbox 3605 4465 3904 4534; x_wconf 84' lang='grc' dir='ltr'>προοιμίοις</span> 
     </span>
    </p>
   </div>
   <div class='ocr_carea' id='block_1_86' title="bbox 703 4553 2325 4632">
    <p class='ocr_par' dir='ltr' id='par_1_86' title="bbox 703 4554 2325 4632">
     <span class='ocr_line' id='line_1_87' title="bbox 703 4554 2325 4632; baseline -0.005 -16"><span class='ocrx_word' id='word_1_614' title='bbox 703 4560 975 4632; x_wconf 75' lang='lat' dir='ltr'><strong>expendit.</strong></span> <span class='ocrx_word' id='word_1_615' title='bbox 1037 4556 1258 4611; x_wconf 90' lang='lat' dir='ltr'><strong>Orditur</strong></span> <span class='ocrx_word' id='word_1_616' title='bbox 1292 4563 1471 4609; x_wconf 88' lang='lat' dir='ltr'><strong>autem</strong></span> <span class='ocrx_word' id='word_1_617' title='bbox 1520 4568 1616 4623; x_wconf 91' lang='lat' dir='ltr'><strong>per</strong></span> <span class='ocrx_word' id='word_1_618' title='bbox 1661 4554 2156 4624; x_wconf 84' lang='lat' dir='ltr'><strong>interrogationem,</strong></span> <span class='ocrx_word' id='word_1_619' title='bbox 2196 4564 2255 4609; x_wconf 89' lang='lat' dir='ltr'><strong>ut</strong></span> <span class='ocrx_word' id='word_1_620' title='bbox 2284 4575 2325 4631; x_wconf 75' lang='grc' dir='ltr'><strong>ι)</strong></span> 
     </span>
    </p>
   </div>
   <div class='ocr_carea' id='block_1_87' title="bbox 2284 4553 3906 4632">
    <p class='ocr_par' dir='ltr' id='par_1_87' title="bbox 2284 4553 3906 4631">
     <span class='ocr_line' id='line_1_88' title="bbox 2284 4553 3906 4631; baseline -0.001 -22"><span class='ocrx_word' id='word_1_621' title='bbox 2284 4575 2329 4631; x_wconf 83' lang='grc' dir='ltr'><strong>ι)</strong></span> <span class='ocrx_word' id='word_1_622' title='bbox 2357 4556 2699 4628; x_wconf 80' lang='grc' dir='ltr'>διαλαλήσας.</span> <span class='ocrx_word' id='word_1_623' title='bbox 2740 4556 2996 4625; x_wconf 73' lang='grc' dir='ltr'>Ἀρχεται</span> <span class='ocrx_word' id='word_1_624' title='bbox 3021 4554 3077 4606; x_wconf 83' lang='grc' dir='ltr'>δὲ</span> <span class='ocrx_word' id='word_1_625' title='bbox 3103 4556 3220 4606; x_wconf 78' lang='grc' dir='ltr'>κατ’</span> <span class='ocrx_word' id='word_1_626' title='bbox 3247 4553 3529 4626; x_wconf 72' lang='grc' dir='ltr'>ἐρώτησιν,</span> <span class='ocrx_word' id='word_1_627' title='bbox 3557 4555 3640 4607; x_wconf 79' lang='grc' dir='ltr'>ἵνα</span> <span class='ocrx_word' id='word_1_628' title='bbox 3657 4556 3749 4607; x_wconf 78' lang='grc' dir='ltr'>καὶ</span> <span class='ocrx_word' id='word_1_629' title='bbox 3776 4556 3906 4608; x_wconf 86' lang='grc' dir='ltr'>ἀπό-</span> 
     </span>
    </p>
   </div>
   <div class='ocr_carea' id='block_1_88' title="bbox 704 4642 2326 4722">
    <p class='ocr_par' dir='ltr' id='par_1_88' title="bbox 704 4642 2252 4722">
     <span class='ocr_line' id='line_1_89' title="bbox 704 4642 2252 4722; baseline -0.006 -13"><span class='ocrx_word' id='word_1_630' title='bbox 704 4650 1113 4722; x_wconf 86' lang='lat' dir='ltr'><strong>respousionem</strong></span> <span class='ocrx_word' id='word_1_631' title='bbox 1159 4646 1405 4715; x_wconf 88' lang='lat' dir='ltr'><strong>accipiat.</strong></span> <span class='ocrx_word' id='word_1_632' title='bbox 1455 4642 1579 4698; x_wconf 63' lang='lat' dir='ltr'><strong>Haec</strong></span> <span class='ocrx_word' id='word_1_633' title='bbox 1609 4653 1788 4699; x_wconf 88' lang='lat' dir='ltr'><strong>autem</strong></span> <span class='ocrx_word' id='word_1_634' title='bbox 1836 4654 1919 4700; x_wconf 86' lang='lat' dir='ltr'><strong>est</strong></span> <span class='ocrx_word' id='word_1_635' title='bbox 1954 4645 2252 4717; x_wconf 88' lang='lat' dir='ltr'><strong>interroga-</strong></span> 
     </span>
    </p>
   </div>
   <div class='ocr_carea' id='block_1_89' title="bbox 2281 4642 3903 4722">
    <p class='ocr_par' dir='ltr' id='par_1_89' title="bbox 2361 4644 3903 4720">
     <span class='ocr_line' id='line_1_90' title="bbox 2361 4644 3903 4720; baseline -0.001 -19"><span class='ocrx_word' id='word_1_636' title='bbox 2361 4665 2539 4720; x_wconf 87' lang='grc' dir='ltr'>κρισιν</span> <span class='ocrx_word' id='word_1_637' title='bbox 2586 4646 2757 4701; x_wconf 80' lang='grc' dir='ltr'>λάϐοι.</span> <span class='ocrx_word' id='word_1_638' title='bbox 2814 4647 2878 4698; x_wconf 80' lang='grc' dir='ltr'><strong>Ἦ</strong></span> <span class='ocrx_word' id='word_1_639' title='bbox 2914 4645 2969 4698; x_wconf 82' lang='grc' dir='ltr'>δὲ</span> <span class='ocrx_word' id='word_1_640' title='bbox 2998 4644 3261 4716; x_wconf 79' lang='grc' dir='ltr'>ἐρώτησίς</span> <span class='ocrx_word' id='word_1_641' title='bbox 3292 4648 3435 4698; x_wconf 76' lang='grc' dir='ltr'>ἐστιν</span> <span class='ocrx_word' id='word_1_642' title='bbox 3470 4646 3608 4717; x_wconf 79' lang='grc' dir='ltr'>αῦτη</span> <span class='ocrx_word' id='word_1_643' title='bbox 3631 4662 3644 4676; x_wconf 83' lang='grc'>⁶</span> <span class='ocrx_word' id='word_1_644' title='bbox 3685 4648 3820 4702; x_wconf 81' lang='grc' dir='ltr'><strong>Ἵνα</strong></span> <span class='ocrx_word' id='word_1_645' title='bbox 3851 4648 3903 4700; x_wconf 82' lang='grc' dir='ltr'><strong>τί</strong></span> 
     </span>
    </p>
   </div>
   <div class='ocr_carea' id='block_1_90' title="bbox 705 4736 2327 4809">
    <p class='ocr_par' dir='ltr' id='par_1_90' title="bbox 705 4736 2254 4809">
     <span class='ocr_line' id='line_1_91' title="bbox 705 4736 2254 4809; baseline -0.003 -10"><span class='ocrx_word' id='word_1_646' title='bbox 705 4747 803 4800; x_wconf 92' lang='lat' dir='ltr'><strong>tio.</strong></span> <span class='ocrx_word' id='word_1_647' title='bbox 843 4743 953 4798; x_wconf 86' lang='lat' dir='ltr'><strong>Cur</strong></span> <span class='ocrx_word' id='word_1_648' title='bbox 987 4740 1216 4795; x_wconf 82' lang='lat' dir='ltr'><strong>timebo?</strong></span> <span class='ocrx_word' id='word_1_649' title='bbox 1243 4753 1366 4792; x_wconf 91' lang='lat' dir='ltr'><strong>nam</strong></span> <span class='ocrx_word' id='word_1_650' title='bbox 1401 4736 1466 4791; x_wconf 91' lang='lat' dir='ltr'><strong>ad</strong></span> <span class='ocrx_word' id='word_1_651' title='bbox 1502 4751 1690 4792; x_wconf 84' lang='lat' dir='ltr'><strong>vocem</strong></span> <span class='ocrx_word' id='word_1_652' title='bbox 1731 4737 1939 4802; x_wconf 84' lang='lat' dir='ltr'><strong>timebo,</strong></span> <span class='ocrx_word' id='word_1_653' title='bbox 1976 4739 2254 4809; x_wconf 88' lang='lat' dir='ltr'><strong>interpun-</strong></span> 
     </span>
    </p>
   </div>
   <div class='ocr_carea' id='block_1_91' title="bbox 2280 4736 3902 4809">
    <p class='ocr_par' dir='ltr' id='par_1_91' title="bbox 2360 4737 3902 4809">
     <span class='ocr_line' id='line_1_92' title="bbox 2360 4737 3902 4809; baseline -0.003 -15"><span class='ocrx_word' id='word_1_654' title='bbox 2360 4739 2650 4809; x_wconf 78' lang='grc' dir='ltr'>φοϐοῦμαι</span> <span class='ocrx_word' id='word_1_655' title='bbox 2676 4755 2692 4802; x_wconf 87' lang='grc'><em>;</em></span> <span class='ocrx_word' id='word_1_656' title='bbox 2718 4737 2878 4809; x_wconf 86' lang='grc' dir='ltr'>μέχρι</span> <span class='ocrx_word' id='word_1_657' title='bbox 2916 4737 3023 4808; x_wconf 87' lang='grc' dir='ltr'><strong>γάρ</strong></span> <span class='ocrx_word' id='word_1_658' title='bbox 3048 4737 3140 4789; x_wconf 87' lang='grc' dir='ltr'><strong>τοῦ</strong></span> <span class='ocrx_word' id='word_1_659' title='bbox 3172 4737 3458 4807; x_wconf 72' lang='grc' dir='ltr'>φοϐοῦμαι</span> <span class='ocrx_word' id='word_1_660' title='bbox 3489 4737 3568 4790; x_wconf 77' lang='grc' dir='ltr'><strong>δεῖ</strong></span> <span class='ocrx_word' id='word_1_661' title='bbox 3597 4737 3791 4803; x_wconf 79' lang='grc' dir='ltr'>στίξαι,</span> <span class='ocrx_word' id='word_1_662' title='bbox 3821 4739 3902 4790; x_wconf 77' lang='grc' dir='ltr'>ἵνα</span> 
     </span>
    </p>
   </div>
   <div class='ocr_carea' id='block_1_92' title="bbox 704 4827 2326 4906">
    <p class='ocr_par' dir='ltr' id='par_1_92' title="bbox 704 4827 2250 4906">
     <span class='ocr_line' id='line_1_93' title="bbox 704 4827 2250 4906; baseline -0.004 -17"><span class='ocrx_word' id='word_1_663' title='bbox 704 4835 958 4906; x_wconf 81' lang='lat' dir='ltr'><strong>gendum,</strong></span> <span class='ocrx_word' id='word_1_664' title='bbox 988 4841 1049 4886; x_wconf 90' lang='lat' dir='ltr'><strong>ut</strong></span> <span class='ocrx_word' id='word_1_665' title='bbox 1073 4830 1259 4888; x_wconf 67' lang='lat' dir='ltr'><strong>isthmc</strong></span> <span class='ocrx_word' id='word_1_666' title='bbox 1298 4829 1365 4884; x_wconf 88' lang='lat' dir='ltr'><strong>sit</strong></span> <span class='ocrx_word' id='word_1_667' title='bbox 1387 4829 1672 4885; x_wconf 87' lang='lat' dir='ltr'><strong>sententia.</strong></span> <span class='ocrx_word' id='word_1_668' title='bbox 1703 4827 1760 4882; x_wconf 90' lang='lat' dir='ltr'><strong>Si</strong></span> <span class='ocrx_word' id='word_1_669' title='bbox 1789 4829 1911 4899; x_wconf 88' lang='lat' dir='ltr'><strong>quis</strong></span> <span class='ocrx_word' id='word_1_670' title='bbox 1934 4828 2250 4899; x_wconf 82' lang='lat' dir='ltr'><strong>interrogat,</strong></span> 
     </span>
    </p>
   </div>
   <div class='ocr_carea' id='block_1_93' title="bbox 2279 4827 3901 4906">
    <p class='ocr_par' dir='ltr' id='par_1_93' title="bbox 2358 4827 3901 4906">
     <span class='ocr_line' id='line_1_94' title="bbox 2358 4827 3901 4906; baseline -0.004 -22"><span class='ocrx_word' id='word_1_671' title='bbox 2358 4828 2391 4906; x_wconf 80' lang='grc' dir='ltr'><strong>ᾖ</strong></span> <span class='ocrx_word' id='word_1_672' title='bbox 2421 4834 2454 4901; x_wconf 82' lang='grc' dir='ltr'><strong>ἡ</strong></span> <span class='ocrx_word' id='word_1_673' title='bbox 2481 4832 2684 4884; x_wconf 83' lang='grc' dir='ltr'>διάνοια</span> <span class='ocrx_word' id='word_1_674' title='bbox 2706 4829 2841 4900; x_wconf 75' lang='grc' dir='ltr'>αὕτη</span> <span class='ocrx_word' id='word_1_675' title='bbox 2911 4829 2977 4881; x_wconf 83' lang='grc' dir='ltr'>Εἰ</span> <span class='ocrx_word' id='word_1_676' title='bbox 3003 4846 3086 4891; x_wconf 90' lang='grc' dir='ltr'><strong>τις</strong></span> <span class='ocrx_word' id='word_1_677' title='bbox 3110 4831 3321 4900; x_wconf 56' lang='lat' dir='ltr'><strong>spondi,-</strong></span> <span class='ocrx_word' id='word_1_678' title='bbox 3345 4827 3525 4898; x_wconf 73' lang='grc' dir='ltr'>φησὶν,</span> <span class='ocrx_word' id='word_1_679' title='bbox 3558 4829 3690 4881; x_wconf 86' lang='grc' dir='ltr'><strong>Ἵνα</strong></span> <span class='ocrx_word' id='word_1_680' title='bbox 3715 4828 3772 4880; x_wconf 87' lang='grc' dir='ltr'><strong>τί</strong></span> <span class='ocrx_word' id='word_1_681' title='bbox 3799 4845 3901 4897; x_wconf 74' lang='grc' dir='ltr'><strong>φο-</strong></span> 
     </span>
    </p>
   </div>
   <div class='ocr_carea' id='block_1_94' title="bbox 704 4917 2326 4998">
    <p class='ocr_par' dir='ltr' id='par_1_94' title="bbox 704 4922 2254 4998">
     <span class='ocr_line' id='line_1_95' title="bbox 704 4922 2254 4998; baseline -0.003 -17"><span class='ocrx_word' id='word_1_682' title='bbox 704 4927 914 4998; x_wconf 85' lang='lat' dir='ltr'><strong>inquit,</strong></span> <span class='ocrx_word' id='word_1_683' title='bbox 946 4925 1053 4984; x_wconf 82' lang='lat' dir='ltr'><strong>Cur</strong></span> <span class='ocrx_word' id='word_1_684' title='bbox 1084 4922 1271 4978; x_wconf 83' lang='lat' dir='ltr'><strong>timebo</strong></span> <span class='ocrx_word' id='word_1_685' title='bbox 1302 4924 1326 4977; x_wconf 83' lang='lat'><strong>.’</strong></span> <span class='ocrx_word' id='word_1_686' title='bbox 1357 4922 1544 4976; x_wconf 87' lang='lat' dir='ltr'><strong>volens</strong></span> <span class='ocrx_word' id='word_1_687' title='bbox 1581 4937 1612 4976; x_wconf 88' lang='lat' dir='ltr'><strong>a</strong></span> <span class='ocrx_word' id='word_1_688' title='bbox 1648 4937 1734 4976; x_wconf 88' lang='lat' dir='ltr'><strong>me</strong></span> <span class='ocrx_word' id='word_1_689' title='bbox 1761 4936 1980 4977; x_wconf 87' lang='lat' dir='ltr'><strong>causam</strong></span> <span class='ocrx_word' id='word_1_690' title='bbox 2012 4922 2254 4977; x_wconf 89' lang='lat' dir='ltr'><strong>ediscere</strong></span> 
     </span>
    </p>
   </div>
   <div class='ocr_carea' id='block_1_95' title="bbox 2282 4917 3904 4998">
    <p class='ocr_par' dir='ltr' id='par_1_95' title="bbox 2359 4917 3904 4991">
     <span class='ocr_line' id='line_1_96' title="bbox 2359 4917 3904 4991; baseline -0.003 -16"><span class='ocrx_word' id='word_1_691' title='bbox 2359 4921 2606 4990; x_wconf 83' lang='grc' dir='ltr'>ϐοῦμαι;</span> <span class='ocrx_word' id='word_1_692' title='bbox 2646 4920 2743 4991; x_wconf 84' lang='grc' dir='ltr'><strong>τὴν</strong></span> <span class='ocrx_word' id='word_1_693' title='bbox 2802 4919 2978 4973; x_wconf 77' lang='grc' dir='ltr'>αἰτίαν</span> <span class='ocrx_word' id='word_1_694' title='bbox 3020 4919 3186 4972; x_wconf 83' lang='grc' dir='ltr'>θέλων</span> <span class='ocrx_word' id='word_1_695' title='bbox 3237 4918 3432 4988; x_wconf 84' lang='grc' dir='ltr'>γνῶναι</span> <span class='ocrx_word' id='word_1_696' title='bbox 3473 4920 3601 4990; x_wconf 81' lang='grc' dir='ltr'>παρ’</span> <span class='ocrx_word' id='word_1_697' title='bbox 3631 4917 3764 4988; x_wconf 81' lang='grc' dir='ltr'>ἐμοῦ</span> <span class='ocrx_word' id='word_1_698' title='bbox 3812 4919 3904 4988; x_wconf 84' lang='grc' dir='ltr'>τῆς</span> 
     </span>
    </p>
   </div>
   <div class='ocr_carea' id='block_1_96' title="bbox 706 5010 2328 5088">
    <p class='ocr_par' dir='ltr' id='par_1_96' title="bbox 706 5011 2250 5088">
     <span class='ocr_line' id='line_1_97' title="bbox 706 5011 2250 5088; baseline -0.006 -14"><span class='ocrx_word' id='word_1_699' title='bbox 706 5020 820 5088; x_wconf 86' lang='lat' dir='ltr'><strong>ejus</strong></span> <span class='ocrx_word' id='word_1_700' title='bbox 848 5033 956 5088; x_wconf 89' lang='lat' dir='ltr'><strong>qua</strong></span> <span class='ocrx_word' id='word_1_701' title='bbox 1003 5030 1240 5085; x_wconf 90' lang='lat' dir='ltr'><strong>occupor</strong></span> <span class='ocrx_word' id='word_1_702' title='bbox 1283 5011 1606 5080; x_wconf 81' lang='lat' dir='ltr'><strong>atilictionis,</strong></span> <span class='ocrx_word' id='word_1_703' title='bbox 1630 5028 1751 5068; x_wconf 91' lang='lat' dir='ltr'><strong>cum</strong></span> <span class='ocrx_word' id='word_1_704' title='bbox 1786 5012 1983 5068; x_wconf 81' lang='lat' dir='ltr'><strong>ﬁducia</strong></span> <span class='ocrx_word' id='word_1_705' title='bbox 2027 5013 2250 5080; x_wconf 86' lang='lat' dir='ltr'><strong>audiat,</strong></span> 
     </span>
    </p>
   </div>
   <div class='ocr_carea' id='block_1_97' title="bbox 2279 5010 3901 5088">
    <p class='ocr_par' dir='ltr' id='par_1_97' title="bbox 2362 5010 3901 5084">
     <span class='ocr_line' id='line_1_98' title="bbox 2362 5010 3901 5084; baseline -0.003 -18"><span class='ocrx_word' id='word_1_706' title='bbox 2362 5013 2689 5084; x_wconf 87' lang='grc' dir='ltr'>συνεχούσης</span> <span class='ocrx_word' id='word_1_707' title='bbox 2716 5030 2785 5083; x_wconf 91' lang='grc' dir='ltr'><strong>με</strong></span> <span class='ocrx_word' id='word_1_708' title='bbox 2821 5011 3078 5080; x_wconf 76' lang='grc' dir='ltr'>ἀγωνίας,</span> <span class='ocrx_word' id='word_1_709' title='bbox 3113 5011 3352 5066; x_wconf 84' lang='grc' dir='ltr'>ἀκουέτω</span> <span class='ocrx_word' id='word_1_710' title='bbox 3384 5011 3518 5082; x_wconf 85' lang='grc' dir='ltr'><strong>μετά</strong></span> <span class='ocrx_word' id='word_1_711' title='bbox 3567 5010 3901 5081; x_wconf 73' lang='grc' dir='ltr'>παρρησίας,</span> 
     </span>
    </p>
   </div>
   <div class='ocr_carea' id='block_1_98' title="bbox 704 5101 2326 5180">
    <p class='ocr_par' dir='ltr' id='par_1_98' title="bbox 704 5107 2250 5180">
     <span class='ocr_line' id='line_1_99' title="bbox 704 5107 2250 5180; baseline -0.006 -14"><span class='ocrx_word' id='word_1_712' title='bbox 704 5125 826 5167; x_wconf 83' lang='lat' dir='ltr'><strong>esse</strong></span> <span class='ocrx_word' id='word_1_713' title='bbox 856 5110 1087 5180; x_wconf 89' lang='lat' dir='ltr'><strong>aliquam</strong></span> <span class='ocrx_word' id='word_1_714' title='bbox 1135 5107 1276 5162; x_wconf 90' lang='lat' dir='ltr'><strong>diem</strong></span> <span class='ocrx_word' id='word_1_715' title='bbox 1328 5108 1551 5172; x_wconf 86' lang='lat' dir='ltr'><strong>malam,</strong></span> <span class='ocrx_word' id='word_1_716' title='bbox 1585 5121 1748 5175; x_wconf 87' lang='lat' dir='ltr'><strong>quam</strong></span> <span class='ocrx_word' id='word_1_717' title='bbox 1788 5120 1887 5175; x_wconf 86' lang='lat' dir='ltr'><strong>ego</strong></span> <span class='ocrx_word' id='word_1_718' title='bbox 1932 5113 2078 5159; x_wconf 89' lang='lat' dir='ltr'><strong>metu</strong></span> <span class='ocrx_word' id='word_1_719' title='bbox 2128 5121 2250 5174; x_wconf 91' lang='lat' dir='ltr'><strong>per-</strong></span> 
     </span>
    </p>
   </div>
   <div class='ocr_carea' id='block_1_99' title="bbox 2277 5101 3899 5180">
    <p class='ocr_par' dir='ltr' id='par_1_99' title="bbox 2359 5101 3899 5174">
     <span class='ocr_line' id='line_1_100' title="bbox 2359 5101 3899 5174; baseline -0.002 -17"><span class='ocrx_word' id='word_1_720' title='bbox 2359 5106 2433 5168; x_wconf 82' lang='grc' dir='ltr'><strong>ὼς</strong></span> <span class='ocrx_word' id='word_1_721' title='bbox 2466 5104 2611 5158; x_wconf 79' lang='grc' dir='ltr'>ἔστιν</span> <span class='ocrx_word' id='word_1_722' title='bbox 2639 5104 2818 5174; x_wconf 82' lang='grc' dir='ltr'>ἡμέρα</span> <span class='ocrx_word' id='word_1_723' title='bbox 2839 5105 3067 5174; x_wconf 81' lang='grc' dir='ltr'>πονηρὰ,</span> <span class='ocrx_word' id='word_1_724' title='bbox 3096 5105 3160 5174; x_wconf 81' lang='grc' dir='ltr'><strong>ἢν</strong></span> <span class='ocrx_word' id='word_1_725' title='bbox 3179 5104 3338 5166; x_wconf 83' lang='grc' dir='ltr'>αὐτὸς</span> <span class='ocrx_word' id='word_1_726' title='bbox 3366 5102 3600 5172; x_wconf 85' lang='grc' dir='ltr'>φρίττων</span> <span class='ocrx_word' id='word_1_727' title='bbox 3619 5101 3899 5172; x_wconf 83' lang='grc' dir='ltr'>φοϐοῦμαι.</span> 
     </span>
    </p>
   </div>
   <div class='ocr_carea' id='block_1_100' title="bbox 706 5192 2328 5269">
    <p class='ocr_par' dir='ltr' id='par_1_100' title="bbox 706 5195 2251 5265">
     <span class='ocr_line' id='line_1_101' title="bbox 706 5195 2251 5265; baseline -0.004 -9"><span class='ocrx_word' id='word_1_728' title='bbox 706 5203 890 5257; x_wconf 87' lang='lat' dir='ltr'><strong>culsus</strong></span> <span class='ocrx_word' id='word_1_729' title='bbox 919 5201 1261 5256; x_wconf 78' lang='lat' dir='ltr'><strong>exhorresce.</strong></span> <span class='ocrx_word' id='word_1_730' title='bbox 1294 5197 1633 5252; x_wconf 77' lang='lat' dir='ltr'><strong>Exhorresco</strong></span> <span class='ocrx_word' id='word_1_731' title='bbox 1664 5205 1864 5259; x_wconf 86' lang='lat' dir='ltr'><strong>autem,</strong></span> <span class='ocrx_word' id='word_1_732' title='bbox 1911 5197 2170 5265; x_wconf 90' lang='lat' dir='ltr'><strong>quoniam</strong></span> <span class='ocrx_word' id='word_1_733' title='bbox 2199 5195 2251 5250; x_wconf 93' lang='lat' dir='ltr'><strong>in</strong></span> 
     </span>
    </p>
   </div>
   <div class='ocr_carea' id='block_1_101' title="bbox 2281 5192 3903 5269">
    <p class='ocr_par' dir='ltr' id='par_1_101' title="bbox 2359 5192 3903 5269">
     <span class='ocr_line' id='line_1_102' title="bbox 2359 5192 3903 5269; baseline -0.003 -20"><span class='ocrx_word' id='word_1_734' title='bbox 2359 5197 2568 5269; x_wconf 75' lang='grc' dir='ltr'>Φρίττω</span> <span class='ocrx_word' id='word_1_735' title='bbox 2611 5197 2688 5260; x_wconf 84' lang='grc' dir='ltr'>δὲ,</span> <span class='ocrx_word' id='word_1_736' title='bbox 2736 5197 2816 5249; x_wconf 80' lang='grc' dir='ltr'><strong>ὅτι</strong></span> <span class='ocrx_word' id='word_1_737' title='bbox 2850 5196 2906 5248; x_wconf 80' lang='grc' dir='ltr'><strong>ὲν</strong></span> <span class='ocrx_word' id='word_1_738' title='bbox 2961 5197 3143 5269; x_wconf 72' lang='grc' dir='ltr'>ἐκείνῃ</span> <span class='ocrx_word' id='word_1_739' title='bbox 3195 5198 3258 5266; x_wconf 80' lang='grc' dir='ltr'><strong>τῇ</strong></span> <span class='ocrx_word' id='word_1_740' title='bbox 3290 5195 3468 5266; x_wconf 77' lang='grc' dir='ltr'>ἡμέρᾳ</span> <span class='ocrx_word' id='word_1_741' title='bbox 3501 5196 3538 5261; x_wconf 80' lang='grc' dir='ltr'><strong><em>ἡ</em></strong></span> <span class='ocrx_word' id='word_1_742' title='bbox 3561 5195 3775 5262; x_wconf 82' lang='grc' dir='ltr'>ἀνομία</span> <span class='ocrx_word' id='word_1_743' title='bbox 3800 5192 3903 5259; x_wconf 80' lang='grc' dir='ltr'><strong>τῆς</strong></span> 
     </span>
    </p>
   </div>
   <div class='ocr_carea' id='block_1_102' title="bbox 707 5285 2329 5361">
    <p class='ocr_par' dir='ltr' id='par_1_102' title="bbox 707 5287 2252 5361">
     <span class='ocr_line' id='line_1_103' title="bbox 707 5287 2252 5361; baseline -0.004 -13"><span class='ocrx_word' id='word_1_744' title='bbox 707 5294 795 5348; x_wconf 87' lang='lat' dir='ltr'><strong>illa</strong></span> <span class='ocrx_word' id='word_1_745' title='bbox 821 5294 907 5348; x_wconf 88' lang='lat' dir='ltr'><strong>die</strong></span> <span class='ocrx_word' id='word_1_746' title='bbox 941 5291 1191 5361; x_wconf 77' lang='lat' dir='ltr'><strong>iniquitas</strong></span> <span class='ocrx_word' id='word_1_747' title='bbox 1239 5291 1473 5344; x_wconf 67' lang='lat' dir='ltr'><strong>calcanei</strong></span> <span class='ocrx_word' id='word_1_748' title='bbox 1505 5291 1603 5343; x_wconf 82' lang='lat' dir='ltr'><strong>mei</strong></span> <span class='ocrx_word' id='word_1_749' title='bbox 1660 5287 2003 5342; x_wconf 84' lang='lat' dir='ltr'><strong>circumdabit</strong></span> <span class='ocrx_word' id='word_1_750' title='bbox 2054 5304 2152 5352; x_wconf 83' lang='lat' dir='ltr'><strong>me,</strong></span> <span class='ocrx_word' id='word_1_751' title='bbox 2200 5287 2252 5342; x_wconf 89' lang='lat' dir='ltr'><strong>id</strong></span> 
     </span>
    </p>
   </div>
   <div class='ocr_carea' id='block_1_103' title="bbox 2283 5285 3905 5361">
    <p class='ocr_par' dir='ltr' id='par_1_103' title="bbox 2360 5285 3905 5358">
     <span class='ocr_line' id='line_1_104' title="bbox 2360 5285 3905 5358; baseline -0.004 -15"><span class='ocrx_word' id='word_1_752' title='bbox 2360 5289 2616 5357; x_wconf 80' lang='grc' dir='ltr'>πτέρνης</span> <span class='ocrx_word' id='word_1_753' title='bbox 2638 5308 2753 5358; x_wconf 86' lang='grc' dir='ltr'><strong>μου</strong></span> <span class='ocrx_word' id='word_1_754' title='bbox 2780 5287 3075 5343; x_wconf 67' lang='grc' dir='ltr'>κυκλώσει</span> <span class='ocrx_word' id='word_1_755' title='bbox 3089 5305 3183 5357; x_wconf 79' lang='grc' dir='ltr'><strong>με,</strong></span> <span class='ocrx_word' id='word_1_756' title='bbox 3200 5287 3468 5341; x_wconf 86' lang='grc' dir='ltr'>τουτέστιν</span> <span class='ocrx_word' id='word_1_757' title='bbox 3495 5289 3526 5358; x_wconf 79' lang='grc' dir='ltr'><strong>η</strong></span> <span class='ocrx_word' id='word_1_758' title='bbox 3556 5285 3905 5358; x_wconf 79' lang='grc' dir='ltr'>παρεκτροπὴ</span> 
     </span>
    </p>
   </div>
   <div class='ocr_carea' id='block_1_104' title="bbox 703 5379 2325 5453">
    <p class='ocr_par' dir='ltr' id='par_1_104' title="bbox 703 5380 2253 5451">
     <span class='ocr_line' id='line_1_105' title="bbox 703 5380 2253 5451; baseline -0.003 -10"><span class='ocrx_word' id='word_1_759' title='bbox 703 5398 788 5441; x_wconf 87' lang='lat' dir='ltr'><strong>est</strong></span> <span class='ocrx_word' id='word_1_760' title='bbox 840 5385 1069 5440; x_wconf 81' lang='lat' dir='ltr'><strong>deﬂexio</strong></span> <span class='ocrx_word' id='word_1_761' title='bbox 1123 5399 1154 5438; x_wconf 88' lang='lat' dir='ltr'><strong>a</strong></span> <span class='ocrx_word' id='word_1_762' title='bbox 1207 5384 1382 5437; x_wconf 84' lang='lat' dir='ltr'><strong>divina</strong></span> <span class='ocrx_word' id='word_1_763' title='bbox 1423 5383 1530 5446; x_wconf 88' lang='lat' dir='ltr'><strong>via,</strong></span> <span class='ocrx_word' id='word_1_764' title='bbox 1568 5397 1672 5451; x_wconf 83' lang='lat' dir='ltr'><strong>qua</strong></span> <span class='ocrx_word' id='word_1_765' title='bbox 1727 5395 1822 5450; x_wconf 87' lang='lat' dir='ltr'><strong>per</strong></span> <span class='ocrx_word' id='word_1_766' title='bbox 1873 5380 2099 5450; x_wconf 88' lang='lat' dir='ltr'><strong>hujusce</strong></span> <span class='ocrx_word' id='word_1_767' title='bbox 2133 5381 2253 5436; x_wconf 64' lang='lat' dir='ltr'><strong>vita:</strong></span> 
     </span>
    </p>
   </div>
   <div class='ocr_carea' id='block_1_105' title="bbox 2284 5379 3906 5453">
    <p class='ocr_par' dir='ltr' id='par_1_105' title="bbox 2360 5379 3906 5453">
     <span class='ocr_line' id='line_1_106' title="bbox 2360 5379 3906 5453; baseline -0.005 -17"><span class='ocrx_word' id='word_1_768' title='bbox 2360 5384 2458 5453; x_wconf 77' lang='grc' dir='ltr'><strong>τῆς</strong></span> <span class='ocrx_word' id='word_1_769' title='bbox 2490 5382 2635 5444; x_wconf 84' lang='grc' dir='ltr'>θείας</span> <span class='ocrx_word' id='word_1_770' title='bbox 2659 5382 2800 5444; x_wconf 72' lang='grc' dir='ltr'>ὁδοῦ,</span> <span class='ocrx_word' id='word_1_771' title='bbox 2832 5381 2896 5451; x_wconf 79' lang='grc' dir='ltr'><strong>ῆν</strong></span> <span class='ocrx_word' id='word_1_772' title='bbox 2927 5381 3226 5451; x_wconf 75' lang='grc' dir='ltr'>πεποίημαι</span> <span class='ocrx_word' id='word_1_773' title='bbox 3256 5379 3391 5433; x_wconf 82' lang='grc' dir='ltr'><strong>κατά</strong></span> <span class='ocrx_word' id='word_1_774' title='bbox 3435 5380 3522 5432; x_wconf 84' lang='grc' dir='ltr'>τὸν</span> <span class='ocrx_word' id='word_1_775' title='bbox 3574 5379 3707 5449; x_wconf 86' lang='grc' dir='ltr'>βίον,</span> <span class='ocrx_word' id='word_1_776' title='bbox 3757 5395 3906 5446; x_wconf 83' lang='grc' dir='ltr'>περι-</span> 
     </span>
    </p>
   </div>
   <div class='ocr_carea' id='block_1_106' title="bbox 704 5466 2326 5544">
    <p class='ocr_par' dir='ltr' id='par_1_106' title="bbox 704 5471 2255 5541">
     <span class='ocr_line' id='line_1_107' title="bbox 704 5471 2255 5541; baseline -0.002 -11"><span class='ocrx_word' id='word_1_777' title='bbox 704 5477 1108 5531; x_wconf 83' lang='lat' dir='ltr'><strong>distractionem</strong></span> <span class='ocrx_word' id='word_1_778' title='bbox 1157 5484 1210 5529; x_wconf 92' lang='lat' dir='ltr'><strong>et</strong></span> <span class='ocrx_word' id='word_1_779' title='bbox 1253 5473 1541 5541; x_wconf 81' lang='lat' dir='ltr'><strong>fallaciam,</strong></span> <span class='ocrx_word' id='word_1_780' title='bbox 1592 5471 1828 5525; x_wconf 86' lang='lat' dir='ltr'><strong>divinam</strong></span> <span class='ocrx_word' id='word_1_781' title='bbox 1858 5471 2028 5540; x_wconf 89' lang='lat' dir='ltr'><strong>legem</strong></span> <span class='ocrx_word' id='word_1_782' title='bbox 2078 5481 2255 5527; x_wconf 90' lang='lat' dir='ltr'><strong>trans-</strong></span> 
     </span>
    </p>
   </div>
   <div class='ocr_carea' id='block_1_107' title="bbox 2283 5466 3905 5544">
    <p class='ocr_par' dir='ltr' id='par_1_107' title="bbox 2362 5466 3905 5544">
     <span class='ocr_line' id='line_1_108' title="bbox 2362 5466 3905 5544; baseline -0.004 -18"><span class='ocrx_word' id='word_1_783' title='bbox 2362 5474 2596 5544; x_wconf 81' lang='grc' dir='ltr'>σπασμῷ</span> <span class='ocrx_word' id='word_1_784' title='bbox 2623 5474 2714 5526; x_wconf 77' lang='grc' dir='ltr'>καὶ</span> <span class='ocrx_word' id='word_1_785' title='bbox 2746 5473 2928 5544; x_wconf 81' lang='grc' dir='ltr'>ἀπάτῃ</span> <span class='ocrx_word' id='word_1_786' title='bbox 2963 5473 3054 5526; x_wconf 84' lang='grc' dir='ltr'><strong>τὸν</strong></span> <span class='ocrx_word' id='word_1_787' title='bbox 3078 5472 3214 5525; x_wconf 83' lang='grc' dir='ltr'>θεῖον</span> <span class='ocrx_word' id='word_1_788' title='bbox 3241 5470 3489 5540; x_wconf 78' lang='grc' dir='ltr'>παραϐὰς</span> <span class='ocrx_word' id='word_1_789' title='bbox 3541 5471 3720 5539; x_wconf 84' lang='grc' dir='ltr'>νόμον.</span> <span class='ocrx_word' id='word_1_790' title='bbox 3762 5466 3905 5536; x_wconf 80' lang='grc' dir='ltr'>Δῦτη</span> 
     </span>
    </p>
   </div>
   <div class='ocr_carea' id='block_1_108' title="bbox 705 5558 2327 5638">
    <p class='ocr_par' dir='ltr' id='par_1_108' title="bbox 705 5563 2248 5637">
     <span class='ocr_line' id='line_1_109' title="bbox 705 5563 2248 5637; baseline -0.002 -16"><span class='ocrx_word' id='word_1_791' title='bbox 705 5583 922 5637; x_wconf 72' lang='lat' dir='ltr'><strong>gressus</strong></span> <span class='ocrx_word' id='word_1_792' title='bbox 959 5583 1100 5622; x_wconf 81' lang='lat' dir='ltr'><strong>sum.</strong></span> <span class='ocrx_word' id='word_1_793' title='bbox 1136 5565 1323 5620; x_wconf 75' lang='lat' dir='ltr'><strong>Isthzec</strong></span> <span class='ocrx_word' id='word_1_794' title='bbox 1373 5565 1533 5635; x_wconf 79' lang='lat' dir='ltr'><strong>igitur</strong></span> <span class='ocrx_word' id='word_1_795' title='bbox 1588 5564 1858 5632; x_wconf 88' lang='lat' dir='ltr'><strong>impietas,</strong></span> <span class='ocrx_word' id='word_1_796' title='bbox 1911 5563 2107 5633; x_wconf 88' lang='lat' dir='ltr'><strong>inquit,</strong></span> <span class='ocrx_word' id='word_1_797' title='bbox 2143 5565 2248 5618; x_wconf 83' lang='lat' dir='ltr'><strong>cir-</strong></span> 
     </span>
    </p>
   </div>
   <div class='ocr_carea' id='block_1_109' title="bbox 2282 5558 3904 5638">
    <p class='ocr_par' dir='ltr' id='par_1_109' title="bbox 2360 5558 3904 5638">
     <span class='ocr_line' id='line_1_110' title="bbox 2360 5558 3904 5638; baseline -0.007 -17"><span class='ocrx_word' id='word_1_798' title='bbox 2360 5566 2450 5622; x_wconf 78' lang='grc' dir='ltr'>οὗν</span> <span class='ocrx_word' id='word_1_799' title='bbox 2481 5569 2515 5638; x_wconf 77' lang='grc' dir='ltr'><strong>η</strong></span> <span class='ocrx_word' id='word_1_800' title='bbox 2540 5567 2760 5620; x_wconf 84' lang='grc' dir='ltr'>ἀσέϐεια</span> <span class='ocrx_word' id='word_1_801' title='bbox 2790 5565 3054 5618; x_wconf 86' lang='grc' dir='ltr'>κυκλώσει</span> <span class='ocrx_word' id='word_1_802' title='bbox 3091 5583 3177 5635; x_wconf 89' lang='grc' dir='ltr'><strong>με,</strong></span> <span class='ocrx_word' id='word_1_803' title='bbox 3206 5563 3365 5633; x_wconf 81' lang='grc' dir='ltr'>φησίν</span> <span class='ocrx_word' id='word_1_804' title='bbox 3384 5580 3396 5592; x_wconf 88' lang='grc'><strong>·</strong></span> <span class='ocrx_word' id='word_1_805' title='bbox 3420 5563 3537 5616; x_wconf 77' lang='grc' dir='ltr'>ἀντὶ</span> <span class='ocrx_word' id='word_1_806' title='bbox 3575 5559 3669 5612; x_wconf 88' lang='grc' dir='ltr'><strong>τοῦ</strong></span> <span class='ocrx_word' id='word_1_807' title='bbox 3689 5602 3704 5624; x_wconf 91' lang='grc'><strong>,</strong></span> <span class='ocrx_word' id='word_1_808' title='bbox 3743 5558 3904 5629; x_wconf 83' lang='grc' dir='ltr'>Περι-</span> 
     </span>
    </p>
   </div>
   <div class='ocr_carea' id='block_1_110' title="bbox 705 5654 2327 5730">
    <p class='ocr_par' dir='ltr' id='par_1_110' title="bbox 705 5657 2254 5728">
     <span class='ocr_line' id='line_1_111' title="bbox 705 5657 2254 5728; baseline 0 -13"><span class='ocrx_word' id='word_1_809' title='bbox 705 5659 977 5715; x_wconf 74' lang='lat' dir='ltr'><strong>cumdabit</strong></span> <span class='ocrx_word' id='word_1_810' title='bbox 998 5675 1081 5713; x_wconf 86' lang='lat' dir='ltr'><strong>me</strong></span> <span class='ocrx_word' id='word_1_811' title='bbox 1101 5677 1116 5725; x_wconf 89' lang='lat'><strong>;</strong></span> <span class='ocrx_word' id='word_1_812' title='bbox 1140 5657 1294 5728; x_wconf 88' lang='lat' dir='ltr'><strong>quasi</strong></span> <span class='ocrx_word' id='word_1_813' title='bbox 1323 5657 1467 5712; x_wconf 86' lang='lat' dir='ltr'><strong>dicat</strong></span> <span class='ocrx_word' id='word_1_814' title='bbox 1499 5674 1512 5711; x_wconf 91' lang='lat'><strong>:</strong></span> <span class='ocrx_word' id='word_1_815' title='bbox 1540 5657 1952 5712; x_wconf 60' lang='lat' dir='ltr'><strong>(Iircumsistcnt</strong></span> <span class='ocrx_word' id='word_1_816' title='bbox 1989 5673 2074 5712; x_wconf 90' lang='lat' dir='ltr'><strong>me</strong></span> <span class='ocrx_word' id='word_1_817' title='bbox 2115 5657 2254 5715; x_wconf 79' lang='lat' dir='ltr'><strong>mala</strong></span> 
     </span>
    </p>
   </div>
   <div class='ocr_carea' id='block_1_111' title="bbox 2286 5654 3908 5730">
    <p class='ocr_par' dir='ltr' id='par_1_111' title="bbox 2366 5654 3908 5730">
     <span class='ocr_line' id='line_1_112' title="bbox 2366 5654 3908 5730; baseline -0.006 -17"><span class='ocrx_word' id='word_1_818' title='bbox 2366 5659 2617 5730; x_wconf 79' lang='grc' dir='ltr'>στήσεταί</span> <span class='ocrx_word' id='word_1_819' title='bbox 2651 5677 2714 5730; x_wconf 77' lang='grc' dir='ltr'><strong>με</strong></span> <span class='ocrx_word' id='word_1_820' title='bbox 2752 5659 2820 5713; x_wconf 87' lang='grc' dir='ltr'>τὰ</span> <span class='ocrx_word' id='word_1_821' title='bbox 2869 5658 3003 5728; x_wconf 78' lang='grc' dir='ltr'><strong>ἔργα</strong></span> <span class='ocrx_word' id='word_1_822' title='bbox 3046 5657 3115 5710; x_wconf 82' lang='grc' dir='ltr'>τὰ</span> <span class='ocrx_word' id='word_1_823' title='bbox 3145 5658 3353 5726; x_wconf 73' lang='grc' dir='ltr'>πονηρά</span> <span class='ocrx_word' id='word_1_824' title='bbox 3405 5655 3439 5708; x_wconf 79' lang='grc' dir='ltr'>ἃ</span> <span class='ocrx_word' id='word_1_825' title='bbox 3494 5654 3772 5725; x_wconf 82' lang='grc' dir='ltr'>πέπραχα,</span> <span class='ocrx_word' id='word_1_826' title='bbox 3819 5669 3908 5706; x_wconf 80' lang='grc' dir='ltr'>κυ-</span> 
     </span>
    </p>
   </div>
   <div class='ocr_carea' id='block_1_112' title="bbox 827 5841 1363 5906">
    <p class='ocr_par' dir='ltr' id='par_1_112' title="bbox 827 5841 1363 5906">
     <span class='ocr_line' id='line_1_113' title="bbox 827 5841 1363 5906; baseline 0.002 -11"><span class='ocrx_word' id='word_1_827' title='bbox 827 5842 868 5874; x_wconf 78' lang='lat'>”</span> <span class='ocrx_word' id='word_1_828' title='bbox 906 5841 1088 5897; x_wconf 82' lang='lat' dir='ltr'><strong>Matth.</strong></span> <span class='ocrx_word' id='word_1_829' title='bbox 1125 5857 1238 5906; x_wconf 81' lang='lat' dir='ltr'><strong>xm,</strong></span> <span class='ocrx_word' id='word_1_830' title='bbox 1278 5841 1363 5896; x_wconf 81' lang='lat' dir='ltr'><strong>5i.</strong></span> 
     </span>
    </p>
   </div>
  </div>
