4108 6496
198 460 292 517 225

1325 451 1683 507 EXPOSITIO
1719 450 1786 505 IN
1827 450 2156 507 PSALMUM
2195 451 2418 506 XLVIII.

3277 449 3384 509 226

195 570 412 627 κλοῦντά
434 586 504 641 με
523 565 799 638 πανταχοῦ
820 566 911 618 καὶ
939 562 1344 634 πολιορκοῦντα,
1369 568 1461 618 καὶ
1482 569 1556 636 μή
1567 565 1738 618 ἐῶντά

1847 581 2000 635 opera
2029 582 2148 636 qua:
2181 566 2302 629 feci,
2337 581 2530 635 ineque
2561 565 2796 636 undique
2829 565 3141 620 conclusum
3170 565 3387 621 obside-

199 681 258 733 με
278 663 369 731 τὴν
401 659 626 712 κόλασιν
655 659 926 726 ἐκφυγεῖν.
962 656 1208 726 Πονηράν
1252 656 1350 727 τὴν
1371 657 1470 726 τῆς
1511 657 1742 726 κρίσεως

195 753 393 824 ἡμέραν
426 752 594 822 φησὶν
619 789 632 811 ,
684 749 776 801 ἀτε
827 748 889 817 δή
927 747 1167 818 πονηρὰν
1213 751 1324 811 τοῖς
1367 749 1744 819 κολαζομένοις

199 845 548 914 ὑπάρχουσαν.
596 841 656 893 '0
678 840 733 893 δὲ
775 840 1084 900 Ἀπόστολος
1108 841 1200 891 καὶ
1228 839 1437 908 ἡμέραν
1455 838 1553 908 τῆς
1579 840 1744 909 ὀργῆς

197 936 352 1005 αὐτὴν
377 933 657 996 ἐκάλεσεν,
695 929 952 1001 είρηκὼςο
988 929 1367 997 Θησαυρίζεις
1399 929 1630 995 σεαυτῷ
1651 931 1744 997 ὀρ-

199 1025 303 1093 γὴν
337 1025 405 1077 ἐν
431 1025 625 1094 ἡμέρα
647 1021 845 1091 ὀργῆς·

265 1118 324 1168 οι
346 1116 696 1180 πεποιθότες
727 1114 821 1166 ἐπὶ
842 1111 917 1179 τῇ
941 1112 1188 1182 δυνάμει
1219 1112 1434 1166 αὐτῶν.
1475 1114 1604 1167 Ἀπὸ
1633 1131 1745 1167 κοι-

201 1207 284 1259 νοῦ
313 1208 390 1272 τὸ,
428 1206 721 1258 Ἀκούσατε
746 1203 915 1258 ταῦτα
943 1206 992 1256 οἱ
1028 1206 1117 1257 ἐπὶ
1135 1204 1347 1274 πλούτῳ
1372 1205 1464 1258 καὶ
1502 1208 1566 1276 τῇ
1592 1205 1746 1258 δυνά-

205 1315 285 1368 μει
321 1298 670 1369 θαρροῦντες.
711 1297 839 1349 Τίνα
867 1296 922 1349 δέ
945 1297 1091 1348 ἐστιν
1121 1295 1157 1350 ἃ
1196 1297 1496 1366 ὀφείλουσιν
1532 1297 1746 1349 ἀκούειν

202 1389 233 1457 ἧ
260 1391 452 1450 ἐκεῖνα,
476 1387 554 1451 ὼς
582 1387 705 1439 οὐδὲ
729 1387 920 1449 αὐτοὺς
961 1388 1078 1438 κατ’
1111 1387 1323 1458 ἐκείνην
1357 1386 1456 1456 τὴν
1481 1388 1688 1458 ἡμέραν
1718 1388 1747 1438 6

205 1475 418 1538 πλοῦτος
444 1477 662 1547 ὁνήσει;
709 1475 872 1528 Οὐδὲν
904 1475 1011 1546 γὰρ
1048 1475 1378 1548 λυτρώσεται
1425 1477 1621 1539 αὐτοὺς
1651 1476 1748 1545 τῆς

206 1566 642 1638 ἐπαχθησομένης
690 1567 869 1629 αὐτοῖς
925 1566 1014 1619 διὰ
1066 1566 1162 1636 τῆς
1214 1568 1484 1637 ἁμαρτίας
1539 1569 1747 1638 ὁρτῆς.

206 1658 380 1730 ῶσπερ
410 1655 504 1712 οῦν
532 1659 655 1711 οὐδὲ
672 1659 914 1728 ἀδελφὸς,
941 1660 1072 1729 φέρε
1097 1661 1288 1725 εἰπεῖν,
1329 1659 1597 1730 θεοφιλὴς,
1629 1659 1749 1712 οὔτε

206 1751 348 1816 ἄλλος
371 1769 454 1813 τις
486 1750 790 1822 ἀνθρώπων
819 1750 988 1821 ἰσχύει
1019 1748 1391 1821 λυτρώσασθαι
1433 1753 1492 1803 ἐν
1532 1754 1594 1820 τῇ
1629 1751 1749 1803 τότε

204 1844 375 1914 ἡμέρᾳ.
399 1845 522 1897 τινά
545 1861 558 1873 ·
596 1845 689 1897 καὶ
708 1846 755 1897 εί
787 1845 816 1896 6
841 1843 1063 1911 ἀδελφὸς
1091 1844 1188 1896 οὐκ
1221 1844 1411 1914 ἰσχύει,
1463 1844 1554 1897 καὶ
1581 1843 1751 1896 ταῦτα

207 1934 466 2007 θεοφιλὴς,
495 1935 676 2005 πολλῷ
712 1935 866 1988 πλέον
887 1936 984 1987 οὐκ
1011 1934 1215 2005 ίσχύσει
1248 1938 1277 1988 6
1297 1935 1543 1996 πλοῦτος.

272 2138 291 2175 ι
322 2111 364 2158 0
390 2105 656 2173 ασελφὸς
689 2107 759 2158 οὐ
791 2105 1140 2174 λ·υτροῦται’
1159 2106 1381 2177 ἀδελφὸν
1416 2107 1636 2178 θεοφιλῆ
1662 2107 1752 2160 λέ·-

205 2212 283 2263 γει
309 2197 399 2248 καὶ
421 2194 654 2266 τίμιον.]

266 2287 370 2340 Kal
393 2287 510 2353 τὴν
534 2286 713 2357 τιμὴν
733 2286 843 2355 τῆς
861 2289 1209 2356 λυτρώσεως
1248 2288 1358 2358 τῆς
1402 2288 1608 2358 ψυχῆς
1649 2293 1753 2345 αὐ-

207 2380 322 2434 τοῦ.
361 2380 610 2444 Διδάξας,
642 2380 716 2444 ὡς
743 2380 888 2435 οὐδὲν
917 2383 945 2434 6
972 2381 1196 2446 πλοῦτος
1231 2383 1288 2436 ἐν
1311 2381 1492 2452 ἡμέρᾳ
1523 2383 1754 2453 κρίσεως

207 2472 413 2540 ὠφελεῖ,
442 2473 686 2526 διδάσκει
714 2473 888 2527 καὶτὸ
913 2473 1172 2542 ὠφελοῦν.
1222 2475 1286 2526 Τί
1329 2464 1384 2527 δέ
1430 2473 1586 2527 τοῦτο
1613 2473 1646 2544 ἢ
1669 2473 1752 2528 ’τὸ

208 2563 427 2630 ἐγκοπον
448 2566 544 2618 καὶ
576 2565 825 2618 ἐπίπονον
853 2564 965 2635 βίον
989 2566 1287 2637 κτήσασθαι
1313 2582 1327 2631 ;
1349 2560 1506 2620 Οῦτοι
1530 2566 1635 2638 γὰρ
1659 2566 1752 2620 καὶ

210 2653 298 2722 τῆς
344 2655 758 2725 ἐπηγγελμένης
804 2656 944 2725 ζωῆς
985 2655 1123 2710 κατά
1147 2657 1238 2710 τὸν
1282 2656 1537 2727 μέλλοντα
1584 2659 1754 2712 αίῶνα

211 2743 614 2815 θξιωθήσονται.
652 2748 712 2800 Ὀ
737 2748 939 2804 κοπιῶν
965 2748 1054 2802 διά
1083 2749 1182 2818 τῆς
1205 2750 1512 2820 πρακτικῆς
1534 2751 1752 2821 ζήσεται

210 2836 284 2899 είς
310 2836 460 2901 τέλος
504 2837 596 2890 διὰ
641 2840 737 2907 τῆς
784 2837 1051 2906 γνώσεως,
1108 2842 1201 2892 καὶ
1230 2840 1492 2895 παύσεται
1538 2842 1618 2903 είς
1664 2841 1753 2894 τὸν

213 2926 390 2990 αἰῶνα,
436 2930 533 2980 καὶ
580 2927 799 2998 ζήσεται
850 2931 927 2992 είς
958 2933 1121 2993 νῖκος.
1155 2931 1265 2984 Kal
1304 2932 1626 2986 ἐκοπίασεν
1667 2935 1754 3000 είς

211 3016 309 3068 τὸν
331 3016 534 3082 αἰῶνα,
563 3019 659 3072 καὶ
691 3011 924 3084 ζήσεται
951 3022 1036 3086 είς
1062 3021 1254 3088 τέλος.

278 3109 392 3160 Οὐκ
419 3107 630 3175 ὄψεται
651 3110 1042 3179 καταφθορὰν,
1063 3109 1209 3164 ὅταν
1240 3110 1338 3180 ιδῃ
1367 3112 1593 3182 σοφοὺς
1610 3114 1754 3169 ἀπο-

1841 659 1994 724 bunt,
2029 673 2128 712 nec
2181 660 2357 713 sinent
2395 674 2480 712 me
2521 658 2840 726 supplicium
2887 657 3141 726 effugere.
3191 656 3386 712 Malam

1840 765 1966 804 vero
1988 749 2177 818 judicii
2210 751 2349 803 diem
2383 749 2632 818 appellat,
2671 758 2728 802 ut
2769 764 2890 816 quze
2938 750 3204 817 supplicio
3254 747 3386 804 aﬂ‘e-

1841 842 1944 896 etis
1970 841 2085 896 dira
2119 851 2171 895 et
2197 842 2374 910 gravis
2404 841 2582 895 futura
2619 841 2707 896 sit.
2738 842 3031 909 Apostolus
3057 850 3238 894 autem
3265 856 3388 896 eam

1842 932 1936 987 irae
1977 934 2119 987 diem
2165 933 2397 996 vocavit,
2443 948 2565 987 cum
2601 930 2735 987 dixit
2767 934 2808 963 ³⁸
2847 952 2856 985 ;
2895 932 3239 986 Thesaurizas
3293 933 3390 986 tibi

1842 1025 1977 1076 iram
2003 1025 2056 1076 in
2087 1025 2170 1076 die
2203 1025 2316 1078 ire.

1914 1114 1963 1167 7.
2021 1113 2124 1179 Qui
2157 1116 2422 1182 conﬁdunt
2459 1116 2514 1167 in
2562 1115 2747 1168 virtute
2777 1130 2894 1167 sua.
2945 1113 3110 1179 Quasi
3159 1114 3212 1166 in
3241 1127 3390 1166 com-

1844 1220 2006 1260 mune
2044 1207 2118 1258 ait
2147 1205 2274 1258 illud
2302 1223 2314 1256 τ
2338 1205 2530 1259 Audite
2571 1204 2682 1258 haec
2711 1218 2899 1258 omnes
2936 1204 3028 1272 qui
3094 1202 3149 1256 in
3188 1202 3392 1256 divitiis

1843 1307 1898 1353 et
1941 1297 1996 1351 in
2043 1298 2237 1350 virtute
2287 1296 2576 1350 conﬁditis.
2630 1294 2886 1361 Qua-nam
2944 1305 3122 1349 autem
3173 1296 3396 1348 audiant

1846 1396 2072 1455 oportet,
2113 1387 2216 1440 nisi
2256 1387 2366 1453 illa,
2401 1387 2544 1456 quod
2577 1387 2783 1441 scilicet
2813 1387 2946 1440 nihil
2993 1387 3101 1440 illis
3145 1386 3394 1440 utilitatis

1847 1479 1902 1533 in
1930 1479 2018 1532 illa
2056 1477 2142 1533 die
2166 1477 2364 1531 divitia:
2390 1479 2499 1532 sint
2531 1478 2816 1532 allatura?
2851 1475 3036 1547 Neque
3067 1478 3216 1531 enim
3249 1477 3394 1531 redi-

1848 1578 1958 1624 met
1979 1585 2072 1623 eos
2106 1569 2174 1623 ab
2205 1569 2281 1622 ira
2315 1579 2369 1623 et
2399 1567 2634 1622 vindicta
2669 1569 2740 1645 ob
2767 1577 3046 1638 peccatum
3092 1569 3225 1638 ipsis
3253 1567 3396 1622 inlli-

1849 1661 2038 1731 genda.
2084 1660 2270 1729 Itaque
2329 1675 2396 1713 ne
2451 1658 2617 1713 frater
2669 1660 2906 1726 quidem,
2966 1670 3025 1716 ut
3072 1661 3144 1715 ita
3193 1661 3394 1726 dicam,

1849 1749 2061 1804 etiamsi
2091 1750 2376 1820 religiosus
2403 1749 2494 1813 sit,
2535 1765 2708 1818 neque
2739 1750 2878 1804 alius
2907 1751 3173 1820 quispiam
3219 1751 3395 1805 homi-

1851 1859 1980 1896 num
2014 1844 2067 1895 in
2093 1842 2181 1895 illa
2215 1842 2299 1895 die
2328 1855 2656 1910 quemquam
2697 1842 2890 1910 poterit
2920 1841 3201 1896 redimere.
3239 1839 3396 1906 Quod

1779 1913 1824 1967 Β
1852 1935 1895 1988 si
1931 1949 1996 1987 ne
2036 1930 2203 1985 frater
2231 1931 2447 2000 quidem
2489 1929 2679 1997 possit,
2729 1931 2829 1984 etsi
2873 1930 3175 2000 religiosus,
3225 1930 3397 1984 multo

1851 2024 2031 2077 minus
2060 2029 2310 2090 poterunt
2339 2018 2559 2073 divitiae.

1934 2111 2166 2183 [Frater
2201 2127 2302 2164 non
2338 2111 2565 2175 redimit,
2605 2107 2821 2164 fratrem
2855 2109 3164 2180 religiosum
3202 2123 3254 2166 et
3294 2111 3394 2166 bo-

1850 2207 2146 2261 norabilem
2173 2206 2344 2258 virum
2377 2205 2524 2259 dicit.
2557 2202 2577 2275 ]

1920 2299 1974 2352 9.
2036 2296 2102 2349 Et
2149 2297 2371 2365 pretium
2405 2296 2772 2364 redemptionis
2822 2297 3013 2350 animt:
3067 2306 3196 2349 sum.
3240 2294 3399 2352 Post-

1850 2403 2012 2459 quam
2034 2390 2220 2444 docuit
2243 2389 2375 2442 nihil
2407 2387 2720 2470 prol'uturas
2743 2389 2960 2443 divitias
2991 2388 3044 2443 in
3072 2390 3158 2443 die
3189 2389 3396 2458 judicii,

1850 2485 2006 2538 docet
2037 2482 2166 2553 quid
2207 2480 2552 2552 profuturum
2593 2482 2683 2537 sit.
2714 2479 2853 2546 Quid
2891 2492 3070 2536 autem
3108 2481 3261 2545 illud,
3293 2483 3397 2536 nisi

1852 2576 2018 2629 vitam
2065 2573 2343 2629 laboribus
2393 2574 2604 2643 plenam
2653 2571 2894 2628 dueere?
2938 2569 3029 2626 Isti
3071 2570 3216 2625 enim
3276 2586 3402 2640 pro-

1851 2666 2018 2720 missa
2047 2666 2154 2720 vita
2182 2666 2236 2719 in
2287 2663 2472 2719 futuro
2501 2663 2698 2719 saeculo
2729 2661 3114 2732 dignabuntur.
3156 2659 3260 2727 Qui
3302 2675 3399 2730 per

1851 2758 2091 2812 actiones
2132 2755 2362 2819 laborat,
2399 2756 2540 2809 vivet
2574 2769 2747 2825 usque
2790 2755 2844 2808 in
2876 2754 3035 2809 linem
3073 2768 3170 2822 per
3213 2751 3400 2822 cogni-

1852 2850 2080 2914 tionem,
2109 2849 2413 2919 requiescet
2439 2847 2494 2901 in
2521 2847 2798 2913 sarculum,
2827 2847 2972 2900 vivet
2999 2845 3065 2900 ad
3094 2845 3395 2900 victoriam.

1856 2941 1922 2996 Et
1957 2942 2215 2997 laboravit
2246 2942 2297 2996 in
2324 2951 2600 3006 internum,
2631 2947 2680 2994 et
2713 2941 2840 2994 vivet
2874 2938 3044 2992 adhuc
3068 2939 3122 2992 in
3151 2939 3325 3007 ﬁnem.

1923 3137 2010 3191 10.
2067 3133 2192 3188 Non
2222 3133 2410 3189 uidebit
2451 3135 2718 3187 interitum
2759 3149 2877 3186 cum
2917 3133 3103 3185 viderit
3143 3131 3398 3201 sapientes

209 3197 598 3268 Θνήσκοντας.
624 3202 719 3266 Εἰς
745 3201 993 3256 τοσοῦτον
1021 3202 1129 3275 γάρ
1164 3204 1381 3276 μακρὰν
1404 3204 1612 3260 ἔσονται
1645 3205 1750 3257 τῶν

1853 3228 2148 3282 morientes.
2178 3225 2254 3281 Ita
2281 3225 2442 3296 longo
2461 3224 2530 3278 ab
2551 3224 2732 3293 impiis
2763 3223 3044 3277 intervallo
3069 3197 3398 3290 separabun-

210 3288 430 3355 ἀσεϐῶν,
493 3292 572 3355 ὡς
625 3293 757 3364 μηδέ
789 3292 1104 3365 πλησιάζειν
1159 3295 1337 3347 αὐτῶν
1368 3299 1433 3365 τῇ
1490 3295 1748 3368 ἀπωλείᾳ.

211 3379 355 3445 Τίνες
375 3383 432 3436 δὲ
465 3383 895 3456 ἀποθνήσκοντες
928 3386 1079 3454 σοφοὶ
1122 3385 1155 3456 ἢ
1199 3387 1325 3458 περὶ
1352 3380 1426 3440 ὧν
1469 3387 1712 3442 λέλεκται
1736 3406 1750 3420 ο

222 3467 432 3524 Ἀπολῶ
462 3470 582 3539 τὴν
612 3473 835 3540 σοφίαν
861 3473 977 3526 τῶν
999 3474 1205 3543 σοφῶν
1239 3476 1336 3530 καί
1362 3475 1478 3545 τὴν
1501 3480 1756 3535 σύνεσιν

210 3555 320 3610 τῶν
343 3560 618 3614 συνετῶν
639 3562 942 3629 adstricto;
996 3566 1240 3621 Παιδεύει
1273 3569 1380 3639 γὰρ
1411 3570 1498 3624 διὰ
1539 3571 1755 3627 πάντων

211 3650 242 3719 ἡ
266 3652 511 3722 παροῦσα
541 3654 750 3726 Γραφὴ,
778 3657 852 3721 ὡς
880 3658 1020 3712 κατά
1047 3659 1145 3731 τὴν
1169 3661 1376 3730 ἡμέραν
1396 3662 1496 3733 τῆς
1524 3663 1756 3733 κρίσεως

209 3741 324 3795 οὔτε
352 3744 609 3808 πλούσιος
638 3747 826 3800 ἑαυτὸν
876 3748 1079 3820 ῥύεται,
1130 3749 1252 3804 οὔτε
1300 3754 1329 3805 6
1373 3754 1756 3824 νενομισμένος

213 3838 382 3905 σοφός.
414 3839 593 3902 Μόνος
620 3839 676 3892 δὲ
703 3842 906 3904 ἐκεῖνος
935 3841 1176 3906 τεύξεται
1222 3845 1318 3916 τῆς
1357 3845 1574 3898 αἰωνίου
1611 3845 1755 3917 ζωῆς

210 3926 237 3976 6
280 3929 335 3980 ἐν
385 3928 462 3998 τῷ
495 3929 722 3999 παρόντι
772 3930 870 4002 βίῳ
916 3933 1241 4005 κατατήξας.
1303 3934 1433 3988 Ἐπὶ
1485 3934 1551 3988 τό
1609 3935 1751 3988 αὐτὸ

211 4015 403 4086 ἄφρων
432 4021 532 4074 καὶ
572 4019 756 4087 ἄνους
782 4024 1164 4079 ἀπολοῦνται.
1203 4025 1366 4097 Ὁμοῦ
1397 4028 1568 4096 σοφοὶ,
1601 4027 1750 4098 φησὶ,

214 4111 299 4161 καὶ
328 4112 560 4181 ἄφρονες
587 4113 826 4184 ἀπωλείᾳ
873 4116 1328 4188 παραδοθήσονται
1352 4134 1364 4147 ·
1416 4119 1476 4170 ού
1523 4117 1754 4188 διενηνὸι

212 4217 356 4268 χασιν
394 4205 505 4275 γὰρ
527 4204 766 4275 ἀλλήλων
795 4206 965 4270 οὐδὲν,
1000 4207 1196 4276 ὁμοίως
1227 4208 1749 4280 είδωλολατροῦντες.

212 4295 313 4347 Καὶ
339 4297 814 4364 καταλείψουσιν
836 4299 1170 4367 ἀλλοτρίοις
1190 4301 1294 4353 τὸν
1334 4301 1597 4354 πλοῦτον
1643 4304 1752 4356 αὑ-

212 4383 339 4440 τῶν.
374 4388 449 4440 Οὐ
476 4387 586 4458 γάρ
607 4388 871 4461 ἠθέλησαν
904 4390 1064 4442 αὑτὸν
1089 4392 1282 4444 οίκεῖον
1315 4393 1635 4463 ποιήσασθαι
1667 4393 1754 4447 διὰ

212 4475 300 4544 τῆς
329 4480 406 4542 εἰς
437 4482 567 4543 τοὺς
586 4480 868 4551 δεομένους
898 4481 1232 4552 εὐεργεσίας.

1855 3324 1962 3380 tur,
1984 3323 2242 3370 uteorum
2258 3313 2542 3384 perditioni
2569 3328 2634 3367 ne
2655 3312 2936 3367 minimum
2964 3312 3179 3381 quidem
3204 3325 3398 3380 appro-

1853 3408 2132 3479 pinquent.
2163 3407 2267 3471 Qui
2299 3415 2427 3461 sunt
2455 3415 2634 3460 autem
2672 3407 2747 3460 illi
2786 3405 3055 3475 sapientes
3084 3405 3398 3469 morientes.

1853 3501 1959 3556 nisi
1985 3500 2022 3554 ii
2045 3500 2111 3553 de
2144 3498 2340 3568 quibus
2368 3498 2569 3552 dictum
2602 3497 2645 3526 “
2679 3515 2691 3549 :
2721 3495 2948 3548 Perdant
2982 3495 3293 3563 sapientiam
3313 3511 3399 3547 sa-

1853 3593 2126 3665 pientium,
2152 3599 2200 3644 et
2238 3589 2636 3660 intelligentiam
2675 3587 3067 3656 intelligentiam
3093 3584 3396 3653 despiciam.

1855 3687 2023 3742 Docet
2059 3687 2204 3740 enim
2237 3683 2437 3751 ubique
2469 3695 2706 3752 presens
2739 3678 3036 3748 Scriptura,
3063 3676 3208 3747 quod
3233 3677 3286 3732 in
3313 3676 3402 3731 die

1849 3778 2061 3850 judicii,
2095 3791 2268 3845 neque
2299 3776 2450 3830 dives
2494 3775 2731 3842 seipsqu
2770 3771 3150 3840 redempturus
3183 3769 3272 3834 sit,
3306 3784 3392 3824 ne-

1853 3887 1959 3941 que
1985 3869 2160 3939 quivis
2186 3867 2403 3936 sapiens
2433 3866 2794 3921 existimatus.
2822 3861 2999 3916 Vitam
3033 3873 3211 3916 autern
3244 3871 3396 3916 teter-

1852 3978 1976 4018 nam
2005 3963 2052 4017 is
2081 3961 2230 4016 solus
2258 3970 2617 4026 consequetur
2645 3957 2740 4025 qui
2773 3957 2827 4010 in
2860 3955 2962 4009 hac
2997 3955 3104 4008 vita
3132 3968 3189 4008 se
3220 3965 3399 4006 mace-

1852 4053 2071 4108 raverit.
2106 4048 2277 4106 Simul
2318 4050 2565 4118 insipiens
2607 4057 2656 4101 et
2701 4047 2894 4098 stultus
2941 4043 3180 4113 peribunt
3211 4058 3228 4096 :
3257 4039 3397 4106 Una,

1852 4145 2049 4214 inquit,
2078 4145 2346 4212 sapientes
2374 4151 2427 4194 et
2456 4141 2604 4194 stulti
2636 4137 2894 4207 perniciei
2923 4135 3202 4190 tradentur
3234 4153 3248 4188 :
3288 4148 3398 4188 non

1851 4237 2105 4293 diil‘erunt
2150 4236 2292 4291 enim
2348 4242 2535 4286 mutuo
2565 4272 2578 4294 ,
2633 4229 2796 4284 simili
2851 4227 3168 4284 idololatria:
3216 4225 3399 4297 generi

1851 4328 2039 4384 dediti.
2094 4326 2163 4380 Et
2199 4326 2483 4394 relinquent
2526 4323 2710 4378 alienis
2757 4321 2969 4375 diuitias
3022 4335 3166 4374 suas.
3213 4316 3400 4387 Neque

1851 4420 1997 4473 enim
2039 4418 2159 4472 illas
2187 4415 2289 4471 sibi
2319 4417 2564 4486 proprias
2606 4424 2660 4468 et
2702 4414 2887 4467 ﬁrmas
2923 4412 3254 4466 constituere
3303 4423 3399 4464 vo-

1854 4511 2092 4572 luerunt,
2123 4508 2395 4563 beneﬁciis
2419 4521 2543 4575 erga
2569 4519 2790 4576 egenos.

279 4568 381 4620 Kal
406 4572 461 4622 οι
491 4569 664 4637 τάφοι
687 4568 881 4623 αὐτῶν
906 4572 1082 4624 οἰκίαι
1106 4571 1302 4624 αὐτῶν
1325 4574 1412 4637 είς
1436 4573 1540 4626 τὸν
1553 4572 1750 4628 αιῶνιι.

1927 4602 2009 4655 12.
2070 4568 2138 4651 Et
2176 4599 2413 4667 sepulcra
2460 4568 2638 4650 eorum
2689 4595 2873 4647 domus
2908 4593 3120 4647 illorum
3154 4595 3209 4645 in
3246 4603 3393 4645 teter-

216 4656 304 4709 Διά
324 4659 430 4711 τῶν
454 4660 641 4727 τάφων
659 4659 755 4730 τὴν
791 4661 1082 4732 νεκρότητα
1118 4663 1367 4732 σημαίνει
1410 4663 1476 4734 ἠν
1509 4665 1756 4719 ἐνέδυσαν

214 4745 306 4816 τὴν
328 4747 504 4819 ψυχήν
526 4749 722 4815 αὐτῶν,
760 4751 909 4804 οὐδὲν
931 4751 1086 4822 ὀρθὸν
1120 4753 1238 4806 οὐδὲ
1277 4754 1430 4817 eset;
1460 4758 1756 4826 φρονήσαν-

212 4852 295 4901 τες
324 4842 449 4912 περὶ
481 4841 638 4894 Θεοῦ.
667 4841 1025 4911 Σκηνώματα
1064 4843 1262 4897 αὐτῶν
1299 4848 1386 4911 εἰς
1421 4846 1630 4916 γενεὰν
1659 4848 1753 4900 καί

213 4931 433 4996 τενεάν.
467 4934 536 4986 Ai
561 4933 777 5002 σκηναὶ,
812 4935 993 5004 φησιν,
1020 4935 1077 4986 ἐν
1108 4930 1194 4999 αἷς
1229 4936 1426 5000 ζῶντες
1455 4936 1630 5007 ᾤκουν
1662 4939 1752 5008 ἀφ’

213 5023 399 5095 ἐτέρων
425 5029 505 5089 είς
555 5026 770 5096 ἑτέρους
794 5027 978 5095 ἥξουσι
1009 5031 1146 5081 κατά
1176 5029 1364 5095 γενεάς
1385 5047 1398 5060 ο
1445 5029 1601 5083 τοῦτο
1647 5032 1753 5102 γὰρ

212 5117 297 5168 καί
330 5118 585 5189 ἀνωτέρω
608 5120 852 5188 εἴρηκεν,
881 5120 961 5171 ὅτι
985 5121 1454 5189 καταλείψουσιν
1479 5122 1751 5192 ἀλλοτρί-

213 5224 294 5274 οις
318 5208 421 5262 τὸν
446 5209 714 5263 ,πλοῦτον
743 5209 954 5264 αὐτῶν.
1000 5212 1468 5267 Ἐπεκαλέσαντο
1499 5214 1570 5268 τὰ
1619 5217 1751 5270 ὀνό-

209 5315 353 5364 ματα
393 5300 594 5355 αὐτῶν
640 5301 736 5353 ἐπὶ
789 5301 906 5354 τῶν
943 5301 1140 5370 ταιῶν.
1189 5305 1336 5367 Δέον,
1368 5305 1519 5375 φησὶ,
1548 5307 1634 5362 διὰ
1665 5307 1751 5360 πίε

214 5406 369 5456 στεως
402 5394 498 5447 καὶ
529 5393 797 5456 πολιτείας
821 5393 1074 5466 λαμπρᾶς
1103 5397 1515 5467 παρασκευάσαι
1547 5399 1752 5470 γραφῆς

211 5497 290 5534 ναι
311 5483 487 5537 αὐτῶν
512 5483 582 5538 τὰ
602 5483 835 5554 ὀνόματα
863 5486 920 5536 ἐν
947 5488 1054 5547 τοῖς
1078 5487 1320 5555 οὐρανοῖς
1343 5503 1356 5516 ·
1387 5488 1434 5538 oi
1458 5485 1513 5538 δὲ
1537 5487 1629 5540 ἐπὶ
1652 5488 1750 5559 τῆς

211 5572 302 5642 γῆς
331 5574 468 5628 αὐτὰ
498 5575 895 5628 ἐπεκαλέσαντο
926 5575 1242 5646 ἐπωνύμους
1269 5578 1449 5641 αὐτοῖς
1478 5579 1747 5643 κτίζοντες

211 5664 396 5730 πόλεις.

304 5858 346 5892 ³³
402 5861 558 5920 Rom.
586 5881 650 5929 tt,
675 5865 726 5919 5.
794 5865 838 5896 “
873 5866 972 5918 lsa.
1007 5879 1154 5930 satis,
1211 5864 1306 5930 ll;
1337 5864 1352 5917 l
1382 5862 1505 5921 Cor.
1537 5882 1584 5931 ι,
1618 5867 1700 5920 ts.

1855 4708 1998 4746 num.
2030 4689 2131 4745 Per
2168 4691 2413 4760 sepulcra
2448 4689 2828 4742 mortalitatem
2870 4684 3140 4755 signiﬁcat
3169 4697 3275 4754 qua
3310 4682 3394 4736 in-

1853 4785 2087 4839 duerunt
2115 4784 2350 4838 animam
2381 4797 2558 4847 suam,
2594 4779 2727 4833 nihil
2749 4777 3000 4847 probum,
3022 4776 3155 4830 nihil
3186 4785 3394 4830 rectum

1853 4877 2033 4929 animo
2077 4881 2353 4928 versantes
2397 4873 2538 4926 circa
2584 4869 2770 4925 Deum.
2823 4867 3180 4921 Tabernacula
3218 4883 3396 4921 eorum

1852 4970 1905 5020 in
1939 4967 2177 5036 progenie
2222 4974 2271 5019 et
2319 4965 2576 5034 progenie.
2631 4961 3026 5024 Tabernacula,
3089 4961 3143 5014 in
3199 4961 3396 5029 quibus

1850 5061 1978 5114 dum
2014 5060 2176 5112 vitam
2205 5068 2424 5128 agerent
2476 5056 2811 5117 habitabant,
2864 5054 2932 5107 ab
2988 5053 3110 5108 aliis
3150 5052 3215 5106 ad
3259 5051 3395 5106 alios

1851 5155 2244 5218 consequenter
2277 5163 2372 5217 per
2417 5148 2789 5219 generationes
2839 5146 3020 5200 varias
3065 5143 3390 5198 devenient:

1852 5240 1979 5294 illud
2033 5241 2176 5294 enim
2233 5239 2484 5308 superius
2536 5253 2753 5307 quoque
2806 5238 3051 5302 dixerat,
3104 5236 3391 5304 relinquent

1851 5334 2034 5387 alienis
2093 5335 2304 5387 divitias
2354 5349 2498 5386 suas.
2550 5329 2869 5384 Vocarerunt
2920 5329 3130 5383 nomina
3184 5345 3281 5380 sua
3339 5328 3395 5379 in

1851 5425 2023 5480 terris.
2052 5423 2154 5478 Par
2180 5432 2315 5487 erat,
2345 5424 2440 5489 ait,
2470 5433 2530 5478 ut
2561 5439 2654 5493 per
2677 5422 2836 5477 ﬁdem
2865 5430 2920 5475 et
2959 5420 3273 5491 praeclaram
3307 5419 3392 5473 iri-

1849 5519 2181 5574 stitutionem
2217 5518 2267 5572 id
2316 5518 2609 5581 edicerent,
2660 5527 2718 5570 ut
2775 5516 3013 5585 ipsorum
3072 5513 3294 5567 nomina
3340 5513 3392 5566 in

1848 5613 1999 5666 etnlis
2041 5610 2512 5675 describerentur;
2546 5609 2622 5664 illi
2670 5618 2850 5662 autem
2883 5608 2935 5660 iu
2967 5605 3127 5662 terris
3165 5619 3394 5660 vocave-

1848 5711 1994 5770 runt,
2021 5717 2142 5759 cum
2171 5703 2519 5773 cognomines
2545 5699 2648 5756 sibi
2682 5699 2844 5756 urbes
2870 5702 3268 5755 construerent.
