4108 6486
714 435 818 489 227

1507 431 1561 486 S.
1606 431 1967 486 ATHANASII
2009 433 2157 487 OPP.
2200 432 2377 487 PARS
2416 431 2499 485 111.
2543 462 2607 471 --
2642 429 3054 485 EXEGETICA.

3798 427 3895 482 218

787 548 869 601 15.
934 546 1000 599 Et
1034 547 1181 599 homo
1210 563 1325 599 cum
1345 552 1397 599 in
1430 545 1620 598 honore
1656 556 1785 598 esset
1816 563 1919 599 non
1964 548 2241 602 intellexit.
2273 552 2298 608 Α

2416 546 2523 600 Kal
2556 546 2861 614 ἅνθρωπος
2883 547 2953 599 ἐν
2981 544 3115 614 τιμῇ
3135 545 3218 597 ῶν
3242 546 3313 598 οὐ
3344 542 3596 612 συνῆκε.
3628 544 3704 598 Τό
3738 546 3900 600 αῐτιον

715 642 845 708 Quae
878 654 1041 693 causa
1068 636 1226 692 fuerit
1260 637 1405 708 quod
1433 637 1532 707 ipsi
1571 651 1636 690 eo
1665 637 1797 706 lapsi
1828 638 1938 691 sint
1967 648 2023 693 ut
2058 639 2163 694 alte
2187 639 2252 694 de

712 750 771 787 se
797 733 1075 794 sentirent,
1109 731 1351 786 enuntiat
1388 730 1497 793 ille,
1540 728 1788 783 videlicet
1827 730 2006 784 carnis
2052 744 2251 785 concu-

712 825 1003 895 piscentiae.
1039 821 1149 876 Hoc
1179 832 1354 875 autem
1390 830 1473 875 est
1514 820 1772 875 honorem
1820 821 2100 890 proprium
2144 837 2250 875 non

714 917 1024 986 intelligere,
1046 914 1185 983 quod
1212 912 1419 967 scilicet
1441 912 1506 967 ad
1537 912 1822 982 imaginem
1843 911 1935 966 Dei
1966 911 2091 967 facti
2115 913 2244 967 sint.

714 1008 792 1063 Ad
822 1006 1228 1061 similitudinem
1260 1016 1436 1059 autem
1465 1004 1828 1073 iumentorum
1854 1004 2246 1073 insipientium,

715 1114 821 1168 prae
844 1098 1156 1153 caelestibus
1193 1095 1555 1150 tabernaculis
1594 1106 1792 1150 terram
1830 1094 2069 1148 incolere
2105 1094 2251 1147 dele-

710 1198 922 1261 gerunt,
962 1198 1015 1243 et
1043 1188 1289 1258 sepulcra
1318 1203 1345 1242 a
1380 1186 1489 1242 Deo
1536 1186 1893 1242 concedenda:
1941 1186 2063 1238 vitae
2101 1200 2239 1254 pra:-

708 1282 968 1335 tulerunt.

781 1372 866 1426 i4.
925 1370 1052 1425 Hazc
1083 1371 1164 1424 via
1208 1370 1419 1424 illorum
1449 1370 1757 1425 scandalum
1800 1370 1947 1438 ipsis.
1976 1368 2129 1422 Viam
2162 1368 2245 1421 di-

708 1463 845 1516 vinas
902 1462 1089 1515 litterae
1149 1460 1410 1529 cujusque
1463 1460 1696 1513 hominis
1750 1459 1911 1513 vitam
1967 1456 2246 1528 appellare

713 1558 1123 1614 consueverunt,
1182 1556 1235 1603 et
1293 1550 1414 1603 vita:
1469 1548 1746 1602 hominum
1808 1556 2038 1617 tempus.
2098 1546 2246 1603 Hanc

708 1654 858 1711 ergo,
908 1641 1002 1702 ait,
1035 1656 1278 1709 asperam
1312 1649 1365 1694 et
1392 1640 1631 1696 odiosam
1655 1642 1819 1693 vitam
1858 1639 2067 1708 paravit
2099 1640 2239 1702 illis,

708 1733 836 1800 quia
880 1740 1085 1785 rectum
1134 1730 1267 1783 nihil
1320 1732 1601 1786 sentirent.
1657 1730 1760 1786 Sed
1796 1731 2013 1799 quando
2046 1731 2099 1784 in
2151 1731 2243 1784 illa

708 1822 1070 1892 profecerunt,
1097 1834 1206 1877 lum
1255 1823 1508 1878 scandala
1551 1838 1616 1877 ne
1648 1824 1951 1877 sentiebant
2000 1822 2241 1891 quidem.

2349 639 2439 693 τοῦ
2466 640 2713 691 ἐκπεσεῖν
2734 638 2927 701 αὐτοῦς
2957 639 3033 700 εἰς
3061 638 3120 690 τὸ
3162 638 3299 709 μέγα
3339 640 3552 709 φρονεῖν
3583 638 3652 690 τά
3702 639 3899 710 σαρκὸς

2348 728 2735 799 ἐπιθυμήματα
2784 728 2951 795 λέγει.
2986 727 3153 780 Τοῦτο
3204 727 3261 780 δέ
3300 729 3413 781 ἐστι
3443 728 3503 780 τὸ
3538 727 3613 798 μὴ
3668 727 3901 779 συνιέναι

2347 820 2442 889 τὴν
2460 820 2621 888 τιμὴν
2641 817 2835 880 αὐτῶν,
2862 817 3021 886 ὁτιδὴ
3052 816 3170 868 κατ’
3200 815 3381 868 είκόνα
3403 814 3728 884 πεποίηνται
3750 812 3900 865 Θεοῦ.

2359 912 2581 981 Ὁμοίως
2600 910 2654 962 δὲ
2682 913 2792 973 τοῖς
2822 912 3040 979 κτήνεσι
3058 912 3167 971 τοῖς
3191 909 3434 978 ἀνοήτοις
3463 907 3566 977 γῆν
3596 908 3770 959 οίκεῖν
3792 905 3903 958 ἀντὶ

2344 1004 2452 1055 τῶν
2480 1001 2744 1073 οὐρανίων
2781 1000 2991 1069 σκηνῶν
3012 998 3430 1071 κατηλλάξαντο,
3447 999 3537 1051 καὶ
3558 998 3767 1066 τάφους
3791 996 3903 1048 ἀντὶ

2344 1095 2444 1163 τῆς
2472 1092 2619 1163 παρά
2650 1091 2783 1144 Θεοῦ
2808 1090 2973 1160 ζωῆς.

2412 1362 2570 1428 Αὕτη
2594 1361 2632 1427 ἠ
2667 1359 2805 1425 ὁδὸς
2822 1357 3019 1412 αὐτῶν
3053 1356 3410 1411 σκάνδαλον
3430 1355 3651 1423 αὐτοῖς.
3696 1355 3844 1410 Ὀδδν
3869 1358 3899 1426 ἡ

2345 1447 2463 1501 Θεία
2499 1447 2687 1518 Γραφὴ
2720 1448 2809 1499 τὸν
2838 1447 3065 1499 ἑκάστου
3114 1445 3226 1515 βίον
3253 1441 3359 1498 οἶδε
3413 1445 3617 1510 καλεῖν,
3675 1446 3772 1498 καὶ
3816 1445 3901 1498 τὸν

2344 1540 2570 1593 ἑκάστου
2599 1538 2695 1607 τῆς
2714 1537 2885 1607 ἵζωῆς
2933 1538 3141 1607 χρόνον.
3175 1537 3386 1607 Ταύτην
3418 1533 3511 1591 οὖν
3532 1577 3548 1601 ,
3608 1539 3765 1608 φησὶ,
3809 1538 3900 1608 τὴν

2342 1629 2458 1682 ὁδὸν
2478 1630 2731 1699 τραχεῖαν
2775 1629 2868 1681 καὶ
2895 1628 3093 1699 ἐχθρὰν
3122 1627 3520 1681 κατεσκεύασεν
3567 1629 3773 1690 αὐτοῖς,
3810 1630 3897 1681 ἅτε

2348 1720 2508 1791 μηδὲν
2539 1719 2690 1783 εὑθὲς
2736 1720 3155 1789 πεφρονηκότες.
3218 1718 3354 1771 Ἀλλ’
3387 1719 3475 1771 ὅτε
3509 1718 3608 1789 μὲν
3638 1720 3897 1789 προσέιιο⁴

2347 1828 2477 1864 πτον
2504 1814 2559 1863 ὲν
2592 1810 2749 1880 αὐτῇ,
2778 1811 2877 1863 οὐκ
2902 1811 3194 1879 ᾐσθάνοντο
3224 1810 3331 1862 τῶν
3378 1809 3705 1864 σκανδάλων.
3745 1814 3899 1864 Metu

714 1914 899 1966 Postea
940 1929 1065 1969 vero
1094 1917 1148 1968 in
1191 1931 1278 1968 ore
1306 1930 1398 1967 suo
1426 1914 1833 1983 complacebunt,
1884 1915 2038 1984 quasi
2080 1915 2243 1978 dicat,
2277 1894 2298 1949 1

2348 1902 2622 1955 δὲταῦτα
2667 1902 2737 1954 ὲν
2783 1900 2862 1966 τῷ
2894 1903 3141 1970 στόματι
3185 1899 3378 1955 αὐτῶν
3423 1901 3897 1966 εὐδοκήσουσιν,

708 2002 1113 2059 Conlitebuntur
1136 2004 1506 2074 paenitentiam
1537 2012 1775 2075 agentes,
1807 2006 1949 2076 quod
1972 2005 2027 2059 in
2055 2006 2245 2077 hujus-

708 2092 851 2146 modi
891 2094 979 2148 via
1033 2095 1383 2161 incesserint;
1425 2096 1517 2151 sed
1567 2096 1787 2168 quando
1833 2113 1939 2151 non
1968 2097 2074 2151 erit
2105 2099 2245 2151 ultra

708 2184 1036 2252 poenitentiae
1068 2196 1301 2255 tempus.

778 2275 864 2329 15.
933 2273 1083 2330 Sicut
1127 2294 1239 2332 oues
1280 2279 1334 2331 in
1376 2278 1577 2347 inferno
1632 2279 1788 2348 positi
1838 2288 1978 2334 sunt.
2020 2277 2248 2345 Quando

709 2366 996 2419 noluerunt
1038 2369 1140 2421 sub
1183 2366 1326 2421 bono
1369 2378 1586 2437 pastore
1635 2384 1838 2440 agere:
1888 2368 1983 2423 sed
2031 2369 2245 2440 repulso

709 2456 932 2520 honoro,
975 2456 1195 2525 perinde
1226 2464 1387 2528 atque
1414 2458 1660 2526 iumenta
1716 2475 1946 2529 corpore
1997 2462 2242 2527 corrupti

704 2556 860 2611 sunt;
892 2546 1090 2603 idcirco
1112 2563 1306 2619 pecora
1334 2549 1529 2605 inl'erni
1555 2548 1730 2604 elIecti
1764 2560 1909 2615 sunt,
1942 2551 2017 2605 ita
2057 2558 2117 2605 ut
2146 2551 2247 2605 de-

706 2655 852 2695 mum
884 2650 1067 2709 pastor
1108 2656 1296 2696 eorum
1332 2641 1398 2695 ad
1443 2656 1641 2710 pascua
1688 2657 1786 2697 sua
1836 2642 2069 2697 abducat
2118 2657 2242 2707 eos,

704 2732 841 2786 alios
868 2732 1081 2801 quidem
1114 2731 1167 2786 in
1194 2733 1367 2802 ignem
1394 2741 1689 2799 aeternum;
1722 2734 1842 2789 illos
1870 2749 1936 2789 eo
1960 2735 2049 2789 ubi
2087 2734 2244 2790 ﬂetus

706 2833 757 2878 et
793 2824 989 2879 stridor
1016 2824 1277 2891 dentium,
1309 2824 1444 2880 alios
1468 2825 1523 2879 in
1549 2826 1795 2880 tenebras
1818 2826 2132 2881 exteriores.

2349 1995 2467 2048 ἀντὶ
2492 1993 2606 2056 τοῦ,
2646 1994 3062 2064 Ὀμολογήσουσι
3103 1995 3525 2062 μετανοήσαντες
3557 1992 3640 2061 ἐφ’
3676 1986 3759 2055 οἷς
3793 2009 3897 2045 τοι·

2346 2088 2516 2157 αὐτην
2554 2086 2789 2140 ὥδευσαν
2821 2086 3023 2159 τρίϐον,
3049 2087 3137 2139 ὅτε
3163 2087 3259 2155 οὐχ
3282 2086 3461 2152 ἕξουσι
3486 2085 3585 2156 τῆς
3620 2085 3899 2156 μετανοίας

2349 2176 2555 2247 καιρόν.

2426 2268 2522 2334 Ὠς
2550 2267 2808 2335 πρόϐατα
2828 2266 2898 2319 ὲν
2917 2264 3030 2333 ᾅδῃ
3054 2264 3276 2320 ἔθεντο.
3328 2267 3546 2339 Ἐπειδὴ
3585 2268 3685 2321 οὐκ
3712 2266 3900 2338 ἠθέλη-

2346 2377 2445 2414 σαν
2474 2359 2578 2412 ὑπὸ
2604 2359 2695 2412 τὸν
2726 2358 2934 2426 ἀγαθὸν
2961 2353 3099 2411 εἶναι
3119 2358 3368 2427 ποιμένα,
3405 2360 3540 2413 ἀλλά
3571 2361 3669 2429 τὴν
3697 2359 3903 2412 ἑαυτῶν

2345 2452 2507 2521 τιμὴν
2556 2451 2907 2520 ἀπωσάμενοι
2928 2490 2944 2513 ,
2978 2450 3369 2520 παραπλησίως
3423 2453 3535 2513 τοῖς
3582 2454 3803 2521 κτήνεσι
3836 2467 3901 2503 τα

2348 2540 2573 2611 σώματα
2593 2540 2959 2612 διεφθάρησαν
2978 2557 2992 2569 ·
3018 2540 3187 2613 ταύτῃ
3211 2558 3291 2595 τοι
3319 2540 3413 2595 καὶ
3441 2540 3731 2613 θρέμματα
3751 2558 3901 2609 γεγο-

2345 2649 2495 2686 νασιν
2526 2632 2674 2701 ᾅδου,
2702 2632 2777 2695 ὡς
2804 2633 2988 2687 λοιπὸν
3024 2634 3185 2687 αὑτὸν
3228 2633 3580 2703 ποιμαίνοντα
3600 2634 3796 2696 αὐτοὺς
3823 2636 3899 2694 είς

2346 2724 2441 2787 τάς
2472 2723 2632 2776 αὑτοῦ
2673 2724 2842 2793 νομὰς
2887 2722 3134 2788 ἀπάξειν,
3164 2725 3287 2785 τοὺς
3335 2725 3433 2805 μὲν
3468 2726 3546 2787 είς
3584 2724 3645 2776 τὸ
3688 2724 3800 2795 πῦρ
3843 2723 3902 2773 ’ὃ

2348 2814 2581 2878 αἰώνιον,
2610 2816 2733 2879 τοὺς
2756 2815 2812 2869 δὲ
2842 2817 2973 2868 ὅπου
3008 2818 3036 2869 ό
3067 2814 3337 2885 κλαυθμὸς
3365 2816 3458 2868 καὶ
3510 2814 3753 2885 βρυγμὸς
3798 2811 3898 2868 τὼ.

2348 2905 2590 2970 ὀδόντων,
2624 2907 2747 2970 τοὺς
2770 2906 2826 2960 δὲ
2859 2908 2937 2970 είς
2969 2909 3027 2959 τὸ
3054 2906 3242 2970 σκότος
3265 2905 3326 2959 τὸ
3353 2904 3634 2978 ἐξώτερον.

774 3015 969 3085 Adjicit
1016 3016 1201 3069 Daniel
1260 3015 1545 3069 Barbarus.
1591 3015 1857 3069 Caeterum
1900 3014 2054 3085 juxta
2103 3012 2485 3085 Symmachum
2534 3032 2548 3069 :
2591 3015 2714 3071 Hac
2778 3015 2866 3071 via
2924 3016 3140 3070 illorum
3193 3014 3475 3069 dementia
3510 3016 3662 3085 ipsis,
3704 3024 3898 3086 posteri

704 3121 830 3161 vero
886 3107 1099 3160 illorum
1148 3120 1448 3161 sermonem
1503 3108 1807 3175 probabunt
1862 3124 1875 3160 :

1934 3121 2043 3161 non
2095 3106 2240 3162 enim
2282 3107 2468 3176 primis
2498 3116 2583 3161 sat
2621 3106 2723 3161 l'uit
2754 3108 2831 3161 uti
2873 3106 3157 3161 dementia:
3216 3106 3322 3167 via,
3380 3105 3483 3159 nisi
3522 3107 3681 3159 etiam
3729 3105 3901 3174 perni-

704 3200 910 3255 ciosum
938 3199 1165 3268 posteris
1194 3200 1497 3270 exemplum
1533 3198 1661 3254 facti
1706 3200 1881 3255 simile
1942 3198 2010 3252 ad
2070 3200 2155 3253 sui
2205 3198 2561 3253 imitationem
2607 3197 2845 3253 studium
2907 3198 3011 3252 illis
3059 3197 3448 3267 relinquerent,
3505 3206 3565 3251 ut
3609 3207 3663 3251 et
3705 3182 3902 3266 posteri

703 3290 757 3345 in
785 3304 996 3344 morum
1040 3306 1260 3346 suorum
1304 3292 1385 3346 via
1414 3291 1515 3347 sibi
1550 3291 1839 3359 placerent,
1882 3298 1935 3343 et
1960 3289 2079 3345 illos
2113 3289 2412 3345 imitatione
2459 3298 2831 3358 sequerentur.

773 3380 841 3433 Et
878 3381 1282 3435 dominabuntur
1319 3397 1495 3434 eorum
1514 3380 1653 3450 justi
1700 3382 1754 3434 in
1806 3384 2081 3436 matutino.
2123 3380 2241 3437 Non
2270 3392 2298 3450 (ζ

2412 3381 2519 3435 Καὶ
2546 3379 3119 3447 κατακυριεύσευσιν
3142 3378 3339 3434 αὐτῶν
3358 3383 3411 3434 ol
3430 3380 3622 3446 εὐθεῖς
3647 3379 3714 3431 τὸ
3735 3381 3898 3448 πρωΐ.

705 3471 953 3533 ulterius,
996 3470 1449 3539 quemadmodum
1487 3471 1543 3524 in
1587 3471 1687 3526 hac
1732 3471 1836 3525 vita
1876 3486 1999 3526 cum
2043 3480 2248 3537 essent,

702 3562 964 3617 adversus
1019 3561 1138 3630 pios
1191 3562 1437 3617 homines
1487 3563 1808 3632 insurgunt;
1839 3577 2025 3616 verum
2062 3571 2251 3616 contra

702 3655 793 3722 qui
826 3652 1091 3707 matutino
1129 3663 1369 3722 tempore
1410 3653 1613 3721 dignati
1663 3662 1790 3707 sunt
1832 3661 1885 3707 et
1916 3668 2055 3707 novo
2091 3654 2252 3707 Iunti-

705 3756 795 3808 ne,
842 3741 1020 3811 impiis
1051 3742 1411 3809 imperabunt.
1463 3741 1533 3794 Et
1586 3744 1840 3795 auxilium
1883 3760 2060 3796 eorum
2120 3753 2252 3796 rete-

705 3846 865 3888 rascet
895 3835 948 3887 in
992 3834 1214 3903 inferno,
1243 3844 1347 3890 etc.
1389 3832 1581 3897 Omne,
1619 3835 1811 3904 inquit,
1849 3836 2109 3889 auxilium
2154 3850 2250 3889 eo-

704 3940 845 3991 rum,
892 3926 1097 3980 scilicet
1128 3926 1304 3978 virtus
1347 3940 1511 3994 quam
1568 3926 1883 3980 obtinebant
1928 3942 1996 3980 ex
2032 3927 2203 3997 gloria
2232 3968 2249 3994 ,

705 4022 877 4067 morte
909 4013 1254 4067 dissolvetur.
1297 4012 1432 4067 Illud
1459 4015 1628 4077 enim,
1665 4026 1959 4082 veterascet,
2000 4031 2098 4087 pro
2144 4017 2253 4071 solo

711 4112 859 4159 vetur
889 4103 1122 4175 positum
1168 4114 1270 4159 est.

782 4193 869 4247 16.
944 4193 1309 4249 Verumtamen
1360 4195 1494 4252 Deus
1550 4197 1762 4252 redimet
1810 4200 2039 4253 animam
2084 4217 2251 4255 meam

702 4286 767 4338 de
791 4302 948 4338 manu
988 4288 1165 4357 inferi,
1208 4305 1325 4341 cum
1357 4291 1606 4357 acceperit
1640 4307 1737 4343 me.
1788 4290 1909 4358 Mei,
1946 4294 2138 4362 inquit,
2175 4295 2249 4348 ita

706 4378 973 4447 loquentis
1013 4380 1247 4433 animam
1282 4379 1509 4434 redimet
1540 4380 1701 4446 Dens,
1737 4391 1796 4437 ut
1824 4398 1891 4437 ne
1932 4399 2037 4438 una
2078 4385 2248 4439 abdu-

705 4480 855 4525 catur
881 4470 993 4538 illa,
1027 4481 1082 4526 et
1113 4473 1389 4528 deseratur
1422 4489 1545 4529 cum
1577 4474 1768 4529 ovibus
1795 4475 2012 4532 inferni.

782 4644 870 4701 17.
906 4644 987 4700 Ne
1016 4648 1246 4704 timueris
1291 4666 1409 4703 cum
1452 4650 1593 4707 dives
1642 4654 1812 4723 factus
1863 4656 2021 4725 fuerit
2074 4658 2242 4712 homo.

703 4735 839 4790 Cum
869 4738 1139 4804 didiceris,
1173 4743 1266 4807 ait,
1317 4745 1408 4813 qui
1460 4746 1584 4800 linis
1653 4750 1757 4803 erit
1811 4749 2119 4820 impiorum,
2179 4729 2320 4807 neD

707 4825 893 4883 beatos
918 4830 1177 4898 praedices
1214 4848 1307 4888 eos
1338 4837 1429 4904 qui
1462 4837 1514 4891 in
1548 4836 1658 4893 vita
1694 4838 1886 4896 divites
1916 4851 1969 4896 et
2009 4844 2248 4913 opulenti

708 4929 854 4985 sunt,
886 4936 992 4975 non
1025 4926 1216 4981 timeas
1241 4928 1397 4995 quasi
1444 4931 1589 4984 omni
1636 4946 1729 5001 spe
1772 4932 2117 4997 interclusus,
2154 4951 2251 4991 nec

710 5020 769 5062 ut
799 5011 1010 5082 magnis
1054 5016 1274 5072 orbatus
1321 5022 1603 5088 praesentis
1654 5022 1774 5075 vita:
1836 5024 2013 5089 bonis,
2068 5026 2250 5080 animo

709 5102 945 5157 delicias.
970 5103 1139 5161 Probe
1165 5112 1305 5164 nosti
1331 5111 1458 5180 quia
1491 5120 1542 5167 te
1572 5124 1848 5183 exspectat
1893 5117 2192 5185 redemptio
2219 5133 2247 5171 a

710 5203 880 5247 morte
901 5202 955 5247 et
987 5198 1088 5250 vita
1114 5209 1334 5254 aeterna.
1375 5203 1475 5268 Qui
1516 5216 1693 5261 autem
1730 5224 1758 5261 a
1789 5209 1972 5262 multis
1998 5210 2249 5275 praedica-

710 5292 794 5335 tur
826 5284 894 5338 ob
925 5286 1139 5341 divitias
1177 5291 1533 5363 gloriamque,
1568 5307 1621 5349 et
1660 5299 1728 5352 ob
1760 5300 1902 5352 illam
1938 5300 2072 5355 falso
2110 5317 2251 5356 nun-

709 5384 953 5442 cupatam
987 5379 1321 5448 sapientiam,
1356 5386 1488 5439 nihil
1540 5389 1659 5455 plus
1715 5390 1951 5458 habebit,
2015 5394 2250 5451 nudatus

711 5467 904 5535 quippe
933 5472 1201 5537 omnibus,
1236 5490 1265 5529 a
1293 5479 1412 5533 vitae
1443 5479 1598 5535 bonis
1627 5482 1943 5551 abripietur.

782 5555 866 5610 18.
938 5556 1194 5623 Quoniam
1238 5582 1351 5619 cum
1402 5570 1653 5624 interierit
1703 5590 1801 5627 non
1849 5587 2013 5631 sumet
2048 5582 2244 5637 omnia.

712 5642 824 5702 Hoc
847 5648 1019 5704 solum
1066 5653 1218 5719 lucri,
1261 5660 1354 5719 ait,
1396 5677 1423 5713 a
1459 5662 1663 5718 divitiis
1699 5669 1971 5726 acernisse
1999 5672 2249 5728 videntur

2350 3472 2542 3527 Οὐκέτι
2599 3471 2784 3541 ῶσπερ
2833 3472 2890 3524 ὲν
2920 3470 2997 3540 τῷ
3025 3471 3251 3543 παρόντι
3283 3472 3384 3542 βίῳ
3426 3472 3595 3534 ὅντες,
3648 3472 3902 3535 κατεξαν-

2353 3563 2589 3616 ίστανται
2622 3560 2729 3613 τῶν
2776 3560 3042 3616 εὐσεϐῶν·
3078 3562 3381 3615 τούναντίον
3426 3562 3481 3614 δὲ
3510 3564 3557 3614 οἱ
3585 3562 3678 3614 τοῦ
3714 3560 3901 3633 καιροῦ

2349 3655 2445 3723 τῆς
2477 3654 2685 3724 πρωῖας
2715 3651 3029 3717 ἀξιωθέντες
3054 3655 3147 3707 καὶ
3170 3653 3262 3707 τοῦ
3294 3654 3414 3707 νέου
3451 3654 3621 3723 φωτὸς
3647 3654 3757 3707 τῶν
3781 3656 3903 3708 ἀσεο

2350 3743 2459 3797 ϐῶν
2497 3742 2997 3815 κατακυριεύσουσι.
3034 3744 3143 3798 Καί
3193 3748 3232 3813 ἡ
3283 3745 3531 3813 ,ϐοήθεια
3567 3745 3766 3800 αὐτῶν
3796 3763 3902 3800 πασ-

2348 3834 2735 3902 λαιωθήσεται
2776 3835 2844 3887 ἐν
2889 3833 2968 3898 τῷ
2988 3834 3124 3903 ᾄδῃ.
3152 3836 3328 3899 Πᾶσα,
3356 3836 3545 3905 φησὶν,
3597 3838 3630 3907 ἡ
3686 3836 3902 3908 βοήθεια

2350 3926 2543 3992 αὐτῶν,
2592 3927 2709 3996 ἦτοι
2742 3927 2773 3995 ή
2805 3926 2953 3995 ίσχὺς
2985 3926 3052 3996 ἠν
3095 3926 3249 3997 ἔσχον
3276 3930 3338 3980 ὲκ
3364 3928 3461 3999 τῆς
3488 3928 3665 4000 δόξης,
3695 3928 3773 3999 τῷ
3809 3928 3900 3983 θαι

2350 4018 2497 4089 νάτῳ
2522 4016 2918 4087 διαλυθήσεται.
2948 4018 3020 4070 Τὸ
3048 4018 3185 4089 γὰρ,
3235 4019 3703 4083 παλαιωθήσεται
3724 4059 3740 4084 ,
3785 4020 3901 4074 ἀντὶ

2348 4108 2465 4172 τοῦ,
2492 4108 2886 4180 διαλυθήσεται,
2916 4108 3169 4163 τέθειται.

2421 4199 2591 4265 Πλὴν
2642 4200 2674 4251 ό
2706 4198 2846 4262 Θεὸς
2900 4198 3260 4265 λυτρὼσεται
3303 4198 3415 4268 τὴν
3445 4198 3655 4268 ψυχήν
3685 4218 3804 4270 μου
3833 4200 3899 4255 ἐκ

2350 4290 2541 4361 χειρὸς
2572 4290 2736 4356 ᾅδου,
2767 4290 2912 4343 ὅταν
2939 4290 3208 4359 λαμϐάνῃ
3231 4308 3325 4359 με.
3373 4290 3557 4361 Ἐμοῦ,
3600 4294 3753 4363 φησὶ,
3806 4294 3899 4348 τοῦ

2347 4382 2517 4436 ταῦτα
2544 4381 2788 4449 λέγοντος
2818 4380 3147 4453 λυτρὼσεται
3173 4384 3201 4434 ό
3220 4382 3351 4445 Θεὸς
3383 4382 3481 4455 τὴν
3512 4382 3707 4455 ψυχὴν,
3765 4387 3898 4458 πρὸς

2347 4474 2407 4526 τὸ
2438 4473 2509 4543 μὴ
2553 4473 2953 4543 συναωχθῆναι
3004 4472 3188 4544 αὐτὴν,
3224 4481 3315 4527 καὶ
3366 4475 3713 4546 ἐρημωθῆναι
3763 4477 3898 4547 μετὰ

2348 4564 2453 4618 τῶν
2478 4563 2569 4617 τοῦ
2602 4564 2726 4634 ᾅδου
2762 4564 3061 4633 προϐάτων.

2418 4655 2511 4723 Μὴ
2543 4654 2748 4723 φοϐοῦ,
2774 4654 2917 4707 ὅταν
2948 4653 3261 4723 πλουτήσῃ
3288 4656 3613 4724 ἅνθρωπος.
3673 4657 3894 4721 Μαθὼν,

2349 4748 2528 4819 φησὶν,
2558 4742 2667 4802 οἷον
2692 4748 2841 4800 ἔσται
2860 4746 2966 4801 τῶν
2998 4747 3207 4800 ἀσεϐῶν
3229 4748 3288 4801 τὸ
3323 4749 3501 4812 τέλος,
3549 4750 3621 4821 μὴ
3662 4750 3895 4822 μακαρί⁹

2350 4852 2447 4909 σῃς
2494 4838 2617 4901 τοὺς
2657 4838 2713 4890 ὲν
2744 4837 2822 4907 τῷ
2842 4836 2940 4907 βίῳ
2969 4836 3347 4903 πλουτοῦντας,
3388 4840 3518 4909 μηδὲ
3546 4839 3788 4911 φοϐηθῇς
3826 4842 3898 4904 ὼς

2350 4929 2527 4997 πάσης
2548 4926 3033 4997 ἀποκεκλεισμένος
3066 4928 3293 4993 ἐλπίδος,
3345 4932 3418 4999 μὴ
3470 4930 3685 5001 ἀθυμῇς
3717 4932 3775 4985 δὲ
3824 4932 3898 4994 ὡς

2354 5020 2595 5089 μεγάλων
2649 5021 2863 5087 ἀγαθῶν
2914 5021 3020 5073 τῶν
3067 5022 3345 5091 παρόντων
3393 5023 3772 5093 ἐστερημένος.
3825 5020 3896 5076 Εὖ

2351 5111 2477 5176 ῖσθι,
2508 5112 2588 5165 ὅτι
2636 5114 2693 5165 σὲ
2730 5114 2828 5183 μὲν
2862 5114 3139 5184 περιμένει
3186 5115 3219 5184 ἡ
3254 5115 3317 5166 ὲκ
3361 5114 3587 5167 θανάτου
3633 5114 3897 5186 λύτρωσις

2349 5204 2440 5255 καὶ
2462 5204 2494 5273 ἠ
2525 5203 2735 5268 αἰώνιος
2760 5205 2870 5275 ζωή
2892 5221 2907 5234 ⁸
2940 5208 2969 5257 ό
2993 5206 3049 5258 δὲ
3076 5204 3225 5273 παρά
3249 5208 3361 5267 τοῖς
3386 5204 3597 5267 πολλοῖς
3641 5206 3895 5275 εὐδαιμο-

2348 5294 2621 5363 νιζόμενος
2646 5295 2731 5348 διὰ
2758 5296 2977 5349 πλοῦτον
3008 5297 3099 5348 καὶ⁵
3122 5295 3297 5361 δόξαν,
3328 5297 3420 5348 καὶ
3457 5295 3546 5348 διὰ
3575 5297 3674 5365 τὴν
3698 5296 3897 5365 ψευδώ-

2347 5402 2512 5455 νυμον
2528 5385 2737 5454 σοφίαν,
2762 5387 2910 5440 ούδὲν
2942 5386 3102 5439 πλέον
3123 5386 3234 5450 ἕξει
3255 5402 3269 5416 ⁸
3310 5387 3511 5457 γυμνὸς
3539 5386 3647 5456 γὰρ
3681 5388 3895 5440 πάντων

2347 5474 2717 5545 ἀπαχθήσεται
2750 5478 2855 5529 τῶν
2891 5476 2983 5530 τοῦ
3016 5477 3149 5546 βίου.

2419 5566 2535 5617 Ὅτι
2563 5570 2671 5620 οὐκ
2692 5568 2761 5621 ἐν
2790 5568 2869 5632 τῷ
2893 5569 3297 5636 ἀποθνήσκειν
3320 5570 3505 5623 αὐτὸν
3537 5570 3792 5638 λήψεται
3824 5568 3894 5621 τὰ

2348 5654 2558 5709 πάντα.
2587 5659 2770 5721 Τοῦτο,
2799 5660 2946 5728 φησὶ,
2979 5658 3131 5728 μόνον
3153 5659 3333 5724 ἔδοξαν
3362 5660 3659 5731 κερδαίνειν
3675 5660 3723 5712 οἱ
3747 5658 3894 5711 ἄθεοι
