4108 6488
165 455 252 510 29.9
1186 445 1540 502 EXPOSITIO
1576 443 1641 500 IN
1678 442 2004 500 PSALMUM
2047 440 2226 496 XLIX.

3221 437 3324 492 τεο

164 567 256 623 ἀπὸ
280 567 368 621 τοῦ
398 567 650 630 πλούτου,
676 568 736 620 τὸ
761 566 1110 638 εύλογηθῆναι
1146 565 1244 636 τὴν
1284 566 1462 637 ψυχὴν
1505 563 1683 617 αὐτῶν
1712 572 1758 628 Α

1789 562 1954 632 impii,
1975 560 2118 632 quod
2147 558 2324 614 anima
2360 571 2545 611 eorum
2575 557 2629 610 in
2660 556 2761 610 hac
2796 554 3007 609 mortali
3034 564 3086 606 et
3110 563 3319 623 tempo-

166 664 213 713 ἐν
237 661 294 730 τῇ
316 658 475 731 θνητῇ
509 661 607 714 καὶ
628 659 937 731 προσκαίρῳ
961 659 1092 730 ζωῇ.
1130 657 1382 711 Ἐκείνων
1415 655 1685 709 ἐπαινούν-

165 768 256 803 των
277 750 465 813 αύτοῐις
495 751 590 804 καὶ
617 749 1087 819 εὐδαιμονιζόντων
1110 749 1191 818 ἐφ’
1227 742 1307 811 οἷς
1339 746 1521 810 ἔδοξαν
1544 746 1686 816 ἐχειν

165 842 379 910 ἀγαθοῖς.
409 841 560 895 Οὐδὲ
583 840 1094 910 συγκαταϐήσεται
1133 838 1290 904 αὑτῷ
1327 838 1365 906 ἡ
1407 839 1555 902 δόξα
1585 839 1688 891 αὑ·-

165 931 273 984 τοῦ.
305 929 514 1002 Ἐπειδὴ
561 930 740 984 πάντα
789 930 1115 1002 πρόσκαιρα,
1163 931 1316 1000 φησὶ,
1366 929 1486 982 τότε
1529 929 1686 998 χάριν

166 1021 402 1074 ἀποδώσει
431 1037 512 1074 σοι
538 1019 617 1090 τῷ
645 1019 953 1092 δημιουργῷ
979 1021 1008 1073 6
1033 1019 1290 1083 τοιοῦτος,
1324 1019 1448 1073 ὅταν
1485 1017 1688 1088 πληθύ-

167 1129 248 1183 νῃς
267 1113 328 1165 τὰ
357 1113 482 1164 όντα
511 1111 682 1181 αὐτῷ.

216 1202 624 1254 Είσελεὺσεται
655 1201 763 1267 ἕως
795 1200 1000 1271 γενεὰς
1030 1200 1297 1268 πατέρων
1341 1199 1546 1254 αὐτοῦ.
1585 1199 1689 1252 Μι-

169 1293 394 1361 μήσεται,
420 1294 572 1363 φησι,
595 1292 701 1345 τῶν
730 1294 972 1363 πατέρων
994 1292 1082 1346 τὸν
1111 1291 1289 1362 ζῆλον,
1329 1292 1421 1345 καὶ
1446 1294 1508 1344 ἐκ
1534 1309 1689 1362 πονη-

167 1383 258 1453 ρῶν
284 1381 352 1435 ὢν
387 1381 482 1452 τὴν
513 1383 775 1454 πονηρίαν
801 1383 1114 1448 διαδέξεται.
1153 1383 1305 1448 Ἕως
1342 1380 1555 1447 αἰῶνος
1578 1383 1688 1436 οὐκ

167 1472 345 1541 ὄψεται
371 1473 512 1542 φῶς.
536 1473 606 1529 Οί
635 1474 742 1545 γάρ
764 1474 984 1528 τοιαῦτα
1012 1473 1327 1546 φρονοῦντες
1361 1472 1548 1542 τυφλοὶ
1571 1474 1690 1535 ταῖς

165 1566 334 1635 ψυχαῖς
368 1567 643 1636 γεγόνασι,
689 1569 824 1639 μήτε
874 1569 931 1621 ἐν
975 1567 1054 1638 τῷ
1102 1565 1278 1636 θνητῷ
1309 1565 1410 1636 βίῳ
1439 1565 1517 1635 τῷ
1554 1565 1691 1634 φωτὶ

165 1659 248 1726 τῆς
273 1656 513 1724 γνώσεως
547 1659 920 1727 φωτισθέντες,
959 1660 1094 1730 μήτε
1121 1660 1179 1712 ἐν
1203 1658 1280 1728 τῷ
1319 1657 1562 1728 μέλλοντι
1597 1656 1690 1711 τοῦ

167 1747 360 1802 αἰωνίου
385 1749 560 1819 φωτὸς
583 1750 1025 1820 ἀξιωθησόμενοι.

489 1843 797 1895 tuamor
829 1841 910 1907 τῷ
958 1840 1168 1912 Ἀσάφ.
1204 1843 1340 1898 Μθσ.

754 1932 768 1952 '
782 1934 1088 2000 Υπόθεσις.

167 2019 294 2089 ’ᾼδει
324 2020 410 2074 τὸν
447 2021 658 2092 ψαλμὸν
682 2024 712 2074 6
757 2022 924 2092 ’Δσὰφ
976 2021 1070 2076 τοῦ
1111 2021 1397 2094 νομοθέτου
1432 2021 1495 2075 τὸ
1524 2021 1690 2094 πρόσ-

220 2125 354 2164 ωπον
379 2111 664 2183 εἰσφέρων,
691 2111 786 2177 τάς
817 2113 986 2167 πάλαι
1016 2112 1114 2183 μὲν
1139 2113 1456 2185 ἀνατρέ-πων
1481 2112 1691 2180 Θυσίας,

218 2200 468 2270 εἰσφέρων
495 2200 552 2253 δὲ
577 2201 677 2264 τὰς
696 2201 792 2273 τῆς
819 2201 960 2266 Νέας
990 2203 1284 2275 Διαθήκης,
1320 2203 1416 2267 τὰς
1447 2203 1514 2257 δι’
1553 2202 1694 2256 αἰνέ-

222 2304 346 2353 σεως
381 2288 737 2363 δωροφορίας.
769 2290 869 2364 [Οί
922 2292 1191 2347 Ἰουδαίων
1243 2292 1450 2365 πρῶτοι
1493 2293 1693 2365 ἀρετῆς

221 2378 530 2449 ἀμελοῦντες
563 2382 624 2434 τὸ
656 2380 775 2453 (sic)
803 2381 1049 2454 ἐνόμιζον
1072 2377 1208 2436 εἶναι
1240 2384 1298 2438 ἐν
1328 2382 1406 2454 τῷ
1443 2384 1568 2447 τοὺς
1604 2383 1693 2437 νό-

223 2487 342 2540 μους
375 2471 824 2542 ἀποστοματίζειν
853 2474 946 2528 καὶ
965 2474 1323 2544 διαγγέλλειν,
1362 2475 1456 2529 καὶ
1505 2474 1693 2540 θυσίας

221 2561 552 2633 προσφέρειν.
618 2563 800 2634 Νόμου
861 2565 918 2618 δὲ
955 2566 1283 2634 ἀνάγνωσις,
1346 2566 1439 2620 καὶ
1496 2564 1694 2620 θυσιῶν

223 2653 491 2727 προσφορὰ
515 2654 618 2725 τῆς
645 2655 1054 2728 ἐνυπαρχούσης
1071 2658 1207 2711 είσὶν
1233 2658 1432 2730 ἀρετῆς
1448 2657 1657 2730 καρπός
1675 2674 1691 2689 °

222 2744 405 2799 ἄνευδέ
435 2747 639 2819 ταύτης
668 2747 849 2800 ἐκεῖνα
893 2751 1065 2801 ποιεῖν
1113 2749 1271 2820 μόνον
1322 2747 1504 2820 ὅμοιόν
1546 2749 1692 2801 ἐστιν

221 2836 516 2906 ἀλείφεσθαι
556 2840 653 2909 μὲν
694 2840 785 2892 ἐπὶ
811 2839 889 2910 τῷ
935 2839 1202 2904 παλαίειν,
1262 2839 1442 2894 αὐτῶν
1487 2840 1546 2894 δέ
1586 2839 1694 2894 τῶν

223 2929 596 3000 παλαισμάτων
628 2930 970 3001 καταμελεῖν,
1001 2929 1060 2994 ἐξ
1082 2923 1156 2986 ῶν
1176 2932 1204 2984 6
1233 2931 1510 3001 στέφανος.
1551 2931 1694 3003 Πρὸς

223 3016 304 3073 οὖν
327 3023 448 3084 τοὺς
470 3020 616 3076 οὕτω
638 3021 1005 3092 διακειμένους
1033 3021 1249 3092 ἔλεγχον
1275 3025 1505 3077 ποιεῖται
1531 3022 1561 3074 6
1592 3040 1694 3093 μα-

221 3112 395 3185 κάριος
442 3113 628 3179 Δαυῖδ,
664 3114 753 3168 τὸν
799 3113 930 3168 Θεὸν
981 3114 1212 3183 είσάγων
1255 3114 1576 3178 ὀνειδίζοντα
1602 3113 1696 3167 καὶ

220 3203 506 3270 δεικνύντα,
542 3206 622 3258 ὃτι
641 3205 716 3276 μὴ
747 3203 912 3276 οῦσης
931 3207 1153 3277 ἀρετῆς,
1184 3204 1282 3270 τὰς
1311 3204 1497 3269 θυσίας
1526 3205 1694 3258 ἀποσ-

222 3295 484 3368 τρέφεται,
515 3296 545 3349 δ
585 3297 678 3350 καὶ
720 3296 807 3349 διὰ
835 3297 1052 3350 Ἡσαΐου
1072 3297 1252 3365 ἔλεγεν
1277 3315 1290 3328 ο
1333 3297 1395 3350 '0
1417 3296 1636 3365 ἄνομος
1663 3297 1696 3350 d
1721 3282 1763 3339 ο

222 3389 367 3441 θύων
387 3405 487 3458 μοι
505 3390 765 3457 μόσχον,
802 3388 882 3453 ὡς
909 3390 942 3442 ό
968 3389 1200 3441 τύπτων
1247 3387 1454 3455 ἄνδρα,
1508 3387 1600 3440 καὶ
1627 3385 1695 3440 τὰ

222 3479 356 3549 ἑξῆς.
415 3481 502 3533 Ἐν
537 3481 704 3533 εἰκόνι
730 3474 823 3534 οὖν
878 3480 1193 3550 σχηματίζει
1235 3479 1324 3531 τὸν
1352 3478 1543 3546 Λόγον,
1599 3477 1697 3532 καὶ

223 3570 416 3637 εἰσάγει
443 3570 534 3624 τὸν
573 3570 702 3624 Θεὸν
737 3571 797 3636 ἐξ
823 3569 1047 3642 ούρανοῦ
1090 3570 1515 3641 παραγινόμενον
1538 3609 1554 3636 ,
1601 3571 1697 3625 καὶ

222 3659 498 3724 καθίζοντα
531 3663 832 3732 κριτήριον,
863 3661 956 3715 καὶ
979 3662 1102 3724 τοὺς
1136 3662 1244 3716 τῶν
1277 3663 1539 3718 Ἰουδαίων
1577 3662 1697 3734 κρί-

223 3767 364 3804 νοντα
396 3753 684 3822 ἄρχοντας,
711 3750 852 3817 Θεὸς
863 3750 1304 3819 θεῶνὲλάλησε.
1327 3750 1346 3823 ]

224 3929 355 3996 Θεὸς
379 3930 527 3985 θεῶν
557 3932 770 4000 Κύριος
803 3929 1100 3998 ἑλάλησε,
1160 3931 1256 3984 καί
1293 3930 1548 3987 ἐκάλεσε
1581 3930 1696 3997 τὴν

163 4018 280 4089 γῆν.
317 4021 436 4075 Θεοὶ
481 4022 582 4092 μὲν
630 4023 680 4075 οἱ
710 4022 852 4090 ἅγιοι
881 4021 1030 4093 παρὰ
1067 4021 1144 4091 τῷ
1179 4021 1296 4092 Θεῷ
1318 4038 1332 4051 ’
1359 4021 1590 4076 Δέδωκά
1621 4037 1696 4074 σε

163 4109 230 4175 τῷ
260 4111 458 4180 Φαραὼ
508 4113 598 4178 εἰς
634 4112 798 4165 Θεόν·
833 4111 946 4177 καὶ,
981 4111 1126 4182 Ἐγὼ
1158 4107 1322 4168 sista-
1356 4113 1487 4166 Θεοί
1532 4111 1690 4167 ἐστε.

163 4201 442 4258 Καλοῦνται
474 4204 532 4258 δέ
556 4203 661 4258 ὑπὸ
685 4202 777 4257 τοῦ
805 4203 939 4258 Θεοῦ
978 4204 1105 4258 πότε
1124 4245 1138 4269 ,
1167 4204 1200 4277 ἧ
1235 4205 1323 4258 ὅτε
1350 4203 1694 4276 ἐνανθρωπή-

163 4308 246 4357 σας
266 4295 508 4368 ἐλάλησε,
539 4297 636 4349 καὶ
655 4297 831 4350 πᾶσαν
859 4297 1182 4351 συνεκάλεσε
1214 4296 1312 4369 τὴν
1348 4295 1493 4367 γῆν;
1534 4296 1599 4349 Τί
1634 4296 1692 4350 δὲ

163 4383 394 4457 ἐλάλησεν
421 4386 456 4458 ἢ
487 4387 572 4452 τὸ,
601 4387 1015 4455 Πορευθέντες,
1044 4389 1455 4458 μαθητεύσατε
1499 4385 1692 4440 πάντα

1792 669 1956 710 rauca
2005 654 2110 708 vita
2164 651 2233 705 ab
2295 648 2496 704 divitiis
2551 647 2822 704 celebrata
2879 643 3061 700 fuerit.
3105 643 3330 700 Laudati

1786 742 1993 796 scilicet
2021 749 2075 795 et
2105 739 2287 794 felices
2320 737 2472 800 dicti,
2514 737 2583 792 ob
2625 738 2763 791 bona
2807 750 2928 804 qua:
2969 735 3166 788 liab'cre
3186 734 3333 789 vide-

1787 833 2001 886 bantur.
2045 831 2223 901 Neque
2255 831 2525 884 descendet
2569 845 2684 882 cum
2733 843 2794 881 eo
2844 827 3012 898 gloria
3045 827 3179 896 ejus,
3225 835 3330 882 etc.

1784 921 2077 988 Quoniam,
2120 920 2314 991 inquit,
2361 921 2538 975 omnia
2571 929 2938 990 temporanea,
2970 932 3079 973 tum
3105 918 3334 990 gratiam

1788 1013 1971 1067 reddet
2003 1013 2099 1066 tibi
2129 1011 2358 1066 creatori
2388 1009 2695 1081 hujusmodi
2739 1012 2919 1078 homo,
2945 1025 3070 1064 cum
3101 1011 3218 1080 ejus
3253 1008 3334 1065 fa-

1789 1105 2020 1160 cultates
2063 1106 2302 1159 auxeris.

1859 1197 1946 1252 19.
1996 1195 2242 1252 Intnoibit
2273 1178 2430 1267 usque
2472 1200 2527 1250 in
2555 1197 2821 1265 progenies
2853 1205 3061 1262 patrum
3095 1209 3328 1248 suorum.

1787 1286 2112 1355 lmitabitur,
2165 1289 2357 1357 inquit,
2411 1299 2623 1357 patrum
2673 1303 2893 1342 suorum
2941 1287 3177 1343 studium
3227 1305 3242 1341 :
3283 1296 3337 1342 et

1787 1392 1913 1432 cum
1941 1394 2004 1432 ex
2037 1379 2297 1449 improbis
2329 1390 2508 1432 ortum
2547 1378 2733 1443 ducat,
2764 1378 3163 1447 improbitatem
3188 1379 3335 1434 exci-

1786 1471 1917 1541 piet.
1960 1470 2130 1542 Usque
2171 1473 2225 1525 in
2253 1480 2500 1526 internum
2536 1487 2636 1524 non
2663 1471 2852 1524 videbit
2898 1470 3091 1524 lumen.
3135 1468 3336 1526 Omnes

1787 1563 1930 1618 enim
1958 1563 2050 1632 qui
2084 1563 2184 1617 hoc
2216 1564 2375 1616 modo
2397 1565 2658 1624 sentiunt,
2689 1563 2870 1616 animo
2897 1560 3210 1628 caecutiunt,
3242 1575 3334 1616 ne-

1787 1669 1893 1725 que
1929 1654 1983 1707 in
2031 1653 2134 1709 hac
2177 1654 2395 1708 mortali
2443 1654 2550 1707 vita
2609 1653 2812 1707 lumine
2848 1653 3168 1724 cognitionis
3211 1653 3334 1708 illu-

1789 1744 1963 1812 strati,
1989 1759 2162 1814 neque
2189 1745 2242 1797 in
2281 1743 2460 1798 futura
2485 1752 2686 1799 aeterno
2713 1744 2918 1799 lumine
2956 1744 3218 1800 donandi.

2133 1833 2466 1890 PSALMUS
2525 1836 2719 1904 Asaplt.
2782 1833 2990 1890 XLIX.

2372 1928 2766 1998 Argumentum.

1790 2013 2064 2071 Psalmum
2098 2016 2244 2071 canit
2271 2015 2475 2087 Asapb,
2504 2033 2791 2087 personam
2835 2015 3075 2073 inferens
3122 2014 3337 2087 legisla—

1860 2108 2018 2173 loris,
2043 2108 2135 2179 qui
2164 2109 2386 2178 antiqua
2432 2109 2698 2164 sacriﬁcia
2739 2109 2950 2174 evertit,
3005 2118 3059 2164 et
3107 2123 3229 2178 quae
3269 2107 3335 2163 ad

1861 2198 2067 2254 Novum
2104 2199 2509 2256 Testamentum
2559 2200 2826 2270 pertinent
2858 2199 2997 2254 dona
3029 2213 3150 2254 cum
3181 2198 3338 2254 lauae

1862 2290 2148 2359 conjuncta
2202 2289 2379 2345 all‘ert.
2425 2290 2447 2363 [
2491 2290 2800 2347 Judaeorum
2854 2290 3055 2361 primi,
3096 2289 3334 2360 neglecta

1858 2380 2078 2443 virtute,
2101 2379 2414 2449 religionem
2432 2380 2691 2451 putabant
2709 2397 2830 2437 esse
2847 2382 3005 2437 sitam
3039 2382 3092 2435 in
3111 2380 3339 2436 recitan-

1861 2471 1947 2525 dis
1975 2479 2029 2525 et
2063 2469 2411 2525 enuntiandis
2453 2470 2679 2540 legibus,
2710 2471 3106 2541 oﬁ‘erendisque
3134 2470 3341 2527 sacriﬁ-

1861 2560 1981 2616 ciis.
2012 2557 2196 2615 Lectio
2234 2568 2416 2615 autem
2440 2560 2574 2632 legis
2600 2570 2656 2616 et
2686 2561 3076 2617 sacriﬁciorum
3113 2559 3338 2624 oblatio,

1863 2653 2076 2708 virtutis
2118 2653 2265 2708 intus
2315 2652 2625 2709 essistentis
2677 2651 2887 2709 fructus
2921 2667 3048 2708 esse
3093 2651 3288 2707 debent
3322 2668 3338 2705 :

1861 2757 1971 2814 qua
1997 2741 2280 2797 deﬁciente
2306 2742 2395 2796 illa
2422 2743 2598 2797 solum
2632 2751 2908 2808 praestare.
2933 2743 3157 2813 perinde
3179 2741 3336 2797 tueri.

1867 2850 1932 2890 ac
1960 2833 2007 2890 si
2049 2833 2173 2904 quis
2208 2843 2442 2904 ungatur
2487 2833 2554 2888 ad
2603 2834 2925 2902 palaestram.
2964 2843 3019 2888 et
3050 2834 3341 2889 certamina

1862 2927 1979 2998 ipsa
2009 2927 2143 2981 nihil
2189 2936 2364 2995 curet,
2405 2927 2603 2997 quibus
2656 2941 2855 2982 corona
2899 2927 3190 2982 obtinetur.
3237 2924 3342 2980 Eos

1877 3019 2060 3088 itaque
2112 3019 2204 3088 qui
2241 3018 2321 3074 sic
2357 3018 2533 3074 aﬁ'ecti
2567 3028 2714 3084 sunt,
2739 3019 2982 3088 coarguit
3011 3018 3200 3074 beatus
3249 3015 3343 3070 Da-

1863 3109 1972 3173 vid,
2027 3107 2302 3179 Deumque
2332 3109 2543 3165 inducit
2587 3111 3002 3180 esprobrantem
3051 3124 3115 3164 ac
3161 3107 3344 3164 deciso

1865 3210 2073 3256 rantem
2104 3215 2182 3264 se,
2221 3201 2268 3256 si
2302 3200 2518 3256 deﬁciat
2545 3201 2739 3267 virtus,
2775 3216 2807 3256 a
2842 3201 3120 3256 sacriﬁciis
3146 3199 3345 3254 abhor-

1865 3309 2005 3360 rere,
2035 3294 2179 3364 quod
2215 3308 2310 3364 per
2353 3293 2546 3348 Isaiam
2598 3308 2814 3363 quoque
2851 3292 3065 3347 dicebat
3101 3291 3168 3346 δ’.
3232 3287 3346 3343 lm-

1865 3384 1983 3453 pius
2026 3384 2115 3452 qui
2161 3384 2287 3436 mihi
2326 3383 2543 3436 uitulum
2585 3384 2909 3449 immolabat,
2958 3395 3035 3438 est
3073 3383 3225 3453 quasi
3255 3382 3344 3436 ille

1864 3477 1952 3545 qui
1992 3475 2157 3528 virum
2194 3475 2370 3541 caedit,
2396 3484 2501 3532 etc.
2530 3476 2586 3530 ln
2630 3476 2865 3546 imagine
2909 3477 3071 3544 igitur
3109 3473 3342 3529 Verbum

1867 3568 2173 3634 adumbrat,
2203 3567 2512 3637 inducitque
2561 3566 2728 3620 Deum
2771 3567 2837 3621 de
2880 3565 3020 3621 etelo
3055 3565 3342 3620 advenien—

1866 3667 1995 3726 tem,
2032 3675 2095 3715 ac
2118 3660 2393 3715 sedentem
2428 3658 2493 3713 ad
2513 3659 2799 3728 judicium,
2842 3667 2895 3714 et
2935 3657 3002 3712 de
3035 3655 3338 3713 Iudaeorum

1863 3751 2198 3821 principibus
2220 3751 2484 3820 judicium
2525 3749 2805 3813 ferentem,
2849 3748 2987 3802 Deus
3021 3749 3237 3802 deorum
3261 3750 3342 3802 lo-

1866 3850 2015 3894 cutus
2048 3850 2145 3895 est.
2174 3839 2195 3912 ]

1864 3933 1916 3986 1.
1974 3930 2111 3986 Deus
2149 3932 2365 3984 deorum
2409 3931 2660 3985 Dominus
2691 3932 2894 3987 locutus
2924 3939 3021 3994 est,
3054 3940 3103 3985 et
3143 3931 3341 3985 uocauit

1795 4033 2008 4077 terram.
2054 4020 2240 4078 Sancti
2283 4031 2344 4077 ut
2391 4023 2466 4078 dii
2513 4026 2652 4094 apud
2696 4023 2862 4080 Deum
2913 4033 3084 4080 sunt:
3117 4023 3248 4078 Dedi
3295 4034 3343 4078 te

1799 4114 2063 4168 Pharaoni
2102 4115 2158 4168 in
2202 4112 2367 4168 Deum
2414 4113 2498 4183 “,
2530 4123 2582 4170 et
2610 4133 2625 4170 :
2662 4113 2775 4188 Ego
2809 4116 2922 4168 dixi
2952 4130 2972 4168 :
3005 4115 3093 4168 Dii
3125 4116 3249 4169 estis
3271 4115 3337 4169 “.

1790 4201 2144 4270 Quandonam
2170 4201 2245 4256 ita
2268 4216 2298 4256 a
2326 4201 2436 4258 Deo
2467 4212 2746 4266 vocantur,
2785 4203 2888 4258 nisi
2923 4219 3045 4260 cum
3083 4203 3339 4260 incarna-

1792 4305 1878 4352 tus
1907 4295 2119 4351 locutus
2149 4303 2250 4362 est,
2274 4302 2329 4350 et
2359 4304 2523 4350 totam
2567 4296 2885 4351 convocavit
2925 4297 3162 4352 terram?
3203 4295 3339 4364 Quid

1789 4402 1918 4442 vero
1978 4386 2190 4442 locutus
2233 4394 2335 4452 est,
2396 4386 2551 4441 nisi:
2601 4385 2796 4440 Euntes
2849 4387 3107 4456 baptizate
3168 4404 3340 4442 omnes

161 4476 223 4530 τὰ
243 4478 377 4546 ἔθνη
399 4519 416 4546 ,
449 4480 548 4533 καὶ
579 4478 659 4532 τό·
689 4478 788 4533 Δεῖ
823 4479 1194 4550 κηρυχθῆναι
1228 4479 1295 4534 τὸ
1329 4477 1691 4548 Εὐαγγέλιον

1789 4490 1957 4550 gentes
1984 4478 2061 4545 “;
2102 4486 2157 4533 et
2199 4477 2375 4533 illud:
2429 4477 2642 4547 Oportet
2680 4479 2960 4548 pradicari
3004 4477 3340 4551 Evangelium

160 4566 312 4621 τοῦτο
339 4569 407 4623 ἐν
435 4570 552 4640 ὅλῃ
585 4569 659 4639 τῇ
685 4570 1034 4640 οίκουμένῃ;

229 4657 321 4714 Ἐκ
347 4653 501 4716 Σιὼν
519 4663 562 4730 ἡ
585 4661 902 4731 εὐπρέπεια
928 4661 1037 4730 τῆς
1080 4662 1430 4732 ὡραιότητος
1481 4660 1684 4715 αὑτοῦ.

170 4745 251 4802 Ἕκ
299 4751 402 4825 γὰρ
438 4753 540 4825 τῆς
585 4753 697 4809 ἄνω
751 4753 888 4809 Σιὼν
946 4753 1038 4809 καὶ
1080 4753 1335 4824 δευτέραν
1393 4753 1689 4824 παρουσίαν

161 4842 437 4911 ποιήσεται.

220 4927 238 5002 ξ
262 4932 348 4986 Ἐκ
375 4934 528 4988 Σιὼν
552 4935 591 5004 ἡ
612 4935 926 5005 εὐπρέπεια
962 4931 1069 5008 τῆς
1099 4937 1449 5005 ὡραιότητος
1483 4935 1688 4990 αὑτοῦ.

163 5022 286 5089 Θεὸς
306 5026 586 5096 ἐμφανῶς
613 5027 766 5096 ἣξει.
794 5028 867 5082 Τὸ
916 5028 1038 5100 μὲν,
1063 5028 1131 5083 ἐκ
1160 5027 1332 5094 Σιὼν,
1363 5028 1460 5098 τὴν
1501 5028 1696 5100 προτέ-

163 5131 246 5183 ραν
266 5116 403 5186 λέγει
453 5121 756 5192 παρουσίαν
811 5121 1112 5192 σημαίνειν·
1161 5121 1222 5175 τὸ
1262 5119 1341 5185 δέ,
1399 5118 1691 5189 ἐμφανῶς,

163 5206 409 5281 δευτέραν.
441 5211 600 5267 Κατὰ
623 5211 720 5283 μὲν
740 5208 830 5266 οὖν
851 5210 947 5283 τὴν
976 5210 1194 5284 πρώτην
1221 5209 1381 5266 αὐτοῦ
1398 5211 1694 5281 παρουσίαν

162 5299 239 5350 καὶ
261 5302 352 5372 τὴν
397 5303 605 5369 ἔνδοξον
637 5303 948 5374 θεοφάνειαν
1014 5305 1223 5358 ἐσιώπα
1274 5305 1363 5358 ὑπ’
1395 5301 1692 5374 ἀνθρώπων

161 5390 466 5462 κρινόμενος,
487 5392 610 5447 οὑδέ
641 5392 855 5464 ἐμφανῆ
873 5392 968 5464 τὴν
990 5391 1178 5446 ἐαυτοῦ
1210 5391 1430 5462 θεότητα
1462 5389 1687 5443 ἐδείκνυ·

162 5477 350 5537 ἐπειδὰν
378 5484 434 5538 δὲ
461 5485 524 5538 τὸ
559 5484 804 5557 δεύτερον
835 5485 1114 5556 ἀφίκηται,
1141 5484 1258 5555 ἥξει
1301 5482 1573 5554 ἐμφανῶς,
1597 5480 1692 5536 καὶ

161 5570 210 5622 ού
249 5578 742 5648 παρασιωπήσεται·
797 5576 910 5630 ἀλλ’
940 5577 1143 5646 ἐλέγξει
1194 5576 1288 5630 τοῦ
1340 5575 1542 5646 κόσμου
1594 5573 1690 5646 τὴν

163 5658 424 5734 άιιαρτίαν.
459 5668 651 5738 Είγὰρ
686 5670 716 5722 6
741 5668 869 5732 Θεὸς
914 5667 1164 5738 ἐμφανῶς
1223 5666 1359 5737 ἣξει,
1410 5667 1438 5719 6
1478 5666 1532 5719 δὲ
1555 5667 1689 5737 Χρι-

220 5835 257 5869 ⁸¹
292 5837 392 5896 18a.
429 5857 585 5913 uvl,
624 5845 678 5899 5.
757 5847 801 5879 δ’
829 5845 998 5902 Exod.
1033 5863 1125 5910 nl,
1155 5847 1202 5900 1.
1280 5847 1324 5879 ⁸³
1371 5846 1503 5905 ιἐιιὶ.
1557 5862 1700 5913 τινι,
1735 5848 1763 5902 6

1844 5849 1888 5881 ⁸³
1923 5849 2108 5906 Matth.
2151 5868 2340 5922 xxvnl,
2395 5855 2479 5912 l9.

1790 4571 1883 4624 hoc
1907 4571 1962 4624 in
1995 4570 2233 4623 universo
2265 4569 2456 4623 mundo
2493 4569 2578 4623 “1'

1863 4661 1918 4714 2.
1955 4658 2038 4713 Ex
2065 4658 2194 4713 Sion
2212 4661 2404 4729 species
2445 4660 2647 4715 decoris
2669 4660 2801 4730 ejus.
2851 4659 2984 4718 Nam
3008 4677 3072 4717 ex
3102 4676 3336 4732 superna

1796 4750 1926 4806 Sion
1962 4751 2200 4807 secundo
2238 4752 2505 4808 adveniet.

1865 4940 1973 5015 [Ex
1988 4940 2113 4996 Sion
2128 4941 2318 5010 species
2328 4942 2530 4995 decoris
2545 4942 2678 5012 ejus.
2697 4940 2855 5004 Deus,
2874 4941 3144 5010 manifeste
3155 4942 3335 4996 veniet.

1796 5030 1953 5096 Illud,
1977 5048 2042 5086 ea:
2072 5029 2220 5095 Sion,
2254 5033 2489 5102 priorem
2510 5031 2946 5088 dicitadventum
2991 5031 3333 5101 signiﬁcare;

1796 5123 1928 5178 illud
1956 5132 2160 5189 autem,
2214 5124 2524 5192 manifeste,
2573 5121 2895 5178 secundum.
2951 5119 3106 5187 Quod
3155 5120 3338 5191 itaque

1795 5215 2032 5285 priorem
2061 5215 2182 5285 ejus
2205 5214 2515 5280 adventum,
2556 5221 2720 5284 atque
2755 5212 3043 5283 gloriosam
3087 5209 3182 5266 Dei
3221 5225 3336 5265 ma-

1797 5306 2218 5375 nifestationem,
2249 5308 2442 5363 silebat
2468 5309 2597 5363 dum
2629 5307 2698 5362 ab
2726 5304 3308 5368 hominibusiudicare

1794 5408 1904 5466 tur,
1929 5415 2102 5471 neque
2129 5401 2423 5472 conspicue
2439 5402 2774 5457 divinitatem
2802 5415 2955 5458 suam
2986 5398 3333 5460 ostendebat.

1796 5493 2015 5561 quando
2041 5501 2220 5547 autem
2249 5493 2489 5548 secundo
2542 5492 2781 5558 accedet,
2813 5487 3098 5545 manifeste
3131 5489 3333 5555 veniet,

1794 5590 1849 5636 et
1894 5595 2002 5634 non
2053 5581 2252 5646 silebit,
2310 5583 2401 5638 sed
2458 5591 2646 5652 arguet
2695 5579 2883 5636 mundi
2938 5587 3242 5649 peccatum.
3276 5576 3335 5633 Si

1797 5687 2031 5742 namque
2057 5672 2197 5729 Deus
2215 5674 2498 5730 manifeste
2515 5676 2716 5740 veniat,
2737 5674 2984 5730 Christus
3001 5682 3179 5728 autem
3193 5669 3336 5728 Deus

2603 5856 2645 5888 "
2683 5853 2844 5912 Marc.
2876 5870 3001 5920 xm,
3039 5851 3124 5907 1ο.
