  <div class='ocr_page' id='page_1' title='image "/cluster/home/n/w/nwhite01/storage/ocr_20150623/27/uva.x030474749/125.png"; bbox 0 0 4108 6496; ppageno 0'>
   <div class='ocr_carea' id='block_1_1' title="bbox 730 444 831 499">
    <p class='ocr_par' dir='ltr' id='par_1_1' title="bbox 730 444 831 499">
     <span class='ocr_line' id='line_1_1' title="bbox 730 444 831 499; baseline 0 0"><span class='ocrx_word' id='word_1_1' title='bbox 730 444 831 499; x_wconf 74' lang='grc'><strong>231</strong></span> 
     </span>
    </p>
   </div>
   <div class='ocr_carea' id='block_1_2' title="bbox 1635 431 3175 500">
    <p class='ocr_par' dir='ltr' id='par_1_2' title="bbox 1635 431 3175 500">
     <span class='ocr_line' id='line_1_2' title="bbox 1635 431 3175 500; baseline -0.006 -2"><span class='ocrx_word' id='word_1_2' title='bbox 1635 440 1693 498; x_wconf 79' lang='lat' dir='ltr'><strong>s.</strong></span> <span class='ocrx_word' id='word_1_3' title='bbox 1730 431 2095 498; x_wconf 76' lang='lat' dir='ltr'><strong>ATHANASII</strong></span> <span class='ocrx_word' id='word_1_4' title='bbox 2132 443 2281 500; x_wconf 83' lang='lat' dir='ltr'><strong>OPP.</strong></span> <span class='ocrx_word' id='word_1_5' title='bbox 2322 440 2501 497; x_wconf 77' lang='lat' dir='ltr'><strong>PARS</strong></span> <span class='ocrx_word' id='word_1_6' title='bbox 2540 440 2625 494; x_wconf 88' lang='grc' dir='ltr'>ιιι.</span> <span class='ocrx_word' id='word_1_7' title='bbox 2665 468 2733 480; x_wconf 94' lang='grc'><strong>-</strong></span> <span class='ocrx_word' id='word_1_8' title='bbox 2768 436 3175 492; x_wconf 74' lang='lat' dir='ltr'><strong>EXEGETICA.</strong></span> 
     </span>
    </p>
   </div>
   <div class='ocr_carea' id='block_1_3' title="bbox 3836 435 3939 490">
    <p class='ocr_par' dir='ltr' id='par_1_3' title="bbox 3836 435 3939 490">
     <span class='ocr_line' id='line_1_3' title="bbox 3836 435 3939 490; baseline -0.01 0"><span class='ocrx_word' id='word_1_9' title='bbox 3836 435 3939 490; x_wconf 71' lang='grc'><strong>232</strong></span> 
     </span>
    </p>
   </div>
   <div class='ocr_carea' id='block_1_4' title="bbox 734 551 2290 631">
    <p class='ocr_par' dir='ltr' id='par_1_4' title="bbox 734 558 2266 631">
     <span class='ocr_line' id='line_1_4' title="bbox 734 558 2266 631; baseline -0.001 -15"><span class='ocrx_word' id='word_1_10' title='bbox 734 563 825 624; x_wconf 89' lang='lat' dir='ltr'><strong>sit,</strong></span> <span class='ocrx_word' id='word_1_11' title='bbox 850 560 977 614; x_wconf 92' lang='lat' dir='ltr'><strong>illud</strong></span> <span class='ocrx_word' id='word_1_12' title='bbox 1004 573 1133 613; x_wconf 88' lang='lat' dir='ltr'><strong>sane</strong></span> <span class='ocrx_word' id='word_1_13' title='bbox 1154 558 1374 620; x_wconf 90' lang='lat' dir='ltr'><strong>dictum,</strong></span> <span class='ocrx_word' id='word_1_14' title='bbox 1408 558 1698 625; x_wconf 78' lang='lat' dir='ltr'><strong>manifeste,</strong></span> <span class='ocrx_word' id='word_1_15' title='bbox 1719 575 1935 615; x_wconf 89' lang='lat' dir='ltr'><strong>carnem</strong></span> <span class='ocrx_word' id='word_1_16' title='bbox 1968 560 2223 615; x_wconf 87' lang='lat' dir='ltr'><strong>declarat.</strong></span> <span class='ocrx_word' id='word_1_17' title='bbox 2246 559 2266 631; x_wconf 91' lang='lat'><strong>]</strong></span> 
     </span>
    </p>
   </div>
   <div class='ocr_carea' id='block_1_5' title="bbox 2376 551 3938 631">
    <p class='ocr_par' dir='ltr' id='par_1_5' title="bbox 2376 551 3938 623">
     <span class='ocr_line' id='line_1_5' title="bbox 2376 551 3938 623; baseline -0.002 -15"><span class='ocrx_word' id='word_1_18' title='bbox 2376 556 2491 618; x_wconf 77' lang='grc' dir='ltr'>στος</span> <span class='ocrx_word' id='word_1_19' title='bbox 2520 555 2647 617; x_wconf 78' lang='grc' dir='ltr'>Θεός</span> <span class='ocrx_word' id='word_1_20' title='bbox 2682 556 2815 617; x_wconf 78' lang='grc' dir='ltr'>ἐστι,</span> <span class='ocrx_word' id='word_1_21' title='bbox 2850 555 2930 617; x_wconf 82' lang='grc' dir='ltr'>τὸ,</span> <span class='ocrx_word' id='word_1_22' title='bbox 2965 551 3254 622; x_wconf 65' lang='grc' dir='ltr'>ἐμφανῶς,</span> <span class='ocrx_word' id='word_1_23' title='bbox 3286 554 3391 623; x_wconf 82' lang='grc' dir='ltr'><strong>ἄρα</strong></span> <span class='ocrx_word' id='word_1_24' title='bbox 3412 552 3505 623; x_wconf 84' lang='grc' dir='ltr'>τὴν</span> <span class='ocrx_word' id='word_1_25' title='bbox 3536 552 3712 621; x_wconf 82' lang='grc' dir='ltr'>σάρκα</span> <span class='ocrx_word' id='word_1_26' title='bbox 3748 552 3938 623; x_wconf 77' lang='grc' dir='ltr'>δηλοί.]</span> 
     </span>
    </p>
   </div>
   <div class='ocr_carea' id='block_1_6' title="bbox 803 646 2280 720">
    <p class='ocr_par' dir='ltr' id='par_1_6' title="bbox 803 646 2280 720">
     <span class='ocr_line' id='line_1_6' title="bbox 803 646 2280 720; baseline 0.001 -15"><span class='ocrx_word' id='word_1_27' title='bbox 803 651 856 704; x_wconf 76' lang='lat'><strong>3.</strong></span> <span class='ocrx_word' id='word_1_28' title='bbox 896 649 1029 705; x_wconf 85' lang='lat' dir='ltr'><strong>Deus</strong></span> <span class='ocrx_word' id='word_1_29' title='bbox 1056 647 1327 715; x_wconf 75' lang='lat' dir='ltr'><strong>manifeste</strong></span> <span class='ocrx_word' id='word_1_30' title='bbox 1353 648 1538 701; x_wconf 82' lang='lat' dir='ltr'><strong>ueniet.</strong></span> <span class='ocrx_word' id='word_1_31' title='bbox 1598 646 1716 701; x_wconf 85' lang='lat' dir='ltr'><strong>Non</strong></span> <span class='ocrx_word' id='word_1_32' title='bbox 1755 652 1899 703; x_wconf 89' lang='lat' dir='ltr'><strong>enim</strong></span> <span class='ocrx_word' id='word_1_33' title='bbox 1944 653 2163 720; x_wconf 84' lang='lat' dir='ltr'><strong>perinde</strong></span> <span class='ocrx_word' id='word_1_34' title='bbox 2198 663 2280 706; x_wconf 89' lang='lat' dir='ltr'><strong>at-</strong></span> 
     </span>
    </p>
   </div>
   <div class='ocr_carea' id='block_1_7' title="bbox 736 742 2281 815">
    <p class='ocr_par' dir='ltr' id='par_1_7' title="bbox 736 742 2281 815">
     <span class='ocr_line' id='line_1_7' title="bbox 736 742 2281 815; baseline -0.001 -16"><span class='ocrx_word' id='word_1_35' title='bbox 736 762 841 815; x_wconf 91' lang='lat' dir='ltr'><strong>que</strong></span> <span class='ocrx_word' id='word_1_36' title='bbox 865 746 917 799; x_wconf 92' lang='lat' dir='ltr'><strong>in</strong></span> <span class='ocrx_word' id='word_1_37' title='bbox 945 745 1118 813; x_wconf 89' lang='lat' dir='ltr'><strong>primo</strong></span> <span class='ocrx_word' id='word_1_38' title='bbox 1135 742 1367 796; x_wconf 88' lang='lat' dir='ltr'><strong>adventu</strong></span> <span class='ocrx_word' id='word_1_39' title='bbox 1401 742 1682 810; x_wconf 86' lang='lat' dir='ltr'><strong>inc0gnito</strong></span> <span class='ocrx_word' id='word_1_40' title='bbox 1719 743 1930 807; x_wconf 90' lang='lat' dir='ltr'><strong>veniet;</strong></span> <span class='ocrx_word' id='word_1_41' title='bbox 1960 745 2051 796; x_wconf 86' lang='lat' dir='ltr'><strong>sed</strong></span> <span class='ocrx_word' id='word_1_42' title='bbox 2087 753 2145 796; x_wconf 94' lang='lat' dir='ltr'><strong>ut</strong></span> <span class='ocrx_word' id='word_1_43' title='bbox 2169 745 2281 812; x_wconf 84' lang='lat' dir='ltr'><strong>ipse</strong></span> 
     </span>
    </p>
   </div>
   <div class='ocr_carea' id='block_1_8' title="bbox 736 833 2283 903">
    <p class='ocr_par' dir='ltr' id='par_1_8' title="bbox 736 833 2283 903">
     <span class='ocr_line' id='line_1_8' title="bbox 736 833 2283 903; baseline -0.003 -11"><span class='ocrx_word' id='word_1_44' title='bbox 736 838 841 892; x_wconf 90' lang='lat' dir='ltr'><strong>ait:</strong></span> <span class='ocrx_word' id='word_1_45' title='bbox 876 836 1016 890; x_wconf 91' lang='lat' dir='ltr'><strong>sicut</strong></span> <span class='ocrx_word' id='word_1_46' title='bbox 1045 834 1222 903; x_wconf 82' lang='lat' dir='ltr'><strong>fulgur</strong></span> <span class='ocrx_word' id='word_1_47' title='bbox 1263 834 1403 902; x_wconf 90' lang='lat' dir='ltr'><strong>quod</strong></span> <span class='ocrx_word' id='word_1_48' title='bbox 1447 834 1626 885; x_wconf 79' lang='lat' dir='ltr'><strong>omnia</strong></span> <span class='ocrx_word' id='word_1_49' title='bbox 1671 834 1856 903; x_wconf 87' lang='lat' dir='ltr'><strong>implet</strong></span> <span class='ocrx_word' id='word_1_50' title='bbox 1898 833 1965 886; x_wconf 89' lang='lat' dir='ltr'><strong>ab</strong></span> <span class='ocrx_word' id='word_1_51' title='bbox 1992 835 2198 887; x_wconf 89' lang='lat' dir='ltr'><strong>oriente</strong></span> <span class='ocrx_word' id='word_1_52' title='bbox 2216 836 2283 889; x_wconf 90' lang='lat' dir='ltr'><strong>ad</strong></span> 
     </span>
    </p>
   </div>
   <div class='ocr_carea' id='block_1_9' title="bbox 738 924 2281 991">
    <p class='ocr_par' dir='ltr' id='par_1_9' title="bbox 738 924 2281 991">
     <span class='ocr_line' id='line_1_9' title="bbox 738 924 2281 991; baseline -0.003 -8"><span class='ocrx_word' id='word_1_53' title='bbox 738 928 1092 983; x_wconf 79' lang='lat' dir='ltr'><strong>occidentem.</strong></span> <span class='ocrx_word' id='word_1_54' title='bbox 1113 924 1251 978; x_wconf 88' lang='lat' dir='ltr'><strong>Deus</strong></span> <span class='ocrx_word' id='word_1_55' title='bbox 1268 934 1444 976; x_wconf 85' lang='lat' dir='ltr'><strong>noster</strong></span> <span class='ocrx_word' id='word_1_56' title='bbox 1456 933 1506 977; x_wconf 91' lang='lat' dir='ltr'><strong>et</strong></span> <span class='ocrx_word' id='word_1_57' title='bbox 1521 941 1618 977; x_wconf 88' lang='lat' dir='ltr'><strong>non</strong></span> <span class='ocrx_word' id='word_1_58' title='bbox 1641 924 1834 978; x_wconf 88' lang='lat' dir='ltr'><strong>silebit.</strong></span> <span class='ocrx_word' id='word_1_59' title='bbox 1850 924 1967 978; x_wconf 83' lang='lat' dir='ltr'><strong>Non</strong></span> <span class='ocrx_word' id='word_1_60' title='bbox 1986 926 2123 979; x_wconf 90' lang='lat' dir='ltr'><strong>sicut</strong></span> <span class='ocrx_word' id='word_1_61' title='bbox 2137 933 2281 991; x_wconf 87' lang='lat' dir='ltr'><strong>ante,</strong></span> 
     </span>
    </p>
   </div>
   <div class='ocr_carea' id='block_1_10' title="bbox 740 1017 2283 1090">
    <p class='ocr_par' dir='ltr' id='par_1_10' title="bbox 740 1017 2283 1090">
     <span class='ocr_line' id='line_1_10' title="bbox 740 1017 2283 1090; baseline -0.003 -16"><span class='ocrx_word' id='word_1_62' title='bbox 740 1021 943 1090; x_wconf 86' lang='lat' dir='ltr'><strong>inquit,</strong></span> <span class='ocrx_word' id='word_1_63' title='bbox 976 1018 1187 1080; x_wconf 87' lang='lat' dir='ltr'><strong>silebat,</strong></span> <span class='ocrx_word' id='word_1_64' title='bbox 1226 1025 1280 1070; x_wconf 91' lang='lat' dir='ltr'><strong>et</strong></span> <span class='ocrx_word' id='word_1_65' title='bbox 1320 1017 1453 1069; x_wconf 82' lang='lat' dir='ltr'><strong>nihil</strong></span> <span class='ocrx_word' id='word_1_66' title='bbox 1499 1017 1692 1085; x_wconf 83' lang='lat' dir='ltr'><strong>agebat</strong></span> <span class='ocrx_word' id='word_1_67' title='bbox 1733 1027 1918 1069; x_wconf 88' lang='lat' dir='ltr'><strong>contra</strong></span> <span class='ocrx_word' id='word_1_68' title='bbox 1964 1018 2178 1085; x_wconf 87' lang='lat' dir='ltr'><strong>impios,</strong></span> <span class='ocrx_word' id='word_1_69' title='bbox 2212 1017 2283 1070; x_wconf 90' lang='lat' dir='ltr'><strong>ita</strong></span> 
     </span>
    </p>
   </div>
   <div class='ocr_carea' id='block_1_11' title="bbox 736 1106 2287 1177">
    <p class='ocr_par' dir='ltr' id='par_1_11' title="bbox 736 1106 2287 1177">
     <span class='ocr_line' id='line_1_11' title="bbox 736 1106 2287 1177; baseline -0.003 -12"><span class='ocrx_word' id='word_1_70' title='bbox 736 1120 867 1165; x_wconf 88' lang='lat' dir='ltr'><strong>tunc</strong></span> <span class='ocrx_word' id='word_1_71' title='bbox 890 1110 1011 1164; x_wconf 82' lang='lat' dir='ltr'><strong>erit.</strong></span> <span class='ocrx_word' id='word_1_72' title='bbox 1032 1107 1176 1177; x_wconf 86' lang='lat' dir='ltr'><strong>Ignis</strong></span> <span class='ocrx_word' id='word_1_73' title='bbox 1209 1108 1260 1157; x_wconf 87' lang='lat' dir='ltr'><strong>in</strong></span> <span class='ocrx_word' id='word_1_74' title='bbox 1282 1118 1554 1175; x_wconf 87' lang='lat' dir='ltr'><strong>conspectu</strong></span> <span class='ocrx_word' id='word_1_75' title='bbox 1586 1108 1697 1177; x_wconf 87' lang='lat' dir='ltr'><strong>ejus</strong></span> <span class='ocrx_word' id='word_1_76' title='bbox 1713 1106 2028 1160; x_wconf 73' lang='lat' dir='ltr'><strong>exardescet.</strong></span> <span class='ocrx_word' id='word_1_77' title='bbox 2045 1106 2206 1175; x_wconf 84' lang='lat' dir='ltr'><strong>ignis,</strong></span> <span class='ocrx_word' id='word_1_78' title='bbox 2228 1116 2287 1160; x_wconf 91' lang='lat' dir='ltr'><strong>ut</strong></span> 
     </span>
    </p>
   </div>
   <div class='ocr_carea' id='block_1_12' title="bbox 735 1198 2284 1273">
    <p class='ocr_par' dir='ltr' id='par_1_12' title="bbox 735 1198 2284 1273">
     <span class='ocr_line' id='line_1_12' title="bbox 735 1198 2284 1273; baseline -0.003 -17"><span class='ocrx_word' id='word_1_79' title='bbox 735 1214 952 1273; x_wconf 80' lang='lat' dir='ltr'><strong>propter</strong></span> <span class='ocrx_word' id='word_1_80' title='bbox 983 1202 1307 1270; x_wconf 83' lang='lat' dir='ltr'><strong>impietatem</strong></span> <span class='ocrx_word' id='word_1_81' title='bbox 1338 1210 1604 1254; x_wconf 86' lang='lat' dir='ltr'><strong>merentes</strong></span> <span class='ocrx_word' id='word_1_82' title='bbox 1648 1198 1821 1252; x_wconf 84' lang='lat' dir='ltr'><strong>tradat</strong></span> <span class='ocrx_word' id='word_1_83' title='bbox 1855 1198 2284 1253; x_wconf 83' lang='lat' dir='ltr'><strong>comburendos:</strong></span> 
     </span>
    </p>
   </div>
   <div class='ocr_carea' id='block_1_13' title="bbox 737 1290 2288 1360">
    <p class='ocr_par' dir='ltr' id='par_1_13' title="bbox 737 1290 2288 1360">
     <span class='ocr_line' id='line_1_13' title="bbox 737 1290 2288 1360; baseline -0.003 -11"><span class='ocrx_word' id='word_1_84' title='bbox 737 1294 911 1350; x_wconf 86' lang='lat' dir='ltr'><strong>simile</strong></span> <span class='ocrx_word' id='word_1_85' title='bbox 926 1303 1101 1348; x_wconf 91' lang='lat' dir='ltr'><strong>autem</strong></span> <span class='ocrx_word' id='word_1_86' title='bbox 1121 1292 1248 1346; x_wconf 90' lang='lat' dir='ltr'><strong>illud</strong></span> <span class='ocrx_word' id='word_1_87' title='bbox 1282 1316 1294 1351; x_wconf 87' lang='lat'><strong>:</strong></span> <span class='ocrx_word' id='word_1_88' title='bbox 1322 1295 1385 1350; x_wconf 85' lang='lat' dir='ltr'><strong>In</strong></span> <span class='ocrx_word' id='word_1_89' title='bbox 1405 1301 1672 1360; x_wconf 80' lang='lat' dir='ltr'><strong>conspectu</strong></span> <span class='ocrx_word' id='word_1_90' title='bbox 1690 1290 1833 1344; x_wconf 85' lang='lat' dir='ltr'><strong>illius</strong></span> <span class='ocrx_word' id='word_1_91' title='bbox 1866 1290 2161 1345; x_wconf 78' lang='lat' dir='ltr'><strong>volvebatur</strong></span> <span class='ocrx_word' id='word_1_92' title='bbox 2184 1292 2288 1358; x_wconf 81' lang='lat' dir='ltr'><strong>ﬂu-</strong></span> 
     </span>
    </p>
   </div>
   <div class='ocr_carea' id='block_1_14' title="bbox 737 1383 2284 1459">
    <p class='ocr_par' dir='ltr' id='par_1_14' title="bbox 737 1383 2284 1459">
     <span class='ocr_line' id='line_1_14' title="bbox 737 1383 2284 1459; baseline 0 -20"><span class='ocrx_word' id='word_1_93' title='bbox 737 1387 847 1440; x_wconf 77' lang='lat' dir='ltr'><strong>vius</strong></span> <span class='ocrx_word' id='word_1_94' title='bbox 877 1389 1078 1455; x_wconf 88' lang='lat' dir='ltr'><strong>igneus.</strong></span> <span class='ocrx_word' id='word_1_95' title='bbox 1104 1386 1227 1443; x_wconf 68' lang='lat' dir='ltr'><strong>Haec</strong></span> <span class='ocrx_word' id='word_1_96' title='bbox 1250 1390 1367 1459; x_wconf 88' lang='lat' dir='ltr'><strong>ipsa</strong></span> <span class='ocrx_word' id='word_1_97' title='bbox 1408 1386 1674 1442; x_wconf 78' lang='lat' dir='ltr'><strong>mirabilia</strong></span> <span class='ocrx_word' id='word_1_98' title='bbox 1704 1400 1835 1439; x_wconf 81' lang='lat' dir='ltr'><strong>sane</strong></span> <span class='ocrx_word' id='word_1_99' title='bbox 1855 1385 1986 1439; x_wconf 83' lang='lat' dir='ltr'><strong>vidit</strong></span> <span class='ocrx_word' id='word_1_100' title='bbox 2017 1383 2284 1439; x_wconf 80' lang='lat' dir='ltr'><strong>Daniel“.</strong></span> 
     </span>
    </p>
   </div>
   <div class='ocr_carea' id='block_1_15' title="bbox 738 1477 2287 1550">
    <p class='ocr_par' dir='ltr' id='par_1_15' title="bbox 738 1477 2287 1550">
     <span class='ocr_line' id='line_1_15' title="bbox 738 1477 2287 1550; baseline -0.001 -20"><span class='ocrx_word' id='word_1_101' title='bbox 738 1477 959 1531; x_wconf 77' lang='lat' dir='ltr'><strong>Flavius</strong></span> <span class='ocrx_word' id='word_1_102' title='bbox 988 1478 1157 1545; x_wconf 91' lang='lat' dir='ltr'><strong>enim,</strong></span> <span class='ocrx_word' id='word_1_103' title='bbox 1193 1480 1389 1550; x_wconf 87' lang='lat' dir='ltr'><strong>inquit,</strong></span> <span class='ocrx_word' id='word_1_104' title='bbox 1418 1481 1554 1548; x_wconf 82' lang='lat' dir='ltr'><strong>ignis</strong></span> <span class='ocrx_word' id='word_1_105' title='bbox 1584 1478 1883 1532; x_wconf 62' lang='lat' dir='ltr'><strong>solvebatur</strong></span> <span class='ocrx_word' id='word_1_106' title='bbox 1908 1478 1960 1530; x_wconf 89' lang='lat' dir='ltr'><strong>in</strong></span> <span class='ocrx_word' id='word_1_107' title='bbox 2009 1486 2287 1545; x_wconf 82' lang='lat' dir='ltr'><strong>conspectu</strong></span> 
     </span>
    </p>
   </div>
   <div class='ocr_carea' id='block_1_16' title="bbox 738 1566 2287 1639">
    <p class='ocr_par' dir='ltr' id='par_1_16' title="bbox 738 1566 2287 1639">
     <span class='ocr_line' id='line_1_16' title="bbox 738 1566 2287 1639; baseline 0 -20"><span class='ocrx_word' id='word_1_108' title='bbox 738 1566 884 1635; x_wconf 82' lang='lat' dir='ltr'><strong>ejus:</strong></span> <span class='ocrx_word' id='word_1_109' title='bbox 917 1568 1130 1622; x_wconf 78' lang='lat' dir='ltr'><strong>thronus</strong></span> <span class='ocrx_word' id='word_1_110' title='bbox 1167 1569 1280 1637; x_wconf 87' lang='lat' dir='ltr'><strong>ejus</strong></span> <span class='ocrx_word' id='word_1_111' title='bbox 1311 1571 1528 1637; x_wconf 78' lang='lat' dir='ltr'><strong>ﬂamma</strong></span> <span class='ocrx_word' id='word_1_112' title='bbox 1556 1569 1709 1639; x_wconf 84' lang='lat' dir='ltr'><strong>ignis,</strong></span> <span class='ocrx_word' id='word_1_113' title='bbox 1738 1577 1866 1620; x_wconf 77' lang='lat' dir='ltr'><strong>rota:</strong></span> <span class='ocrx_word' id='word_1_114' title='bbox 1886 1567 1996 1634; x_wconf 79' lang='lat' dir='ltr'><strong>eius</strong></span> <span class='ocrx_word' id='word_1_115' title='bbox 2026 1566 2161 1637; x_wconf 86' lang='lat' dir='ltr'><strong>ignis</strong></span> <span class='ocrx_word' id='word_1_116' title='bbox 2192 1582 2287 1619; x_wconf 86' lang='lat' dir='ltr'><strong>ac-</strong></span> 
     </span>
    </p>
   </div>
   <div class='ocr_carea' id='block_1_17' title="bbox 744 1654 2290 1727">
    <p class='ocr_par' dir='ltr' id='par_1_17' title="bbox 744 1654 2290 1727">
     <span class='ocr_line' id='line_1_17' title="bbox 744 1654 2290 1727; baseline -0.002 -17"><span class='ocrx_word' id='word_1_117' title='bbox 744 1673 951 1711; x_wconf 85' lang='lat' dir='ltr'><strong>census.</strong></span> <span class='ocrx_word' id='word_1_118' title='bbox 984 1655 1128 1727; x_wconf 75' lang='lat' dir='ltr'><strong>ignis</strong></span> <span class='ocrx_word' id='word_1_119' title='bbox 1154 1668 1355 1725; x_wconf 89' lang='lat' dir='ltr'><strong>autem,</strong></span> <span class='ocrx_word' id='word_1_120' title='bbox 1399 1668 1493 1712; x_wconf 90' lang='lat' dir='ltr'><strong>aut</strong></span> <span class='ocrx_word' id='word_1_121' title='bbox 1523 1658 1705 1711; x_wconf 87' lang='lat' dir='ltr'><strong>lumen</strong></span> <span class='ocrx_word' id='word_1_122' title='bbox 1756 1670 1822 1709; x_wconf 79' lang='lat' dir='ltr'><strong>ex</strong></span> <span class='ocrx_word' id='word_1_123' title='bbox 1861 1670 1926 1710; x_wconf 90' lang='lat' dir='ltr'><strong>eo</strong></span> <span class='ocrx_word' id='word_1_124' title='bbox 1957 1669 2184 1709; x_wconf 82' lang='lat' dir='ltr'><strong>manans</strong></span> <span class='ocrx_word' id='word_1_125' title='bbox 2213 1654 2290 1708; x_wconf 85' lang='lat' dir='ltr'><strong>si-</strong></span> 
     </span>
    </p>
   </div>
   <div class='ocr_carea' id='block_1_18' title="bbox 740 1746 2290 1818">
    <p class='ocr_par' dir='ltr' id='par_1_18' title="bbox 740 1746 2290 1818">
     <span class='ocr_line' id='line_1_18' title="bbox 740 1746 2290 1818; baseline -0.001 -18"><span class='ocrx_word' id='word_1_126' title='bbox 740 1746 996 1817; x_wconf 80' lang='lat' dir='ltr'><strong>gniﬁcat;</strong></span> <span class='ocrx_word' id='word_1_127' title='bbox 1029 1763 1154 1802; x_wconf 88' lang='lat' dir='ltr'><strong>nam</strong></span> <span class='ocrx_word' id='word_1_128' title='bbox 1184 1749 1386 1805; x_wconf 85' lang='lat' dir='ltr'><strong>Christi</strong></span> <span class='ocrx_word' id='word_1_129' title='bbox 1414 1748 1773 1818; x_wconf 88' lang='lat' dir='ltr'><strong>cognitionem</strong></span> <span class='ocrx_word' id='word_1_130' title='bbox 1807 1746 2061 1815; x_wconf 70' lang='lat' dir='ltr'><strong>prmcedit</strong></span> <span class='ocrx_word' id='word_1_131' title='bbox 2109 1747 2290 1800; x_wconf 88' lang='lat' dir='ltr'><strong>lumen</strong></span> 
     </span>
    </p>
   </div>
   <div class='ocr_carea' id='block_1_19' title="bbox 746 1835 2286 1909">
    <p class='ocr_par' dir='ltr' id='par_1_19' title="bbox 746 1835 2286 1909">
     <span class='ocr_line' id='line_1_19' title="bbox 746 1835 2286 1909; baseline -0.001 -18"><span class='ocrx_word' id='word_1_132' title='bbox 746 1837 1057 1907; x_wconf 77' lang='lat' dir='ltr'><strong>spirituale,</strong></span> <span class='ocrx_word' id='word_1_133' title='bbox 1113 1838 1270 1909; x_wconf 86' lang='lat' dir='ltr'><strong>cujus</strong></span> <span class='ocrx_word' id='word_1_134' title='bbox 1328 1841 1498 1907; x_wconf 87' lang='lat' dir='ltr'><strong>iigura</strong></span> <span class='ocrx_word' id='word_1_135' title='bbox 1564 1847 1647 1891; x_wconf 76' lang='lat' dir='ltr'><strong>est</strong></span> <span class='ocrx_word' id='word_1_136' title='bbox 1688 1836 1939 1891; x_wconf 86' lang='lat' dir='ltr'><strong>columna</strong></span> <span class='ocrx_word' id='word_1_137' title='bbox 1984 1835 2122 1905; x_wconf 84' lang='lat' dir='ltr'><strong>ignis</strong></span> <span class='ocrx_word' id='word_1_138' title='bbox 2166 1850 2286 1904; x_wconf 67' lang='lat' dir='ltr'><strong>quae</strong></span> 
     </span>
    </p>
   </div>
   <div class='ocr_carea' id='block_1_20' title="bbox 738 1925 2283 1996">
    <p class='ocr_par' dir='ltr' id='par_1_20' title="bbox 738 1925 2283 1996">
     <span class='ocr_line' id='line_1_20' title="bbox 738 1925 2283 1996; baseline 0.002 -17"><span class='ocrx_word' id='word_1_139' title='bbox 738 1925 988 1983; x_wconf 88' lang='lat' dir='ltr'><strong>Israelem</strong></span> <span class='ocrx_word' id='word_1_140' title='bbox 1019 1939 1173 1984; x_wconf 89' lang='lat' dir='ltr'><strong>nocte</strong></span> <span class='ocrx_word' id='word_1_141' title='bbox 1207 1931 1471 1996; x_wconf 83' lang='lat' dir='ltr'><strong>ducebat;</strong></span> <span class='ocrx_word' id='word_1_142' title='bbox 1499 1939 1593 1983; x_wconf 89' lang='lat' dir='ltr'><strong>aut</strong></span> <span class='ocrx_word' id='word_1_143' title='bbox 1627 1928 1828 1982; x_wconf 88' lang='lat' dir='ltr'><strong>indicat</strong></span> <span class='ocrx_word' id='word_1_144' title='bbox 1852 1942 1953 1982; x_wconf 92' lang='lat' dir='ltr'><strong>nos</strong></span> <span class='ocrx_word' id='word_1_145' title='bbox 1983 1927 2130 1981; x_wconf 86' lang='lat' dir='ltr'><strong>omni</strong></span> <span class='ocrx_word' id='word_1_146' title='bbox 2159 1942 2283 1995; x_wconf 85' lang='lat' dir='ltr'><strong>pec-</strong></span> 
     </span>
    </p>
   </div>
   <div class='ocr_carea' id='block_1_21' title="bbox 738 2016 2279 2089">
    <p class='ocr_par' dir='ltr' id='par_1_21' title="bbox 738 2016 2279 2089">
     <span class='ocr_line' id='line_1_21' title="bbox 738 2016 2279 2089; baseline 0 -17"><span class='ocrx_word' id='word_1_147' title='bbox 738 2025 979 2072; x_wconf 88' lang='lat' dir='ltr'><strong>catorum</strong></span> <span class='ocrx_word' id='word_1_148' title='bbox 1022 2033 1221 2089; x_wconf 89' lang='lat' dir='ltr'><strong>genere</strong></span> <span class='ocrx_word' id='word_1_149' title='bbox 1263 2017 1485 2089; x_wconf 77' lang='lat' dir='ltr'><strong>frigidos</strong></span> <span class='ocrx_word' id='word_1_150' title='bbox 1523 2034 1553 2073; x_wconf 90' lang='lat' dir='ltr'><strong>a</strong></span> <span class='ocrx_word' id='word_1_151' title='bbox 1602 2016 1880 2072; x_wconf 89' lang='lat' dir='ltr'><strong>Salvatore</strong></span> <span class='ocrx_word' id='word_1_152' title='bbox 1912 2032 2174 2072; x_wconf 87' lang='lat' dir='ltr'><strong>accensos</strong></span> <span class='ocrx_word' id='word_1_153' title='bbox 2210 2017 2279 2072; x_wconf 92' lang='lat' dir='ltr'><strong>ad</strong></span> 
     </span>
    </p>
   </div>
   <div class='ocr_carea' id='block_1_22' title="bbox 738 2110 2285 2183">
    <p class='ocr_par' dir='ltr' id='par_1_22' title="bbox 738 2110 2285 2183">
     <span class='ocr_line' id='line_1_22' title="bbox 738 2110 2285 2183; baseline 0 -19"><span class='ocrx_word' id='word_1_154' title='bbox 738 2110 977 2164; x_wconf 83' lang='lat' dir='ltr'><strong>studium</strong></span> <span class='ocrx_word' id='word_1_155' title='bbox 1007 2112 1187 2166; x_wconf 90' lang='lat' dir='ltr'><strong>omnis</strong></span> <span class='ocrx_word' id='word_1_156' title='bbox 1214 2110 1362 2166; x_wconf 88' lang='lat' dir='ltr'><strong>boni.</strong></span> <span class='ocrx_word' id='word_1_157' title='bbox 1397 2110 1539 2183; x_wconf 89' lang='lat' dir='ltr'><strong>Ignis</strong></span> <span class='ocrx_word' id='word_1_158' title='bbox 1568 2126 1697 2165; x_wconf 87' lang='lat' dir='ltr'><strong>vero</strong></span> <span class='ocrx_word' id='word_1_159' title='bbox 1722 2111 1810 2165; x_wconf 90' lang='lat' dir='ltr'><strong>ille</strong></span> <span class='ocrx_word' id='word_1_160' title='bbox 1841 2125 1939 2164; x_wconf 91' lang='lat' dir='ltr'><strong>ceu</strong></span> <span class='ocrx_word' id='word_1_161' title='bbox 1963 2111 2285 2178; x_wconf 88' lang='lat' dir='ltr'><strong>spiritualis,</strong></span> 
     </span>
    </p>
   </div>
   <div class='ocr_carea' id='block_1_23' title="bbox 738 2198 2275 2271">
    <p class='ocr_par' dir='ltr' id='par_1_23' title="bbox 738 2198 2275 2271">
     <span class='ocr_line' id='line_1_23' title="bbox 738 2198 2275 2271; baseline -0.001 -15"><span class='ocrx_word' id='word_1_162' title='bbox 738 2200 910 2256; x_wconf 80' lang='lat' dir='ltr'><strong>sancti</strong></span> <span class='ocrx_word' id='word_1_163' title='bbox 959 2200 1194 2271; x_wconf 84' lang='lat' dir='ltr'><strong>Spiritus</strong></span> <span class='ocrx_word' id='word_1_164' title='bbox 1227 2201 1696 2271; x_wconf 87' lang='lat' dir='ltr'><strong>participationem</strong></span> <span class='ocrx_word' id='word_1_165' title='bbox 1726 2198 1954 2255; x_wconf 87' lang='lat' dir='ltr'><strong>inducit.</strong></span> <span class='ocrx_word' id='word_1_166' title='bbox 1989 2199 2080 2253; x_wconf 77' lang='lat' dir='ltr'><strong>Ait</strong></span> <span class='ocrx_word' id='word_1_167' title='bbox 2129 2200 2275 2255; x_wconf 88' lang='lat' dir='ltr'><strong>enim</strong></span> 
     </span>
    </p>
   </div>
   <div class='ocr_carea' id='block_1_24' title="bbox 737 2287 2288 2362">
    <p class='ocr_par' dir='ltr' id='par_1_24' title="bbox 737 2287 2288 2362">
     <span class='ocr_line' id='line_1_24' title="bbox 737 2287 2288 2362; baseline 0.001 -17"><span class='ocrx_word' id='word_1_168' title='bbox 737 2290 832 2347; x_wconf 89' lang='lat' dir='ltr'><strong>ille</strong></span> <span class='ocrx_word' id='word_1_169' title='bbox 872 2310 887 2346; x_wconf 91' lang='lat'><strong>:</strong></span> <span class='ocrx_word' id='word_1_170' title='bbox 925 2294 1104 2362; x_wconf 82' lang='lat' dir='ltr'><strong>Ignem</strong></span> <span class='ocrx_word' id='word_1_171' title='bbox 1156 2294 1269 2346; x_wconf 75' lang='lat' dir='ltr'><strong>veni</strong></span> <span class='ocrx_word' id='word_1_172' title='bbox 1299 2293 1503 2345; x_wconf 80' lang='lat' dir='ltr'><strong>mittere</strong></span> <span class='ocrx_word' id='word_1_173' title='bbox 1550 2292 1602 2343; x_wconf 84' lang='lat' dir='ltr'><strong>in</strong></span> <span class='ocrx_word' id='word_1_174' title='bbox 1662 2300 1853 2343; x_wconf 86' lang='lat' dir='ltr'><strong>terram</strong></span> <span class='ocrx_word' id='word_1_175' title='bbox 1886 2290 1951 2343; x_wconf 77' lang='grc'><strong>⁸⁷.</strong></span> <span class='ocrx_word' id='word_1_176' title='bbox 2008 2287 2288 2361; x_wconf 86' lang='lat' dir='ltr'><strong>Siquidem</strong></span> 
     </span>
    </p>
   </div>
   <div class='ocr_carea' id='block_1_25' title="bbox 739 2380 2287 2452">
    <p class='ocr_par' dir='ltr' id='par_1_25' title="bbox 739 2380 2287 2452">
     <span class='ocr_line' id='line_1_25' title="bbox 739 2380 2287 2452; baseline -0.001 -15"><span class='ocrx_word' id='word_1_177' title='bbox 739 2383 935 2452; x_wconf 88' lang='lat' dir='ltr'><strong>spiritu</strong></span> <span class='ocrx_word' id='word_1_178' title='bbox 967 2383 1211 2437; x_wconf 80' lang='lat' dir='ltr'><strong>viventes</strong></span> <span class='ocrx_word' id='word_1_179' title='bbox 1232 2382 1408 2436; x_wconf 77' lang='lat' dir='ltr'><strong>eﬂ’ecti</strong></span> <span class='ocrx_word' id='word_1_180' title='bbox 1456 2396 1644 2436; x_wconf 90' lang='lat' dir='ltr'><strong>sumus</strong></span> <span class='ocrx_word' id='word_1_181' title='bbox 1678 2388 1951 2450; x_wconf 87' lang='lat' dir='ltr'><strong>quotquot</strong></span> <span class='ocrx_word' id='word_1_182' title='bbox 1980 2380 2075 2434; x_wconf 89' lang='lat' dir='ltr'><strong>tali</strong></span> <span class='ocrx_word' id='word_1_183' title='bbox 2114 2383 2287 2451; x_wconf 88' lang='lat' dir='ltr'><strong>gratia</strong></span> 
     </span>
    </p>
   </div>
   <div class='ocr_carea' id='block_1_26' title="bbox 738 2470 2290 2544">
    <p class='ocr_par' dir='ltr' id='par_1_26' title="bbox 738 2470 2290 2544">
     <span class='ocr_line' id='line_1_26' title="bbox 738 2470 2290 2544; baseline 0 -18"><span class='ocrx_word' id='word_1_184' title='bbox 738 2474 944 2543; x_wconf 76' lang='lat' dir='ltr'><strong>dignati</strong></span> <span class='ocrx_word' id='word_1_185' title='bbox 978 2489 1187 2529; x_wconf 89' lang='lat' dir='ltr'><strong>sumus.</strong></span> <span class='ocrx_word' id='word_1_186' title='bbox 1215 2473 1579 2539; x_wconf 84' lang='lat' dir='ltr'><strong>Quamobrem</strong></span> <span class='ocrx_word' id='word_1_187' title='bbox 1620 2474 1673 2525; x_wconf 90' lang='lat' dir='ltr'><strong>in</strong></span> <span class='ocrx_word' id='word_1_188' title='bbox 1699 2472 1849 2525; x_wconf 86' lang='lat' dir='ltr'><strong>omni</strong></span> <span class='ocrx_word' id='word_1_189' title='bbox 1901 2470 2142 2544; x_wconf 89' lang='lat' dir='ltr'><strong>Spiritus</strong></span> <span class='ocrx_word' id='word_1_190' title='bbox 2165 2488 2290 2543; x_wconf 86' lang='lat' dir='ltr'><strong>gra-</strong></span> 
     </span>
    </p>
   </div>
   <div class='ocr_carea' id='block_1_27' title="bbox 738 2564 2290 2637">
    <p class='ocr_par' dir='ltr' id='par_1_27' title="bbox 738 2564 2290 2637">
     <span class='ocr_line' id='line_1_27' title="bbox 738 2564 2290 2637; baseline -0.001 -18"><span class='ocrx_word' id='word_1_191' title='bbox 738 2567 811 2620; x_wconf 87' lang='lat' dir='ltr'><strong>tia</strong></span> <span class='ocrx_word' id='word_1_192' title='bbox 841 2567 981 2637; x_wconf 80' lang='lat' dir='ltr'><strong>ignis</strong></span> <span class='ocrx_word' id='word_1_193' title='bbox 1012 2566 1380 2622; x_wconf 79' lang='lat' dir='ltr'><strong>manileslatio</strong></span> <span class='ocrx_word' id='word_1_194' title='bbox 1431 2581 1539 2619; x_wconf 89' lang='lat' dir='ltr'><strong>una</strong></span> <span class='ocrx_word' id='word_1_195' title='bbox 1575 2564 1891 2631; x_wconf 87' lang='lat' dir='ltr'><strong>inducitur;</strong></span> <span class='ocrx_word' id='word_1_196' title='bbox 1951 2564 2290 2634; x_wconf 86' lang='lat' dir='ltr'><strong>baptizamur</strong></span> 
     </span>
    </p>
   </div>
   <div class='ocr_carea' id='block_1_28' title="bbox 737 2654 2291 2727">
    <p class='ocr_par' dir='ltr' id='par_1_28' title="bbox 737 2654 2291 2727">
     <span class='ocr_line' id='line_1_28' title="bbox 737 2654 2291 2727; baseline -0.002 -15"><span class='ocrx_word' id='word_1_197' title='bbox 737 2659 882 2712; x_wconf 90' lang='lat' dir='ltr'><strong>enim</strong></span> <span class='ocrx_word' id='word_1_198' title='bbox 913 2658 968 2712; x_wconf 90' lang='lat' dir='ltr'><strong>in</strong></span> <span class='ocrx_word' id='word_1_199' title='bbox 996 2658 1217 2713; x_wconf 86' lang='lat' dir='ltr'><strong>Christo</strong></span> <span class='ocrx_word' id='word_1_200' title='bbox 1243 2658 1542 2713; x_wconf 89' lang='lat' dir='ltr'><strong>secundum</strong></span> <span class='ocrx_word' id='word_1_201' title='bbox 1568 2655 1798 2709; x_wconf 82' lang='lat' dir='ltr'><strong>Joannis</strong></span> <span class='ocrx_word' id='word_1_202' title='bbox 1837 2671 2024 2710; x_wconf 90' lang='lat' dir='ltr'><strong>vocem</strong></span> <span class='ocrx_word' id='word_1_203' title='bbox 2074 2657 2128 2709; x_wconf 89' lang='lat' dir='ltr'><strong>in</strong></span> <span class='ocrx_word' id='word_1_204' title='bbox 2170 2654 2291 2727; x_wconf 78' lang='lat' dir='ltr'><strong>Spi-</strong></span> 
     </span>
    </p>
   </div>
   <div class='ocr_carea' id='block_1_29' title="bbox 740 2745 2292 2821">
    <p class='ocr_par' dir='ltr' id='par_1_29' title="bbox 740 2745 2292 2821">
     <span class='ocr_line' id='line_1_29' title="bbox 740 2745 2292 2821; baseline -0.001 -18"><span class='ocrx_word' id='word_1_205' title='bbox 740 2750 850 2803; x_wconf 85' lang='lat' dir='ltr'><strong>ritu</strong></span> <span class='ocrx_word' id='word_1_206' title='bbox 880 2756 1072 2821; x_wconf 83' lang='lat' dir='ltr'><strong>sancto</strong></span> <span class='ocrx_word' id='word_1_207' title='bbox 1128 2758 1182 2804; x_wconf 92' lang='lat' dir='ltr'><strong>et</strong></span> <span class='ocrx_word' id='word_1_208' title='bbox 1238 2746 1381 2818; x_wconf 85' lang='lat' dir='ltr'><strong>igne.</strong></span> <span class='ocrx_word' id='word_1_209' title='bbox 1431 2746 1520 2800; x_wconf 80' lang='lat' dir='ltr'><strong>Ait</strong></span> <span class='ocrx_word' id='word_1_210' title='bbox 1563 2746 1687 2799; x_wconf 84' lang='lat' dir='ltr'><strong>item</strong></span> <span class='ocrx_word' id='word_1_211' title='bbox 1741 2745 2123 2816; x_wconf 84' lang='lat' dir='ltr'><strong>prophetarum</strong></span> <span class='ocrx_word' id='word_1_212' title='bbox 2170 2748 2292 2817; x_wconf 83' lang='lat' dir='ltr'><strong>qui-</strong></span> 
     </span>
    </p>
   </div>
   <div class='ocr_carea' id='block_1_30' title="bbox 740 2838 2291 2910">
    <p class='ocr_par' dir='ltr' id='par_1_30' title="bbox 740 2838 2291 2910">
     <span class='ocr_line' id='line_1_30' title="bbox 740 2838 2291 2910; baseline -0.001 -17"><span class='ocrx_word' id='word_1_213' title='bbox 740 2840 865 2893; x_wconf 88' lang='lat' dir='ltr'><strong>dam</strong></span> <span class='ocrx_word' id='word_1_214' title='bbox 889 2839 963 2894; x_wconf 76' lang='lat' dir='ltr'><strong>“z</strong></span> <span class='ocrx_word' id='word_1_215' title='bbox 1009 2839 1128 2909; x_wconf 84' lang='lat' dir='ltr'><strong>Ipse</strong></span> <span class='ocrx_word' id='word_1_216' title='bbox 1158 2839 1423 2910; x_wconf 82' lang='lat' dir='ltr'><strong>egreditur</strong></span> <span class='ocrx_word' id='word_1_217' title='bbox 1442 2838 1594 2909; x_wconf 83' lang='lat' dir='ltr'><strong>quasi</strong></span> <span class='ocrx_word' id='word_1_218' title='bbox 1622 2839 1759 2907; x_wconf 88' lang='lat' dir='ltr'><strong>ignis</strong></span> <span class='ocrx_word' id='word_1_219' title='bbox 1784 2839 2018 2906; x_wconf 85' lang='lat' dir='ltr'><strong>conﬂans</strong></span> <span class='ocrx_word' id='word_1_220' title='bbox 2064 2850 2113 2893; x_wconf 91' lang='lat' dir='ltr'><strong>et</strong></span> <span class='ocrx_word' id='word_1_221' title='bbox 2137 2839 2291 2907; x_wconf 86' lang='lat' dir='ltr'><strong>quasi</strong></span> 
     </span>
    </p>
   </div>
   <div class='ocr_carea' id='block_1_31' title="bbox 742 2930 2291 3001">
    <p class='ocr_par' dir='ltr' id='par_1_31' title="bbox 742 2930 2291 3001">
     <span class='ocr_line' id='line_1_31' title="bbox 742 2930 2291 3001; baseline 0 -17"><span class='ocrx_word' id='word_1_222' title='bbox 742 2933 898 2986; x_wconf 74' lang='lat' dir='ltr'><strong>herba</strong></span> <span class='ocrx_word' id='word_1_223' title='bbox 946 2932 1244 3001; x_wconf 80' lang='lat' dir='ltr'><strong>fullonum:</strong></span> <span class='ocrx_word' id='word_1_224' title='bbox 1292 2941 1341 2987; x_wconf 86' lang='lat' dir='ltr'><strong>et</strong></span> <span class='ocrx_word' id='word_1_225' title='bbox 1385 2930 1657 2984; x_wconf 82' lang='lat' dir='ltr'><strong>descendet</strong></span> <span class='ocrx_word' id='word_1_226' title='bbox 1710 2931 1944 2998; x_wconf 82' lang='lat' dir='ltr'><strong>con/laus</strong></span> <span class='ocrx_word' id='word_1_227' title='bbox 1974 2939 2023 2983; x_wconf 90' lang='lat' dir='ltr'><strong>et</strong></span> <span class='ocrx_word' id='word_1_228' title='bbox 2064 2947 2291 3001; x_wconf 85' lang='lat' dir='ltr'><strong>purgans</strong></span> 
     </span>
    </p>
   </div>
   <div class='ocr_carea' id='block_1_32' title="bbox 740 3024 2291 3095">
    <p class='ocr_par' dir='ltr' id='par_1_32' title="bbox 740 3024 2291 3095">
     <span class='ocr_line' id='line_1_32' title="bbox 740 3024 2291 3095; baseline 0.001 -17"><span class='ocrx_word' id='word_1_229' title='bbox 740 3040 831 3078; x_wconf 84' lang='lat' dir='ltr'><strong>ceu</strong></span> <span class='ocrx_word' id='word_1_230' title='bbox 864 3039 1052 3076; x_wconf 79' lang='lat' dir='ltr'><strong>aurum</strong></span> <span class='ocrx_word' id='word_1_231' title='bbox 1098 3032 1148 3077; x_wconf 86' lang='lat' dir='ltr'><strong>et</strong></span> <span class='ocrx_word' id='word_1_232' title='bbox 1182 3032 1477 3091; x_wconf 80' lang='lat' dir='ltr'><strong>argentum.</strong></span> <span class='ocrx_word' id='word_1_233' title='bbox 1502 3024 1729 3078; x_wconf 89' lang='lat' dir='ltr'><strong>Omnem</strong></span> <span class='ocrx_word' id='word_1_234' title='bbox 1773 3025 1973 3095; x_wconf 90' lang='lat' dir='ltr'><strong>quippe</strong></span> <span class='ocrx_word' id='word_1_235' title='bbox 2021 3026 2291 3080; x_wconf 81' lang='lat' dir='ltr'><strong>maculam</strong></span> 
     </span>
    </p>
   </div>
   <div class='ocr_carea' id='block_1_33' title="bbox 740 3113 2286 3185">
    <p class='ocr_par' dir='ltr' id='par_1_33' title="bbox 740 3113 2286 3185">
     <span class='ocr_line' id='line_1_33' title="bbox 740 3113 2286 3185; baseline 0.003 -18"><span class='ocrx_word' id='word_1_236' title='bbox 740 3116 795 3168; x_wconf 90' lang='lat' dir='ltr'><strong>in</strong></span> <span class='ocrx_word' id='word_1_237' title='bbox 826 3114 983 3167; x_wconf 86' lang='lat' dir='ltr'><strong>nobis</strong></span> <span class='ocrx_word' id='word_1_238' title='bbox 1006 3113 1261 3169; x_wconf 86' lang='lat' dir='ltr'><strong>tabcl&#39;acit</strong></span> <span class='ocrx_word' id='word_1_239' title='bbox 1294 3113 1530 3185; x_wconf 89' lang='lat' dir='ltr'><strong>Spiritus</strong></span> <span class='ocrx_word' id='word_1_240' title='bbox 1568 3117 1743 3172; x_wconf 88' lang='lat' dir='ltr'><strong>sancti</strong></span> <span class='ocrx_word' id='word_1_241' title='bbox 1784 3118 1981 3172; x_wconf 90' lang='lat' dir='ltr'><strong>virtus.</strong></span> <span class='ocrx_word' id='word_1_242' title='bbox 2008 3115 2115 3172; x_wconf 87' lang='lat' dir='ltr'><strong>Sed</strong></span> <span class='ocrx_word' id='word_1_243' title='bbox 2149 3117 2286 3171; x_wconf 88' lang='lat' dir='ltr'><strong>nihil</strong></span> 
     </span>
    </p>
   </div>
   <div class='ocr_carea' id='block_1_34' title="bbox 741 3203 2359 3311">
    <p class='ocr_par' dir='ltr' id='par_1_34' title="bbox 741 3203 2359 3311">
     <span class='ocr_line' id='line_1_34' title="bbox 741 3203 2359 3311; baseline 0.001 -52"><span class='ocrx_word' id='word_1_244' title='bbox 741 3203 943 3275; x_wconf 77' lang='lat' dir='ltr'><strong>proluit</strong></span> <span class='ocrx_word' id='word_1_245' title='bbox 975 3203 1267 3277; x_wconf 64' lang='lat' dir='ltr'><strong>Synagogz</strong></span> <span class='ocrx_word' id='word_1_246' title='bbox 1291 3206 1621 3276; x_wconf 65' lang='lat' dir='ltr'><strong>Judteorum,</strong></span> <span class='ocrx_word' id='word_1_247' title='bbox 1653 3210 1781 3279; x_wconf 90' lang='lat' dir='ltr'><strong>quia</strong></span> <span class='ocrx_word' id='word_1_248' title='bbox 1808 3209 2035 3279; x_wconf 85' lang='lat' dir='ltr'><strong>gratiam</strong></span> <span class='ocrx_word' id='word_1_249' title='bbox 2062 3224 2168 3261; x_wconf 92' lang='lat' dir='ltr'><strong>non</strong></span> <span class='ocrx_word' id='word_1_250' title='bbox 2194 3209 2288 3261; x_wconf 91' lang='lat' dir='ltr'><strong>ad-</strong></span> <span class='ocrx_word' id='word_1_251' title='bbox 2317 3253 2359 3311; x_wconf 76' lang='lat' dir='ltr'>c</span> 
     </span>
    </p>
   </div>
   <div class='ocr_carea' id='block_1_35' title="bbox 744 3299 2286 3370">
    <p class='ocr_par' dir='ltr' id='par_1_35' title="bbox 744 3299 2286 3370">
     <span class='ocr_line' id='line_1_35' title="bbox 744 3299 2286 3370; baseline 0.001 -18"><span class='ocrx_word' id='word_1_252' title='bbox 744 3299 1027 3366; x_wconf 88' lang='lat' dir='ltr'><strong>miserunt,</strong></span> <span class='ocrx_word' id='word_1_253' title='bbox 1060 3299 1128 3353; x_wconf 92' lang='lat' dir='ltr'><strong>de</strong></span> <span class='ocrx_word' id='word_1_254' title='bbox 1148 3301 1347 3368; x_wconf 89' lang='lat' dir='ltr'><strong>quibus</strong></span> <span class='ocrx_word' id='word_1_255' title='bbox 1377 3300 1519 3370; x_wconf 89' lang='lat' dir='ltr'><strong>apud</strong></span> <span class='ocrx_word' id='word_1_256' title='bbox 1550 3299 1838 3354; x_wconf 82' lang='lat' dir='ltr'><strong>Jeretniam</strong></span> <span class='ocrx_word' id='word_1_257' title='bbox 1866 3299 1999 3355; x_wconf 89' lang='lat' dir='ltr'><strong>dicit</strong></span> <span class='ocrx_word' id='word_1_258' title='bbox 2020 3299 2161 3353; x_wconf 84' lang='lat' dir='ltr'><strong>Deus</strong></span> <span class='ocrx_word' id='word_1_259' title='bbox 2197 3300 2238 3331; x_wconf 69' lang='grc' dir='ltr'>δ’</span> <span class='ocrx_word' id='word_1_260' title='bbox 2273 3322 2286 3354; x_wconf 85' lang='grc'>;</span> 
     </span>
    </p>
   </div>
   <div class='ocr_carea' id='block_1_36' title="bbox 744 3390 2289 3461">
    <p class='ocr_par' dir='ltr' id='par_1_36' title="bbox 744 3390 2289 3461">
     <span class='ocr_line' id='line_1_36' title="bbox 744 3390 2289 3461; baseline 0.002 -18"><span class='ocrx_word' id='word_1_261' title='bbox 744 3391 944 3459; x_wconf 70' lang='lat' dir='ltr'><strong>Deiecit</strong></span> <span class='ocrx_word' id='word_1_262' title='bbox 1000 3391 1254 3458; x_wconf 79' lang='lat' dir='ltr'><strong>con/lator</strong></span> <span class='ocrx_word' id='word_1_263' title='bbox 1293 3393 1356 3443; x_wconf 82' lang='lat' dir='ltr'><strong>ab</strong></span> <span class='ocrx_word' id='word_1_264' title='bbox 1385 3392 1519 3461; x_wconf 87' lang='lat' dir='ltr'><strong>igne,</strong></span> <span class='ocrx_word' id='word_1_265' title='bbox 1551 3392 1741 3461; x_wconf 77' lang='lat' dir='ltr'><strong>defecit</strong></span> <span class='ocrx_word' id='word_1_266' title='bbox 1775 3391 2064 3461; x_wconf 88' lang='lat' dir='ltr'><strong>plumbum.</strong></span> <span class='ocrx_word' id='word_1_267' title='bbox 2106 3390 2171 3445; x_wconf 89' lang='lat' dir='ltr'><strong>In</strong></span> <span class='ocrx_word' id='word_1_268' title='bbox 2197 3409 2289 3446; x_wconf 87' lang='lat' dir='ltr'><strong>va-</strong></span> 
     </span>
    </p>
   </div>
   <div class='ocr_carea' id='block_1_37' title="bbox 746 3482 2291 3552">
    <p class='ocr_par' dir='ltr' id='par_1_37' title="bbox 746 3482 2291 3552">
     <span class='ocr_line' id='line_1_37' title="bbox 746 3482 2291 3552; baseline 0.001 -18"><span class='ocrx_word' id='word_1_269' title='bbox 746 3497 871 3535; x_wconf 80' lang='lat' dir='ltr'><strong>num</strong></span> <span class='ocrx_word' id='word_1_270' title='bbox 928 3482 1258 3551; x_wconf 82' lang='lat' dir='ltr'><strong>argentarius</strong></span> <span class='ocrx_word' id='word_1_271' title='bbox 1292 3492 1567 3552; x_wconf 85' lang='lat' dir='ltr'><strong>argentum</strong></span> <span class='ocrx_word' id='word_1_272' title='bbox 1604 3483 1816 3551; x_wconf 86' lang='lat' dir='ltr'><strong>signat:</strong></span> <span class='ocrx_word' id='word_1_273' title='bbox 1849 3482 2069 3536; x_wconf 79' lang='lat' dir='ltr'><strong>malitite</strong></span> <span class='ocrx_word' id='word_1_274' title='bbox 2112 3499 2291 3536; x_wconf 89' lang='lat' dir='ltr'><strong>eorum</strong></span> 
     </span>
    </p>
   </div>
   <div class='ocr_carea' id='block_1_38' title="bbox 748 3569 1331 3640">
    <p class='ocr_par' dir='ltr' id='par_1_38' title="bbox 748 3569 1331 3640">
     <span class='ocr_line' id='line_1_38' title="bbox 748 3569 1331 3640; baseline 0.009 -18"><span class='ocrx_word' id='word_1_275' title='bbox 748 3587 848 3624; x_wconf 86' lang='lat' dir='ltr'><strong>non</strong></span> <span class='ocrx_word' id='word_1_276' title='bbox 881 3569 1157 3640; x_wconf 77' lang='lat' dir='ltr'><strong>tabefacta:</strong></span> <span class='ocrx_word' id='word_1_277' title='bbox 1189 3580 1331 3627; x_wconf 88' lang='lat' dir='ltr'><strong>sunt.</strong></span> 
     </span>
    </p>
   </div>
   <div class='ocr_carea' id='block_1_39' title="bbox 810 3771 2289 3844">
    <p class='ocr_par' dir='ltr' id='par_1_39' title="bbox 810 3771 2289 3844">
     <span class='ocr_line' id='line_1_39' title="bbox 810 3771 2289 3844; baseline 0.002 -17"><span class='ocrx_word' id='word_1_278' title='bbox 810 3774 865 3827; x_wconf 66' lang='grc' dir='ltr'>δ.</span> <span class='ocrx_word' id='word_1_279' title='bbox 901 3771 1183 3825; x_wconf 80' lang='lat' dir='ltr'><strong>Advocabit</strong></span> <span class='ocrx_word' id='word_1_280' title='bbox 1212 3772 1397 3825; x_wconf 72' lang='lat' dir='ltr'><strong>caelum</strong></span> <span class='ocrx_word' id='word_1_281' title='bbox 1425 3772 1718 3830; x_wconf 84' lang='lat' dir='ltr'><strong>desursum.</strong></span> <span class='ocrx_word' id='word_1_282' title='bbox 1750 3774 1889 3828; x_wconf 88' lang='lat' dir='ltr'><strong>Olim</strong></span> <span class='ocrx_word' id='word_1_283' title='bbox 1924 3775 2015 3844; x_wconf 90' lang='lat' dir='ltr'><strong>qui</strong></span> <span class='ocrx_word' id='word_1_284' title='bbox 2059 3776 2113 3829; x_wconf 91' lang='lat' dir='ltr'><strong>in</strong></span> <span class='ocrx_word' id='word_1_285' title='bbox 2146 3784 2289 3831; x_wconf 78' lang='lat' dir='ltr'><strong>terra</strong></span> 
     </span>
    </p>
   </div>
   <div class='ocr_carea' id='block_1_40' title="bbox 741 3863 2289 3935">
    <p class='ocr_par' dir='ltr' id='par_1_40' title="bbox 741 3863 2289 3935">
     <span class='ocr_line' id='line_1_40' title="bbox 741 3863 2289 3935; baseline 0.004 -18"><span class='ocrx_word' id='word_1_286' title='bbox 741 3863 1003 3935; x_wconf 84' lang='lat' dir='ltr'><strong>degebant</strong></span> <span class='ocrx_word' id='word_1_287' title='bbox 1030 3872 1212 3933; x_wconf 89' lang='lat' dir='ltr'><strong>partes</strong></span> <span class='ocrx_word' id='word_1_288' title='bbox 1245 3866 1484 3934; x_wconf 83' lang='lat' dir='ltr'><strong>vulpium</strong></span> <span class='ocrx_word' id='word_1_289' title='bbox 1530 3876 1705 3933; x_wconf 90' lang='lat' dir='ltr'><strong>erant,</strong></span> <span class='ocrx_word' id='word_1_290' title='bbox 1736 3876 1796 3920; x_wconf 91' lang='lat' dir='ltr'><strong>ut</strong></span> <span class='ocrx_word' id='word_1_291' title='bbox 1844 3866 1897 3921; x_wconf 88' lang='lat' dir='ltr'><strong>in</strong></span> <span class='ocrx_word' id='word_1_292' title='bbox 1930 3867 2156 3923; x_wconf 85' lang='lat' dir='ltr'><strong>Psalmis</strong></span> <span class='ocrx_word' id='word_1_293' title='bbox 2203 3868 2289 3923; x_wconf 91' lang='lat' dir='ltr'><strong>di-</strong></span> 
     </span>
    </p>
   </div>
   <div class='ocr_carea' id='block_1_41' title="bbox 743 3956 2291 4027">
    <p class='ocr_par' dir='ltr' id='par_1_41' title="bbox 743 3956 2291 4027">
     <span class='ocr_line' id='line_1_41' title="bbox 743 3956 2291 4027; baseline 0.003 -18"><span class='ocrx_word' id='word_1_294' title='bbox 743 3966 890 4010; x_wconf 91' lang='lat' dir='ltr'><strong>ctum</strong></span> <span class='ocrx_word' id='word_1_295' title='bbox 912 3965 995 4010; x_wconf 90' lang='lat' dir='ltr'><strong>est</strong></span> <span class='ocrx_word' id='word_1_296' title='bbox 1021 3956 1089 4018; x_wconf 83' lang='lat'><strong>&#39;°,</strong></span> <span class='ocrx_word' id='word_1_297' title='bbox 1149 3956 1391 4024; x_wconf 87' lang='lat' dir='ltr'><strong>impuros</strong></span> <span class='ocrx_word' id='word_1_298' title='bbox 1424 3958 1661 4012; x_wconf 90' lang='lat' dir='ltr'><strong>colentes</strong></span> <span class='ocrx_word' id='word_1_299' title='bbox 1714 3959 1955 4027; x_wconf 89' lang='lat' dir='ltr'><strong>spiritus,</strong></span> <span class='ocrx_word' id='word_1_300' title='bbox 1999 3970 2053 4014; x_wconf 93' lang='lat' dir='ltr'><strong>et</strong></span> <span class='ocrx_word' id='word_1_301' title='bbox 2092 3960 2145 4013; x_wconf 90' lang='lat' dir='ltr'><strong>in</strong></span> <span class='ocrx_word' id='word_1_302' title='bbox 2179 3959 2291 4015; x_wconf 91' lang='lat' dir='ltr'><strong>sin-</strong></span> 
     </span>
    </p>
   </div>
   <div class='ocr_carea' id='block_1_42' title="bbox 743 4045 2292 4123">
    <p class='ocr_par' dir='ltr' id='par_1_42' title="bbox 743 4045 2292 4123">
     <span class='ocr_line' id='line_1_42' title="bbox 743 4045 2292 4123; baseline 0.005 -24"><span class='ocrx_word' id='word_1_303' title='bbox 743 4047 885 4117; x_wconf 84' lang='lat' dir='ltr'><strong>gulis</strong></span> <span class='ocrx_word' id='word_1_304' title='bbox 908 4046 1043 4101; x_wconf 90' lang='lat' dir='ltr'><strong>locis</strong></span> <span class='ocrx_word' id='word_1_305' title='bbox 1072 4045 1239 4101; x_wconf 88' lang='lat' dir='ltr'><strong>Deum</strong></span> <span class='ocrx_word' id='word_1_306' title='bbox 1274 4048 1645 4103; x_wconf 81' lang='lat' dir='ltr'><strong>existimantes</strong></span> <span class='ocrx_word' id='word_1_307' title='bbox 1673 4064 1791 4104; x_wconf 88' lang='lat' dir='ltr'><strong>esse</strong></span> <span class='ocrx_word' id='word_1_308' title='bbox 1846 4050 1898 4103; x_wconf 89' lang='lat' dir='ltr'><strong>id</strong></span> <span class='ocrx_word' id='word_1_309' title='bbox 1939 4051 2085 4121; x_wconf 92' lang='lat' dir='ltr'><strong>quod</strong></span> <span class='ocrx_word' id='word_1_310' title='bbox 2121 4068 2292 4123; x_wconf 83' lang='lat' dir='ltr'><strong>appa-</strong></span> 
     </span>
    </p>
   </div>
   <div class='ocr_carea' id='block_1_43' title="bbox 747 4136 2295 4208">
    <p class='ocr_par' dir='ltr' id='par_1_43' title="bbox 747 4136 2295 4208">
     <span class='ocr_line' id='line_1_43' title="bbox 747 4136 2295 4208; baseline 0.006 -18"><span class='ocrx_word' id='word_1_311' title='bbox 747 4138 915 4193; x_wconf 90' lang='lat' dir='ltr'><strong>rebat.</strong></span> <span class='ocrx_word' id='word_1_312' title='bbox 949 4136 1053 4192; x_wconf 86' lang='lat' dir='ltr'><strong>Sed</strong></span> <span class='ocrx_word' id='word_1_313' title='bbox 1077 4138 1165 4192; x_wconf 89' lang='lat' dir='ltr'><strong>ubi</strong></span> <span class='ocrx_word' id='word_1_314' title='bbox 1189 4138 1437 4208; x_wconf 89' lang='lat' dir='ltr'><strong>apparuit</strong></span> <span class='ocrx_word' id='word_1_315' title='bbox 1463 4137 1733 4207; x_wconf 89' lang='lat' dir='ltr'><strong>Salvator,</strong></span> <span class='ocrx_word' id='word_1_316' title='bbox 1765 4140 2057 4197; x_wconf 88' lang='lat' dir='ltr'><strong>illustravit</strong></span> <span class='ocrx_word' id='word_1_317' title='bbox 2086 4159 2185 4199; x_wconf 90' lang='lat' dir='ltr'><strong>nos</strong></span> <span class='ocrx_word' id='word_1_318' title='bbox 2209 4160 2295 4199; x_wconf 85' lang='lat' dir='ltr'><strong>ve-</strong></span> 
     </span>
    </p>
   </div>
   <div class='ocr_carea' id='block_1_44' title="bbox 744 4225 2291 4301">
    <p class='ocr_par' dir='ltr' id='par_1_44' title="bbox 744 4225 2291 4301">
     <span class='ocr_line' id='line_1_44' title="bbox 744 4225 2291 4301; baseline 0.005 -19"><span class='ocrx_word' id='word_1_319' title='bbox 744 4243 809 4282; x_wconf 82' lang='lat' dir='ltr'><strong>ra</strong></span> <span class='ocrx_word' id='word_1_320' title='bbox 837 4225 928 4281; x_wconf 88' lang='lat' dir='ltr'><strong>Dei</strong></span> <span class='ocrx_word' id='word_1_321' title='bbox 978 4226 1306 4296; x_wconf 87' lang='lat' dir='ltr'><strong>cognitionis</strong></span> <span class='ocrx_word' id='word_1_322' title='bbox 1362 4226 1503 4295; x_wconf 90' lang='lat' dir='ltr'><strong>luce,</strong></span> <span class='ocrx_word' id='word_1_323' title='bbox 1566 4229 1783 4284; x_wconf 79' lang='lat' dir='ltr'><strong>reduxit</strong></span> <span class='ocrx_word' id='word_1_324' title='bbox 1815 4233 1959 4301; x_wconf 93' lang='lat' dir='ltr'><strong>quod</strong></span> <span class='ocrx_word' id='word_1_325' title='bbox 1997 4244 2291 4299; x_wconf 86' lang='lat' dir='ltr'><strong>erraverat,</strong></span> 
     </span>
    </p>
   </div>
   <div class='ocr_carea' id='block_1_45' title="bbox 743 4318 2289 4392">
    <p class='ocr_par' dir='ltr' id='par_1_45' title="bbox 743 4318 2289 4392">
     <span class='ocr_line' id='line_1_45' title="bbox 743 4318 2289 4392; baseline 0.005 -19"><span class='ocrx_word' id='word_1_326' title='bbox 743 4318 1003 4387; x_wconf 85' lang='lat' dir='ltr'><strong>obligavit</strong></span> <span class='ocrx_word' id='word_1_327' title='bbox 1033 4318 1177 4387; x_wconf 89' lang='lat' dir='ltr'><strong>quod</strong></span> <span class='ocrx_word' id='word_1_328' title='bbox 1206 4320 1612 4385; x_wconf 83' lang='lat' dir='ltr'><strong>innrmabatur;</strong></span> <span class='ocrx_word' id='word_1_329' title='bbox 1644 4330 1828 4391; x_wconf 88' lang='lat' dir='ltr'><strong>utpote</strong></span> <span class='ocrx_word' id='word_1_330' title='bbox 1876 4332 2060 4392; x_wconf 88' lang='lat' dir='ltr'><strong>pastor</strong></span> <span class='ocrx_word' id='word_1_331' title='bbox 2091 4325 2289 4391; x_wconf 88' lang='lat' dir='ltr'><strong>bonus,</strong></span> 
     </span>
    </p>
   </div>
   <div class='ocr_carea' id='block_1_46' title="bbox 745 4407 2291 4485">
    <p class='ocr_par' dir='ltr' id='par_1_46' title="bbox 745 4407 2291 4485">
     <span class='ocr_line' id='line_1_46' title="bbox 745 4407 2291 4485; baseline 0.005 -23"><span class='ocrx_word' id='word_1_332' title='bbox 745 4407 890 4464; x_wconf 78' lang='lat' dir='ltr'><strong>feras</strong></span> <span class='ocrx_word' id='word_1_333' title='bbox 921 4408 1129 4478; x_wconf 81' lang='lat' dir='ltr'><strong>expulit</strong></span> <span class='ocrx_word' id='word_1_334' title='bbox 1175 4409 1243 4463; x_wconf 90' lang='lat' dir='ltr'><strong>ab</strong></span> <span class='ocrx_word' id='word_1_335' title='bbox 1269 4411 1395 4464; x_wconf 90' lang='lat' dir='ltr'><strong>ovili</strong></span> <span class='ocrx_word' id='word_1_336' title='bbox 1428 4412 1649 4478; x_wconf 89' lang='lat' dir='ltr'><strong>ovium;</strong></span> <span class='ocrx_word' id='word_1_337' title='bbox 1691 4412 2048 4469; x_wconf 82' lang='lat' dir='ltr'><strong>sanctiﬁcavit</strong></span> <span class='ocrx_word' id='word_1_338' title='bbox 2077 4416 2291 4485; x_wconf 90' lang='lat' dir='ltr'><strong>spiritu,</strong></span> 
     </span>
    </p>
   </div>
   <div class='ocr_carea' id='block_1_47' title="bbox 747 4497 2293 4575">
    <p class='ocr_par' dir='ltr' id='par_1_47' title="bbox 747 4497 2293 4575">
     <span class='ocr_line' id='line_1_47' title="bbox 747 4497 2293 4575; baseline 0.005 -23"><span class='ocrx_word' id='word_1_339' title='bbox 747 4497 979 4552; x_wconf 87' lang='lat' dir='ltr'><strong>munivit</strong></span> <span class='ocrx_word' id='word_1_340' title='bbox 1006 4499 1296 4554; x_wconf 79' lang='lat' dir='ltr'><strong>virtutibus</strong></span> <span class='ocrx_word' id='word_1_341' title='bbox 1320 4501 1599 4571; x_wconf 87' lang='lat' dir='ltr'><strong>angelicis,</strong></span> <span class='ocrx_word' id='word_1_342' title='bbox 1647 4502 1933 4559; x_wconf 90' lang='lat' dir='ltr'><strong>constituit</strong></span> <span class='ocrx_word' id='word_1_343' title='bbox 1976 4520 2165 4560; x_wconf 78' lang='lat' dir='ltr'><strong>omnes</strong></span> <span class='ocrx_word' id='word_1_344' title='bbox 2198 4506 2293 4575; x_wconf 88' lang='lat' dir='ltr'><strong>qui</strong></span> 
     </span>
    </p>
   </div>
   <div class='ocr_carea' id='block_1_48' title="bbox 749 4588 2292 4664">
    <p class='ocr_par' dir='ltr' id='par_1_48' title="bbox 749 4588 2292 4664">
     <span class='ocr_line' id='line_1_48' title="bbox 749 4588 2292 4664; baseline 0.005 -20"><span class='ocrx_word' id='word_1_345' title='bbox 749 4589 808 4644; x_wconf 86' lang='lat' dir='ltr'><strong>in</strong></span> <span class='ocrx_word' id='word_1_346' title='bbox 862 4600 1005 4645; x_wconf 87' lang='lat' dir='ltr'><strong>terra</strong></span> <span class='ocrx_word' id='word_1_347' title='bbox 1064 4588 1214 4642; x_wconf 77' lang='lat' dir='ltr'><strong>fuere</strong></span> <span class='ocrx_word' id='word_1_348' title='bbox 1269 4602 1485 4648; x_wconf 89' lang='lat' dir='ltr'><strong>sanctos</strong></span> <span class='ocrx_word' id='word_1_349' title='bbox 1528 4593 1906 4664; x_wconf 83' lang='lat' dir='ltr'><strong>mysteriorum</strong></span> <span class='ocrx_word' id='word_1_350' title='bbox 1966 4594 2292 4652; x_wconf 89' lang='lat' dir='ltr'><strong>initiatores.</strong></span> 
     </span>
    </p>
   </div>
   <div class='ocr_carea' id='block_1_49' title="bbox 752 4678 2294 4753">
    <p class='ocr_par' dir='ltr' id='par_1_49' title="bbox 752 4678 2294 4753">
     <span class='ocr_line' id='line_1_49' title="bbox 752 4678 2294 4753; baseline 0.005 -20"><span class='ocrx_word' id='word_1_351' title='bbox 752 4678 1047 4734; x_wconf 79' lang='lat' dir='ltr'><strong>Advocabit</strong></span> <span class='ocrx_word' id='word_1_352' title='bbox 1073 4679 1255 4751; x_wconf 91' lang='lat' dir='ltr'><strong>igitur,</strong></span> <span class='ocrx_word' id='word_1_353' title='bbox 1290 4682 1483 4750; x_wconf 87' lang='lat' dir='ltr'><strong>inquit,</strong></span> <span class='ocrx_word' id='word_1_354' title='bbox 1508 4682 1728 4752; x_wconf 85' lang='lat' dir='ltr'><strong>angelos</strong></span> <span class='ocrx_word' id='word_1_355' title='bbox 1755 4684 1847 4753; x_wconf 91' lang='lat' dir='ltr'><strong>qui</strong></span> <span class='ocrx_word' id='word_1_356' title='bbox 1871 4685 1925 4738; x_wconf 94' lang='lat' dir='ltr'><strong>in</strong></span> <span class='ocrx_word' id='word_1_357' title='bbox 1968 4686 2121 4741; x_wconf 61' lang='lat' dir='ltr'><strong>caelis</strong></span> <span class='ocrx_word' id='word_1_358' title='bbox 2144 4696 2294 4752; x_wconf 88' lang='lat' dir='ltr'><strong>sunt,</strong></span> 
     </span>
    </p>
   </div>
   <div class='ocr_carea' id='block_1_50' title="bbox 746 4772 2293 4842">
    <p class='ocr_par' dir='ltr' id='par_1_50' title="bbox 746 4772 2293 4842">
     <span class='ocr_line' id='line_1_50' title="bbox 746 4772 2293 4842; baseline 0.005 -18"><span class='ocrx_word' id='word_1_359' title='bbox 746 4780 803 4825; x_wconf 86' lang='lat' dir='ltr'><strong>et</strong></span> <span class='ocrx_word' id='word_1_360' title='bbox 821 4784 915 4827; x_wconf 87' lang='lat' dir='ltr'><strong>eos</strong></span> <span class='ocrx_word' id='word_1_361' title='bbox 942 4772 1034 4841; x_wconf 89' lang='lat' dir='ltr'><strong>qui</strong></span> <span class='ocrx_word' id='word_1_362' title='bbox 1069 4772 1123 4825; x_wconf 91' lang='lat' dir='ltr'><strong>in</strong></span> <span class='ocrx_word' id='word_1_363' title='bbox 1157 4780 1299 4827; x_wconf 85' lang='lat' dir='ltr'><strong>terra</strong></span> <span class='ocrx_word' id='word_1_364' title='bbox 1329 4782 1397 4827; x_wconf 84' lang='lat' dir='ltr'><strong>ad</strong></span> <span class='ocrx_word' id='word_1_365' title='bbox 1427 4774 1785 4842; x_wconf 84' lang='lat' dir='ltr'><strong>apostolatum</strong></span> <span class='ocrx_word' id='word_1_366' title='bbox 1837 4775 2013 4830; x_wconf 89' lang='lat' dir='ltr'><strong>allecti</strong></span> <span class='ocrx_word' id='word_1_367' title='bbox 2054 4786 2203 4841; x_wconf 88' lang='lat' dir='ltr'><strong>sunt,</strong></span> <span class='ocrx_word' id='word_1_368' title='bbox 2232 4786 2293 4832; x_wconf 94' lang='lat' dir='ltr'><strong>ut</strong></span> 
     </span>
    </p>
   </div>
   <div class='ocr_carea' id='block_1_51' title="bbox 748 4861 2289 4937">
    <p class='ocr_par' dir='ltr' id='par_1_51' title="bbox 748 4861 2289 4937">
     <span class='ocr_line' id='line_1_51' title="bbox 748 4861 2289 4937; baseline 0.003 -21"><span class='ocrx_word' id='word_1_369' title='bbox 748 4861 1058 4916; x_wconf 87' lang='lat' dir='ltr'><strong>discernaut</strong></span> <span class='ocrx_word' id='word_1_370' title='bbox 1088 4862 1342 4932; x_wconf 87' lang='lat' dir='ltr'><strong>populum</strong></span> <span class='ocrx_word' id='word_1_371' title='bbox 1371 4863 1562 4933; x_wconf 88' lang='lat' dir='ltr'><strong>ipsius.</strong></span> <span class='ocrx_word' id='word_1_372' title='bbox 1598 4862 1731 4919; x_wconf 86' lang='lat' dir='ltr'><strong>Nam</strong></span> <span class='ocrx_word' id='word_1_373' title='bbox 1772 4866 2001 4934; x_wconf 86' lang='lat' dir='ltr'><strong>apostoli</strong></span> <span class='ocrx_word' id='word_1_374' title='bbox 2031 4882 2125 4921; x_wconf 90' lang='lat' dir='ltr'><strong>eos</strong></span> <span class='ocrx_word' id='word_1_375' title='bbox 2166 4867 2289 4937; x_wconf 87' lang='lat' dir='ltr'><strong>qui-</strong></span> 
     </span>
    </p>
   </div>
   <div class='ocr_carea' id='block_1_52' title="bbox 746 4952 2288 5025">
    <p class='ocr_par' dir='ltr' id='par_1_52' title="bbox 746 4952 2288 5025">
     <span class='ocr_line' id='line_1_52' title="bbox 746 4952 2288 5025; baseline 0.005 -18"><span class='ocrx_word' id='word_1_376' title='bbox 746 4954 869 5008; x_wconf 88' lang='lat' dir='ltr'><strong>dem</strong></span> <span class='ocrx_word' id='word_1_377' title='bbox 896 4952 990 5023; x_wconf 90' lang='lat' dir='ltr'><strong>qui</strong></span> <span class='ocrx_word' id='word_1_378' title='bbox 1034 4955 1494 5025; x_wconf 89' lang='lat' dir='ltr'><strong>obtemperarunt,</strong></span> <span class='ocrx_word' id='word_1_379' title='bbox 1538 4956 1648 5013; x_wconf 89' lang='lat' dir='ltr'><strong>Deo</strong></span> <span class='ocrx_word' id='word_1_380' title='bbox 1711 4958 1975 5021; x_wconf 90' lang='lat' dir='ltr'><strong>obtulere,</strong></span> <span class='ocrx_word' id='word_1_381' title='bbox 2040 4959 2288 5014; x_wconf 89' lang='lat' dir='ltr'><strong>intldeles</strong></span> 
     </span>
    </p>
   </div>
   <div class='ocr_carea' id='block_1_53' title="bbox 758 5041 2285 5111">
    <p class='ocr_par' dir='ltr' id='par_1_53' title="bbox 758 5041 2285 5111">
     <span class='ocr_line' id='line_1_53' title="bbox 758 5041 2285 5111; baseline 0.005 -15"><span class='ocrx_word' id='word_1_382' title='bbox 758 5054 936 5097; x_wconf 83' lang='lat' dir='ltr'><strong>autem</strong></span> <span class='ocrx_word' id='word_1_383' title='bbox 966 5041 1178 5098; x_wconf 64' lang='lat' dir='ltr'><strong>Satanae</strong></span> <span class='ocrx_word' id='word_1_384' title='bbox 1205 5046 1572 5111; x_wconf 82' lang='lat' dir='ltr'><strong>transmisere,</strong></span> <span class='ocrx_word' id='word_1_385' title='bbox 1620 5058 1826 5102; x_wconf 89' lang='lat' dir='ltr'><strong>tantum</strong></span> <span class='ocrx_word' id='word_1_386' title='bbox 1880 5064 1983 5104; x_wconf 92' lang='lat' dir='ltr'><strong>non</strong></span> <span class='ocrx_word' id='word_1_387' title='bbox 2016 5049 2285 5103; x_wconf 88' lang='lat' dir='ltr'><strong>dicentes:</strong></span> 
     </span>
    </p>
   </div>
   <div class='ocr_carea' id='block_1_54' title="bbox 748 5134 2289 5208">
    <p class='ocr_par' dir='ltr' id='par_1_54' title="bbox 748 5134 2289 5208">
     <span class='ocr_line' id='line_1_54' title="bbox 748 5134 2289 5208; baseline 0.005 -23"><span class='ocrx_word' id='word_1_388' title='bbox 748 5134 1034 5189; x_wconf 78' lang='lat' dir='ltr'><strong>Abscedite</strong></span> <span class='ocrx_word' id='word_1_389' title='bbox 1064 5135 1229 5205; x_wconf 83' lang='lat' dir='ltr'><strong>igitur</strong></span> <span class='ocrx_word' id='word_1_390' title='bbox 1257 5135 1323 5189; x_wconf 91' lang='lat' dir='ltr'><strong>ad</strong></span> <span class='ocrx_word' id='word_1_391' title='bbox 1353 5138 1524 5191; x_wconf 88' lang='lat' dir='ltr'><strong>lucem</strong></span> <span class='ocrx_word' id='word_1_392' title='bbox 1560 5138 1700 5208; x_wconf 84' lang='lat' dir='ltr'><strong>ignis</strong></span> <span class='ocrx_word' id='word_1_393' title='bbox 1732 5142 1916 5202; x_wconf 82' lang='lat' dir='ltr'><strong>vestri,</strong></span> <span class='ocrx_word' id='word_1_394' title='bbox 1943 5146 1998 5192; x_wconf 89' lang='lat' dir='ltr'><strong>ct</strong></span> <span class='ocrx_word' id='word_1_395' title='bbox 2039 5138 2107 5192; x_wconf 90' lang='lat' dir='ltr'><strong>ad</strong></span> <span class='ocrx_word' id='word_1_396' title='bbox 2135 5138 2289 5192; x_wconf 82' lang='lat' dir='ltr'><strong>llam-</strong></span> 
     </span>
    </p>
   </div>
   <div class='ocr_carea' id='block_1_55' title="bbox 748 5227 2287 5300">
    <p class='ocr_par' dir='ltr' id='par_1_55' title="bbox 748 5227 2287 5300">
     <span class='ocr_line' id='line_1_55' title="bbox 748 5227 2287 5300; baseline 0.003 -20"><span class='ocrx_word' id='word_1_397' title='bbox 748 5239 890 5280; x_wconf 84' lang='lat' dir='ltr'><strong>tnam</strong></span> <span class='ocrx_word' id='word_1_398' title='bbox 914 5240 1021 5292; x_wconf 88' lang='lat' dir='ltr'><strong>qua</strong></span> <span class='ocrx_word' id='word_1_399' title='bbox 1072 5227 1339 5282; x_wconf 84' lang='lat' dir='ltr'><strong>combusti</strong></span> <span class='ocrx_word' id='word_1_400' title='bbox 1370 5231 1519 5284; x_wconf 87' lang='lat' dir='ltr'><strong>estis.</strong></span> <span class='ocrx_word' id='word_1_401' title='bbox 1562 5227 1763 5284; x_wconf 77' lang='lat' dir='ltr'><strong>Judznis</strong></span> <span class='ocrx_word' id='word_1_402' title='bbox 1806 5232 1985 5300; x_wconf 85' lang='lat' dir='ltr'><strong>itaque</strong></span> <span class='ocrx_word' id='word_1_403' title='bbox 2034 5246 2139 5284; x_wconf 91' lang='lat' dir='ltr'><strong>non</strong></span> <span class='ocrx_word' id='word_1_404' title='bbox 2166 5246 2287 5284; x_wconf 86' lang='lat' dir='ltr'><strong>cre-</strong></span> 
     </span>
    </p>
   </div>
   <div class='ocr_carea' id='block_1_56' title="bbox 748 5313 2288 5391">
    <p class='ocr_par' dir='ltr' id='par_1_56' title="bbox 748 5313 2288 5391">
     <span class='ocr_line' id='line_1_56' title="bbox 748 5313 2288 5391; baseline 0.004 -24"><span class='ocrx_word' id='word_1_405' title='bbox 748 5313 997 5369; x_wconf 85' lang='lat' dir='ltr'><strong>dentibus</strong></span> <span class='ocrx_word' id='word_1_406' title='bbox 1047 5316 1196 5371; x_wconf 88' lang='lat' dir='ltr'><strong>aiunt</strong></span> <span class='ocrx_word' id='word_1_407' title='bbox 1229 5319 1309 5372; x_wconf 81' lang='lat'><strong>&quot;:</strong></span> <span class='ocrx_word' id='word_1_408' title='bbox 1356 5317 1509 5373; x_wconf 83' lang='lat' dir='ltr'><strong>Vobis</strong></span> <span class='ocrx_word' id='word_1_409' title='bbox 1556 5322 1821 5390; x_wconf 78' lang='lat' dir='ltr'><strong>oportebat</strong></span> <span class='ocrx_word' id='word_1_410' title='bbox 1869 5322 2095 5390; x_wconf 86' lang='lat' dir='ltr'><strong>primum</strong></span> <span class='ocrx_word' id='word_1_411' title='bbox 2146 5322 2288 5391; x_wconf 86' lang='lat' dir='ltr'><strong>loqui</strong></span> 
     </span>
    </p>
   </div>
   <div class='ocr_carea' id='block_1_57' title="bbox 748 5397 2291 5482">
    <p class='ocr_par' dir='ltr' id='par_1_57' title="bbox 748 5397 2291 5482">
     <span class='ocr_line' id='line_1_57' title="bbox 748 5397 2291 5482; baseline 0.005 -25"><span class='ocrx_word' id='word_1_412' title='bbox 748 5409 956 5459; x_wconf 68' lang='lat' dir='ltr'><strong>uerbum</strong></span> <span class='ocrx_word' id='word_1_413' title='bbox 980 5405 1110 5462; x_wconf 88' lang='lat' dir='ltr'><strong>Dei:</strong></span> <span class='ocrx_word' id='word_1_414' title='bbox 1132 5410 1220 5462; x_wconf 87' lang='lat' dir='ltr'><strong>sed</strong></span> <span class='ocrx_word' id='word_1_415' title='bbox 1253 5413 1496 5479; x_wconf 85' lang='lat' dir='ltr'><strong>quoniam</strong></span> <span class='ocrx_word' id='word_1_416' title='bbox 1520 5412 1765 5480; x_wconf 81' lang='lat' dir='ltr'><strong>repellitis</strong></span> <span class='ocrx_word' id='word_1_417' title='bbox 1796 5397 1947 5477; x_wconf 74' lang='lat' dir='ltr'><strong>illud,</strong></span> <span class='ocrx_word' id='word_1_418' title='bbox 1974 5422 2023 5465; x_wconf 91' lang='lat' dir='ltr'><strong>et</strong></span> <span class='ocrx_word' id='word_1_419' title='bbox 2048 5413 2291 5482; x_wconf 82' lang='lat' dir='ltr'><strong>indignos</strong></span> 
     </span>
    </p>
   </div>
   <div class='ocr_carea' id='block_1_58' title="bbox 749 5498 2291 5574">
    <p class='ocr_par' dir='ltr' id='par_1_58' title="bbox 749 5498 2291 5574">
     <span class='ocr_line' id='line_1_58' title="bbox 749 5498 2291 5574; baseline 0.005 -23"><span class='ocrx_word' id='word_1_420' title='bbox 749 5512 838 5551; x_wconf 72' lang='lat' dir='ltr'><strong>vos</strong></span> <span class='ocrx_word' id='word_1_421' title='bbox 858 5498 1111 5566; x_wconf 83' lang='lat' dir='ltr'><strong>judicatis</strong></span> <span class='ocrx_word' id='word_1_422' title='bbox 1149 5510 1356 5556; x_wconf 72' lang='lat' dir='ltr'><strong>tetes-nte</strong></span> <span class='ocrx_word' id='word_1_423' title='bbox 1378 5505 1515 5569; x_wconf 65' lang='lat' dir='ltr'><strong>vitae,</strong></span> <span class='ocrx_word' id='word_1_424' title='bbox 1544 5522 1657 5558; x_wconf 80' lang='lat' dir='ltr'><strong>ecce</strong></span> <span class='ocrx_word' id='word_1_425' title='bbox 1696 5507 2045 5559; x_wconf 75' lang='lat' dir='ltr'><strong>convertimur</strong></span> <span class='ocrx_word' id='word_1_426' title='bbox 2077 5505 2145 5556; x_wconf 86' lang='lat' dir='ltr'><strong>ad</strong></span> <span class='ocrx_word' id='word_1_427' title='bbox 2169 5521 2291 5574; x_wconf 85' lang='lat' dir='ltr'><strong>gen-</strong></span> 
     </span>
    </p>
   </div>
   <div class='ocr_carea' id='block_1_59' title="bbox 753 5585 2289 5664">
    <p class='ocr_par' dir='ltr' id='par_1_59' title="bbox 753 5585 2289 5664">
     <span class='ocr_line' id='line_1_59' title="bbox 753 5585 2289 5664; baseline 0.005 -25"><span class='ocrx_word' id='word_1_428' title='bbox 753 5598 846 5640; x_wconf 90' lang='lat' dir='ltr'><strong>tes.</strong></span> <span class='ocrx_word' id='word_1_429' title='bbox 873 5585 1026 5652; x_wconf 84' lang='lat' dir='ltr'><strong>Quod</strong></span> <span class='ocrx_word' id='word_1_430' title='bbox 1052 5599 1230 5644; x_wconf 88' lang='lat' dir='ltr'><strong>autem</strong></span> <span class='ocrx_word' id='word_1_431' title='bbox 1263 5594 1641 5662; x_wconf 85' lang='lat' dir='ltr'><strong>mysteriorum</strong></span> <span class='ocrx_word' id='word_1_432' title='bbox 1683 5595 2149 5664; x_wconf 86' lang='lat' dir='ltr'><strong>dispensatoribus</strong></span> <span class='ocrx_word' id='word_1_433' title='bbox 2196 5608 2289 5647; x_wconf 91' lang='lat' dir='ltr'><strong>eo-</strong></span> 
     </span>
    </p>
   </div>
   <div class='ocr_carea' id='block_1_60' title="bbox 751 5679 2295 5754">
    <p class='ocr_par' dir='ltr' id='par_1_60' title="bbox 751 5679 2295 5754">
     <span class='ocr_line' id='line_1_60' title="bbox 751 5679 2295 5754; baseline 0.004 -22"><span class='ocrx_word' id='word_1_434' title='bbox 751 5693 983 5747; x_wconf 86' lang='lat' dir='ltr'><strong>rumque</strong></span> <span class='ocrx_word' id='word_1_435' title='bbox 1013 5679 1293 5752; x_wconf 87' lang='lat' dir='ltr'><strong>discipulis</strong></span> <span class='ocrx_word' id='word_1_436' title='bbox 1312 5685 1482 5754; x_wconf 89' lang='lat' dir='ltr'><strong>angeli</strong></span> <span class='ocrx_word' id='word_1_437' title='bbox 1510 5686 1853 5750; x_wconf 80' lang='lat' dir='ltr'><strong>auxiiientur,</strong></span> <span class='ocrx_word' id='word_1_438' title='bbox 1888 5686 2127 5743; x_wconf 89' lang='lat' dir='ltr'><strong>declarat</strong></span> <span class='ocrx_word' id='word_1_439' title='bbox 2152 5683 2295 5739; x_wconf 88' lang='lat' dir='ltr'><strong>Pau-</strong></span> 
     </span>
    </p>
   </div>
   <div class='ocr_carea' id='block_1_61' title="bbox 823 5791 1831 5865">
    <p class='ocr_par' dir='ltr' id='par_1_61' title="bbox 823 5791 1831 5865">
     <span class='ocr_line' id='line_1_61' title="bbox 823 5791 1831 5865; baseline 0.013 -22"><span class='ocrx_word' id='word_1_440' title='bbox 823 5792 868 5823; x_wconf 79' lang='lat'><strong>“</strong></span> <span class='ocrx_word' id='word_1_441' title='bbox 896 5791 1028 5846; x_wconf 89' lang='lat' dir='ltr'><strong>Dan.</strong></span> <span class='ocrx_word' id='word_1_442' title='bbox 1062 5808 1159 5855; x_wconf 85' lang='lat' dir='ltr'><strong>vu,</strong></span> <span class='ocrx_word' id='word_1_443' title='bbox 1184 5794 1277 5865; x_wconf 80' lang='lat' dir='ltr'><strong>to.</strong></span> <span class='ocrx_word' id='word_1_444' title='bbox 1383 5798 1425 5829; x_wconf 85' lang='lat'><strong>&quot;’</strong></span> <span class='ocrx_word' id='word_1_445' title='bbox 1458 5796 1587 5854; x_wconf 87' lang='lat' dir='ltr'><strong>Luc.</strong></span> <span class='ocrx_word' id='word_1_446' title='bbox 1624 5818 1716 5865; x_wconf 72' lang='lat' dir='ltr'><strong>xii,</strong></span> <span class='ocrx_word' id='word_1_447' title='bbox 1745 5802 1831 5857; x_wconf 69' lang='lat'><strong>£9.</strong></span> 
     </span>
    </p>
   </div>
   <div class='ocr_carea' id='block_1_62' title="bbox 756 5861 1218 5925">
    <p class='ocr_par' dir='ltr' id='par_1_62' title="bbox 756 5861 1218 5925">
     <span class='ocr_line' id='line_1_62' title="bbox 756 5861 1218 5925; baseline 0.015 -11"><span class='ocrx_word' id='word_1_448' title='bbox 756 5861 802 5895; x_wconf 77' lang='grc'><strong>³⁸</strong></span> <span class='ocrx_word' id='word_1_449' title='bbox 833 5867 951 5917; x_wconf 79' lang='lat' dir='ltr'><strong>Act.</strong></span> <span class='ocrx_word' id='word_1_450' title='bbox 983 5877 1102 5925; x_wconf 79' lang='lat' dir='ltr'><strong>sui,</strong></span> <span class='ocrx_word' id='word_1_451' title='bbox 1132 5864 1218 5921; x_wconf 71' lang='grc'><strong>46.</strong></span> 
     </span>
    </p>
   </div>
   <div class='ocr_carea' id='block_1_63' title="bbox 1940 5798 2537 5868">
    <p class='ocr_par' dir='ltr' id='par_1_63' title="bbox 1940 5798 2537 5868">
     <span class='ocr_line' id='line_1_63' title="bbox 1940 5798 2537 5868; baseline -0.005 -14"><span class='ocrx_word' id='word_1_452' title='bbox 1940 5800 1985 5832; x_wconf 69' lang='grc'><strong>⁸⁸</strong></span> <span class='ocrx_word' id='word_1_453' title='bbox 2014 5800 2241 5856; x_wconf 75' lang='lat' dir='ltr'><strong>Malach.</strong></span> <span class='ocrx_word' id='word_1_454' title='bbox 2268 5814 2351 5868; x_wconf 88' lang='grc' dir='ltr'>ιιι,</span> <span class='ocrx_word' id='word_1_455' title='bbox 2380 5798 2449 5866; x_wconf 78' lang='lat'><strong>2,</strong></span> <span class='ocrx_word' id='word_1_456' title='bbox 2484 5799 2537 5854; x_wconf 72' lang='grc' dir='ltr'><strong>ὅ.</strong></span> 
     </span>
    </p>
   </div>
   <div class='ocr_carea' id='block_1_64' title="bbox 2462 644 3943 717">
    <p class='ocr_par' dir='ltr' id='par_1_64' title="bbox 2462 644 3943 717">
     <span class='ocr_line' id='line_1_64' title="bbox 2462 644 3943 717; baseline -0.001 -18"><span class='ocrx_word' id='word_1_457' title='bbox 2462 648 2525 699; x_wconf 85' lang='lat'><strong>&#39;0</strong></span> <span class='ocrx_word' id='word_1_458' title='bbox 2558 646 2699 711; x_wconf 84' lang='grc' dir='ltr'><strong>Θεὸς</strong></span> <span class='ocrx_word' id='word_1_459' title='bbox 2718 646 2991 714; x_wconf 68' lang='grc' dir='ltr'>ἐμφανῶς</span> <span class='ocrx_word' id='word_1_460' title='bbox 3016 644 3166 712; x_wconf 77' lang='grc' dir='ltr'>ἥξει.</span> <span class='ocrx_word' id='word_1_461' title='bbox 3201 647 3275 698; x_wconf 84' lang='grc' dir='ltr'><strong>Οὐ</strong></span> <span class='ocrx_word' id='word_1_462' title='bbox 3303 646 3408 714; x_wconf 76' lang='grc' dir='ltr'>γὰρ</span> <span class='ocrx_word' id='word_1_463' title='bbox 3461 645 3599 699; x_wconf 80' lang='grc' dir='ltr'>κατὰ</span> <span class='ocrx_word' id='word_1_464' title='bbox 3624 646 3722 715; x_wconf 83' lang='grc' dir='ltr'>τὴν</span> <span class='ocrx_word' id='word_1_465' title='bbox 3750 645 3943 717; x_wconf 82' lang='grc' dir='ltr'>προτέ-</span> 
     </span>
    </p>
   </div>
   <div class='ocr_carea' id='block_1_65' title="bbox 2384 735 3945 810">
    <p class='ocr_par' dir='ltr' id='par_1_65' title="bbox 2384 735 3945 810">
     <span class='ocr_line' id='line_1_65' title="bbox 2384 735 3945 810; baseline -0.001 -20"><span class='ocrx_word' id='word_1_466' title='bbox 2384 756 2479 810; x_wconf 88' lang='grc' dir='ltr'><strong>ραν</strong></span> <span class='ocrx_word' id='word_1_467' title='bbox 2510 737 2806 808; x_wconf 81' lang='grc' dir='ltr'><strong>παρουσίαν</strong></span> <span class='ocrx_word' id='word_1_468' title='bbox 2835 736 3149 808; x_wconf 64' lang='grc' dir='ltr'>λεληθότως</span> <span class='ocrx_word' id='word_1_469' title='bbox 3176 737 3287 791; x_wconf 80' lang='grc' dir='ltr'>ἀλλ’</span> <span class='ocrx_word' id='word_1_470' title='bbox 3320 738 3395 801; x_wconf 85' lang='grc' dir='ltr'>ὡς</span> <span class='ocrx_word' id='word_1_471' title='bbox 3434 738 3592 800; x_wconf 78' lang='grc' dir='ltr'>αὐτός</span> <span class='ocrx_word' id='word_1_472' title='bbox 3626 754 3813 807; x_wconf 78' lang='grc' dir='ltr'>φησιν,</span> <span class='ocrx_word' id='word_1_473' title='bbox 3866 735 3945 799; x_wconf 81' lang='grc' dir='ltr'>ὡς</span> 
     </span>
    </p>
   </div>
   <div class='ocr_carea' id='block_1_66' title="bbox 2383 829 3944 902">
    <p class='ocr_par' dir='ltr' id='par_1_66' title="bbox 2383 829 3944 902">
     <span class='ocr_line' id='line_1_66' title="bbox 2383 829 3944 902; baseline -0.002 -19"><span class='ocrx_word' id='word_1_474' title='bbox 2383 831 2634 901; x_wconf 84' lang='grc' dir='ltr'>ἀστραπὴ</span> <span class='ocrx_word' id='word_1_475' title='bbox 2679 829 2954 902; x_wconf 80' lang='grc' dir='ltr'><strong>πληροῦσα</strong></span> <span class='ocrx_word' id='word_1_476' title='bbox 3003 831 3109 884; x_wconf 82' lang='grc' dir='ltr'>ἀπὸ</span> <span class='ocrx_word' id='word_1_477' title='bbox 3153 830 3421 884; x_wconf 82' lang='grc' dir='ltr'>ἀνατολῶν</span> <span class='ocrx_word' id='word_1_478' title='bbox 3454 830 3556 892; x_wconf 79' lang='grc' dir='ltr'><strong>ἓως</strong></span> <span class='ocrx_word' id='word_1_479' title='bbox 3609 829 3851 899; x_wconf 81' lang='grc' dir='ltr'>δυσμῶν.</span> <span class='ocrx_word' id='word_1_480' title='bbox 3889 829 3944 880; x_wconf 89' lang='grc' dir='ltr'><em>Ὀ</em></span> 
     </span>
    </p>
   </div>
   <div class='ocr_carea' id='block_1_67' title="bbox 2386 919 3945 994">
    <p class='ocr_par' dir='ltr' id='par_1_67' title="bbox 2386 919 3945 994">
     <span class='ocr_line' id='line_1_67' title="bbox 2386 919 3945 994; baseline -0.004 -15"><span class='ocrx_word' id='word_1_481' title='bbox 2386 926 2528 991; x_wconf 81' lang='grc' dir='ltr'>Θεὸς</span> <span class='ocrx_word' id='word_1_482' title='bbox 2572 925 2739 994; x_wconf 76' lang='grc' dir='ltr'>ἡμῶν</span> <span class='ocrx_word' id='word_1_483' title='bbox 2772 926 2867 978; x_wconf 78' lang='grc' dir='ltr'><strong>καὶ</strong></span> <span class='ocrx_word' id='word_1_484' title='bbox 2919 926 2991 978; x_wconf 89' lang='grc' dir='ltr'><strong>οὑ</strong></span> <span class='ocrx_word' id='word_1_485' title='bbox 3036 923 3575 992; x_wconf 77' lang='grc' dir='ltr'>παρασιωπήσεται.</span> <span class='ocrx_word' id='word_1_486' title='bbox 3603 921 3713 989; x_wconf 81' lang='grc' dir='ltr'><strong>Ούχ</strong></span> <span class='ocrx_word' id='word_1_487' title='bbox 3757 919 3945 991; x_wconf 82' lang='grc' dir='ltr'>ὥσπερ</span> 
     </span>
    </p>
   </div>
   <div class='ocr_carea' id='block_1_68' title="bbox 2384 1012 3945 1088">
    <p class='ocr_par' dir='ltr' id='par_1_68' title="bbox 2384 1012 3945 1088">
     <span class='ocr_line' id='line_1_68' title="bbox 2384 1012 3945 1088; baseline -0.005 -17"><span class='ocrx_word' id='word_1_488' title='bbox 2384 1019 2445 1071; x_wconf 83' lang='grc' dir='ltr'>τὸ</span> <span class='ocrx_word' id='word_1_489' title='bbox 2466 1018 2745 1088; x_wconf 79' lang='grc' dir='ltr'>πρότερον,</span> <span class='ocrx_word' id='word_1_490' title='bbox 2775 1018 2956 1087; x_wconf 68' lang='grc' dir='ltr'>φησιν,</span> <span class='ocrx_word' id='word_1_491' title='bbox 2988 1016 3194 1069; x_wconf 83' lang='grc' dir='ltr'>ὲσιώπα</span> <span class='ocrx_word' id='word_1_492' title='bbox 3232 1018 3341 1079; x_wconf 80' lang='grc' dir='ltr'>τοῖς</span> <span class='ocrx_word' id='word_1_493' title='bbox 3362 1014 3631 1079; x_wconf 80' lang='grc' dir='ltr'>ἀσεϐέσιν,</span> <span class='ocrx_word' id='word_1_494' title='bbox 3664 1012 3804 1065; x_wconf 80' lang='grc' dir='ltr'>οὕτω</span> <span class='ocrx_word' id='word_1_495' title='bbox 3850 1012 3945 1064; x_wconf 74' lang='grc' dir='ltr'>καὶ</span> 
     </span>
    </p>
   </div>
   <div class='ocr_carea' id='block_1_69' title="bbox 2384 1105 3946 1175">
    <p class='ocr_par' dir='ltr' id='par_1_69' title="bbox 2384 1105 3946 1175">
     <span class='ocr_line' id='line_1_69' title="bbox 2384 1105 3946 1175; baseline -0.002 -15"><span class='ocrx_word' id='word_1_496' title='bbox 2384 1110 2527 1161; x_wconf 85' lang='grc' dir='ltr'>τότε.</span> <span class='ocrx_word' id='word_1_497' title='bbox 2554 1110 2678 1175; x_wconf 76' lang='grc' dir='ltr'>Πῦρ</span> <span class='ocrx_word' id='word_1_498' title='bbox 2707 1108 2959 1161; x_wconf 78' lang='grc' dir='ltr'>ἐνώπιον</span> <span class='ocrx_word' id='word_1_499' title='bbox 3011 1108 3196 1162; x_wconf 84' lang='grc' dir='ltr'>αὐτοῦ</span> <span class='ocrx_word' id='word_1_500' title='bbox 3248 1106 3628 1173; x_wconf 79' lang='grc' dir='ltr'><strong>καυθήσεται.</strong></span> <span class='ocrx_word' id='word_1_501' title='bbox 3662 1105 3800 1175; x_wconf 87' lang='grc' dir='ltr'>Πῦρ,</span> <span class='ocrx_word' id='word_1_502' title='bbox 3860 1106 3946 1158; x_wconf 81' lang='grc' dir='ltr'>ἵνα</span> 
     </span>
    </p>
   </div>
   <div class='ocr_carea' id='block_1_70' title="bbox 2386 1198 3947 1271">
    <p class='ocr_par' dir='ltr' id='par_1_70' title="bbox 2386 1198 3947 1271">
     <span class='ocr_line' id='line_1_70' title="bbox 2386 1198 3947 1271; baseline -0.001 -20"><span class='ocrx_word' id='word_1_503' title='bbox 2386 1201 2510 1261; x_wconf 81' lang='grc' dir='ltr'>τοὺς</span> <span class='ocrx_word' id='word_1_504' title='bbox 2533 1200 2710 1263; x_wconf 79' lang='grc' dir='ltr'>ἀξίους</span> <span class='ocrx_word' id='word_1_505' title='bbox 2728 1199 2815 1252; x_wconf 78' lang='grc' dir='ltr'><strong>διὰ</strong></span> <span class='ocrx_word' id='word_1_506' title='bbox 2833 1202 2930 1271; x_wconf 83' lang='grc' dir='ltr'>τὴν</span> <span class='ocrx_word' id='word_1_507' title='bbox 2962 1200 3210 1254; x_wconf 76' lang='grc' dir='ltr'>ἀσέϐειαν</span> <span class='ocrx_word' id='word_1_508' title='bbox 3237 1200 3411 1254; x_wconf 81' lang='grc' dir='ltr'>αὐτῶν</span> <span class='ocrx_word' id='word_1_509' title='bbox 3449 1198 3694 1270; x_wconf 78' lang='grc' dir='ltr'>παραδῷ.</span> <span class='ocrx_word' id='word_1_510' title='bbox 3720 1198 3947 1269; x_wconf 83' lang='grc' dir='ltr'>Ὅμοιον</span> 
     </span>
    </p>
   </div>
   <div class='ocr_carea' id='block_1_71' title="bbox 2387 1288 3945 1360">
    <p class='ocr_par' dir='ltr' id='par_1_71' title="bbox 2387 1288 3945 1360">
     <span class='ocr_line' id='line_1_71' title="bbox 2387 1288 3945 1360; baseline 0 -17"><span class='ocrx_word' id='word_1_511' title='bbox 2387 1291 2445 1343; x_wconf 86' lang='grc' dir='ltr'>δὲ</span> <span class='ocrx_word' id='word_1_512' title='bbox 2475 1290 2555 1351; x_wconf 80' lang='grc' dir='ltr'>τὸ,</span> <span class='ocrx_word' id='word_1_513' title='bbox 2610 1293 2983 1360; x_wconf 80' lang='grc' dir='ltr'>Ἐμπροσθεν</span> <span class='ocrx_word' id='word_1_514' title='bbox 3013 1293 3196 1346; x_wconf 85' lang='grc' dir='ltr'>αὐτοῦ</span> <span class='ocrx_word' id='word_1_515' title='bbox 3224 1288 3384 1347; x_wconf 67' lang='grc' dir='ltr'>εἷλκε</span> <span class='ocrx_word' id='word_1_516' title='bbox 3433 1290 3694 1360; x_wconf 80' lang='grc' dir='ltr'>ποταμὸς</span> <span class='ocrx_word' id='word_1_517' title='bbox 3734 1292 3945 1358; x_wconf 78' lang='grc' dir='ltr'>πυρός.</span> 
     </span>
    </p>
   </div>
   <div class='ocr_carea' id='block_1_72' title="bbox 2388 1381 3950 1456">
    <p class='ocr_par' dir='ltr' id='par_1_72' title="bbox 2388 1381 3950 1456">
     <span class='ocr_line' id='line_1_72' title="bbox 2388 1381 3950 1456; baseline 0.001 -22"><span class='ocrx_word' id='word_1_518' title='bbox 2388 1383 2596 1454; x_wconf 79' lang='grc' dir='ltr'>Σφόδρα</span> <span class='ocrx_word' id='word_1_519' title='bbox 2621 1381 2789 1436; x_wconf 86' lang='grc' dir='ltr'>ταῦτα</span> <span class='ocrx_word' id='word_1_520' title='bbox 2816 1384 2906 1435; x_wconf 78' lang='grc' dir='ltr'><strong>καὶ</strong></span> <span class='ocrx_word' id='word_1_521' title='bbox 2936 1386 2963 1436; x_wconf 90' lang='lat'><strong>6</strong></span> <span class='ocrx_word' id='word_1_522' title='bbox 2989 1385 3252 1456; x_wconf 86' lang='grc' dir='ltr'>μακάριος</span> <span class='ocrx_word' id='word_1_523' title='bbox 3289 1385 3545 1439; x_wconf 76' lang='grc' dir='ltr'>ἐθεάσατο</span> <span class='ocrx_word' id='word_1_524' title='bbox 3585 1383 3801 1452; x_wconf 68' lang='grc' dir='ltr'>Δανιὴλ.</span> <span class='ocrx_word' id='word_1_525' title='bbox 3835 1386 3950 1435; x_wconf 80' lang='lat' dir='ltr'><strong>[Io-</strong></span> 
     </span>
    </p>
   </div>
   <div class='ocr_carea' id='block_1_73' title="bbox 2387 1473 3946 1548">
    <p class='ocr_par' dir='ltr' id='par_1_73' title="bbox 2387 1473 3946 1548">
     <span class='ocr_line' id='line_1_73' title="bbox 2387 1473 3946 1548; baseline 0.001 -20"><span class='ocrx_word' id='word_1_526' title='bbox 2387 1474 2570 1543; x_wconf 84' lang='grc' dir='ltr'>ταμὸς</span> <span class='ocrx_word' id='word_1_527' title='bbox 2589 1475 2714 1548; x_wconf 83' lang='grc' dir='ltr'>γὰρ,</span> <span class='ocrx_word' id='word_1_528' title='bbox 2759 1477 2913 1546; x_wconf 70' lang='grc' dir='ltr'>φησι,</span> <span class='ocrx_word' id='word_1_529' title='bbox 2945 1476 3133 1543; x_wconf 81' lang='grc' dir='ltr'>πυρὸς</span> <span class='ocrx_word' id='word_1_530' title='bbox 3160 1473 3358 1531; x_wconf 72' lang='grc' dir='ltr'><em>εἷλκεν</em></span> <span class='ocrx_word' id='word_1_531' title='bbox 3386 1480 3721 1547; x_wconf 69' lang='grc' dir='ltr'>ἔμπροσθεν</span> <span class='ocrx_word' id='word_1_532' title='bbox 3739 1475 3946 1529; x_wconf 84' lang='grc' dir='ltr'>αὐτοῦ·</span> 
     </span>
    </p>
   </div>
   <div class='ocr_carea' id='block_1_74' title="bbox 2389 1567 3949 1638">
    <p class='ocr_par' dir='ltr' id='par_1_74' title="bbox 2389 1567 3949 1638">
     <span class='ocr_line' id='line_1_74' title="bbox 2389 1567 3949 1638; baseline 0 -18"><span class='ocrx_word' id='word_1_533' title='bbox 2389 1569 2423 1620; x_wconf 85' lang='grc' dir='ltr'><strong><em>ὀ</em></strong></span> <span class='ocrx_word' id='word_1_534' title='bbox 2447 1567 2654 1634; x_wconf 82' lang='grc' dir='ltr'><strong>θρόνος</strong></span> <span class='ocrx_word' id='word_1_535' title='bbox 2677 1567 2861 1622; x_wconf 85' lang='grc' dir='ltr'>αὐτοῦ</span> <span class='ocrx_word' id='word_1_536' title='bbox 2889 1567 3045 1636; x_wconf 64' lang='grc' dir='ltr'><em>φλὸξ</em></span> <span class='ocrx_word' id='word_1_537' title='bbox 3073 1571 3258 1637; x_wconf 81' lang='grc' dir='ltr'>πυρός</span> <span class='ocrx_word' id='word_1_538' title='bbox 3316 1573 3369 1622; x_wconf 85' lang='lat' dir='ltr'><strong>ol</strong></span> <span class='ocrx_word' id='word_1_539' title='bbox 3400 1569 3597 1638; x_wconf 80' lang='grc' dir='ltr'>τροχοί</span> <span class='ocrx_word' id='word_1_540' title='bbox 3624 1567 3807 1621; x_wconf 76' lang='grc' dir='ltr'>αὑτοῦ</span> <span class='ocrx_word' id='word_1_541' title='bbox 3827 1568 3949 1635; x_wconf 73' lang='grc' dir='ltr'><strong>πῦρ</strong></span> 
     </span>
    </p>
   </div>
   <div class='ocr_carea' id='block_1_75' title="bbox 2389 1657 3949 1731">
    <p class='ocr_par' dir='ltr' id='par_1_75' title="bbox 2389 1657 3949 1731">
     <span class='ocr_line' id='line_1_75' title="bbox 2389 1657 3949 1731; baseline 0.001 -20"><span class='ocrx_word' id='word_1_542' title='bbox 2389 1657 2633 1728; x_wconf 72' lang='grc' dir='ltr'>φλέγον.</span> <span class='ocrx_word' id='word_1_543' title='bbox 2692 1658 2991 1729; x_wconf 87' lang='lat' dir='ltr'><strong>(Corderius</strong></span> <span class='ocrx_word' id='word_1_544' title='bbox 3042 1662 3163 1730; x_wconf 87' lang='lat' dir='ltr'><strong>sic.)</strong></span> <span class='ocrx_word' id='word_1_545' title='bbox 3190 1662 3263 1714; x_wconf 87' lang='lat' dir='ltr'><em>T6</em></span> <span class='ocrx_word' id='word_1_546' title='bbox 3311 1662 3367 1713; x_wconf 81' lang='grc' dir='ltr'>δὲ</span> <span class='ocrx_word' id='word_1_547' title='bbox 3413 1660 3522 1731; x_wconf 90' lang='grc' dir='ltr'><strong>πῦρ</strong></span> <span class='ocrx_word' id='word_1_548' title='bbox 3563 1661 3680 1730; x_wconf 55' lang='lat' dir='ltr'><strong>me</strong></span> <span class='ocrx_word' id='word_1_549' title='bbox 3706 1660 3819 1728; x_wconf 82' lang='grc' dir='ltr'><strong>φῶς</strong></span> <span class='ocrx_word' id='word_1_550' title='bbox 3852 1675 3949 1727; x_wconf 84' lang='grc' dir='ltr'>ση-</span> 
     </span>
    </p>
   </div>
   <div class='ocr_carea' id='block_1_76' title="bbox 2395 1751 3949 1824">
    <p class='ocr_par' dir='ltr' id='par_1_76' title="bbox 2395 1751 3949 1824">
     <span class='ocr_line' id='line_1_76' title="bbox 2395 1751 3949 1824; baseline 0.001 -22"><span class='ocrx_word' id='word_1_551' title='bbox 2395 1752 2575 1820; x_wconf 82' lang='grc' dir='ltr'><strong>μαίνει</strong></span> <span class='ocrx_word' id='word_1_552' title='bbox 2607 1751 2668 1804; x_wconf 86' lang='grc' dir='ltr'>τὺ</span> <span class='ocrx_word' id='word_1_553' title='bbox 2688 1752 2745 1818; x_wconf 75' lang='grc' dir='ltr'><strong>ἐξ</strong></span> <span class='ocrx_word' id='word_1_554' title='bbox 2772 1752 2956 1805; x_wconf 73' lang='grc' dir='ltr'>αὐτοῦ’</span> <span class='ocrx_word' id='word_1_555' title='bbox 2980 1753 3077 1822; x_wconf 76' lang='grc' dir='ltr'>τῆς</span> <span class='ocrx_word' id='word_1_556' title='bbox 3103 1753 3210 1824; x_wconf 79' lang='grc' dir='ltr'>γὰρ</span> <span class='ocrx_word' id='word_1_557' title='bbox 3240 1752 3490 1821; x_wconf 85' lang='grc' dir='ltr'>γνώσεως</span> <span class='ocrx_word' id='word_1_558' title='bbox 3508 1752 3599 1805; x_wconf 88' lang='grc' dir='ltr'><strong>τοῦ</strong></span> <span class='ocrx_word' id='word_1_559' title='bbox 3627 1751 3864 1823; x_wconf 76' lang='grc' dir='ltr'><strong>Χριστοῦ</strong></span> <span class='ocrx_word' id='word_1_560' title='bbox 3887 1751 3949 1803; x_wconf 77' lang='grc' dir='ltr'>τὸ</span> 
     </span>
    </p>
   </div>
   <div class='ocr_carea' id='block_1_77' title="bbox 2391 1837 3947 1914">
    <p class='ocr_par' dir='ltr' id='par_1_77' title="bbox 2391 1837 3947 1914">
     <span class='ocr_line' id='line_1_77' title="bbox 2391 1837 3947 1914; baseline 0 -20"><span class='ocrx_word' id='word_1_561' title='bbox 2391 1842 2478 1895; x_wconf 79' lang='grc' dir='ltr'>διὰ</span> <span class='ocrx_word' id='word_1_562' title='bbox 2509 1844 2739 1906; x_wconf 86' lang='grc' dir='ltr'>πίστεως</span> <span class='ocrx_word' id='word_1_563' title='bbox 2784 1846 2992 1914; x_wconf 79' lang='grc' dir='ltr'>ἡγεῖται</span> <span class='ocrx_word' id='word_1_564' title='bbox 3044 1843 3160 1912; x_wconf 83' lang='grc' dir='ltr'><strong>φῶς</strong></span> <span class='ocrx_word' id='word_1_565' title='bbox 3207 1844 3413 1913; x_wconf 82' lang='grc' dir='ltr'>νοητὸν,</span> <span class='ocrx_word' id='word_1_566' title='bbox 3470 1837 3530 1896; x_wconf 73' lang='grc' dir='ltr'><strong>οὗ</strong></span> <span class='ocrx_word' id='word_1_567' title='bbox 3584 1844 3750 1906; x_wconf 85' lang='grc' dir='ltr'><strong>τύπος</strong></span> <span class='ocrx_word' id='word_1_568' title='bbox 3797 1840 3947 1895; x_wconf 82' lang='grc' dir='ltr'>ότοῦ</span> 
     </span>
    </p>
   </div>
   <div class='ocr_carea' id='block_1_78' title="bbox 2398 1935 3949 2007">
    <p class='ocr_par' dir='ltr' id='par_1_78' title="bbox 2398 1935 3949 2007">
     <span class='ocr_line' id='line_1_78' title="bbox 2398 1935 3949 2007; baseline -0.001 -18"><span class='ocrx_word' id='word_1_569' title='bbox 2398 1937 2607 2007; x_wconf 65' lang='grc' dir='ltr'>Ἰσραὴλ</span> <span class='ocrx_word' id='word_1_570' title='bbox 2630 1938 2687 1991; x_wconf 82' lang='grc' dir='ltr'>ὲν</span> <span class='ocrx_word' id='word_1_571' title='bbox 2716 1938 2867 1991; x_wconf 77' lang='grc' dir='ltr'>νυκτὶ</span> <span class='ocrx_word' id='word_1_572' title='bbox 2894 1936 3340 2006; x_wconf 75' lang='grc' dir='ltr'><strong>καθηγησάμενος</strong></span> <span class='ocrx_word' id='word_1_573' title='bbox 3369 1936 3558 1999; x_wconf 85' lang='grc' dir='ltr'>στῦλος</span> <span class='ocrx_word' id='word_1_574' title='bbox 3583 1936 3771 2006; x_wconf 87' lang='grc' dir='ltr'>πυρός·</span> <span class='ocrx_word' id='word_1_575' title='bbox 3798 1935 3829 2005; x_wconf 81' lang='grc' dir='ltr'>ἢ</span> <span class='ocrx_word' id='word_1_576' title='bbox 3865 1936 3949 1988; x_wconf 85' lang='grc' dir='ltr'>ὅτι</span> 
     </span>
    </p>
   </div>
   <div class='ocr_carea' id='block_1_79' title="bbox 2386 2026 3949 2097">
    <p class='ocr_par' dir='ltr' id='par_1_79' title="bbox 2386 2026 3949 2097">
     <span class='ocr_line' id='line_1_79' title="bbox 2386 2026 3949 2097; baseline -0.002 -18"><span class='ocrx_word' id='word_1_577' title='bbox 2386 2029 2509 2091; x_wconf 77' lang='grc' dir='ltr'>τοὺς</span> <span class='ocrx_word' id='word_1_578' title='bbox 2536 2026 2948 2097; x_wconf 74' lang='grc' dir='ltr'><strong>ἀπεψυγμένους</strong></span> <span class='ocrx_word' id='word_1_579' title='bbox 2978 2028 3123 2097; x_wconf 77' lang='grc' dir='ltr'>ἡμᾶς</span> <span class='ocrx_word' id='word_1_580' title='bbox 3171 2027 3247 2089; x_wconf 87' lang='grc' dir='ltr'><strong>είς</strong></span> <span class='ocrx_word' id='word_1_581' title='bbox 3281 2027 3494 2079; x_wconf 82' lang='grc' dir='ltr'>ἃπασαν</span> <span class='ocrx_word' id='word_1_582' title='bbox 3536 2026 3805 2095; x_wconf 81' lang='grc' dir='ltr'>ἁμαρτίαν</span> <span class='ocrx_word' id='word_1_583' title='bbox 3852 2026 3949 2077; x_wconf 76' lang='grc' dir='ltr'>ἁν-</span> 
     </span>
    </p>
   </div>
   <div class='ocr_carea' id='block_1_80' title="bbox 2386 2116 3949 2190">
    <p class='ocr_par' dir='ltr' id='par_1_80' title="bbox 2386 2116 3949 2190">
     <span class='ocr_line' id='line_1_80' title="bbox 2386 2116 3949 2190; baseline -0.003 -18"><span class='ocrx_word' id='word_1_584' title='bbox 2386 2119 2733 2190; x_wconf 80' lang='grc' dir='ltr'>εζωπύρησεν</span> <span class='ocrx_word' id='word_1_585' title='bbox 2767 2122 2795 2171; x_wconf 98' lang='lat'><strong>6</strong></span> <span class='ocrx_word' id='word_1_586' title='bbox 2828 2118 3012 2190; x_wconf 81' lang='grc' dir='ltr'>Σωτὴρ</span> <span class='ocrx_word' id='word_1_587' title='bbox 3050 2121 3129 2183; x_wconf 79' lang='grc' dir='ltr'><strong>είς</strong></span> <span class='ocrx_word' id='word_1_588' title='bbox 3158 2119 3459 2190; x_wconf 76' lang='grc' dir='ltr'><strong>προθυμίαν</strong></span> <span class='ocrx_word' id='word_1_589' title='bbox 3485 2118 3682 2181; x_wconf 80' lang='grc' dir='ltr'>παντὸς</span> <span class='ocrx_word' id='word_1_590' title='bbox 3718 2116 3949 2185; x_wconf 78' lang='grc' dir='ltr'>ἀγαθοῦ·</span> 
     </span>
    </p>
   </div>
   <div class='ocr_carea' id='block_1_81' title="bbox 2386 2206 3952 2282">
    <p class='ocr_par' dir='ltr' id='par_1_81' title="bbox 2386 2206 3952 2282">
     <span class='ocr_line' id='line_1_81' title="bbox 2386 2206 3952 2282; baseline -0.004 -17"><span class='ocrx_word' id='word_1_591' title='bbox 2386 2211 2496 2282; x_wconf 81' lang='grc' dir='ltr'><strong>πῦρ</strong></span> <span class='ocrx_word' id='word_1_592' title='bbox 2521 2209 2706 2281; x_wconf 83' lang='grc' dir='ltr'>ὥσπερ</span> <span class='ocrx_word' id='word_1_593' title='bbox 2727 2211 2914 2281; x_wconf 82' lang='grc' dir='ltr'>νοητὸν</span> <span class='ocrx_word' id='word_1_594' title='bbox 2938 2209 3035 2281; x_wconf 83' lang='grc' dir='ltr'>τὴν</span> <span class='ocrx_word' id='word_1_595' title='bbox 3080 2210 3172 2262; x_wconf 87' lang='grc' dir='ltr'><strong>τοῦ</strong></span> <span class='ocrx_word' id='word_1_596' title='bbox 3205 2211 3361 2277; x_wconf 83' lang='grc' dir='ltr'>ἁγίου</span> <span class='ocrx_word' id='word_1_597' title='bbox 3392 2208 3705 2279; x_wconf 85' lang='grc' dir='ltr'>Πνεύματος</span> <span class='ocrx_word' id='word_1_598' title='bbox 3732 2206 3952 2277; x_wconf 79' lang='grc' dir='ltr'>μέθεξιν</span> 
     </span>
    </p>
   </div>
   <div class='ocr_carea' id='block_1_82' title="bbox 2386 2297 3951 2373">
    <p class='ocr_par' dir='ltr' id='par_1_82' title="bbox 2386 2297 3951 2373">
     <span class='ocr_line' id='line_1_82' title="bbox 2386 2297 3951 2373; baseline -0.002 -19"><span class='ocrx_word' id='word_1_599' title='bbox 2386 2300 2654 2373; x_wconf 65' lang='grc' dir='ltr'>ἐμϐαλών.</span> <span class='ocrx_word' id='word_1_600' title='bbox 2690 2303 2830 2371; x_wconf 80' lang='grc' dir='ltr'><strong>Ἔφη</strong></span> <span class='ocrx_word' id='word_1_601' title='bbox 2859 2302 2987 2368; x_wconf 85' lang='grc' dir='ltr'>γοῦν</span> <span class='ocrx_word' id='word_1_602' title='bbox 3018 2302 3098 2353; x_wconf 85' lang='grc' dir='ltr'>ὅτι</span> <span class='ocrx_word' id='word_1_603' title='bbox 3123 2318 3135 2331; x_wconf 94' lang='grc'><strong>·</strong></span> <span class='ocrx_word' id='word_1_604' title='bbox 3189 2302 3315 2368; x_wconf 87' lang='grc' dir='ltr'>Πῦρ</span> <span class='ocrx_word' id='word_1_605' title='bbox 3353 2297 3544 2370; x_wconf 66' lang='grc' dir='ltr'><strong>ἦλθον</strong></span> <span class='ocrx_word' id='word_1_606' title='bbox 3585 2298 3809 2364; x_wconf 69' lang='grc' dir='ltr'><strong>βαλεῖν</strong></span> <span class='ocrx_word' id='word_1_607' title='bbox 3846 2299 3951 2352; x_wconf 77' lang='grc' dir='ltr'><strong>ἐπὶ</strong></span> 
     </span>
    </p>
   </div>
   <div class='ocr_carea' id='block_1_83' title="bbox 2386 2390 3956 2464">
    <p class='ocr_par' dir='ltr' id='par_1_83' title="bbox 2386 2390 3956 2464">
     <span class='ocr_line' id='line_1_83' title="bbox 2386 2390 3956 2464; baseline 0.003 -22"><span class='ocrx_word' id='word_1_608' title='bbox 2386 2392 2499 2458; x_wconf 79' lang='grc' dir='ltr'>τὴν</span> <span class='ocrx_word' id='word_1_609' title='bbox 2528 2390 2660 2460; x_wconf 71' lang='grc' dir='ltr'>γῆνο</span> <span class='ocrx_word' id='word_1_610' title='bbox 2696 2392 2993 2462; x_wconf 87' lang='grc' dir='ltr'>γεγόναμεν</span> <span class='ocrx_word' id='word_1_611' title='bbox 3014 2392 3121 2464; x_wconf 85' lang='grc' dir='ltr'><strong>γὰρ</strong></span> <span class='ocrx_word' id='word_1_612' title='bbox 3162 2391 3237 2461; x_wconf 80' lang='grc' dir='ltr'><strong>τῷ</strong></span> <span class='ocrx_word' id='word_1_613' title='bbox 3266 2390 3533 2462; x_wconf 85' lang='grc' dir='ltr'>πνεύματι</span> <span class='ocrx_word' id='word_1_614' title='bbox 3587 2391 3805 2455; x_wconf 80' lang='grc' dir='ltr'>ζῶντες,</span> <span class='ocrx_word' id='word_1_615' title='bbox 3832 2393 3956 2446; x_wconf 82' lang='grc' dir='ltr'>ὅσοι</span> 
     </span>
    </p>
   </div>
   <div class='ocr_carea' id='block_1_84' title="bbox 2386 2482 3955 2556">
    <p class='ocr_par' dir='ltr' id='par_1_84' title="bbox 2386 2482 3955 2556">
     <span class='ocr_line' id='line_1_84' title="bbox 2386 2482 3955 2556; baseline -0.001 -19"><span class='ocrx_word' id='word_1_616' title='bbox 2386 2482 2487 2552; x_wconf 81' lang='grc' dir='ltr'>τῆς</span> <span class='ocrx_word' id='word_1_617' title='bbox 2510 2483 2759 2555; x_wconf 82' lang='grc' dir='ltr'>τοιαύτης</span> <span class='ocrx_word' id='word_1_618' title='bbox 2788 2482 3062 2554; x_wconf 71' lang='grc' dir='ltr'>ἠξιὼμεθα</span> <span class='ocrx_word' id='word_1_619' title='bbox 3113 2484 3348 2556; x_wconf 83' lang='grc' dir='ltr'>χάριτος.</span> <span class='ocrx_word' id='word_1_620' title='bbox 3394 2484 3484 2537; x_wconf 84' lang='grc' dir='ltr'><strong>Διὸ</strong></span> <span class='ocrx_word' id='word_1_621' title='bbox 3529 2484 3619 2537; x_wconf 78' lang='grc' dir='ltr'>καὶ</span> <span class='ocrx_word' id='word_1_622' title='bbox 3671 2485 3728 2537; x_wconf 98' lang='lat' dir='ltr'><strong>tv</strong></span> <span class='ocrx_word' id='word_1_623' title='bbox 3762 2486 3825 2554; x_wconf 78' lang='grc' dir='ltr'>τῇ</span> <span class='ocrx_word' id='word_1_624' title='bbox 3856 2484 3955 2536; x_wconf 79' lang='grc' dir='ltr'><strong>τοῦ</strong></span> 
     </span>
    </p>
   </div>
   <div class='ocr_carea' id='block_1_85' title="bbox 2388 2573 3958 2648">
    <p class='ocr_par' dir='ltr' id='par_1_85' title="bbox 2388 2573 3958 2648">
     <span class='ocr_line' id='line_1_85' title="bbox 2388 2573 3958 2648; baseline 0.001 -21"><span class='ocrx_word' id='word_1_625' title='bbox 2388 2574 2540 2643; x_wconf 81' lang='grc' dir='ltr'>ἁγίου</span> <span class='ocrx_word' id='word_1_626' title='bbox 2566 2573 2875 2645; x_wconf 88' lang='grc' dir='ltr'>Πνεύματος</span> <span class='ocrx_word' id='word_1_627' title='bbox 2917 2576 3095 2647; x_wconf 83' lang='grc' dir='ltr'>χάριτι</span> <span class='ocrx_word' id='word_1_628' title='bbox 3125 2577 3292 2646; x_wconf 86' lang='grc' dir='ltr'>πυρὸς</span> <span class='ocrx_word' id='word_1_629' title='bbox 3348 2577 3576 2648; x_wconf 80' lang='grc' dir='ltr'>δήλωσις</span> <span class='ocrx_word' id='word_1_630' title='bbox 3609 2576 3958 2647; x_wconf 78' lang='grc' dir='ltr'>συνεισφέρε-</span> 
     </span>
    </p>
   </div>
   <div class='ocr_carea' id='block_1_86' title="bbox 2386 2666 3957 2739">
    <p class='ocr_par' dir='ltr' id='par_1_86' title="bbox 2386 2666 3957 2739">
     <span class='ocr_line' id='line_1_86' title="bbox 2386 2666 3957 2739; baseline 0.001 -19"><span class='ocrx_word' id='word_1_631' title='bbox 2386 2682 2495 2720; x_wconf 60' lang='lat' dir='ltr'><strong>ur</strong></span> <span class='ocrx_word' id='word_1_632' title='bbox 2533 2666 2899 2738; x_wconf 78' lang='grc' dir='ltr'>βαπτιζόμεθα</span> <span class='ocrx_word' id='word_1_633' title='bbox 2934 2666 3040 2738; x_wconf 87' lang='grc' dir='ltr'>γὰρ</span> <span class='ocrx_word' id='word_1_634' title='bbox 3071 2670 3127 2720; x_wconf 92' lang='lat' dir='ltr'><strong>tv</strong></span> <span class='ocrx_word' id='word_1_635' title='bbox 3152 2668 3368 2738; x_wconf 86' lang='grc' dir='ltr'>Χριστῷ</span> <span class='ocrx_word' id='word_1_636' title='bbox 3407 2668 3547 2721; x_wconf 82' lang='grc' dir='ltr'>κατά</span> <span class='ocrx_word' id='word_1_637' title='bbox 3571 2669 3668 2739; x_wconf 76' lang='grc' dir='ltr'>τὴν</span> <span class='ocrx_word' id='word_1_638' title='bbox 3705 2668 3957 2721; x_wconf 82' lang='grc' dir='ltr'>Ἰωάννου</span> 
     </span>
    </p>
   </div>
   <div class='ocr_carea' id='block_1_87' title="bbox 2390 2758 3957 2829">
    <p class='ocr_par' dir='ltr' id='par_1_87' title="bbox 2390 2758 3957 2829">
     <span class='ocr_line' id='line_1_87' title="bbox 2390 2758 3957 2829; baseline 0.001 -19"><span class='ocrx_word' id='word_1_639' title='bbox 2390 2759 2571 2827; x_wconf 82' lang='grc' dir='ltr'>φωνὴν</span> <span class='ocrx_word' id='word_1_640' title='bbox 2597 2761 2654 2811; x_wconf 85' lang='lat' dir='ltr'><strong>tv</strong></span> <span class='ocrx_word' id='word_1_641' title='bbox 2681 2760 2956 2829; x_wconf 81' lang='grc' dir='ltr'>Πνεύματι</span> <span class='ocrx_word' id='word_1_642' title='bbox 2978 2758 3115 2829; x_wconf 85' lang='grc' dir='ltr'>ἁγίῳ</span> <span class='ocrx_word' id='word_1_643' title='bbox 3149 2758 3242 2812; x_wconf 72' lang='grc' dir='ltr'>καὶ</span> <span class='ocrx_word' id='word_1_644' title='bbox 3277 2759 3426 2829; x_wconf 87' lang='grc' dir='ltr'>πυρί.</span> <span class='ocrx_word' id='word_1_645' title='bbox 3465 2760 3607 2829; x_wconf 83' lang='grc' dir='ltr'><strong>Ἔφη</strong></span> <span class='ocrx_word' id='word_1_646' title='bbox 3637 2758 3695 2812; x_wconf 84' lang='grc' dir='ltr'><strong>δέ</strong></span> <span class='ocrx_word' id='word_1_647' title='bbox 3741 2776 3823 2823; x_wconf 84' lang='grc' dir='ltr'><strong>τις</strong></span> <span class='ocrx_word' id='word_1_648' title='bbox 3853 2760 3957 2813; x_wconf 75' lang='grc' dir='ltr'>καὶ</span> 
     </span>
    </p>
   </div>
   <div class='ocr_carea' id='block_1_88' title="bbox 2387 2848 3961 2921">
    <p class='ocr_par' dir='ltr' id='par_1_88' title="bbox 2387 2848 3961 2921">
     <span class='ocr_line' id='line_1_88' title="bbox 2387 2848 3961 2921; baseline 0.002 -19"><span class='ocrx_word' id='word_1_649' title='bbox 2387 2848 2495 2902; x_wconf 87' lang='grc' dir='ltr'>τῶν</span> <span class='ocrx_word' id='word_1_650' title='bbox 2524 2850 2813 2921; x_wconf 83' lang='grc' dir='ltr'>προφητῶν</span> <span class='ocrx_word' id='word_1_651' title='bbox 2840 2867 2854 2879; x_wconf 84' lang='grc'><strong>’</strong></span> <span class='ocrx_word' id='word_1_652' title='bbox 2903 2852 2984 2903; x_wconf 79' lang='grc' dir='ltr'><strong>ὅτι</strong></span> <span class='ocrx_word' id='word_1_653' title='bbox 3038 2850 3230 2917; x_wconf 82' lang='grc' dir='ltr'>Αὐτὸς</span> <span class='ocrx_word' id='word_1_654' title='bbox 3262 2851 3641 2919; x_wconf 75' lang='grc' dir='ltr'>ἐκπορεύεται</span> <span class='ocrx_word' id='word_1_655' title='bbox 3698 2851 3778 2917; x_wconf 86' lang='grc' dir='ltr'>ὡς</span> <span class='ocrx_word' id='word_1_656' title='bbox 3832 2851 3961 2919; x_wconf 73' lang='grc' dir='ltr'><strong>πῦρ</strong></span> 
     </span>
    </p>
   </div>
   <div class='ocr_carea' id='block_1_89' title="bbox 2390 2939 3961 3008">
    <p class='ocr_par' dir='ltr' id='par_1_89' title="bbox 2390 2939 3961 3008">
     <span class='ocr_line' id='line_1_89' title="bbox 2390 2939 3961 3008; baseline 0.002 -17"><span class='ocrx_word' id='word_1_657' title='bbox 2390 2939 2812 3008; x_wconf 76' lang='grc' dir='ltr'>χωνευτηρίου,</span> <span class='ocrx_word' id='word_1_658' title='bbox 2843 2941 2941 2993; x_wconf 76' lang='grc' dir='ltr'>καί</span> <span class='ocrx_word' id='word_1_659' title='bbox 2968 2940 3048 3006; x_wconf 84' lang='grc' dir='ltr'>ὡς</span> <span class='ocrx_word' id='word_1_660' title='bbox 3090 2941 3209 2993; x_wconf 81' lang='grc' dir='ltr'><strong>πόα</strong></span> <span class='ocrx_word' id='word_1_661' title='bbox 3261 2941 3634 2996; x_wconf 73' lang='grc' dir='ltr'>πλυνόντωνο</span> <span class='ocrx_word' id='word_1_662' title='bbox 3683 2939 3779 2993; x_wconf 80' lang='grc' dir='ltr'><strong>καὶ</strong></span> <span class='ocrx_word' id='word_1_663' title='bbox 3811 2942 3961 2994; x_wconf 78' lang='grc' dir='ltr'><strong>καθ-</strong></span> 
     </span>
    </p>
   </div>
   <div class='ocr_carea' id='block_1_90' title="bbox 2390 3029 3960 3103">
    <p class='ocr_par' dir='ltr' id='par_1_90' title="bbox 2390 3029 3960 3103">
     <span class='ocr_line' id='line_1_90' title="bbox 2390 3029 3960 3103; baseline 0.001 -20"><span class='ocrx_word' id='word_1_664' title='bbox 2390 3029 2556 3086; x_wconf 76' lang='lat' dir='ltr'><strong>seiras</strong></span> <span class='ocrx_word' id='word_1_665' title='bbox 2604 3032 2880 3101; x_wconf 75' lang='grc' dir='ltr'>χωνεύων</span> <span class='ocrx_word' id='word_1_666' title='bbox 2920 3033 3017 3085; x_wconf 80' lang='grc' dir='ltr'><strong>καὶ</strong></span> <span class='ocrx_word' id='word_1_667' title='bbox 3064 3029 3385 3099; x_wconf 73' lang='grc' dir='ltr'>καθαρίζων</span> <span class='ocrx_word' id='word_1_668' title='bbox 3424 3033 3504 3099; x_wconf 84' lang='grc' dir='ltr'>ὡς</span> <span class='ocrx_word' id='word_1_669' title='bbox 3554 3031 3621 3085; x_wconf 87' lang='grc' dir='ltr'>τὸ</span> <span class='ocrx_word' id='word_1_670' title='bbox 3672 3033 3960 3103; x_wconf 73' lang='grc' dir='ltr'>ἀργύριον</span> 
     </span>
    </p>
   </div>
   <div class='ocr_carea' id='block_1_91' title="bbox 2390 3122 3961 3194">
    <p class='ocr_par' dir='ltr' id='par_1_91' title="bbox 2390 3122 3961 3194">
     <span class='ocr_line' id='line_1_91' title="bbox 2390 3122 3961 3194; baseline 0.001 -20"><span class='ocrx_word' id='word_1_671' title='bbox 2390 3122 2489 3174; x_wconf 70' lang='grc' dir='ltr'><strong>καὶ</strong></span> <span class='ocrx_word' id='word_1_672' title='bbox 2540 3124 2813 3191; x_wconf 79' lang='grc' dir='ltr'>χρυσίον.</span> <span class='ocrx_word' id='word_1_673' title='bbox 2877 3123 3125 3194; x_wconf 78' lang='grc' dir='ltr'>Ἐκτηκει</span> <span class='ocrx_word' id='word_1_674' title='bbox 3151 3123 3258 3193; x_wconf 86' lang='grc' dir='ltr'>γὰρ</span> <span class='ocrx_word' id='word_1_675' title='bbox 3305 3123 3516 3176; x_wconf 72' lang='grc' dir='ltr'>ἅπαντα</span> <span class='ocrx_word' id='word_1_676' title='bbox 3543 3123 3709 3194; x_wconf 78' lang='grc' dir='ltr'>ῥύπον</span> <span class='ocrx_word' id='word_1_677' title='bbox 3737 3124 3795 3175; x_wconf 84' lang='grc' dir='ltr'>ὲν</span> <span class='ocrx_word' id='word_1_678' title='bbox 3822 3124 3961 3193; x_wconf 75' lang='grc' dir='ltr'>ἡμῖν</span> 
     </span>
    </p>
   </div>
   <div class='ocr_carea' id='block_1_92' title="bbox 2394 3213 3958 3286">
    <p class='ocr_par' dir='ltr' id='par_1_92' title="bbox 2394 3213 3958 3286">
     <span class='ocr_line' id='line_1_92' title="bbox 2394 3213 3958 3286; baseline 0.003 -21"><span class='ocrx_word' id='word_1_679' title='bbox 2394 3213 2445 3283; x_wconf 70' lang='grc' dir='ltr'><strong>η’</strong></span> <span class='ocrx_word' id='word_1_680' title='bbox 2471 3231 2566 3265; x_wconf 91' lang='grc' dir='ltr'><strong>του</strong></span> <span class='ocrx_word' id='word_1_681' title='bbox 2600 3214 2757 3282; x_wconf 84' lang='grc' dir='ltr'>ἁγίου</span> <span class='ocrx_word' id='word_1_682' title='bbox 2799 3213 3110 3284; x_wconf 83' lang='grc' dir='ltr'>Πνεύματος</span> <span class='ocrx_word' id='word_1_683' title='bbox 3138 3214 3381 3286; x_wconf 87' lang='grc' dir='ltr'>δύναμις.</span> <span class='ocrx_word' id='word_1_684' title='bbox 3439 3214 3574 3267; x_wconf 83' lang='grc' dir='ltr'>Ἀλλ’</span> <span class='ocrx_word' id='word_1_685' title='bbox 3602 3214 3751 3269; x_wconf 72' lang='grc' dir='ltr'>οὐδὲν</span> <span class='ocrx_word' id='word_1_686' title='bbox 3777 3213 3958 3286; x_wconf 76' lang='grc' dir='ltr'>ὢνησε</span> 
     </span>
    </p>
   </div>
   <div class='ocr_carea' id='block_1_93' title="bbox 2391 3303 3963 3377">
    <p class='ocr_par' dir='ltr' id='par_1_93' title="bbox 2391 3303 3963 3377">
     <span class='ocr_line' id='line_1_93' title="bbox 2391 3303 3963 3377; baseline 0 -20"><span class='ocrx_word' id='word_1_687' title='bbox 2391 3303 2489 3375; x_wconf 83' lang='grc' dir='ltr'>τὴν</span> <span class='ocrx_word' id='word_1_688' title='bbox 2522 3303 2784 3358; x_wconf 81' lang='grc' dir='ltr'>Ἰουδαίων</span> <span class='ocrx_word' id='word_1_689' title='bbox 2832 3305 3176 3375; x_wconf 83' lang='grc' dir='ltr'>Συναγωγὴν,</span> <span class='ocrx_word' id='word_1_690' title='bbox 3225 3306 3305 3359; x_wconf 85' lang='grc' dir='ltr'>ὃτι</span> <span class='ocrx_word' id='word_1_691' title='bbox 3351 3305 3425 3376; x_wconf 81' lang='grc' dir='ltr'>μὴ</span> <span class='ocrx_word' id='word_1_692' title='bbox 3475 3305 3570 3377; x_wconf 81' lang='grc' dir='ltr'>τὴν</span> <span class='ocrx_word' id='word_1_693' title='bbox 3595 3306 3750 3376; x_wconf 84' lang='grc' dir='ltr'>χάριν</span> <span class='ocrx_word' id='word_1_694' title='bbox 3786 3321 3963 3377; x_wconf 78' lang='grc' dir='ltr'>προσ-</span> 
     </span>
    </p>
   </div>
   <div class='ocr_carea' id='block_1_94' title="bbox 2392 3391 3960 3469">
    <p class='ocr_par' dir='ltr' id='par_1_94' title="bbox 2392 3391 3960 3469">
     <span class='ocr_line' id='line_1_94' title="bbox 2392 3391 3960 3469; baseline 0 -18"><span class='ocrx_word' id='word_1_695' title='bbox 2392 3399 2615 3468; x_wconf 78' lang='grc' dir='ltr'>ήκαντο,</span> <span class='ocrx_word' id='word_1_696' title='bbox 2662 3398 2789 3467; x_wconf 78' lang='grc' dir='ltr'>περὶ</span> <span class='ocrx_word' id='word_1_697' title='bbox 2810 3391 2885 3450; x_wconf 76' lang='grc' dir='ltr'>ὧν</span> <span class='ocrx_word' id='word_1_698' title='bbox 2918 3399 2975 3450; x_wconf 83' lang='lat' dir='ltr'><strong>tv</strong></span> <span class='ocrx_word' id='word_1_699' title='bbox 3002 3398 3235 3469; x_wconf 78' lang='grc' dir='ltr'>Ἱερεμίᾳ</span> <span class='ocrx_word' id='word_1_700' title='bbox 3251 3398 3411 3468; x_wconf 80' lang='grc' dir='ltr'>φησὶν</span> <span class='ocrx_word' id='word_1_701' title='bbox 3433 3399 3461 3450; x_wconf 88' lang='lat'><strong>6</strong></span> <span class='ocrx_word' id='word_1_702' title='bbox 3478 3396 3627 3460; x_wconf 75' lang='grc' dir='ltr'>Θεόςο</span> <span class='ocrx_word' id='word_1_703' title='bbox 3658 3396 3960 3462; x_wconf 70' lang='grc' dir='ltr'>Ἑξέλειπε</span> 
     </span>
    </p>
   </div>
   <div class='ocr_carea' id='block_1_95' title="bbox 2391 3487 3961 3558">
    <p class='ocr_par' dir='ltr' id='par_1_95' title="bbox 2391 3487 3961 3558">
     <span class='ocr_line' id='line_1_95' title="bbox 2391 3487 3961 3558; baseline 0 -16"><span class='ocrx_word' id='word_1_704' title='bbox 2391 3487 2670 3558; x_wconf 75' lang='grc' dir='ltr'>φυσητὴρ</span> <span class='ocrx_word' id='word_1_705' title='bbox 2726 3488 2843 3542; x_wconf 79' lang='grc' dir='ltr'>ἀπὸ</span> <span class='ocrx_word' id='word_1_706' title='bbox 2892 3490 3119 3556; x_wconf 77' lang='grc' dir='ltr'>πυρὸς,</span> <span class='ocrx_word' id='word_1_707' title='bbox 3169 3488 3441 3551; x_wconf 75' lang='grc' dir='ltr'>ἐξέλειπε</span> <span class='ocrx_word' id='word_1_708' title='bbox 3484 3488 3784 3557; x_wconf 68' lang='grc' dir='ltr'>μόλιϐδος.</span> <span class='ocrx_word' id='word_1_709' title='bbox 3851 3492 3961 3555; x_wconf 83' lang='grc' dir='ltr'><strong>Εις</strong></span> 
     </span>
    </p>
   </div>
   <div class='ocr_carea' id='block_1_96' title="bbox 2392 3578 3959 3649">
    <p class='ocr_par' dir='ltr' id='par_1_96' title="bbox 2392 3578 3959 3649">
     <span class='ocr_line' id='line_1_96' title="bbox 2392 3578 3959 3649; baseline 0 -15"><span class='ocrx_word' id='word_1_710' title='bbox 2392 3580 2573 3634; x_wconf 78' lang='grc' dir='ltr'><em>κενὸν</em></span> <span class='ocrx_word' id='word_1_711' title='bbox 2605 3580 3007 3648; x_wconf 76' lang='grc' dir='ltr'>ἀργυροκόπος</span> <span class='ocrx_word' id='word_1_712' title='bbox 3053 3578 3460 3649; x_wconf 75' lang='grc' dir='ltr'>ἁργυροκοπεῖο</span> <span class='ocrx_word' id='word_1_713' title='bbox 3519 3581 3799 3649; x_wconf 77' lang='grc' dir='ltr'>πονηρίαι</span> <span class='ocrx_word' id='word_1_714' title='bbox 3851 3584 3959 3634; x_wconf 82' lang='grc' dir='ltr'><strong>αὺ-</strong></span> 
     </span>
    </p>
   </div>
   <div class='ocr_carea' id='block_1_97' title="bbox 2392 3667 3007 3737">
    <p class='ocr_par' dir='ltr' id='par_1_97' title="bbox 2392 3667 3007 3737">
     <span class='ocr_line' id='line_1_97' title="bbox 2392 3667 3007 3737; baseline 0.007 -16"><span class='ocrx_word' id='word_1_715' title='bbox 2392 3667 2511 3724; x_wconf 74' lang='grc' dir='ltr'>τῶν</span> <span class='ocrx_word' id='word_1_716' title='bbox 2541 3671 2651 3722; x_wconf 85' lang='grc' dir='ltr'><strong>οὐκ</strong></span> <span class='ocrx_word' id='word_1_717' title='bbox 2684 3668 3007 3737; x_wconf 75' lang='grc' dir='ltr'>ἐτάκησαν.</span> 
     </span>
    </p>
   </div>
   <div class='ocr_carea' id='block_1_98' title="bbox 2460 3761 3957 3830">
    <p class='ocr_par' dir='ltr' id='par_1_98' title="bbox 2460 3761 3957 3830">
     <span class='ocr_line' id='line_1_98' title="bbox 2460 3761 3957 3830; baseline 0.001 -15"><span class='ocrx_word' id='word_1_718' title='bbox 2460 3761 2937 3830; x_wconf 67' lang='grc' dir='ltr'>Προσκαλέσεται</span> <span class='ocrx_word' id='word_1_719' title='bbox 2988 3762 3094 3815; x_wconf 82' lang='grc' dir='ltr'><strong>τὸν</strong></span> <span class='ocrx_word' id='word_1_720' title='bbox 3136 3761 3394 3829; x_wconf 77' lang='grc' dir='ltr'>οὐρανὸν</span> <span class='ocrx_word' id='word_1_721' title='bbox 3416 3762 3553 3816; x_wconf 78' lang='grc' dir='ltr'><strong>ἄνω.</strong></span> <span class='ocrx_word' id='word_1_722' title='bbox 3604 3762 3957 3830; x_wconf 81' lang='lat' dir='ltr'><strong>(Corderius.)</strong></span> 
     </span>
    </p>
   </div>
   <div class='ocr_carea' id='block_1_99' title="bbox 2392 3845 3958 3920">
    <p class='ocr_par' dir='ltr' id='par_1_99' title="bbox 2392 3845 3958 3920">
     <span class='ocr_line' id='line_1_99' title="bbox 2392 3845 3958 3920; baseline 0 -16"><span class='ocrx_word' id='word_1_723' title='bbox 2392 3849 2564 3904; x_wconf 83' lang='grc' dir='ltr'>Πὰλαι</span> <span class='ocrx_word' id='word_1_724' title='bbox 2600 3850 2695 3920; x_wconf 87' lang='grc' dir='ltr'>μὲν</span> <span class='ocrx_word' id='word_1_725' title='bbox 2727 3852 2775 3902; x_wconf 82' lang='lat' dir='ltr'><strong>oi.</strong></span> <span class='ocrx_word' id='word_1_726' title='bbox 2809 3851 2901 3902; x_wconf 75' lang='grc' dir='ltr'><strong>ἐπὶ</strong></span> <span class='ocrx_word' id='word_1_727' title='bbox 2928 3851 3031 3920; x_wconf 81' lang='grc' dir='ltr'>γῆς</span> <span class='ocrx_word' id='word_1_728' title='bbox 3058 3850 3273 3920; x_wconf 84' lang='grc' dir='ltr'>μερίδες</span> <span class='ocrx_word' id='word_1_729' title='bbox 3321 3845 3459 3919; x_wconf 86' lang='grc' dir='ltr'>ἦσαν</span> <span class='ocrx_word' id='word_1_730' title='bbox 3507 3850 3829 3913; x_wconf 76' lang='grc' dir='ltr'>ἀλωπέκων,</span> <span class='ocrx_word' id='word_1_731' title='bbox 3882 3852 3958 3914; x_wconf 87' lang='grc' dir='ltr'>ὡς</span> 
     </span>
    </p>
   </div>
   <div class='ocr_carea' id='block_1_100' title="bbox 2392 3940 3958 4012">
    <p class='ocr_par' dir='ltr' id='par_1_100' title="bbox 2392 3940 3958 4012">
     <span class='ocr_line' id='line_1_100' title="bbox 2392 3940 3958 4012; baseline 0.001 -19"><span class='ocrx_word' id='word_1_732' title='bbox 2392 3940 2449 3993; x_wconf 89' lang='lat' dir='ltr'><strong>tv</strong></span> <span class='ocrx_word' id='word_1_733' title='bbox 2470 3941 2716 4010; x_wconf 78' lang='grc' dir='ltr'>Ψαλμοῖς</span> <span class='ocrx_word' id='word_1_734' title='bbox 2745 3940 2845 3992; x_wconf 88' lang='grc' dir='ltr'><strong>πού</strong></span> <span class='ocrx_word' id='word_1_735' title='bbox 2895 3956 3025 4010; x_wconf 87' lang='grc' dir='ltr'>φησι</span> <span class='ocrx_word' id='word_1_736' title='bbox 3044 3980 3058 4003; x_wconf 94' lang='grc'><strong>,</strong></span> <span class='ocrx_word' id='word_1_737' title='bbox 3098 3942 3211 4004; x_wconf 81' lang='grc' dir='ltr'>τοῖς</span> <span class='ocrx_word' id='word_1_738' title='bbox 3249 3940 3573 4011; x_wconf 81' lang='grc' dir='ltr'>ἀκαθάρτοις</span> <span class='ocrx_word' id='word_1_739' title='bbox 3601 3940 3958 4012; x_wconf 79' lang='grc' dir='ltr'>λατρεύοντες</span> 
     </span>
    </p>
   </div>
   <div class='ocr_carea' id='block_1_101' title="bbox 2394 4032 3957 4104">
    <p class='ocr_par' dir='ltr' id='par_1_101' title="bbox 2394 4032 3957 4104">
     <span class='ocr_line' id='line_1_101' title="bbox 2394 4032 3957 4104; baseline -0.001 -18"><span class='ocrx_word' id='word_1_740' title='bbox 2394 4032 2683 4104; x_wconf 79' lang='grc' dir='ltr'>πνεύμασι,</span> <span class='ocrx_word' id='word_1_741' title='bbox 2709 4034 2801 4085; x_wconf 74' lang='grc' dir='ltr'>καὶ</span> <span class='ocrx_word' id='word_1_742' title='bbox 2852 4032 2988 4085; x_wconf 80' lang='grc' dir='ltr'>κατὰ</span> <span class='ocrx_word' id='word_1_743' title='bbox 3031 4033 3192 4085; x_wconf 88' lang='grc' dir='ltr'>τόπον</span> <span class='ocrx_word' id='word_1_744' title='bbox 3236 4032 3461 4085; x_wconf 67' lang='grc' dir='ltr'>ἕκαστον</span> <span class='ocrx_word' id='word_1_745' title='bbox 3490 4032 3621 4085; x_wconf 84' lang='grc' dir='ltr'>Θεὸν</span> <span class='ocrx_word' id='word_1_746' title='bbox 3664 4032 3957 4103; x_wconf 71' lang='grc' dir='ltr'>ἡγούμενοί</span> 
     </span>
    </p>
   </div>
   <div class='ocr_carea' id='block_1_102' title="bbox 2391 4122 3959 4193">
    <p class='ocr_par' dir='ltr' id='par_1_102' title="bbox 2391 4122 3959 4193">
     <span class='ocr_line' id='line_1_102' title="bbox 2391 4122 3959 4193; baseline -0.004 -14"><span class='ocrx_word' id='word_1_747' title='bbox 2391 4126 2452 4179; x_wconf 85' lang='grc' dir='ltr'>τὸ</span> <span class='ocrx_word' id='word_1_748' title='bbox 2470 4124 2676 4179; x_wconf 83' lang='grc' dir='ltr'>δοκοῦν.</span> <span class='ocrx_word' id='word_1_749' title='bbox 2719 4124 2854 4178; x_wconf 82' lang='grc' dir='ltr'>Ἀλλ’</span> <span class='ocrx_word' id='word_1_750' title='bbox 2872 4125 3150 4193; x_wconf 74' lang='grc' dir='ltr'>ἐπιφανεὶς</span> <span class='ocrx_word' id='word_1_751' title='bbox 3170 4126 3199 4177; x_wconf 88' lang='lat'><strong>6</strong></span> <span class='ocrx_word' id='word_1_752' title='bbox 3222 4123 3428 4193; x_wconf 73' lang='grc' dir='ltr'>Σωτὴρ,</span> <span class='ocrx_word' id='word_1_753' title='bbox 3456 4122 3797 4193; x_wconf 72' lang='grc' dir='ltr'>ἑνήστραψεν</span> <span class='ocrx_word' id='word_1_754' title='bbox 3825 4124 3959 4192; x_wconf 72' lang='grc' dir='ltr'>ἡμῖν</span> 
     </span>
    </p>
   </div>
   <div class='ocr_carea' id='block_1_103' title="bbox 2392 4213 3962 4288">
    <p class='ocr_par' dir='ltr' id='par_1_103' title="bbox 2392 4213 3962 4288">
     <span class='ocr_line' id='line_1_103' title="bbox 2392 4213 3962 4288; baseline -0.003 -18"><span class='ocrx_word' id='word_1_755' title='bbox 2392 4218 2489 4288; x_wconf 84' lang='grc' dir='ltr'>τῆς</span> <span class='ocrx_word' id='word_1_756' title='bbox 2516 4216 2744 4287; x_wconf 82' lang='grc' dir='ltr'>ἀληθοῦς</span> <span class='ocrx_word' id='word_1_757' title='bbox 2773 4216 3095 4284; x_wconf 86' lang='grc' dir='ltr'>θεογνωσίας</span> <span class='ocrx_word' id='word_1_758' title='bbox 3147 4215 3207 4267; x_wconf 82' lang='grc' dir='ltr'>τὸ</span> <span class='ocrx_word' id='word_1_759' title='bbox 3253 4215 3385 4283; x_wconf 82' lang='grc' dir='ltr'>φῶς,</span> <span class='ocrx_word' id='word_1_760' title='bbox 3442 4213 3739 4283; x_wconf 78' lang='grc' dir='ltr'>ἐπέστρεψε</span> <span class='ocrx_word' id='word_1_761' title='bbox 3768 4214 3833 4266; x_wconf 80' lang='grc' dir='ltr'>τὸ</span> <span class='ocrx_word' id='word_1_762' title='bbox 3861 4231 3962 4266; x_wconf 79' lang='grc' dir='ltr'>πε·</span> 
     </span>
    </p>
   </div>
   <div class='ocr_carea' id='block_1_104' title="bbox 2394 4305 3960 4379">
    <p class='ocr_par' dir='ltr' id='par_1_104' title="bbox 2394 4305 3960 4379">
     <span class='ocr_line' id='line_1_104' title="bbox 2394 4305 3960 4379; baseline -0.004 -17"><span class='ocrx_word' id='word_1_763' title='bbox 2394 4309 2751 4379; x_wconf 82' lang='grc' dir='ltr'>πλανημένον,</span> <span class='ocrx_word' id='word_1_764' title='bbox 2790 4308 3049 4379; x_wconf 83' lang='grc' dir='ltr'>κατέδησε</span> <span class='ocrx_word' id='word_1_765' title='bbox 3095 4306 3157 4361; x_wconf 84' lang='grc' dir='ltr'>τὸ</span> <span class='ocrx_word' id='word_1_766' title='bbox 3209 4305 3585 4379; x_wconf 76' lang='grc' dir='ltr'>ὴρρωστηκδς,</span> <span class='ocrx_word' id='word_1_767' title='bbox 3640 4306 3716 4369; x_wconf 80' lang='grc' dir='ltr'>ὡς</span> <span class='ocrx_word' id='word_1_768' title='bbox 3749 4306 3960 4378; x_wconf 73' lang='grc' dir='ltr'>ποιμὴν</span> 
     </span>
    </p>
   </div>
   <div class='ocr_carea' id='block_1_105' title="bbox 2394 4397 3960 4470">
    <p class='ocr_par' dir='ltr' id='par_1_105' title="bbox 2394 4397 3960 4470">
     <span class='ocr_line' id='line_1_105' title="bbox 2394 4397 3960 4470; baseline -0.003 -17"><span class='ocrx_word' id='word_1_769' title='bbox 2394 4400 2610 4469; x_wconf 78' lang='grc' dir='ltr'>ἀγαθὸς,</span> <span class='ocrx_word' id='word_1_770' title='bbox 2662 4399 2963 4470; x_wconf 74' lang='grc' dir='ltr'>ἀπεσόὸησε</span> <span class='ocrx_word' id='word_1_771' title='bbox 3010 4400 3133 4462; x_wconf 76' lang='grc' dir='ltr'>τους</span> <span class='ocrx_word' id='word_1_772' title='bbox 3161 4398 3334 4470; x_wconf 79' lang='grc' dir='ltr'>θῆρας</span> <span class='ocrx_word' id='word_1_773' title='bbox 3387 4399 3485 4467; x_wconf 82' lang='grc' dir='ltr'>τῆς</span> <span class='ocrx_word' id='word_1_774' title='bbox 3532 4397 3641 4450; x_wconf 81' lang='grc' dir='ltr'>τῶν</span> <span class='ocrx_word' id='word_1_775' title='bbox 3666 4397 3960 4469; x_wconf 76' lang='grc' dir='ltr'>προϐάτων</span> 
     </span>
    </p>
   </div>
   <div class='ocr_carea' id='block_1_106' title="bbox 2395 4488 3961 4561">
    <p class='ocr_par' dir='ltr' id='par_1_106' title="bbox 2395 4488 3961 4561">
     <span class='ocr_line' id='line_1_106' title="bbox 2395 4488 3961 4561; baseline -0.002 -17"><span class='ocrx_word' id='word_1_776' title='bbox 2395 4490 2580 4561; x_wconf 63' lang='grc' dir='ltr'>αὐλῆς</span> <span class='ocrx_word' id='word_1_777' title='bbox 2611 4490 2801 4561; x_wconf 72' lang='grc' dir='ltr'>ἡγίασε</span> <span class='ocrx_word' id='word_1_778' title='bbox 2826 4490 3112 4561; x_wconf 86' lang='grc' dir='ltr'>πνεύματι,</span> <span class='ocrx_word' id='word_1_779' title='bbox 3143 4488 3471 4558; x_wconf 77' lang='grc' dir='ltr'>ἠσφαλίσατο</span> <span class='ocrx_word' id='word_1_780' title='bbox 3513 4488 3802 4558; x_wconf 83' lang='grc' dir='ltr'>δυνάμεσιν</span> <span class='ocrx_word' id='word_1_781' title='bbox 3860 4490 3961 4557; x_wconf 85' lang='grc' dir='ltr'>ἀγ-</span> 
     </span>
    </p>
   </div>
   <div class='ocr_carea' id='block_1_107' title="bbox 2394 4580 3959 4653">
    <p class='ocr_par' dir='ltr' id='par_1_107' title="bbox 2394 4580 3959 4653">
     <span class='ocr_line' id='line_1_107' title="bbox 2394 4580 3959 4653; baseline -0.002 -17"><span class='ocrx_word' id='word_1_782' title='bbox 2394 4583 2652 4652; x_wconf 85' lang='grc' dir='ltr'>γελικαῖς,</span> <span class='ocrx_word' id='word_1_783' title='bbox 2683 4582 2946 4653; x_wconf 69' lang='grc' dir='ltr'>ἐπέστησε</span> <span class='ocrx_word' id='word_1_784' title='bbox 2980 4583 3104 4644; x_wconf 78' lang='grc' dir='ltr'>τοὺς</span> <span class='ocrx_word' id='word_1_785' title='bbox 3123 4581 3225 4636; x_wconf 88' lang='grc' dir='ltr'><strong>ἀνά</strong></span> <span class='ocrx_word' id='word_1_786' title='bbox 3258 4583 3437 4635; x_wconf 80' lang='grc' dir='ltr'>πᾶσαν</span> <span class='ocrx_word' id='word_1_787' title='bbox 3480 4580 3580 4651; x_wconf 79' lang='grc' dir='ltr'>τὴν</span> <span class='ocrx_word' id='word_1_788' title='bbox 3602 4581 3706 4651; x_wconf 81' lang='grc' dir='ltr'>γῆν</span> <span class='ocrx_word' id='word_1_789' title='bbox 3765 4581 3959 4647; x_wconf 78' lang='grc' dir='ltr'>ἁγίους</span> 
     </span>
    </p>
   </div>
   <div class='ocr_carea' id='block_1_108' title="bbox 2397 4672 3960 4745">
    <p class='ocr_par' dir='ltr' id='par_1_108' title="bbox 2397 4672 3960 4745">
     <span class='ocr_line' id='line_1_108' title="bbox 2397 4672 3960 4745; baseline -0.003 -17"><span class='ocrx_word' id='word_1_790' title='bbox 2397 4673 2801 4745; x_wconf 73' lang='grc' dir='ltr'>μυσταγωγοὺς.</span> <span class='ocrx_word' id='word_1_791' title='bbox 2833 4673 3261 4745; x_wconf 79' lang='grc' dir='ltr'>Προσκαλέσεται</span> <span class='ocrx_word' id='word_1_792' title='bbox 3302 4673 3499 4735; x_wconf 89' lang='grc' dir='ltr'>τοίνυν,</span> <span class='ocrx_word' id='word_1_793' title='bbox 3534 4672 3685 4742; x_wconf 80' lang='grc' dir='ltr'>φησὶ,</span> <span class='ocrx_word' id='word_1_794' title='bbox 3742 4673 3871 4735; x_wconf 82' lang='grc' dir='ltr'>τοὺς</span> <span class='ocrx_word' id='word_1_795' title='bbox 3899 4674 3960 4726; x_wconf 84' lang='lat' dir='ltr'><strong>tv</strong></span> 
     </span>
    </p>
   </div>
   <div class='ocr_carea' id='block_1_109' title="bbox 2391 4761 3955 4834">
    <p class='ocr_par' dir='ltr' id='par_1_109' title="bbox 2391 4761 3955 4834">
     <span class='ocr_line' id='line_1_109' title="bbox 2391 4761 3955 4834; baseline -0.002 -18"><span class='ocrx_word' id='word_1_796' title='bbox 2391 4764 2637 4834; x_wconf 80' lang='grc' dir='ltr'>οὐρανοῖς</span> <span class='ocrx_word' id='word_1_797' title='bbox 2663 4762 2942 4831; x_wconf 82' lang='grc' dir='ltr'>ἀγγέλους,</span> <span class='ocrx_word' id='word_1_798' title='bbox 2997 4764 3089 4817; x_wconf 74' lang='grc' dir='ltr'>καὶ</span> <span class='ocrx_word' id='word_1_799' title='bbox 3138 4763 3261 4827; x_wconf 80' lang='grc' dir='ltr'>τοὺς</span> <span class='ocrx_word' id='word_1_800' title='bbox 3303 4761 3706 4833; x_wconf 74' lang='grc' dir='ltr'>ἐξειλεγμένους</span> <span class='ocrx_word' id='word_1_801' title='bbox 3777 4763 3836 4814; x_wconf 82' lang='grc' dir='ltr'><strong>ὲν</strong></span> <span class='ocrx_word' id='word_1_802' title='bbox 3880 4767 3955 4833; x_wconf 77' lang='grc' dir='ltr'>γῇ</span> 
     </span>
    </p>
   </div>
   <div class='ocr_carea' id='block_1_110' title="bbox 2391 4851 3959 4927">
    <p class='ocr_par' dir='ltr' id='par_1_110' title="bbox 2391 4851 3959 4927">
     <span class='ocr_line' id='line_1_110' title="bbox 2391 4851 3959 4927; baseline -0.003 -20"><span class='ocrx_word' id='word_1_803' title='bbox 2391 4855 2529 4927; x_wconf 79' lang='grc' dir='ltr'>πρὸς</span> <span class='ocrx_word' id='word_1_804' title='bbox 2557 4853 2877 4924; x_wconf 85' lang='grc' dir='ltr'>ἀποστολὴν,</span> <span class='ocrx_word' id='word_1_805' title='bbox 2903 4852 3041 4906; x_wconf 81' lang='grc' dir='ltr'>ὥστε</span> <span class='ocrx_word' id='word_1_806' title='bbox 3082 4853 3171 4906; x_wconf 76' lang='grc' dir='ltr'>τὸν</span> <span class='ocrx_word' id='word_1_807' title='bbox 3219 4852 3342 4906; x_wconf 82' lang='grc' dir='ltr'>λαὸν</span> <span class='ocrx_word' id='word_1_808' title='bbox 3370 4852 3530 4905; x_wconf 77' lang='grc' dir='ltr'>αὑτοῦ</span> <span class='ocrx_word' id='word_1_809' title='bbox 3550 4851 3839 4922; x_wconf 80' lang='grc' dir='ltr'>διακρῖναι.</span> <span class='ocrx_word' id='word_1_810' title='bbox 3891 4854 3959 4908; x_wconf 80' lang='lat' dir='ltr'><strong>Ol</strong></span> 
     </span>
    </p>
   </div>
   <div class='ocr_carea' id='block_1_111' title="bbox 2390 4943 3959 5018">
    <p class='ocr_par' dir='ltr' id='par_1_111' title="bbox 2390 4943 3959 5018">
     <span class='ocr_line' id='line_1_111' title="bbox 2390 4943 3959 5018; baseline -0.003 -18"><span class='ocrx_word' id='word_1_811' title='bbox 2390 4947 2498 5018; x_wconf 88' lang='grc' dir='ltr'>γὰρ</span> <span class='ocrx_word' id='word_1_812' title='bbox 2534 4945 2813 4999; x_wconf 87' lang='grc' dir='ltr'>ἀπόστολοι</span> <span class='ocrx_word' id='word_1_813' title='bbox 2846 4946 2970 5007; x_wconf 81' lang='grc' dir='ltr'>τοὺς</span> <span class='ocrx_word' id='word_1_814' title='bbox 3021 4944 3119 5014; x_wconf 83' lang='grc' dir='ltr'>μὲν</span> <span class='ocrx_word' id='word_1_815' title='bbox 3168 4943 3516 5013; x_wconf 67' lang='grc' dir='ltr'>πειθομένους</span> <span class='ocrx_word' id='word_1_816' title='bbox 3574 4944 3959 5012; x_wconf 79' lang='grc' dir='ltr'>προσήνεγκαν</span> 
     </span>
    </p>
   </div>
   <div class='ocr_carea' id='block_1_112' title="bbox 2394 5032 3958 5107">
    <p class='ocr_par' dir='ltr' id='par_1_112' title="bbox 2394 5032 3958 5107">
     <span class='ocr_line' id='line_1_112' title="bbox 2394 5032 3958 5107; baseline -0.003 -18"><span class='ocrx_word' id='word_1_817' title='bbox 2394 5038 2470 5106; x_wconf 78' lang='grc' dir='ltr'><strong>τῷ</strong></span> <span class='ocrx_word' id='word_1_818' title='bbox 2501 5037 2634 5107; x_wconf 75' lang='grc' dir='ltr'>Θεῷ,</span> <span class='ocrx_word' id='word_1_819' title='bbox 2693 5035 3046 5097; x_wconf 80' lang='grc' dir='ltr'>ἀπιστοῦντας</span> <span class='ocrx_word' id='word_1_820' title='bbox 3097 5035 3153 5087; x_wconf 82' lang='grc' dir='ltr'>δὲ</span> <span class='ocrx_word' id='word_1_821' title='bbox 3185 5034 3260 5105; x_wconf 83' lang='grc' dir='ltr'>τῷ</span> <span class='ocrx_word' id='word_1_822' title='bbox 3307 5034 3512 5103; x_wconf 78' lang='grc' dir='ltr'>Σατανᾷ</span> <span class='ocrx_word' id='word_1_823' title='bbox 3566 5032 3958 5102; x_wconf 82' lang='grc' dir='ltr'>παρέπεμψαν,</span> 
     </span>
    </p>
   </div>
   <div class='ocr_carea' id='block_1_113' title="bbox 2397 5121 3960 5199">
    <p class='ocr_par' dir='ltr' id='par_1_113' title="bbox 2397 5121 3960 5199">
     <span class='ocr_line' id='line_1_113' title="bbox 2397 5121 3960 5199; baseline -0.003 -18"><span class='ocrx_word' id='word_1_824' title='bbox 2397 5130 2672 5199; x_wconf 76' lang='grc' dir='ltr'>μονονουχὶ</span> <span class='ocrx_word' id='word_1_825' title='bbox 2711 5128 2975 5195; x_wconf 80' lang='grc' dir='ltr'>λέγοντες·</span> <span class='ocrx_word' id='word_1_826' title='bbox 3027 5126 3324 5196; x_wconf 83' lang='grc' dir='ltr'>Πορεύεσθε</span> <span class='ocrx_word' id='word_1_827' title='bbox 3352 5121 3465 5191; x_wconf 81' lang='grc' dir='ltr'>οὖν,</span> <span class='ocrx_word' id='word_1_828' title='bbox 3522 5124 3674 5194; x_wconf 76' lang='grc' dir='ltr'>φησὶ,</span> <span class='ocrx_word' id='word_1_829' title='bbox 3706 5123 3783 5192; x_wconf 79' lang='grc' dir='ltr'><strong>τῷ</strong></span> <span class='ocrx_word' id='word_1_830' title='bbox 3814 5127 3960 5193; x_wconf 76' lang='grc' dir='ltr'>φωτὶ</span> 
     </span>
    </p>
   </div>
   <div class='ocr_carea' id='block_1_114' title="bbox 2394 5213 3960 5292">
    <p class='ocr_par' dir='ltr' id='par_1_114' title="bbox 2394 5213 3960 5292">
     <span class='ocr_line' id='line_1_114' title="bbox 2394 5213 3960 5292; baseline -0.003 -19"><span class='ocrx_word' id='word_1_831' title='bbox 2394 5220 2484 5273; x_wconf 82' lang='grc' dir='ltr'><strong>τοῦ</strong></span> <span class='ocrx_word' id='word_1_832' title='bbox 2514 5222 2680 5292; x_wconf 85' lang='grc' dir='ltr'>πυρὸς</span> <span class='ocrx_word' id='word_1_833' title='bbox 2714 5219 2863 5289; x_wconf 82' lang='grc' dir='ltr'>ὑμῶν</span> <span class='ocrx_word' id='word_1_834' title='bbox 2911 5220 3004 5273; x_wconf 76' lang='grc' dir='ltr'><strong>καὶ</strong></span> <span class='ocrx_word' id='word_1_835' title='bbox 3057 5221 3122 5289; x_wconf 77' lang='grc' dir='ltr'>τῇ</span> <span class='ocrx_word' id='word_1_836' title='bbox 3157 5218 3314 5287; x_wconf 77' lang='grc' dir='ltr'>φλογὶ</span> <span class='ocrx_word' id='word_1_837' title='bbox 3363 5213 3396 5289; x_wconf 78' lang='grc' dir='ltr'>ᾖ</span> <span class='ocrx_word' id='word_1_838' title='bbox 3449 5216 3794 5280; x_wconf 65' lang='grc' dir='ltr'>ἱξεκαύσατε.</span> <span class='ocrx_word' id='word_1_839' title='bbox 3830 5217 3960 5280; x_wconf 83' lang='grc' dir='ltr'><strong>Τοῖς</strong></span> 
     </span>
    </p>
   </div>
   <div class='ocr_carea' id='block_1_115' title="bbox 2394 5305 3961 5380">
    <p class='ocr_par' dir='ltr' id='par_1_115' title="bbox 2394 5305 3961 5380">
     <span class='ocr_line' id='line_1_115' title="bbox 2394 5305 3961 5380; baseline -0.002 -16"><span class='ocrx_word' id='word_1_840' title='bbox 2394 5312 2520 5380; x_wconf 88' lang='grc' dir='ltr'>γοῦν</span> <span class='ocrx_word' id='word_1_841' title='bbox 2548 5311 2813 5373; x_wconf 84' lang='grc' dir='ltr'>Ἰουδαίοις</span> <span class='ocrx_word' id='word_1_842' title='bbox 2834 5308 3117 5363; x_wconf 81' lang='grc' dir='ltr'>ἀπιστοῦσι</span> <span class='ocrx_word' id='word_1_843' title='bbox 3138 5325 3316 5378; x_wconf 84' lang='grc' dir='ltr'>φασιν·</span> <span class='ocrx_word' id='word_1_844' title='bbox 3346 5308 3511 5377; x_wconf 78' lang='grc' dir='ltr'>Ὑμῖν</span> <span class='ocrx_word' id='word_1_845' title='bbox 3529 5305 3607 5376; x_wconf 81' lang='grc' dir='ltr'>ἦν</span> <span class='ocrx_word' id='word_1_846' title='bbox 3624 5306 3961 5376; x_wconf 67' lang='grc' dir='ltr'>ἀναγκαῖον</span> 
     </span>
    </p>
   </div>
   <div class='ocr_carea' id='block_1_116' title="bbox 2396 5398 3955 5472">
    <p class='ocr_par' dir='ltr' id='par_1_116' title="bbox 2396 5398 3955 5472">
     <span class='ocr_line' id='line_1_116' title="bbox 2396 5398 3955 5472; baseline -0.004 -15"><span class='ocrx_word' id='word_1_847' title='bbox 2396 5403 2628 5472; x_wconf 83' lang='grc' dir='ltr'>πρῶτον</span> <span class='ocrx_word' id='word_1_848' title='bbox 2672 5400 2938 5469; x_wconf 72' lang='grc' dir='ltr'>λαλῆσαι</span> <span class='ocrx_word' id='word_1_849' title='bbox 2985 5401 3091 5455; x_wconf 81' lang='grc' dir='ltr'>τὸν</span> <span class='ocrx_word' id='word_1_850' title='bbox 3142 5403 3326 5471; x_wconf 76' lang='grc' dir='ltr'>λόγον</span> <span class='ocrx_word' id='word_1_851' title='bbox 3368 5400 3474 5455; x_wconf 83' lang='grc' dir='ltr'><strong>τοῦ</strong></span> <span class='ocrx_word' id='word_1_852' title='bbox 3516 5398 3682 5453; x_wconf 70' lang='grc' dir='ltr'>Θεοῦ*</span> <span class='ocrx_word' id='word_1_853' title='bbox 3741 5399 3955 5467; x_wconf 76' lang='grc' dir='ltr'>ἐπειδὴ</span> 
     </span>
    </p>
   </div>
   <div class='ocr_carea' id='block_1_117' title="bbox 2398 5486 3967 5554">
    <p class='ocr_par' dir='ltr' id='par_1_117' title="bbox 2398 5486 3967 5554">
     <span class='ocr_line' id='line_1_117' title="bbox 2398 5486 3967 5554; baseline -0.004 -9"><span class='ocrx_word' id='word_1_854' title='bbox 2398 5492 2466 5545; x_wconf 79' lang='grc' dir='ltr'>δὲ</span> <span class='ocrx_word' id='word_1_855' title='bbox 2507 5491 2830 5547; x_wconf 77' lang='grc' dir='ltr'>ἀπωθεῖσθε</span> <span class='ocrx_word' id='word_1_856' title='bbox 2866 5489 3069 5553; x_wconf 78' lang='grc' dir='ltr'>αὐτὸν,</span> <span class='ocrx_word' id='word_1_857' title='bbox 3095 5489 3191 5543; x_wconf 71' lang='grc' dir='ltr'><strong>καὶ</strong></span> <span class='ocrx_word' id='word_1_858' title='bbox 3237 5489 3523 5553; x_wconf 77' lang='grc' dir='ltr'>ἀναξίους</span> <span class='ocrx_word' id='word_1_859' title='bbox 3551 5486 3801 5551; x_wconf 78' lang='grc' dir='ltr'>ἑαυτοὺς</span> <span class='ocrx_word' id='word_1_860' title='bbox 3826 5488 3967 5554; x_wconf 77' lang='grc' dir='ltr'><strong>κριο-</strong></span> 
     </span>
    </p>
   </div>
   <div class='ocr_carea' id='block_1_118' title="bbox 2398 5578 3959 5649">
    <p class='ocr_par' dir='ltr' id='par_1_118' title="bbox 2398 5578 3959 5649">
     <span class='ocr_line' id='line_1_118' title="bbox 2398 5578 3959 5649; baseline -0.006 -11"><span class='ocrx_word' id='word_1_861' title='bbox 2398 5600 2531 5638; x_wconf 76' lang='lat' dir='ltr'><strong>rere</strong></span> <span class='ocrx_word' id='word_1_862' title='bbox 2575 5582 2684 5649; x_wconf 78' lang='grc' dir='ltr'>τῆς</span> <span class='ocrx_word' id='word_1_863' title='bbox 2708 5583 2945 5636; x_wconf 80' lang='grc' dir='ltr'>αὶωνίου</span> <span class='ocrx_word' id='word_1_864' title='bbox 2974 5578 3141 5648; x_wconf 77' lang='grc' dir='ltr'>ζωῆς,</span> <span class='ocrx_word' id='word_1_865' title='bbox 3186 5579 3312 5633; x_wconf 79' lang='grc' dir='ltr'><strong>ίὸοὺ</strong></span> <span class='ocrx_word' id='word_1_866' title='bbox 3343 5580 3708 5647; x_wconf 67' lang='grc' dir='ltr'>στρεφόμεθα</span> <span class='ocrx_word' id='word_1_867' title='bbox 3744 5580 3831 5642; x_wconf 79' lang='grc' dir='ltr'><strong>είς</strong></span> <span class='ocrx_word' id='word_1_868' title='bbox 3882 5579 3959 5630; x_wconf 86' lang='grc' dir='ltr'>τὰ</span> 
     </span>
    </p>
   </div>
   <div class='ocr_carea' id='block_1_119' title="bbox 2400 5670 3957 5746">
    <p class='ocr_par' dir='ltr' id='par_1_119' title="bbox 2400 5670 3957 5746">
     <span class='ocr_line' id='line_1_119' title="bbox 2400 5670 3957 5746; baseline -0.009 -11"><span class='ocrx_word' id='word_1_869' title='bbox 2400 5681 2562 5746; x_wconf 73' lang='grc' dir='ltr'>ἔθνη.</span> <span class='ocrx_word' id='word_1_870' title='bbox 2591 5677 2713 5730; x_wconf 81' lang='grc' dir='ltr'>Ὅτι</span> <span class='ocrx_word' id='word_1_871' title='bbox 2758 5674 2815 5726; x_wconf 80' lang='grc' dir='ltr'>δὲ</span> <span class='ocrx_word' id='word_1_872' title='bbox 2862 5677 2973 5737; x_wconf 80' lang='grc' dir='ltr'>τοῖς</span> <span class='ocrx_word' id='word_1_873' title='bbox 3025 5672 3437 5744; x_wconf 84' lang='grc' dir='ltr'>μυσταγωγοῦσι</span> <span class='ocrx_word' id='word_1_874' title='bbox 3490 5671 3720 5734; x_wconf 76' lang='grc' dir='ltr'>καὶτοῖς</span> <span class='ocrx_word' id='word_1_875' title='bbox 3772 5670 3957 5722; x_wconf 82' lang='grc' dir='ltr'>αὐτῶν</span> 
     </span>
    </p>
   </div>
   <div class='ocr_carea' id='block_1_120' title="bbox 2642 5782 3953 5858">
    <p class='ocr_par' dir='ltr' id='par_1_120' title="bbox 2642 5782 3953 5858">
     <span class='ocr_line' id='line_1_120' title="bbox 2642 5782 3953 5858; baseline -0.01 -8"><span class='ocrx_word' id='word_1_876' title='bbox 2642 5792 2909 5849; x_wconf 77' lang='lat' dir='ltr'><strong>“Jcrem.</strong></span> <span class='ocrx_word' id='word_1_877' title='bbox 2960 5788 3149 5858; x_wconf 73' lang='lat' dir='ltr'><strong>v1,28,</strong></span> <span class='ocrx_word' id='word_1_878' title='bbox 3185 5788 3275 5845; x_wconf 71' lang='lat'><strong>29.</strong></span> <span class='ocrx_word' id='word_1_879' title='bbox 3380 5788 3425 5822; x_wconf 82' lang='grc'><strong><em>⁸⁸</em></strong></span> <span class='ocrx_word' id='word_1_880' title='bbox 3454 5784 3598 5841; x_wconf 85' lang='lat' dir='ltr'><strong>Psal.</strong></span> <span class='ocrx_word' id='word_1_881' title='bbox 3653 5798 3790 5848; x_wconf 78' lang='lat' dir='ltr'><strong>un,</strong></span> <span class='ocrx_word' id='word_1_882' title='bbox 3860 5782 3953 5838; x_wconf 78' lang='lat' dir='ltr'><strong>ll.</strong></span> 
     </span>
    </p>
   </div>
  </div>
