  <div class='ocr_page' id='page_1' title='image "/cluster/home/n/w/nwhite01/storage/ocr_20150623/27/uva.x030474749/126.png"; bbox 0 0 4108 6490; ppageno 0'>
   <div class='ocr_carea' id='block_1_1' title="bbox 198 452 297 506">
    <p class='ocr_par' dir='ltr' id='par_1_1' title="bbox 198 452 297 506">
     <span class='ocr_line' id='line_1_1' title="bbox 198 452 297 506; baseline 0 0"><span class='ocrx_word' id='word_1_1' title='bbox 198 452 297 506; x_wconf 74' lang='lat'><strong>253</strong></span> 
     </span>
    </p>
   </div>
   <div class='ocr_carea' id='block_1_2' title="bbox 1291 446 2336 503">
    <p class='ocr_par' dir='ltr' id='par_1_2' title="bbox 1291 446 2336 503">
     <span class='ocr_line' id='line_1_2' title="bbox 1291 446 2336 503; baseline -0.002 -3"><span class='ocrx_word' id='word_1_2' title='bbox 1291 446 1648 503; x_wconf 73' lang='lat' dir='ltr'><strong>EXPOSITIO</strong></span> <span class='ocrx_word' id='word_1_3' title='bbox 1681 447 1746 501; x_wconf 77' lang='lat' dir='ltr'><strong>1N</strong></span> <span class='ocrx_word' id='word_1_4' title='bbox 1787 448 2116 501; x_wconf 77' lang='lat' dir='ltr'><strong>PSALMUM</strong></span> <span class='ocrx_word' id='word_1_5' title='bbox 2157 447 2336 498; x_wconf 75' lang='lat' dir='ltr'><strong>XLIX.</strong></span> 
     </span>
    </p>
   </div>
   <div class='ocr_carea' id='block_1_3' title="bbox 3298 445 3404 500">
    <p class='ocr_par' dir='ltr' id='par_1_3' title="bbox 3298 445 3404 500">
     <span class='ocr_line' id='line_1_3' title="bbox 3298 445 3404 500; baseline -0.019 0"><span class='ocrx_word' id='word_1_6' title='bbox 3298 445 3404 500; x_wconf 68' lang='grc'><strong>254</strong></span> 
     </span>
    </p>
   </div>
   <div class='ocr_carea' id='block_1_4' title="bbox 200 559 1755 638">
    <p class='ocr_par' dir='ltr' id='par_1_4' title="bbox 200 565 1755 638">
     <span class='ocr_line' id='line_1_4' title="bbox 200 565 1755 638; baseline 0.001 -20"><span class='ocrx_word' id='word_1_7' title='bbox 200 565 459 636; x_wconf 75' lang='grc' dir='ltr'><strong>μαθηταῖς</strong></span> <span class='ocrx_word' id='word_1_8' title='bbox 500 565 937 635; x_wconf 73' lang='grc' dir='ltr'><strong>συμπράττουσιν</strong></span> <span class='ocrx_word' id='word_1_9' title='bbox 994 565 1244 632; x_wconf 83' lang='grc' dir='ltr'>ἄγγελοι,</span> <span class='ocrx_word' id='word_1_10' title='bbox 1303 566 1450 638; x_wconf 81' lang='grc' dir='ltr'>δηλοῖ</span> <span class='ocrx_word' id='word_1_11' title='bbox 1503 565 1675 632; x_wconf 82' lang='grc' dir='ltr'>λέγων</span> <span class='ocrx_word' id='word_1_12' title='bbox 1728 567 1755 619; x_wconf 81' lang='grc' dir='ltr'>ὁ</span> 
     </span>
    </p>
   </div>
   <div class='ocr_carea' id='block_1_5' title="bbox 1855 559 3405 638">
    <p class='ocr_par' dir='ltr' id='par_1_5' title="bbox 1859 559 3405 630">
     <span class='ocr_line' id='line_1_5' title="bbox 1859 559 3405 630; baseline -0.004 -12"><span class='ocrx_word' id='word_1_13' title='bbox 1859 564 1944 618; x_wconf 89' lang='lat' dir='ltr'><strong>lus</strong></span> <span class='ocrx_word' id='word_1_14' title='bbox 1968 564 2152 618; x_wconf 87' lang='lat' dir='ltr'><strong>dicens</strong></span> <span class='ocrx_word' id='word_1_15' title='bbox 2177 563 2220 593; x_wconf 82' lang='lat'>&quot;</span> <span class='ocrx_word' id='word_1_16' title='bbox 2246 581 2258 615; x_wconf 91' lang='lat'>:</span> <span class='ocrx_word' id='word_1_17' title='bbox 2297 559 2481 613; x_wconf 80' lang='lat' dir='ltr'><strong>Nonne</strong></span> <span class='ocrx_word' id='word_1_18' title='bbox 2500 576 2674 613; x_wconf 85' lang='lat' dir='ltr'><strong>omnes</strong></span> <span class='ocrx_word' id='word_1_19' title='bbox 2694 569 2812 613; x_wconf 85' lang='lat' dir='ltr'><strong>sunt</strong></span> <span class='ocrx_word' id='word_1_20' title='bbox 2836 561 3272 614; x_wconf 75' lang='lat' dir='ltr'><strong>administratorii</strong></span> <span class='ocrx_word' id='word_1_21' title='bbox 3295 563 3405 630; x_wconf 77' lang='lat' dir='ltr'><strong>spi-</strong></span> 
     </span>
    </p>
   </div>
   <div class='ocr_carea' id='block_1_6' title="bbox 198 654 1753 725">
    <p class='ocr_par' dir='ltr' id='par_1_6' title="bbox 198 654 1753 725">
     <span class='ocr_line' id='line_1_6' title="bbox 198 654 1753 725; baseline -0.001 -15"><span class='ocrx_word' id='word_1_22' title='bbox 198 656 420 719; x_wconf 75' lang='grc' dir='ltr'>Παῧλοςο</span> <span class='ocrx_word' id='word_1_23' title='bbox 461 654 612 724; x_wconf 77' lang='grc' dir='ltr'><strong>Οὐχί</strong></span> <span class='ocrx_word' id='word_1_24' title='bbox 637 655 862 720; x_wconf 61' lang='grc' dir='ltr'>πάντες</span> <span class='ocrx_word' id='word_1_25' title='bbox 888 655 1006 709; x_wconf 70' lang='grc' dir='ltr'>εισι</span> <span class='ocrx_word' id='word_1_26' title='bbox 1040 657 1409 725; x_wconf 71' lang='grc' dir='ltr'><strong>λειτουργικὰ</strong></span> <span class='ocrx_word' id='word_1_27' title='bbox 1432 657 1753 725; x_wconf 80' lang='grc' dir='ltr'>πνεύματα,</span> 
     </span>
    </p>
   </div>
   <div class='ocr_carea' id='block_1_7' title="bbox 196 745 1757 820">
    <p class='ocr_par' dir='ltr' id='par_1_7' title="bbox 196 745 1757 820">
     <span class='ocr_line' id='line_1_7' title="bbox 196 745 1757 820; baseline -0.002 -18"><span class='ocrx_word' id='word_1_28' title='bbox 196 750 277 813; x_wconf 76' lang='grc' dir='ltr'>εις</span> <span class='ocrx_word' id='word_1_29' title='bbox 300 746 616 820; x_wconf 75' lang='grc' dir='ltr'><strong>διακονίαν</strong></span> <span class='ocrx_word' id='word_1_30' title='bbox 641 747 1130 814; x_wconf 71' lang='grc' dir='ltr'><strong>ἀποστελλόμενα</strong></span> <span class='ocrx_word' id='word_1_31' title='bbox 1143 745 1238 799; x_wconf 82' lang='grc' dir='ltr'>διὰ</span> <span class='ocrx_word' id='word_1_32' title='bbox 1261 745 1400 813; x_wconf 85' lang='grc' dir='ltr'>τοὺς</span> <span class='ocrx_word' id='word_1_33' title='bbox 1420 746 1757 816; x_wconf 79' lang='grc' dir='ltr'>μέλλοντας</span> 
     </span>
    </p>
   </div>
   <div class='ocr_carea' id='block_1_8' title="bbox 197 837 1755 911">
    <p class='ocr_par' dir='ltr' id='par_1_8' title="bbox 197 837 1755 911">
     <span class='ocr_line' id='line_1_8' title="bbox 197 837 1755 911; baseline -0.017 -2"><span class='ocrx_word' id='word_1_34' title='bbox 197 837 588 906; x_wconf 68' lang='grc' dir='ltr'><strong>κληρονομεῖν</strong></span> <span class='ocrx_word' id='word_1_35' title='bbox 623 840 958 906; x_wconf 59' lang='lat' dir='ltr'><strong>ammplam</strong></span> <span class='ocrx_word' id='word_1_36' title='bbox 1008 837 1174 891; x_wconf 83' lang='grc' dir='ltr'>Τοῦτο</span> <span class='ocrx_word' id='word_1_37' title='bbox 1207 839 1300 892; x_wconf 79' lang='grc' dir='ltr'>καὶ</span> <span class='ocrx_word' id='word_1_38' title='bbox 1338 840 1370 909; x_wconf 74' lang='grc' dir='ltr'><strong>η</strong></span> <span class='ocrx_word' id='word_1_39' title='bbox 1403 839 1600 910; x_wconf 79' lang='grc' dir='ltr'>κλίμαξ</span> <span class='ocrx_word' id='word_1_40' title='bbox 1631 839 1755 911; x_wconf 72' lang='grc' dir='ltr'><strong>ἐδή-</strong></span> 
     </span>
    </p>
   </div>
   <div class='ocr_carea' id='block_1_9' title="bbox 198 921 1756 999">
    <p class='ocr_par' dir='ltr' id='par_1_9' title="bbox 198 921 1756 999">
     <span class='ocr_line' id='line_1_9' title="bbox 198 921 1756 999; baseline 0 -19"><span class='ocrx_word' id='word_1_41' title='bbox 198 927 380 987; x_wconf 86' lang='grc' dir='ltr'>λωσεν,</span> <span class='ocrx_word' id='word_1_42' title='bbox 407 927 476 998; x_wconf 78' lang='grc' dir='ltr'>ἠν</span> <span class='ocrx_word' id='word_1_43' title='bbox 511 921 654 980; x_wconf 77' lang='grc' dir='ltr'>εἶδεν</span> <span class='ocrx_word' id='word_1_44' title='bbox 698 925 888 980; x_wconf 84' lang='grc' dir='ltr'>Ἰακὼῦ</span> <span class='ocrx_word' id='word_1_45' title='bbox 946 927 1044 997; x_wconf 71' lang='grc' dir='ltr'>τὴν</span> <span class='ocrx_word' id='word_1_46' title='bbox 1087 929 1149 979; x_wconf 80' lang='grc' dir='ltr'>ὲκ</span> <span class='ocrx_word' id='word_1_47' title='bbox 1205 928 1308 996; x_wconf 84' lang='grc' dir='ltr'>γῆς</span> <span class='ocrx_word' id='word_1_48' title='bbox 1359 927 1644 999; x_wconf 82' lang='grc' dir='ltr'><strong>διήκουσαν</strong></span> <span class='ocrx_word' id='word_1_49' title='bbox 1677 929 1756 991; x_wconf 79' lang='grc' dir='ltr'>εἰς</span> 
     </span>
    </p>
   </div>
   <div class='ocr_carea' id='block_1_10' title="bbox 197 1013 1756 1091">
    <p class='ocr_par' dir='ltr' id='par_1_10' title="bbox 197 1013 1756 1091">
     <span class='ocr_line' id='line_1_10' title="bbox 197 1013 1756 1091; baseline 0 -19"><span class='ocrx_word' id='word_1_50' title='bbox 197 1019 282 1072; x_wconf 78' lang='grc' dir='ltr'>τὸν</span> <span class='ocrx_word' id='word_1_51' title='bbox 311 1019 562 1090; x_wconf 75' lang='grc' dir='ltr'>οὐρανὸν,</span> <span class='ocrx_word' id='word_1_52' title='bbox 597 1020 681 1088; x_wconf 75' lang='grc' dir='ltr'><strong>ἐφ’</strong></span> <span class='ocrx_word' id='word_1_53' title='bbox 723 1013 792 1091; x_wconf 79' lang='grc' dir='ltr'>ἧς</span> <span class='ocrx_word' id='word_1_54' title='bbox 835 1020 1193 1089; x_wconf 75' lang='grc' dir='ltr'>ἐπεστήρικτο</span> <span class='ocrx_word' id='word_1_55' title='bbox 1224 1018 1444 1090; x_wconf 78' lang='grc' dir='ltr'>Κύριος,</span> <span class='ocrx_word' id='word_1_56' title='bbox 1471 1019 1582 1072; x_wconf 76' lang='grc' dir='ltr'><strong>ἀνω</strong></span> <span class='ocrx_word' id='word_1_57' title='bbox 1609 1019 1756 1072; x_wconf 85' lang='grc' dir='ltr'>κάτω</span> 
     </span>
    </p>
   </div>
   <div class='ocr_carea' id='block_1_11' title="bbox 197 1108 1764 1178">
    <p class='ocr_par' dir='ltr' id='par_1_11' title="bbox 197 1108 1764 1178">
     <span class='ocr_line' id='line_1_11' title="bbox 197 1108 1764 1178; baseline 0.001 -16"><span class='ocrx_word' id='word_1_58' title='bbox 197 1108 507 1162; x_wconf 79' lang='grc' dir='ltr'><strong>διαθεόντων</strong></span> <span class='ocrx_word' id='word_1_59' title='bbox 557 1109 820 1177; x_wconf 81' lang='grc' dir='ltr'>ἀγγέλων.</span> <span class='ocrx_word' id='word_1_60' title='bbox 858 1108 1106 1161; x_wconf 81' lang='grc' dir='ltr'>Τοιοῦτον</span> <span class='ocrx_word' id='word_1_61' title='bbox 1132 1109 1224 1162; x_wconf 80' lang='grc' dir='ltr'>καὶ</span> <span class='ocrx_word' id='word_1_62' title='bbox 1250 1109 1311 1161; x_wconf 85' lang='grc' dir='ltr'>τό</span> <span class='ocrx_word' id='word_1_63' title='bbox 1332 1125 1346 1140; x_wconf 79' lang='grc'><em>’</em></span> <span class='ocrx_word' id='word_1_64' title='bbox 1389 1110 1764 1178; x_wconf 75' lang='grc' dir='ltr'>Ιιαρεμΰαλεῖ</span> 
     </span>
    </p>
   </div>
   <div class='ocr_carea' id='block_1_12' title="bbox 197 1200 1756 1270">
    <p class='ocr_par' dir='ltr' id='par_1_12' title="bbox 197 1200 1756 1270">
     <span class='ocr_line' id='line_1_12' title="bbox 197 1200 1756 1270; baseline 0.001 -14"><span class='ocrx_word' id='word_1_65' title='bbox 197 1201 400 1270; x_wconf 79' lang='grc' dir='ltr'>Κύριος</span> <span class='ocrx_word' id='word_1_66' title='bbox 431 1203 642 1265; x_wconf 81' lang='grc' dir='ltr'><strong>κύκλῳ</strong></span> <span class='ocrx_word' id='word_1_67' title='bbox 667 1200 783 1254; x_wconf 76' lang='grc' dir='ltr'>τῶν</span> <span class='ocrx_word' id='word_1_68' title='bbox 799 1201 1182 1270; x_wconf 63' lang='grc' dir='ltr'>φοϐουμένων</span> <span class='ocrx_word' id='word_1_69' title='bbox 1221 1202 1422 1262; x_wconf 81' lang='grc' dir='ltr'><strong>αὑτὸν.</strong></span> <span class='ocrx_word' id='word_1_70' title='bbox 1455 1202 1552 1255; x_wconf 77' lang='grc' dir='ltr'>καὶ</span> <span class='ocrx_word' id='word_1_71' title='bbox 1572 1204 1756 1270; x_wconf 80' lang='grc' dir='ltr'>ῥύσε-</span> 
     </span>
    </p>
   </div>
   <div class='ocr_carea' id='block_1_13' title="bbox 197 1284 1755 1363">
    <p class='ocr_par' dir='ltr' id='par_1_13' title="bbox 197 1284 1755 1363">
     <span class='ocr_line' id='line_1_13' title="bbox 197 1284 1755 1363; baseline 0.001 -19"><span class='ocrx_word' id='word_1_72' title='bbox 197 1309 281 1344; x_wconf 86' lang='grc' dir='ltr'><strong>ται</strong></span> <span class='ocrx_word' id='word_1_73' title='bbox 303 1292 550 1356; x_wconf 76' lang='grc' dir='ltr'>αὐτούς’</span> <span class='ocrx_word' id='word_1_74' title='bbox 587 1291 654 1344; x_wconf 85' lang='grc' dir='ltr'><strong>δι’</strong></span> <span class='ocrx_word' id='word_1_75' title='bbox 685 1284 760 1344; x_wconf 80' lang='grc' dir='ltr'>ὧν</span> <span class='ocrx_word' id='word_1_76' title='bbox 789 1287 882 1344; x_wconf 82' lang='grc' dir='ltr'>οὖν</span> <span class='ocrx_word' id='word_1_77' title='bbox 912 1293 1317 1363; x_wconf 72' lang='grc' dir='ltr'><strong>συμπράττωσι</strong></span> <span class='ocrx_word' id='word_1_78' title='bbox 1339 1291 1432 1344; x_wconf 69' lang='grc' dir='ltr'><strong>καὶ</strong></span> <span class='ocrx_word' id='word_1_79' title='bbox 1457 1293 1610 1346; x_wconf 72' lang='grc' dir='ltr'>αὐτοὶ</span> <span class='ocrx_word' id='word_1_80' title='bbox 1639 1292 1755 1346; x_wconf 84' lang='grc' dir='ltr'>δια-</span> 
     </span>
    </p>
   </div>
   <div class='ocr_carea' id='block_1_14' title="bbox 195 1380 730 1454">
    <p class='ocr_par' dir='ltr' id='par_1_14' title="bbox 195 1380 730 1454">
     <span class='ocr_line' id='line_1_14' title="bbox 195 1380 730 1454; baseline -0.007 -17"><span class='ocrx_word' id='word_1_81' title='bbox 195 1383 426 1454; x_wconf 76' lang='grc' dir='ltr'>κρίνουσι</span> <span class='ocrx_word' id='word_1_82' title='bbox 450 1382 546 1434; x_wconf 72' lang='grc' dir='ltr'>τὸν</span> <span class='ocrx_word' id='word_1_83' title='bbox 583 1380 730 1435; x_wconf 82' lang='grc' dir='ltr'>λαόν.</span> 
     </span>
    </p>
   </div>
   <div class='ocr_carea' id='block_1_15' title="bbox 255 1472 1752 1542">
    <p class='ocr_par' dir='ltr' id='par_1_15' title="bbox 255 1472 1752 1542">
     <span class='ocr_line' id='line_1_15' title="bbox 255 1472 1752 1542; baseline 0.002 -15"><span class='ocrx_word' id='word_1_84' title='bbox 255 1475 744 1542; x_wconf 79' lang='grc' dir='ltr'>Προσκαλέσεται</span> <span class='ocrx_word' id='word_1_85' title='bbox 763 1473 868 1528; x_wconf 76' lang='grc' dir='ltr'><strong>τὸν</strong></span> <span class='ocrx_word' id='word_1_86' title='bbox 898 1472 1157 1541; x_wconf 81' lang='grc' dir='ltr'>οὐρανὸν</span> <span class='ocrx_word' id='word_1_87' title='bbox 1175 1472 1311 1526; x_wconf 77' lang='grc' dir='ltr'>ἂνω.</span> <span class='ocrx_word' id='word_1_88' title='bbox 1333 1474 1471 1538; x_wconf 78' lang='grc' dir='ltr'>Τοὺς</span> <span class='ocrx_word' id='word_1_89' title='bbox 1496 1475 1752 1542; x_wconf 78' lang='grc' dir='ltr'><strong>δικαίους,</strong></span> 
     </span>
    </p>
   </div>
   <div class='ocr_carea' id='block_1_16' title="bbox 194 1563 1756 1638">
    <p class='ocr_par' dir='ltr' id='par_1_16' title="bbox 194 1563 1756 1638">
     <span class='ocr_line' id='line_1_16' title="bbox 194 1563 1756 1638; baseline 0.004 -22"><span class='ocrx_word' id='word_1_90' title='bbox 194 1566 336 1636; x_wconf 75' lang='grc' dir='ltr'>φησὶ,</span> <span class='ocrx_word' id='word_1_91' title='bbox 356 1565 482 1628; x_wconf 75' lang='grc' dir='ltr'>τοὺς</span> <span class='ocrx_word' id='word_1_92' title='bbox 517 1565 768 1638; x_wconf 84' lang='grc' dir='ltr'>οὐράνιον</span> <span class='ocrx_word' id='word_1_93' title='bbox 793 1563 1062 1618; x_wconf 80' lang='grc' dir='ltr'><strong>πολιτείαν</strong></span> <span class='ocrx_word' id='word_1_94' title='bbox 1089 1564 1517 1636; x_wconf 76' lang='grc' dir='ltr'>ἐπιτηδεύοντας,</span> <span class='ocrx_word' id='word_1_95' title='bbox 1545 1568 1756 1634; x_wconf 80' lang='grc' dir='ltr'><strong>συνάξει</strong></span> 
     </span>
    </p>
   </div>
   <div class='ocr_carea' id='block_1_17' title="bbox 192 1654 1757 1728">
    <p class='ocr_par' dir='ltr' id='par_1_17' title="bbox 192 1654 1757 1728">
     <span class='ocr_line' id='line_1_17' title="bbox 192 1654 1757 1728; baseline 0.002 -19"><span class='ocrx_word' id='word_1_96' title='bbox 192 1661 265 1719; x_wconf 82' lang='lat' dir='ltr'><strong>si;</strong></span> <span class='ocrx_word' id='word_1_97' title='bbox 288 1659 385 1721; x_wconf 77' lang='grc' dir='ltr'><strong>τὰς</strong></span> <span class='ocrx_word' id='word_1_98' title='bbox 417 1657 534 1711; x_wconf 85' lang='grc' dir='ltr'><strong>άνω</strong></span> <span class='ocrx_word' id='word_1_99' title='bbox 571 1658 755 1728; x_wconf 84' lang='grc' dir='ltr'>μονάς.</span> <span class='ocrx_word' id='word_1_100' title='bbox 783 1658 891 1712; x_wconf 83' lang='lat' dir='ltr'><strong>Kal</strong></span> <span class='ocrx_word' id='word_1_101' title='bbox 925 1656 1039 1722; x_wconf 82' lang='grc' dir='ltr'>τὴν</span> <span class='ocrx_word' id='word_1_102' title='bbox 1067 1654 1179 1726; x_wconf 80' lang='grc' dir='ltr'><strong>γῆν</strong></span> <span class='ocrx_word' id='word_1_103' title='bbox 1206 1657 1310 1710; x_wconf 87' lang='grc' dir='ltr'>τοῦ</span> <span class='ocrx_word' id='word_1_104' title='bbox 1340 1656 1630 1728; x_wconf 85' lang='grc' dir='ltr'>διακρῖναι</span> <span class='ocrx_word' id='word_1_105' title='bbox 1651 1659 1757 1712; x_wconf 73' lang='grc' dir='ltr'><strong>τὸν</strong></span> 
     </span>
    </p>
   </div>
   <div class='ocr_carea' id='block_1_18' title="bbox 192 1748 1756 1820">
    <p class='ocr_par' dir='ltr' id='par_1_18' title="bbox 192 1748 1756 1820">
     <span class='ocr_line' id='line_1_18' title="bbox 192 1748 1756 1820; baseline 0.001 -17"><span class='ocrx_word' id='word_1_106' title='bbox 192 1748 336 1803; x_wconf 82' lang='grc' dir='ltr'><strong>λαὸν</strong></span> <span class='ocrx_word' id='word_1_107' title='bbox 391 1750 604 1803; x_wconf 84' lang='grc' dir='ltr'>αὑτοῦ.</span> <span class='ocrx_word' id='word_1_108' title='bbox 654 1750 793 1813; x_wconf 74' lang='grc' dir='ltr'>Τοὺς</span> <span class='ocrx_word' id='word_1_109' title='bbox 852 1749 1203 1820; x_wconf 82' lang='grc' dir='ltr'>ἁμαρτωλούς</span> <span class='ocrx_word' id='word_1_110' title='bbox 1237 1765 1368 1820; x_wconf 83' lang='grc' dir='ltr'>φησι</span> <span class='ocrx_word' id='word_1_111' title='bbox 1405 1751 1497 1804; x_wconf 81' lang='grc' dir='ltr'>καὶ</span> <span class='ocrx_word' id='word_1_112' title='bbox 1551 1751 1756 1816; x_wconf 82' lang='grc' dir='ltr'>πάντας</span> 
     </span>
    </p>
   </div>
   <div class='ocr_carea' id='block_1_19' title="bbox 192 1839 1758 1916">
    <p class='ocr_par' dir='ltr' id='par_1_19' title="bbox 192 1839 1758 1916">
     <span class='ocr_line' id='line_1_19' title="bbox 192 1839 1758 1916; baseline 0.002 -23"><span class='ocrx_word' id='word_1_113' title='bbox 192 1842 305 1904; x_wconf 85' lang='grc' dir='ltr'>τοὺς</span> <span class='ocrx_word' id='word_1_114' title='bbox 334 1841 425 1892; x_wconf 78' lang='grc' dir='ltr'><strong>ἐπὶ</strong></span> <span class='ocrx_word' id='word_1_115' title='bbox 446 1842 547 1911; x_wconf 80' lang='grc' dir='ltr'>τῆς</span> <span class='ocrx_word' id='word_1_116' title='bbox 578 1842 680 1912; x_wconf 77' lang='grc' dir='ltr'>γῆς</span> <span class='ocrx_word' id='word_1_117' title='bbox 711 1841 952 1907; x_wconf 80' lang='grc' dir='ltr'>συνάξαι,</span> <span class='ocrx_word' id='word_1_118' title='bbox 1009 1841 1101 1895; x_wconf 78' lang='grc' dir='ltr'><strong>ἐπὶ</strong></span> <span class='ocrx_word' id='word_1_119' title='bbox 1145 1841 1206 1895; x_wconf 83' lang='grc' dir='ltr'><strong>τὺ</strong></span> <span class='ocrx_word' id='word_1_120' title='bbox 1230 1839 1457 1916; x_wconf 78' lang='grc' dir='ltr'>χωρίσαι</span> <span class='ocrx_word' id='word_1_121' title='bbox 1501 1843 1626 1907; x_wconf 78' lang='grc' dir='ltr'>τοὺς</span> <span class='ocrx_word' id='word_1_122' title='bbox 1680 1843 1758 1896; x_wconf 89' lang='grc' dir='ltr'>δι-</span> 
     </span>
    </p>
   </div>
   <div class='ocr_carea' id='block_1_20' title="bbox 193 1931 924 2003">
    <p class='ocr_par' dir='ltr' id='par_1_20' title="bbox 193 1931 924 2003">
     <span class='ocr_line' id='line_1_20' title="bbox 193 1931 924 2003; baseline 0.001 -19"><span class='ocrx_word' id='word_1_123' title='bbox 193 1932 366 1996; x_wconf 78' lang='grc' dir='ltr'>καίους</span> <span class='ocrx_word' id='word_1_124' title='bbox 396 1933 507 1985; x_wconf 87' lang='grc' dir='ltr'><strong>τῶν</strong></span> <span class='ocrx_word' id='word_1_125' title='bbox 542 1934 617 2003; x_wconf 79' lang='grc' dir='ltr'>μὴ</span> <span class='ocrx_word' id='word_1_126' title='bbox 655 1931 924 1985; x_wconf 75' lang='grc' dir='ltr'>τοιούτων.</span> 
     </span>
    </p>
   </div>
   <div class='ocr_carea' id='block_1_21' title="bbox 257 2021 1752 2097">
    <p class='ocr_par' dir='ltr' id='par_1_21' title="bbox 257 2021 1752 2097">
     <span class='ocr_line' id='line_1_21' title="bbox 257 2021 1752 2097; baseline 0.002 -24"><span class='ocrx_word' id='word_1_127' title='bbox 257 2021 629 2091; x_wconf 69' lang='grc' dir='ltr'><strong>Συναγάγετε</strong></span> <span class='ocrx_word' id='word_1_128' title='bbox 655 2021 814 2087; x_wconf 84' lang='grc' dir='ltr'><strong>αὐτῷ</strong></span> <span class='ocrx_word' id='word_1_129' title='bbox 842 2023 982 2088; x_wconf 85' lang='grc' dir='ltr'>τοὺς</span> <span class='ocrx_word' id='word_1_130' title='bbox 1004 2023 1212 2090; x_wconf 79' lang='grc' dir='ltr'>ὁσίους</span> <span class='ocrx_word' id='word_1_131' title='bbox 1252 2023 1461 2079; x_wconf 80' lang='grc' dir='ltr'>αὐτοῦ.</span> <span class='ocrx_word' id='word_1_132' title='bbox 1502 2025 1586 2088; x_wconf 83' lang='grc' dir='ltr'>Ὠς</span> <span class='ocrx_word' id='word_1_133' title='bbox 1618 2026 1752 2097; x_wconf 81' lang='grc' dir='ltr'>πρὸς</span> 
     </span>
    </p>
   </div>
   <div class='ocr_carea' id='block_1_22' title="bbox 193 2110 1752 2188">
    <p class='ocr_par' dir='ltr' id='par_1_22' title="bbox 193 2110 1752 2188">
     <span class='ocr_line' id='line_1_22' title="bbox 193 2110 1752 2188; baseline 0.004 -24"><span class='ocrx_word' id='word_1_134' title='bbox 193 2112 308 2175; x_wconf 82' lang='grc' dir='ltr'>τοὺς</span> <span class='ocrx_word' id='word_1_135' title='bbox 337 2112 604 2181; x_wconf 73' lang='grc' dir='ltr'><strong>ἀγγέλους</strong></span> <span class='ocrx_word' id='word_1_136' title='bbox 629 2110 658 2162; x_wconf 81' lang='grc'>6</span> <span class='ocrx_word' id='word_1_137' title='bbox 690 2113 863 2181; x_wconf 87' lang='grc' dir='ltr'>λόγος,</span> <span class='ocrx_word' id='word_1_138' title='bbox 912 2115 1051 2168; x_wconf 73' lang='grc' dir='ltr'>κατὰ</span> <span class='ocrx_word' id='word_1_139' title='bbox 1084 2115 1143 2168; x_wconf 84' lang='grc' dir='ltr'>τὸ</span> <span class='ocrx_word' id='word_1_140' title='bbox 1193 2115 1479 2188; x_wconf 74' lang='grc' dir='ltr'><strong>εἰρημένον</strong></span> <span class='ocrx_word' id='word_1_141' title='bbox 1521 2118 1626 2170; x_wconf 83' lang='grc' dir='ltr'><strong>ὑπὸ</strong></span> <span class='ocrx_word' id='word_1_142' title='bbox 1659 2117 1752 2171; x_wconf 78' lang='grc' dir='ltr'>τοῦ</span> 
     </span>
    </p>
   </div>
   <div class='ocr_carea' id='block_1_23' title="bbox 192 2207 1750 2281">
    <p class='ocr_par' dir='ltr' id='par_1_23' title="bbox 192 2207 1750 2281">
     <span class='ocr_line' id='line_1_23' title="bbox 192 2207 1750 2281; baseline 0.004 -22"><span class='ocrx_word' id='word_1_143' title='bbox 192 2207 406 2278; x_wconf 79' lang='grc' dir='ltr'>Κυρίου·</span> <span class='ocrx_word' id='word_1_144' title='bbox 479 2207 594 2261; x_wconf 77' lang='grc' dir='ltr'><strong>Καὶ</strong></span> <span class='ocrx_word' id='word_1_145' title='bbox 649 2207 974 2262; x_wconf 77' lang='grc' dir='ltr'>ἀποστελεῖ</span> <span class='ocrx_word' id='word_1_146' title='bbox 1024 2208 1164 2275; x_wconf 87' lang='grc' dir='ltr'>τοὺς</span> <span class='ocrx_word' id='word_1_147' title='bbox 1208 2209 1501 2281; x_wconf 75' lang='grc' dir='ltr'>ἀγγέλους</span> <span class='ocrx_word' id='word_1_148' title='bbox 1545 2211 1750 2272; x_wconf 85' lang='grc' dir='ltr'>αὐτοῦ.</span> 
     </span>
    </p>
   </div>
   <div class='ocr_carea' id='block_1_24' title="bbox 191 2300 1755 2372">
    <p class='ocr_par' dir='ltr' id='par_1_24' title="bbox 191 2300 1755 2372">
     <span class='ocr_line' id='line_1_24' title="bbox 191 2300 1755 2372; baseline 0.002 -17"><span class='ocrx_word' id='word_1_149' title='bbox 191 2300 281 2355; x_wconf 74' lang='grc' dir='ltr'><strong>καί</strong></span> <span class='ocrx_word' id='word_1_150' title='bbox 307 2300 652 2367; x_wconf 78' lang='grc' dir='ltr'>συνάξουσι</span> <span class='ocrx_word' id='word_1_151' title='bbox 685 2301 826 2366; x_wconf 82' lang='grc' dir='ltr'>τοὺς</span> <span class='ocrx_word' id='word_1_152' title='bbox 854 2302 1122 2369; x_wconf 82' lang='grc' dir='ltr'>δικαίους</span> <span class='ocrx_word' id='word_1_153' title='bbox 1167 2303 1236 2357; x_wconf 79' lang='grc' dir='ltr'>ἐκ</span> <span class='ocrx_word' id='word_1_154' title='bbox 1294 2302 1411 2356; x_wconf 76' lang='grc' dir='ltr'>τῶν</span> <span class='ocrx_word' id='word_1_155' title='bbox 1445 2303 1755 2372; x_wconf 73' lang='grc' dir='ltr'><strong>τεσσάρων</strong></span> 
     </span>
    </p>
   </div>
   <div class='ocr_carea' id='block_1_25' title="bbox 191 2391 1754 2464">
    <p class='ocr_par' dir='ltr' id='par_1_25' title="bbox 191 2391 1754 2464">
     <span class='ocr_line' id='line_1_25' title="bbox 191 2391 1754 2464; baseline 0.003 -18"><span class='ocrx_word' id='word_1_156' title='bbox 191 2393 416 2462; x_wconf 76' lang='grc' dir='ltr'>ἀνέμων</span> <span class='ocrx_word' id='word_1_157' title='bbox 445 2393 559 2462; x_wconf 83' lang='grc' dir='ltr'>τῆς</span> <span class='ocrx_word' id='word_1_158' title='bbox 601 2391 734 2462; x_wconf 79' lang='grc' dir='ltr'>γῆς·</span> <span class='ocrx_word' id='word_1_159' title='bbox 793 2393 932 2459; x_wconf 72' lang='grc' dir='ltr'>τοὺς</span> <span class='ocrx_word' id='word_1_160' title='bbox 980 2393 1363 2464; x_wconf 78' lang='grc' dir='ltr'>διαθεμένους</span> <span class='ocrx_word' id='word_1_161' title='bbox 1407 2395 1521 2464; x_wconf 79' lang='grc' dir='ltr'><strong>τὴν</strong></span> <span class='ocrx_word' id='word_1_162' title='bbox 1551 2395 1754 2462; x_wconf 77' lang='grc' dir='ltr'>διαθή-</span> 
     </span>
    </p>
   </div>
   <div class='ocr_carea' id='block_1_26' title="bbox 190 2484 1754 2558">
    <p class='ocr_par' dir='ltr' id='par_1_26' title="bbox 190 2484 1754 2558">
     <span class='ocr_line' id='line_1_26' title="bbox 190 2484 1754 2558; baseline 0.001 -20"><span class='ocrx_word' id='word_1_163' title='bbox 190 2500 302 2552; x_wconf 74' lang='grc' dir='ltr'>κην</span> <span class='ocrx_word' id='word_1_164' title='bbox 343 2484 536 2540; x_wconf 84' lang='grc' dir='ltr'>αὐτοῦ</span> <span class='ocrx_word' id='word_1_165' title='bbox 591 2485 688 2538; x_wconf 78' lang='grc' dir='ltr'><strong>ἐπὶ</strong></span> <span class='ocrx_word' id='word_1_166' title='bbox 729 2486 962 2552; x_wconf 82' lang='grc' dir='ltr'>θυσίας.</span> <span class='ocrx_word' id='word_1_167' title='bbox 1005 2485 1202 2550; x_wconf 80' lang='grc' dir='ltr'>Θυσίας</span> <span class='ocrx_word' id='word_1_168' title='bbox 1256 2487 1356 2552; x_wconf 81' lang='grc' dir='ltr'>τὰς</span> <span class='ocrx_word' id='word_1_169' title='bbox 1381 2488 1754 2558; x_wconf 76' lang='grc' dir='ltr'>πνευματικὰς</span> 
     </span>
    </p>
   </div>
   <div class='ocr_carea' id='block_1_27' title="bbox 191 2574 350 2644">
    <p class='ocr_par' dir='ltr' id='par_1_27' title="bbox 191 2574 350 2644">
     <span class='ocr_line' id='line_1_27' title="bbox 191 2574 350 2644; baseline 0.013 -15"><span class='ocrx_word' id='word_1_170' title='bbox 191 2574 350 2644; x_wconf 81' lang='grc' dir='ltr'>λέγει.</span> 
     </span>
    </p>
   </div>
   <div class='ocr_carea' id='block_1_28' title="bbox 251 2669 1756 2740">
    <p class='ocr_par' dir='ltr' id='par_1_28' title="bbox 251 2669 1756 2740">
     <span class='ocr_line' id='line_1_28' title="bbox 251 2669 1756 2740; baseline 0.001 -18"><span class='ocrx_word' id='word_1_171' title='bbox 251 2669 355 2722; x_wconf 79' lang='grc' dir='ltr'><strong>Καὶ</strong></span> <span class='ocrx_word' id='word_1_172' title='bbox 381 2669 837 2740; x_wconf 74' lang='grc' dir='ltr'>ἁναγγελοῦσιν</span> <span class='ocrx_word' id='word_1_173' title='bbox 866 2672 921 2722; x_wconf 91' lang='lat' dir='ltr'><strong>ol</strong></span> <span class='ocrx_word' id='word_1_174' title='bbox 949 2669 1191 2738; x_wconf 74' lang='grc' dir='ltr'>οὐρανοὶ</span> <span class='ocrx_word' id='word_1_175' title='bbox 1211 2669 1326 2738; x_wconf 72' lang='grc' dir='ltr'><strong>τὴν</strong></span> <span class='ocrx_word' id='word_1_176' title='bbox 1361 2670 1756 2739; x_wconf 73' lang='grc' dir='ltr'>δικαιοσύνην</span> 
     </span>
    </p>
   </div>
   <div class='ocr_carea' id='block_1_29' title="bbox 189 2761 1754 2834">
    <p class='ocr_par' dir='ltr' id='par_1_29' title="bbox 189 2761 1754 2834">
     <span class='ocr_line' id='line_1_29' title="bbox 189 2761 1754 2834; baseline 0.002 -21"><span class='ocrx_word' id='word_1_177' title='bbox 189 2761 384 2816; x_wconf 85' lang='grc' dir='ltr'>αὐτοῦ.</span> <span class='ocrx_word' id='word_1_178' title='bbox 405 2762 724 2829; x_wconf 76' lang='grc' dir='ltr'>Δοξάσουσι,</span> <span class='ocrx_word' id='word_1_179' title='bbox 760 2763 943 2833; x_wconf 75' lang='grc' dir='ltr'>φησὶν,</span> <span class='ocrx_word' id='word_1_180' title='bbox 967 2763 1017 2815; x_wconf 86' lang='grc' dir='ltr'>οἱ</span> <span class='ocrx_word' id='word_1_181' title='bbox 1043 2763 1261 2832; x_wconf 79' lang='grc' dir='ltr'>οὐρανοὶ</span> <span class='ocrx_word' id='word_1_182' title='bbox 1291 2761 1382 2816; x_wconf 81' lang='grc' dir='ltr'>τὸν</span> <span class='ocrx_word' id='word_1_183' title='bbox 1410 2762 1561 2826; x_wconf 79' lang='grc' dir='ltr'>Θεὸν,</span> <span class='ocrx_word' id='word_1_184' title='bbox 1591 2763 1672 2816; x_wconf 83' lang='grc' dir='ltr'>ὅτι</span> <span class='ocrx_word' id='word_1_185' title='bbox 1690 2761 1754 2834; x_wconf 79' lang='grc' dir='ltr'>δὴ</span> 
     </span>
    </p>
   </div>
   <div class='ocr_carea' id='block_1_30' title="bbox 191 2853 1751 2925">
    <p class='ocr_par' dir='ltr' id='par_1_30' title="bbox 191 2853 1751 2925">
     <span class='ocr_line' id='line_1_30' title="bbox 191 2853 1751 2925; baseline 0.003 -21"><span class='ocrx_word' id='word_1_186' title='bbox 191 2854 276 2905; x_wconf 75' lang='grc' dir='ltr'>καὶ</span> <span class='ocrx_word' id='word_1_187' title='bbox 341 2853 668 2924; x_wconf 82' lang='grc' dir='ltr'>ἀνθρώπους</span> <span class='ocrx_word' id='word_1_188' title='bbox 725 2854 835 2908; x_wconf 86' lang='grc' dir='ltr'><strong>τῶν</strong></span> <span class='ocrx_word' id='word_1_189' title='bbox 892 2855 1155 2925; x_wconf 75' lang='grc' dir='ltr'>οὐρανίων</span> <span class='ocrx_word' id='word_1_190' title='bbox 1201 2854 1488 2924; x_wconf 71' lang='grc' dir='ltr'>διατριϐῶν</span> <span class='ocrx_word' id='word_1_191' title='bbox 1533 2854 1751 2925; x_wconf 65' lang='grc' dir='ltr'>ἠξίωσε.</span> 
     </span>
    </p>
   </div>
   <div class='ocr_carea' id='block_1_31' title="bbox 191 2942 1753 3014">
    <p class='ocr_par' dir='ltr' id='par_1_31' title="bbox 191 2942 1753 3014">
     <span class='ocr_line' id='line_1_31' title="bbox 191 2942 1753 3014; baseline 0.001 -17"><span class='ocrx_word' id='word_1_192' title='bbox 191 2942 536 3012; x_wconf 80' lang='lat' dir='ltr'><strong>(Corderius.)</strong></span> <span class='ocrx_word' id='word_1_193' title='bbox 567 2945 822 2998; x_wconf 85' lang='grc' dir='ltr'>Βούλεται</span> <span class='ocrx_word' id='word_1_194' title='bbox 843 2944 970 3006; x_wconf 77' lang='grc' dir='ltr'>τοὺς</span> <span class='ocrx_word' id='word_1_195' title='bbox 1001 2943 1178 3006; x_wconf 84' lang='grc' dir='ltr'>ὁσίους</span> <span class='ocrx_word' id='word_1_196' title='bbox 1200 2943 1293 2996; x_wconf 85' lang='grc' dir='ltr'>τοῦ</span> <span class='ocrx_word' id='word_1_197' title='bbox 1338 2944 1600 3014; x_wconf 85' lang='grc' dir='ltr'>πρότερον</span> <span class='ocrx_word' id='word_1_198' title='bbox 1628 2945 1753 2999; x_wconf 75' lang='grc' dir='ltr'>λαοῦ</span> 
     </span>
    </p>
   </div>
   <div class='ocr_carea' id='block_1_32' title="bbox 189 3032 1756 3106">
    <p class='ocr_par' dir='ltr' id='par_1_32' title="bbox 189 3032 1756 3106">
     <span class='ocr_line' id='line_1_32' title="bbox 189 3032 1756 3106; baseline 0.001 -20"><span class='ocrx_word' id='word_1_199' title='bbox 189 3035 288 3104; x_wconf 79' lang='grc' dir='ltr'>πρὸ</span> <span class='ocrx_word' id='word_1_200' title='bbox 335 3035 433 3106; x_wconf 79' lang='grc' dir='ltr'>τῆς</span> <span class='ocrx_word' id='word_1_201' title='bbox 466 3035 766 3106; x_wconf 80' lang='grc' dir='ltr'>μελλούσης</span> <span class='ocrx_word' id='word_1_202' title='bbox 803 3034 1036 3105; x_wconf 86' lang='grc' dir='ltr'>κρίσεως</span> <span class='ocrx_word' id='word_1_203' title='bbox 1060 3032 1263 3086; x_wconf 84' lang='grc' dir='ltr'>παῦσαι</span> <span class='ocrx_word' id='word_1_204' title='bbox 1313 3034 1412 3097; x_wconf 82' lang='grc' dir='ltr'>τῆς</span> <span class='ocrx_word' id='word_1_205' title='bbox 1436 3035 1626 3099; x_wconf 84' lang='grc' dir='ltr'>θυσίας</span> <span class='ocrx_word' id='word_1_206' title='bbox 1658 3036 1756 3106; x_wconf 79' lang='grc' dir='ltr'>τῆς</span> 
     </span>
    </p>
   </div>
   <div class='ocr_carea' id='block_1_33' title="bbox 189 3126 1753 3199">
    <p class='ocr_par' dir='ltr' id='par_1_33' title="bbox 189 3126 1753 3199">
     <span class='ocr_line' id='line_1_33' title="bbox 189 3126 1753 3199; baseline 0.001 -19"><span class='ocrx_word' id='word_1_207' title='bbox 189 3127 267 3181; x_wconf 74' lang='grc' dir='ltr'><strong>διά</strong></span> <span class='ocrx_word' id='word_1_208' title='bbox 296 3127 404 3180; x_wconf 87' lang='grc' dir='ltr'><strong>τῶν</strong></span> <span class='ocrx_word' id='word_1_209' title='bbox 431 3128 649 3197; x_wconf 81' lang='grc' dir='ltr'>ἀλόγων</span> <span class='ocrx_word' id='word_1_210' title='bbox 679 3128 830 3192; x_wconf 76' lang='grc' dir='ltr'>ζώων</span> <span class='ocrx_word' id='word_1_211' title='bbox 875 3127 1108 3198; x_wconf 84' lang='grc' dir='ltr'>σφαγῆς,</span> <span class='ocrx_word' id='word_1_212' title='bbox 1158 3126 1443 3181; x_wconf 76' lang='grc' dir='ltr'>ἀναλαϐεῖν</span> <span class='ocrx_word' id='word_1_213' title='bbox 1478 3128 1577 3199; x_wconf 73' lang='grc' dir='ltr'>τὴν</span> <span class='ocrx_word' id='word_1_214' title='bbox 1636 3129 1753 3182; x_wconf 85' lang='grc' dir='ltr'>κατ’</span> 
     </span>
    </p>
   </div>
   <div class='ocr_carea' id='block_1_34' title="bbox 189 3216 1756 3289">
    <p class='ocr_par' dir='ltr' id='par_1_34' title="bbox 189 3216 1756 3289">
     <span class='ocr_line' id='line_1_34' title="bbox 189 3216 1756 3289; baseline 0.002 -21"><span class='ocrx_word' id='word_1_215' title='bbox 189 3218 489 3289; x_wconf 67' lang='grc' dir='ltr'>ἐπιστήμην</span> <span class='ocrx_word' id='word_1_216' title='bbox 514 3218 611 3272; x_wconf 81' lang='grc' dir='ltr'>καὶ</span> <span class='ocrx_word' id='word_1_217' title='bbox 637 3216 855 3286; x_wconf 83' lang='grc' dir='ltr'>γνῶσιν.</span> <span class='ocrx_word' id='word_1_218' title='bbox 906 3217 1026 3270; x_wconf 81' lang='grc' dir='ltr'><strong>Ἐπὶ</strong></span> <span class='ocrx_word' id='word_1_219' title='bbox 1082 3216 1138 3268; x_wconf 81' lang='grc' dir='ltr'>δὲ</span> <span class='ocrx_word' id='word_1_220' title='bbox 1177 3216 1384 3280; x_wconf 84' lang='grc' dir='ltr'>τούτοις</span> <span class='ocrx_word' id='word_1_221' title='bbox 1429 3216 1520 3270; x_wconf 82' lang='grc' dir='ltr'>τὸν</span> <span class='ocrx_word' id='word_1_222' title='bbox 1567 3217 1756 3289; x_wconf 84' lang='grc' dir='ltr'>κριτὴν</span> 
     </span>
    </p>
   </div>
   <div class='ocr_carea' id='block_1_35' title="bbox 189 3307 1756 3382">
    <p class='ocr_par' dir='ltr' id='par_1_35' title="bbox 189 3307 1756 3382">
     <span class='ocr_line' id='line_1_35' title="bbox 189 3307 1756 3382; baseline 0 -20"><span class='ocrx_word' id='word_1_223' title='bbox 189 3311 240 3362; x_wconf 79' lang='grc' dir='ltr'>αἱ</span> <span class='ocrx_word' id='word_1_224' title='bbox 272 3311 518 3382; x_wconf 78' lang='grc' dir='ltr'>οὐράνιαι</span> <span class='ocrx_word' id='word_1_225' title='bbox 544 3309 800 3379; x_wconf 76' lang='grc' dir='ltr'>δυνάμεις</span> <span class='ocrx_word' id='word_1_226' title='bbox 830 3307 1172 3376; x_wconf 80' lang='grc' dir='ltr'>άνυμνοῦσιν,</span> <span class='ocrx_word' id='word_1_227' title='bbox 1198 3308 1279 3360; x_wconf 83' lang='grc' dir='ltr'>ὅτι</span> <span class='ocrx_word' id='word_1_228' title='bbox 1330 3308 1437 3360; x_wconf 81' lang='grc' dir='ltr'>ἀπὸ</span> <span class='ocrx_word' id='word_1_229' title='bbox 1461 3308 1569 3361; x_wconf 91' lang='grc' dir='ltr'><strong>τῶν</strong></span> <span class='ocrx_word' id='word_1_230' title='bbox 1595 3309 1756 3362; x_wconf 85' lang='grc' dir='ltr'>ὁσίων</span> 
     </span>
    </p>
   </div>
   <div class='ocr_carea' id='block_1_36' title="bbox 189 3397 1758 3472">
    <p class='ocr_par' dir='ltr' id='par_1_36' title="bbox 189 3397 1758 3472">
     <span class='ocr_line' id='line_1_36' title="bbox 189 3397 1758 3472; baseline -0.001 -18"><span class='ocrx_word' id='word_1_231' title='bbox 189 3402 509 3472; x_wconf 74' lang='grc' dir='ltr'>κατήρξατο,</span> <span class='ocrx_word' id='word_1_232' title='bbox 524 3400 680 3453; x_wconf 73' lang='grc' dir='ltr'>καὶοί</span> <span class='ocrx_word' id='word_1_233' title='bbox 705 3399 922 3470; x_wconf 73' lang='grc' dir='ltr'>οὐρανοὶ</span> <span class='ocrx_word' id='word_1_234' title='bbox 953 3397 1322 3466; x_wconf 80' lang='grc' dir='ltr'>διαγγέλλουσι</span> <span class='ocrx_word' id='word_1_235' title='bbox 1355 3397 1451 3470; x_wconf 79' lang='grc' dir='ltr'>τὴν</span> <span class='ocrx_word' id='word_1_236' title='bbox 1487 3399 1758 3452; x_wconf 80' lang='grc' dir='ltr'>δικαιοσύ-</span> 
     </span>
    </p>
   </div>
   <div class='ocr_carea' id='block_1_37' title="bbox 190 3487 1756 3561">
    <p class='ocr_par' dir='ltr' id='par_1_37' title="bbox 190 3487 1756 3561">
     <span class='ocr_line' id='line_1_37' title="bbox 190 3487 1756 3561; baseline -0.002 -16"><span class='ocrx_word' id='word_1_237' title='bbox 190 3507 279 3560; x_wconf 82' lang='grc' dir='ltr'><strong>νην</strong></span> <span class='ocrx_word' id='word_1_238' title='bbox 302 3490 489 3554; x_wconf 74' lang='grc' dir='ltr'>αὑτοῦ,</span> <span class='ocrx_word' id='word_1_239' title='bbox 534 3489 917 3561; x_wconf 82' lang='grc' dir='ltr'>συγχαίροντες</span> <span class='ocrx_word' id='word_1_240' title='bbox 956 3487 1134 3542; x_wconf 73' lang='grc' dir='ltr'>αὐτῶν</span> <span class='ocrx_word' id='word_1_241' title='bbox 1175 3491 1240 3559; x_wconf 76' lang='grc' dir='ltr'><strong>τῇ</strong></span> <span class='ocrx_word' id='word_1_242' title='bbox 1281 3489 1542 3560; x_wconf 79' lang='grc' dir='ltr'>σωτηρίᾳ.</span> <span class='ocrx_word' id='word_1_243' title='bbox 1590 3489 1665 3543; x_wconf 78' lang='grc' dir='ltr'>Τὸ</span> <span class='ocrx_word' id='word_1_244' title='bbox 1697 3489 1756 3544; x_wconf 64' lang='grc' dir='ltr'>δὲ</span> 
     </span>
    </p>
   </div>
   <div class='ocr_carea' id='block_1_38' title="bbox 190 3579 1756 3653">
    <p class='ocr_par' dir='ltr' id='par_1_38' title="bbox 190 3579 1756 3653">
     <span class='ocr_line' id='line_1_38' title="bbox 190 3579 1756 3653; baseline -0.001 -19"><span class='ocrx_word' id='word_1_245' title='bbox 190 3583 280 3652; x_wconf 80' lang='grc' dir='ltr'>τῆς</span> <span class='ocrx_word' id='word_1_246' title='bbox 311 3584 413 3653; x_wconf 79' lang='grc' dir='ltr'>γῆς</span> <span class='ocrx_word' id='word_1_247' title='bbox 472 3582 788 3652; x_wconf 72' lang='grc' dir='ltr'>οἰκητήριον</span> <span class='ocrx_word' id='word_1_248' title='bbox 819 3579 897 3650; x_wconf 77' lang='grc' dir='ltr'>τῷ</span> <span class='ocrx_word' id='word_1_249' title='bbox 960 3581 1033 3652; x_wconf 81' lang='grc' dir='ltr'>μὴ</span> <span class='ocrx_word' id='word_1_250' title='bbox 1085 3580 1182 3650; x_wconf 77' lang='grc' dir='ltr'>τῆς</span> <span class='ocrx_word' id='word_1_251' title='bbox 1233 3580 1484 3650; x_wconf 74' lang='grc' dir='ltr'>οὐρανίου</span> <span class='ocrx_word' id='word_1_252' title='bbox 1515 3580 1756 3653; x_wconf 83' lang='grc' dir='ltr'>κλήσεως</span> 
     </span>
    </p>
   </div>
   <div class='ocr_carea' id='block_1_39' title="bbox 191 3670 1757 3744">
    <p class='ocr_par' dir='ltr' id='par_1_39' title="bbox 191 3670 1757 3744">
     <span class='ocr_line' id='line_1_39' title="bbox 191 3670 1757 3744; baseline -0.003 -15"><span class='ocrx_word' id='word_1_253' title='bbox 191 3673 470 3744; x_wconf 63' lang='grc' dir='ltr'>ἡξιωμὲνῳ</span> <span class='ocrx_word' id='word_1_254' title='bbox 502 3673 741 3741; x_wconf 75' lang='grc' dir='ltr'>τάγματι</span> <span class='ocrx_word' id='word_1_255' title='bbox 764 3670 1233 3742; x_wconf 76' lang='grc' dir='ltr'>καταληφθήσεται</span> <span class='ocrx_word' id='word_1_256' title='bbox 1261 3671 1360 3740; x_wconf 83' lang='grc' dir='ltr'>(α).</span> <span class='ocrx_word' id='word_1_257' title='bbox 1393 3671 1520 3724; x_wconf 85' lang='grc' dir='ltr'>Ὅτι</span> <span class='ocrx_word' id='word_1_258' title='bbox 1550 3674 1581 3724; x_wconf 88' lang='grc' dir='ltr'><strong><em>ό</em></strong></span> <span class='ocrx_word' id='word_1_259' title='bbox 1615 3671 1757 3736; x_wconf 82' lang='grc' dir='ltr'>Θεὸς</span> 
     </span>
    </p>
   </div>
   <div class='ocr_carea' id='block_1_40' title="bbox 191 3760 1754 3833">
    <p class='ocr_par' dir='ltr' id='par_1_40' title="bbox 191 3760 1754 3833">
     <span class='ocr_line' id='line_1_40' title="bbox 191 3760 1754 3833; baseline -0.004 -15"><span class='ocrx_word' id='word_1_260' title='bbox 191 3765 386 3833; x_wconf 82' lang='grc' dir='ltr'>κριτής</span> <span class='ocrx_word' id='word_1_261' title='bbox 407 3765 602 3819; x_wconf 76' lang='grc' dir='ltr'>ἐστιν.</span> <span class='ocrx_word' id='word_1_262' title='bbox 645 3761 906 3816; x_wconf 83' lang='grc' dir='ltr'>Ἐνταῦθα</span> <span class='ocrx_word' id='word_1_263' title='bbox 929 3761 1208 3833; x_wconf 80' lang='grc' dir='ltr'>προδήλως</span> <span class='ocrx_word' id='word_1_264' title='bbox 1240 3762 1329 3813; x_wconf 86' lang='grc' dir='ltr'>τὸν</span> <span class='ocrx_word' id='word_1_265' title='bbox 1359 3761 1591 3833; x_wconf 82' lang='grc' dir='ltr'>Χριστὸν</span> <span class='ocrx_word' id='word_1_266' title='bbox 1611 3760 1754 3828; x_wconf 80' lang='grc' dir='ltr'>λέγει</span> 
     </span>
    </p>
   </div>
   <div class='ocr_carea' id='block_1_41' title="bbox 190 3851 1755 3926">
    <p class='ocr_par' dir='ltr' id='par_1_41' title="bbox 190 3851 1755 3926">
     <span class='ocr_line' id='line_1_41' title="bbox 190 3851 1755 3926; baseline -0.005 -16"><span class='ocrx_word' id='word_1_267' title='bbox 190 3856 329 3910; x_wconf 78' lang='grc' dir='ltr'>Θεὸν·</span> <span class='ocrx_word' id='word_1_268' title='bbox 356 3858 539 3911; x_wconf 78' lang='grc' dir='ltr'>πᾶσαν</span> <span class='ocrx_word' id='word_1_269' title='bbox 569 3853 678 3926; x_wconf 70' lang='grc' dir='ltr'><strong>γάρ</strong></span> <span class='ocrx_word' id='word_1_270' title='bbox 723 3854 821 3925; x_wconf 77' lang='grc' dir='ltr'>τὴν</span> <span class='ocrx_word' id='word_1_271' title='bbox 878 3853 1056 3922; x_wconf 84' lang='grc' dir='ltr'>κρίσιν</span> <span class='ocrx_word' id='word_1_272' title='bbox 1098 3851 1328 3906; x_wconf 81' lang='grc' dir='ltr'>δέδωκεν</span> <span class='ocrx_word' id='word_1_273' title='bbox 1378 3855 1407 3905; x_wconf 86' lang='grc' dir='ltr'>ὁ</span> <span class='ocrx_word' id='word_1_274' title='bbox 1466 3851 1654 3922; x_wconf 83' lang='grc' dir='ltr'>Πατὴρ</span> <span class='ocrx_word' id='word_1_275' title='bbox 1681 3851 1755 3921; x_wconf 82' lang='grc' dir='ltr'>τῷ</span> 
     </span>
    </p>
   </div>
   <div class='ocr_carea' id='block_1_42' title="bbox 193 3941 1754 4020">
    <p class='ocr_par' dir='ltr' id='par_1_42' title="bbox 193 3941 1754 4020">
     <span class='ocr_line' id='line_1_42' title="bbox 193 3941 1754 4020; baseline -0.004 -20"><span class='ocrx_word' id='word_1_276' title='bbox 193 3947 316 4020; x_wconf 79' lang='grc' dir='ltr'>Υίῷ.</span> <span class='ocrx_word' id='word_1_277' title='bbox 362 3948 480 4003; x_wconf 76' lang='grc' dir='ltr'><strong>Καὶ</strong></span> <span class='ocrx_word' id='word_1_278' title='bbox 531 3949 580 4000; x_wconf 79' lang='grc' dir='ltr'><strong>εί</strong></span> <span class='ocrx_word' id='word_1_279' title='bbox 631 3948 808 4000; x_wconf 81' lang='grc' dir='ltr'>πᾶσαν</span> <span class='ocrx_word' id='word_1_280' title='bbox 848 3945 946 4016; x_wconf 80' lang='grc' dir='ltr'><strong>τὴν</strong></span> <span class='ocrx_word' id='word_1_281' title='bbox 999 3945 1180 4016; x_wconf 86' lang='grc' dir='ltr'>κρίσιν</span> <span class='ocrx_word' id='word_1_282' title='bbox 1224 3943 1450 3997; x_wconf 82' lang='grc' dir='ltr'>δέδωκεν</span> <span class='ocrx_word' id='word_1_283' title='bbox 1496 3945 1524 3996; x_wconf 88' lang='grc' dir='ltr'>ὁ</span> <span class='ocrx_word' id='word_1_284' title='bbox 1569 3941 1754 4013; x_wconf 73' lang='grc' dir='ltr'>Πατὴρ</span> 
     </span>
    </p>
   </div>
   <div class='ocr_carea' id='block_1_43' title="bbox 192 4035 1750 4111">
    <p class='ocr_par' dir='ltr' id='par_1_43' title="bbox 192 4035 1750 4111">
     <span class='ocr_line' id='line_1_43' title="bbox 192 4035 1750 4111; baseline -0.002 -19"><span class='ocrx_word' id='word_1_285' title='bbox 192 4038 260 4110; x_wconf 80' lang='grc' dir='ltr'><strong>τῷ</strong></span> <span class='ocrx_word' id='word_1_286' title='bbox 293 4040 474 4111; x_wconf 82' lang='grc' dir='ltr'>Υίῷ,6</span> <span class='ocrx_word' id='word_1_287' title='bbox 502 4039 559 4094; x_wconf 79' lang='grc' dir='ltr'>δὲ</span> <span class='ocrx_word' id='word_1_288' title='bbox 580 4038 712 4101; x_wconf 74' lang='grc' dir='ltr'>Θεὸς</span> <span class='ocrx_word' id='word_1_289' title='bbox 745 4038 935 4108; x_wconf 79' lang='grc' dir='ltr'>κριτής</span> <span class='ocrx_word' id='word_1_290' title='bbox 962 4039 1094 4090; x_wconf 64' lang='grc' dir='ltr'>ἐστι·</span> <span class='ocrx_word' id='word_1_291' title='bbox 1121 4036 1251 4099; x_wconf 86' lang='grc' dir='ltr'>Θεός</span> <span class='ocrx_word' id='word_1_292' title='bbox 1279 4038 1423 4089; x_wconf 70' lang='grc' dir='ltr'>ἐστιν</span> <span class='ocrx_word' id='word_1_293' title='bbox 1451 4037 1480 4089; x_wconf 82' lang='grc' dir='ltr'><strong>ὁ</strong></span> <span class='ocrx_word' id='word_1_294' title='bbox 1505 4035 1750 4106; x_wconf 87' lang='grc' dir='ltr'>Χριστός.</span> 
     </span>
    </p>
   </div>
   <div class='ocr_carea' id='block_1_44' title="bbox 259 4126 1754 4198">
    <p class='ocr_par' dir='ltr' id='par_1_44' title="bbox 259 4126 1754 4198">
     <span class='ocr_line' id='line_1_44' title="bbox 259 4126 1754 4198; baseline -0.005 -12"><span class='ocrx_word' id='word_1_295' title='bbox 259 4135 576 4193; x_wconf 79' lang='grc' dir='ltr'>Ἄκουσον,</span> <span class='ocrx_word' id='word_1_296' title='bbox 609 4130 758 4196; x_wconf 84' lang='grc' dir='ltr'><strong>λαός</strong></span> <span class='ocrx_word' id='word_1_297' title='bbox 775 4146 914 4198; x_wconf 84' lang='grc' dir='ltr'>μου,</span> <span class='ocrx_word' id='word_1_298' title='bbox 968 4128 1066 4181; x_wconf 74' lang='grc' dir='ltr'>καὶ</span> <span class='ocrx_word' id='word_1_299' title='bbox 1105 4126 1357 4194; x_wconf 82' lang='grc' dir='ltr'>λαλήσω</span> <span class='ocrx_word' id='word_1_300' title='bbox 1380 4141 1499 4181; x_wconf 90' lang='grc' dir='ltr'>σοι.</span> <span class='ocrx_word' id='word_1_301' title='bbox 1541 4126 1754 4191; x_wconf 77' lang='grc' dir='ltr'>Καινῶς</span> 
     </span>
    </p>
   </div>
   <div class='ocr_carea' id='block_1_45' title="bbox 193 4219 1755 4294">
    <p class='ocr_par' dir='ltr' id='par_1_45' title="bbox 193 4219 1755 4294">
     <span class='ocr_line' id='line_1_45' title="bbox 193 4219 1755 4294; baseline -0.006 -16"><span class='ocrx_word' id='word_1_302' title='bbox 193 4222 505 4294; x_wconf 67' lang='grc' dir='ltr'>νομοθεσίας</span> <span class='ocrx_word' id='word_1_303' title='bbox 561 4219 866 4291; x_wconf 71' lang='grc' dir='ltr'>εἰσαγωγὴν</span> <span class='ocrx_word' id='word_1_304' title='bbox 915 4219 1254 4291; x_wconf 80' lang='grc' dir='ltr'>ποιούμενος,</span> <span class='ocrx_word' id='word_1_305' title='bbox 1317 4219 1402 4271; x_wconf 82' lang='grc' dir='ltr'>ἵνα</span> <span class='ocrx_word' id='word_1_306' title='bbox 1449 4219 1521 4289; x_wconf 82' lang='grc' dir='ltr'>μή</span> <span class='ocrx_word' id='word_1_307' title='bbox 1555 4235 1636 4281; x_wconf 89' lang='grc' dir='ltr'><strong>τις</strong></span> <span class='ocrx_word' id='word_1_308' title='bbox 1665 4219 1755 4270; x_wconf 83' lang='grc' dir='ltr'><strong>ἁν-</strong></span> 
     </span>
    </p>
   </div>
   <div class='ocr_carea' id='block_1_46' title="bbox 193 4308 1753 4389">
    <p class='ocr_par' dir='ltr' id='par_1_46' title="bbox 193 4308 1753 4389">
     <span class='ocr_line' id='line_1_46' title="bbox 193 4308 1753 4389; baseline -0.006 -21"><span class='ocrx_word' id='word_1_309' title='bbox 193 4315 450 4389; x_wconf 82' lang='grc' dir='ltr'>θρὼπινον</span> <span class='ocrx_word' id='word_1_310' title='bbox 509 4314 599 4368; x_wconf 81' lang='grc' dir='ltr'>τὸν</span> <span class='ocrx_word' id='word_1_311' title='bbox 644 4313 800 4381; x_wconf 87' lang='grc' dir='ltr'>λόγον</span> <span class='ocrx_word' id='word_1_312' title='bbox 859 4313 893 4383; x_wconf 73' lang='grc' dir='ltr'><strong>ἡ</strong></span> <span class='ocrx_word' id='word_1_313' title='bbox 946 4329 1086 4374; x_wconf 87' lang='grc' dir='ltr'>τινος</span> <span class='ocrx_word' id='word_1_314' title='bbox 1133 4310 1428 4381; x_wconf 88' lang='grc' dir='ltr'>ἀγγελικῆς</span> <span class='ocrx_word' id='word_1_315' title='bbox 1476 4308 1753 4378; x_wconf 80' lang='grc' dir='ltr'>δυνάμεως</span> 
     </span>
    </p>
   </div>
   <div class='ocr_carea' id='block_1_47' title="bbox 195 4401 1750 4478">
    <p class='ocr_par' dir='ltr' id='par_1_47' title="bbox 195 4401 1750 4478">
     <span class='ocr_line' id='line_1_47' title="bbox 195 4401 1750 4478; baseline -0.006 -15"><span class='ocrx_word' id='word_1_316' title='bbox 195 4409 464 4468; x_wconf 74' lang='grc' dir='ltr'>ὑπολάϐοι.</span> <span class='ocrx_word' id='word_1_317' title='bbox 507 4406 797 4478; x_wconf 81' lang='grc' dir='ltr'>προτάττει</span> <span class='ocrx_word' id='word_1_318' title='bbox 845 4405 926 4467; x_wconf 77' lang='grc' dir='ltr'><strong>τὸ,</strong></span> <span class='ocrx_word' id='word_1_319' title='bbox 964 4405 1027 4458; x_wconf 89' lang='lat'><strong>&#39;0</strong></span> <span class='ocrx_word' id='word_1_320' title='bbox 1051 4403 1192 4469; x_wconf 74' lang='grc' dir='ltr'>Θεὸς</span> <span class='ocrx_word' id='word_1_321' title='bbox 1219 4406 1251 4456; x_wconf 89' lang='grc' dir='ltr'><strong><em>ό</em></strong></span> <span class='ocrx_word' id='word_1_322' title='bbox 1293 4403 1436 4468; x_wconf 83' lang='grc' dir='ltr'>Θεός</span> <span class='ocrx_word' id='word_1_323' title='bbox 1473 4401 1586 4454; x_wconf 86' lang='grc' dir='ltr'>σού</span> <span class='ocrx_word' id='word_1_324' title='bbox 1639 4403 1750 4469; x_wconf 73' lang='grc' dir='ltr'>ειμι</span> 
     </span>
    </p>
   </div>
   <div class='ocr_carea' id='block_1_48' title="bbox 196 4487 1754 4566">
    <p class='ocr_par' dir='ltr' id='par_1_48' title="bbox 196 4487 1754 4566">
     <span class='ocr_line' id='line_1_48' title="bbox 196 4487 1754 4566; baseline -0.005 -15"><span class='ocrx_word' id='word_1_325' title='bbox 196 4498 314 4566; x_wconf 65' lang='grc' dir='ltr'>ἐγώ.</span> <span class='ocrx_word' id='word_1_326' title='bbox 353 4499 417 4551; x_wconf 80' lang='grc' dir='ltr'><strong>Ἦ</strong></span> <span class='ocrx_word' id='word_1_327' title='bbox 442 4497 502 4550; x_wconf 78' lang='grc' dir='ltr'>δὲ</span> <span class='ocrx_word' id='word_1_328' title='bbox 529 4495 733 4548; x_wconf 82' lang='grc' dir='ltr'>διάνοια</span> <span class='ocrx_word' id='word_1_329' title='bbox 755 4492 912 4564; x_wconf 73' lang='grc' dir='ltr'>αὕτη·</span> <span class='ocrx_word' id='word_1_330' title='bbox 943 4495 1032 4565; x_wconf 81' lang='grc' dir='ltr'><strong>Μὴ</strong></span> <span class='ocrx_word' id='word_1_331' title='bbox 1069 4491 1254 4563; x_wconf 74' lang='grc' dir='ltr'>νόμιζε</span> <span class='ocrx_word' id='word_1_332' title='bbox 1280 4493 1462 4562; x_wconf 73' lang='grc' dir='ltr'>ἕτερον</span> <span class='ocrx_word' id='word_1_333' title='bbox 1501 4487 1636 4544; x_wconf 75' lang='grc' dir='ltr'>εἷναί</span> <span class='ocrx_word' id='word_1_334' title='bbox 1665 4509 1754 4562; x_wconf 86' lang='grc' dir='ltr'><strong>με,</strong></span> 
     </span>
    </p>
   </div>
   <div class='ocr_carea' id='block_1_49' title="bbox 1858 651 3405 722">
    <p class='ocr_par' dir='ltr' id='par_1_49' title="bbox 1858 651 3405 722">
     <span class='ocr_line' id='line_1_49' title="bbox 1858 651 3405 722; baseline 0.001 -14"><span class='ocrx_word' id='word_1_335' title='bbox 1858 657 1992 708; x_wconf 82' lang='lat' dir='ltr'><strong>ritus</strong></span> <span class='ocrx_word' id='word_1_336' title='bbox 2023 655 2075 707; x_wconf 89' lang='lat' dir='ltr'><strong>in</strong></span> <span class='ocrx_word' id='word_1_337' title='bbox 2100 653 2448 706; x_wconf 73' lang='lat' dir='ltr'><strong>ministerium</strong></span> <span class='ocrx_word' id='word_1_338' title='bbox 2471 653 2615 704; x_wconf 90' lang='lat' dir='ltr'><strong>missi</strong></span> <span class='ocrx_word' id='word_1_339' title='bbox 2645 662 2854 720; x_wconf 87' lang='lat' dir='ltr'><strong>propter</strong></span> <span class='ocrx_word' id='word_1_340' title='bbox 2878 668 2964 705; x_wconf 87' lang='lat' dir='ltr'><strong>eos</strong></span> <span class='ocrx_word' id='word_1_341' title='bbox 2990 653 3078 722; x_wconf 86' lang='lat' dir='ltr'><strong>qui</strong></span> <span class='ocrx_word' id='word_1_342' title='bbox 3127 651 3405 708; x_wconf 71' lang='lat' dir='ltr'><strong>lia-redita-</strong></span> 
     </span>
    </p>
   </div>
   <div class='ocr_carea' id='block_1_50' title="bbox 1858 738 3400 810">
    <p class='ocr_par' dir='ltr' id='par_1_50' title="bbox 1858 738 3400 810">
     <span class='ocr_line' id='line_1_50' title="bbox 1858 738 3400 810; baseline -0.001 -12"><span class='ocrx_word' id='word_1_343' title='bbox 1858 756 1961 799; x_wconf 89' lang='lat' dir='ltr'><strong>tem</strong></span> <span class='ocrx_word' id='word_1_344' title='bbox 1987 744 2190 810; x_wconf 86' lang='lat' dir='ltr'><strong>capturi</strong></span> <span class='ocrx_word' id='word_1_345' title='bbox 2216 751 2337 795; x_wconf 87' lang='lat' dir='ltr'><strong>sunt</strong></span> <span class='ocrx_word' id='word_1_346' title='bbox 2361 741 2596 794; x_wconf 86' lang='lat' dir='ltr'><strong>salutis?</strong></span> <span class='ocrx_word' id='word_1_347' title='bbox 2651 738 2763 794; x_wconf 85' lang='lat' dir='ltr'><strong>Hoc</strong></span> <span class='ocrx_word' id='word_1_348' title='bbox 2802 740 2926 793; x_wconf 82' lang='lat' dir='ltr'><strong>item</strong></span> <span class='ocrx_word' id='word_1_349' title='bbox 2957 741 3211 794; x_wconf 79' lang='lat' dir='ltr'><strong>indicavit</strong></span> <span class='ocrx_word' id='word_1_350' title='bbox 3253 743 3400 796; x_wconf 80' lang='lat' dir='ltr'><strong>scala</strong></span> 
     </span>
    </p>
   </div>
   <div class='ocr_carea' id='block_1_51' title="bbox 1855 831 3401 905">
    <p class='ocr_par' dir='ltr' id='par_1_51' title="bbox 1855 831 3401 905">
     <span class='ocr_line' id='line_1_51' title="bbox 1855 831 3401 905; baseline 0 -17"><span class='ocrx_word' id='word_1_351' title='bbox 1855 833 2186 905; x_wconf 73' lang='lat' dir='ltr'><strong>quam,vidit</strong></span> <span class='ocrx_word' id='word_1_352' title='bbox 2229 831 2395 886; x_wconf 80' lang='lat' dir='ltr'><strong>Jacob</strong></span> <span class='ocrx_word' id='word_1_353' title='bbox 2419 847 2449 885; x_wconf 92' lang='lat' dir='ltr'><strong>a</strong></span> <span class='ocrx_word' id='word_1_354' title='bbox 2475 843 2613 886; x_wconf 87' lang='lat' dir='ltr'><strong>terra</strong></span> <span class='ocrx_word' id='word_1_355' title='bbox 2651 833 2715 885; x_wconf 87' lang='lat' dir='ltr'><strong>ad</strong></span> <span class='ocrx_word' id='word_1_356' title='bbox 2763 833 2958 886; x_wconf 63' lang='lat' dir='ltr'><strong>coelum</strong></span> <span class='ocrx_word' id='word_1_357' title='bbox 2987 835 3401 903; x_wconf 84' lang='lat' dir='ltr'><strong>pertingentem,</strong></span> 
     </span>
    </p>
   </div>
   <div class='ocr_carea' id='block_1_52' title="bbox 1856 923 3406 997">
    <p class='ocr_par' dir='ltr' id='par_1_52' title="bbox 1856 923 3406 997">
     <span class='ocr_line' id='line_1_52' title="bbox 1856 923 3406 997; baseline -0.002 -14"><span class='ocrx_word' id='word_1_358' title='bbox 1856 943 2018 997; x_wconf 82' lang='lat' dir='ltr'><strong>super</strong></span> <span class='ocrx_word' id='word_1_359' title='bbox 2049 942 2156 997; x_wconf 92' lang='lat' dir='ltr'><strong>qua</strong></span> <span class='ocrx_word' id='word_1_360' title='bbox 2217 927 2442 978; x_wconf 85' lang='lat' dir='ltr'><strong>ﬁrmiter</strong></span> <span class='ocrx_word' id='word_1_361' title='bbox 2483 925 2814 980; x_wconf 74' lang='lat' dir='ltr'><strong>consistebat</strong></span> <span class='ocrx_word' id='word_1_362' title='bbox 2870 923 3151 986; x_wconf 80' lang='lat' dir='ltr'><strong>Dominus,</strong></span> <span class='ocrx_word' id='word_1_363' title='bbox 3201 927 3406 996; x_wconf 78' lang='lat' dir='ltr'><strong>angelis</strong></span> 
     </span>
    </p>
   </div>
   <div class='ocr_carea' id='block_1_53' title="bbox 1855 1015 3405 1085">
    <p class='ocr_par' dir='ltr' id='par_1_53' title="bbox 1855 1015 3405 1085">
     <span class='ocr_line' id='line_1_53' title="bbox 1855 1015 3405 1085; baseline -0.001 -12"><span class='ocrx_word' id='word_1_364' title='bbox 1855 1034 2073 1074; x_wconf 83' lang='lat' dir='ltr'><strong>sursum</strong></span> <span class='ocrx_word' id='word_1_365' title='bbox 2107 1017 2360 1072; x_wconf 85' lang='lat' dir='ltr'><strong>deorsum</strong></span> <span class='ocrx_word' id='word_1_366' title='bbox 2394 1017 2825 1071; x_wconf 70' lang='lat' dir='ltr'><strong>discurrentibus</strong></span> <span class='ocrx_word' id='word_1_367' title='bbox 2850 1017 2913 1068; x_wconf 83' lang='grc'><strong>⁸³.</strong></span> <span class='ocrx_word' id='word_1_368' title='bbox 2943 1015 3221 1085; x_wconf 83' lang='lat' dir='ltr'><strong>Ejusmodi</strong></span> <span class='ocrx_word' id='word_1_369' title='bbox 3278 1017 3405 1072; x_wconf 90' lang='lat' dir='ltr'><strong>item</strong></span> 
     </span>
    </p>
   </div>
   <div class='ocr_carea' id='block_1_54' title="bbox 1855 1109 3406 1166">
    <p class='ocr_par' dir='ltr' id='par_1_54' title="bbox 1855 1109 3406 1166">
     <span class='ocr_line' id='line_1_54' title="bbox 1855 1109 3406 1166; baseline -0.003 -1"><span class='ocrx_word' id='word_1_370' title='bbox 1855 1111 1986 1166; x_wconf 89' lang='lat' dir='ltr'><strong>illud</strong></span> <span class='ocrx_word' id='word_1_371' title='bbox 2017 1120 2140 1165; x_wconf 85' lang='lat' dir='ltr'><strong>est:</strong></span> <span class='ocrx_word' id='word_1_372' title='bbox 2177 1109 2653 1165; x_wconf 86' lang='lat' dir='ltr'><strong>Castrametabitur</strong></span> <span class='ocrx_word' id='word_1_373' title='bbox 2679 1109 2930 1162; x_wconf 81' lang='lat' dir='ltr'><strong>Dominus</strong></span> <span class='ocrx_word' id='word_1_374' title='bbox 2979 1110 3032 1161; x_wconf 88' lang='lat' dir='ltr'><strong>in</strong></span> <span class='ocrx_word' id='word_1_375' title='bbox 3081 1109 3306 1161; x_wconf 78' lang='lat' dir='ltr'><strong>circuitu</strong></span> <span class='ocrx_word' id='word_1_376' title='bbox 3339 1110 3406 1161; x_wconf 78' lang='lat' dir='ltr'><strong>ti-</strong></span> 
     </span>
    </p>
   </div>
   <div class='ocr_carea' id='block_1_55' title="bbox 1854 1200 3408 1268">
    <p class='ocr_par' dir='ltr' id='par_1_55' title="bbox 1854 1200 3408 1268">
     <span class='ocr_line' id='line_1_55' title="bbox 1854 1200 3408 1268; baseline 0.001 -15"><span class='ocrx_word' id='word_1_377' title='bbox 1854 1202 2106 1254; x_wconf 83' lang='lat' dir='ltr'><strong>mentium</strong></span> <span class='ocrx_word' id='word_1_378' title='bbox 2132 1217 2272 1265; x_wconf 90' lang='lat' dir='ltr'><strong>eum,</strong></span> <span class='ocrx_word' id='word_1_379' title='bbox 2305 1209 2354 1253; x_wconf 93' lang='lat' dir='ltr'><strong>et</strong></span> <span class='ocrx_word' id='word_1_380' title='bbox 2386 1201 2571 1268; x_wconf 85' lang='lat' dir='ltr'><strong>eripiet</strong></span> <span class='ocrx_word' id='word_1_381' title='bbox 2597 1216 2682 1253; x_wconf 88' lang='lat' dir='ltr'><strong>eos</strong></span> <span class='ocrx_word' id='word_1_382' title='bbox 2712 1200 2780 1265; x_wconf 60' lang='grc' dir='ltr'><strong>εις</strong></span> <span class='ocrx_word' id='word_1_383' title='bbox 2812 1202 2939 1253; x_wconf 91' lang='lat' dir='ltr'><strong>dum</strong></span> <span class='ocrx_word' id='word_1_384' title='bbox 2968 1200 3148 1268; x_wconf 82' lang='lat' dir='ltr'><strong>itaque</strong></span> <span class='ocrx_word' id='word_1_385' title='bbox 3197 1200 3272 1252; x_wconf 88' lang='lat' dir='ltr'><strong>illi</strong></span> <span class='ocrx_word' id='word_1_386' title='bbox 3310 1215 3408 1254; x_wconf 52' lang='lat' dir='ltr'><strong>au-</strong></span> 
     </span>
    </p>
   </div>
   <div class='ocr_carea' id='block_1_56' title="bbox 1855 1291 2810 1360">
    <p class='ocr_par' dir='ltr' id='par_1_56' title="bbox 1855 1291 2810 1360">
     <span class='ocr_line' id='line_1_56' title="bbox 1855 1291 2810 1360; baseline -0.002 -14"><span class='ocrx_word' id='word_1_387' title='bbox 1855 1291 2137 1356; x_wconf 78' lang='lat' dir='ltr'><strong>xiliantur,</strong></span> <span class='ocrx_word' id='word_1_388' title='bbox 2175 1292 2494 1347; x_wconf 88' lang='lat' dir='ltr'><strong>discernunt</strong></span> <span class='ocrx_word' id='word_1_389' title='bbox 2534 1293 2810 1360; x_wconf 86' lang='lat' dir='ltr'><strong>populum.</strong></span> 
     </span>
    </p>
   </div>
   <div class='ocr_carea' id='block_1_57' title="bbox 1925 1470 3408 1539">
    <p class='ocr_par' dir='ltr' id='par_1_57' title="bbox 1925 1470 3408 1539">
     <span class='ocr_line' id='line_1_57' title="bbox 1925 1470 3408 1539; baseline -0.002 -12"><span class='ocrx_word' id='word_1_390' title='bbox 1925 1473 2210 1527; x_wconf 77' lang='lat' dir='ltr'><strong>Advocabit</strong></span> <span class='ocrx_word' id='word_1_391' title='bbox 2261 1475 2446 1528; x_wconf 70' lang='lat' dir='ltr'><strong>coelum</strong></span> <span class='ocrx_word' id='word_1_392' title='bbox 2507 1473 2801 1526; x_wconf 74' lang='lat' dir='ltr'><strong>desursum.</strong></span> <span class='ocrx_word' id='word_1_393' title='bbox 2846 1470 3030 1526; x_wconf 85' lang='lat' dir='ltr'><strong>Justos</strong></span> <span class='ocrx_word' id='word_1_394' title='bbox 3059 1470 3287 1534; x_wconf 84' lang='lat' dir='ltr'><strong>scilicet,</strong></span> <span class='ocrx_word' id='word_1_395' title='bbox 3315 1471 3408 1539; x_wconf 81' lang='lat' dir='ltr'><strong>qui</strong></span> 
     </span>
    </p>
   </div>
   <div class='ocr_carea' id='block_1_58' title="bbox 1854 1562 3410 1633">
    <p class='ocr_par' dir='ltr' id='par_1_58' title="bbox 1854 1562 3410 1633">
     <span class='ocr_line' id='line_1_58' title="bbox 1854 1562 3410 1633; baseline -0.005 -11"><span class='ocrx_word' id='word_1_396' title='bbox 1854 1565 2073 1622; x_wconf 64' lang='lat' dir='ltr'><strong>caeleste</strong></span> <span class='ocrx_word' id='word_1_397' title='bbox 2101 1567 2404 1620; x_wconf 90' lang='lat' dir='ltr'><strong>institutum</strong></span> <span class='ocrx_word' id='word_1_398' title='bbox 2439 1573 2736 1628; x_wconf 80' lang='lat' dir='ltr'><strong>sectantur,</strong></span> <span class='ocrx_word' id='word_1_399' title='bbox 2764 1562 3110 1633; x_wconf 87' lang='lat' dir='ltr'><strong>congregabit</strong></span> <span class='ocrx_word' id='word_1_400' title='bbox 3134 1563 3184 1614; x_wconf 91' lang='lat' dir='ltr'><strong>in</strong></span> <span class='ocrx_word' id='word_1_401' title='bbox 3217 1577 3410 1631; x_wconf 85' lang='lat' dir='ltr'><strong>super-</strong></span> 
     </span>
    </p>
   </div>
   <div class='ocr_carea' id='block_1_59' title="bbox 1855 1655 3402 1724">
    <p class='ocr_par' dir='ltr' id='par_1_59' title="bbox 1855 1655 3402 1724">
     <span class='ocr_line' id='line_1_59' title="bbox 1855 1655 3402 1724; baseline -0.005 -12"><span class='ocrx_word' id='word_1_402' title='bbox 1855 1657 1940 1714; x_wconf 90' lang='lat' dir='ltr'><strong>nis</strong></span> <span class='ocrx_word' id='word_1_403' title='bbox 1997 1659 2390 1712; x_wconf 88' lang='lat' dir='ltr'><strong>mansiOnibus.</strong></span> <span class='ocrx_word' id='word_1_404' title='bbox 2443 1657 2510 1710; x_wconf 86' lang='lat' dir='ltr'><strong>Et</strong></span> <span class='ocrx_word' id='word_1_405' title='bbox 2566 1667 2759 1711; x_wconf 87' lang='lat' dir='ltr'><strong>terrant</strong></span> <span class='ocrx_word' id='word_1_406' title='bbox 2805 1656 3098 1709; x_wconf 83' lang='lat' dir='ltr'><strong>discernere</strong></span> <span class='ocrx_word' id='word_1_407' title='bbox 3153 1655 3402 1724; x_wconf 86' lang='lat' dir='ltr'><strong>populum</strong></span> 
     </span>
    </p>
   </div>
   <div class='ocr_carea' id='block_1_60' title="bbox 1852 1747 3403 1818">
    <p class='ocr_par' dir='ltr' id='par_1_60' title="bbox 1852 1747 3403 1818">
     <span class='ocr_line' id='line_1_60' title="bbox 1852 1747 3403 1818; baseline -0.003 -14"><span class='ocrx_word' id='word_1_408' title='bbox 1852 1765 2025 1805; x_wconf 89' lang='lat' dir='ltr'><strong>suum.</strong></span> <span class='ocrx_word' id='word_1_409' title='bbox 2062 1748 2378 1804; x_wconf 87' lang='lat' dir='ltr'><strong>Peccatorcs</strong></span> <span class='ocrx_word' id='word_1_410' title='bbox 2403 1749 2555 1818; x_wconf 84' lang='lat' dir='ltr'><strong>jubet</strong></span> <span class='ocrx_word' id='word_1_411' title='bbox 2577 1763 2873 1817; x_wconf 77' lang='lat' dir='ltr'><strong>omnesque.</strong></span> <span class='ocrx_word' id='word_1_412' title='bbox 2897 1749 2948 1801; x_wconf 92' lang='lat' dir='ltr'><strong>in</strong></span> <span class='ocrx_word' id='word_1_413' title='bbox 2982 1755 3123 1801; x_wconf 90' lang='lat' dir='ltr'><strong>terra</strong></span> <span class='ocrx_word' id='word_1_414' title='bbox 3147 1747 3403 1816; x_wconf 79' lang='lat' dir='ltr'><strong>degentes</strong></span> 
     </span>
    </p>
   </div>
   <div class='ocr_carea' id='block_1_61' title="bbox 1856 1837 3403 1914">
    <p class='ocr_par' dir='ltr' id='par_1_61' title="bbox 1856 1837 3403 1914">
     <span class='ocr_line' id='line_1_61' title="bbox 1856 1837 3403 1914; baseline -0.003 -18"><span class='ocrx_word' id='word_1_415' title='bbox 1856 1856 2206 1914; x_wconf 74' lang='lat' dir='ltr'><strong>congregare,</strong></span> <span class='ocrx_word' id='word_1_416' title='bbox 2252 1842 2319 1896; x_wconf 92' lang='lat' dir='ltr'><strong>ad</strong></span> <span class='ocrx_word' id='word_1_417' title='bbox 2374 1840 2734 1912; x_wconf 82' lang='lat' dir='ltr'><strong>separandum</strong></span> <span class='ocrx_word' id='word_1_418' title='bbox 2758 1840 2938 1910; x_wconf 88' lang='lat' dir='ltr'><strong>justos</strong></span> <span class='ocrx_word' id='word_1_419' title='bbox 2986 1854 3018 1893; x_wconf 89' lang='lat' dir='ltr'><strong>a</strong></span> <span class='ocrx_word' id='word_1_420' title='bbox 3061 1853 3170 1893; x_wconf 92' lang='lat' dir='ltr'><strong>non</strong></span> <span class='ocrx_word' id='word_1_421' title='bbox 3218 1837 3403 1908; x_wconf 89' lang='lat' dir='ltr'><strong>justis.</strong></span> 
     </span>
    </p>
   </div>
   <div class='ocr_carea' id='block_1_62' title="bbox 1923 2020 3396 2092">
    <p class='ocr_par' dir='ltr' id='par_1_62' title="bbox 1923 2020 3396 2092">
     <span class='ocr_line' id='line_1_62' title="bbox 1923 2020 3396 2092; baseline -0.001 -16"><span class='ocrx_word' id='word_1_422' title='bbox 1923 2022 1976 2076; x_wconf 88' lang='lat'><strong>5.</strong></span> <span class='ocrx_word' id='word_1_423' title='bbox 2005 2020 2324 2092; x_wconf 85' lang='lat' dir='ltr'><strong>Congregate</strong></span> <span class='ocrx_word' id='word_1_424' title='bbox 2351 2021 2435 2075; x_wconf 89' lang='lat' dir='ltr'><strong>illi</strong></span> <span class='ocrx_word' id='word_1_425' title='bbox 2460 2031 2670 2076; x_wconf 83' lang='lat' dir='ltr'><strong>sanctos</strong></span> <span class='ocrx_word' id='word_1_426' title='bbox 2704 2022 2838 2090; x_wconf 79' lang='lat' dir='ltr'><strong>ejus.</strong></span> <span class='ocrx_word' id='word_1_427' title='bbox 2873 2020 3041 2087; x_wconf 84' lang='lat' dir='ltr'><strong>Quasi</strong></span> <span class='ocrx_word' id='word_1_428' title='bbox 3079 2020 3143 2075; x_wconf 88' lang='lat' dir='ltr'><strong>ad</strong></span> <span class='ocrx_word' id='word_1_429' title='bbox 3176 2020 3396 2087; x_wconf 78' lang='lat' dir='ltr'><strong>angelos</strong></span> 
     </span>
    </p>
   </div>
   <div class='ocr_carea' id='block_1_63' title="bbox 1851 2112 3406 2183">
    <p class='ocr_par' dir='ltr' id='par_1_63' title="bbox 1851 2112 3406 2183">
     <span class='ocr_line' id='line_1_63' title="bbox 1851 2112 3406 2183; baseline -0.002 -13"><span class='ocrx_word' id='word_1_430' title='bbox 1851 2125 1936 2170; x_wconf 80' lang='lat' dir='ltr'><strong>est</strong></span> <span class='ocrx_word' id='word_1_431' title='bbox 1966 2130 2165 2179; x_wconf 90' lang='lat' dir='ltr'><strong>sermo,</strong></span> <span class='ocrx_word' id='word_1_432' title='bbox 2195 2115 2346 2183; x_wconf 80' lang='lat' dir='ltr'><strong>juxta</strong></span> <span class='ocrx_word' id='word_1_433' title='bbox 2378 2115 2504 2168; x_wconf 89' lang='lat' dir='ltr'><strong>illud</strong></span> <span class='ocrx_word' id='word_1_434' title='bbox 2533 2130 2564 2168; x_wconf 88' lang='lat' dir='ltr'><strong>a</strong></span> <span class='ocrx_word' id='word_1_435' title='bbox 2595 2113 2827 2167; x_wconf 90' lang='lat' dir='ltr'><strong>Domino</strong></span> <span class='ocrx_word' id='word_1_436' title='bbox 2851 2115 3091 2168; x_wconf 87' lang='lat' dir='ltr'><strong>dictum:</strong></span> <span class='ocrx_word' id='word_1_437' title='bbox 3139 2112 3207 2167; x_wconf 82' lang='lat' dir='ltr'><strong>Et</strong></span> <span class='ocrx_word' id='word_1_438' title='bbox 3235 2115 3406 2167; x_wconf 82' lang='lat' dir='ltr'><strong>mittet</strong></span> 
     </span>
    </p>
   </div>
   <div class='ocr_carea' id='block_1_64' title="bbox 1855 2204 3401 2276">
    <p class='ocr_par' dir='ltr' id='par_1_64' title="bbox 1855 2204 3401 2276">
     <span class='ocr_line' id='line_1_64' title="bbox 1855 2204 3401 2276; baseline -0.003 -16"><span class='ocrx_word' id='word_1_439' title='bbox 1855 2205 2066 2276; x_wconf 82' lang='lat' dir='ltr'><strong>angelos</strong></span> <span class='ocrx_word' id='word_1_440' title='bbox 2113 2222 2256 2265; x_wconf 93' lang='lat' dir='ltr'><strong>suos,</strong></span> <span class='ocrx_word' id='word_1_441' title='bbox 2309 2216 2359 2259; x_wconf 94' lang='lat' dir='ltr'><strong>et</strong></span> <span class='ocrx_word' id='word_1_442' title='bbox 2413 2205 2802 2276; x_wconf 80' lang='lat' dir='ltr'><strong>congregabant</strong></span> <span class='ocrx_word' id='word_1_443' title='bbox 2837 2204 3012 2274; x_wconf 85' lang='lat' dir='ltr'><strong>justos</strong></span> <span class='ocrx_word' id='word_1_444' title='bbox 3058 2221 3123 2259; x_wconf 70' lang='lat' dir='ltr'><strong>ex</strong></span> <span class='ocrx_word' id='word_1_445' title='bbox 3169 2214 3401 2274; x_wconf 82' lang='lat' dir='ltr'><strong>quatuor</strong></span> 
     </span>
    </p>
   </div>
   <div class='ocr_carea' id='block_1_65' title="bbox 1853 2297 3409 2366">
    <p class='ocr_par' dir='ltr' id='par_1_65' title="bbox 1853 2297 3409 2366">
     <span class='ocr_line' id='line_1_65' title="bbox 1853 2297 3409 2366; baseline -0.003 -12"><span class='ocrx_word' id='word_1_446' title='bbox 1853 2301 2016 2354; x_wconf 78' lang='lat' dir='ltr'><strong>ventis</strong></span> <span class='ocrx_word' id='word_1_447' title='bbox 2051 2308 2204 2352; x_wconf 67' lang='lat' dir='ltr'><strong>terra:</strong></span> <span class='ocrx_word' id='word_1_448' title='bbox 2233 2299 2299 2352; x_wconf 85' lang='lat'><strong>&quot;.</strong></span> <span class='ocrx_word' id='word_1_449' title='bbox 2334 2297 2438 2362; x_wconf 81' lang='lat' dir='ltr'><strong>Qui</strong></span> <span class='ocrx_word' id='word_1_450' title='bbox 2467 2299 2720 2351; x_wconf 83' lang='lat' dir='ltr'><strong>ordinant</strong></span> <span class='ocrx_word' id='word_1_451' title='bbox 2757 2307 3127 2351; x_wconf 80' lang='lat' dir='ltr'><strong>testamentum</strong></span> <span class='ocrx_word' id='word_1_452' title='bbox 3173 2297 3286 2366; x_wconf 82' lang='lat' dir='ltr'><strong>ejus</strong></span> <span class='ocrx_word' id='word_1_453' title='bbox 3317 2312 3409 2350; x_wconf 84' lang='lat' dir='ltr'><strong>su-</strong></span> 
     </span>
    </p>
   </div>
   <div class='ocr_carea' id='block_1_66' title="bbox 1853 2382 3084 2454">
    <p class='ocr_par' dir='ltr' id='par_1_66' title="bbox 1853 2382 3084 2454">
     <span class='ocr_line' id='line_1_66' title="bbox 1853 2382 3084 2454; baseline 0.001 -16"><span class='ocrx_word' id='word_1_454' title='bbox 1853 2401 1943 2454; x_wconf 87' lang='lat' dir='ltr'><strong>per</strong></span> <span class='ocrx_word' id='word_1_455' title='bbox 1971 2385 2253 2453; x_wconf 75' lang='lat' dir='ltr'><strong>sacriﬁcia.</strong></span> <span class='ocrx_word' id='word_1_456' title='bbox 2283 2382 2560 2440; x_wconf 89' lang='lat' dir='ltr'><strong>Sacriﬁcia</strong></span> <span class='ocrx_word' id='word_1_457' title='bbox 2593 2386 2724 2440; x_wconf 90' lang='lat' dir='ltr'><strong>dicit</strong></span> <span class='ocrx_word' id='word_1_458' title='bbox 2762 2385 3084 2454; x_wconf 88' lang='lat' dir='ltr'><strong>spiritualia.</strong></span> 
     </span>
    </p>
   </div>
   <div class='ocr_carea' id='block_1_67' title="bbox 1923 2675 3408 2752">
    <p class='ocr_par' dir='ltr' id='par_1_67' title="bbox 1923 2675 3408 2752">
     <span class='ocr_line' id='line_1_67' title="bbox 1923 2675 3408 2752; baseline 0.007 -22"><span class='ocrx_word' id='word_1_459' title='bbox 1923 2675 1976 2731; x_wconf 84' lang='lat'><strong>6.</strong></span> <span class='ocrx_word' id='word_1_460' title='bbox 2006 2676 2074 2730; x_wconf 86' lang='lat' dir='ltr'><strong>Et</strong></span> <span class='ocrx_word' id='word_1_461' title='bbox 2102 2678 2491 2734; x_wconf 83' lang='lat' dir='ltr'><strong>annuntiabunt</strong></span> <span class='ocrx_word' id='word_1_462' title='bbox 2521 2682 2634 2734; x_wconf 73' lang='lat' dir='ltr'><strong>caeli</strong></span> <span class='ocrx_word' id='word_1_463' title='bbox 2660 2681 2932 2750; x_wconf 81' lang='lat' dir='ltr'><strong>justitiam</strong></span> <span class='ocrx_word' id='word_1_464' title='bbox 2973 2685 3104 2752; x_wconf 86' lang='lat' dir='ltr'><strong>ejus.</strong></span> <span class='ocrx_word' id='word_1_465' title='bbox 3143 2685 3408 2752; x_wconf 84' lang='lat' dir='ltr'><strong>Ctorlam,</strong></span> 
     </span>
    </p>
   </div>
   <div class='ocr_carea' id='block_1_68' title="bbox 1856 2767 3411 2843">
    <p class='ocr_par' dir='ltr' id='par_1_68' title="bbox 1856 2767 3411 2843">
     <span class='ocr_line' id='line_1_68' title="bbox 1856 2767 3411 2843; baseline 0.006 -20"><span class='ocrx_word' id='word_1_466' title='bbox 1856 2768 2052 2838; x_wconf 89' lang='lat' dir='ltr'><strong>inquit,</strong></span> <span class='ocrx_word' id='word_1_467' title='bbox 2079 2767 2188 2824; x_wconf 89' lang='lat' dir='ltr'><strong>Deo</strong></span> <span class='ocrx_word' id='word_1_468' title='bbox 2235 2771 2478 2825; x_wconf 90' lang='lat' dir='ltr'><strong>tribuent</strong></span> <span class='ocrx_word' id='word_1_469' title='bbox 2528 2773 2676 2835; x_wconf 73' lang='lat' dir='ltr'><strong>cteli,</strong></span> <span class='ocrx_word' id='word_1_470' title='bbox 2724 2773 2852 2843; x_wconf 85' lang='lat' dir='ltr'><strong>quia</strong></span> <span class='ocrx_word' id='word_1_471' title='bbox 2903 2776 3113 2830; x_wconf 89' lang='lat' dir='ltr'><strong>scilicet</strong></span> <span class='ocrx_word' id='word_1_472' title='bbox 3164 2777 3411 2833; x_wconf 84' lang='lat' dir='ltr'><strong>homines</strong></span> 
     </span>
    </p>
   </div>
   <div class='ocr_carea' id='block_1_69' title="bbox 1855 2863 3412 2939">
    <p class='ocr_par' dir='ltr' id='par_1_69' title="bbox 1855 2863 3412 2939">
     <span class='ocr_line' id='line_1_69' title="bbox 1855 2863 3412 2939; baseline 0.004 -21"><span class='ocrx_word' id='word_1_473' title='bbox 1855 2863 2172 2918; x_wconf 75' lang='lat' dir='ltr'><strong>coelestibus</strong></span> <span class='ocrx_word' id='word_1_474' title='bbox 2235 2865 2613 2920; x_wconf 85' lang='lat' dir='ltr'><strong>mansionibus</strong></span> <span class='ocrx_word' id='word_1_475' title='bbox 2660 2867 2912 2935; x_wconf 87' lang='lat' dir='ltr'><strong>dignatus</strong></span> <span class='ocrx_word' id='word_1_476' title='bbox 2980 2877 3083 2922; x_wconf 91' lang='lat' dir='ltr'><strong>est.</strong></span> <span class='ocrx_word' id='word_1_477' title='bbox 3133 2868 3296 2939; x_wconf 88' lang='lat' dir='ltr'><strong>Optat</strong></span> <span class='ocrx_word' id='word_1_478' title='bbox 3351 2880 3412 2925; x_wconf 92' lang='lat' dir='ltr'><strong>ut</strong></span> 
     </span>
    </p>
   </div>
   <div class='ocr_carea' id='block_1_70' title="bbox 1860 2953 3408 3027">
    <p class='ocr_par' dir='ltr' id='par_1_70' title="bbox 1860 2953 3408 3027">
     <span class='ocr_line' id='line_1_70' title="bbox 1860 2953 3408 3027; baseline 0.005 -20"><span class='ocrx_word' id='word_1_479' title='bbox 1860 2953 2032 3008; x_wconf 87' lang='lat' dir='ltr'><strong>sancti</strong></span> <span class='ocrx_word' id='word_1_480' title='bbox 2069 2953 2268 3023; x_wconf 88' lang='lat' dir='ltr'><strong>prioris</strong></span> <span class='ocrx_word' id='word_1_481' title='bbox 2300 2956 2484 3025; x_wconf 89' lang='lat' dir='ltr'><strong>populi</strong></span> <span class='ocrx_word' id='word_1_482' title='bbox 2513 2966 2637 3010; x_wconf 85' lang='lat' dir='ltr'><strong>ante</strong></span> <span class='ocrx_word' id='word_1_483' title='bbox 2663 2955 2909 3011; x_wconf 80' lang='lat' dir='ltr'><strong>futurum</strong></span> <span class='ocrx_word' id='word_1_484' title='bbox 2947 2956 3214 3027; x_wconf 90' lang='lat' dir='ltr'><strong>judicium</strong></span> <span class='ocrx_word' id='word_1_485' title='bbox 3247 2961 3408 3016; x_wconf 85' lang='lat' dir='ltr'><strong>ﬁnem</strong></span> 
     </span>
    </p>
   </div>
   <div class='ocr_carea' id='block_1_71' title="bbox 1857 3041 3411 3114">
    <p class='ocr_par' dir='ltr' id='par_1_71' title="bbox 1857 3041 3411 3114">
     <span class='ocr_line' id='line_1_71' title="bbox 1857 3041 3411 3114; baseline 0.009 -20"><span class='ocrx_word' id='word_1_486' title='bbox 1857 3041 2062 3096; x_wconf 81' lang='lat' dir='ltr'><strong>faciant</strong></span> <span class='ocrx_word' id='word_1_487' title='bbox 2095 3044 2351 3098; x_wconf 86' lang='lat' dir='ltr'><strong>sacriﬁcii</strong></span> <span class='ocrx_word' id='word_1_488' title='bbox 2407 3061 2502 3114; x_wconf 86' lang='lat' dir='ltr'><strong>per</strong></span> <span class='ocrx_word' id='word_1_489' title='bbox 2542 3047 2926 3102; x_wconf 87' lang='lat' dir='ltr'><strong>mactationem</strong></span> <span class='ocrx_word' id='word_1_490' title='bbox 2959 3049 3245 3104; x_wconf 89' lang='lat' dir='ltr'><strong>brutorum</strong></span> <span class='ocrx_word' id='word_1_491' title='bbox 3292 3052 3411 3108; x_wconf 82' lang='lat' dir='ltr'><strong>ﬁeri</strong></span> 
     </span>
    </p>
   </div>
   <div class='ocr_carea' id='block_1_72' title="bbox 1858 3134 3409 3206">
    <p class='ocr_par' dir='ltr' id='par_1_72' title="bbox 1858 3134 3409 3206">
     <span class='ocr_line' id='line_1_72' title="bbox 1858 3134 3409 3206; baseline 0.008 -20"><span class='ocrx_word' id='word_1_492' title='bbox 1858 3134 2023 3198; x_wconf 88' lang='lat' dir='ltr'><strong>soliti,</strong></span> <span class='ocrx_word' id='word_1_493' title='bbox 2053 3143 2108 3190; x_wconf 89' lang='lat' dir='ltr'><strong>et</strong></span> <span class='ocrx_word' id='word_1_494' title='bbox 2135 3135 2266 3189; x_wconf 89' lang='lat' dir='ltr'><strong>illud</strong></span> <span class='ocrx_word' id='word_1_495' title='bbox 2302 3147 2586 3191; x_wconf 87' lang='lat' dir='ltr'><strong>assumant</strong></span> <span class='ocrx_word' id='word_1_496' title='bbox 2619 3140 2762 3206; x_wconf 91' lang='lat' dir='ltr'><strong>quod</strong></span> <span class='ocrx_word' id='word_1_497' title='bbox 2794 3141 3090 3195; x_wconf 89' lang='lat' dir='ltr'><strong>secundum</strong></span> <span class='ocrx_word' id='word_1_498' title='bbox 3123 3141 3409 3198; x_wconf 85' lang='lat' dir='ltr'><strong>scientiam</strong></span> 
     </span>
    </p>
   </div>
   <div class='ocr_carea' id='block_1_73' title="bbox 1857 3226 3408 3300">
    <p class='ocr_par' dir='ltr' id='par_1_73' title="bbox 1857 3226 3408 3300">
     <span class='ocr_line' id='line_1_73' title="bbox 1857 3226 3408 3300; baseline 0.008 -22"><span class='ocrx_word' id='word_1_499' title='bbox 1857 3234 1912 3279; x_wconf 92' lang='lat' dir='ltr'><strong>et</strong></span> <span class='ocrx_word' id='word_1_500' title='bbox 1938 3226 2298 3297; x_wconf 77' lang='lat' dir='ltr'><strong>cognitionem</strong></span> <span class='ocrx_word' id='word_1_501' title='bbox 2344 3229 2590 3283; x_wconf 80' lang='lat' dir='ltr'><strong>oﬁcrtur.</strong></span> <span class='ocrx_word' id='word_1_502' title='bbox 2623 3229 2799 3300; x_wconf 85' lang='lat' dir='ltr'><strong>Super</strong></span> <span class='ocrx_word' id='word_1_503' title='bbox 2829 3232 2914 3286; x_wconf 81' lang='lat' dir='ltr'><strong>his</strong></span> <span class='ocrx_word' id='word_1_504' title='bbox 2956 3232 3204 3289; x_wconf 66' lang='lat' dir='ltr'><strong>celestes</strong></span> <span class='ocrx_word' id='word_1_505' title='bbox 3236 3234 3408 3289; x_wconf 75' lang='lat' dir='ltr'><strong>virtu-</strong></span> 
     </span>
    </p>
   </div>
   <div class='ocr_carea' id='block_1_74' title="bbox 1863 3320 3409 3395">
    <p class='ocr_par' dir='ltr' id='par_1_74' title="bbox 1863 3320 3409 3395">
     <span class='ocr_line' id='line_1_74' title="bbox 1863 3320 3409 3395; baseline 0.004 -25"><span class='ocrx_word' id='word_1_506' title='bbox 1863 3327 1942 3371; x_wconf 82' lang='lat' dir='ltr'><strong>tes</strong></span> <span class='ocrx_word' id='word_1_507' title='bbox 1974 3320 2211 3385; x_wconf 86' lang='lat' dir='ltr'><strong>judicem</strong></span> <span class='ocrx_word' id='word_1_508' title='bbox 2238 3321 2692 3392; x_wconf 35' lang='lat' dir='ltr'><strong>celebranthquia</strong></span> <span class='ocrx_word' id='word_1_509' title='bbox 2740 3338 2771 3376; x_wconf 94' lang='lat' dir='ltr'><strong>a</strong></span> <span class='ocrx_word' id='word_1_510' title='bbox 2832 3324 3035 3378; x_wconf 83' lang='lat' dir='ltr'><strong>sanctis</strong></span> <span class='ocrx_word' id='word_1_511' title='bbox 3099 3324 3304 3395; x_wconf 87' lang='lat' dir='ltr'><strong>incipit,</strong></span> <span class='ocrx_word' id='word_1_512' title='bbox 3355 3333 3409 3380; x_wconf 83' lang='lat' dir='ltr'><strong>et</strong></span> 
     </span>
    </p>
   </div>
   <div class='ocr_carea' id='block_1_75' title="bbox 1857 3443 3411 3513">
    <p class='ocr_par' dir='ltr' id='par_1_75' title="bbox 1857 3443 3411 3513">
     <span class='ocr_line' id='line_1_75' title="bbox 1857 3443 3411 3513; baseline 0.004 -17"><span class='ocrx_word' id='word_1_513' title='bbox 1857 3443 1980 3498; x_wconf 75' lang='lat' dir='ltr'><strong>cceli</strong></span> <span class='ocrx_word' id='word_1_514' title='bbox 2023 3443 2350 3498; x_wconf 90' lang='lat' dir='ltr'><strong>annuntiant</strong></span> <span class='ocrx_word' id='word_1_515' title='bbox 2386 3443 2654 3512; x_wconf 83' lang='lat' dir='ltr'><strong>justitiam</strong></span> <span class='ocrx_word' id='word_1_516' title='bbox 2700 3445 2848 3513; x_wconf 86' lang='lat' dir='ltr'><strong>ejus,</strong></span> <span class='ocrx_word' id='word_1_517' title='bbox 2897 3446 2964 3498; x_wconf 85' lang='lat' dir='ltr'><strong>de</strong></span> <span class='ocrx_word' id='word_1_518' title='bbox 2997 3460 3184 3498; x_wconf 89' lang='lat' dir='ltr'><strong>eorum</strong></span> <span class='ocrx_word' id='word_1_519' title='bbox 3236 3446 3411 3502; x_wconf 86' lang='lat' dir='ltr'><strong>salute</strong></span> 
     </span>
    </p>
   </div>
   <div class='ocr_carea' id='block_1_76' title="bbox 1853 3535 3413 3593">
    <p class='ocr_par' dir='ltr' id='par_1_76' title="bbox 1853 3535 3413 3593">
     <span class='ocr_line' id='line_1_76' title="bbox 1853 3535 3413 3593; baseline 0.001 -1"><span class='ocrx_word' id='word_1_520' title='bbox 1853 3551 1964 3592; x_wconf 88' lang='lat' dir='ltr'><strong>una</strong></span> <span class='ocrx_word' id='word_1_521' title='bbox 2005 3535 2270 3592; x_wconf 67' lang='lat' dir='ltr'><strong>laetantes.</strong></span> <span class='ocrx_word' id='word_1_522' title='bbox 2319 3535 2618 3592; x_wconf 84' lang='lat' dir='ltr'><strong>Terrenum</strong></span> <span class='ocrx_word' id='word_1_523' title='bbox 2661 3550 2788 3590; x_wconf 85' lang='lat' dir='ltr'><strong>vero</strong></span> <span class='ocrx_word' id='word_1_524' title='bbox 2831 3535 3169 3590; x_wconf 88' lang='lat' dir='ltr'><strong>domicilium</strong></span> <span class='ocrx_word' id='word_1_525' title='bbox 3219 3535 3268 3591; x_wconf 92' lang='lat' dir='ltr'><strong>ei</strong></span> <span class='ocrx_word' id='word_1_526' title='bbox 3320 3552 3413 3593; x_wconf 75' lang='lat' dir='ltr'><strong>or~</strong></span> 
     </span>
    </p>
   </div>
   <div class='ocr_carea' id='block_1_77' title="bbox 1853 3627 3412 3698">
    <p class='ocr_par' dir='ltr' id='par_1_77' title="bbox 1853 3627 3412 3698">
     <span class='ocr_line' id='line_1_77' title="bbox 1853 3627 3412 3698; baseline 0 -14"><span class='ocrx_word' id='word_1_527' title='bbox 1853 3627 1968 3684; x_wconf 90' lang='lat' dir='ltr'><strong>dini</strong></span> <span class='ocrx_word' id='word_1_528' title='bbox 2021 3629 2358 3698; x_wconf 87' lang='lat' dir='ltr'><strong>relinquetur</strong></span> <span class='ocrx_word' id='word_1_529' title='bbox 2421 3627 2514 3696; x_wconf 85' lang='lat' dir='ltr'><strong>qui</strong></span> <span class='ocrx_word' id='word_1_530' title='bbox 2559 3642 2642 3682; x_wconf 75' lang='lat' dir='ltr'><strong>cu:</strong></span> <span class='ocrx_word' id='word_1_531' title='bbox 2663 3629 2766 3681; x_wconf 88' lang='lat' dir='ltr'><strong>esti</strong></span> <span class='ocrx_word' id='word_1_532' title='bbox 2821 3629 3106 3684; x_wconf 84' lang='lat' dir='ltr'><strong>vocatione</strong></span> <span class='ocrx_word' id='word_1_533' title='bbox 3157 3627 3412 3698; x_wconf 76' lang='lat' dir='ltr'><strong>dignatus</strong></span> 
     </span>
    </p>
   </div>
   <div class='ocr_carea' id='block_1_78' title="bbox 1854 3717 3413 3790">
    <p class='ocr_par' dir='ltr' id='par_1_78' title="bbox 1854 3717 3413 3790">
     <span class='ocr_line' id='line_1_78' title="bbox 1854 3717 3413 3790; baseline 0.003 -16"><span class='ocrx_word' id='word_1_534' title='bbox 1854 3736 1962 3774; x_wconf 90' lang='lat' dir='ltr'><strong>non</strong></span> <span class='ocrx_word' id='word_1_535' title='bbox 1985 3717 2168 3775; x_wconf 79' lang='lat' dir='ltr'><strong>fuerit.</strong></span> <span class='ocrx_word' id='word_1_536' title='bbox 2201 3721 2462 3784; x_wconf 81' lang='lat' dir='ltr'><strong>Quoniam</strong></span> <span class='ocrx_word' id='word_1_537' title='bbox 2491 3719 2628 3773; x_wconf 88' lang='lat' dir='ltr'><strong>Deus</strong></span> <span class='ocrx_word' id='word_1_538' title='bbox 2659 3721 2828 3790; x_wconf 79' lang='lat' dir='ltr'><strong>judea:</strong></span> <span class='ocrx_word' id='word_1_539' title='bbox 2865 3733 2964 3779; x_wconf 89' lang='lat' dir='ltr'><strong>est.</strong></span> <span class='ocrx_word' id='word_1_540' title='bbox 3000 3721 3098 3777; x_wconf 82' lang='lat' dir='ltr'><strong>Hic</strong></span> <span class='ocrx_word' id='word_1_541' title='bbox 3128 3723 3413 3778; x_wconf 78' lang='lat' dir='ltr'><strong>manifeste</strong></span> 
     </span>
    </p>
   </div>
   <div class='ocr_carea' id='block_1_79' title="bbox 1852 3812 3414 3884">
    <p class='ocr_par' dir='ltr' id='par_1_79' title="bbox 1852 3812 3414 3884">
     <span class='ocr_line' id='line_1_79' title="bbox 1852 3812 3414 3884; baseline 0.004 -18"><span class='ocrx_word' id='word_1_542' title='bbox 1852 3814 2128 3868; x_wconf 80' lang='lat' dir='ltr'><strong>Christum</strong></span> <span class='ocrx_word' id='word_1_543' title='bbox 2171 3813 2304 3868; x_wconf 89' lang='lat' dir='ltr'><strong>dicit</strong></span> <span class='ocrx_word' id='word_1_544' title='bbox 2347 3812 2554 3867; x_wconf 80' lang='lat' dir='ltr'><strong>Deum:</strong></span> <span class='ocrx_word' id='word_1_545' title='bbox 2605 3829 2729 3868; x_wconf 89' lang='lat' dir='ltr'><strong>nam</strong></span> <span class='ocrx_word' id='word_1_546' title='bbox 2763 3829 2925 3868; x_wconf 92' lang='lat' dir='ltr'><strong>omne</strong></span> <span class='ocrx_word' id='word_1_547' title='bbox 2962 3815 3228 3884; x_wconf 89' lang='lat' dir='ltr'><strong>judicium</strong></span> <span class='ocrx_word' id='word_1_548' title='bbox 3264 3815 3414 3872; x_wconf 87' lang='lat' dir='ltr'><strong>dedit</strong></span> 
     </span>
    </p>
   </div>
   <div class='ocr_carea' id='block_1_80' title="bbox 1853 3903 3414 3976">
    <p class='ocr_par' dir='ltr' id='par_1_80' title="bbox 1853 3903 3414 3976">
     <span class='ocr_line' id='line_1_80' title="bbox 1853 3903 3414 3976; baseline 0.003 -18"><span class='ocrx_word' id='word_1_549' title='bbox 1853 3904 2012 3961; x_wconf 86' lang='lat' dir='ltr'><strong>Pater</strong></span> <span class='ocrx_word' id='word_1_550' title='bbox 2040 3903 2181 3960; x_wconf 84' lang='lat' dir='ltr'><strong>Filio</strong></span> <span class='ocrx_word' id='word_1_551' title='bbox 2211 3906 2276 3960; x_wconf 84' lang='grc'><strong>⁸⁸.</strong></span> <span class='ocrx_word' id='word_1_552' title='bbox 2305 3905 2512 3972; x_wconf 89' lang='lat' dir='ltr'><strong>Quodsi</strong></span> <span class='ocrx_word' id='word_1_553' title='bbox 2537 3921 2698 3962; x_wconf 89' lang='lat' dir='ltr'><strong>omne</strong></span> <span class='ocrx_word' id='word_1_554' title='bbox 2735 3906 2998 3976; x_wconf 89' lang='lat' dir='ltr'><strong>judicium</strong></span> <span class='ocrx_word' id='word_1_555' title='bbox 3045 3907 3193 3962; x_wconf 89' lang='lat' dir='ltr'><strong>dedit</strong></span> <span class='ocrx_word' id='word_1_556' title='bbox 3228 3907 3327 3970; x_wconf 89' lang='lat' dir='ltr'><strong>illi,</strong></span> <span class='ocrx_word' id='word_1_557' title='bbox 3355 3917 3414 3963; x_wconf 89' lang='lat' dir='ltr'><strong>et</strong></span> 
     </span>
    </p>
   </div>
   <div class='ocr_carea' id='block_1_81' title="bbox 1855 3997 3134 4070">
    <p class='ocr_par' dir='ltr' id='par_1_81' title="bbox 1855 3997 3134 4070">
     <span class='ocr_line' id='line_1_81' title="bbox 1855 3997 3134 4070; baseline 0 -18"><span class='ocrx_word' id='word_1_558' title='bbox 1855 3997 1998 4054; x_wconf 88' lang='lat' dir='ltr'><strong>Deus</strong></span> <span class='ocrx_word' id='word_1_559' title='bbox 2030 3998 2198 4069; x_wconf 81' lang='lat' dir='ltr'><strong>judcx</strong></span> <span class='ocrx_word' id='word_1_560' title='bbox 2238 4007 2366 4053; x_wconf 89' lang='lat' dir='ltr'><strong>est:</strong></span> <span class='ocrx_word' id='word_1_561' title='bbox 2409 4015 2541 4070; x_wconf 75' lang='lat' dir='ltr'><strong>ergo</strong></span> <span class='ocrx_word' id='word_1_562' title='bbox 2568 3997 2709 4054; x_wconf 87' lang='lat' dir='ltr'><strong>Deus</strong></span> <span class='ocrx_word' id='word_1_563' title='bbox 2744 4009 2824 4055; x_wconf 87' lang='lat' dir='ltr'><strong>est</strong></span> <span class='ocrx_word' id='word_1_564' title='bbox 2862 3999 3134 4056; x_wconf 87' lang='lat' dir='ltr'><strong>Christus.</strong></span> 
     </span>
    </p>
   </div>
   <div class='ocr_carea' id='block_1_82' title="bbox 1918 4091 3415 4162">
    <p class='ocr_par' dir='ltr' id='par_1_82' title="bbox 1918 4091 3415 4162">
     <span class='ocr_line' id='line_1_82' title="bbox 1918 4091 3415 4162; baseline 0.001 -17"><span class='ocrx_word' id='word_1_565' title='bbox 1918 4092 1971 4147; x_wconf 84' lang='lat'><strong>7.</strong></span> <span class='ocrx_word' id='word_1_566' title='bbox 2010 4091 2173 4154; x_wconf 77' lang='lat' dir='ltr'><strong>Audi,</strong></span> <span class='ocrx_word' id='word_1_567' title='bbox 2212 4091 2431 4160; x_wconf 86' lang='lat' dir='ltr'><strong>populus</strong></span> <span class='ocrx_word' id='word_1_568' title='bbox 2476 4107 2638 4155; x_wconf 88' lang='lat' dir='ltr'><strong>meus,</strong></span> <span class='ocrx_word' id='word_1_569' title='bbox 2671 4101 2721 4145; x_wconf 92' lang='lat' dir='ltr'><strong>et</strong></span> <span class='ocrx_word' id='word_1_570' title='bbox 2756 4093 2944 4162; x_wconf 83' lang='lat' dir='ltr'><strong>loquar</strong></span> <span class='ocrx_word' id='word_1_571' title='bbox 2987 4093 3101 4148; x_wconf 86' lang='lat' dir='ltr'><strong>tibi.</strong></span> <span class='ocrx_word' id='word_1_572' title='bbox 3150 4092 3283 4148; x_wconf 91' lang='lat' dir='ltr'><strong>Cum</strong></span> <span class='ocrx_word' id='word_1_573' title='bbox 3316 4107 3415 4147; x_wconf 87' lang='lat' dir='ltr'><strong>no-</strong></span> 
     </span>
    </p>
   </div>
   <div class='ocr_carea' id='block_1_83' title="bbox 1853 4163 3414 4258">
    <p class='ocr_par' dir='ltr' id='par_1_83' title="bbox 1853 4163 3414 4258">
     <span class='ocr_line' id='line_1_83' title="bbox 1853 4163 3414 4258; baseline 0.003 -17"><span class='ocrx_word' id='word_1_574' title='bbox 1853 4204 1975 4242; x_wconf 78' lang='lat' dir='ltr'><strong>vam</strong></span> <span class='ocrx_word' id='word_1_575' title='bbox 2005 4163 2398 4258; x_wconf 75' lang='lat' dir='ltr'><strong>legislationem</strong></span> <span class='ocrx_word' id='word_1_576' title='bbox 2433 4188 2822 4255; x_wconf 87' lang='lat' dir='ltr'><strong>introduceret,</strong></span> <span class='ocrx_word' id='word_1_577' title='bbox 2854 4206 2920 4244; x_wconf 90' lang='lat' dir='ltr'><strong>ne</strong></span> <span class='ocrx_word' id='word_1_578' title='bbox 2953 4192 3076 4258; x_wconf 87' lang='lat' dir='ltr'><strong>quis</strong></span> <span class='ocrx_word' id='word_1_579' title='bbox 3116 4189 3414 4245; x_wconf 89' lang='lat' dir='ltr'><strong>humanum</strong></span> 
     </span>
    </p>
   </div>
   <div class='ocr_carea' id='block_1_84' title="bbox 1854 4283 3417 4353">
    <p class='ocr_par' dir='ltr' id='par_1_84' title="bbox 1854 4283 3417 4353">
     <span class='ocr_line' id='line_1_84' title="bbox 1854 4283 3417 4353; baseline -0.001 -15"><span class='ocrx_word' id='word_1_580' title='bbox 1854 4283 2079 4339; x_wconf 79' lang='lat' dir='ltr'><strong>verbum</strong></span> <span class='ocrx_word' id='word_1_581' title='bbox 2113 4298 2266 4348; x_wconf 86' lang='lat' dir='ltr'><strong>esse,</strong></span> <span class='ocrx_word' id='word_1_582' title='bbox 2303 4293 2392 4337; x_wconf 85' lang='lat' dir='ltr'><strong>aut</strong></span> <span class='ocrx_word' id='word_1_583' title='bbox 2419 4298 2446 4336; x_wconf 90' lang='lat' dir='ltr'><strong>a</strong></span> <span class='ocrx_word' id='word_1_584' title='bbox 2481 4283 2712 4352; x_wconf 85' lang='lat' dir='ltr'><strong>quadam</strong></span> <span class='ocrx_word' id='word_1_585' title='bbox 2741 4283 2986 4353; x_wconf 84' lang='lat' dir='ltr'><strong>angelica</strong></span> <span class='ocrx_word' id='word_1_586' title='bbox 3021 4283 3221 4338; x_wconf 80' lang='lat' dir='ltr'><strong>virtute</strong></span> <span class='ocrx_word' id='word_1_587' title='bbox 3251 4284 3417 4353; x_wconf 79' lang='lat' dir='ltr'><strong>protl-</strong></span> 
     </span>
    </p>
   </div>
   <div class='ocr_carea' id='block_1_85' title="bbox 1855 4373 3415 4444">
    <p class='ocr_par' dir='ltr' id='par_1_85' title="bbox 1855 4373 3415 4444">
     <span class='ocr_line' id='line_1_85' title="bbox 1855 4373 3415 4444; baseline -0.004 -10"><span class='ocrx_word' id='word_1_588' title='bbox 1855 4377 1986 4434; x_wconf 83' lang='lat' dir='ltr'><strong>cisci</strong></span> <span class='ocrx_word' id='word_1_589' title='bbox 2034 4376 2390 4438; x_wconf 80' lang='lat' dir='ltr'><strong>existimaret,</strong></span> <span class='ocrx_word' id='word_1_590' title='bbox 2434 4376 2711 4444; x_wconf 62' lang='lat' dir='ltr'><strong>praemittit</strong></span> <span class='ocrx_word' id='word_1_591' title='bbox 2754 4375 2923 4431; x_wconf 88' lang='lat' dir='ltr'><strong>illud:</strong></span> <span class='ocrx_word' id='word_1_592' title='bbox 2956 4373 3095 4429; x_wconf 89' lang='lat' dir='ltr'><strong>Deus</strong></span> <span class='ocrx_word' id='word_1_593' title='bbox 3125 4373 3266 4429; x_wconf 87' lang='lat' dir='ltr'><strong>Deus</strong></span> <span class='ocrx_word' id='word_1_594' title='bbox 3295 4385 3415 4429; x_wconf 89' lang='lat' dir='ltr'><strong>tuus</strong></span> 
     </span>
    </p>
   </div>
   <div class='ocr_carea' id='block_1_86' title="bbox 1848 4465 3416 4540">
    <p class='ocr_par' dir='ltr' id='par_1_86' title="bbox 1848 4465 3416 4540">
     <span class='ocr_line' id='line_1_86' title="bbox 1848 4465 3416 4540; baseline 0.001 -20"><span class='ocrx_word' id='word_1_595' title='bbox 1848 4482 1939 4538; x_wconf 85' lang='lat' dir='ltr'><strong>ego</strong></span> <span class='ocrx_word' id='word_1_596' title='bbox 1968 4484 2105 4524; x_wconf 85' lang='lat' dir='ltr'><strong>sum.</strong></span> <span class='ocrx_word' id='word_1_597' title='bbox 2141 4466 2266 4524; x_wconf 73' lang='lat' dir='ltr'><strong>Haec</strong></span> <span class='ocrx_word' id='word_1_598' title='bbox 2295 4475 2477 4523; x_wconf 87' lang='lat' dir='ltr'><strong>autem</strong></span> <span class='ocrx_word' id='word_1_599' title='bbox 2503 4476 2588 4524; x_wconf 90' lang='lat' dir='ltr'><strong>est</strong></span> <span class='ocrx_word' id='word_1_600' title='bbox 2611 4467 2878 4524; x_wconf 85' lang='lat' dir='ltr'><strong>sententia</strong></span> <span class='ocrx_word' id='word_1_601' title='bbox 2903 4483 2919 4523; x_wconf 90' lang='lat'><strong>:</strong></span> <span class='ocrx_word' id='word_1_602' title='bbox 2948 4465 3028 4524; x_wconf 81' lang='lat' dir='ltr'><strong>Ne</strong></span> <span class='ocrx_word' id='word_1_603' title='bbox 3054 4479 3212 4540; x_wconf 89' lang='lat' dir='ltr'><strong>putes</strong></span> <span class='ocrx_word' id='word_1_604' title='bbox 3249 4467 3416 4523; x_wconf 87' lang='lat' dir='ltr'><strong>alium</strong></span> 
     </span>
    </p>
   </div>
   <div class='ocr_carea' id='block_1_87' title="bbox 196 4578 1755 4658">
    <p class='ocr_par' dir='ltr' id='par_1_87' title="bbox 196 4582 1752 4658">
     <span class='ocr_line' id='line_1_87' title="bbox 196 4582 1752 4658; baseline -0.004 -16"><span class='ocrx_word' id='word_1_605' title='bbox 196 4587 272 4642; x_wconf 78' lang='grc' dir='ltr'><strong>διὰ</strong></span> <span class='ocrx_word' id='word_1_606' title='bbox 293 4588 352 4640; x_wconf 83' lang='grc' dir='ltr'>τὸ</span> <span class='ocrx_word' id='word_1_607' title='bbox 384 4589 552 4658; x_wconf 75' lang='grc' dir='ltr'>ἕτερα</span> <span class='ocrx_word' id='word_1_608' title='bbox 594 4586 899 4656; x_wconf 80' lang='grc' dir='ltr'>νομοθετεῖν</span> <span class='ocrx_word' id='word_1_609' title='bbox 927 4586 1184 4654; x_wconf 78' lang='grc' dir='ltr'>σήμερονο</span> <span class='ocrx_word' id='word_1_610' title='bbox 1222 4583 1336 4637; x_wconf 79' lang='grc' dir='ltr'>ἀλλ’</span> <span class='ocrx_word' id='word_1_611' title='bbox 1357 4583 1516 4646; x_wconf 78' lang='grc' dir='ltr'>αὐτὸς</span> <span class='ocrx_word' id='word_1_612' title='bbox 1549 4582 1752 4647; x_wconf 75' lang='grc' dir='ltr'>ἐκεῖνός</span> 
     </span>
    </p>
   </div>
   <div class='ocr_carea' id='block_1_88' title="bbox 1855 4578 3410 4658">
    <p class='ocr_par' dir='ltr' id='par_1_88' title="bbox 1857 4578 3410 4654">
     <span class='ocr_line' id='line_1_88' title="bbox 1857 4578 3410 4654; baseline -0.001 -13"><span class='ocrx_word' id='word_1_613' title='bbox 1857 4601 1944 4640; x_wconf 91' lang='lat' dir='ltr'><strong>me</strong></span> <span class='ocrx_word' id='word_1_614' title='bbox 1993 4597 2139 4650; x_wconf 89' lang='lat' dir='ltr'><strong>esse,</strong></span> <span class='ocrx_word' id='word_1_615' title='bbox 2189 4578 2337 4649; x_wconf 86' lang='lat' dir='ltr'><strong>quod</strong></span> <span class='ocrx_word' id='word_1_616' title='bbox 2382 4578 2540 4632; x_wconf 81' lang='lat' dir='ltr'><strong>hodie</strong></span> <span class='ocrx_word' id='word_1_617' title='bbox 2591 4579 2728 4634; x_wconf 90' lang='lat' dir='ltr'><strong>alias</strong></span> <span class='ocrx_word' id='word_1_618' title='bbox 2786 4579 3029 4637; x_wconf 85' lang='lat' dir='ltr'><strong>sanciam</strong></span> <span class='ocrx_word' id='word_1_619' title='bbox 3077 4584 3219 4654; x_wconf 83' lang='lat' dir='ltr'><strong>leges</strong></span> <span class='ocrx_word' id='word_1_620' title='bbox 3259 4603 3270 4638; x_wconf 89' lang='lat'>:</span> <span class='ocrx_word' id='word_1_621' title='bbox 3315 4583 3410 4639; x_wconf 83' lang='lat' dir='ltr'><strong>sed</strong></span> 
     </span>
    </p>
   </div>
   <div class='ocr_carea' id='block_1_89' title="bbox 196 4670 1748 4748">
    <p class='ocr_par' dir='ltr' id='par_1_89' title="bbox 196 4670 1748 4748">
     <span class='ocr_line' id='line_1_89' title="bbox 196 4670 1748 4748; baseline -0.002 -19"><span class='ocrx_word' id='word_1_622' title='bbox 196 4680 300 4746; x_wconf 78' lang='grc' dir='ltr'>εἰμι</span> <span class='ocrx_word' id='word_1_623' title='bbox 332 4680 361 4731; x_wconf 82' lang='grc' dir='ltr'>ὁ</span> <span class='ocrx_word' id='word_1_624' title='bbox 401 4676 557 4748; x_wconf 86' lang='grc' dir='ltr'><strong>παρά</strong></span> <span class='ocrx_word' id='word_1_625' title='bbox 600 4677 770 4745; x_wconf 78' lang='grc' dir='ltr'>Μωσῇ</span> <span class='ocrx_word' id='word_1_626' title='bbox 825 4674 895 4728; x_wconf 83' lang='grc' dir='ltr'>τὰ</span> <span class='ocrx_word' id='word_1_627' title='bbox 953 4674 1079 4744; x_wconf 71' lang='grc' dir='ltr'>περὶ</span> <span class='ocrx_word' id='word_1_628' title='bbox 1126 4672 1326 4726; x_wconf 83' lang='grc' dir='ltr'>θυσιῶν</span> <span class='ocrx_word' id='word_1_629' title='bbox 1369 4670 1748 4742; x_wconf 79' lang='grc' dir='ltr'>νομοθετήσας.</span> 
     </span>
    </p>
   </div>
   <div class='ocr_carea' id='block_1_90' title="bbox 197 4761 1757 4840">
    <p class='ocr_par' dir='ltr' id='par_1_90' title="bbox 197 4761 1757 4840">
     <span class='ocr_line' id='line_1_90' title="bbox 197 4761 1757 4840; baseline -0.005 -18"><span class='ocrx_word' id='word_1_630' title='bbox 197 4767 550 4840; x_wconf 71' lang='grc' dir='ltr'>Μαρτύρομαι</span> <span class='ocrx_word' id='word_1_631' title='bbox 571 4765 626 4818; x_wconf 81' lang='grc' dir='ltr'><strong>δέ</strong></span> <span class='ocrx_word' id='word_1_632' title='bbox 649 4782 729 4827; x_wconf 88' lang='grc' dir='ltr'><strong>σε,</strong></span> <span class='ocrx_word' id='word_1_633' title='bbox 769 4765 843 4827; x_wconf 82' lang='grc' dir='ltr'>ὡς</span> <span class='ocrx_word' id='word_1_634' title='bbox 871 4765 970 4818; x_wconf 74' lang='grc' dir='ltr'>οὐκ</span> <span class='ocrx_word' id='word_1_635' title='bbox 1007 4763 1320 4836; x_wconf 78' lang='grc' dir='ltr'>ὲγκληθήσῃ</span> <span class='ocrx_word' id='word_1_636' title='bbox 1343 4761 1594 4834; x_wconf 78' lang='grc' dir='ltr'>παραϐὰς</span> <span class='ocrx_word' id='word_1_637' title='bbox 1629 4763 1757 4824; x_wconf 83' lang='grc' dir='ltr'>τοὺς</span> 
     </span>
    </p>
   </div>
   <div class='ocr_carea' id='block_1_91' title="bbox 197 4851 1760 4931">
    <p class='ocr_par' dir='ltr' id='par_1_91' title="bbox 197 4851 1760 4931">
     <span class='ocr_line' id='line_1_91' title="bbox 197 4851 1760 4931; baseline -0.003 -19"><span class='ocrx_word' id='word_1_638' title='bbox 197 4860 337 4931; x_wconf 72' lang='grc' dir='ltr'>παρὰ</span> <span class='ocrx_word' id='word_1_639' title='bbox 363 4860 538 4927; x_wconf 72' lang='grc' dir='ltr'>Μωσῇ</span> <span class='ocrx_word' id='word_1_640' title='bbox 568 4857 780 4928; x_wconf 80' lang='grc' dir='ltr'>νόμους.</span> <span class='ocrx_word' id='word_1_641' title='bbox 812 4857 984 4921; x_wconf 74' lang='grc' dir='ltr'>Αὐτὸς</span> <span class='ocrx_word' id='word_1_642' title='bbox 999 4855 1107 4927; x_wconf 85' lang='grc' dir='ltr'><strong>γάρ</strong></span> <span class='ocrx_word' id='word_1_643' title='bbox 1125 4857 1239 4925; x_wconf 70' lang='grc' dir='ltr'>εἰμι</span> <span class='ocrx_word' id='word_1_644' title='bbox 1266 4856 1294 4906; x_wconf 88' lang='grc' dir='ltr'><strong>ό</strong></span> <span class='ocrx_word' id='word_1_645' title='bbox 1324 4856 1483 4908; x_wconf 80' lang='grc' dir='ltr'>κάκεῖ</span> <span class='ocrx_word' id='word_1_646' title='bbox 1509 4851 1760 4916; x_wconf 84' lang='grc' dir='ltr'>διαταξά-</span> 
     </span>
    </p>
   </div>
   <div class='ocr_carea' id='block_1_92' title="bbox 202 4944 1754 5021">
    <p class='ocr_par' dir='ltr' id='par_1_92' title="bbox 202 4944 1754 5021">
     <span class='ocr_line' id='line_1_92' title="bbox 202 4944 1754 5021; baseline -0.005 -16"><span class='ocrx_word' id='word_1_647' title='bbox 202 4967 348 5019; x_wconf 72' lang='grc' dir='ltr'>μενος</span> <span class='ocrx_word' id='word_1_648' title='bbox 371 4950 454 5021; x_wconf 82' lang='grc' dir='ltr'>τῷ</span> <span class='ocrx_word' id='word_1_649' title='bbox 485 4948 634 5003; x_wconf 84' lang='grc' dir='ltr'>παιδί</span> <span class='ocrx_word' id='word_1_650' title='bbox 661 4965 760 5019; x_wconf 86' lang='grc' dir='ltr'><strong>μου</strong></span> <span class='ocrx_word' id='word_1_651' title='bbox 791 4948 1189 5020; x_wconf 78' lang='grc' dir='ltr'>συμφερόντως,</span> <span class='ocrx_word' id='word_1_652' title='bbox 1223 4946 1316 4999; x_wconf 78' lang='grc' dir='ltr'>καὶ</span> <span class='ocrx_word' id='word_1_653' title='bbox 1340 4945 1436 4998; x_wconf 80' lang='grc' dir='ltr'>νῦν</span> <span class='ocrx_word' id='word_1_654' title='bbox 1469 4944 1592 4999; x_wconf 84' lang='grc' dir='ltr'>τάδε</span> <span class='ocrx_word' id='word_1_655' title='bbox 1624 4960 1754 5014; x_wconf 87' lang='grc' dir='ltr'>μαρ-</span> 
     </span>
    </p>
   </div>
   <div class='ocr_carea' id='block_1_93' title="bbox 198 5033 1756 5110">
    <p class='ocr_par' dir='ltr' id='par_1_93' title="bbox 198 5033 1756 5110">
     <span class='ocr_line' id='line_1_93' title="bbox 198 5033 1756 5110; baseline -0.003 -20"><span class='ocrx_word' id='word_1_656' title='bbox 198 5037 441 5110; x_wconf 83' lang='grc' dir='ltr'>τύρομαι.</span> <span class='ocrx_word' id='word_1_657' title='bbox 465 5039 547 5092; x_wconf 80' lang='grc' dir='ltr'>ὅτι</span> <span class='ocrx_word' id='word_1_658' title='bbox 574 5038 648 5108; x_wconf 81' lang='grc' dir='ltr'>μὴ</span> <span class='ocrx_word' id='word_1_659' title='bbox 669 5038 877 5108; x_wconf 81' lang='grc' dir='ltr'>ἀνάγκη</span> <span class='ocrx_word' id='word_1_660' title='bbox 924 5053 1004 5091; x_wconf 92' lang='grc' dir='ltr'><strong>σοι</strong></span> <span class='ocrx_word' id='word_1_661' title='bbox 1052 5037 1119 5091; x_wconf 81' lang='grc' dir='ltr'><strong>τά</strong></span> <span class='ocrx_word' id='word_1_662' title='bbox 1152 5037 1280 5107; x_wconf 76' lang='grc' dir='ltr'>περὶ</span> <span class='ocrx_word' id='word_1_663' title='bbox 1331 5035 1528 5090; x_wconf 83' lang='grc' dir='ltr'>θυσιῶν</span> <span class='ocrx_word' id='word_1_664' title='bbox 1560 5033 1756 5105; x_wconf 82' lang='grc' dir='ltr'>φυλάτ-</span> 
     </span>
    </p>
   </div>
   <div class='ocr_carea' id='block_1_94' title="bbox 198 5127 1751 5201">
    <p class='ocr_par' dir='ltr' id='par_1_94' title="bbox 198 5127 1751 5201">
     <span class='ocr_line' id='line_1_94' title="bbox 198 5127 1751 5201; baseline 0.001 -20"><span class='ocrx_word' id='word_1_665' title='bbox 198 5145 302 5184; x_wconf 77' lang='grc' dir='ltr'>τειν</span> <span class='ocrx_word' id='word_1_666' title='bbox 326 5131 557 5201; x_wconf 81' lang='grc' dir='ltr'>νόμιμα.</span> <span class='ocrx_word' id='word_1_667' title='bbox 592 5127 709 5183; x_wconf 80' lang='grc' dir='ltr'>Κᾶν</span> <span class='ocrx_word' id='word_1_668' title='bbox 739 5129 847 5200; x_wconf 76' lang='grc' dir='ltr'><strong>γὰρ</strong></span> <span class='ocrx_word' id='word_1_669' title='bbox 905 5129 979 5201; x_wconf 78' lang='grc' dir='ltr'>μὴ</span> <span class='ocrx_word' id='word_1_670' title='bbox 1011 5130 1325 5201; x_wconf 76' lang='grc' dir='ltr'>προσφέρῃς</span> <span class='ocrx_word' id='word_1_671' title='bbox 1365 5129 1522 5194; x_wconf 74' lang='grc' dir='ltr'>αὐτὰ,</span> <span class='ocrx_word' id='word_1_672' title='bbox 1579 5129 1751 5195; x_wconf 84' lang='grc' dir='ltr'>οὓτως</span> 
     </span>
    </p>
   </div>
   <div class='ocr_carea' id='block_1_95' title="bbox 201 5217 1752 5293">
    <p class='ocr_par' dir='ltr' id='par_1_95' title="bbox 201 5217 1752 5293">
     <span class='ocr_line' id='line_1_95' title="bbox 201 5217 1752 5293; baseline -0.002 -17"><span class='ocrx_word' id='word_1_673' title='bbox 201 5219 670 5292; x_wconf 76' lang='grc' dir='ltr'>προσενηνεγμένα</span> <span class='ocrx_word' id='word_1_674' title='bbox 716 5219 852 5272; x_wconf 69' lang='grc' dir='ltr'>ἔστί.</span> <span class='ocrx_word' id='word_1_675' title='bbox 887 5219 964 5273; x_wconf 83' lang='grc' dir='ltr'><strong>Τὰ</strong></span> <span class='ocrx_word' id='word_1_676' title='bbox 988 5218 1094 5293; x_wconf 82' lang='grc' dir='ltr'><strong>γὰρ</strong></span> <span class='ocrx_word' id='word_1_677' title='bbox 1122 5217 1582 5289; x_wconf 74' lang='grc' dir='ltr'>ὁλοκαυτώματα</span> <span class='ocrx_word' id='word_1_678' title='bbox 1635 5237 1752 5274; x_wconf 92' lang='grc' dir='ltr'><strong>σου</strong></span> 
     </span>
    </p>
   </div>
   <div class='ocr_carea' id='block_1_96' title="bbox 199 5309 1754 5382">
    <p class='ocr_par' dir='ltr' id='par_1_96' title="bbox 199 5309 1754 5382">
     <span class='ocr_line' id='line_1_96' title="bbox 199 5309 1754 5382; baseline -0.002 -17"><span class='ocrx_word' id='word_1_679' title='bbox 199 5311 444 5368; x_wconf 64' lang='grc' dir='ltr'>ἐνώπιόν</span> <span class='ocrx_word' id='word_1_680' title='bbox 484 5313 602 5381; x_wconf 79' lang='grc' dir='ltr'>μού</span> <span class='ocrx_word' id='word_1_681' title='bbox 653 5310 782 5364; x_wconf 78' lang='grc' dir='ltr'>ἐστι</span> <span class='ocrx_word' id='word_1_682' title='bbox 838 5309 1179 5378; x_wconf 81' lang='grc' dir='ltr'>διαπαντὸς,</span> <span class='ocrx_word' id='word_1_683' title='bbox 1221 5310 1322 5365; x_wconf 80' lang='grc' dir='ltr'>κᾶν</span> <span class='ocrx_word' id='word_1_684' title='bbox 1350 5311 1423 5382; x_wconf 84' lang='grc' dir='ltr'>μὴ</span> <span class='ocrx_word' id='word_1_685' title='bbox 1445 5311 1754 5382; x_wconf 83' lang='grc' dir='ltr'>προσφέρη-</span> 
     </span>
    </p>
   </div>
   <div class='ocr_carea' id='block_1_97' title="bbox 200 5399 1752 5473">
    <p class='ocr_par' dir='ltr' id='par_1_97' title="bbox 200 5399 1752 5473">
     <span class='ocr_line' id='line_1_97' title="bbox 200 5399 1752 5473; baseline 0.001 -19"><span class='ocrx_word' id='word_1_686' title='bbox 200 5417 298 5457; x_wconf 78' lang='grc' dir='ltr'>ται.</span> <span class='ocrx_word' id='word_1_687' title='bbox 331 5403 393 5456; x_wconf 82' lang='lat' dir='ltr'><strong>El</strong></span> <span class='ocrx_word' id='word_1_688' title='bbox 413 5403 475 5457; x_wconf 67' lang='grc' dir='ltr'>δὲ</span> <span class='ocrx_word' id='word_1_689' title='bbox 513 5401 572 5466; x_wconf 66' lang='grc' dir='ltr'><strong>ἐξ</strong></span> <span class='ocrx_word' id='word_1_690' title='bbox 602 5399 838 5463; x_wconf 75' lang='grc' dir='ltr'>ἅπαντος</span> <span class='ocrx_word' id='word_1_691' title='bbox 868 5400 1184 5466; x_wconf 76' lang='grc' dir='ltr'>σπουδάζεις</span> <span class='ocrx_word' id='word_1_692' title='bbox 1227 5401 1414 5473; x_wconf 83' lang='grc' dir='ltr'>ὥσπερ</span> <span class='ocrx_word' id='word_1_693' title='bbox 1444 5400 1566 5455; x_wconf 81' lang='grc' dir='ltr'>τινὰ</span> <span class='ocrx_word' id='word_1_694' title='bbox 1594 5400 1752 5472; x_wconf 83' lang='grc' dir='ltr'>τίμια</span> 
     </span>
    </p>
   </div>
   <div class='ocr_carea' id='block_1_98' title="bbox 201 5492 1752 5566">
    <p class='ocr_par' dir='ltr' id='par_1_98' title="bbox 201 5492 1752 5566">
     <span class='ocr_line' id='line_1_98' title="bbox 201 5492 1752 5566; baseline -0.002 -18"><span class='ocrx_word' id='word_1_695' title='bbox 201 5495 285 5548; x_wconf 66' lang='grc' dir='ltr'>καὶ</span> <span class='ocrx_word' id='word_1_696' title='bbox 330 5496 604 5564; x_wconf 81' lang='grc' dir='ltr'>ἀναγκαῖα</span> <span class='ocrx_word' id='word_1_697' title='bbox 649 5492 819 5548; x_wconf 79' lang='grc' dir='ltr'>ταῦτα</span> <span class='ocrx_word' id='word_1_698' title='bbox 867 5493 1180 5565; x_wconf 84' lang='grc' dir='ltr'>προσάγειν,</span> <span class='ocrx_word' id='word_1_699' title='bbox 1233 5495 1394 5548; x_wconf 75' lang='grc' dir='ltr'>ἄκουε</span> <span class='ocrx_word' id='word_1_700' title='bbox 1442 5494 1578 5566; x_wconf 77' lang='grc' dir='ltr'>μετὰ</span> <span class='ocrx_word' id='word_1_701' title='bbox 1611 5496 1752 5564; x_wconf 74' lang='grc' dir='ltr'>παῤ-</span> 
     </span>
    </p>
   </div>
   <div class='ocr_carea' id='block_1_99' title="bbox 202 5585 1750 5658">
    <p class='ocr_par' dir='ltr' id='par_1_99' title="bbox 202 5585 1750 5658">
     <span class='ocr_line' id='line_1_99' title="bbox 202 5585 1750 5658; baseline -0.001 -17"><span class='ocrx_word' id='word_1_702' title='bbox 202 5588 401 5658; x_wconf 70' lang='grc' dir='ltr'>ρησίας,</span> <span class='ocrx_word' id='word_1_703' title='bbox 435 5587 513 5651; x_wconf 84' lang='grc' dir='ltr'><strong>ὡς</strong></span> <span class='ocrx_word' id='word_1_704' title='bbox 546 5587 698 5641; x_wconf 67' lang='grc' dir='ltr'>οὐδὲν</span> <span class='ocrx_word' id='word_1_705' title='bbox 726 5585 928 5640; x_wconf 82' lang='grc' dir='ltr'>τούτων</span> <span class='ocrx_word' id='word_1_706' title='bbox 956 5586 1106 5657; x_wconf 79' lang='grc' dir='ltr'><strong>παρά</strong></span> <span class='ocrx_word' id='word_1_707' title='bbox 1126 5585 1219 5640; x_wconf 85' lang='grc' dir='ltr'>σοῦ</span> <span class='ocrx_word' id='word_1_708' title='bbox 1241 5587 1478 5658; x_wconf 77' lang='grc' dir='ltr'>δέξομαι.</span> <span class='ocrx_word' id='word_1_709' title='bbox 1515 5586 1750 5658; x_wconf 86' lang='grc' dir='ltr'>Περιττά</span> 
     </span>
    </p>
   </div>
   <div class='ocr_carea' id='block_1_100' title="bbox 1855 4671 3410 4746">
    <p class='ocr_par' dir='ltr' id='par_1_100' title="bbox 1855 4671 3410 4746">
     <span class='ocr_line' id='line_1_100' title="bbox 1855 4671 3410 4746; baseline 0.001 -18"><span class='ocrx_word' id='word_1_710' title='bbox 1855 4675 1994 4729; x_wconf 89' lang='lat' dir='ltr'><strong>idem</strong></span> <span class='ocrx_word' id='word_1_711' title='bbox 2023 4675 2273 4743; x_wconf 90' lang='lat' dir='ltr'><strong>ipsesum</strong></span> <span class='ocrx_word' id='word_1_712' title='bbox 2308 4671 2404 4746; x_wconf 86' lang='lat' dir='ltr'><strong>qui</strong></span> <span class='ocrx_word' id='word_1_713' title='bbox 2457 4673 2597 4742; x_wconf 89' lang='lat' dir='ltr'><strong>apud</strong></span> <span class='ocrx_word' id='word_1_714' title='bbox 2649 4672 2852 4728; x_wconf 85' lang='lat' dir='ltr'><strong>Mosem</strong></span> <span class='ocrx_word' id='word_1_715' title='bbox 2898 4674 2968 4732; x_wconf 83' lang='lat' dir='ltr'><strong>de</strong></span> <span class='ocrx_word' id='word_1_716' title='bbox 3017 4676 3410 4730; x_wconf 78' lang='lat' dir='ltr'><strong>sacriticiisle-</strong></span> 
     </span>
    </p>
   </div>
   <div class='ocr_carea' id='block_1_101' title="bbox 1855 4762 3408 4836">
    <p class='ocr_par' dir='ltr' id='par_1_101' title="bbox 1855 4762 3408 4836">
     <span class='ocr_line' id='line_1_101' title="bbox 1855 4762 3408 4836; baseline 0.003 -19"><span class='ocrx_word' id='word_1_717' title='bbox 1855 4779 1972 4834; x_wconf 89' lang='lat' dir='ltr'><strong>gem</strong></span> <span class='ocrx_word' id='word_1_718' title='bbox 2013 4764 2133 4816; x_wconf 91' lang='lat' dir='ltr'><strong>tuli.</strong></span> <span class='ocrx_word' id='word_1_719' title='bbox 2183 4762 2466 4818; x_wconf 85' lang='lat' dir='ltr'><strong>Testiﬁeor</strong></span> <span class='ocrx_word' id='word_1_720' title='bbox 2507 4771 2686 4817; x_wconf 89' lang='lat' dir='ltr'><strong>autem</strong></span> <span class='ocrx_word' id='word_1_721' title='bbox 2730 4765 2826 4818; x_wconf 91' lang='lat' dir='ltr'><strong>tibi</strong></span> <span class='ocrx_word' id='word_1_722' title='bbox 2878 4775 2932 4820; x_wconf 88' lang='lat' dir='ltr'><strong>te</strong></span> <span class='ocrx_word' id='word_1_723' title='bbox 2987 4783 3094 4820; x_wconf 91' lang='lat' dir='ltr'><strong>non</strong></span> <span class='ocrx_word' id='word_1_724' title='bbox 3129 4767 3408 4836; x_wconf 86' lang='lat' dir='ltr'><strong>culpatum</strong></span> 
     </span>
    </p>
   </div>
   <div class='ocr_carea' id='block_1_102' title="bbox 1856 4853 3410 4926">
    <p class='ocr_par' dir='ltr' id='par_1_102' title="bbox 1856 4853 3410 4926">
     <span class='ocr_line' id='line_1_102' title="bbox 1856 4853 3410 4926; baseline 0.003 -18"><span class='ocrx_word' id='word_1_725' title='bbox 1856 4854 1922 4908; x_wconf 90' lang='lat' dir='ltr'><strong>iri</strong></span> <span class='ocrx_word' id='word_1_726' title='bbox 1956 4855 2000 4908; x_wconf 91' lang='lat' dir='ltr'><strong>si</strong></span> <span class='ocrx_word' id='word_1_727' title='bbox 2043 4854 2187 4924; x_wconf 90' lang='lat' dir='ltr'><strong>leges</strong></span> <span class='ocrx_word' id='word_1_728' title='bbox 2218 4853 2383 4910; x_wconf 83' lang='lat' dir='ltr'><strong>Mosis</strong></span> <span class='ocrx_word' id='word_1_729' title='bbox 2423 4867 2842 4926; x_wconf 64' lang='lat' dir='ltr'><strong>praetergressus</strong></span> <span class='ocrx_word' id='word_1_730' title='bbox 2870 4857 3058 4911; x_wconf 81' lang='lat' dir='ltr'><strong>fueris.</strong></span> <span class='ocrx_word' id='word_1_731' title='bbox 3115 4855 3236 4926; x_wconf 83' lang='lat' dir='ltr'><strong>Ipse</strong></span> <span class='ocrx_word' id='word_1_732' title='bbox 3262 4859 3410 4912; x_wconf 89' lang='lat' dir='ltr'><strong>enim</strong></span> 
     </span>
    </p>
   </div>
   <div class='ocr_carea' id='block_1_103' title="bbox 1855 4947 3410 5015">
    <p class='ocr_par' dir='ltr' id='par_1_103' title="bbox 1855 4947 3410 5015">
     <span class='ocr_line' id='line_1_103' title="bbox 1855 4947 3410 5015; baseline 0.003 -16"><span class='ocrx_word' id='word_1_733' title='bbox 1855 4959 1956 5015; x_wconf 77' lang='lat' dir='ltr'><strong>ego</strong></span> <span class='ocrx_word' id='word_1_734' title='bbox 2001 4961 2122 5000; x_wconf 91' lang='lat' dir='ltr'><strong>sum</strong></span> <span class='ocrx_word' id='word_1_735' title='bbox 2174 4947 2266 5015; x_wconf 89' lang='lat' dir='ltr'><strong>qui</strong></span> <span class='ocrx_word' id='word_1_736' title='bbox 2322 4947 2442 5001; x_wconf 89' lang='lat' dir='ltr'><strong>illas</strong></span> <span class='ocrx_word' id='word_1_737' title='bbox 2475 4956 2606 5001; x_wconf 89' lang='lat' dir='ltr'><strong>tunc</strong></span> <span class='ocrx_word' id='word_1_738' title='bbox 2642 4961 2808 5015; x_wconf 85' lang='lat' dir='ltr'><strong>puero</strong></span> <span class='ocrx_word' id='word_1_739' title='bbox 2843 4962 2966 5001; x_wconf 92' lang='lat' dir='ltr'><strong>meo</strong></span> <span class='ocrx_word' id='word_1_740' title='bbox 3009 4947 3075 5001; x_wconf 92' lang='lat' dir='ltr'><strong>ad</strong></span> <span class='ocrx_word' id='word_1_741' title='bbox 3123 4949 3410 5005; x_wconf 86' lang='lat' dir='ltr'><strong>utilitatem</strong></span> 
     </span>
    </p>
   </div>
   <div class='ocr_carea' id='block_1_104' title="bbox 1855 5035 3409 5106">
    <p class='ocr_par' dir='ltr' id='par_1_104' title="bbox 1855 5035 3409 5106">
     <span class='ocr_line' id='line_1_104' title="bbox 1855 5035 3409 5106; baseline 0.004 -16"><span class='ocrx_word' id='word_1_742' title='bbox 1855 5035 1972 5106; x_wconf 90' lang='lat' dir='ltr'><strong>ejus</strong></span> <span class='ocrx_word' id='word_1_743' title='bbox 2000 5036 2217 5099; x_wconf 86' lang='lat' dir='ltr'><strong>tradidi,</strong></span> <span class='ocrx_word' id='word_1_744' title='bbox 2247 5044 2301 5091; x_wconf 91' lang='lat' dir='ltr'><strong>et</strong></span> <span class='ocrx_word' id='word_1_745' title='bbox 2345 5035 2458 5106; x_wconf 84' lang='lat' dir='ltr'><strong>jam</strong></span> <span class='ocrx_word' id='word_1_746' title='bbox 2506 5038 2786 5099; x_wconf 86' lang='lat' dir='ltr'><strong>testiﬁcor,</strong></span> <span class='ocrx_word' id='word_1_747' title='bbox 2825 5038 2922 5091; x_wconf 91' lang='lat' dir='ltr'><strong>tibi</strong></span> <span class='ocrx_word' id='word_1_748' title='bbox 2964 5053 3073 5092; x_wconf 91' lang='lat' dir='ltr'><strong>non</strong></span> <span class='ocrx_word' id='word_1_749' title='bbox 3121 5054 3409 5096; x_wconf 86' lang='lat' dir='ltr'><strong>necessum</strong></span> 
     </span>
    </p>
   </div>
   <div class='ocr_carea' id='block_1_105' title="bbox 1855 5124 3412 5196">
    <p class='ocr_par' dir='ltr' id='par_1_105' title="bbox 1855 5124 3412 5196">
     <span class='ocr_line' id='line_1_105' title="bbox 1855 5124 3412 5196; baseline 0.004 -18"><span class='ocrx_word' id='word_1_750' title='bbox 1855 5139 1977 5180; x_wconf 88' lang='lat' dir='ltr'><strong>esse</strong></span> <span class='ocrx_word' id='word_1_751' title='bbox 2011 5124 2198 5195; x_wconf 70' lang='lat' dir='ltr'><strong>legalia</strong></span> <span class='ocrx_word' id='word_1_752' title='bbox 2227 5125 2292 5180; x_wconf 88' lang='lat' dir='ltr'><strong>de</strong></span> <span class='ocrx_word' id='word_1_753' title='bbox 2325 5125 2612 5180; x_wconf 88' lang='lat' dir='ltr'><strong>sacriliciis</strong></span> <span class='ocrx_word' id='word_1_754' title='bbox 2647 5137 2912 5196; x_wconf 69' lang='lat' dir='ltr'><strong>praecepta</strong></span> <span class='ocrx_word' id='word_1_755' title='bbox 2939 5142 3179 5185; x_wconf 80' lang='lat' dir='ltr'><strong>servare.</strong></span> <span class='ocrx_word' id='word_1_756' title='bbox 3207 5127 3412 5185; x_wconf 83' lang='lat' dir='ltr'><strong>Etiam-</strong></span> 
     </span>
    </p>
   </div>
   <div class='ocr_carea' id='block_1_106' title="bbox 1855 5215 3411 5283">
    <p class='ocr_par' dir='ltr' id='par_1_106' title="bbox 1855 5215 3411 5283">
     <span class='ocr_line' id='line_1_106' title="bbox 1855 5215 3411 5283; baseline 0.004 -14"><span class='ocrx_word' id='word_1_757' title='bbox 1855 5215 1901 5269; x_wconf 90' lang='lat' dir='ltr'><strong>si</strong></span> <span class='ocrx_word' id='word_1_758' title='bbox 1935 5215 2080 5270; x_wconf 90' lang='lat' dir='ltr'><strong>enim</strong></span> <span class='ocrx_word' id='word_1_759' title='bbox 2117 5231 2180 5269; x_wconf 90' lang='lat' dir='ltr'><strong>ea</strong></span> <span class='ocrx_word' id='word_1_760' title='bbox 2216 5231 2321 5270; x_wconf 90' lang='lat' dir='ltr'><strong>non</strong></span> <span class='ocrx_word' id='word_1_761' title='bbox 2350 5216 2634 5283; x_wconf 90' lang='lat' dir='ltr'><strong>obtuleris,</strong></span> <span class='ocrx_word' id='word_1_762' title='bbox 2684 5216 3040 5274; x_wconf 87' lang='lat' dir='ltr'><strong>nihilominus</strong></span> <span class='ocrx_word' id='word_1_763' title='bbox 3089 5225 3216 5275; x_wconf 90' lang='lat' dir='ltr'><strong>sunt</strong></span> <span class='ocrx_word' id='word_1_764' title='bbox 3258 5220 3411 5275; x_wconf 82' lang='lat' dir='ltr'><strong>obla-</strong></span> 
     </span>
    </p>
   </div>
   <div class='ocr_carea' id='block_1_107' title="bbox 1857 5306 3413 5378">
    <p class='ocr_par' dir='ltr' id='par_1_107' title="bbox 1857 5306 3413 5378">
     <span class='ocr_line' id='line_1_107' title="bbox 1857 5306 3413 5378; baseline 0.004 -18"><span class='ocrx_word' id='word_1_765' title='bbox 1857 5316 1944 5361; x_wconf 90' lang='lat' dir='ltr'><strong>ta:</strong></span> <span class='ocrx_word' id='word_1_766' title='bbox 1977 5322 2099 5360; x_wconf 89' lang='lat' dir='ltr'><strong>nam</strong></span> <span class='ocrx_word' id='word_1_767' title='bbox 2141 5306 2470 5362; x_wconf 84' lang='lat' dir='ltr'><strong>Holocausta</strong></span> <span class='ocrx_word' id='word_1_768' title='bbox 2497 5320 2588 5362; x_wconf 86' lang='lat' dir='ltr'><strong>tua</strong></span> <span class='ocrx_word' id='word_1_769' title='bbox 2612 5309 2667 5361; x_wconf 87' lang='lat' dir='ltr'><strong>in</strong></span> <span class='ocrx_word' id='word_1_770' title='bbox 2711 5318 2988 5378; x_wconf 87' lang='lat' dir='ltr'><strong>conspectu</strong></span> <span class='ocrx_word' id='word_1_771' title='bbox 3024 5319 3112 5364; x_wconf 88' lang='lat' dir='ltr'><strong>tuo</strong></span> <span class='ocrx_word' id='word_1_772' title='bbox 3134 5321 3254 5364; x_wconf 87' lang='lat' dir='ltr'><strong>sunt</strong></span> <span class='ocrx_word' id='word_1_773' title='bbox 3279 5328 3413 5368; x_wconf 81' lang='lat' dir='ltr'><strong>sem-</strong></span> 
     </span>
    </p>
   </div>
   <div class='ocr_carea' id='block_1_108' title="bbox 1853 5402 3413 5470">
    <p class='ocr_par' dir='ltr' id='par_1_108' title="bbox 1853 5402 3413 5470">
     <span class='ocr_line' id='line_1_108' title="bbox 1853 5402 3413 5470; baseline 0.004 -16"><span class='ocrx_word' id='word_1_774' title='bbox 1853 5415 1964 5470; x_wconf 88' lang='lat' dir='ltr'><strong>per,</strong></span> <span class='ocrx_word' id='word_1_775' title='bbox 1994 5402 2208 5459; x_wconf 87' lang='lat' dir='ltr'><strong>etiamsi</strong></span> <span class='ocrx_word' id='word_1_776' title='bbox 2259 5419 2367 5458; x_wconf 92' lang='lat' dir='ltr'><strong>non</strong></span> <span class='ocrx_word' id='word_1_777' title='bbox 2409 5404 2724 5460; x_wconf 82' lang='lat' dir='ltr'><strong>oll‘erantur.</strong></span> <span class='ocrx_word' id='word_1_778' title='bbox 2762 5403 2819 5459; x_wconf 91' lang='lat' dir='ltr'><strong>Si</strong></span> <span class='ocrx_word' id='word_1_779' title='bbox 2844 5413 3025 5460; x_wconf 90' lang='lat' dir='ltr'><strong>autem</strong></span> <span class='ocrx_word' id='word_1_780' title='bbox 3056 5405 3279 5460; x_wconf 92' lang='lat' dir='ltr'><strong>omnino</strong></span> <span class='ocrx_word' id='word_1_781' title='bbox 3317 5422 3413 5462; x_wconf 88' lang='lat' dir='ltr'><strong>cu-</strong></span> 
     </span>
    </p>
   </div>
   <div class='ocr_carea' id='block_1_109' title="bbox 1857 5496 3414 5566">
    <p class='ocr_par' dir='ltr' id='par_1_109' title="bbox 1857 5496 3414 5566">
     <span class='ocr_line' id='line_1_109' title="bbox 1857 5496 3414 5566; baseline 0.001 -18"><span class='ocrx_word' id='word_1_782' title='bbox 1857 5509 1947 5550; x_wconf 89' lang='lat' dir='ltr'><strong>ras</strong></span> <span class='ocrx_word' id='word_1_783' title='bbox 1973 5508 2037 5550; x_wconf 88' lang='lat' dir='ltr'><strong>ea</strong></span> <span class='ocrx_word' id='word_1_784' title='bbox 2075 5509 2173 5549; x_wconf 87' lang='lat' dir='ltr'><strong>ceu</strong></span> <span class='ocrx_word' id='word_1_785' title='bbox 2217 5496 2453 5566; x_wconf 88' lang='lat' dir='ltr'><strong>pretiosa</strong></span> <span class='ocrx_word' id='word_1_786' title='bbox 2501 5496 2749 5565; x_wconf 61' lang='lat' dir='ltr'><strong>quaedam</strong></span> <span class='ocrx_word' id='word_1_787' title='bbox 2790 5504 2845 5551; x_wconf 85' lang='lat' dir='ltr'><strong>et</strong></span> <span class='ocrx_word' id='word_1_788' title='bbox 2891 5496 3201 5553; x_wconf 85' lang='lat' dir='ltr'><strong>necessaria</strong></span> <span class='ocrx_word' id='word_1_789' title='bbox 3252 5497 3414 5552; x_wconf 84' lang='lat' dir='ltr'><strong>oﬁ&#39;er-</strong></span> 
     </span>
    </p>
   </div>
   <div class='ocr_carea' id='block_1_110' title="bbox 1856 5586 3409 5655">
    <p class='ocr_par' dir='ltr' id='par_1_110' title="bbox 1856 5586 3409 5655">
     <span class='ocr_line' id='line_1_110' title="bbox 1856 5586 3409 5655; baseline 0.003 -15"><span class='ocrx_word' id='word_1_790' title='bbox 1856 5601 1939 5642; x_wconf 85' lang='lat' dir='ltr'><strong>re.</strong></span> <span class='ocrx_word' id='word_1_791' title='bbox 1997 5601 2121 5643; x_wconf 84' lang='lat' dir='ltr'><strong>cum</strong></span> <span class='ocrx_word' id='word_1_792' title='bbox 2162 5586 2355 5642; x_wconf 87' lang='lat' dir='ltr'><strong>ﬁducia</strong></span> <span class='ocrx_word' id='word_1_793' title='bbox 2385 5589 2533 5655; x_wconf 88' lang='lat' dir='ltr'><strong>audi,</strong></span> <span class='ocrx_word' id='word_1_794' title='bbox 2595 5604 2679 5643; x_wconf 91' lang='lat' dir='ltr'><strong>me</strong></span> <span class='ocrx_word' id='word_1_795' title='bbox 2716 5604 2908 5646; x_wconf 86' lang='lat' dir='ltr'><strong>eorum</strong></span> <span class='ocrx_word' id='word_1_796' title='bbox 2972 5590 3163 5645; x_wconf 86' lang='lat' dir='ltr'><strong>nihila</strong></span> <span class='ocrx_word' id='word_1_797' title='bbox 3209 5598 3260 5646; x_wconf 85' lang='lat' dir='ltr'><strong>te</strong></span> <span class='ocrx_word' id='word_1_798' title='bbox 3315 5604 3409 5644; x_wconf 88' lang='lat' dir='ltr'><strong>ac-</strong></span> 
     </span>
    </p>
   </div>
   <div class='ocr_carea' id='block_1_111' title="bbox 271 5745 1755 5817">
    <p class='ocr_par' dir='ltr' id='par_1_111' title="bbox 271 5745 1755 5816">
     <span class='ocr_line' id='line_1_111' title="bbox 271 5745 1755 5816; baseline -0.004 -12"><span class='ocrx_word' id='word_1_799' title='bbox 271 5748 314 5781; x_wconf 83' lang='lat'><strong>&quot;</strong></span> <span class='ocrx_word' id='word_1_800' title='bbox 343 5749 511 5806; x_wconf 77' lang='lat' dir='ltr'><strong>Hebr.</strong></span> <span class='ocrx_word' id='word_1_801' title='bbox 544 5767 584 5816; x_wconf 87' lang='grc' dir='ltr'><strong>ι,</strong></span> <span class='ocrx_word' id='word_1_802' title='bbox 623 5750 709 5804; x_wconf 71' lang='grc'><strong>14.</strong></span> <span class='ocrx_word' id='word_1_803' title='bbox 799 5749 844 5781; x_wconf 72' lang='grc' dir='ltr'><strong>υ</strong></span> <span class='ocrx_word' id='word_1_804' title='bbox 871 5747 1008 5804; x_wconf 84' lang='lat' dir='ltr'><strong>Gen.</strong></span> <span class='ocrx_word' id='word_1_805' title='bbox 1045 5763 1236 5811; x_wconf 73' lang='lat' dir='ltr'><strong>xxvm,</strong></span> <span class='ocrx_word' id='word_1_806' title='bbox 1270 5747 1354 5802; x_wconf 75' lang='grc'>19..</span> <span class='ocrx_word' id='word_1_807' title='bbox 1429 5746 1475 5779; x_wconf 73' lang='grc'><strong>⁸⁸</strong></span> <span class='ocrx_word' id='word_1_808' title='bbox 1501 5745 1644 5801; x_wconf 85' lang='lat' dir='ltr'><strong>Psal.</strong></span> <span class='ocrx_word' id='word_1_809' title='bbox 1681 5761 1755 5799; x_wconf 70' lang='lat' dir='ltr'><strong>xx</strong></span> 
     </span>
    </p>
   </div>
   <div class='ocr_carea' id='block_1_112' title="bbox 1855 5745 3116 5817">
    <p class='ocr_par' dir='ltr' id='par_1_112' title="bbox 1860 5745 3116 5817">
     <span class='ocr_line' id='line_1_112' title="bbox 1860 5745 3116 5817; baseline 0.004 -15"><span class='ocrx_word' id='word_1_810' title='bbox 1860 5786 1875 5811; x_wconf 89' lang='lat'><strong>,</strong></span> <span class='ocrx_word' id='word_1_811' title='bbox 1901 5745 1956 5802; x_wconf 90' lang='lat'><strong>8.</strong></span> <span class='ocrx_word' id='word_1_812' title='bbox 2030 5747 2076 5779; x_wconf 82' lang='lat'><strong>”</strong></span> <span class='ocrx_word' id='word_1_813' title='bbox 2103 5745 2292 5804; x_wconf 79' lang='lat' dir='ltr'><strong>Matth.</strong></span> <span class='ocrx_word' id='word_1_814' title='bbox 2333 5749 2592 5816; x_wconf 60' lang='lat' dir='ltr'><strong>sun-tl.</strong></span> <span class='ocrx_word' id='word_1_815' title='bbox 2668 5749 2714 5783; x_wconf 83' lang='lat'><strong>&quot;</strong></span> <span class='ocrx_word' id='word_1_816' title='bbox 2755 5750 2910 5810; x_wconf 81' lang='lat' dir='ltr'><strong>Joan.</strong></span> <span class='ocrx_word' id='word_1_817' title='bbox 2953 5751 3116 5817; x_wconf 61' lang='lat' dir='ltr'><strong>v.21</strong></span> 
     </span>
    </p>
   </div>
   <div class='ocr_carea' id='block_1_113' title="bbox 261 5901 1826 5981">
    <p class='ocr_par' dir='ltr' id='par_1_113' title="bbox 261 5901 1826 5981">
     <span class='ocr_line' id='line_1_113' title="bbox 261 5901 1826 5981; baseline -0.003 -20"><span class='ocrx_word' id='word_1_818' title='bbox 261 5906 336 5977; x_wconf 88' lang='lat' dir='ltr'><strong>(a)</strong></span> <span class='ocrx_word' id='word_1_819' title='bbox 364 5908 637 5980; x_wconf 74' lang='lat' dir='ltr'><strong>Inter-pres</strong></span> <span class='ocrx_word' id='word_1_820' title='bbox 665 5909 857 5978; x_wconf 77' lang='lat' dir='ltr'><strong>legisse</strong></span> <span class='ocrx_word' id='word_1_821' title='bbox 885 5907 1098 5962; x_wconf 77' lang='lat' dir='ltr'><strong>\‘Idcllll‘</strong></span> <span class='ocrx_word' id='word_1_822' title='bbox 1125 5904 1633 5981; x_wconf 68' lang='grc' dir='ltr'>καταλειφθήσεται.</span> <span class='ocrx_word' id='word_1_823' title='bbox 1668 5901 1826 5958; x_wconf 76' lang='lat' dir='ltr'><strong>Eutr.</strong></span> 
     </span>
    </p>
   </div>
   <div class='ocr_carea' id='block_1_114' title="bbox 507 5997 1226 6063">
    <p class='ocr_par' dir='ltr' id='par_1_114' title="bbox 507 5997 1226 6063">
     <span class='ocr_line' id='line_1_114' title="bbox 507 5997 1226 6063; baseline -0.007 0"><span class='ocrx_word' id='word_1_824' title='bbox 507 6001 783 6063; x_wconf 68' lang='grc' dir='ltr'>Ριτιοι..</span> <span class='ocrx_word' id='word_1_825' title='bbox 809 5999 927 6060; x_wconf 74' lang='lat' dir='ltr'><strong>Gn.</strong></span> <span class='ocrx_word' id='word_1_826' title='bbox 965 5997 1226 6060; x_wconf 78' lang='grc' dir='ltr'>Χχνιι.</span> 
     </span>
    </p>
   </div>
   <div class='ocr_carea' id='block_1_115' title="bbox 3056 5992 3095 6052">
    <p class='ocr_par' dir='ltr' id='par_1_115' title="bbox 3056 5992 3095 6052">
     <span class='ocr_line' id='line_1_115' title="bbox 3056 5992 3095 6052; baseline 0 0"><span class='ocrx_word' id='word_1_827' title='bbox 3056 5992 3095 6052; x_wconf 87' lang='lat'>8</span> 
     </span>
    </p>
   </div>
  </div>
