4108 6492
684 436 790 492 235

1509 435 1563 488 5.
1607 432 1971 489 ATHANASII
2009 433 2160 489 OPP.
2201 433 2381 489 PARS
2418 433 2506 488 lll.
2540 466 2609 476 —
2645 432 3050 490 EXEGETICA.

3777 433 3880 490 236

689 564 990 624 capturum.
1025 554 1304 625 Superllua
1333 555 1476 608 enim
1509 556 1636 608 mihi
1664 556 1846 610 omnia
1877 565 2023 610 sunt.
2051 555 2234 621 Quan-

2341 556 2443 625 γάρ
2471 573 2558 625 μοι
2605 555 2798 608 πάντα·
2832 554 3015 624 ἐπειδὴ
3048 553 3138 606 καὶ
3179 553 3246 606 τὰ
3303 555 3360 606 ἐν
3397 554 3583 624 ἀγροῖς
3623 552 3886 623 νεμόμενα

689 647 978 715 doquidem
1032 657 1083 701 et
1137 662 1256 715 qua:
1299 647 1351 699 in
1403 647 1545 715 agris
1587 658 1887 715 pascuntur
1916 649 2232 712 animantia,

689 739 875 801 boves,
913 738 1176 806 iumenta,
1203 739 1454 791 volucres
1481 739 1622 798 C(Bli,
1648 748 1699 792 et
1725 740 2066 807 pulchritudo
2088 739 2228 809 agri,

689 830 868 883 omnia
890 841 1002 883 mea
1018 838 1214 891 suut,et
1242 829 1432 881 horum
1459 830 1588 882 nihil
1617 845 1768 899 egeo.
1803 831 2236 899 Quodsiquando

690 921 821 973 mihi
857 921 1147 974 necessitas
1174 919 1310 972 foret
1340 921 1603 985 alimenti,
1659 937 1766 974 non
1791 923 1861 975 ita
1884 938 2086 990 egenus
2135 937 2236 992 ego

690 1028 831 1071 sum.
863 1022 921 1064 ut
951 1027 980 1064 a
1027 1021 1077 1064 te
1111 1012 1234 1064 talia
1266 1014 1564 1079 postulem:
1597 1010 1742 1064 Meus
1794 1021 1870 1065 est
1919 1014 2055 1065 enim
2095 1013 2234 1067 orbis

689 1112 841 1155 terra
873 1101 935 1152 ⁵⁷.
973 1100 1074 1153 Sed
1100 1116 1344 1169 quaenam
1371 1111 1520 1170 grata
1556 1103 1685 1154 mihi
1708 1102 1901 1156 otl‘ercs
1931 1103 2234 1157 sacriﬁcia?

689 1191 924 1253 laudem,
958 1191 1250 1254 canticum,
1308 1191 1548 1246 divinum
1574 1209 1901 1247 sermonem.
1953 1195 2087 1248 Cum
2137 1210 2235 1248 au-

689 1293 796 1338 tem
831 1292 940 1338 lucc
972 1284 1299 1352 impleveris,
1340 1293 1452 1338 tum
1514 1302 1578 1341 ac
1625 1287 1670 1340 si
1726 1287 1892 1355 legem
1954 1288 2235 1356 implesses

687 1377 950 1442 divinam,
983 1377 1286 1431 mercedem
1321 1378 1590 1446 aceipies;
1617 1389 1672 1432 ut
1714 1395 1835 1434 cum
1871 1381 2231 1446 invocaveris,

686 1469 1011 1523 exaudiaris.
1039 1468 1102 1522 Et
1131 1469 1411 1523 declarans
1438 1485 1594 1538 quem
1621 1472 1876 1540 p0pulum
1905 1473 2230 1542 alloquatur,

688 1561 902 1614 intulit:
947 1559 1134 1623 Israel,
1209 1571 1258 1612 et
1311 1561 1628 1628 testiﬁcabor
1681 1562 1792 1614 tibi.
1833 1561 2041 1615 Exinde
2105 1577 2234 1617 vero

687 1669 845 1708 suum
872 1653 1103 1706 ostendit
1123 1651 1417 1705 dominium
1448 1669 1458 1702 :
1495 1651 1629 1704 Deus
1665 1651 1797 1706 Deus
1835 1663 1952 1706 tuus
1977 1669 2067 1722 ego
2095 1669 2230 1716 sum,

686 1746 778 1814 qui
820 1753 870 1798 te
899 1743 1216 1813 Egyptiaca
1256 1743 1516 1798 servitute
1573 1744 1816 1809 liberavi,
1845 1746 1937 1813 qui
1994 1759 2144 1798 mare
2180 1745 2231 1798 iu

687 1836 831 1888 viam
863 1836 1004 1900 dedi,
1046 1835 1138 1904 qul
1188 1837 1241 1888 in
1275 1837 1491 1890 deserto
1545 1837 1798 1898 euuti'ivi,
1850 1837 1942 1905 qui
1983 1852 2100 1891 eam
2134 1837 2231 1891 tibi

687 1929 854 1997 legem
890 1929 1030 1981 dedi.
1059 1927 1190 1980 Nam
1219 1943 1283 1981 ne
1314 1928 1478 1981 alium
1508 1944 1592 1982 me
1629 1929 1991 1997 legis-latorem
2047 1930 2238 1985 existi—
2266 1902 2308 1958 Β

687 2020 940 2085 niaveris,
970 2033 1195 2074 cernens
1226 2021 1399 2089 legum
1422 2020 1812 2076 diversitatem.

757 2198 932 2269 [Deus
970 2199 1100 2252 Deus
1124 2211 1260 2254 tuus.
1296 2199 1352 2254 ld
1391 2209 1493 2264 est,
1522 2200 1615 2270 qui
1660 2215 1852 2268 magna
1876 2203 2138 2257 miracula
2167 2205 2236 2259 ab

687 2293 842 2349 initio
877 2309 1048 2363 usque
1073 2296 1138 2348 ad
1163 2296 1264 2349 hoc
1280 2303 1491 2364 tempus
1524 2294 1706 2365 generi
1738 2302 1918 2349 vestro
1939 2295 2230 2368 cxhibuit.]

759 2468 812 2521 8.
881 2467 1001 2522 Non
1053 2471 1107 2522 in
1136 2471 1414 2537 sacriﬁciis
1457 2474 1558 2524 tuis
1636 2488 1856 2542 arguam
1905 2481 1972 2526 te.
2022 2472 2236 2542 Nequa-

687 2575 848 2628 quam
881 2570 931 2614 te
955 2561 1286 2633 negligentia:
1315 2563 1366 2615 in
1399 2561 1688 2615 afferendis
1712 2561 1996 2615 sacrificiis
2019 2577 2188 2632 arguo
2217 2583 2230 2618 :

689 2649 779 2703 illa
837 2665 1066 2718 namque
1099 2649 1259 2704 offch
1289 2649 1544 2716 assidue;
1577 2649 1666 2704 scd
1693 2651 1949 2720 principio
1978 2665 2044 2705 ne
2084 2651 2235 2707 hisce

688 2738 948 2808 iustitiam
981 2740 1420 2794 circumscribas.

760 2829 844 2885 16.
879 2828 1337 2885 I‘eecatoriautem
1363 2835 1496 2886 dixit
1531 2833 1703 2886 Deus:
1742 2831 1916 2897 Quare
1972 2843 2026 2886 tu
2077 2850 2235 2886 enar-

688 2935 776 2974 ras
801 2920 1036 2988 justitius
1069 2927 1246 2975 meas?
1293 2921 1636 2976 Peccatorem
1688 2924 1791 2976 hoc
1824 2924 1942 2976 loco
1997 2924 2236 2992 promul-

688 3021 924 3080 gatorem
997 3013 1300 3065 divinarum
1374 3013 1772 3081 Scripturarum
1827 3014 1977 3068 dicit.
2050 3013 2236 3068 Simile

690 3111 868 3155 autem
896 3111 976 3154 est
1021 3103 1144 3155 huic
1169 3103 1346 3156 dicto:
1379 3102 1499 3156 Non
1543 3107 1773 3173 speciosa
1805 3106 1921 3158 laus
1951 3115 2027 3158 est
2071 3107 2126 3159 in
2149 3122 2237 3159 ore

689 3195 979 3259 peccatoris
1009 3194 1074 3249 ⁸⁸.
1105 3193 1158 3247 Si
1186 3210 1418 3264 namque
1445 3197 1624 3249 omnia
1656 3207 1918 3265 praecepta
1955 3207 2232 3266 transgre-

689 3285 858 3347 ditur,
895 3294 948 3338 et
975 3286 1122 3338 omni
1147 3286 1362 3338 malitize
1410 3286 1609 3348 studet,
1638 3294 1691 3338 et
1721 3287 1902 3355 lingua
1947 3287 2114 3340 utitur
2140 3289 2237 3343 d0-

689 3391 802 3430 .asa
823 3417 836 3440 ,
868 3391 964 3429 cur
996 3385 1182 3446 postea
1208 3377 1417 3430 divinas
1439 3377 1641 3432 litteras
1673 3378 1727 3431 in
1762 3393 1856 3432 ore
1892 3379 2098 3434 habet?

759 3555 847 3610 2|.
873 3553 1212 3609 Existimasti
1240 3558 1430 3624 inique,
1456 3555 1593 3625 quod
1615 3572 1702 3608 ero
1745 3559 1821 3609 tui
1854 3557 2065 3610 similis.
2097 3557 2237 3614 Olim

690 3647 927 3717 quidem,
948 3649 1040 3709 ait,
1073 3649 1160 3701 diu
1195 3648 1433 3710 toleravi,
1464 3649 1554 3702 sed
1583 3664 1688 3702 non
1710 3648 1820 3717 jam
1847 3649 1898 3702 id
1932 3648 2121 3704 faciam
2149 3669 2160 3704 :
2184 3651 2237 3705 in

690 3739 926 3793 medium
957 3741 1098 3794 enim
1128 3741 1201 3794 tui
1232 3741 1486 3810 arguendi
1528 3756 1689 3795 causa
1738 3741 1958 3796 atl‘eram
2015 3755 2236 3811 peccata

693 3843 942 3904 tua,qu:e
977 3843 1028 3887 tu
1060 3834 1274 3902 quidem
1304 3834 1654 3890 existimabas
1687 3850 1792 3886 non
1825 3834 1962 3888 ultra
2007 3836 2234 3890 exsiste-

692 3939 770 3987 re,
801 3940 975 3991 neque
1024 3925 1075 3977 in
1114 3925 1418 3992 cuiuspiam
1467 3925 1785 3977 memoriam
1837 3934 2060 3978 ventura
2098 3940 2235 3980 esse.

693 4013 803 4081 Ego
824 4028 950 4066 vero
967 4023 1148 4081 utpote
1183 4012 1324 4066 Deus
1346 4013 1408 4066 ad
1457 4013 1631 4066 lucem
1663 4013 1954 4082 producam
2006 4015 2117 4077 illa,
2154 4025 2240 4069 at-

692 4117 797 4170 que
818 4113 1151 4172 apponentur
1199 4103 1251 4155 in
1289 4119 1454 4173 consp
1489 4112 1632 4157 ctum
1668 4113 1842 4158 tuum.
1885 4103 2067 4174 Neque
2116 4107 2242 4160 abs-

691 4194 916 4248 condam
953 4193 1402 4260 quemadmodum
1452 4204 1507 4248 tu
1559 4194 1714 4255 facis,
1768 4210 1866 4248 nec
1920 4196 2113 4249 similis
2161 4197 2240 4251 tui

691 4301 805 4339 ero.
846 4285 1140 4338 Producam
1173 4286 1296 4338 item
1333 4287 1444 4347 illa,
1479 4295 1536 4338 ut
1575 4286 1750 4354 palam
1793 4286 1996 4340 faciens
2029 4287 2235 4355 pudore

694 4386 746 4430 te
769 4375 1012 4430 alliciam.
1038 4377 1266 4444 Arguam
1287 4385 1352 4439 te,
1378 4385 1425 4428 et
1447 4385 1676 4429 statuam
1690 4389 1869 4430 contra
1897 4378 2241 4445 faciemtuam

693 4478 901 4536 peccata
922 4476 1030 4522 tua.

2338 647 2452 710 ζῶα
2486 646 2602 713 βόες
2631 647 2723 699 καὶ
2755 647 2946 715 κτήνη,
2990 646 3083 696 καὶ
3135 644 3201 696 τὰ
3251 644 3467 696 πετεινὰ
3515 640 3607 697 τοῦ
3637 641 3887 713 οὐρανοῦ,

2335 739 2427 792 καὶ
2451 742 2482 808 ἡ
2509 738 2771 808 ὼραιότης
2799 737 2892 798 ἰυλ
2923 734 3111 804 ἀγροῦ,
3147 736 3320 789 πάντα
3349 736 3460 805 ἐμὰ
3491 736 3768 804 τυγχάνει.
3800 733 3890 786 καὶ

2335 829 2581 898 ἀνενδεὴς
2607 829 2800 890 παντὸς
2836 828 3080 897 ὑπάρχω.
3104 827 3164 878 Εἰ
3191 827 3246 878 δὲ
3276 827 3368 878 καὶ
3387 826 3543 897 χρεία
3569 841 3658 896 μοι
3687 824 3891 891 γένοιτό

2335 938 2463 972 ποτε
2486 921 2709 990 τροφῆς,
2733 920 2829 988 οὐχ
2861 919 3029 982 οὕτως
3060 918 3242 990 ἐνδεὴς
3271 918 3401 985 ἐγὼ,
3424 917 3498 978 ὼς
3527 915 3678 987 παρὰ
3703 915 3796 968 σοῦ
3823 915 3892 966 τὰ

2333 1012 2551 1065 τοιαῦτα
2585 1015 2769 1064 αἰτεῖν·
2806 1011 2939 1079 Ἐμὴ
2965 1010 3074 1080 γάρ
3101 1011 3269 1064 ἐστιν
3300 1012 3338 1077 ἠ
3369 1009 3705 1078 οἰκουμένη.
3729 1008 3892 1069 Τίνας

2332 1103 2390 1155 δέ
2443 1121 2530 1173 μοι
2583 1105 2866 1172 προσηνεῖς
2900 1102 3079 1162 θύσεις
3109 1100 3328 1163 ουσίας;
3384 1099 3480 1170 τὴν
3518 1101 3743 1161 αἴγεσιν,
3803 1096 3892 1149 τὸν

2335 1192 2518 1262 ὕμνον,
2553 1193 2649 1263 τὴν
2705 1193 2999 1261 θεολογίαν.
3042 1191 3256 1261 Ἐπειδὴ
3286 1191 3342 1243 δὲ
3375 1189 3541 1243 ταῦτα
3563 1186 3888 1258 πληρώσεις,

2333 1285 2392 1335 τὸ
2421 1283 2713 1352 τηνικαῦτα
2733 1284 2806 1345 ὡς
2832 1283 2896 1335 ἂν
2930 1283 3088 1351 νόμον
3117 1278 3405 1352 πληρώσας
3436 1279 3597 1341 θεῖον,
3627 1277 3893 1330 ἀντίδοσιν

2334 1371 2476 1443 λήψῃ
2507 1379 2565 1426 τὸ
2601 1372 3017 1440 ἐπικαλούμενος
3041 1369 3475 1438 εἰσακουσθῆναι.
3525 1369 3634 1421 Καὶ
3681 1366 3892 1428 δεικνὺς

2334 1465 2467 1535 πρὸς
2489 1468 2636 1517 ποῖον
2663 1465 2788 1518 λαὸν
2815 1463 3136 1531 διαλέγεται,
3163 1462 3454 1531 ἐπήγαγεν·
3500 1459 3766 1527 Ἰσραὴλ,
3797 1457 3893 1510 καὶ

2335 1552 2792 1622 διαμαρτύρομαι
2862 1570 2979 1607 σοι.
3037 1548 3164 1604 Εἶτα
3220 1550 3316 1620 τὴν
3380 1549 3586 1602 οἰκείαν
3653 1547 3892 1600 δείκνυσι

2335 1645 2665 1698 δεσποτείαν·
2709 1647 2760 1697 '0
2793 1646 2934 1710 Θεές
2963 1647 2994 1698 ό
3047 1644 3190 1707 Θεός
3239 1641 3352 1694 σού
3386 1643 3499 1709 ειμι
3525 1638 3674 1707 ἐγὼ,
3721 1639 3750 1689 6
3795 1637 3894 1708 τῆς

2335 1738 2706 1806 Αἰγυπτιακῆς
2733 1753 2791 1790 σε
2817 1736 3054 1798 δουλείας
3093 1731 3486 1804 ἐλευθερώσας,
3521 1732 3548 1782 6
3571 1731 3668 1800 τὴν
3699 1729 3894 1782 θάλατο

2334 1844 2430 1880 ταν
2457 1827 2573 1880 ὁδὸν
2605 1827 3004 1897 δωρησάμενος,
3031 1827 3058 1876 6
3091 1827 3146 1876 ἐν
3187 1826 3374 1894 ἐρήμῳ
3407 1821 3720 1892 διαθρέψας,
3742 1823 3772 1874 6
3801 1820 3892 1874 τὸν

2335 1918 2494 1988 νόμον
2552 1918 2754 1971 ἐκεῖνόν
2794 1934 2873 1970 σοι
2920 1915 3181 1979 δεδωκώς.
3226 1915 3316 1986 Μὴ
3369 1914 3477 1984 γὰρ
3514 1912 3577 1983 δὴ
3632 1913 3790 1966 ἄλλον
3826 1929 3891 1982 με

2335 2008 2624 2078 νομοθέτην
2679 2008 2938 2080 νομίσῃς,
3007 2007 3116 2060 τῶν
3177 2006 3355 2075 νόμων
3433 2003 3575 2075 ὁρῶν
3648 2003 3711 2056 τὸ
3782 2003 3892 2057 διάο

2337 2119 2403 2170 φο
2410 2118 2518 2170 ρον.

2407 2193 2425 2263 [
2454 2193 2515 2245 '0
2563 2191 2704 2257 Θεὸς
2723 2194 2756 2244 ὁ
2787 2193 2929 2256 (sst
2957 2207 3092 2245 σου.
3125 2189 3431 2252 Τουτέστιν,
3460 2191 3489 2242 6
3537 2189 3744 2260 μεγάλα
3769 2187 3892 2241 θαυ-

2340 2285 2505 2354 μάσια
2539 2283 2772 2354 ἀρχῆθεν
2819 2283 2976 2354 μέχρι
3017 2281 3108 2335 τοῦ
3138 2281 3231 2336 νῦν
3265 2281 3345 2352 τῷ
3372 2281 3518 2349 γένει
3550 2280 3702 2351 ὑμῶν
3731 2280 3894 2334 ἐνδει-

2337 2374 2610 2446 ξάμενο;.]

2408 2469 2527 2518 οὐκ
2584 2466 2680 2518 ἐπί
2733 2465 2860 2530 ταῖς
2906 2464 3142 2527 θυσίαις
3203 2477 3318 2516 σου
3359 2461 3581 2532 ἐλέγξω
3629 2475 3724 2514 σε.
3783 2459 3894 2513 Οὐκ

2335 2559 2588 2628 ἀμέλειάν
2624 2575 2722 2622 σοι,
2741 2558 2923 2626 φησὶν,
2949 2553 3162 2624 ἐγκαλῶ
3191 2555 3406 2609 θυσιῶν·
3431 2555 3757 2627 προσφέρεις
3787 2553 3894 2625 γὰρ

2334 2651 2533 2710 ταύτας
2564 2649 2845 2719 διηνεκῶς·
2897 2649 3030 2702 ἀλλὰ
3077 2648 3151 2720 μὴ
3207 2648 3430 2710 ταύταις
3482 2647 3768 2718 ὁρίσασθαι
3799 2645 3895 2716 τὴν

2333 2742 2674 2810 δικαιοσύνην
2700 2741 3014 2810 παρεγγυῶ.

2410 2835 2494 2900 Τῷ
2525 2834 2592 2887 δὲ
2650 2833 2971 2903 ἁμαρτωλῷ
3020 2831 3188 2888 εἷπεν
3255 2837 3288 2888 ὀ
3341 2834 3504 2897 Θεός·
3551 2833 3674 2885 Ἵνα
3703 2829 3762 2884 τί
3813 2829 3896 2884 σὺ

2333 2925 2578 2994 ἐκδιηγῇ
2615 2925 2686 2978 τὰ
2715 2924 3074 2994 δικαιώματά
3093 2944 3209 2995 μου
3227 2941 3246 2988 ;
3287 2922 3630 2995 ’Ᾱμαρτωλδν
3661 2920 3897 2975 ἐνταῦθα

2334 3019 2426 3072 τὸν
2459 3017 2749 3087 νομοθέτην
2781 3018 2888 3069 τῶν
2912 3017 3070 3070 θείων
3104 3017 3330 3088 Γραφῶν
3351 3033 3533 3086 φησιν.
3575 3015 3800 3084 Ὅμοιον
3840 3013 3898 3066 δὶ

2337 3110 2412 3180 τῷ
2441 3109 2727 3179 εἰρημένῳ·
2758 3110 2877 3174 Οὐχ
2908 3108 3117 3174 ὡραῖος
3149 3109 3316 3172 αϊνος
3354 3109 3422 3160 ἐν
3451 3108 3696 3173 στόματι
3720 3107 3900 3172 ἁμαρ-ρ

2339 3202 2546 3255 τωλοῡ.
2579 3202 2638 3254 Εἰ
2665 3200 2772 3270 γὰρ
2807 3199 2983 3262 πάσας
3037 3199 3360 3270 παραϐαίνει
3412 3197 3508 3260 τὰς
3559 3194 3779 3258 ἐντολὰς
3807 3195 3900 3248 καὶ

2339 3295 2515 3346 πᾶσαν
2549 3291 2852 3360 ἐπιτηδεύει
2890 3290 3105 3353 κακίαν,
3141 3291 3234 3343 καὶ
3261 3290 3438 3343 δολίαν
3484 3287 3773 3342 ἀποδίδωσι
3803 3285 3900 3355 τὴν

2338 3384 2606 3450 γλῶσσαν·
2671 3385 2722 3436 τί
2765 3383 2857 3435 καὶ
2908 3382 3005 3444 τὰς
3064 3381 3212 3443 θείας
3274 3380 3368 3432 ἐπὶ
3420 3380 3684 3449 στόματος
3745 3377 3900 3448 φέρει

2340 3475 2592 3546 Γραφάς;

2421 3566 2742 3630 ’Υπέλαόες
2792 3565 3077 3631 ἀνομίαν,
3131 3561 3219 3614 ὅτι
3283 3561 3497 3630 ἔσομαί
3543 3573 3639 3613 σοι
3678 3559 3899 3627 ὅμοιος.

2340 3657 2509 3710 Πάλαι
2537 3657 2653 3725 μὲν,
2710 3655 2890 3725 φησιν,
2916 3654 3362 3725 ἐμακροθύμησα,
3398 3653 3512 3705 ἀλλ’
3539 3654 3600 3705 οὐ
3631 3652 3725 3705 νῦν
3747 3648 3902 3705 τοῦτο

2341 3749 2569 3816 ποιήσω·
2623 3745 2958 3815 παραστήσω
3009 3745 3114 3815 γὰρ
3144 3745 3221 3806 εἰς
3253 3744 3343 3795 τὸν
3372 3744 3509 3796 κατὰ
3554 3741 3646 3794 σοῦ
3683 3742 3902 3810 ἔλεγχον

2339 3841 2405 3893 τὰ
2433 3840 2497 3892 σὰ
2531 3839 2916 3909 ἁμαρτήματα,
2942 3835 2976 3888 ἃ
3015 3836 3078 3906 δὴ
3132 3837 3193 3887 σὺ
3232 3833 3330 3903 μὲν
3387 3832 3650 3894 ὑπέλαϐες
3705 3832 3902 3902 μηκέτι

2341 3930 2652 3998 ὑφεστάναι,
2691 3928 2821 3996 μηδέ
2846 3928 2924 3990 εἰς
2953 3927 3170 3996 μνήμην
3215 3923 3363 3994 ἥξειν
3405 3924 3566 3986 τινός·
3608 3922 3718 3991 ἐγὼ
3743 3923 3800 3976 δέ
3829 3923 3903 3986 ὡς

2339 4021 2469 4083 Θεὸς
2495 4021 2572 4081 είς
2619 4018 2732 4087 φῶς
2761 4017 3004 4087 παράξω,
3067 4017 3159 4068 καὶ
3212 4013 3634 4086 προτεθήσονται
3673 4012 3903 4066 ἐνώπιόν

2342 4128 2452 4164 σου·
2484 4110 2544 4163 οὑ
2588 4109 2842 4179 κρύπτων
2891 4107 3079 4178 ὥσπερ
3121 4107 3206 4168 σὺ,
3269 4105 3363 4158 καί⁸
3405 4104 3752 4174 ὼμοιωμένος
3798 4121 3901 4158 σοι.

2341 4200 2574 4271 Ῑιαραξω
2611 4199 2666 4251 δὲ
2691 4198 2847 4261 αὐτὰ,
2883 4199 3028 4260 ὅπως
3055 4196 3194 4250 αὐτὰ
3226 4197 3316 4249 καὶ
3337 4196 3615 4266 γνωρίζων
3643 4195 3904 4264 αἰσχύνην

2340 4294 2604 4361 καταχέω.
2633 4290 2878 4357 Ἐλέγξω
2898 4306 2990 4350 σε,
3025 4290 3122 4342 καὶ
3161 4287 3528 4356 παραστήσω
3553 4287 3703 4341 κατὰ
3717 4287 3906 4356 πρόσ-

2341 4384 2500 4436 ωπόν
2521 4398 2635 4436 σου
2659 4383 2763 4446 τὰς
2809 4381 3090 4450 ἁμαρτίας
3114 4396 3251 4434 σου.

763 4555 852 4608 9.2.
890 4554 1174 4626 Iutelligite
1193 4559 1333 4621 hac,
1376 4559 1464 4626 qui
1493 4555 1856 4611 obliviscimini
1903 4555 2084 4610 Deum.
2140 4556 2240 4612 Ut-

2417 4563 2630 4616 Σύνετε
2653 4559 2727 4626 δὴ
2755 4560 2956 4622 ταῦτα,
2986 4564 3036 4614 oi
3052 4558 3576 4626 ἐπιλανθανόμενοι
3603 4557 3709 4611 τοῦ
3736 4557 3902 4613 Θεοῦ.

698 4657 821 4714 pote
848 4647 1117 4710 clemens,
1164 4659 1285 4717 post
1334 4650 1755 4718 increpationem
1806 4649 2241 4704 adhortationem

698 4737 901 4806 adjicit,
929 4738 1062 4790 dans
1087 4740 1412 4806 poenitentia:
1438 4740 1638 4793 locum.
1673 4737 1975 4808 lntelligite,
2013 4754 2098 4792 me
2133 4755 2241 4792 non

699 4829 818 4884 ideo
873 4829 1056 4882 landiu
1103 4830 1332 4883 tolerare
1387 4833 1529 4896 quod
1576 4831 1640 4884 de
1689 4827 2020 4883 facinoribus
2050 4833 2243 4884 vestris

698 4921 982 4992 gaudeam,
1023 4921 1116 4976 sed
1141 4932 1198 4976 ut
1224 4923 1343 4977 dem
1375 4923 1702 4991 poenitentia:
1748 4922 1946 4975 locum.
1988 4922 2243 4988 Alioquin

699 5014 1006 5082 abripitnos
1031 5012 1271 5082 iniquus.
1300 5015 1413 5068 sive
1439 5014 1718 5082 iniquitas,
1738 5013 1950 5067 nemine
1967 5013 2245 5067 libet-ante.

698 5103 882 5173 Eripio
939 5105 1082 5158 enim
1136 5105 1341 5172 eosqui
1389 5104 1693 5173 intelligunt
1739 5111 1793 5156 et
1840 5118 1867 5156 a
1918 5103 2077 5157 malis
2102 5103 2247 5157 desi-

698 5204 882 5259 stunt,
925 5204 1084 5264 atque
1118 5196 1304 5250 dicunt
1338 5214 1350 5248 :
1384 5195 1588 5263 lnjuste
1635 5197 1864 5262 egimus,
1917 5195 2250 5263 iniquitatem

699 5287 944 5354 fecimus,
979 5288 1135 5354 impie
1163 5289 1358 5356 egimus
1380 5287 1447 5340 δ’.
1499 5285 1633 5339 Nam
1667 5287 1758 5354 qui
1793 5285 1969 5340 adhuc
2008 5287 2060 5339 in
2094 5286 2250 5341 malis

699 5389 940 5433 versatur
975 5377 1214 5431 conﬁteri
1264 5392 1369 5430 non
1417 5386 1610 5446 potest.
1653 5375 1732 5428 Ne
1763 5376 1971 5445 quando
2004 5377 2173 5444 rapiat
2199 5385 2247 5430 et

699 5485 800 5522 non
832 5470 1003 5538 sitqui
1026 5470 1236 5535 eripiat.
1271 5468 1343 5522 Ne
1361 5469 1598 5537 quando,
1630 5468 1826 5534 inquit,
1859 5465 2070 5520 auferat
2101 5484 2248 5522 mors

702 5562 972 5624 animam,
1015 5563 1385 5630 paenitentiam
1423 5561 1600 5631 agite;
1646 5575 1804 5613 nemo
1844 5562 1986 5614 enim
2041 5571 2122 5615 est
2153 5563 2247 5630 qui

698 5653 887 5722 eripiat
921 5668 1014 5706 eos
1043 5654 1134 5722 qui
1161 5661 1377 5722 propter
1411 5662 1628 5723 peccata
1667 5652 1720 5705 in
1755 5651 1965 5705 inferno
2005 5654 2245 5709 conclusi

771 5830 812 5863 ⁵⁷
840 5843 974 5883 vers.
1005 5828 1086 5883 12.
1163 5829 1207 5860 ⁸⁸
1236 5828 1398 5887 Eccli.
1436 5845 1525 5883 xv.
1550 5830 1601 5880 9.
1677 5831 1720 5864 "
1761 5827 1799 5880 ll
1833 5827 2007 5884 Paul.
2045 5843 2115 5891 Vt,
2156 5829 2241 5883 57.

2360 4654 2446 4716 Ὠς
2495 4651 2866 4722 φιλάνθρωπος
2932 4651 3066 4720 μετὰ
3112 4649 3202 4702 τὸν
3258 4647 3476 4718 ἔλεγχον
3522 4649 3770 4719 ἐπιφέρει
3813 4649 3907 4702 καὶ

2351 4744 2685 4814 παραίνεσιν,
2713 4741 2994 4810 μετανοίας
3024 4741 3185 4794 τόπον
3235 4739 3425 4804 διδούς.
3461 4740 3674 4801 Σύνετε,
3699 4741 3782 4792 ὅτι
3833 4741 3906 4810 μὴ

2351 4836 2550 4906 χαίρων
2575 4837 2682 4896 τοίς
2705 4835 2792 4900 ὑφ’
2822 4832 2973 4901 ὑμῶν
3005 4832 3310 4903 γενομένοις
3339 4830 3691 4903 μακροθυμεῖ),
3719 4829 3908 4900 καιρὸν

2348 4925 2404 4976 δέ
2431 4924 2713 4995 μετανοίας
2755 4923 2948 4988 διδούς.
2989 4925 3052 4976 Εἰ
3084 4924 3139 4976 δέ
3169 4924 3264 4995 μὴ,
3293 4922 3527 4995 ἁρπάζει
3552 4924 3700 4992 ἡμᾶς
3728 4925 3757 4974 6
3786 4923 3910 4976 ἇνο⁹

2350 5033 2466 5085 μος,
2520 5017 2684 5086 ἤγουν
2731 5019 2763 5086 ἡ
2829 5015 3057 5085 ἀνομία,
3111 5015 3332 5086 μηδενὸς
3406 5016 3556 5085 ἡμᾶς
3624 5014 3908 5082 ῥυομένου.

2359 5109 2578 5178 Ῥύομαι
2601 5109 2708 5179 γὰρ
2735 5110 2858 5170 τοὺς
2887 5108 3138 5171 νοοῦντας
3167 5103 3222 5160 οἵ
3247 5107 3428 5161 κακῶν
3462 5109 3590 5170 εἰσι,
3643 5106 3737 5158 καί.
3769 5122 3910 5158 παυ-

2351 5199 2614 5266 σαμένους
2637 5199 2730 5250 καὶ
2759 5197 3033 5264 λέγοντας·
3074 5199 3498 5266 Ὴνομήσαμεν,
3517 5195 3910 5263 ἠδικήσαμεν,

2349 5287 2753 5356 ἠσεϐήσαμεν.
2817 5290 2893 5340 Οὐ
2945 5289 3052 5358 γὰρ
3121 5288 3268 5340 ἔστιν
3333 5285 3766 5357 ἐξομολογεῖσθαι
3823 5285 3914 5338 τὸν

2355 5380 2433 5432 ἔτι
2462 5381 2520 5432 τὸ
2544 5379 2708 5432 κακὸν
2730 5378 3068 5449 ἐνεργοῦντα.
3105 5378 3198 5444 Μή
3231 5394 3373 5431 ποτε
3405 5377 3667 5445 ἁρπάσῃ,
3708 5377 3804 5430 καὶ
3827 5376 3914 5444 μὴ

2353 5468 2392 5541 ᾖ
2423 5476 2454 5525 ό
2477 5473 2784 5540 ῥυόμενος.
2826 5473 2915 5542 Μή
2977 5488 3126 5531 ποτε,
3162 5471 3344 5540 φησιν,
3394 5471 3656 5538 ἀφέληται
3685 5467 3782 5538 τὴν
3813 5467 3913 5536 ψυ-

2357 5561 2453 5631 χὴν
2497 5564 2525 5615 6
2555 5561 2800 5624 θάνατος,
2839 5564 3220 5632 μετανοήσατε·
3249 5563 3346 5614 οὐκ
3377 5560 3490 5613 ἐστι
3521 5560 3629 5630 γὰρ
3666 5560 3694 5611 6
3723 5559 3916 5630 ῥυόμεο

2366 5671 2454 5716 νος
2503 5655 2627 5716 τοὺς
2671 5656 2728 5706 ἐν
2771 5653 2896 5724 ᾅδου
2927 5654 3389 5725 κατειλημμένους
3430 5655 3548 5714 ταῖς
3599 5649 3913 5720 ἁμαρτίαις.
