4108 6496
172 475 259 531 251

1360 464 1719 525 EXPOSITIO
1753 463 1823 519 ΙΝ
1859 463 2186 521 PSALMUM
2225 465 2286 519 ι.

3274 471 3380 527 958

182 588 496 659 Ἀρπάξεται
539 587 653 660 γάρ
716 588 881 659 ψυχὴ,
941 587 1016 651 ὼς
1082 588 1355 650 παντελῶς
1414 583 1720 639 ἐκπεσοῦσα

1832 592 1973 638 sunt.
2002 582 2283 654 Abripitur
2309 586 2452 639 enim
2487 586 2670 639 anima
2693 624 2709 650 ,
2745 594 2932 654 utpote
2960 587 3181 642 omnino
3211 604 3240 643 a
3274 588 3387 646 Deo

174 680 315 735 Θεοῦ.

236 774 420 829 Θυσία
473 773 763 839 αίνέσεως
818 771 1063 838 δοξάσει
1117 788 1211 841 με.
1256 769 1725 841 Ἐπαναλαμὸάνει

173 867 234 921 τὰ
252 866 534 938 εἰρημένα,
582 867 682 938 τὴν
734 864 955 935 λογικὴν
1015 864 1282 917 ἐπιτελεῖν
1336 860 1589 935 λατρείαν
1624 876 1729 911 πα-

175 959 603 1031 ρακελευόμενος.
673 957 826 1012 Μετὰ
894 958 992 1027 τὴν
1045 955 1243 1025 πολλὴν
1294 954 1622 1023 κατηγορίαν
1667 952 1728 1004 τὸ

174 1051 446 1121 φάρμακον
481 1051 583 1121 τῆς
612 1050 882 1122 ἁμαρτίας
910 1048 1099 1116 ἔδειξε,
1132 1048 1242 1101 τῶν
1278 1047 1587 1119 μυστηρίων
1635 1045 1729 1116 δη-

176 1144 292 1214 λαδὴ
323 1142 422 1213 τὴν
473 1143 795 1197 ἀπόλαυσιν.
862 1142 1074 1214 Ἐκείνη
1131 1141 1239 1213 γάρ
1302 1140 1514 1211 ἀληθῶς
1571 1138 1729 1191 Θυσία

176 1237 413 1298 αἰνέσεως
440 1236 536 1288 τὸν
563 1236 696 1289 θεὸν
726 1232 1038 1299 δοξάζουσα.
1080 1233 1297 1304 Ἐπειδὴ
1330 1233 1465 1304 μετὰ
1510 1231 1616 1285 τῶν
1639 1232 1731 1298 ἁγ-

180 1328 329 1395 γέλων
360 1327 639 1391 αἰνοῦντες
660 1327 776 1379 τότε
794 1328 886 1380 καὶ
905 1326 1038 1397 μετά
1059 1326 1161 1397 τῆς
1187 1326 1414 1389 κτίσεως
1446 1323 1728 1394 ίστάμεθα.

176 1420 271 1475 Kal
300 1419 421 1473 ἐκεῖ
443 1419 589 1485 ὁδὸς
623 1418 703 1487 ἢν
732 1419 906 1483 δείξω
952 1417 1112 1484 αὐτῷ
1148 1418 1215 1471 τὸ
1245 1417 1539 1486 σωτήριόν
1590 1432 1728 1485 μου.

183 1512 262 1565 Ἕν
286 1514 347 1582 τῇ
381 1510 568 1584 θυσίᾳ,
601 1510 756 1583 φησὶ,
778 1511 878 1582 τῆς
906 1512 1163 1576 αἰνέσεως
1195 1511 1312 1575 ὁδός
1328 1513 1442 1564 ἐστι
1462 1510 1560 1581 τῆς
1582 1506 1733 1580 παρὰ

176 1601 278 1673 Θεῷ
304 1604 599 1674 σωτηρίας.

258 1696 358 1760 Εις
384 1694 450 1749 τὸ
479 1696 658 1759 τέλος
694 1699 997 1751 ΨΛΛΜΟΣ
1028 1694 1191 1762 ᾠδῆς
1213 1692 1293 1760 τῷ
1317 1693 1514 1748 Δαυτδ.
1545 1696 1625 1747 Ν.

181 1786 268 1842 Ἐν
287 1786 363 1854 τῷ
392 1790 601 1844 ἐλθεῖν
628 1792 776 1861 πρὸς
812 1792 998 1846 αὑτὸν
1035 1791 1237 1847 Νάθαν
1264 1791 1370 1845 τὸν
1397 1790 1730 1860 προφήτην,

438 1882 626 1949 ἡνίκα
668 1881 912 1949 εἰσῆλθε
941 1884 1088 1951 πρὸς
1128 1882 1448 1951 Βηρσαϐεέ.

770 1975 1101 2039 ’Υπόϋεσιᾳ

171 2061 355 2117 τοῦτον
384 2063 501 2135 ᾅδει
539 2065 633 2117 τὸν
664 2064 875 2135 ψαλμὸν
908 2064 1291 2135 ἐξομολόγησιν
1336 2061 1428 2117 δύο
1456 2063 1733 2135 ἔγκλημά-

230 2172 331 2208 των
362 2156 707 2227 περιέχοντα,
734 2157 830 2227 τῆς
854 2175 913 2211 τε
943 2158 1248 2228 μιαιφονίας
1268 2158 1462 2229 Οὐρίου
1493 2157 1587 2210 καὶ
1625 2174 1733 2228 μοι-

230 2246 375 2318 χείας
404 2230 544 2319 πρὸς
597 2248 895 2319 Βηρσαϐεέ.
954 2247 1376 2320 [Ύποδείκνυσι
1432 2250 1523 2302 καὶ
1568 2250 1732 2302 πᾶσιν

232 2336 534 2409 ἀνθρώποις
560 2341 831 2411 σωτηρίας
860 2340 977 2395 ὁδὸν
1001 2342 1097 2411 τὴν
1144 2340 1449 2412 μετάνοιαν,
1478 2334 1586 2392 οἶόν
1614 2357 1732 2393 τινα

232 2430 419 2502 τέχνην
437 2432 538 2502 τῆς
568 2431 845 2502 διηνεκοῦς
891 2433 1030 2486 κατὰ
1062 2431 1155 2485 τοῦ
1215 2430 1406 2501 ἐχθροῦ
1433 2430 1607 2501 νίκης.
1673 2431 1731 2482 '0

234 2521 337 2593 γὰρ
365 2521 573 2594 ταύτην
607 2523 694 2575 ἀεὶ
720 2524 957 2593 μελετῶν
995 2523 1089 2575 καὶ
1123 2520 1398 2592 κατορθῶν
1445 2520 1731 2587 διαπαντὸς

232 2612 431 2678 γίνεται
474 2612 701 2684 νικητὴς
749 2615 841 2667 τοὺ
880 2613 967 2667 ἀεὶ
1000 2613 1472 2685 προσπαλαίοντος.
1510 2615 1732 2684 Εἰσάγει

231 2699 282 2754 δὲ
331 2702 426 2755 καὶ
458 2704 560 2773 τὴν
610 2704 695 2756 διὰ
748 2703 842 2756 τοῦ
898 2703 1267 2775 βαπτίσματος
1331 2705 1728 2778 ἀπολύτρωσιν,

243 2790 526 2859 Ῥαντιεῖς
566 2809 663 2863 με,
697 2793 888 2862 λέγων.
948 2794 1055 2847 Ναὶ
1093 2794 1197 2865 μὴν
1230 2795 1321 2849 καὶ
1369 2794 1624 2859 διδάσκει,
1657 2796 1733 2859 ὡς

235 2884 574 2953 πεφύλακται
610 2884 755 2956 αύτῷ
778 2886 836 2938 τὸ
863 2887 961 2956 τῆς
985 2889 1319 2957 προφητείας
1356 2888 1600 2958 χάρισμα
1656 2887 1728 2939 Οὐ

234 2974 335 3046 γὰρ
364 2978 509 3029 αίτεῖ
534 2976 611 3039 ὡς
637 2977 995 3047 ἐστερημένος
1014 2976 1194 3038 αὐτοῦ,
1219 2977 1353 3030 ἀλλὰ
1394 2978 1467 3049 μὴ
1512 2980 1733 3051 ἀφαιρε-

233 3063 385 3134 οῆναι
420 3065 655 3118 ἱκετεύει
681 3065 874 3135 λέγων’
934 3065 1031 3134 Μὴ
1065 3067 1401 3136 άντανέλῃς
1430 3067 1449 3141 ]
1506 3071 1731 3138 Εἱσάγει

229 3156 282 3209 ει
318 3159 411 3211 καὶ
445 3159 549 3229 τῆς
608 3159 727 3214 καθ’
752 3159 873 3214 ὅλου
905 3161 1274 3232 γενησομένης
1317 3162 1425 3216 τῶν
1480 3163 1729 3235 ἁμαρτη-

239 3250 421 3319 μάτων
449 3250 774 3323 λυτρώσεως
800 3252 899 3323 τὴν
932 3252 1019 3305 διὰ
1059 3252 1151 3306 τοῦ
1177 3254 1331 3320 ἁγίου
1363 3253 1732 3326 βαπτίσματος
1759 3270 1802 3328 α

233 3342 592 3413 προφητείαν,
623 3343 715 3395 καὶ
762 3343 861 3415 τῆς
908 3344 965 3395 ὲν
997 3341 1263 3411 πνεύματι
1304 3343 1555 3415 λατρείας
1586 3344 1732 3398 διδα-

236 3433 480 3488 σκαλίαν.
534 3433 815 3504 Πανταχοῦ
857 3434 913 3486 δὲ
949 3433 1054 3486 τῶν
1110 3432 1203 3485 δύο
1257 3435 1734 3505 παρανομημάτων

237 3526 487 3598 εὑρήσεις
515 3525 900 3596 ἑξιλεούμενον.

247 3616 541 3685 Ἐλέησόν
554 3634 652 3686 με,
693 3619 725 3671 ό
758 3615 921 3682 Θεὸς,
956 3616 1103 3671 κατὰ
1136 3617 1198 3671 τὸ
1227 3616 1379 3688 μέγα
1400 3618 1569 3685 ἔλεός
1594 3634 1731 3673 σου.

180 3704 258 3767 Ὧς
280 3705 369 3757 ἐπὶ
404 3704 645 3776 μεγάλου
694 3706 1104 3778 ἁμαρτήματος,
1156 3707 1248 3761 τοῦ
1300 3708 1533 3779 μεγάλου
1586 3707 1734 3761 ὲλέου

170 3795 255 3850 τοῦ
283 3797 416 3851 Θεοῦ
474 3798 656 3853 δέεται
705 3804 907 3872 τυχεῖν.
962 3802 1070 3856 Kal
1095 3804 1245 3855 κατὰ
1274 3802 1337 3855 τὸ
1365 3799 1594 3869 πλῆθος
1618 3800 1736 3854 τῶν

170 3888 473 3959 οἰκτιρμῶν
495 3905 614 3945 σου
638 3890 962 3959 ἑξάλειψον
986 3890 1054 3945 τὸ
1074 3890 1347 3960 ἀνόμημά
1360 3908 1498 3959 μου.
1542 3891 1734 3944 Μὸνων

170 3984 269 4057 γάρ
292 3988 408 4039 ἐστι
454 3985 567 4039 τῶν
597 3983 691 4038 τοῦ
740 3984 873 4037 Θεοῦ
924 3984 1223 4057 οἰκτιρμῶν
1280 3984 1378 4055 τῆς
1430 3984 1734 4054 μιαιφονίας

169 4074 451 4130 απολοῦσαι
490 4075 590 4137 τὰς
620 4077 826 4145 χεῖρας.

235 4164 598 4237 [Σαφὼτερον
629 4165 684 4218 δὲ
710 4165 738 4217 δ
770 4165 917 4234 λέγει
948 4166 1115 4221 ποιῶν
1150 4183 1332 4238 φησιν·
1366 4167 1491 4221 Ἐπί
1523 4167 1733 4222 πλεῖον

169 4254 400 4309 πλῦνάν
424 4272 524 4325 με.
572 4255 865 4310 Κάνταῦθα
906 4258 998 4311 τὸν
1050 4258 1385 4330 πλεονασμὸν
1414 4260 1579 4331 ᾔτησε
1631 4260 1732 4330 τῆς

170 4346 502 4419 καθάρσεως,
555 4346 643 4401 διὰ
670 4348 730 4400 τὸ
762 4348 929 4413 δείξαι
960 4351 1233 4421 πανταχοῦ
1266 4352 1326 4405 τὸ
1358 4351 1733 4424 πλημμέλημα

172 4435 324 4505 μέγαι
358 4437 414 4509 ἢ,
444 4440 571 4492 ἐπεὶ
600 4440 751 4511 παρὰ
782 4439 969 4493 Νάθαν
1000 4441 1193 4511 ἤκουσε
1235 4442 1333 4514 τὴν
1364 4443 1727 4515 συγχώρησιν,

169 4527 256 4579 καὶ
274 4529 329 4580 αί
350 4529 693 4583 παντοδαπαὶ
722 4528 777 4581 δὲ
817 4532 1090 4601 συμφοραὶ
1111 4531 1169 4583 τὸ
1207 4534 1341 4585 πολὺ
1369 4535 1729 4606 ὑπετέμνοντο

1827 675 1999 745 lapsa.

1896 767 1988 823 23.
2028 765 2369 836 Sacriﬁcium
2406 767 2580 823 laudis
2621 768 2988 838 honoriﬁcabit
3023 788 3121 825 me.
3176 773 3390 845 Repetit

1828 874 1950 930 quae
1981 860 2123 913 dicta
2156 868 2303 925 sunt,
2340 860 2541 929 jubens
2566 860 2759 915 iterum
2791 870 2851 915 ut
2886 863 3152 920 rationale
3181 868 3388 923 sacriﬁ-

1830 952 1974 1007 cium
2013 952 2346 1021 perliciatur.
2403 950 2536 1007 Post
2560 968 2774 1020 gravem
2801 962 2855 1007 et
2879 969 3134 1025 magnam
3166 973 3393 1014 accusa-

1830 1044 2069 1108 tionem,
2146 1043 2349 1113 peccati
2400 1043 2698 1099 remedium
2729 1046 2950 1113 scilicet,
3004 1050 3391 1119 mysteriorum

1831 1151 1990 1190 usum
2021 1144 2074 1191 et
2115 1134 2350 1190 fructum
2405 1135 2628 1191 indicat.
2659 1135 2793 1192 lllud
2837 1139 3035 1208 quippe
3075 1155 3263 1195 revera
3308 1157 3391 1197 sa-

1831 1228 2098 1283 critlcium
2144 1228 2319 1283 laudis
2342 1237 2425 1282 est
2452 1242 2562 1297 quo
2586 1228 2726 1283 Deus
2758 1230 3160 1286 lionoriticatur.
3199 1231 3388 1302 Siqui-

1831 1320 1951 1374 dem
1975 1327 2105 1374 tuuc
2126 1335 2249 1374 cum
2280 1320 2482 1388 angelis
2502 1320 2687 1374 laudes
2711 1322 2961 1377 cauimus
2989 1339 3053 1379 ac
3086 1339 3209 1379 cum
3239 1341 3391 1381 crea—

1831 1420 1954 1467 tura
1990 1421 2218 1467 stamus.
2257 1411 2324 1465 Et
2370 1412 2483 1466 illic
2510 1412 2610 1466 iter
2628 1428 2729 1482 quo
2750 1416 3021 1470 ostendam
3051 1417 3130 1470 illi
3160 1418 3396 1475 salutare

1831 1521 2023 1559 meum.
2076 1502 2135 1558 In
2170 1504 2460 1571 sacriﬁcio,
2491 1506 2684 1575 inquit,
2718 1505 2912 1574 laudis,
2943 1508 3028 1563 via
3052 1519 3135 1564 est
3155 1510 3220 1565 ad
3250 1512 3398 1566 salu-

1834 1608 1938 1653 tem
1977 1612 2010 1653 a
2030 1596 2141 1652 Deo
2171 1606 2434 1665 paratam.

1975 1690 2028 1744 1.
2072 1689 2140 1743 1η
2163 1690 2319 1760 ﬁnem
2349 1690 2685 1748 PSALMUS
2710 1694 2903 1746 cantici
2931 1692 3124 1749 David.
3158 1693 3222 1747 L.

1904 1781 1959 1836 2.
1992 1780 2126 1837 Cum
2157 1783 2294 1836 venit
2320 1782 2389 1834 ad
2420 1799 2538 1835 eum
2566 1781 2784 1837 Nat/mn
2815 1785 3086 1853 propheta,
3116 1783 3327 1855 quando

2304 1875 2519 1929 intrarit
2552 1877 2621 1928 ad
2656 1876 2922 1930 Bersabee.

2410 1966 2452 2018 Α
2463 1977 2811 2036 rgumentum.

1835 2053 1986 2110 Hunc
2018 2057 2163 2111 canit
2183 2057 2454 2126 psalmum
2497 2060 2588 2128 qui
2618 2060 2909 2114 criminum
2943 2062 3205 2127 duorum,
3236 2063 3397 2119 caedis

1904 2149 2109 2203 scilicet
2161 2147 2303 2204 Uria:
2342 2158 2397 2203 et
2436 2150 2680 2204 adulterii
2710 2166 2832 2204 cum
2865 2151 3153 2218 Bersabee,
3179 2152 3397 2210 confes-

1905 2242 2114 2296 sionem
2144 2242 2410 2297 continet.
2451 2241 2794 2315 [Subindicat
2819 2244 2981 2298 etiam
3014 2246 3271 2301 omnibus
3299 2247 3401 2301 ho-

1902 2331 2143 2386 minibus
2208 2332 2403 2386 salutis
2452 2333 2593 2387 viam
2659 2349 2780 2388 esse
2824 2336 3197 2403 pmnitentiam
3227 2376 3242 2399 ,
3297 2352 3398 2391 ceu

1902 2421 2194 2491 quamdam
2227 2432 2398 2476 artem
2419 2424 2726 2479 obtinenda:
2754 2441 2965 2496 semper
2997 2440 3185 2483 contra
3218 2429 3399 2483 inimi-

1902 2530 2026 2569 cum
2052 2514 2310 2570 victoriae.
2360 2513 2495 2570 Nam
2545 2516 2637 2585 qui
2680 2532 2896 2588 semper
2927 2520 2995 2575 de
3041 2522 3131 2576 illa
3175 2524 3397 2592 cogitat,
3448 2530 3451 2533 λ

1902 2622 2075 2677 eaque
2113 2616 2257 2662 recte
2302 2608 2503 2671 utitur,
2552 2608 2725 2662 victor
2776 2624 2989 2681 semper
3038 2617 3141 2667 erit
3190 2615 3399 2670 inimici

1905 2700 2128 2755 assidue
2181 2702 2458 2758 instantis.
2503 2702 2712 2757 ludueit
2748 2704 2908 2758 etiam
2952 2706 3395 2778 redemptionem,

1901 2805 2024 2859 quae
2074 2806 2170 2859 per
2211 2801 2456 2845 sanctum
2516 2795 2783 2863 baptisma
2831 2796 3087 2865 all‘ertur,
3146 2801 3396 2870 Aspergcs

1902 2898 2012 2947 me,
2059 2883 2262 2936 dicens.
2295 2884 2409 2937 lmo
2454 2885 2616 2939 etiam
2650 2886 2827 2951 docet,
2862 2902 3242 2947 conservatum
3281 2895 3386 2948 sibi

1902 2974 2195 3043 prophetiae
2219 2973 2441 3030 donum.
2476 2975 2593 3031 Non
2626 2980 2862 3047 postulat
2891 2983 3037 3036 enim
3070 2986 3226 3051 quasi
3270 2986 3389 3054 ipso

1903 3067 2167 3136 privatus,
2204 3070 2298 3123 sed
2330 3070 2599 3140 supplicat
2637 3087 2745 3126 nou
2777 3073 2977 3127 auferri
3008 3075 3129 3136 sibi,
3180 3076 3392 3143 dicens,

1910 3158 1995 3212 Ne
2023 3159 2280 3232 παίεται]
2316 3160 2662 3231 Proplietiam
2695 3180 2911 3235 quoque
2949 3166 3157 3222 inducit
3186 3170 3397 3224 redem-

1904 3254 2107 3321 ptionis
2136 3268 2165 3307 a
2188 3254 2425 3323 peccatis
2454 3255 2709 3308 omnibus
2736 3271 2833 3325 per
2851 3268 3098 3313 sanctum
3129 3260 3393 3329 baptisma

1911 3340 2126 3407 futura,
2164 3349 2217 3395 et
2249 3342 2550 3410 spiritualis
2578 3340 2670 3397 Dei
2702 3344 2883 3399 cultus
2910 3347 3233 3404 doctrinam.
3263 3349 3396 3407 Pas-

1905 3432 2008 3486 sim
2042 3442 2220 3487 autem
2253 3434 2498 3490 invenies
2529 3433 2765 3491 duorum
2803 3437 3093 3494 criminum
3128 3442 3395 3512 expiatio-

1906 3540 2027 3579 nem
2057 3525 2460 3595 etllagitantem.

1903 3619 1957 3673 5.
1996 3618 2244 3673 Miserere
2270 3618 2394 3684 mei,
2430 3617 2591 3683 Deus,
2620 3619 2901 3672 secundum
2925 3637 3168 3692 magnam
3190 3626 3394 3679 miseri-

1834 3712 2070 3767 cordiam
2101 3723 2268 3764 tuam.
2327 3708 2527 3780 Utpote
2555 3725 2753 3779 magno
2780 3710 2964 3780 lapsus
2994 3713 3238 3781 crimine,
3278 3730 3394 3770 ma-

1843 3821 2005 3875 gnam
2034 3804 2126 3859 Dei
2171 3802 2601 3857 misericordiam
2636 3802 2889 3871 implorat
2922 3803 3054 3873 (l8).
3112 3803 3180 3858 Et
3211 3821 3395 3859 secan-

1832 3897 1957 3949 dum
2003 3895 2395 3948 multitudinem
2439 3895 2834 3949 miserationum
2883 3907 3096 3949 tuarum
3133 3897 3246 3951 dele
3290 3899 3395 3953 ini-

1831 3988 2083 4057 quitatem
2113 4003 2300 4040 meam.
2331 3984 2464 4040 Nam
2490 3986 2621 4042 solis
2648 3984 2743 4043 Dei
2775 3988 3212 4046 miserationibus
3245 4006 3394 4047 com-

1831 4079 1964 4149 petit
1991 4094 2021 4133 a
2050 4080 2278 4135 crimine
2302 4080 2465 4134 cadis
2490 4080 2708 4135 abluere
2740 4095 2959 4136 manus.

1906 4170 2181 4245 [Apertius
2224 4182 2402 4227 autem
2440 4173 2764 4227 sententiam
2801 4174 3079 4243 explicans
3107 4175 3183 4228 ait
3215 4193 3229 4230 :
3262 4175 3394 4228 Am—

1830 4265 1969 4335 plius
2014 4261 2135 4319 la’va
2173 4281 2274 4320 me.
2314 4264 2490 4334 Atque
2534 4264 2623 4318 hic
2670 4278 2888 4334 quoque
2920 4265 3028 4320 vim
3073 4267 3396 4337 copiamque

1831 4355 2165 4427 purgationis
2182 4353 2423 4422 expetiit,
2456 4360 2515 4405 ut
2541 4366 2799 4422 magnum
2823 4366 2947 4407 esse
2969 4351 3180 4407 facinus
3207 4361 3394 4408 osten-

1830 4450 2018 4504 deret:
2049 4456 2161 4508 aut,
2205 4446 2334 4515 quia
2375 4460 2406 4499 a
2436 4444 2648 4500 Nathan
2689 4453 2993 4513 acceperat,
3028 4444 3242 4498 veniam
3285 4444 3393 4503 sibi

1831 4539 2003 4594 fuisse
2032 4551 2350 4591 concessam
2372 4576 2388 4597 .
2418 4546 2471 4590 et
2501 4536 2663 4590 variae
2683 4534 3019 4590 calamitates
3047 4535 3154 4589 vim
3185 4535 3392 4609 peccati

169 4618 257 4691 τῆς
283 4621 575 4693 ἁμαρτίας,
607 4622 739 4691 φησὶ
764 4620 877 4683 νῦν,
931 4623 1009 4674 ὅτι
1055 4624 1253 4694 Δέομαι
1302 4628 1601 4697 ῥυμμάτων
1633 4627 1727 4679 καὶ⁵

1832 4631 2165 4691 minuebant,
2227 4643 2374 4682 nunc
2396 4628 2473 4682 ait
2498 4646 2511 4680 :
2542 4627 2691 4690 Opus
2719 4626 2851 4679 mihi
2872 4634 2956 4681 est
2982 4628 3392 4697 purgationibus

171 4711 503 4777 ἰκπλύσεων,
559 4713 645 4765 ἴνα
706 4714 883 4769 τέλεον
915 4718 943 4767 ὁ
1002 4716 1386 4787 προστετηκὼς
1454 4717 1725 4790 ἁποξεσθῇ

170 4801 371 4877 ῥύποςο]

250 4892 365 4950 Ἐπὶ
394 4895 614 4951 πλεῖον
650 4896 883 4952 πλῦνόν
904 4898 981 4969 μὲ
1008 4897 1125 4954 ἀπὸ
1177 4899 1286 4969 τῆς
1316 4900 1564 4970 ἀνομίας
1583 4919 1725 4970 μου,

169 4982 368 5053 τῆςὲπὶ
416 4986 503 5057 τῷ
548 4988 711 5059 φόνῳ,
742 4991 892 5060 φησί.
950 4992 1060 5044 Kal
1118 4990 1236 5044 ἀπὸ
1288 4989 1398 5059 τῆς
1441 4992 1727 5059 ἁμαρτίας

167 5090 270 5143 μου
324 5077 658 5146 καθάρισόν
715 5099 810 5151 με,
881 5083 979 5153 τῆς
1031 5082 1122 5134 ἐπὶ
1158 5084 1392 5156 μοιχείᾳ.
1430 5070 1559 5135 "(fu
1613 5084 1727 5151 τὴν

170 5170 413 5239 ἀνομίαν
432 5190 559 5241 μου
589 5173 703 5241 ἐγὼ
734 5173 1020 5244 γινώσκω.
1052 5176 1160 5228 Καὶ
1183 5175 1339 5229 τοῦτο
1358 5177 1448 5230 ἐπὶ
1474 5174 1552 5247 τῷ
1585 5176 1730 5249 φόνῳ

169 5265 362 5339 εἴρηκε.
394 5268 509 5323 Kal
540 5269 577 5335 ὴ
609 5269 859 5339 ἁμαρτία
877 5287 995 5338 μου
1024 5268 1280 5324 ἐνώπιόν
1302 5270 1420 5341 μού
1452 5271 1584 5325 ἐστι
1611 5272 1728 5326 δια-

170 5362 399 5428 παντός.
449 5361 598 5413 ’Ἃνω
627 5363 718 5415 καὶ
744 5362 892 5416 κάτω
925 5362 1274 5435 περιστρέφει
1319 5363 1416 5433 τῆς
1457 5364 1725 5437 ἁμαρτίας

168 5445 255 5516 τὴν
280 5453 505 5522 μνήμην
536 5450 636 5519 τῆς
659 5452 748 5503 ἐπὶ
787 5455 853 5524 τῇ
896 5452 1109 5524 μοιχείᾳ
1154 5453 1463 5525 γινομένης,
1492 5454 1568 5518 ὡς
1619 5440 1729 5509 οὐκ

170 5532 328 5607 ἐώσης
381 5540 548 5594 αὐτὸν
603 5537 725 5592 οὔτε
781 5542 1183 5614 ἀναχωρούσης,
1241 5543 1374 5597 ἀλλὰ
1434 5542 1717 5609 διαπαντὸς

171 5625 416 5683 συνοῦσαν
449 5630 600 5702 αὑτῷ
643 5630 736 5685 καὶ
765 5631 1050 5701 ἄγχουσαν.

1830 4738 1885 4784 et
1941 4724 2332 4787 ablutionibus,
2392 4732 2452 4775 ut
2493 4721 2603 4790 jam
2649 4718 2959 4789 liquefacta:
3002 4727 3057 4773 et
3105 4719 3391 4775 exsiccata:

1829 4821 2018 4877 sordes
2047 4818 2263 4887 penitus
2292 4811 2668 4871 abradantur.l

1897 4912 1953 4971 4.
1985 4912 2035 4966 5.
2074 4909 2314 4977 Amplius
2339 4906 2456 4959 lava
2488 4922 2566 4959 me
2594 4906 2659 4959 ab
2694 4905 2971 4975 iniquitate
2998 4921 3132 4967 mea,
3164 4914 3390 4975 patrata

1828 5005 2009 5067 caedis,
2040 5003 2132 5056 ait.
2187 5000 2257 5054 Et
2283 5017 2313 5051 α
2339 5008 2551 5069 peccato
2587 5012 2699 5050 meo
2728 4998 2926 5051 munda
2962 5014 3042 5052 me
3066 5039 3081 5063 ,
3134 4997 3388 5051 adulterii

1826 5094 2091 5149 videlicet.
2131 5091 2393 5158 Quoniam
2425 5089 2757 5158 iniquitatem
2789 5103 2957 5140 meam
2986 5103 3076 5155 ego
3110 5102 3384 5156 cognosco.

1826 5185 1881 5241 ld
1919 5200 2135 5254 quoque
2186 5183 2252 5236 de
2303 5181 2448 5235 caule
2500 5179 2925 5247 intelligendum.
2990 5179 3061 5232 Et
3116 5194 3386 5249 peccatum

1825 5290 1994 5334 meum
2024 5283 2207 5328 contra
2241 5288 2319 5324 me
2349 5283 2421 5325 est
2451 5286 2667 5338 semper.
2710 5268 2921 5325 Peccati
2954 5270 3267 5325 memoriam
3306 5270 3390 5324 ul-

1823 5379 1907 5424 tro
1936 5367 2185 5439 citroque
2210 5370 2429 5428 versat,
2462 5360 2713 5415 adulterii
2745 5360 3013 5427 videlicet,
3048 5370 3237 5431 utpote
3266 5377 3389 5431 quae

1824 5462 2063 5517 nondum
2101 5456 2434 5516 deseruisset
2463 5469 2586 5509 eum
2613 5495 2629 5521 ,
2667 5469 2842 5525 neque
2872 5454 3255 5517 abscessisset;
3293 5455 3387 5509 sed

1825 5569 2036 5624 semper
2058 5554 2274 5610 adesset
2302 5561 2466 5624 atque
2500 5546 2553 5601 in
2593 5562 2850 5612 angorem
2875 5546 3040 5602 animi
3067 5545 3386 5615 conjiceret.

228 5864 337 5935 (l8)
370 5868 531 5927 Hisce
566 5868 812 5939 quaedam
850 5868 1035 5942 adjicit
1076 5870 1210 5929 Dan.
1246 5872 1554 5939 Barbarus.
1608 5892 1729 5939 qua
1766 5886 1893 5936 sunt
1922 5877 2193 5936 llcsvchii.
