4108 6504
153 475 244 531 3H

1304 473 1660 529 EXPOSITIO
1693 474 1758 528 IN
1798 474 2128 530 PSALMUN
2169 474 2228 531 L.

3274 475 3377 531 εις

243 591 375 648 ιδοὺ
407 593 520 662 γὰρ
545 593 832 657 ἀλήθειαν
879 592 1217 662 ἠγάπησας,
1248 595 1319 644 τὰ
1359 592 1554 658 ἄδηλα
1612 594 1709 646 καὶ

1884 596 1937 649 8.
1972 593 2105 648 Ecce
2125 595 2263 647 enim
2293 596 2560 647 ceritatem
2579 593 2836 658 dilexisti,
2873 593 3074 646 incerta
3101 600 3150 646 et
3171 588 3375 645 occulta

156 686 220 737 τὰ
267 685 488 751 κρύφια
529 682 644 750 τῆς
699 684 916 751 σοφίας
967 699 1081 736 σου
1139 680 1448 746 ἐδήλωσάς
1497 699 1617 750 μοι.
1663 685 1720 736 Ὀ

156 774 268 838 νοῦς
295 770 468 837 nino;-
497 775 597 836 Σὺ,
630 775 784 844 φησὶ,
810 773 1005 844 Κύριε,
1041 775 1070 825 6
1100 771 1322 842 ἀλήθεια
1355 771 1451 836 ὢν,
1469 774 1721 843 ἀληθείας

155 864 391 931 ἀγαπῶν,
429 863 757 934 βουλόμενος
778 865 922 934 ἡμᾶς
955 865 1012 915 ἐν
1056 862 1280 932 ἀληθεία
1328 863 1553 931 διάγειν,
1583 867 1720 917 ἀπο-

159 957 426 1027 καθαριεῖς
467 957 625 1026 ἡμᾶς
665 955 764 1024 τῆς
813 955 1040 1025 ἀρχαίας
1085 955 1374 1026 ἁμαρτίας·
1421 957 1515 1008 καὶ
1551 956 1722 1019 οὕτως

160 1049 542 1118 ἁποκαθαριεῖς
567 1050 698 1117 ἡμῖν
755 1046 820 1098 δι’
849 1045 1099 1098 ὑσσώπου
1127 1047 1200 1110 ὡς
1247 1048 1337 1100 καὶ
1388 1047 1526 1119 ὑπὲρ
1575 1048 1723 1119 χιόνα

162 1138 533 1207 λευκανθῆναι.
579 1137 843 1206 ’Υσσώπῳ
866 1137 924 1190 δέ
951 1139 1048 1208 τὴν
1093 1137 1187 1190 τοῦ
1223 1139 1377 1206 ἁγίου
1412 1140 1726 1210 Πνεύματος

163 1234 427 1302 ενὲργειαν
458 1232 738 1299 ἀφομοιοῖ,
774 1230 979 1301 θερμὴν
1005 1227 1167 1284 οὖσαν
1193 1232 1287 1283 καὶ
1316 1232 1494 1285 πάντα
1523 1233 1614 1285 τὸν
1669 1233 1726 1284 ἐν

165 1323 277 1392 ᾖμεν
335 1319 508 1390 ῥύπον
565 1320 1008 1388 ἀποσμήχουσαν.
1064 1318 1179 1391 [Ἦ
1237 1321 1611 1393 ἁποκάθαρσις
1660 1320 1726 1372 δι’

162 1412 398 1465 ὕσσώπου
443 1411 759 1481 γενήσεται,
791 1411 906 1479 ἦτοι
943 1409 1030 1463 διὰ
1079 1411 1174 1464 τοῦ
1214 1411 1367 1479 ἁγίου
1395 1412 1724 1482 Πνεύματος.

163 1501 441 1562 Ὕσσωπος
475 1500 591 1571 γὰρ
617 1499 811 1568 βοτάνη
840 1499 1190 1572 καθαρτική.]
1227 1502 1300 1554 Τὸ
1323 1503 1400 1559 δὲ.
1433 1503 1507 1554 Τὰ
1535 1501 1728 1566 ἄδηλα

161 1591 247 1643 καὶ
295 1590 365 1642 τὰ
418 1589 647 1656 κρύφια
694 1603 808 1641 σου
857 1587 1169 1656 ἐδήλωσας
1197 1607 1299 1658 μοι
1342 1589 1448 1656 τῆς
1486 1590 1725 1656 σοφίας,

162 1681 432 1751 δηλοῦντος
466 1683 641 1743 ἐστιν,
661 1682 736 1743 ὡς
774 1681 948 1734 πάντα
1007 1680 1153 1750 αὑτῷ
1179 1680 1246 1733 τὰ
1291 1682 1524 1750 ἐσόμενα
1548 1681 1645 1732 ὅσα
1671 1681 1728 1731 ἐν

169 1777 217 1843 τῇ
247 1773 348 1842 ἰδίᾳ
377 1771 545 1842 σοφίᾳ
575 1771 727 1824 ἔθετο
751 1773 778 1823 6
805 1771 936 1834 Θεὸς
965 1770 1052 1824 διὰ
1100 1770 1192 1823 τοῦ
1227 1771 1379 1839 ἁγίου
1415 1770 1728 1840 Ili/stipato;

162 1863 520 1932 ἀπεκάλυψεν.

1822 687 2093 755 sapientia
2120 696 2223 739 tute
2255 684 2610 753 manifestarin
2633 685 2782 738 mihi.
2810 682 2935 738 Hac
2956 693 3041 739 est
3066 686 3326 738 sententia
3358 702 3371 736 :

1823 774 1926 835 Tu,
1961 775 2155 843 inquit,
2192 772 2438 840 Domine,
2463 776 2558 844 qui
2596 775 2794 828 veritas
2821 789 2878 828 es
2907 783 2960 827 et
2980 772 3258 827 veritatem
3295 771 3376 823 di-

1821 866 1974 937 ligis,
2007 881 2127 919 cum
2159 865 2293 921 velis
2345 881 2445 920 nos
2499 867 2552 919 in
2602 865 2827 919 veritate
2867 864 3078 933 degere,
3121 861 3376 932 purgabis

1822 971 1926 1011 nos
1951 972 1981 1009 a
2012 958 2181 1012 veteri
2211 964 2434 1025 peccato
2467 973 2480 1008 :
2513 964 2676 1023 atque
2707 955 2778 1006 ita
2813 969 2910 1008 nos
2943 954 3178 1022 liyssopo
3215 967 3376 1004 mttu-

1821 1046 1997 1111 dabis,
2022 1056 2079 1100 ut
2128 1062 2290 1114 supra
2311 1047 2490 1099 nivem
2522 1045 2734 1098 candidi
2775 1043 3086 1097 elliciamur.
3131 1038 3377 1111 HySSOpo

1824 1149 2002 1193 autem
2047 1138 2286 1206 Spiritus
2330 1137 2502 1189 sancti
2570 1134 2862 1187 eflicaciam
2909 1142 3207 1200 comparat,
3253 1139 3376 1182 tan-

1824 1245 1987 1297 quam
2020 1229 2280 1302 calidam,
2329 1235 2381 1280 et
2431 1227 2619 1280 sordes
2658 1239 2848 1277 omnes
2891 1224 2945 1274 in
2984 1221 3140 1274 nobis
3189 1234 3376 1286 repur-

1827 1330 2063 1392 gantem.
2105 1319 2379 1391 [Purgatio
2414 1318 2652 1387 liyssopo
2673 1315 3008 1376 cenﬁeietur,
3045 1311 3251 1367 scilicet
3284 1323 3375 1376 per

1828 1413 2088 1480 Spiritum
2141 1421 2411 1465 sanctum.
2469 1407 2744 1479 llyssopus
2797 1421 3028 1474 namque
3075 1413 3158 1459 est
3211 1403 3375 1456 herba

1826 1502 2088 1570 purgandi
2123 1501 2172 1553 vi
2210 1497 2479 1569 praedita]
2529 1499 2663 1551 Illud
2694 1507 2876 1552 autem
2911 1516 2924 1550 :
2960 1494 3172 1549 Incerta
3207 1505 3255 1548 et
3285 1511 3373 1547 oc-

1826 1591 1967 1643 culta
1994 1591 2263 1658 sapientia:
2288 1589 2760 1656 tnwmauifestasti
2789 1589 2936 1650 mihi,
2971 1586 3262 1640 indicantis
3294 1593 3378 1638 est

1827 1694 2008 1732 omnia
2036 1678 2238 1744 futura,
2276 1692 2611 1748 quaecunque
2642 1675 2783 1731 Deus
2823 1677 2876 1729 in
2915 1675 3128 1744 pr0pria
3164 1673 3378 1744 sapien-

1827 1769 1902 1824 tia
1942 1770 2204 1838 reposuit,
2236 1769 2335 1839 ipsi
2366 1783 2462 1839 per
2491 1765 2750 1837 Spiritum
2787 1766 3020 1820 revelata
3045 1764 3236 1820 fuisse.

236 1955 524 2022 Ῥαντιεῐς
579 1972 656 2024 με
703 1953 986 2017 ὑσσώπῳ,
1042 1954 1140 2005 καὶ
1191 1953 1717 2022 καθαρισθήσομαι.

1901 1959 1954 2012 9.
1980 1959 2227 2027 Aspcrges
2259 1974 2336 2010 me
2362 1957 2606 2026 hyssopo,
2653 1968 2701 2010 et
2729 1955 3040 2010 mundabor.
3084 1957 3377 2029 Postquam

163 2047 353 2108 Εἰπὼν,
383 2050 469 2100 ὅτι
503 2047 752 2107 Δέδωκας
780 2046 973 2114 νόμους
1004 2045 1178 2107 θείους
1204 2047 1296 2098 καὶ
1324 2045 1610 2110 διατάξεις,
1641 2046 1727 2099 λέ·-

162 2155 240 2208 γει
258 2138 318 2189 τὸ
355 2137 564 2207 μεῖζον,
593 2139 674 2190 ὅτι
707 2137 1034 2209 Καθαρμούς
1061 2154 1212 2200 τινας
1233 2141 1290 2191 ἐν
1323 2139 1400 2208 τῷ
1432 2139 1580 2208 νόμῳ
1601 2141 1726 2209 ἐχα-

165 2229 307 2299 ρίσω.
331 2231 424 2281 καὶ
449 2228 518 2282 δι’
549 2228 798 2282 ὑσσώπου
841 2231 1218 2301 ραντίσματοςο
1255 2230 1395 2282 κατὰ
1428 2230 1611 2284 τοῦτον
1634 2227 1725 2286 οὗν

162 2319 247 2371 τὸν
277 2319 476 2372 σκοπὸν
518 2320 616 2372 καὶ
643 2321 772 2390 ἡμῖν
801 2320 893 2373 νῦν
927 2321 1209 2392 παράσχου
1236 2321 1304 2374 τά
1359 2322 1536 2392 ὃμοια,
1565 2325 1592 2375 ὁ
1624 2324 1724 2376 αὑ-

163 2409 242 2471 τὸς
264 2409 336 2461 ὢν
357 2410 512 2473 Θεός.
540 2411 612 2464 ’Ἡ
637 2413 930 2482 μυστήριον
951 2413 1091 2465 ἔοικέ
1116 2431 1166 2464 τι
1189 2413 1542 2467 αἰνίττεσθαι.
1578 2415 1727 2468 Ἐπεὶ

162 2499 262 2570 γὰρ
291 2501 497 2571 Μωσῆς
559 2502 616 2554 ἐν
648 2501 904 2572 Αἰγύπτῳ
955 2503 1014 2554 τὸ
1041 2498 1179 2573 αἷμα
1231 2505 1322 2556 τοῦ
1357 2505 1626 2575 προϐάτου
1658 2501 1725 2558 δι’

164 2590 405 2644 ὑσσώπου
431 2594 557 2655 ταῖς
582 2592 762 2660 φλιαῖς
813 2593 1142 2646 διεκελεύετο
1189 2595 1618 2666 ἐπιρῤαξνεσθαι,
1644 2613 1724 2648 τιο

168 2684 406 2755 μιωτέρῳ
434 2684 534 2737 καὶ
572 2686 732 2755 ἡμεῖς
761 2686 1144 2758 ἡγοράσθημεν
1191 2689 1404 2758 αἵματι.
1451 2689 1601 2741 Ἐπεὶ
1634 2684 1725 2742 οὖν

165 2773 523 2846 φυλακτήριον
595 2777 768 2828 ἐκεῖνο
828 2777 1042 2844 ἐγένετο
1103 2779 1174 2849 μή
1245 2797 1298 2831 τι
1353 2778 1541 2832 παθεῖν
1601 2781 1728 2843 τοὺς

164 2865 493 2929 ἐνοικοῦντας
523 2867 629 2919 ὑπὸ
661 2867 753 2920 τοῦ
796 2868 1190 2939 ὀλοθρεύοντος,
1237 2873 1462 2933 εἰκότως
1491 2874 1519 2924 6
1543 2871 1723 2935 Δαυῒδ,

162 2958 252 3028 τὴν
280 2959 372 3011 τοῦ
405 2960 640 3030 αἵματος
664 2959 869 3012 ἐκείνου
906 2961 1122 3031 μνήμην
1143 2963 1199 3014 ἐν
1227 2962 1518 3032 ἀπορρήτῳ
1547 2962 1727 3014 ποιού-

166 3065 333 3119 μενος,
375 3050 658 3117 Ῥαντιεῖς
713 3067 788 3119 με
815 3050 1096 3113 ὑσσώπῳ,
1147 3053 1299 3123 φησὶ,
1340 3052 1433 3105 καὶ
1477 3052 1542 3105 τὰ
1576 3052 1719 3122 ἑξῆς

164 3143 519 3212 αἰνιττόμενος
550 3141 648 3211 τὴν
670 3140 758 3193 διὰ
777 3139 869 3193 τοῦ
895 3141 1124 3211 αἵματος
1170 3141 1264 3194 τοῦ
1315 3141 1564 3211 ἀληθινοῦ
1594 3145 1725 3212 Χρι-

1825 2049 1962 2105 dixit
1995 2067 2007 2102 :
2040 2047 2212 2117 Leges
2239 2048 2433 2102 dedisti
2469 2046 2681 2100 divinas
2714 2055 2768 2099 et
2797 2048 3233 2115 constitutiones,
3266 2051 3379 2118 jam

1825 2139 1969 2209 quod
2005 2139 2182 2207 majus
2219 2145 2302 2191 est
2335 2137 2466 2191 dicit
2497 2155 2512 2190 :
2565 2135 2977 2190 Puriﬁcationes
3014 2141 3279 2206 quasdam
3327 2141 3378 2192 in

1825 2231 1940 2301 lege
1968 2230 2163 2284 dedisti
2204 2238 2256 2284 et
2301 2229 2672 2298 aspersionem
2718 2230 2954 2300 liyssopo
2987 2227 3185 2283 factam
3221 2248 3234 2283 :
3285 2245 3379 2284 eo-

1824 2323 1946 2376 dem
1980 2320 2145 2390 igitur
2166 2334 2332 2389 scopo
2362 2329 2415 2375 et
2442 2323 2600 2377 nobis
2630 2336 2847 2391 quoque
2882 2321 3078 2377 similia
3104 2321 3376 2384 conferas.

1826 2427 1948 2466 cum
1984 2413 2099 2481 ipse
2141 2410 2284 2465 Deus
2313 2411 2410 2466 sis.
2457 2411 2563 2465 Aut
2595 2411 2806 2466 videtur
2847 2413 3164 2482 mysterium
3203 2413 3379 2480 quod-

1824 2503 1970 2572 piam
2018 2503 2106 2557 hic
2151 2502 2484 2556 adumbrari.
2535 2501 2983 2572 Quandoquidem
3025 2503 3169 2556 enim
3203 2501 3380 2559 Moses

1824 2594 1880 2647 in
1906 2594 2141 2664 Egypto
2180 2596 2496 2664 sanguinem
2526 2597 2644 2650 ovis
2668 2596 2915 2664 postibus
2938 2595 3172 2666 hyssopo
3189 2611 3377 2665 asper—

1824 2699 1948 2755 gere
1984 2676 2172 2754 jussus
2207 2694 2323 2738 erat
2348 2686 2391 2715 “
2416 2726 2432 2747 .
2486 2687 2807 2755 pretiosiore
2859 2701 2960 2739 nos
2996 2688 3260 2758 sanguine
3291 2703 3378 2742 re-

1824 2777 2025 2847 dempti
2065 2792 2276 2831 sumus.
2318 2775 2586 2843 Quoniam
2617 2777 2782 2846 igitur
2815 2778 3036 2847 sanguis
3068 2779 3157 2833 ille
3191 2782 3377 2849 prtesi-

1824 2868 1915 2924 dio
1947 2878 2002 2922 et
2032 2868 2209 2923 tutela
2240 2868 2374 2933 fuit,
2407 2883 2475 2922 ne
2511 2867 2832 2922 laederentur
2860 2868 2928 2921 ab
2957 2869 3378 2926 exterminatore

1823 2959 1917 3029 qui
1968 2959 2020 3012 in
2061 2960 2242 3028 aliqua
2274 2961 2438 3015 domo
2481 2959 2749 3028 degerent,
2788 2959 2981 3013 merito
3015 2958 3205 3026 David,
3252 2977 3378 3015 san-

1826 3048 2005 3118 guinis
2046 3048 2193 3101 illius
2229 3051 2547 3103 memoriam
2591 3051 2802 3103 occulte
2838 3049 3078 3112 faciens,
3125 3053 3376 3120 Aspcrges

1826 3156 1926 3205 me,
1953 3141 2146 3210 inquit,
2173 3141 2554 3210 hyssopo,etc.,
2586 3141 2919 3195 adumbrans
2946 3142 3375 3210 purificationem

165 3231 278 3284 στοῦ
313 3231 488 3302 ἀμνοῦ
524 3231 890 3303 γενησομένην
920 3232 1120 3285 ἁπασιν
1179 3233 1569 3303 ἀποκάθαρσιν,
1632 3235 1721 3288 καὶ

1828 3231 1974 3286 illam
2011 3233 2266 3288 omnibus
2293 3248 2388 3303 per
2418 3233 2736 3303 sanguinem
2766 3234 2874 3288 reri
2909 3234 3032 3302 agni
3067 3232 3266 3288 Christi
3298 3233 3377 3287 fa-

162 3321 470 3392 γλιχὸμενος
489 3316 602 3374 οἷον
627 3319 826 3390 ταύτης
849 3323 1050 3389 τυχεῖν,
1076 3320 1110 3389 ἢ
1139 3321 1272 3390 μόνη
1289 3321 1530 3390 ἀκριϐῶς
1559 3323 1721 3393 ρύψαι

1825 3323 2096 3389 ciendam,
2114 3333 2167 3378 et
2191 3333 2452 3394 exoptans
2481 3324 2628 3379 illam
2655 3340 2776 3395 qua:
2797 3325 2909 3380 sola
2934 3334 3109 3395 potest
3141 3323 3376 3396 perfecte

162 3411 369 3466 δύναται
394 3413 493 3464 καὶ
527 3410 700 3479 χιόνος
726 3408 894 3461 θεῖναι
931 3408 1268 3478 λευκότερον.

237 3503 550 3567 Ἆκουτιεῖς
603 3516 681 3568 με
753 3500 1110 3568 ἀγαλλίασιν
1161 3499 1260 3553 καὶ
1320 3502 1720 3570 εὐφροσύνην.

173 3594 460 3663 ’Δκουστήν
501 3610 589 3662 μοι
622 3589 890 3660 γενέσθαι,
919 3591 1070 3661 φησὶ,
1099 3592 1534 3662 παρασκευάσεις
1560 3593 1721 3648 πάλιν

161 3685 239 3738 διὰ
266 3685 356 3739 τοῦ
387 3685 697 3755 πνεύματος
726 3683 823 3753 τὴν
869 3684 926 3735 ἐν
965 3683 1211 3753 ἐσχάτοις
1235 3687 1440 3756 καιροῖς
1465 3685 1724 3756 ἐσομένην

161 3775 470 3842 ἀγαλλίασιν
515 3775 608 3828 καὶ
658 3772 1011 3844 εὐφροσύνην.
1062 3774 1156 3837 Τίς
1209 3773 1264 3826 δέ
1311 3773 1376 3827 ἂν
1406 3774 1490 3842 εἴη
1518 3774 1720 3846 αὖτηή

162 3868 331 3938 ἐκείνη
356 3870 388 3938 ὴ
425 3867 632 3935 γνῶσις
658 3869 690 3937 ἡ
723 3866 851 3936 περὶ
878 3865 1246 3928 ἀναστάσεως,
1296 3866 1362 3936 ἡν
1384 3865 1617 3928 ἐδίδαξεν
1649 3868 1723 3918 εῖ-

162 3955 270 4010 πὼν
289 3998 303 4021 ,
386 3956 887 4026 Ἀταλλιὰσονται
963 3954 1144 4008 ὀστέα
1222 3956 1720 4024 τεταπεινωμένας

162 4048 287 4101 Πότε
316 4048 373 4101 δὲ
412 4045 831 4114 ἁγαλλιὰσονται
873 4045 941 4098 τὰ
984 4046 1300 4115 σεσημμένα
1326 4046 1480 4116 ἡμῶν
1509 4049 1640 4099 ὀστᾶ
1685 4048 1717 4118 ἢ

161 4138 290 4191 κατὰ
336 4139 427 4192 τὸν
478 4137 579 4207 τῆς
614 4136 961 4200 ἀναστάσεως
994 4136 1206 4207 καιρὸν,
1255 4137 1477 4200 καθ”ὂν,
1506 4137 1580 4201 ὡς
1604 4139 1721 4194 ἐτε-

168 4224 250 4293 ρός
286 4241 415 4295 φησι
468 4226 770 4296 προφήτης,
831 4227 906 4279 Τὰ
951 4223 1100 4280 ὀστᾶ
1148 4225 1315 4296 ἡμῶν
1361 4227 1440 4293 ὡς
1489 4228 1718 4298 ,βοτάνη

161 4312 479 4378 ἀνατελεῖς
529 4312 972 4384 Ἀταλλιάσεται
1005 4315 1186 4368 ὀστέα
1235 4319 1715 4387 τεταπεινωμένα.

173 4400 577 4470 ’Δγαλλιὰσεται
604 4406 638 4475 ὴ
683 4403 832 4474 ἰσχὺς
877 4403 977 4474 τῆς
999 4404 1174 4476 ψυχῆς
1200 4425 1321 4478 μου,
1350 4409 1432 4460 ὅτι
1462 4409 1721 4479 πρότερον

161 4493 258 4547 ὑπὸ
281 4497 374 4566 τῆς
397 4496 672 4566 ἁμαρτίας
711 4497 1026 4552 ἁσθενοῦσα.

1824 3427 2056 3481 purgare
2078 3424 2132 3467 et
2159 3415 2281 3468 nive
2306 3417 2672 3470 eaudidiorem
2706 3417 2938 3472 efficere.

1894 3502 1982 3556 10.
2022 3503 2241 3556 Αυάὶιιιί
2272 3519 2384 3558 meo
2421 3505 2569 3558 dabis
2607 3506 2856 3575 gaudium
2879 3518 2928 3562 et
2958 3506 3218 3563 lwtitiam.
3268 3506 3376 3562 Cu-

1823 3595 2003 3660 rabis,
2073 3595 2281 3665 inquit,
2340 3606 2398 3650 ut
2452 3596 2636 3650 auditu
2675 3597 2940 3666 excipiam
2980 3613 3076 3668 per
3123 3599 3373 3668 spiritum

1823 3687 1968 3740 illam
1992 3689 2288 3755 postremis
2314 3689 2646 3758 temporibus
2688 3688 2925 3742 futuram
2958 3692 3372 3745 exsultationem

1822 3789 1875 3832 et
1900 3780 2159 3833 laetitiam.
2210 3777 2341 3845 Quae
2388 3791 2567 3835 autem
2614 3781 2700 3835 illa
2751 3780 2944 3847 fuerit,
3000 3781 3103 3834 nisi
3137 3781 3374 3852 cognitio

1822 3870 1909 3924 illa
1975 3872 2427 3934 resurrectionis,
2485 3888 2646 3941 quam
2703 3873 2852 3928 hisce
2900 3874 3079 3928 verbis
3141 3875 3370 3929 docuit:

1824 3961 2176 4015 Exsultabunt
2219 3979 2338 4016 ossa
2382 3964 2708 4018 humiliata?
2758 3965 2986 4030 Quando
3026 3975 3203 4021 autem
3249 3983 3372 4023 ossa

1821 4062 2005 4107 nostra
2048 4053 2260 4122 putrida
2289 4053 2676 4118 exsultabant,
2720 4056 2825 4109 nisi
2857 4067 3099 4125 tempore
3127 4071 3372 4112 resurre-

1819 4147 2037 4211 ctionis,
2069 4162 2197 4215 quo,
2218 4157 2276 4202 ut
2302 4147 2377 4201 ait
2399 4147 2536 4202 alius
2559 4147 2836 4217 propheta,
2858 4146 2991 4203 Ossa
3013 4158 3194 4202 nostra
3218 4151 3372 4219 quasi

1820 4240 1977 4293 herba
2004 4241 2367 4310 germinabuut
2391 4240 2478 4292 “‘1'
2533 4239 2888 4294 Exsultabuut
2917 4257 3035 4295 ossa
3075 4241 3366 4294 humiliata.

1822 4330 2124 4387 Exsultabit
2159 4335 2324 4388 robur
2350 4334 2542 4388 anima:
2567 4348 2730 4397 mete,
2771 4348 2891 4404 quae
2916 4333 3070 4404 prius
3105 4333 3207 4389 sub
3239 4349 3364 4404 pec-

1820 4431 1941 4477 cato
1972 4421 2184 4477 inﬁrma
2212 4433 2350 4478 erat.

237 4585 638 4654 Ἀπόστρεψον
660 4585 725 4638 τὸ
749 4588 1072 4654 πρόσωπόν
1098 4602 1211 4641 σου
1237 4589 1353 4643 ἀπὸ
1401 4589 1519 4644 τῶν
1535 4591 1716 4660 ἀμαρο

1891 4598 1976 4651 ll.
2013 4599 2194 4652 Λυσι-ιε
2220 4598 2405 4668 [aciem
2436 4611 2579 4653 tuam
2609 4619 2641 4654 a
2667 4604 2892 4670 peccatis
2928 4606 3074 4659 meis.
3133 4603 3370 4661 Rursum

162 4672 291 4728 τιὼν
313 4694 456 4744 μου.
486 4676 651 4728 Πάλιν
671 4677 762 4729 ἐπὶ
782 4679 878 4748 τὴν
905 4678 1289 4750 ἐξομολόγησιν
1337 4682 1639 4754 ἀνατρέχει.

231 4768 489 4836 Καρδίαν
519 4767 785 4836 καθαρὰν
821 4770 1031 4823 κτίσον
1065 4770 1134 4823 ἐν
1160 4771 1307 4840 ἐμοὶ.
1345 4777 1376 4826 ό
1412 4775 1572 4839 Θεός.
1605 4774 1714 4844 Τὴν

163 4858 550 4914 παλαιωθεῖσάν
594 4879 715 4932 μου,
743 4863 892 4932 φησι,
945 4863 1122 4934 ψυχὴν
1168 4865 1581 4937 σεσαθρωμένην
1611 4867 1714 4920 ὑπὸ

162 4948 250 5019 τῆς
299 4952 576 5023 ἁμαρτίας
643 4954 1006 5011 ἁνακαίνισον.
1073 4956 1181 5010 Καὶ
1249 4958 1482 5026 πνεῦμα
1542 4960 1713 5024 εὺθὲς

161 5037 495 5107 ἐγκαίνισον
519 5041 588 5094 ὲν
625 5043 744 5110 τοῖς
769 5042 1036 5114 ἑγκάτοις
1059 5063 1194 5113 μου.
1234 5047 1375 5100 ’Δντὶ
1403 5047 1517 5110 τοῦ,
1546 5050 1714 5120 ἑδραῖ-

160 5143 229 5178 ον·
257 5132 440 5201 ὅμοιον
472 5132 604 5185 ὡσεὶ
633 5132 1128 5202 λέγει”Ασφάλισαι
1157 5137 1246 5190 τὸν
1281 5138 1404 5192 νοῦν
1444 5138 1538 5191 τοῦ
1574 5157 1710 5211 μηκ-

165 5217 236 5271 έτι
269 5217 405 5276 εἶναι
440 5221 658 5275 εὔκολον
685 5226 1040 5279 καταπίπτειν
1068 5229 1145 5290 εἰς
1167 5229 1454 5300 ἁμαρτίαν.

243 5314 346 5368 Kal
388 5316 458 5368 τὸ
499 5313 737 5384 Πνεῦμα
788 5316 853 5369 τὸ
897 5317 1066 5388 ἅγιον
1109 5318 1195 5387 μὴ
1247 5321 1579 5389 άντανέλῃς
1608 5323 1707 5377 ἀπ’

164 5401 308 5472 ἐμοῦ.
337 5406 451 5476 (19)
483 5405 710 5478 Εὔχεται
740 5408 897 5462 πάλιν
945 5409 1160 5481 πνεῦμα
1207 5414 1286 5475 εἰς
1333 5413 1490 5465 αὐτὸν
1539 5415 1707 5470 ἐλθεῖν

163 5496 216 5548 τὸ
246 5499 594 5570 προφητικὸν.
623 5499 1020 5566 Καταλε>.οιπὸς
1072 5502 1180 5575 γάρ
1213 5501 1280 5575 ἦν
1310 5506 1468 5558 αὑτὸν
1501 5507 1587 5562 διὰ
1610 5509 1707 5580 τὴν

166 5585 443 5659 ἁμαρτίαν.

241 5684 280 5715 ⁸³
310 5683 483 5740 Exod.
526 5701 624 5752 xu,
655 5689 742 5740 22.
785 5691 827 5720 "
859 5690 959 5745 lsa.
989 5709 1128 5758 uri,
1158 5695 1241 5748 H.

227 5773 330 5849 (l9)
370 5775 746 5849 interpretatio
793 5781 955 5849 hujus
999 5799 1187 5839 versus
1239 5787 1388 5840 deest
1435 5789 1485 5842 in
1522 5789 1706 5847 codice

167 5841 534 5919 émbrosiano'
556 5841 882 5919 videturque.
910 5869 1030 5908 esse
1074 5855 1246 5909 aliena
1280 5876 1290 5909 :
1324 5841 1702 5915 diciturvenim

163 5909 400 5972 Davidem
433 5919 488 5973 in
537 5934 750 5987 poenam
783 5909 985 5990 peccati
1029 5926 1272 5980 amisisse
1304 5909 1706 6001 spiritum'p-ro:

1819 4688 1884 4742 ad
1909 4689 2303 4745 confessionem
2337 4694 2584 4748 recurrit.

1890 4783 1975 4837 12.
2001 4783 2104 4836 Cor
2133 4788 2385 4839 mundum
2421 4805 2538 4841 crea
2570 4789 2624 4842 in
2656 4806 2770 4854 me,
2809 4788 2970 4844 Deus.
3017 4791 3366 4846 Inveteratam

1819 4875 2083 4942 animam,
2134 4876 2338 4947 inquit,
2381 4891 2601 4949 peccato
2645 4882 2914 4951 putridam
2961 4895 3239 4939 renovato.
3303 4883 3369 4939 Et

1817 4971 2054 5038 spiritum
2086 4983 2281 5025 rectum
2309 4974 2496 5028 innova
2528 4977 2582 5028 in
2610 4976 2888 5032 visceribus
2915 4980 3060 5034 meis.
3118 4977 3231 5034 Hoc
3265 4989 3367 5043 est.

1817 5061 2064 5126 firmum;
2117 5063 2272 5131 quasi
2327 5065 2519 5118 dicat:
2567 5062 2746 5120 Firma
2786 5076 2841 5120 et
2895 5067 3085 5121 robora
3136 5081 3367 5124 mentem

1815 5167 2011 5213 meam,
2035 5161 2089 5206 ut
2116 5169 2218 5207 non
2251 5156 2477 5210 ulterius
2506 5153 2659 5211 facile
2682 5158 2733 5211 in
2755 5167 3033 5226 peccatum
3069 5160 3298 5217 labatur.

1885 5330 1968 5386 l5.
2005 5331 2073 5386 Et
2104 5332 2357 5400 Spiritum
2393 5344 2635 5390 sanctum
2665 5353 2726 5390 ne
2753 5339 2964 5408 auferas
2995 5357 3026 5394 a
3051 5357 3144 5393 me.
3172 5337 3368 5394 Preca-

1815 5432 1901 5476 tur
1940 5439 2153 5478 rursum
2207 5435 2265 5479 ut
2311 5426 2537 5494 spiritus
2584 5428 2932 5498 prOpheticus
2969 5431 3022 5484 in
3078 5445 3134 5486 se
3163 5433 3364 5488 veniat.

1813 5517 1989 5572 losum
2023 5521 2164 5574 enim
2192 5532 2412 5592 propter
2437 5535 2714 5594 peceatum
2750 5527 3057 5594 reliquerat.

1810 5797 2024 5866 phetise,
2063 5809 2116 5854 et
2150 5816 2337 5870 rogare
2383 5813 2439 5856 ut
2481 5805 2582 5858 sibi
2607 5805 2797 5858 iterum
2843 5808 3206 5869 concedatur.
3244 5825 3364 5864 cum

1812 5879 1997 5948 contra
2044 5870 2097 5922 in
2143 5871 2473 5948 {li-gumento
2507 5875 2716 5927 dicatur
2758 5877 2900 5931 hunc
2935 5879 3201 5947 psalmum
3245 5895 3362 5948 pro-

1812 5937 2026 6006 plietice
2053 5937 2316 6009 scriptum
2350 5957 2489 5997 esse.
