4108 6486
735 445 844 502 943

808 563 894 618 ﬂ.
926 562 1095 616 Redde
1126 563 1253 616 mihi
1279 561 1518 620 ltetitiam
1543 563 1796 616 salutaris
1831 565 1928 617 tui.
1956 562 2069 618 Hoc
2090 563 2155 617 ad
2182 565 2282 618 bu-
2312 574 2358 624 Α

735 671 955 710 manum
986 671 1153 726 genus
1181 671 1341 709 omne
1373 654 1623 709 refertur.
1663 654 1922 710 Laetitiam
1945 655 2162 725 quidem
2191 671 2280 709 sa-

733 747 943 811 lutaris,
992 749 1278 802 adventum
1314 745 1524 800 Domini
1553 755 1743 806 vocat,
1777 747 1930 815 juxta
1963 747 2089 800 illud
2125 762 2154 800 a
2180 744 2284 817 Sy-

733 854 924 893 meone
947 838 1148 893 dictum
1181 838 1224 868 ⁶³
1253 856 1265 891 :
1299 835 1436 902 Quia
1463 838 1699 891 viderunt
1730 838 1870 890 oculi
1909 839 2009 890 mei
2052 838 2285 892 salutare

734 942 899 984 tuum.
946 932 1112 1000 Rogat
1163 939 1342 983 autem
1383 939 1441 983 nt
1488 930 1634 985 illius
1684 932 1954 1000 particeps
1999 930 2279 985 eﬁiciatur.

733 1020 804 1074 Et
853 1023 1040 1091 spiritu
1084 1021 1364 1088 principali
1415 1022 1667 1087 conﬁrma
1699 1037 1799 1075 me.
1855 1019 2025 1086 Quem
2077 1029 2281 1076 rectum

735 1116 988 1185 superius
1020 1117 1232 1170 vocavit
1259 1115 1504 1184 spiritum
1524 1155 1538 1179 ,
1568 1114 1656 1168 hic
1683 1113 2031 1183 principalem
2055 1123 2230 1170 vocat.

800 1289 888 1345 15.
921 1291 1123 1346 Docebo
1153 1293 1359 1362 iniquos
1395 1293 1504 1346 vias
1539 1301 1676 1346 tuas.
1723 1292 2009 1362 Postquam
2034 1333 2048 1359 ,
2086 1294 2279 1362 inquit,

728 1397 816 1434 me
856 1398 886 1436 a
941 1392 1162 1452 peccato
1205 1383 1542 1450 liberaveris,
1603 1385 1785 1438 statim
1835 1386 1967 1439 mihi
2017 1386 2282 1440 concedas

732 1472 993 1541 Spiritum
1028 1483 1277 1528 sanctum
1315 1483 1489 1528 tuum.
1545 1474 1699 1530 Tunc
1740 1483 1921 1530 autem
1957 1476 2281 1546 prmvarica-

728 1571 875 1616 tores
908 1563 1112 1617 docebo
1145 1564 1390 1618 incedere
1413 1565 1528 1618 vias
1559 1574 1698 1619 tuas.

803 1653 886 1706 16.
923 1651 1110 1706 Libera
1145 1671 1222 1708 me
1249 1655 1311 1708 de
1342 1655 1683 1725 sanguinibus
1708 1697 1722 1722 ,
1755 1657 1893 1711 Deus
1922 1656 2054 1711 Deus
2091 1657 2281 1711 salutis

728 1759 874 1799 meae.
900 1742 1137 1798 Rursum
1169 1760 1268 1814 pro
1297 1747 1439 1800 caede
1461 1746 1602 1802 Uria:
1631 1749 2077 1817 supplicationem
2105 1749 2278 1813 aﬁ‘ert,

730 1844 790 1888 ut
819 1835 999 1905 aliquo
1046 1837 1208 1890 modo
1255 1853 1318 1891 ex
1369 1838 1489 1908 ejus
1537 1840 1830 1908 pollutione
1861 1841 2120 1895 liberetur
2154 1858 2168 1896 :
2199 1841 2280 1895 vel

1575 445 1629 498 S.
1674 443 2045 500 ATHANASII
2082 444 2230 500 OPP.
2275 443 2454 498 PARS
2490 441 2578 496 lll.
2619 471 2689 481 —
2724 440 3131 496 EXEGETICA.

3849 439 3948 499 2M

2466 561 2701 626 Ἀπόδος
2721 578 2822 630 μοι
2847 560 2962 626 τὴν
2987 560 3349 629 ἁγνιλλίασιν
3366 572 3469 610 του
3498 571 3794 623 σωτηριου
3811 571 3944 612 σου.

2390 655 2482 716 Ei;
2509 654 2650 705 ἆπαν
2670 652 2730 704 τὸ
2759 651 2864 703 τῶν
2891 648 3188 721 ἀνθρώπων
3205 648 3359 716 γένος
3387 648 3735 719 ἀναφέρεται.
3770 648 3946 716 Ἀγαλο

2389 745 2562 797 λίασιν
2596 744 2692 813 μὲν
2719 741 2981 812 σωτηρίου
3011 740 3109 810 τὴν
3140 739 3437 809 παρουσίαν
3485 737 3578 790 τοῦ
3611 739 3818 809 Κυρίου
3843 756 3946 809 φη-

2392 836 2462 899 σὶ,
2498 835 2637 888 κατά
2667 835 2727 886 τὸ
2761 834 3044 904 εἰρημένον
3081 831 3186 884 ὑπὸ
3217 830 3308 883 τοῦ
3347 828 3586 900 Συμεών
3614 831 3731 882 Ὀτι
3789 826 3945 883 εἶδον

2388 927 2442 977 ol
2475 924 2765 993 ὀφθαλμοί
2817 939 2934 991 μου
2977 921 3042 974 τὸ
3097 920 3392 989 σωτήριόν
3443 935 3574 974 σου·
3626 919 3844 989 εὖχεται
3894 919 3946 972 δὲ

2389 1015 2482 1066 καὶ
2521 1012 2680 1074 αὐτὸς
2704 1009 2867 1065 αὐτοῦ
2904 1010 3240 1080 μεταλαϐεῖν.
3283 1010 3386 1063 Καὶ
3421 1011 3707 1078 πνεύματι
3739 1010 3945 1077 ἠγεμο-

2387 1103 2532 1167 νικῷ
2567 1102 2855 1170 στήριξόν
2906 1118 2999 1170 με.
3032 1102 3207 1171 Ὅπερ
3236 1097 3386 1154 εἶπεν
3437 1101 3690 1170 ἀνωτέρω
3732 1099 3946 1170 πνεῦμα

2387 1194 2560 1256 εύθὲς,
2592 1193 2823 1247 ἐνταῦθα
2855 1193 3176 1264 ἡγεμονικὸν
3206 1193 3379 1248 καλεῖ.

2457 1283 2678 1348 Διδάξω
2729 1285 2989 1353 ἀνόμους
3042 1285 3147 1348 τὰς
3199 1283 3377 1349 ὁδούς
3417 1299 3551 1337 σου.
3599 1282 3813 1354 Ἐπειδὴ
3859 1282 3943 1346 ἃν,

2389 1375 2539 1444 φησι,
2570 1374 2868 1446 ρυσάμενὸς
2905 1391 2971 1444 με
3003 1376 3101 1444 τῆς
3130 1374 3418 1445 ἁμαρτίας,
3461 1370 3614 1437 αὖθις
3654 1374 3853 1438 imae;
3881 1391 3945 1445 με

2386 1468 2445 1519 τὸ
2480 1467 2570 1519 σὺν
2598 1465 2750 1534 ἅγιον
2778 1466 3021 1537 Πνεῦμα.
3063 1465 3196 1518 Τότε
3221 1466 3284 1536 δὴ
3324 1466 3484 1520 πάλιν
3527 1465 3627 1530 τὰς
3673 1467 3772 1530 σάς
3798 1467 3947 1530 ὀδοὺς

2389 1555 2618 1627 βαδίζειν
2648 1556 2842 1621 διδάξω
2866 1559 2991 1621 τοὺς
3013 1557 3465 1629 παραϐαίνοντας.

2469 1647 2679 1701 Ῥῦσαι
2723 1665 2800 1716 με
2836 1647 2904 1711 ἐξ
2963 1646 3245 1716 αἱμάτων.
3303 1651 3336 1701 ὁ
3385 1646 3527 1714 Θεὸς
3565 1651 3599 1702 ό
3646 1647 3791 1714 Θεὸς
3838 1647 3942 1716 τῆς

2387 1742 2682 1809 σωτηρίας
2707 1759 2845 1810 μου.
2880 1741 3046 1795 Πάλιν
3099 1741 3372 1813 ἱκετηρίαν
3421 1741 3561 1813 ὑπὲρ
3589 1741 3683 1794 τοῦ
3719 1741 3815 1794 τοῦ
3849 1743 3946 1795 06-

2392 1831 2500 1903 ρίου
2549 1833 2709 1901 φόνου
2739 1833 2969 1896 τίθεται,
3006 1834 3151 1896 ὅπως
3196 1832 3264 1886 ἂν
3303 1832 3522 1903 ρυσθείη
3571 1832 3664 1886 τοῦ
3699 1832 3760 1897 ἐξ
3785 1832 3946 1886 αὐτοῦ

729 1927 929 1993 potius,
962 1927 1026 1980 de
1054 1930 1418 1997 sanguinibus,
1450 1931 1501 1984 id
1526 1939 1608 1986 est
1636 1932 1702 1987 de
1731 1932 2012 1988 sacriﬁciis
2038 1949 2132 2002 per
2158 1949 2284 1988 san-

2388 1922 2646 1993 μιασμοῦο
2698 1924 2731 1995 ἢ
2780 1923 2997 1995 μᾶλλον,
3030 1924 3098 1988 ἐξ
3130 1925 3408 1994 αἱμάτων,
3466 1924 3574 1977 τῶν
3623 1925 3689 1976 δι’
3721 1927 3945 1996 αἵματος

729 2017 947 2084 guinem
985 2017 1176 2082 factis,
1221 2029 1280 2073 ut
1331 2020 1571 2075 indicant
1607 2039 1728 2089 qum
1767 2023 1818 2076 in
1849 2025 2058 2092 psalmo
2098 2025 2284 2079 subse-

728 2117 968 2174 quuntur
989 2109 1068 2163 sic
1096 2128 1108 2162 :
1148 2109 1412 2174 Quoniam
1449 2112 1494 2164 si
1521 2111 1770 2165 voluisses
1798 2113 2116 2182 sacriﬁcium
2143 2155 2157 2179 ,
2191 2113 2285 2167 de-

727 2199 920 2252 dissem
950 2201 1154 2268 utique,
1185 2210 1289 2254 etc.
1341 2199 1410 2252 Et
1439 2201 1722 2254 exsultabit
1761 2202 1940 2273 lingua
1972 2221 2085 2258 mea
2117 2206 2285 2274 justi-

730 2290 856 2341 tiam
885 2299 1048 2343 tuam.
1095 2288 1208 2344 lloc
1238 2290 1592 2361 Symmachus
1630 2293 1709 2347 sic
1741 2294 2125 2364 interpretatus
2158 2306 2240 2351 est
2269 2316 2281 2350 :

728 2380 992 2451 Loquetur
1031 2382 1216 2452 lingua
1255 2401 1371 2437 mea
1413 2386 1829 2439 misericordiam
1871 2397 2055 2440 tuam:
2084 2403 2288 2453 nequa-

727 2487 888 2539 quam
914 2474 1055 2526 cnim
1085 2475 1274 2528 tacebo
1297 2491 1419 2529 cum
1448 2477 1661 2530 veniam
1689 2477 1791 2531 sim
1817 2488 2162 2544 consecutus,
2193 2479 2286 2534 sed

726 2565 980 2620 laudibus
1010 2576 1063 2620 te
1092 2581 1391 2636 prosequar
1412 2609 1428 2632 ,
1468 2578 1522 2623 et
1555 2569 1812 2623 beneﬁcia
1844 2577 1934 2623 tua
1956 2585 2287 2625 commemo-

727 2657 879 2712 rabo.
939 2657 1250 2726 Siquidem,
1305 2660 1412 2724 ait,
1464 2662 1653 2732 legalia
1699 2661 1961 2716 sacriﬁcia
2005 2663 2282 2731 respuisti,

729 2749 988 2815 quoniam
1046 2766 1148 2805 non
1201 2761 1431 2818 possunt
1483 2762 1701 2822 peccata
1736 2754 2007 2808 dimittere
2039 2772 2051 2806 :
2084 2754 2202 2808 ideo
2233 2755 2286 2808 id

728 2841 872 2908 quod
923 2840 1106 2910 diligis
1139 2843 1312 2897 obtuli
1354 2844 1473 2896 tibi.
1516 2845 1629 2900 lloc
1673 2855 1852 2899 autem
1898 2854 1980 2900 est
2016 2844 2159 2915 quod
2191 2861 2287 2916 per

729 2931 1108 2999 pmnitcntiam
1139 2939 1194 2986 et
1224 2947 1319 2986 cor
1345 2934 1639 2988 contritum
1668 2934 1914 2990 oﬁ'ertur.

794 3104 883 3160 20.
927 3105 1153 3179 Benigne
1183 3110 1300 3180 (ac,
1338 3111 1592 3180 Domine,
1637 3116 1692 3168 in
1727 3116 1862 3171 bona
1895 3119 2161 3173 voluntate
2195 3131 2286 3173 tua

725 3193 877 3250 Sion.
913 3197 1041 3252 Sion
1075 3202 1162 3254 hic
1191 3211 1353 3256 vocat
1386 3202 1708 3260 Ecclesium.
1741 3206 1970 3272 Quando
1999 3210 2142 3264 enim
2170 3211 2282 3267 Deo

727 3285 872 3340 Patri
906 3289 1103 3356 placuit
1137 3293 1319 3347 omnia
1353 3294 1406 3347 in
1439 3294 1574 3352 Filio
1608 3313 1709 3352 suo
1739 3314 1998 3355 renovare
2019 3342 2033 3365 ,
2080 3310 2206 3357 tunc
2228 3311 2281 3358 et
2309 3272 2352 3331 C

726 3376 870 3430 bona
919 3378 1170 3436 Ecclesia:
1207 3399 1317 3439 sua:
1369 3387 1639 3454 pollicitus
1682 3399 1782 3445 est.
1840 3390 1908 3446 Et
1954 3395 2282 3462 wdiﬁeentur

727 3473 870 3524 muri
899 3471 1214 3528 Jerusalem.
1249 3475 1430 3533 Muros
1456 3477 1755 3534 Jerusalem
1775 3523 1790 3546 ,
1818 3493 2036 3538 sanctos
2062 3485 2162 3549 ait,
2193 3500 2280 3539 sa-

726 3577 944 3616 crorum
977 3566 1276 3628 ministros,
1313 3569 1406 3635 qui
1446 3569 1697 3624 muniunt
1730 3569 2026 3627 Ecclesiam
2059 3573 2196 3643 ejus.

795 3835 884 3891 ‘21.
947 3836 1092 3891 Tunc
1133 3840 1428 3909 acceptabis
1468 3843 1787 3912 sacriﬁcium
1817 3845 2064 3913 justitite.
2118 3845 2276 3912 Cum,

724 3927 934 3994 inquit,
989 3927 1249 3982 beneﬁcia
1291 3929 1442 3983 Sioni
1468 3932 1695 3996 tribues,
1728 3944 1780 3988 et
1813 3935 2281 3991 aediﬁcatiluerint

725 4016 867 4068 muri
890 4015 1210 4081 Jerusalem,
1245 4025 1373 4070 tunc
1399 4018 1694 4074 oﬁ'erenlur
1720 4022 2012 4087 sacriﬁcia,
2049 4039 2155 4078 non
2183 4039 2280 4093 per

723 4107 1065 4174 sanguinem,
1087 4110 1179 4164 sed
1204 4110 1450 4179 justitite,
1483 4113 1659 4168 laudis
1685 4115 1911 4169 scilicet.
1949 4115 2279 4171 Oblationem

722 4204 774 4249 et
808 4196 1136 4262 holocausta,
1181 4201 1408 4269 justitiae
1438 4206 1644 4259 scilicet
1677 4215 1730 4260 et
1773 4207 2044 4262 incruenti
2073 4210 2279 4263 sacriﬁ-

726 4285 815 4342 cii.
873 4288 1016 4341 Tunc
1063 4293 1322 4360 imponent
1367 4310 1521 4362 super
1567 4297 1736 4352 altare
1773 4307 1918 4351 tuum
1957 4299 2166 4355 vitulos.
2213 4299 2281 4356 Ει

724 4377 875 4448 ipsos
901 4381 1403 4452 (vitulos)justiti:e,
1437 4396 1495 4441 ut
1529 4389 1637 4441 sint
1668 4391 1848 4444 omnia
1885 4390 2147 4460 justitiae,
2192 4409 2280 4447 sa-

726 4469 949 4533 criﬁcia,
975 4473 1278 4530 oblationes
1309 4477 1547 4534 iustitiae.
1572 4479 1890 4536 holocausta
1914 4483 2164 4552 justitite,
2199 4485 2278 4537 vi-

727 4559 826 4612 tuli
850 4561 1091 4628 justitite.

1079 4651 1178 4705 Hic
1200 4654 1387 4708 desinit
1418 4655 1606 4709 Daniel
1637 4656 1918 4713 Barbarus.

733 4842 782 4896 l.
814 4839 880 4896 In
908 4843 1085 4912 ﬁnem,
1114 4846 1402 4900 intellectus
1434 4847 1626 4902 David.
1663 4848 1794 4903 Cum
1817 4853 1956 4904 venit
1989 4851 2123 4907 Doec
2146 4853 2273 4907 ldu-

798 4950 958 4988 mazus
983 4944 1031 4988 et
1060 4938 1315 4990 nuntiavit
1350 4936 1502 4993 Sauli
1529 4956 1546 4992 :
1590 4939 1738 4994 Venit
1773 4942 1939 4997 David
1980 4946 2036 4998 in
2062 4946 2276 4999 domum

799 5026 1116 5082 Abimeleclt.
1167 5028 1264 5082 LI.

1306 5205 1701 5273 Argumentum.

731 5291 958 5357 Quando
1001 5293 1137 5363 fugit
1166 5294 1330 5350 David
1359 5311 1390 5348 a
1431 5294 1571 5349 facie
1597 5295 1778 5349 Saulis
1813 5295 1868 5348 in
1900 5296 2121 5351 domum
2143 5299 2276 5352 Abl-

800 5385 1024 5451 melech,
1055 5402 1118 5440 ac
1137 5387 1204 5440 de
1233 5387 1464 5455 panibus
1488 5387 1823 5441 sacerdotum
1849 5388 2100 5451 comedit,
2127 5405 2279 5444 acce-

798 5477 983 5547 pitque
1007 5477 1174 5532 Goliae
1207 5478 1441 5547 gladium
1465 5518 1482 5543 ,
1524 5477 1822 5531 abscedens
1856 5478 2125 5547 quispiam
2164 5495 2276 5533 rem

801 5568 1070 5622 nuntiavit
1099 5569 1246 5622 Sauli
1269 5570 1332 5622 εδ.
1371 5567 1499 5622 Erat
1527 5578 1704 5622 autem
1731 5568 1776 5622 is
1809 5567 1948 5623 Doec
1979 5567 2151 5639 Syrus
2182 5571 2276 5639 qui

802 5659 846 5691 "
879 5659 1007 5716 Luc.
1038 5677 1097 5726 ιι,
1123 5661 1208 5714 30.
1281 5661 1325 5691 “
1357 5659 1375 5714 l
1403 5658 1530 5731 lieg.
1566 5675 1679 5722 χχι,
1722 5659 1867 5713 l-lO.

2387 2015 2604 2081 Θυσιῶν,
2637 2017 2712 2080 ὡς
2732 2016 2800 2070 τὰ
2833 2017 3144 2087 ὲπαγὸμενα
3187 2017 3279 2070 τοῦ
3333 2016 3544 2088 ψαλμοῦ
3592 2017 3946 2071 διαδείκνυσιν

2387 2105 2658 2168 εἰπόντος·
2719 2107 2874 2170 Ὅτι,
2941 2108 2994 2179 εί
3053 2105 3357 2174 ἠθέλησας
3435 2107 3690 2171 θυσίαν,
3759 2107 3948 2164 ἔδωκα

2386 2195 2461 2250 ἂν
2484 2199 2616 2267 ('20),
2676 2199 2770 2251 καὶ
2824 2198 2893 2250 τά
2937 2197 3081 2269 ἑξῆς.
3151 2197 3592 2267 Ἀγαλλιάσεται
3639 2200 3675 2265 ἡ
3701 2197 3946 2267 γλῶσσά

2383 2306 2499 2356 μου
2550 2287 2664 2355 τὴν
2718 2287 3110 2353 δικαιοσύνην
3166 2303 3304 2342 σου.
3359 2287 3528 2341 Τοῦτο
3583 2291 3611 2341 ὁ
3655 2289 3946 2361 Σύμμαχος

2387 2379 2555 2440 οὕτως
2579 2379 2910 2448 ἡρμήνευσε·
2947 2378 3307 2445 Διαλαλήσει
3354 2381 3392 2446 η
3420 2377 3668 2448 γλῶσσά
3693 2397 3815 2448 μου
3837 2380 3946 2447 τὴν

2387 2471 2802 2538 ἐλεημοσύνην
2846 2485 2981 2523 σου’
3034 2470 3092 2521 οὐ
3143 2471 3250 2543 γὰρ
3307 2472 3516 2542 σιγήσω
3573 2471 3672 2541 τῆς
3701 2470 3945 2540 ἀφέσεως

2386 2562 2713 2628 ἀπολαύσας,
2761 2563 2874 2615 ἀλλ’
2928 2564 3110 2634 ὑμνῶν
3166 2580 3224 2615 σε
3256 2563 3544 2617 διατελὲσω
3573 2564 3667 2616 καὶ
3707 2563 3808 2627 τάς
3853 2563 3946 2624 σάς

2384 2653 2731 2723 διηγούμενος
2779 2652 3023 2723 χάριτας.
3073 2651 3288 2724 Ἐπειδὴ
3341 2652 3438 2715 τὰς
3499 2654 3556 2704 ὲν
3589 2652 3756 2721 νόμῳ,
3793 2652 3943 2723 φησὶ,

2386 2747 2683 2816 παρῃτήσω
2709 2745 2918 2809 θυσίας,
2935 2747 2994 2798 οὐ
3022 2746 3128 2816 γὰρ
3143 2746 3390 2800 δύνανται
3416 2746 3626 2814 ἀφιέναι
3653 2747 3945 2818 ἁμαρτίας·

2384 2839 2572 2889 τούτου
2613 2837 2768 2907 χάριν
2798 2839 2863 2909 ἢν
2892 2839 3185 2909 ἠγάπησάς
3241 2856 3320 2892 σοι
3379 2840 3744 2911 προσήνεγκα.
3799 2839 3943 2910 Αὕτη

2384 2931 2439 2984 δέ
2490 2932 2637 2984 ἐστιν
2687 2932 2720 3001 ἡ
2771 2929 2858 2984 διά
2914 2931 3199 3000 μετανοίας
3232 2933 3326 2985 καὶ
3374 2931 3595 2999 καρδίας
3625 2949 3946 3005 συντετριμ-

2390 3019 2573 3089 μένης.

2469 3112 2810 3178 Ἀγιίθυνον,
2841 3117 3034 3183 Κύριε,
3090 3116 3159 3168 ἐν
3195 3113 3270 3182 τῇ
3294 3114 3534 3183 εὐδοκίςι
3564 3129 3680 3168 σου
3712 3115 3828 3182 τὴν
3853 3121 3946 3170 Σιι

2384 3204 2486 3259 ὠν.
2527 3206 2662 3257 Σιὼν
2685 3207 2918 3260 ἐνταῦθα
2939 3208 3038 3277 τὴν
3073 3205 3393 3275 Ἐκκλησίαν
3428 3207 3610 3276 φησίν.
3643 3207 3812 3260 Ὅταν
3845 3209 3947 3278 γὰρ

2383 3296 2679 3369 ηὐδόκησεν
2711 3301 2738 3352 ὁ
2800 3298 2932 3362 Θεὸς
2989 3301 3082 3352 καὶ
3136 3298 3322 3369 Πατὴρ
3372 3299 3848 3366 ἁνακεφαλαιῶσαι
3880 3299 3947 3351 τὰ

2385 3388 2561 3441 πάντα
2597 3390 2654 3440 ὲν
2680 3387 2757 3456 τῷ
2787 3387 2900 3457 Υίῷ
2935 3387 3119 3450 αὑτοῦ,
3145 3389 3264 3440 τότε
3289 3389 3381 3440 καὶ
3412 3389 3509 3451 τὰς
3545 3389 3753 3457 ἀγαθὰς
3787 3387 3947 3443 αὑτοῦ

2384 3480 2449 3547 τῇ
2493 3476 2786 3548 Ἐκκλησία
2813 3477 2973 3530 αὐτοῦ
3009 3477 3236 3530 δέδωκεν
3285 3478 3630 3546 ἐπαγγελίας.
3662 3480 3770 3533 Kal
3798 3483 3946 3534 οἱκο-

2385 3567 2691 3637 δομηθήτω
2715 3571 2786 3622 τὰ
2835 3571 3000 3638 τείχη
3041 3569 3438 3638 Ἰερουσαλήμ.
3477 3570 3640 3642 Τείχη
3687 3572 3946 3643 Ἰερουσα-

2384 3659 2494 3730 λὴμ
2525 3662 2649 3724 τοὺς
2702 3661 2888 3728 ἁγίους
2920 3662 3082 3732 φησὶν
3126 3663 3438 3734 ἱερουργοὺς
3475 3665 3599 3726 τοὺς
3650 3664 3937 3736 περιφράτ-

2384 3767 2572 3814 τοντας
2598 3753 2696 3822 τὴν
2734 3752 3052 3824 Ἐκκλησίαν
3082 3752 3266 3807 αὑτοῦ.

2459 3845 2594 3896 Τότε
2637 3842 2988 3909 εὐδοκήσας
3019 3844 3238 3896 θυσίαν
3295 3843 3702 3911 δικαιοσύνης.
3758 3847 3944 3911 Ὅταν,

2385 3936 2566 4004 φησιν,
2605 3934 2891 4003 ἀγαθυνεῖς
2920 3937 3015 4007 τὴν
3061 3936 3195 3989 Σιὼν
3223 3937 3315 3990 καὶ
3349 3937 3670 4009 οἰκοδομηθῇ
3697 3939 3765 3991 τὰ
3793 3941 3942 4010 τείχη

2396 4025 2764 4098 Ἰερουσαλὴμ,
2791 4028 2908 4080 τότε
2961 4027 3023 4098 δὴ
3052 4029 3170 4081 τότε
3220 4029 3312 4081 καὶ
3369 4029 3817 4100 ἀνενεχθήσονται
3851 4031 3944 4085 Θυ-

2385 4117 2517 4179 σίαι,
2552 4118 2647 4186 οὐχ
2676 4119 2731 4170 αί
2782 4117 2847 4169 δι’
2876 4119 3141 4188 αἱμάτων,
3176 4118 3292 4171 ἀλλ’
3328 4119 3384 4170 αί
3437 4120 3536 4189 τῆς
3579 4119 3941 4186 δικαιοσύνης,

2383 4209 2438 4260 αἱ
2462 4207 2558 4276 τῆς
2577 4207 2832 4270 αἰνέσεως
2853 4208 3109 4277 δηλονότι.
3145 4208 3475 4277 Ἀναφορὰν
3495 4207 3588 4261 καὶ
3613 4208 3944 4264 ὁλοκαυτώ-

2378 4317 2554 4370 ματα,
2587 4302 2679 4356 καὶ
2712 4300 2848 4354 αὑτά
2874 4301 2940 4353 τά
2978 4301 3075 4370 τῆς
3099 4302 3437 4370 δικαιοσύνης
3464 4302 3556 4353 καὶ
3579 4301 3646 4354 τὰ
3672 4302 3772 4372 τῆς
3798 4305 3945 4356 ἀναιο

2387 4390 2591 4459 μάκτου
2623 4389 2811 4452 θυσίας
2848 4390 3013 4460 δηλοῖ.
3051 4393 3184 4444 Τότε
3234 4392 3592 4444 ἀνοίσουσιν
3621 4392 3718 4444 ἐπὶ
3750 4392 3816 4445 τὸ
3841 4397 3942 4448 θυ-

2383 4479 2734 4546 σιαστήριὸν
2752 4497 2865 4533 σου
2884 4482 3173 4550 μόσχους.
3208 4482 3316 4534 Καὶ
3340 4483 3534 4544 αὐτοὺς
3572 4481 3938 4552 δικαιοσύνης.

2384 4570 2521 4623 ὥστε
2552 4567 2688 4623 εἶναι
2735 4573 2909 4624 πάντα
2963 4572 3337 4643 δικαιοσύνης,
3385 4572 3606 4636 θυσίας,
3666 4573 3943 4649 ἀναφορὰς

2380 4662 2748 4732 δικαιοσύνης,
2806 4663 3226 4734 ὁλοκαυτώματα
3281 4665 3644 4735 δικαιοσύνης,
3705 4665 3941 4736 μόσχους

2378 4752 2736 4824 δικαιοσύνης.

2379 4849 2482 4912 Είς
2513 4847 2577 4899 τὸ
2603 4849 2797 4911 τέλος,
2828 4848 3130 4917 συνέσεως
3161 4849 3239 4916 τῷ
3301 4850 3498 4914 Δαυῒδ,
3535 4850 3604 4904 ἐν
3625 4848 3706 4915 τῷ
3740 4850 3943 4906 ἐλθεῖν

2450 4939 2613 5004 Δωὴκ
2647 4939 2751 4991 τὸν
2794 4939 3123 5009 Ἰδουμαῖον
3151 4943 3243 4994 καί
3271 4941 3609 5010 ἀναγγεῖλαι
3639 4940 3718 5005 τῷ
3745 4943 3942 4997 Σαοὺλ

2449 5029 2545 5080 καὶ
2584 5029 2770 5082 εἰπεῖν
2820 5030 2999 5096 αὐτῷ·
3062 5029 3239 5087 Ἦλθε
3281 5031 3458 5085 Δαυτδ
3499 5035 3585 5096 εις
3631 5031 3738 5084 τὸν
3775 5028 3944 5085 οἶκον

2465 5121 2784 5191 Ἀϐιμέλεχ.
2814 5125 2936 5177 NA'.

3021 5215 3034 5233 '
3046 5216 3346 5282 Υπόθεσις.

2395 5301 2581 5354 Ἦνίκα
2605 5302 2768 5370 ἔφυγε
2797 5303 2958 5357 Δαυίδ
2988 5303 3095 5356 ἀπὸ
3123 5305 3410 5374 προσώπου
3437 5304 3627 5368 Σαοὺλ,
3661 5305 3757 5357 καὶ
3817 5321 3940 5358 κατ-

2454 5389 2590 5461 ήχθη
2650 5391 2862 5459 φεύγων
2909 5390 3054 5447 οἷκον
3125 5395 3429 5464 Ἀϐιμέλεχ,
3490 5395 3598 5446 τῶν
3645 5411 3708 5446 τε
3763 5395 3941 5464 ἄρτων

2453 5482 2560 5534 τῶν
2591 5484 2776 5554 ίερέων
2812 5487 3089 5552 ἐγεύσατο,
3117 5489 3216 5558 τήν
3245 5505 3301 5539 τε
3333 5487 3599 5558 ῥομφαίαν
3616 5485 3711 5539 τοῦ
3749 5485 3938 5538 Γολιάθ

2453 5576 2714 5631 δέδεκται·
2778 5579 3024 5632 ἀπελθών
3077 5599 3158 5643 τις
3230 5580 3559 5649 ἀπαγγέλλει
3633 5580 3808 5634 ταῦτα
3864 5578 3939 5649 τῷ

953 5752 1087 5807 Cod.
1114 5752 1362 5807 Ambros.
1405 5751 1592 5816 habet,
1641 5750 1706 5802 Αἱ
1737 5753 1795 5804 ὲν
1827 5756 1974 5823 νόμῳ
2030 5752 2208 5806 θυσίαι
2244 5754 2305 5806 ού

2386 5755 2588 5810 ἔνανται
2653 5760 2866 5827 ἀφιέναι
2901 5763 3187 5834 ἁμαρτίας.
3237 5761 3365 5830 Qua:
3418 5763 3680 5819 sententia
3718 5762 3935 5819 inferius

733 5822 1004 5886 repetitur.
