4108 6486
198 442 294 501 245

1304 454 1665 514 EXPOSlTIO
1703 458 1771 513 IN
1808 457 2142 517 PSALHUM
2181 459 2267 514 Li.

3310 460 3411 517 2ιὸ

263 558 450 614 Σαούλ.
488 563 657 634 Ausi-pe
704 566 763 618 δὲ
797 560 948 630 οὗτος
996 570 1024 620 ὁ
1056 567 1223 639 Σύρος
1272 570 1331 632 δς
1376 570 1471 623 καὶ
1512 570 1763 625 τοσοῦτον

1933 573 2005 627 ita
2052 574 2292 628 animum
2334 574 2515 629 Saulis
2548 582 2918 643 exasperavit,
2974 580 3043 628 ut-
3072 574 3412 629 interfectum

263 652 645 724 ἔξεπολέμωσε
667 657 765 727 τὴν
780 658 951 729 ψυχὴν
976 660 1068 713 τοῦ
1082 660 1271 724 Σαοὺλ,
1285 661 1360 724 ὡς
1376 662 1765 717 ἀποστείλαντα

265 744 441 797 πᾶσαν
490 744 595 816 τὴν
650 748 803 803 πόλιν
842 748 949 802 τῶν
992 749 1182 819 ἱερέων
1226 750 1453 812 ἀνελεῖν,
1492 753 1586 805 καὶ
1632 752 1767 823 μηδὲ

265 838 492 903 κτήνους
516 836 705 891 αὐτῶν
730 838 1034 907 φείσασθαι.
1091 838 1272 892 Ταῦτα
1320 836 1412 893 οὖν
1458 840 1708 909 ἀκηκοὼς
1740 841 1768 892 ὁ

263 924 422 977 Δαυῖδ
478 925 553 979 τὰ
608 929 941 1001 προκείμενα
988 931 1157 999 λέγει,
1209 932 1288 995 εἱς
1348 931 1634 1000 πρόσωπον
1673 929 1766 983 τοῦ

267 1015 438 1086 Σύρου
471 1018 916 1091 ἀποτεινόμενος.
945 1022 1096 1091 Ἔχει
1118 1022 1175 1075 δὲ
1208 1023 1303 1075 καὶ
1356 1022 1633 1094 ἀναφορὰν
1674 1024 1769 1075 καὶ⁵

268 1108 345 1168 εἱς
386 1108 449 1160 τὸ
500 1110 601 1163 τοῦ
664 1112 929 1165 Ἰουδαίων
996 1112 1125 1166 λαοῦ
1194 1115 1482 1185 πρόσωπον
1539 1114 1631 1166 καὶ
1673 1112 1767 1165 τοῦ

281 1199 470 1253 Ἰούδα.
502 1202 759 1273 Περιέχει
790 1204 845 1257 δὲ
894 1204 985 1257 καὶ
1028 1204 1246 1272 ἀγαθῶν
1277 1205 1602 1273 ἐπαγγελίαν
1661 1204 1769 1256 τῶν

272 1292 571 1361 ἐσομένων,
611 1296 703 1347 καὶ
742 1296 838 1367 τὴν
870 1298 929 1349 ὲν
977 1295 1056 1365 τῷ
1078 1297 1209 1367 οἴκῳ
1237 1296 1332 1350 τοῦ
1383 1296 1517 1349 0εοῦ
1563 1296 1769 1367 ἵδρυσιν

266 1382 372 1435 τῶν
399 1383 575 1451 ἁγίων
599 1386 786 1450 αὐτοῦ,
820 1388 905 1441 διὰ
940 1387 1034 1441 τοῦ
1075 1388 1272 1457 λέγειν’
1316 1388 1454 1457 Ἐγὼ
1509 1387 1577 1441 δὲ
1628 1389 1768 1441 ὠσεὶ

265 1474 437 1528 ἐλαία
481 1478 865 1547 κατάκαρπος
888 1480 960 1533 ἐν
991 1479 1071 1547 τῷ
1105 1482 1249 1546 οῑκῳ
1300 1482 1408 1536 τοῦ
1462 1481 1629 1536 Θεοῦ.
1680 1482 1771 1535 Διὸ

268 1561 330 1633 δὴ
368 1563 465 1617 καὶ
496 1566 811 1633 συνέσεως
839 1570 928 1621 καὶ
955 1572 1041 1635 εἱς
1064 1570 1130 1623 τὸ
1159 1570 1332 1637 τέλος
1361 1571 1719 1641 ἐπιγράφεται
1742 1572 1771 1623 ὁ

269 1654 501 1725 ψαλμός.
552 1657 726 1723 Χρεία
768 1659 875 1731 γὰρ
907 1661 1105 1731 πολλῆς
1137 1660 1401 1728 συνέσεως
1428 1664 1507 1726 εἱς
1533 1663 1595 1716 τὸ
1624 1680 1766 1730 γνω-

275 1746 423 1817 ρίσαι
456 1749 560 1820 τῆς
622 1750 929 1823 οἰκονομίας
965 1751 1058 1805 τοῦ
1104 1754 1241 1809 κατά
1290 1755 1466 1827 σάρκα
1524 1754 1685 1809 Δαυῖδ
1712 1756 1771 1809 τὸ

274 1838 599 1909 μυστήριον.

280 1928 340 1980 Τί
395 1929 673 2000 ἐγκαυχᾷ
703 1932 774 1985 ἐν
808 1935 1006 2003 κακίᾳ,
1049 1938 1081 1989 ό
1137 1935 1427 2002 dus-atde;
1490 1936 1577 1999 Ὦς
1632 1936 1770 2006 πρὸς
1803 1917 1844 1968 Β

205 2021 358 2075 αὐτὸν
394 2023 487 2076 τὸν
522 2023 715 2095 Σύρον,
750 2025 896 2096 ἦτον
928 2029 1288 2100 ὲνεργήσαντα
1315 2030 1373 2081 ὲν
1423 2026 1570 2097 αὑτῷ
1596 2028 1774 2082 διάϐο-

205 2113 311 2177 λον,
330 2115 613 2168 ἀποτείνει
640 2117 729 2170 τὸν
760 2118 932 2187 λόγον.

284 2202 442 2258 ’.Ωσεὶ
524 2205 717 2274 ξυρὸν
784 2209 1155 2279 ἠκονημένον
1215 2211 1504 2277 ἐποίησας
1568 2212 1768 2267 δόλον.

211 2294 377 2348 Τοῦτό
403 2314 564 2365 φησι,
593 2298 679 2352 διὰ
716 2300 777 2352 τὸ
809 2299 995 2371 ῶσπερ
1029 2299 1259 2371 ξυρῆσαι
1284 2303 1379 2355 καὶ
1413 2302 1639 2372 ἐκκόψαι
1671 2305 1773 2357 πᾶ-

208 2401 302 2438 σαν
323 2386 433 2440 τῶν
468 2389 666 2460 ἱερέων
698 2388 796 2458 τὴν
834 2390 1008 2444 πόλιν.

286 2477 632 2547 Ἠττὶπησας
664 2480 878 2532 κακίαν
916 2480 1066 2550 ὑπὲρ
1112 2483 1527 2551 ἀγαθωσύνην.
1574 2482 1771 2536 Ἠδίκει

207 2570 312 2638 γὰρ
353 2569 831 2642 καταψευδόμενος
888 2572 981 2625 τοῦ
1039 2574 1226 2643 ἱερέως
1278 2575 1373 2627 καὶ
1422 2573 1530 2627 τῶν
1572 2574 1773 2627 λοιπῶν

209 2661 459 2714 ἁπάντων
489 2663 590 2716 σὺν
609 2663 775 2733 αὐτῷ,
810 2664 902 2717 καὶ
931 2664 997 2717 τὰ
1030 2665 1103 2735 μὴ
1128 2664 1436 2736 πραχθέντα
1466 2666 1586 2720 κατ’
1612 2664 1773 2719 αὐτοῦ

208 2752 391 2820 λέγων·
421 2755 485 2807 τὸ
516 2756 629 2825 γὰρ
656 2758 848 2819 είπείν,
880 2756 955 2820 ὡς
984 2759 1305 2828 ἐπηρώτησε
1352 2758 1442 2811 τὸν
1465 2757 1596 2809 Θεὸν
1649 2756 1776 2827 περὶ

207 2844 296 2898 τοῦ
324 2845 512 2911 Δαυῖδ,
540 2846 731 2915 ψεῦδος
752 2843 839 2917 ἦν,
862 2849 955 2900 καὶ
985 2848 1085 2901 οὐκ
1110 2848 1354 2919 ἀλήθεια.

290 3014 641 3083 Ἡγάπησας
695 3016 887 3070 πάντα
958 3017 1195 3086 ῥήματα
1264 3017 1773 3087 καταποντισμοῦ,

212 3105 499 3176 γλῶσσαν
525 3107 753 3161 δολίαν.
793 3110 976 3163 Πάντα
1008 3110 1115 3181 γάρ
1148 3110 1283 3183 πρὸς
1321 3111 1632 3184 ἐπιϐουλὴν,
1682 3113 1775 3166 καὶ

214 3195 396 3265 φθόνον
427 3199 523 3251 καὶ
543 3196 766 3253 θάνατον
793 3198 886 3252 τοῦ
917 3200 1103 3270 ἱερέως
1133 3201 1353 3255 καὶτῶν
1385 3202 1582 3256 λοιπῶν
1604 3204 1775 3257 ἀπάν-

210 3302 313 3341 των
350 3289 458 3342 τῶν
481 3289 582 3341 σὺν
612 3289 757 3359 αὑτῷ
805 3286 1261 3357 τεθανατωμένων
1309 3292 1647 3363 διεπράξατο·
1694 3294 1774 3347 διὸ

209 3376 435 3445 ῥήματα
460 3379 949 3447 κπαποντισμοῦ
978 3380 1028 3432 οἱ
1054 3380 1199 3448 λόγοι
1221 3381 1318 3451 τῆς
1339 3380 1430 3434 τοῦ
1463 3382 1619 3453 Δωὴκ
1647 3382 1775 3452 ψευ-

210 3465 446 3536 δολογίας
508 3468 741 3539 εἴρηται.
816 3468 1049 3540 ’Δθρόως
1098 3470 1205 3541 γάρ
1232 3471 1407 3524 πᾶσαν
1462 3473 1561 3541 τὴν
1620 3472 1774 3526 πόλιν

211 3558 313 3611 τῶν
345 3559 539 3627 ἱερέων
563 3558 748 3631 ῶσπερ
778 3561 835 3612 ὲν
867 3559 1013 3631 βυθῷ
1064 3562 1414 3616 κατεπόντισε
1444 3567 1555 3627 τοῖς
1582 3564 1773 3619 ἑαυτοῦ

216 3648 439 3718 ῥήμασι.
513 3650 733 3716 Λέγοιτο
781 3650 825 3702 δ’
856 3650 921 3703 ἂν
951 3650 1121 3704 ταῦτα
1150 3651 1371 3717 δικαίως
1412 3656 1504 3707 καὶ
1546 3655 1638 3707 ἐπὶ
1668 3657 1774 3709 τῶν

216 3739 488 3810 ἀρχόντων
515 3740 623 3793 τῶν
662 3740 949 3807 Ἰουδαίων,
984 3742 1078 3795 καὶ
1109 3743 1272 3797 αὐτοῦ
1293 3744 1349 3796 δὲ
1380 3744 1475 3797 τοῦ
1515 3745 1701 3799 Ἰούδα.

293 3832 561 3886 Ἐκτίλαι
596 3848 669 3885 σε
698 3834 793 3886 καὶ
832 3836 1310 3903 μετανωτεύσαι
1351 3850 1424 3889 σε
1468 3836 1585 3890 ἀπὸ
1629 3854 1776 3905 σκη-

214 3922 479 3993 νώματός
514 3939 650 3977 σου.
708 3924 1082 3997 Μετετέοησαν
1126 3925 1234 3997 γὰρ
1263 3926 1361 3997 τῆς
1418 3929 1566 4000 ἱερᾶς
1597 3928 1776 3983 αὐτῶν

218 4017 438 4086 σκηνῆς,
483 4016 762 4083 γεγονότες
783 4018 1112 4088 αἱχμάλωτοι
1140 4019 1227 4072 διὰ
1255 4019 1346 4073 τὸν
1380 4020 1519 4073 κατὰ
1540 4020 1631 4073 τοῦ
1663 4022 1775 4073 Κυ-

221 4105 333 4175 ρίου
359 4104 615 4175 σταυρόν.
646 4104 755 4157 Καὶ
782 4105 847 4158 τὸ
861 4105 1083 4175 ῥίζωμά
1136 4122 1250 4160 σου
1279 4107 1346 4161 ἐκ
1387 4109 1499 4176 τῆς
1530 4107 1773 4168 ζώντων.

219 4195 439 4269 Ὅμοιον
490 4197 584 4263 τὸ,
638 4195 1192 4266 ἐξαλειφθήτωσαν
1244 4198 1313 4251 ἐκ
1363 4200 1583 4262 ,ϐίϐλου
1640 4197 1775 4259 ζών-

217 4301 349 4341 των.

288 4375 415 4447 [Διὰ
454 4379 629 4433 τοῦτο
659 4382 691 4433 ό
718 4379 860 4445 Θεὸς
908 4380 1146 4433 καθέλοι
1195 4396 1267 4433 σε
1314 4382 1399 4447 εἱς
1450 4378 1639 4448 τέλος.
1673 4380 1777 4436 Δέ-

219 4486 362 4537 γοιτο
396 4471 444 4523 δ’
477 4470 543 4524 ἂν
594 4473 763 4526 ταῦτα
815 4473 1036 4536 δικαίως
1085 4472 1177 4525 καὶ
1227 4474 1319 4525 ἐπὶ
1353 4473 1462 4527 τῶν
1504 4476 1780 4547 ἀρχόντων

1937 664 2150 720 miserit
2185 675 2349 720 totam
2389 666 2732 722 sacerdotum
2778 666 3079 732 civitatem,
3129 681 3193 721 ae
3224 681 3290 722 ne
3330 668 3417 737 jn-

1936 766 2135 811 mentts
2181 757 2399 826 quidem
2448 758 2832 827 pepercerit“.
2895 755 3019 812 Haec
3080 757 3243 827 igitur
3290 772 3413 814 cum

1938 847 2181 903 audisset
2227 847 2391 902 David
2420 888 2435 913 ,
2473 850 2659 905 istliazc
2697 848 3095 920 loquiturSyri
3129 865 3412 919 personam

1939 941 2259 1009 spectantia.
2311 939 2639 995 Deferuntur
2688 942 2816 997 item
2864 943 2977 997 haec
3019 942 3085 996 ad
3134 956 3417 1011 personam

1936 1032 2114 1101 populi
2140 1030 2474 1098 Iudaeorum,
2502 1041 2663 1102 atque
2683 1031 2855 1087 ludas.
2877 1032 3264 1102 Compleetitur
3292 1032 3418 1086 item

1939 1123 2249 1178 futurorum
2279 1123 2547 1179 bonorum
2573 1125 3015 1195 promissionem,
3049 1133 3105 1178 et
3141 1123 3418 1178 assiduam

1939 1224 2251 1269 sanctorum
2305 1215 2398 1271 Dei
2452 1217 2934 1271 commorationem
2985 1217 3037 1270 in
3086 1216 3245 1270 domo
3278 1214 3417 1283 ejus,

1939 1306 2378 1376 quandoquidem
2409 1307 2578 1362 dicit:
2606 1307 2718 1379 Ego
2763 1321 2935 1362 autem
2962 1310 3094 1362 sicut
3133 1306 3268 1360 oliva
3308 1302 3417 1374 fru-

1937 1399 2126 1466 ctifera
2148 1400 2200 1451 in
2224 1398 2379 1451 domo
2404 1397 2519 1453 Dei.
2547 1398 2908 1465 Quamobrem
2939 1410 2991 1453 et
3030 1397 3338 1456 intellectus.
3368 1402 3422 1449 et

1938 1490 1994 1542 in
2032 1490 2188 1558 ﬁnem
2233 1490 2477 1559 psalmus
2516 1488 2867 1544 inscribitur.
2907 1488 3070 1542 Multa
3108 1487 3249 1542 enim
3282 1498 3420 1555 opus

1940 1579 2315 1649 intelligentia,
2359 1589 2421 1634 ut
2449 1579 2569 1650 ejus
2599 1580 2691 1649 qui
2728 1579 3025 1634 secundum
3066 1590 3283 1632 carnem
3318 1574 3420 1629 Da-

1941 1672 2027 1726 vid
2061 1681 2145 1727 est
2166 1672 2482 1728 oeconomia:
2514 1671 2827 1745 mysterium
2859 1677 3237 1740 cognoscatur.

1942 1956 1996 2009 5.
2026 1954 2164 2019 Quid
2200 1954 2445 2024 gloriaris
2474 1955 2530 2008 in
2549 1952 2786 2014 malitia,
2810 1952 2898 2022 qui
2929 1958 3106 2020 potens
3135 1962 3188 2000 es
3207 1947 3234 1999 .’
3257 1942 3423 2011 Quasi

1872 2044 1939 2100 ad
1974 2046 2151 2116 ipsum
2188 2044 2421 2116 Syrum,
2464 2053 2558 2100 aut
2596 2044 2663 2099 ad
2695 2043 2970 2098 diabolum
3000 2054 3123 2095 eum
3165 2037 3427 2105 instigan-

1872 2146 1999 2203 tem,
2030 2152 2333 2193 sermonem
2364 2137 2623 2191 collimat.

1942 2230 1996 2283 4.
2028 2228 2176 2284 Sicut
2223 2228 2479 2283 novacula
2519 2237 2675 2281 acuta
2708 2226 2877 2295 fecisti
2931 2222 3130 2276 dolum.
3184 2217 3299 2273 lloc
3326 2221 3422 2278 alt,

1872 2321 2017 2391 quod
2068 2329 2234 2374 totam
2270 2320 2612 2375 sacerdotum
2644 2317 2913 2373 civitatem
2949 2314 3103 2385 quasi
3138 2309 3423 2372 abrascrit,

1871 2420 1926 2467 et
1954 2411 2321 2466 internecione
2353 2410 2635 2465 deleverit.

1942 2504 1993 2562 5.
2030 2504 2273 2559 Dilexisti
2309 2504 2568 2557 malitiam
2605 2517 2758 2571 super
2785 2500 3174 2569 benignitatem.
3223 2494 3427 2565 lujusle

1873 2611 2107 2667 namque
2140 2597 2332 2666 agebat
2358 2609 2481 2648 cum
2516 2593 2849 2649 sacerdotem
2886 2600 2939 2646 et
2968 2589 3205 2658 reliquos
3237 2601 3427 2641 omnes

1875 2702 1980 2740 una
2010 2688 2461 2749 calumniaretur,
2505 2700 2569 2739 ac
2603 2700 2723 2754 quae
2753 2692 2900 2754 gesta
2928 2696 3035 2737 nou
3064 2678 3292 2734 fuissent
3334 2677 3428 2731 ad—

1874 2794 2064 2834 versus
2093 2795 2216 2832 eum
2249 2776 2483 2832 deferret
2508 2794 2521 2829 :
2560 2776 2705 2846 quod
2735 2777 2879 2828 enim
2908 2776 3109 2829 diceret
3137 2789 3256 2827 cum
3284 2771 3429 2839 (Abi-

1874 2869 2200 2940 meleclium)
2246 2868 2412 2924 Deum
2446 2868 2589 2922 circa
2625 2865 2879 2921 Davidem
2923 2866 3322 2934 interrogasse,
3374 2862 3429 2917 id

1875 2960 2245 3027 mendacium,
2281 2975 2388 3014 non
2412 2959 2614 3013 veritas
2644 2969 2780 3013 erat.

1943 3052 1997 3106 6.
2023 3052 2268 3105 Dilexisti
2291 3054 2467 3105 omnia
2496 3051 2648 3105 verba
2678 3051 3107 3121 prazcipilatienis
3136 3089 3151 3111 ,
3198 3048 3431 3119 linguam

1876 3144 2136 3199 dolosam.
2168 3140 2363 3197 Omnia
2397 3145 2542 3197 enim
2564 3144 2672 3214 egit
2703 3143 2767 3195 ad
2805 3143 3030 3197 insidias
3050 3184 3066 3208 ,
3094 3141 3346 3196 invidiam
3379 3147 3433 3194 ct

1801 3245 1847 3307 ο
1876 3246 2103 3291 mortem
2128 3234 2424 3290 sacerdotis
2454 3234 2897 3305 reliquorumque
2921 3233 3163 3286 omnium
3194 3231 3285 3302 qui
3307 3247 3431 3287 cum

1877 3342 1943 3385 eo
1973 3328 2099 3383 caesi
2132 3325 2313 3393 fuere;
2355 3341 2525 3397 quare
2577 3325 2730 3380 verba
2767 3326 3198 3396 prwct'pt'lalt'om's
3237 3324 3427 3378 dicun«

1878 3429 1988 3485 tur,
2021 3418 2301 3473 mendacia
2336 3417 2498 3473 Doec.
2538 3416 2839 3473 Confertim
2879 3419 3023 3472 enim
3057 3426 3219 3472 totam
3251 3430 3432 3470 sacer-

1878 3510 2066 3565 dotum
2103 3511 2375 3565 civitatem
2423 3511 2536 3563 suis
2563 3509 2743 3564 verbis
2794 3511 2950 3579 quasi
3001 3509 3055 3563 in
3107 3507 3435 3578 profundum

1879 3602 2257 3673 praecipitavit.
2298 3598 2422 3654 Haec
2457 3609 2635 3654 autem
2676 3600 2799 3669 jure
2845 3615 3061 3670 quoque
3093 3600 3341 3655 dicantur
3368 3602 3435 3655 de

1879 3693 2221 3763 principibus
2254 3689 2563 3747 Judaeorum
2601 3690 2748 3747 etde
2774 3691 2888 3761 ipso
2923 3690 3085 3750 Juda.

1951 3859 2003 3915 7.
2041 3858 2244 3914 Evellat
2296 3867 2343 3913 te
2380 3866 2429 3911 et
2458 3856 2744 3926 transferat
2781 3865 2828 3909 te
2856 3855 2919 3908 de
2954 3853 3289 3917 tabernaculo
3324 3860 3432 3910 tuo.

1880 3952 2155 4009 Translati
2207 3952 2407 4022 quippe
2444 3958 2573 4005 sunt
2619 3948 2688 4003 de
2735 3962 2893 4003 sacro
2930 3946 3280 4002 tabernaculo
3303 3961 3432 4007 suo.

1883 4044 2083 4114 captivi
2114 4052 2334 4113 propter
2354 4041 2559 4096 Christi
2592 4054 2809 4095 crucem
2840 4037 3038 4093 cﬂ‘ecti.
3092 4036 3161 4089 Et
3205 4037 3435 4090 radicem

1882 4148 2026 4189 tuam
2052 4135 2116 4189 de
2146 4144 2286 4189 terra
2319 4134 2620 4189 viventium.
2651 4129 2841 4186 Simile
2863 4128 2994 4184 illud
3026 4127 3349 4184 :Deleatttur
3372 4128 3436 4180 de

1882 4224 2016 4279 libro
2045 4226 2326 4280 viventium
2340 4224 2409 4283 “.

1959 4380 2272 4454 [Propterea
2306 4379 2442 4434 Deus
2463 4379 2697 4433 destruet
2724 4384 2772 4431 te
2799 4377 2854 4430 in
2885 4376 3061 4445 tinem.
3129 4372 3255 4430 liae
3292 4380 3437 4428 recte

1884 4470 2139 4525 dicantur
2160 4469 2227 4524 de
2248 4468 2583 4539 principibus
2610 4465 2923 4523 Iudaeorum
2955 4473 3010 4521 et
3029 4464 3097 4523 de
3129 4464 3248 4536 ipso
3273 4461 3435 4530 Juda,

233 4560 498 4615 Ἰουδαίων
524 4561 617 4615 καὶ
662 4563 831 4616 αὑτοῦ
852 4563 947 4617 τοῦ
988 4563 1178 4626 Ἰούδα,
1205 4563 1291 4617 διὰ
1342 4565 1402 4618 τὸ
1434 4566 1779 4637 ἠγαπηκέναι

1884 4562 2014 4631 quia
2037 4575 2156 4631 quae
2172 4561 2438 4616 damnosa
2467 4570 2624 4615 erant
2649 4558 2954 4615 dilexerunt
2982 4570 3156 4627 usque
3184 4557 3239 4610 in
3257 4555 3435 4625 ﬁnem,

220 4651 284 4705 τά
312 4651 552 4723 βλαϐερά
602 4654 689 4717 εἱς
720 4654 913 4720 τέλος,
963 4655 1084 4707 ἀντὶ
1137 4652 1253 4719 τοῦ,
1309 4655 1636 4723 παντελῶς.
1680 4658 1782 4712 Διά

222 4742 391 4797 τοῦτο
426 4742 671 4797 καθελεῖ
696 4759 791 4807 σε,
845 4744 919 4808 ὡς
971 4748 1031 4799 οὐ
1064 4746 1242 4811 καλῶς
1286 4748 1725 4820 οἰκοδομηθέντα,
1753 4752 1782 4804 ό

222 4834 496 4905 καθαιρῶν
543 4836 941 4907 ὑπερηφάνους,
967 4840 1061 4891 καὶ
1113 4839 1188 4902 ὠς
1220 4838 1404 4902 κακῶς
1430 4839 1779 4908 φυτευθέντα,

221 4923 448 4979 ἐκτίλαι
477 4942 570 4991 σε,
600 4929 994 4997 μεταστῆσαι,
1027 4929 1059 5000 ἦ
1086 4928 1399 4998 ὲκριζὼσαι,
1434 4933 1525 4984 καὶ
1551 4930 1659 4984 ἀπὸ
1682 4932 1781 5002 τῆς

224 5019 591 5090 κατοικήσεως
641 5037 756 5086 σου,
788 5023 1059 5076 τουτέστιν
1092 5023 1199 5077 ἀπὸ
1249 5023 1343 5077 τοῦ
1378 5026 1777 5092 συγκατοικεῖν,

226 5110 490 5183 ὲκϐἀλοι.]

290 5205 582 5272 Ὄψονται
606 5201 839 5267 δίκαιοι,
881 5204 977 5259 καὶ
1028 5205 1487 5273 φοϐηθήσονται.
1523 5206 1641 5259 Τῶν
1675 5208 1781 5279 γὰρ

226 5292 430 5347 ἀσεϐῶν
466 5294 892 5364 ἀναιρουμένων,
915 5298 965 5349 οἱ
992 5296 1187 5349 δίκαιοι
1212 5297 1492 5369 περίφοϐοι
1524 5300 1780 5365 γίνονται.

227 5383 330 5437 Καὶ
362 5388 427 5438 σὺ
458 5386 577 5454 μὲν,
636 5387 788 5455 φησὶ,
833 5387 1005 5441 ταῦτα
1057 5388 1361 5459 ὑπομένεις·
1386 5390 1516 5443 οἶδὲ
1563 5392 1780 5456 δίκαιοι,

225 5477 497 5530 τουτέστιν
543 5478 592 5531 οἱ
624 5478 718 5531 σοῦ
743 5478 883 5541 λαοὶ,
906 5479 1228 5551 θεασάμενοι
1250 5483 1346 5553 τὴν
1369 5486 1467 5554 σὴν
1490 5482 1781 5553 ἀπώλειαν,

227 5568 368 5639 φόϐῳ
393 5569 910 5640 κατασχεθησονται.
954 5572 1130 5642 ’ἱκανὴ
1162 5573 1267 5643 γὰρ
1295 5576 1327 5644 ἡ
1355 5578 1431 5638 εἱς
1458 5576 1516 5627 σὲ
1548 5580 1782 5650 τιμωρία

230 5660 508 5721 κάκείνους
542 5660 793 5728 φοϐῆσαι·
818 5664 990 5717 καίτοι
1023 5664 1107 5716 διὰ
1134 5666 1228 5734 τὴν
1257 5668 1333 5727 εἰς
1363 5666 1597 5730 ἐκείνους
1629 5672 1785 5723 suco-

299 5834 343 5864 ⁸⁸
374 5835 391 5889 |
420 5836 557 5904 Reg.
592 5852 729 5917 xm,
775 5837 856 5902 l8,
895 5837 977 5891 19.
1071 5838 1114 5867 “
1147 5836 1286 5892 l‘sal.
1321 5854 1506 5903 ιχνιιι,
1548 5838 1634 5892 29.

1882 4668 1949 4708 ac
1994 4652 2039 4707 si
2067 4652 2232 4717 dicat,
2277 4667 2495 4721 semper.
2554 4649 2841 4719 Propterea
2869 4649 3095 4703 destruet
3131 4656 3199 4710 te,
3254 4654 3438 4714 utpote

1881 4743 1974 4815 qui
2002 4758 2111 4798 non
2142 4753 2287 4799 recte
2315 4744 2616 4799 tediticatus
2646 4741 2837 4807 lueris,
2872 4742 2965 4809 qui
2999 4738 3261 4809 superbos
3286 4752 3439 4791 ever-

1882 4837 1967 4899 tit,
1996 4845 2160 4907 atque
2184 4844 2243 4890 ut
2270 4834 2513 4904 improbe
2554 4845 2731 4888 satum
2767 4832 2945 4887 evellet
2987 4841 3035 4885 te
3059 4840 3107 4884 et
3138 4828 3435 4900 emigrabit,

1882 4926 1997 4982 sive
2030 4925 2357 4991 eradicabit,
2400 4932 2463 4977 et.
2494 4938 2533 4978 a.
2558 4922 2836 4979 domicilio
2878 4931 2993 4987 tuo,
3036 4922 3094 4981 id
3124 4928 3228 4983 cst.
3260 4933 3328 4977 ne
3352 4932 3439 4972 se-

1883 5036 2006 5076 cum
2038 5021 2269 5087 babites,
2298 5019 2483 5089 ejiciet
2503 5016 2600 5088 te.]

1954 5220 2009 5285 8,
2044 5218 2096 5273 9.
2138 5216 2396 5271 Videbunt
2419 5216 2578 5285 justi,
2610 5223 2660 5269 et
2691 5212 2961 5267 timebunt.
3002 5208 3135 5265 Dum
3159 5209 3439 5264 ceduntur

1883 5310 2028 5366 enim
2057 5308 2244 5379 impii,
2269 5308 2401 5378 justi
2444 5304 2820 5360 reformidant.
2861 5300 2927 5357 Et
2969 5310 3024 5357 tu
3067 5300 3441 5371 quidem,,in-

1883 5404 2022 5473 quit,
2060 5402 2175 5456 hac
2202 5402 2438 5455 toleras:
2466 5398 2600 5468 justi
2638 5408 2841 5461 autem,
2885 5395 2989 5450 hoc
3010 5404 3092 5449 est
3132 5393 3312 5462 p0puli
3337 5393 3437 5457 tui,

1884 5502 2171 5561 conspenta
2217 5501 2309 5546 tua
2355 5490 2628 5561 pernicie,
2670 5488 2960 5542 formidine
3004 5484 3436 5553 complebantur.

1883 5582 2020 5637 Nam
2050 5582 2253 5637 sufﬁcit
2296 5579 2622 5650 supplicium
2664 5578 2731 5633 de
2760 5587 2809 5631 te
2833 5583 3108 5645 sumptum
3145 5585 3203 5629 ut
3231 5573 3305 5628 illi
3338 5588 3437 5626 es-

1886 5684 2209 5730 terreautur.
2262 5671 2489 5727 Etiamsi
2533 5680 2626 5725 tuo
2666 5685 2791 5739 erga
2825 5670 2945 5722 illos
2980 5667 3241 5722 bencucio
3287 5664 3437 5734 ejus—
