4108 6496
670 438 773 493 947

1509 430 1566 485 S.
1609 429 1978 484 ATHANASII
2018 430 2168 485 OPP.
2210 431 2389 487 PARS
2426 429 2515 489 ill.
2553 460 2622 473 —
2659 432 3069 490 EXEGETICA.

3791 434 3894 491 ειε

670 550 817 606 modi
851 564 1107 619 passurus
1141 564 1219 602 cs.
1254 545 1385 600 Ecce
1413 547 1563 598 homo
1597 548 1686 615 qui
1711 562 1809 599 non
1845 549 2018 616 posuit
2050 547 2217 602 Deum
2244 570 2259 611 Α

2327 549 2503 619 γεσίαν
2529 548 2752 603 τοιαῦτά
2776 568 2867 603 σου
2894 551 3123 621 πάσχειν
3154 551 3457 621 μέλλοντος.
3502 548 3651 604 Ἰδοὺ
3674 549 3891 620 dropa-

669 641 967 708 adjutorem
993 655 1165 701 suum,
1198 639 1287 691 sed
1312 638 1530 707 sperauit
1560 638 1615 690 in
1649 638 1987 691 multitudine
2018 640 2227 693 divitia-

669 751 787 787 rum
819 746 1055 787 suarum.
1085 730 1271 785 Maluit
1296 732 1436 784 enim
1471 732 1713 799 proditor
1734 747 1927 785 aurum
1958 734 2222 801 accipere,

667 841 829 894 quam
880 826 1182 894 adjutorem
1220 822 1415 877 habere
1457 820 1664 876 Jesum.
1716 822 1783 877 Et
1839 823 2118 894 prtevaluit
2168 826 2225 876 in

668 921 899 972 vanitate
919 932 1056 981 sua;
1086 918 1244 986 quasi
1272 915 1415 969 dicat
1444 932 1458 969 :
1500 914 1566 970 Et
1593 932 1791 971 vanum
1825 934 1917 972 cor
1942 932 2100 971 suum
2125 918 2227 971 im—

2327 657 2441 708 πος
2477 643 2545 708 ὃς
2574 644 2685 697 οὐκ
2703 642 2868 698 ἔθετο
2925 644 3030 697 τὸν
3060 642 3207 697 Θεὸν
3232 643 3464 712 ,βοηθὸν
3502 643 3711 711 αὐτοῦ,
3754 645 3891 699 ἀλλ’

2326 733 2665 802 ὲπήλπισεν
2698 734 2797 787 ἐπὶ
2846 731 2926 798 τῷ
2955 732 3167 798 πλήθει
3218 733 3325 787 τοῦ
3377 734 3639 786 πλούτου
3685 733 3891 787 αὐτοῦ.

2340 823 2618 895 Ἠγάπησε
2650 824 2757 895 γάρ
2779 824 2998 896 χρυσίον
3033 824 3229 896 μᾶλλον
3265 827 3293 877 ὁ
3326 822 3590 895 προδότης
3622 823 3831 887 λαϐεῖν,
3858 824 3892 895 ἢ

2328 917 2520 989 βοηθὸν
2549 917 2691 988 ἔχειν
2718 920 2809 971 τὸν
2849 916 3077 989 Ἰησοῦν.
3103 916 3212 971 Καὶ
3244 915 3656 983 ἐνεδυναμώθη
3691 915 3792 969 ἐπὶ
3822 914 3893 985 τῇ

668 1010 813 1079 plere
856 1007 1063 1078 potuit,
1122 1022 1296 1076 neque
1324 1008 1642 1077 pmnitentia
1676 1009 1871 1064 ductus
1913 1010 2073 1064 linem
2100 1008 2229 1063 fecit

2327 1010 2664 1079 ματαιότητι
2705 1009 2910 1062 αὑτοῦ.
2958 1009 3103 1061 Ἀντὶ
3138 1006 3254 1061 ’ποῦ’
3304 1007 3413 1061 Καὶ
3444 1007 3693 1077 ἑνίσχυσε
3756 1006 3893 1076 πλη-

668 1101 980 1171 impietatis.

740 1273 868 1346 [Sed
906 1275 1129 1344 sperauit
1168 1274 1224 1326 in
1270 1270 1605 1325 multitudine
1637 1272 1947 1325 divitiarum
1982 1288 2222 1329 suarum.

667 1366 898 1421 Pulchre
921 1365 1136 1421 divitias
1152 1372 1205 1418 et
1220 1373 1563 1434 potestatem,
1591 1364 1885 1419 vanitatem
1903 1365 2131 1431 vocavit,
2148 1380 2228 1420 se-

666 1460 900 1515 cundum
950 1473 1134 1512 veram
1178 1457 1251 1511 rei
1295 1465 1590 1513 naturam:
1630 1472 1809 1527 neque
1853 1457 1998 1511 enim
2045 1456 2225 1513 Doeco

666 1549 1017 1620 profuerunt,
1061 1563 1233 1618 neque
1262 1548 1534 1618 Assyriis,
1583 1548 1803 1618 quando
1839 1549 2001 1604 unius
2042 1548 2220 1621 angeli

666 1641 896 1695 adventu
927 1639 1230 1709 interempti
1256 1647 1405 1705 sunt,
1442 1654 1503 1694 ac
1532 1639 1786 1709 insepulti
1810 1639 2149 1712 jacuerunt.]

746 1820 831 1875 10.
865 1819 977 1890 Ego
1006 1830 1181 1873 autem
1207 1822 1344 1873 sicut
1375 1817 1513 1870 oliva
1546 1816 1845 1886 fructifera.
1872 1816 2055 1873 Floret
2077 1832 2223 1871 nam-

665 1930 773 1985 que
800 1929 1013 1984 semper
1049 1928 1239 1969 eorum
1270 1910 1441 1981 gloria
1464 1910 1557 1980 qui
1585 1909 1811 1964 credunt
1838 1910 1892 1963 in
1919 1909 2216 1965 Christum.
2251 1891 2295 1945 Β

668 2008 922 2081 [Fructus
980 2018 1157 2060 autem
1205 2004 1434 2075 Spiritus
1482 2013 1580 2068 est,
1635 2005 1889 2069 charitas,
1936 2006 2222 2074 gaudium,

664 2118 771 2172 pax
795 2102 858 2166 ",
888 2109 992 2154 etc.
1030 2097 1183 2154 Hunc
1211 2099 1391 2168 itaque
1422 2098 1657 2152 fructum
1686 2112 1807 2151 cum
1835 2098 1886 2150 in
1913 2098 2091 2166 seipso
2127 2097 2226 2149 ba-

664 2194 814 2247 beret
837 2202 1054 2247 sanctus
1076 2190 1165 2245 ille
1191 2190 1296 2256 vir,
1328 2189 1539 2244 aiebat:
1573 2187 1685 2259 Ego
1714 2199 1886 2243 autem
1922 2190 2054 2243 sicut
2088 2189 2227 2243 oliva

665 2284 982 2353 fructifera;
1048 2282 1203 2336 oliva:
1251 2291 1431 2335 autem
1482 2279 1777 2336 fructifera:
1818 2297 1877 2337 se
1924 2290 2227 2351 comparat,

663 2375 792 2444 quia
831 2388 956 2427 cum
1002 2371 1382 2426 misericordia
1422 2371 1476 2424 in
1520 2372 1637 2441 ipso
1665 2372 1930 2427 consistat
1968 2381 2020 2427 et
2050 2371 2227 2426 domi-

664 2475 843 2529 netur,
875 2480 939 2518 ex
964 2463 1317 2533 consequenti
1349 2462 1621 2517 haerebant
1652 2472 1705 2517 et
1734 2462 1951 2531 reliqua:
1975 2462 2223 2518 virtutes.

662 2554 864 2611 Eodem
910 2571 1136 2627 prorsus
1173 2555 1337 2609 modo
1377 2563 1431 2609 et
1475 2553 1670 2609 Jobum
1693 2554 1934 2617 virilem,
1972 2562 2026 2607 et
2067 2552 2226 2608 Jose-

661 2645 830 2714 phum
864 2651 1251 2713 temperantem
1272 2682 1287 2706 ,
1330 2652 1662 2713 exterasque
1685 2686 1700 2709 ,
1732 2658 1795 2698 ea
1820 2644 2018 2698 virtute
2048 2643 2103 2697 in
2140 2644 2227 2714 ip-

663 2738 741 2792 sis
780 2736 1058 2790 obtinente
1096 2750 1159 2789 ac
1198 2735 1512 2790 dominante
1552 2734 2047 2807 nuncupaverunt.]
2106 2734 2229 2809 Spe-

664 2830 778 2881 raui
806 2829 861 2881 in
886 2828 1250 2882 misericordia
1282 2826 1378 2881 Dei
1402 2829 1458 2881 in
1483 2839 1751 2881 teternum.
1794 2827 2224 2882 Misericordiam

2330 1102 2498 1171 ρῶσαι
2529 1100 2627 1171 τὴν
2664 1100 2891 1172 ματαίαν
2916 1099 3081 1152 αὑτοῦ
3118 1098 3363 1169 καρδίαν,
3394 1098 3452 1151 οὐ
3497 1095 3894 1168 μεταμεληθεὶς

2324 1190 2425 1260 τῆς
2445 1190 2695 1253 ἀσεϐείας
2730 1189 3027 1244 ἐπαύσατο.

2397 1281 2593 1353 [Ἀλλ’
2623 1281 2962 1347 ἐπήλπισεν
2993 1278 3090 1333 ἐπὶ
3123 1277 3202 1345 τῷ
3230 1278 3444 1347 πλήθει
3478 1278 3583 1333 τοῦ
3627 1278 3893 1332 πλούτου

2325 1375 2532 1429 αὑτοῦ.
2564 1374 2760 1435 Καλῶς
2800 1374 2856 1426 δὲ
2911 1372 3003 1426 τὸν
3028 1371 3255 1424 πλοῦτον
3310 1371 3405 1425 καὶ
3429 1371 3527 1443 τὴν
3573 1370 3895 1425 δυναστείαν

2330 1464 2661 1535 ματαιότητα
2692 1462 2947 1517 ἐκάλεσεν
2994 1462 3100 1515 άπὸ
3128 1460 3221 1514 τοῦ
3272 1461 3613 1531 πράγματος·
3634 1456 3759 1510 οὔτε
3787 1458 3895 1530 γὰρ

2324 1554 2414 1609 τὸν
2459 1554 2616 1625 Δωὴκ
2671 1551 2918 1623 ὤνησαν,
2973 1552 3097 1606 οὗτε
3159 1548 3505 1622 Ἀσσυρίους,
3558 1550 3718 1602 ὁπότε
3778 1549 3895 1613 ἑνὸς

2325 1644 2555 1715 ἀγγέλου
2607 1645 2878 1716 παρουσία
2926 1645 3121 1707 αὐτοὺς
3177 1643 3496 1705 ἀπέκτεινε,
3548 1641 3643 1694 καὶ⁵
3698 1641 3895 1709 ἄταφοι

2325 1720 2576 1809 iacentem]

2408 1828 2554 1897 Ἐγὼ
2578 1827 2645 1880 δὲ
2672 1827 2815 1880 ὡσεὶ
2842 1827 3016 1880 ἐλαία
3043 1826 3441 1893 κατάκαρπος.
3488 1822 3771 1894 Ἀειθαλὴς
3788 1823 3895 1895 γὰρ

2324 1918 2431 1971 τῶν
2480 1918 2834 1972 πιστευόντων
2858 1919 2936 1980 είς
2962 1917 3192 1989 Χριστὸν
3224 1919 3257 1986 ὴ
3284 1916 3426 1982 δόξα.
3464 1914 3552 1987 ['0
3579 1914 3649 1968 δὲ
3668 1917 3897 1985 καρπὸς

2322 2011 2427 2064 τοῦ
2458 2012 2800 2080 Πνεύματός
2844 2011 3014 2063 ἐστιν
3062 2008 3285 2080 ἀγάπη,
3333 2008 3505 2078 χαρὰ,
3542 2006 3775 2075 εἰρήνη,
3804 2006 3896 2061 καὶ

2322 2102 2390 2156 τά
2418 2103 2563 2173 ἑξῆς.
2595 2102 2791 2155 Τοῦτον
2815 2102 2991 2155 τοίνυν
3020 2100 3109 2155 τὸν
3142 2100 3350 2172 καρπὸν
3377 2099 3517 2170 ἔχων
3562 2101 3620 2152 ὲν
3658 2097 3838 2167 ἑαυτῷ
3866 2100 3895 2151 ὁ

2324 2192 2477 2259 ἅγιος
2518 2193 2721 2260 ἔλεγεν·
2780 2192 2927 2260 Ἐγὼ
2971 2192 3039 2245 δὲ
3083 2190 3225 2245 ὡσεὶ
3275 2190 3448 2245 ἐλαία
3497 2188 3892 2257 κατάκαρπος’

2326 2283 2479 2352 ἐλαίᾳ
2506 2283 2563 2335 δὲ
2606 2283 2945 2353 κατακάρπφ
2969 2284 3145 2352 ὁμοιοί
3194 2282 3404 2346 ἑαυτὸν,
3437 2279 3642 2350 ἐπειδὴ,
3673 2280 3894 2349 ἐλεημο-

2326 2374 2488 2445 σύνης
2517 2372 2916 2445 ἐπικρατούσης
2954 2375 3010 2425 ὲν
3035 2372 3204 2442 αὐτῷ,
3245 2370 3549 2435 ἀκολούθως
3598 2371 3815 2423 εἵποντο
3839 2367 3895 2423 αί

2323 2465 2505 2519 λοιπαὶ
2557 2464 2766 2535 ἀρεταί.
2819 2464 2974 2517 Οὕτω
3015 2464 3108 2517 καὶ
3162 2463 3254 2517 τὸν
3318 2461 3439 2515 ’1ὼὸ
3504 2462 3746 2533 ἀνδρεῖον
3777 2461 3893 2531 μὲν,

2325 2558 2419 2611 καὶ
2474 2555 2565 2609 τὸν
2607 2555 2803 2626 Ἰωσὴφ
2872 2554 3147 2626 σώφρονα,
3191 2554 3284 2607 καὶ
3345 2554 3471 2616 τοὺς
3529 2552 3746 2615 λοιποὺς
3790 2551 3894 2604 ἀπὸ

2322 2646 2422 2715 τῆς
2490 2643 2892 2715 ἐπικρατούσης
2952 2644 3149 2715 ἀρετῆς
3216 2642 3569 2711 ὀνομάζοντες
3626 2638 3893 2703 αὺτούς.]

2328 2739 2587 2792 Ἧλπισιι
2628 2735 2724 2788 ἐπί
2784 2735 2849 2789 τὸ
2896 2735 3069 2800 ἕλεος
3098 2735 3204 2788 τοῦ
3236 2733 3385 2789 Θεοῦ
3435 2736 3522 2799 είς
3545 2732 3651 2785 τὸν
3687 2730 3892 2785 αιῶνα.

2329 2830 2514 2891 Ἔλεος
2563 2828 2655 2880 τοῦ
2698 2827 2833 2881 Θεοῦ
2891 2830 2948 2883 αί
2998 2827 3137 2881 θεῖαι
3194 2827 3408 2897 Γραφαὶ
3437 2825 3763 2896 ὀνομάζουσι
3806 2823 3893 2877 τὸν

664 2916 759 2971 Dei
801 2918 997 2972 divinae
1041 2916 1340 2986 Scriptura
1370 2915 1661 2970 Dominum
1700 2926 1933 2980 vocant,
1976 2915 2105 2984 quia
2133 2931 2227 2984 per

2327 2919 2549 2991 Κύριον,
2575 2919 2661 2972 διὰ
2686 2920 2746 2973 τὸ
2798 2919 3046 2989 γενέσθαι
3100 2922 3232 2991 ἡμῖν
3286 2919 3352 2972 δι’
3384 2917 3547 2971 αὑτοῦ
3594 2916 3762 2979 ἔλεος
3802 2916 3891 2970 άν-

662 3027 789 3067 eum
831 3010 986 3065 nobis
1012 3008 1384 3063 misericordia
1410 3022 1667 3063 concessa
1700 3016 1801 3063 est.
1844 3005 2038 3061 Omnia
2079 3007 2228 3062 enim

2329 3013 2771 3080 εκειραλαιώσατο
2824 3014 2933 3085 γὰρ
2975 3014 3032 3065 ὲν
3082 3010 3257 3081 ἐαυτῷ
3308 3010 3378 3064 τὰ
3410 3010 3607 3075 πάντα,
3650 3008 3746 3062 καὶ
3800 3008 3890 3062 άν-

665 3103 725 3156 in
755 3102 935 3170 seipso
966 3100 1289 3155 instauravit
1317 3108 1370 3154 et
1402 3100 1693 3169 reparavit.

740 3191 825 3248 ιι.
857 3188 927 3245 Et
962 3190 1269 3261 exspectabo
1309 3206 1493 3243 nomen
1539 3200 1719 3256 tuum,
1749 3190 1995 3258 quoniam
2036 3188 2225 3240 bonum

662 3294 741 3339 est
768 3283 823 3335 in
844 3294 1118 3351 conspectu
1144 3290 1444 3335 sanctorum
1488 3289 1718 3335 tuorum.
1775 3279 1832 3333 In
1861 3278 2079 3332 nomine
2110 3286 2223 3341 tuo,
2257 3278 2259 3281 ’

2327 3288 2455 3341 τίον
2496 3287 2615 3341 τῶν
2653 3288 2838 3341 ὁσίων
2870 3302 3009 3343 σου.
3050 3287 3135 3339 Ἐν
3184 3286 3261 3357 τῷ
3309 3285 3529 3356 ὀνόματί
3584 3301 3702 3346 σου,
3738 3282 3892 3353 φησι,

664 3372 879 3444 inquit,
913 3371 1168 3428 ﬁduciam
1208 3368 1417 3424 habebo
1440 3408 1454 3433 ,
1507 3383 1668 3439 atque
1693 3384 1813 3423 cam
1850 3370 1903 3422 in
1930 3378 2225 3438 conspectu

2328 3381 2511 3451 σχοίην
2534 3379 2875 3450 πεποίθησιν,
2916 3380 3010 3432 καὶ
3033 3378 3234 3448 ταύτην
3255 3378 3494 3433 ἐναντίον
3541 3376 3759 3429 πάντων
3780 3372 3892 3426 τῶν

666 3462 912 3519 omnium
945 3469 1257 3517 sanctorum
1284 3470 1502 3516 tuorum
1531 3462 1888 3517 annuntiabo.
1932 3460 2047 3516 Erit
2082 3461 2225 3516 enim

2327 3471 2434 3526 σῶν
2488 3471 2655 3539 ἁγίων
2714 3469 3009 3538 ὲξαγγελῶ.
3060 3470 3251 3522 Ἔσται
3281 3469 3389 3538 γάρ
3416 3484 3507 3538 μοι
3556 3465 3618 3518 τὸ
3666 3464 3892 3535 πρᾶγμα

666 3554 800 3609 mihi
832 3554 963 3608 illud
986 3552 1289 3624 jucundum
1321 3562 1486 3622 atque
1518 3553 1743 3606 bonum.

706 3648 759 3703 1.
797 3645 863 3701 In
888 3648 1045 3718 finem
1085 3663 1179 3716 pro
1220 3644 1444 3699 Mueletlt
1474 3645 1764 3699 intellectus
1816 3644 2026 3699 Davidi.
2059 3642 2189 3699 LII.

2326 3106 2715 3175 εστοιχείωσεν.

2396 3197 2503 3250 Καὶ
2527 3193 2800 3264 ὑπομενῶ
2820 3194 2887 3247 τὸ
2916 3193 3102 3277 ὄνομά
3140 3210 3276 3259 σου,
3301 3194 3389 3247 ὅτι
3431 3191 3698 3263 χρηστὸν
3723 3190 3872 3244 erar-

2326 3564 2561 3635 χρηστόν
2590 3581 2647 3617 τε
2677 3565 2769 3616 καὶ
2798 3563 3019 3631 ἀγαθόν.

2330 3658 2431 3720 Εἰς
2456 3654 2626 3719 τέλος
2670 3653 2821 3723 ὑπὲρ
2855 3653 3089 3709 Maelio
3110 3652 3417 3718 συνέσεως
3450 3649 3531 3717 τῷ
3544 3650 3891 3705 Δαυΐδ.ΝΒ’.

1247 3736 1649 3806 Argumentum.

666 3830 824 3886 Hunc
849 3832 998 3887 canit
1021 3845 1290 3899 psa.mum
1309 3831 1361 3884 in
1391 3830 1621 3899 gratiam
1651 3828 2024 3898 apostolorum
2052 3827 2227 3894 chori,

736 3921 831 3991 qui
854 3928 909 3975 et
941 3920 1289 3975 crediderant
1321 3921 1373 3973 in
1402 3907 1677 3973 Christum
1712 3938 1724 3973 :
1755 3921 1847 3989 qui
1884 3919 2231 3974 exsultabant

735 4024 792 4069 et
843 4014 1184 4067 laetabantur.
1239 4011 1468 4067 Maeleth
1509 4028 1637 4067 vero
1688 4014 1989 4082 explicatur
2038 4012 2224 4065 chorus

737 4102 852 4158 sive
897 4103 1103 4157 chorea.
1164 4099 1487 4158 Necessario
1535 4112 1716 4156 autem
1760 4117 1821 4156 ea
1878 4118 2000 4173 quae
2026 4101 2228 4156 Christi

738 4193 1170 4249 incarnationem
1204 4198 1597 4261 praacesserunt
1627 4192 1876 4246 enuntiat
1898 4231 1914 4255 ,
1956 4201 2015 4247 ut
2046 4193 2229 4247 decla-

739 4294 825 4340 ret
850 4299 970 4354 qua:
998 4284 1067 4337 sit
1095 4283 1358 4336 adventus
1393 4282 1512 4350 ejus
1540 4280 1765 4335 utilitas.
1811 4280 2101 4336 Sciendum
2132 4298 2231 4335 au-

736 4385 845 4431 tem
867 4385 969 4438 est,
991 4382 1161 4428 totum
1178 4373 1447 4428 decimum
1470 4374 1684 4427 tertium
1702 4373 1967 4443 psalmum
1985 4374 2228 4428 eamdem

735 4469 1062 4527 sententiam
1118 4467 1355 4533 habere,
1413 4466 1713 4535 iisdemque
1760 4465 1926 4520 ferme
1975 4465 2229 4520 omnibus

737 4559 914 4615 verbis
939 4565 1214 4619 constare,
1266 4557 1339 4610 ita
1380 4566 1440 4609 ut
1488 4556 1524 4610 ii
1570 4554 1665 4625 qui
1720 4554 2221 4624 interpretationem
2259 4576 2301 4630 ι)

737 4650 901 4720 hujus
934 4647 1276 4717 perquirunt,
1316 4662 1381 4701 ex
1407 4646 1499 4701 illo
1528 4662 1647 4701 eam
1669 4655 1853 4716 aperte
1887 4655 2221 4701 mutuentur.

733 4742 790 4796 2.
823 4740 970 4794 Dixit
1002 4740 1251 4809 insipiens
1284 4739 1339 4791 in
1379 4738 1531 4792 corde
1570 4754 1665 4792 suo
1694 4755 1712 4792 :
1748 4736 1870 4791 Non
1904 4746 1980 4791 est
2020 4736 2222 4792 Deus...

666 4838 807 4895 Deus
844 4834 908 4887 de
938 4833 1065 4886 creto
1091 4833 1356 4901 prospexit
1400 4848 1554 4900 super
1597 4830 1735 4899 ﬁlios
1774 4830 2061 4884 hominum.
2090 4828 2228 4895 Quia

666 4927 837 4982 Deum
869 4941 977 4981 non
1008 4927 1406 4996 cogitaverunt,
1431 4924 1668 4977 humana
1701 4924 2117 4993 inspectantem,
2139 4921 2226 4990 ju-

667 5021 937 5075 dicantem
976 5017 1183 5088 judicio
1230 5017 1401 5086 justo,
1442 5032 1507 5071 ac
1555 5016 1822 5070 nefarium
1881 5029 2017 5084 Opus
2050 5012 2226 5082 quod-

668 5126 884 5182 cunque
916 5118 1252 5165 coercentem
1288 5129 1300 5162 :
1338 5108 1459 5162 ideo
1485 5107 1628 5161 Deus
1653 5107 1720 5161 dc
1753 5108 1891 5161 cmlo
1925 5103 2223 5176 prospexit.

670 5205 725 5261 id
746 5205 892 5260 enim
925 5210 1107 5272 aperte
1140 5199 1350 5255 Domini
1371 5200 1438 5254 ad
1466 5200 1715 5254 homines
1747 5200 2037 5253 transitum
2058 5194 2227 5265 signi-

670 5299 814 5350 ticat.

738 5386 792 5440 4.
840 5387 1029 5442 Omnes
1051 5385 1456 5451 declinaverunt,
1480 5382 1639 5439 simul
1673 5383 1885 5437 inutiles
1921 5383 2050 5452 facti
2079 5387 2224 5446 sunt,

665 5496 771 5534 non
799 5481 983 5547 estqui
1019 5478 1185 5547 faciat
1216 5478 1427 5544 bonum,
1474 5492 1575 5529 non
1610 5487 1687 5531 est
1733 5492 1893 5545 usque
1931 5474 1999 5528 ad
2040 5490 2223 5528 unum.

665 5570 781 5626 Non
806 5571 1145 5641 hyperbolice
1172 5570 1314 5625 dicta
1349 5579 1474 5625 sunt
1516 5570 1705 5625 isthaec
1741 5587 1755 5635 ;
1787 5569 1917 5623 nihil
1948 5567 2094 5622 cnim
2124 5567 2225 5636 hy-

666 5664 962 5736 perbolice,
1016 5666 1108 5717 sed
1138 5678 1263 5718 cum
1292 5664 1545 5721 Iveritate
1591 5663 1776 5719 omnia
1832 5664 1884 5719 iu
1940 5660 2220 5730 Scriptura

736 5842 781 5876 π
805 5842 977 5900 Galat.
1003 5861 1052 5910 v,
1088 5844 1175 5898 22.

2936 3746 2950 3765 '
2963 3748 3269 3808 Υπόθεσις.

2332 3838 2475 3909 ’ᾼδει
2507 3839 2597 3891 τὸν
2619 3838 2859 3909 παρόντα
2884 3838 3021 3907 ὑπὲρ
3044 3836 3135 3889 τοῦ
3158 3840 3317 3909 χοροῦ
3338 3835 3447 3888 τῶν
3474 3832 3782 3887 ἀποστόλων
3803 3834 3891 3886 καὶ

2398 3928 2800 3980 πιστευσάντων
2834 3930 2911 3989 είς
2934 3925 3185 3997 Χριστόν·
3214 3926 3262 3978 οἳ
3304 3925 3395 3978 καὶ
3422 3922 3754 3994 ἡγαλλιῶντο
3802 3923 3891 3977 καὶ

2401 4020 2779 4089 ηὐφραίνοντο.
2807 4018 3018 4072 Μαελὲθ
3043 4018 3098 4071 δὲ
3146 4017 3504 4089 ἑρμηνεύεται
3554 4015 3753 4085 χορὸς,
3774 4016 3891 4086 ἦτον

2399 4111 2620 4181 χορεία.
2661 4110 2994 4179 Ἀναγκαίως
3037 4109 3094 4162 δὲ
3120 4109 3187 4163 τὰ
3217 4110 3322 4182 πρὸ
3342 4110 3440 4181 τῆς
3472 4108 3773 4179 παρουσίας
3796 4105 3890 4160 τεῦ

2400 4202 2601 4273 Κυρίου
2628 4201 2795 4271 λέγει,
2825 4202 2911 4255 ἵνα
2934 4200 3079 4272 δείξῃ
3111 4202 3207 4272 ὅση
3251 4202 3349 4271 τῆς
3406 4200 3707 4271 παρουσίας
3753 4197 3870 4267 ὠςέ

2399 4296 2537 4349 λεια.
2556 4294 2749 4347 ’ἰστέον
2773 4294 2848 4356 δὲ,
2875 4292 2949 4356 ὡς
2980 4294 3073 4345 καὶ
3106 4294 3203 4363 τὴν
3236 4291 3403 4363 αὐτὴν
3430 4292 3665 4345 διάνοιαν
3714 4294 3891 4345 πᾶσαν

2400 4389 2428 4439 ὁ
2455 4386 2891 4458 τρισκαιδέκατος
2913 4383 3123 4454 ψαλμδς
3152 4384 3413 4456 περιέχει,
3442 4383 3538 4437 καὶ
3590 4382 3689 4447 τὰς
3726 4382 3891 4446 αὐτὰς

2402 4474 2574 4541 λέξεις
2601 4473 2783 4543 σχεδὸν
2836 4472 3070 4533 ἁπάσας·
3106 4469 3245 4523 ῶστε
3297 4469 3355 4533 ἐξ
3402 4468 3609 4521 ἐκείνου
3662 4468 3890 4539 φανερὸν

2398 4566 2643 4636 γενέσθαι
2682 4567 2793 4628 τοῖς
2835 4560 3148 4633 ἐπιζητοῦσι
3179 4561 3276 4632 τὴν
3299 4559 3612 4632 ἑρμηνείαν.

2398 4733 2582 4791 Εἶπεν
2607 4735 2806 4804 ἄφρων
2834 4734 2904 4787 ἐν
2929 4732 3136 4802 καρδίᾳ
3148 4729 3353 4786 αὐτοῦ·
3374 4731 3495 4783 οὐκ
3522 4729 3653 4783 ἐστι
3678 4730 3890 4794 Θεός...

2340 4829 2393 4879 '0
2421 4826 2562 4891 Θεὸς
2593 4825 2661 4878 ἐκ
2696 4823 2799 4877 τοῦ
2826 4822 3082 4891 οὐρανοῦ
3109 4820 3394 4889 διέκυψε-ν
3423 4820 3520 4873 ἐπὶ
3552 4819 3691 4885 τοὺς
3723 4818 3889 4885 υἱοὺς

2328 4917 2447 4971 τῶν
2491 4915 2830 4985 ἀνθρώπων.
2848 4914 3084 4985 Ἐπειδὴ,
3112 4911 3187 4984 μὴ
3233 4912 3573 4982 λογισάμενοι
3622 4911 3713 4974 τὸν
3758 4910 3890 4963 Θεὸν

2328 5007 2609 5081 ἐφορῶντα
2629 5006 2698 5060 τά
2725 5006 3058 5077 ἀνθρώπινα,
3093 5004 3345 5077 κρίνοντα
3372 5003 3546 5075 κρίσει
3569 5002 3773 5073 δικαία,
3796 5003 3889 5057 καὶ

2328 5102 2506 5154 πᾶσαν
2532 5098 2949 5169 ἀθεμιτουργίαν
2978 5098 3248 5169 είργοντα,
3276 5094 3467 5148 τούτου
3494 5095 3650 5165 χάριν
3684 5097 3714 5148 ὁ
3758 5094 3888 5158 Θεὸς

2327 5195 2390 5245 ὲκ
2438 5190 2532 5243 τοῦ
2589 5189 2816 5261 ούρανοῦ
2862 5187 3098 5255 διέκυψε.
3128 5187 3296 5239 Τοῦτο
3323 5186 3428 5258 γὰρ
3462 5184 3647 5255 σαφῶς
3673 5184 3772 5255 τὴν
3810 5185 3889 5249 είς,

2327 5282 2645 5355 ἀνθρώπους
2668 5281 2760 5335 τοῦ
2788 5281 2993 5353 Κυρίου
3026 5280 3256 5351 πάροδον
3284 5278 3557 5351 σημαίνει.

2396 5374 2623 5441 Πάντες
2641 5372 2977 5438 ἐξέκλιναν,
3006 5372 3126 5442 ἅμα
3144 5370 3572 5441 ἠχρεώθησαν,
3613 5371 3725 5423 οὐκ
3755 5368 3888 5422 ἔστι

2326 5466 2512 5522 ποιῶν
2536 5465 2777 5535 ἀγαθὸν,
2802 5467 2911 5518 οὐκ
2941 5465 3112 5518 ἐστιν
3135 5464 3244 5529 ἕως
3264 5464 3421 5527 ἑνός.
3449 5461 3559 5531 Οὐχ
3599 5458 3887 5531 ὑπερϐολι-

2327 5558 2438 5621 κῶς
2483 5556 2659 5609 ταῦτα
2701 5556 2943 5626 εἴρηταιο
2993 5554 3143 5608 οὐδὲν
3189 5552 3297 5624 γὰρ
3346 5548 3734 5623 ὑπερϐολικῶς,
3771 5550 3888 5621 μετ’

2327 5648 2581 5721 ἀληθείας
2607 5648 2662 5702 δὲ
2693 5646 2865 5702 πάντα
2900 5648 3050 5719 παρὰ
3080 5652 3143 5720 τῇ
3193 5647 3383 5718 Γραφῇ
3417 5646 3650 5717 εἴρηται.
3682 5643 3887 5707 Πάντες
