4108 6486
168 439 262 499 149

1227 449 1581 508 EXPOSITIO
1616 451 1682 507 1N
1720 450 2052 513 PSALMUM
2090 458 2226 515 LIV.

3253 461 3358 518 250

169 555 328 610 τοίνυν
366 556 611 610 Ἰουδαῖοι
655 558 928 626 ἐξέκλιναν
970 559 1068 632 τὴν
1109 559 1225 615 ὁδὸν
1270 561 1368 633 τὴν
1414 563 1672 633 λέγουσαν
1696 583 1708 596 '

1813 567 2089 629 dicuntur.
2126 573 2325 630 Omnes
2352 572 2535 644 itaque
2558 572 2730 629 Judcei
2768 573 3172 633 declinaverunt
3209 595 3240 635 a
3273 581 3358 633 via

179 645 306 715 Ἐγώ
327 649 442 715 ειμι
476 648 518 716 ἠ
553 647 878 714 ὁδός-,Ὅθεν
905 648 1000 702 καὶ
1044 649 1245 720 ἀχρεῖοι
1286 651 1557 720 γεγόνασι,
1587 653 1716 706 ταύ-

167 751 256 806 την
283 739 617 809 παραλαϐεῖν
641 740 700 793 οὐ
729 739 1094 812 βουληθέντες,
1120 741 1327 806 οὐδενὸς
1357 741 1630 808 ποιοῦντος
1653 743 1714 798 τὸ

167 828 373 896 ἀγαθόν.
394 830 480 883 Ἐν
509 831 704 902 ἀγνοίᾳ
728 831 836 902 γὰρ
865 831 1027 885 αὑτοῦ
1061 832 1256 896 πάντες
1283 834 1572 905 ἐτύγχανον
1611 835 1715 889 ὑπὸ

169 917 252 971 τοῦ
279 918 499 988 νομικοῢ
536 922 932 993 πεπωρωμένοι
967 921 1310 992 γράμματος.

169 1012 263 1076 Eli;
284 1010 454 1078 τέλος
481 1013 555 1066 ὲν
586 1014 791 1081 ὕμνοις
825 1013 1128 1080 συνέσεως
1167 1013 1246 1079 τῷ
1292 1014 1486 1068 Δαυτδ.
1506 1015 1599 1067 Ἐν
1634 1013 1715 1082 τῷ

231 1104 422 1158 ἐλθεῖν
439 1104 585 1172 τοὺς
615 1107 889 1174 Ζιφαίους
909 1106 1005 1159 καί
1033 1105 1218 1159 ειπεῖν
1241 1105 1316 1171 τῷ
1342 1107 1538 1160 Σαούλ
1556 1123 1568 1136 ·
1591 1108 1714 1160 Οὐκ

235 1195 357 1249 ideo
383 1195 570 1250 Δαυτδ
594 1195 911 1264 κέκρυπται
935 1199 1069 1266 παρ’
1093 1197 1269 1267 mir;
1301 1199 1434 1251 NI".

786 1289 1102 1357 Ὺπόθεσις.

172 1377 372 1446 φεύγων
417 1379 447 1431 ὀ
490 1379 656 1431 Δαυϊδ
702 1379 792 1432 τὸν
839 1379 1008 1433 Σαοὺλ
1053 1379 1300 1434 ἐκάθισεν
1332 1383 1387 1434 ὲν
1424 1384 1489 1452 τῇ
1527 1382 1715 1453 ἐρήμῳ

236 1469 368 1540 Ζὴφ.
399 1465 535 1522 Εἶτα
561 1469 882 1534 ἀπελθόντες
913 1473 962 1523 oi
1007 1475 1216 1542 Ζιφαίοι
1261 1473 1393 1543 πρὸς
1423 1474 1512 1526 τὸν
1546 1473 1715 1526 Σαοὺλ

233 1563 567 1633 ἀπήγγειλαν
623 1562 713 1616 τὸν
763 1564 924 1618 τόπον
969 1567 1026 1618 ἐν
1077 1559 1122 1633 ᾧ
1165 1560 1233 1636 ἦν
1289 1565 1710 1637 ἀποδιδράσκων.

243 1654 449 1719 Ἦξίουν
473 1655 532 1709 δὲ
565 1654 786 1711 ἐλθόντα
810 1655 1161 1710 ωλλαῆέσθαι
1191 1657 1368 1710 αὐτόν.
1386 1658 1442 1710 '0
1467 1658 1542 1723 δὲ,
1578 1657 1715 1729 μετά

232 1749 410 1817 χεῖρας
433 1746 534 1818 τὴν
559 1746 724 1819 λύραν
751 1748 948 1813 λαϐὼν,
981 1749 1075 1803 ἅτε
1103 1749 1352 1818 ἐγνωκὼς
1388 1749 1466 1821 τῷ
1506 1766 1715 1821 προφη-

229 1837 358 1908 τικῴ
383 1839 679 1910 πνεύματι,
709 1839 785 1904 ὡς
807 1840 955 1894 οὐδὲν
984 1841 1152 1894 δεινὸν
1178 1843 1420 1896 πείσεται
1450 1842 1599 1914 παρὰ
1622 1843 1712 1896 τοῦ

229 1929 415 1993 Σαοὺλ,
445 1931 518 1986 τά
561 1933 892 2003 προκείμενα
914 1933 1046 2005 ᾄδει.
1075 1934 1184 1988 Καὶ
1216 1935 1322 2006 γὰρ
1354 1935 1596 1988 ἀπελθων
1632 1937 1712 1999 είς

234 2019 487 2091 σύλληψιν
527 2022 693 2074 αὐτοῦ
739 2021 926 2088 Σαοὺλ,
957 2022 1182 2092 ἤκουσεν
1207 2021 1462 2091 ἀγγελίαν
1487 2023 1591 2076 τῶν
1622 2024 1714 2077 ἀλ-

231 2108 486 2179 λοφύλων,
515 2113 609 2164 καὶ
637 2112 938 2185 ὑπέστρεψε
965 2112 1205 2166 σπεύδων
1229 2113 1364 2184 μετά
1383 2113 1489 2166 τῶν
1509 2114 1713 2185 ἀνδρῶν

230 2200 573 2273 αὑτοῦ.Ἐχοι
601 2202 645 2255 δ’
675 2203 740 2258 ἂν
762 2204 830 2258 τὰ
853 2204 1088 2276 παρόντα
1115 2193 1387 2275 ἀναφορὰν
1419 2205 1511 2259 καὶ
1541 2208 1620 2269 είς
1654 2207 1713 2260 τὸ

228 2292 510 2362 πρόσωπον
541 2293 636 2347 τοῦ
665 2294 1015 2348 ἀποστολικοῦ
1039 2293 1218 2366 χοροῦ,
1258 2295 1332 2359 ὼς
1371 2295 1468 2358 τάς
1512 2298 1712 2349 ἐπανα-

232 2385 440 2450 στάσεις
485 2387 588 2450 τὰς
630 2387 780 2459 παρά
803 2386 896 2440 τοῦ
927 2385 1110 2450 ἔθνους
1150 2387 1256 2440 τῶν
1295 2386 1576 2450 Ἰουδαίων,
1618 2388 1712 2442 καὶ

234 2475 493 2546 βασιλέων
522 2477 580 2531 δὲ
614 2478 722 2532 τῶν
746 2478 912 2532 ἐθνῶν
930 2480 1020 2532 τὸν
1039 2477 1204 2549 θυμὸν
1238 2479 1601 2551 διηγούμενος,
1623 2479 1711 2534 τὸν

231 2568 355 2623 Θεὸν
387 2571 530 2636 ἀξιοῖ
560 2571 618 2637 ἐξ
643 2571 894 2624 ἀπάντων
932 2570 1165 2641 σωθῆναι
1192 2573 1277 2626 διὰ
1316 2572 1409 2625 τοῦ
1454 2573 1712 2643 ὀνόματος

229 2661 406 2715 αὐτοῦ.
440 2663 800 2733 Προφῆτικῶς
827 2680 886 2717 τε
922 2663 1227 2732 ἀποφαίνει,
1261 2663 1334 2725 ὼς
1365 2663 1710 2734 περιστρέφει

230 2755 335 2814 τοῖς
358 2752 574 2824 ἐχθροῖς
599 2755 678 2816 είς
706 2753 944 2825 κεφαλὴν
968 2755 996 2806 ὁ
1026 2753 1153 2817 Θεὸς
1181 2752 1248 2806 τά
1276 2753 1438 2816 κακὰ,
1472 2753 1630 2816 αὐτὸς
1657 2751 1711 2805 δέ

231 2843 323 2905 τὰς
348 2844 648 2906 ἐπινικίους
675 2845 928 2916 προσάξει
949 2845 1154 2908 θυσίας.
1177 2845 1266 2897 Διὸ
1294 2845 1385 2897 καὶ
1409 2844 1714 2910 συνέσεως

232 2937 646 3007 ἐπιγέγραπται,
677 2940 754 3000 είς
797 2937 887 2990 τὸν
914 2937 1198 3009 εἰρημένον
1224 2937 1346 2992 νοῦν
1368 2937 1712 3008 ἀναπέμπον-

231 3042 314 3091 τος
337 3029 486 3098 ἡμᾶς
510 3026 604 3080 τοῦ
629 3027 862 3098 ψαλμοῦ·

243 3116 295 3172 Ὁ
319 3121 481 3186 Θεὸς,
507 3119 580 3173 ἐν
597 3117 677 3185 τῷ
703 3119 944 3189 ὀνόματί
977 3134 1091 3174 σου
1129 3117 1334 3173 σῶσόν
1353 3135 1447 3188 με.
1482 3118 1614 3188 Οὐχὶ
1642 3117 1708 3171 δι’

1814 678 1937 733 qua
1956 663 2087 718 dicit
2113 664 2158 696 “
2203 683 2216 718 :
2260 662 2372 733 Ego
2418 680 2534 718 sum
2568 666 2673 720 via.
2700 663 2850 721 Unde
2882 675 2932 720 et
2973 668 3190 724 inutiles
3232 669 3359 725 facti

1814 763 1963 817 sunt.
1981 770 2102 809 cum
2135 771 2252 809 eam
2274 757 2558 812 admittere
2582 757 2945 824 nollent.quia
2975 774 3134 814 nemo
3162 759 3360 817 iaceret

1812 844 2035 900 bonum.
2075 844 2131 900 In
2157 847 2457 917 ignorantia
2479 850 2624 904 enim
2659 850 2776 920 ejus
2801 850 3150 906 versabantur
3171 866 3359 909 omnes

1811 952 1842 991 a
1874 937 2029 1008 legali
2057 939 2327 1008 scriptura
2354 943 2628 995 excaecati.

1812 1028 1866 1082 1.
1898 1028 1964 1081 In
1985 1029 2138 1098 ﬁnem
2173 1032 2225 1084 in
2247 1032 2563 1086 carminibus
2588 1032 2877 1087 intellectus
2923 1033 3116 1090 Dauid.
3149 1033 3204 1091 2.
3225 1035 3357 1092 Cum

1877 1122 2131 1175 venissent
2163 1122 2361 1193 Zipluei
2391 1135 2438 1177 et
2461 1125 2714 1177 dixissent
2740 1128 2806 1177 ad
2838 1123 2968 1179 Saul
2996 1142 3014 1180 :
3046 1126 3233 1184 Nonne
3251 1126 3358 1185 Da-

1875 1213 1958 1268 uid
1983 1214 2315 1270 absconditus
2342 1226 2416 1270 est
2447 1217 2585 1285 apud
2615 1233 2706 1269 nos
2732 1215 2941 1274 7L1”.

2395 1306 2789 1378 Argumentum.

1811 1395 1949 1452 Cum
1988 1395 2194 1466 lugeret
2235 1397 2402 1453 David
2449 1415 2479 1454 a
2524 1399 2706 1466 Saule,
2749 1402 2993 1457 consedit
3044 1403 3098 1457 in
3146 1404 3358 1460 deserto

1887 1487 2043 1557 Ziph.
2080 1487 2280 1542 Deinde
2321 1489 2551 1559 digressi
2586 1491 2785 1562 Ziphad
2824 1494 2891 1547 ad
2921 1493 3074 1560 Saul,
3103 1495 3156 1550 in
3195 1511 3355 1566 quem

1882 1577 2057 1633 locum
2101 1577 2449 1650 profugisset,
2491 1581 2814 1640 indicarunt.
2866 1583 3141 1656 Rogabant
3179 1599 3354 1643 autem

1887 1677 1946 1722 ut
1972 1668 2270 1734 accederet.
2303 1680 2463 1741 atque
2501 1688 2626 1727 eum
2661 1676 3139 1744 comprehenderet
3165 1678 3230 1734 ".
3265 1678 3357 1732 Ille.

1879 1773 2030 1825 vero,
2055 1772 2271 1829 accepta
2299 1761 2546 1816 manibus
2575 1763 2898 1834 lyra,utpoxe
2922 1769 3233 1836 prophetico
3249 1771 3359 1838 spi-

1886 1850 1992 1902 ritu
2020 1865 2221 1918 gnarus
2249 1864 2307 1904 se
2330 1851 2462 1904 nihil
2495 1852 2620 1905 mali
2655 1868 2684 1906 a
2718 1853 2875 1908 Saule
2906 1870 3210 1922 passurum,
3244 1857 3358 1914 haec

1883 1941 2047 1994 canit.
2092 1939 2226 1996 Nam
2271 1942 2540 2012 proiectus
2579 1945 2644 1998 ad
2693 1946 3009 2015 capiendum
3039 1963 3163 2002 eum
3204 1950 3356 2018 Saul,

1882 2032 2128 2086 nuntium
2170 2035 2373 2102 accepit
2403 2037 2664 2089 adventus
2691 2037 3132 2106 alienigenarum,
3172 2050 3226 2094 et
3264 2057 3350 2095 re-

1883 2136 2070 2192 gressu
2106 2124 2409 2190 properavit
2448 2139 2570 2178 cum
2614 2142 2773 2180 mauu
2819 2128 3058 2182 virorum
3093 2143 3150 2184 se
3188 2130 3357 2184 comi-

1884 2213 2132 2266 tantium.
2162 2212 2283 2269 lla'c
2306 2223 2482 2269 autem
2507 2215 2692 2270 referri
2716 2216 2962 2271 videntur
2987 2220 3051 2272 ad
3073 2235 3355 2288 personam

1881 2305 2162 2371 apostolici
2206 2305 2380 2372 chori,
2427 2307 2582 2376 quasi
2631 2308 2720 2361 ille
2753 2324 2980 2364 narrans
3030 2310 3358 2380 irruptiones

1878 2393 2083 2450 Judaici
2137 2400 2353 2466 populi,
2415 2415 2479 2454 ac
2534 2416 2718 2470 regum
2779 2404 3017 2471 gentium
3095 2405 3354 2467 furorem.

1879 2485 2045 2540 Deum
2075 2488 2339 2556 supplicet
2365 2504 2456 2557 per
2488 2505 2682 2544 nomen
2711 2492 2829 2560 ejus
2855 2492 2921 2546 ab
2945 2493 3197 2548 omnibus
3223 2496 3356 2564 eripi

1879 2579 2057 2634 malis.
2095 2578 2411 2651 Prophetice
2443 2595 2621 2636 autem
2655 2585 2835 2650 edicit,
2867 2583 3103 2639 futurum
3133 2594 3190 2639 ut
3218 2589 3357 2642 mala

1880 2664 2021 2723 Deus
2060 2669 2112 2722 in
2162 2680 2322 2740 caput
2360 2673 2700 2727 inimicorum
2733 2685 3060 2744 retorqueat.
3089 2676 3201 2745 ipse
3230 2691 3356 2730 vero

1880 2758 1934 2812 in
1969 2760 2180 2829 signum
2212 2772 2377 2831 parta:
2403 2763 2640 2817 \ietmiae
2678 2765 2941 2819 sacrilicia
2989 2767 3195 2820 oﬂerat.
3220 2765 3352 2821 Pro-

1880 2860 2066 2920 pterea
2086 2853 2379 2906 intellectus
2406 2853 2739 2919 iusrribitur,
2760 2858 2966 2925 psalmo
2984 2871 3082 2912 nos
3104 2859 3168 2912 ad
3192 2874 3355 2928 supra

1877 2942 2073 2997 dictam
2099 2945 2421 3000 sententiam
2452 2945 2748 3001 deduceute

1877 3121 2038 3187 Deus,
2072 3124 2126 3175 in
2173 3123 2378 3176 nomine
2415 3132 2505 3176 tuo
2548 3124 2750 3179 salvum
2772 3142 2851 3180 me
2876 3126 2979 3196 fac.
3024 3125 3125 3182 Per
3162 3144 3356 3185 nomen

172 3207 316 3263 ἀλλου
348 3210 494 3272 τινὸς
519 3209 553 3279 ἢ
576 3209 661 3263 διὰ
691 3208 786 3262 τοῦ
819 3209 1074 3279 ὀνόματος
1100 3209 1264 3263 αὑτοῦ
1293 3209 1523 3281 σωθῆναι
1548 3209 1706 3274 ἀξιοῖ.

1813 3211 2003 3281 ipsius,
2046 3227 2153 3265 non
2188 3226 2282 3281 per
2328 3212 2472 3266 aliud
2510 3213 2810 3283 quidpiam,
2841 3215 3065 3268 salutem
3096 3216 3356 3285 consequi

174 3295 407 3370 [Ἐπειδὴ
443 3300 524 3362 δὲ,
552 3299 704 3371 φησὶ,
733 3300 793 3352 τὸ
822 3300 910 3352 σὸν
938 3300 1106 3370 ὄνομα
1128 3300 1508 3371 ἐπικαλοῦμαι,
1532 3303 1590 3354 ὲν
1612 3302 1712 3356 αὐ-

170 3395 238 3466 τῷ
260 3396 428 3466 τούτῳ
452 3394 552 3467 τὴν
581 3395 848 3466 σωτηρίαν
896 3411 993 3465 μου
1034 3393 1332 3466 παράσχου.
1369 3395 1477 3448 Καὶ
1511 3395 1579 3449 ὲν
1606 3395 1710 3449 δυ-

172 3487 403 3554 ναστείᾳ
445 3501 586 3549 σου,
645 3484 885 3540 τουτέστι
915 3484 993 3556 τῷ
1024 3484 1136 3555 Υίῷ
1180 3501 1294 3546 σου,
1339 3483 1557 3552 κρινεῖς
1595 3499 1708 3552 με’

171 3575 277 3627 ἀντὶ
303 3576 394 3628 τοῦ
413 3594 426 3608 ·
462 3576 574 3628 οὐκ
602 3575 779 3638 ἄλλοις
811 3579 1042 3646 κριταῖς,
1072 3574 1206 3628 ἀλλά
1248 3577 1312 3646 τῇ
1356 3574 1577 3645 δυνάμει
1618 3590 1711 3628 σου

171 3666 241 3729 εις
265 3667 503 3733 ἐξέτασιν
528 3663 937 3736 παραδοθῆναι]
970 3666 1076 3719 Καὶ
1107 3667 1176 3719 ἐν
1195 3665 1268 3733 τῇ
1308 3665 1552 3732 δυνάμει
1597 3682 1712 3719 σου

172 3757 373 3825 κρινεῖς
408 3775 508 3828 με.
548 3757 752 3829 Κρίνας
777 3755 886 3828 γάρ
911 3757 1006 3827 τὴν
1035 3757 1210 3829 κρίσιν
1237 3757 1434 3820 αὐτῶν,
1463 3757 1588 3820 τοὺς
1613 3757 1710 3827 μὲν

171 3847 399 3920 ἀπωλείᾳ
423 3847 730 3920 παρέδωκε,
758 3849 883 3912 τοὺς
910 3848 966 3900 δὲ
994 3847 1191 3901 ἔσωσεν
1221 3848 1326 3901 ἀπὸ
1348 3847 1454 3900 τῶν
1479 3846 1708 3919 ἐχθρῶν.

240 3938 290 3991 ’0
321 3940 487 4006 Θεὸς,
518 3939 882 3994 εἰσάκουσον
926 3938 1037 4008 τῆς
1073 3939 1416 4010 προσευχῆς
1442 3956 1579 4009 μου.
1617 3938 1709 3991 Δέ-

173 4028 249 4094 ξαι
298 4048 397 4101 μου
442 4030 540 4094 τὰς
591 4032 822 4096 ἱκετείας
864 4033 959 4086 σὺν
999 4032 1270 4102 εὐμενείᾳ.
1296 4031 1591 4086 Ἐνώτισαι
1639 4029 1710 4084 τὰ

166 4120 385 4189 ῥήματα
409 4119 517 4174 τοῦ
549 4121 842 4191 στόματός
878 4123 1240 4192 μου.⁶’ομοιον
1278 4120 1386 4192 τῷ·
1413 4121 1522 4175 Καὶ
1573 4120 1706 4188 νῦν,

171 4215 348 4281 Κύριε,
382 4213 551 4269 ἔπιδε
586 4215 684 4268 ἐπὶ
718 4217 820 4280 τὰς
850 4214 1099 4281 ἀπειλὰς
1127 4211 1340 4268 αὐτῶν.

219 4367 314 4433 Είς
335 4367 510 4435 τέλος
540 4368 609 4422 ἐν
634 4367 842 4437 ὕμνοις
867 4367 1168 4435 συνέσεως
1190 4366 1269 4434 τῷ
1297 4366 1494 4421 Δαυΐδ.
1527 4364 1652 4422 ΝΔ’.

779 4439 1100 4504 ’Υπόθεσιςκ

1812 3309 1982 3369 rogat.
2016 3298 2476 3371 [Quandoquidem
2505 3311 2703 3364 autem.
2725 3302 2821 3364 ait,
2864 3317 3056 3356 nomen
3096 3312 3245 3357 tuum
3276 3306 3360 3358 in-

1809 3403 1963 3454 voco,
2004 3389 2059 3441 in
2109 3392 2212 3444 hoc
2256 3391 2373 3459 ipso
2413 3393 2641 3446 salutem
2703 3393 2835 3446 mihi
2885 3394 3143 3462 prazbeas.
3189 3393 3257 3447 Et
3300 3396 3358 3450 in

1808 3482 1996 3536 virtute
2019 3489 2111 3534 tua
2138 3524 2153 3547 ,
2185 3482 2234 3535 id
2267 3490 2350 3536 est
2399 3482 2452 3536 in
2502 3480 2638 3537 Filio
2658 3493 2770 3550 tuo,
2787 3485 3052 3554 judicabis
3079 3502 3158 3541 me
3179 3503 3198 3551 ;
3222 3502 3285 3541 ac
3311 3487 3356 3541 si

1809 3575 2043 3631 diceret:
2078 3574 2194 3628 Non
2227 3575 2351 3630 aliis
2382 3574 2674 3644 judicibus,
2705 3575 2797 3629 sed
2822 3575 3003 3628 virtuti
3033 3587 3132 3629 tute
3150 3577 3356 3630 exami-

1810 3669 2046 3722 nandum
2077 3682 2162 3721 me
2195 3666 2418 3738 tradas]
2445 3665 2509 3719 Et
2538 3667 2590 3720 in
2615 3668 2804 3722 uirtute
2835 3679 2926 3721 tua
2945 3667 3214 3737 judicabis
3250 3685 3353 3725 me.

1805 3754 2063 3810 Judicans
2085 3756 2228 3810 enim
2259 3769 2446 3809 eorum
2478 3771 2719 3821 causam,
2750 3757 2886 3812 alios
2918 3758 3168 3827 perniciei
3192 3759 3356 3814 tradi-

1806 3851 1905 3916 dit,
1937 3851 2074 3906 alios
2106 3852 2282 3908 salvos
2306 3851 2429 3907 fecit
2457 3853 2526 3907 ah
2558 3853 2808 3907 inimicis.

1876 3943 1930 4000 4.
1970 3943 2132 4006 Deus,
2183 3944 2374 3996 exaudi
2416 3943 2704 3996 orationem
2748 3958 2936 3997 meam.
2982 3941 3130 3998 Bono
3177 3942 3356 3997 animo

1807 4049 1981 4089 meam
2013 4034 2201 4102 excipe
2231 4034 2697 4102 supplicationem.
2736 4036 2960 4088 Auribus
2980 4035 3181 4102 percipe
3204 4032 3354 4087 verba

1805 4126 1912 4178 oris
1950 4126 2069 4179 mei.
2120 4123 2306 4180 Simile
2338 4125 2413 4180 illi
2448 4145 2462 4181 :
2495 4125 2564 4179 Et
2596 4142 2753 4188 nunc,
2792 4125 3030 4187 Domine,
3085 4125 3354 4178 considera

1804 4218 1975 4269 minus
2000 4231 2178 4268 eorum
2209 4215 2276 4269 ⁷⁸.

1805 4371 1857 4426 1.
1886 4368 1951 4426 1η
1992 4371 2146 4441 ﬁnem
2186 4372 2240 4424 in
2285 4369 2489 4439 hymnis
2519 4367 2807 4422 intellectus
2836 4368 2934 4430 ipsi
2959 4368 3142 4422 David.
3177 4367 3326 4426 LIV.

2383 4441 2423 4492 Α
2434 4451 2781 4509 rgumentum.

172 4565 249 4637 Τῷ
279 4568 552 4639 Πνεύματι
582 4569 861 4640 θεωρήσας
895 4569 924 4621 ὁ
959 4568 1248 4639 Προφήτης
1278 4567 1344 4620 τὰ
1371 4567 1598 4637 ἐσόμενα
1621 4584 1712 4620 κα-

1814 4573 2018 4646 Spiritu
2066 4571 2331 4642 Propheta
2373 4568 2767 4639 contemplatus
2806 4581 2927 4637 quae
2961 4565 3140 4620 futura
3174 4573 3356 4620 essent

232 4661 293 4716 τὰ
336 4660 574 4734 Χριστοῦ
609 4661 758 4731 παρὰ
800 4659 891 4712 τοῦ
930 4657 1192 4715 Ἰουδαίων
1236 4657 1362 4711 λαοῦ
1415 4658 1507 4711 καὶ
1546 4659 1707 4711 αὐτοῦ

230 4752 316 4806 τοῦ
352 4751 544 4815 Ἰούδα,
575 4750 748 4821 λύπης
776 4748 1147 4819 πληρούμενος
1174 4747 1265 4800 καὶ
1291 4747 1613 4819 ἀμηχανίας,
1642 4747 1708 4818 ῆν

231 4844 317 4896 καὶ
355 4841 726 4911 ἀδολεσχίαν
748 4841 806 4894 ἐν
832 4839 909 4910 τῷ
938 4840 1162 4911 παρόντι
1189 4839 1456 4910 ὠνόμασε,
1483 4837 1710 4892 διατελεῖ

230 4934 621 5007 ταραττόμενος
670 4932 764 4986 καὶ
819 4931 1036 5004 ἀπορῶν
1085 4932 1143 4985 ἐν
1186 4932 1294 4994 τοῖς
1325 4928 1704 5000 τολμωμένοις,

232 5027 531 5100 παρακαλεῖ
573 5025 661 5078 τὸν
710 5023 840 5076 Θεὸν
874 5021 1226 5076 ὲνωτίσασθαι
1263 5022 1359 5092 τὴν
1404 5021 1707 5092 προσευχὴν

233 5119 409 5182 αὑτοῦ,
446 5117 540 5172 καὶ
573 5115 728 5170 τοῦτο
771 5113 918 5185 αὺτῷ
963 5116 1289 5185 παρασχεῖνο
1322 5108 1437 5166 εἶτα
1465 5111 1708 5185 δεύτερον

231 5210 424 5278 γνῶναι
475 5209 577 5279 τὴν
623 5206 710 5260 διὰ
758 5206 857 5275 τῆς
903 5203 1205 5277 προσευχῆς
1253 5203 1708 5274 ἀναπεμπομένην

231 5299 431 5372 δέησινο
473 5300 568 5353 καὶ
591 5297 768 5369 τρίτον
797 5296 894 5366 τὴν
922 5295 1249 5349 κατάστασιν
1279 5294 1568 5348 θεάσασθαι
1610 5293 1706 5347 τοῦ

231 5391 320 5464 τὴν
372 5388 677 5464 προσευχὴν
723 5386 1132 5457 ἀναπέμποντος
1151 5403 1164 5416 ·
1216 5387 1306 5439 καὶ
1352 5385 1520 5449 οὕτως
1546 5387 1705 5440 αὑτὸν

231 5482 556 5548 καταξιιῖισαι
608 5480 712 5550 τῆς
768 5477 958 5531 ἐαυτοῦ
1026 5477 1223 5546 ἀκοῆς·
1287 5477 1367 5530 διὸ
1424 5477 1661 5545 ἐπιλέγει
1684 5493 1700 5507 ο

234 5576 492 5643 Πρόσχες
520 5587 642 5641 μοι,
672 5569 768 5622 καί
794 5567 1158 5622 είσάκουσόν
1182 5585 1318 5637 μου.

243 5663 550 5728 Ένώτισαι,
582 5665 616 5716 ό
653 5661 814 5727 Θεὸς,
846 5658 958 5728 τὴν
1004 5659 1346 5729 προσευχήν
1399 5677 1530 5713 αου.
1581 5660 1704 5713 Δια-

1884 4665 2025 4720 mala
2072 4663 2288 4719 Christo
2338 4677 2432 4732 per
2482 4660 2696 4715 Judmos
2740 4659 2908 4719 illata.
2947 4672 3010 4711 ac
3038 4671 3132 4726 per
3179 4657 3352 4726 ipsum

1879 4752 2095 4818 Judam,
2129 4753 2311 4807 dolore
2336 4750 2523 4821 plenus
2554 4759 2607 4804 et
2635 4749 2922 4812 anxietate,
2946 4762 3106 4816 quam
3140 4747 3192 4800 in
3221 4763 3356 4817 prae-

1877 4846 2016 4902 senti
2044 4843 2467 4898 exercitationem
2490 4847 2642 4894 vocat
2678 4858 2690 4894 :
2721 4838 3060 4910 perturbatus
3089 4837 3357 4892 etdubius

1880 4937 2066 5000 animi,
2100 4936 2152 4989 in
2195 4928 2582 4986 considerando
2624 4924 2932 4996 hujusmodi
2973 4922 3208 4979 facinore
3239 4937 3356 4976 mo-

1874 5045 1990 5086 ram
2035 5023 2288 5087 extrahit,
2318 5029 2572 5090 rogatque
2599 5016 2763 5070 Deum
2807 5023 2867 5068 ut
2907 5014 3133 5067 auribus
3180 5012 3357 5080 perci-

1868 5123 1975 5194 piat
2015 5117 2313 5172 orationem
2336 5125 2511 5175 suam,
2544 5117 2597 5162 et
2622 5107 2671 5160 id
2699 5105 2802 5161 sibi
2835 5102 3127 5168 concedat;
3156 5117 3352 5194 secun-

1874 5191 1964 5274 do,
1991 5217 2050 5262 ut
2070 5201 2496 5259 obsecrationem
2521 5195 2769 5267 precibus
2788 5195 3039 5248 emissam
3068 5191 3350 5261 respiciat;

1879 5300 2058 5363 tertio,
2093 5305 2152 5350 ut
2181 5303 2378 5350 statum
2417 5289 2687 5360 precantis
2723 5286 3111 5353 contempletur
3144 5301 3159 5348 ;
3191 5289 3354 5351 atque

1876 5393 1949 5447 ita
1989 5389 2241 5460 dignetur
2281 5398 2404 5439 eum
2459 5379 2668 5445 audire,
2719 5376 3068 5448 quamobrem
3120 5372 3352 5442 adjicit;

1872 5481 2088 5535 Intende
2109 5477 2256 5540 mihi,
2286 5485 2334 5528 et
2357 5473 2547 5527 exaudi
2577 5485 2675 5524 me.

1879 5660 1930 5717 2.
1957 5658 2187 5723 Exaudi,
2232 5654 2393 5725 Deus,
2433 5653 2721 5711 orationem
2764 5665 2970 5719 meant,
3001 5657 3105 5706 etc.
3160 5643 3350 5701 Varias

237 5848 446 5906 “Joan.
505 5865 629 5915 xiv,
702 5847 754 5902 6.
831 5849 873 5881 ⁶⁹
912 5844 1272 5918 lReg.xxm,
1306 5847 1403 5916 59;
1443 5865 1588 5916 xxvi,
1631 5849 1856 5920 l,seqq.
1929 5848 1982 5894 τ’.
2017 5846 2136 5903 Act.
2180 5859 2255 5911 tr,
2281 5842 2368 5899 29.
