4108 6508
749 454 848 512 251

1589 451 1644 504 S.
1685 449 2054 506 ATHANASII
2094 449 2244 505 OPP.
2287 449 2464 503 PARS
2503 450 2586 505 Ill.
2627 481 2694 492 —-
2728 449 3132 508 EXEGETICA.

3861 459 3957 514 259

748 573 902 629 all'ert
935 571 1355 642 supplicationes
1377 613 1390 638 ,
1426 587 1623 642 rogans
1662 571 1874 626 admitti
1925 572 2060 626 illas.
2103 569 2180 625 Ne
2208 571 2295 625 de-

2403 573 2600 642 ερόρους
2647 573 2879 640 ἱκετείας
2907 575 3200 646 προσφέρει
3226 573 3478 645 δεχθῆναι
3506 577 3704 641 ταύτας
3748 578 3956 632 ἀντιδο-

746 667 965 736 spicias,
993 664 1182 733 inquit,
1203 680 1288 717 me
1304 664 1715 732 supplicantem,
1735 664 1828 718 sed
1850 663 2104 717 benevolo
2120 663 2303 716 animo

746 761 965 813 intende
991 758 1141 819 mihi,
1178 771 1229 811 et
1266 757 1524 810 auxilium
1558 757 1751 810 tribue.

812 852 864 904 3.
890 849 1245 904 Contristutus
1286 865 1400 900 sum
1444 849 1494 900 in
1527 848 1899 900 exercitatione
1926 864 2061 910 mea,
2093 855 2143 900 et
2177 861 2302 899 con-

745 943 985 996 turbatus
1010 959 1145 996 sum.
1174 941 1455 993 Anxietate
1477 955 1710 1008 namque
1733 940 1921 1008 plenus
1943 948 2079 1002 erat,
2109 939 2298 991 videns

741 1036 1077 1104 iniquitatem
1115 1034 1166 1088 in
1200 1033 1533 1087 Salvatorem
1576 1032 1890 1094 admissam,
1918 1047 2078 1100 quam
2105 1032 2299 1085 exinde

740 1128 896 1182 docet
942 1128 1024 1181 his
1074 1126 1252 1178 vi-rbis
1286 1143 1298 1178 :
1332 1127 1373 1178 Α
1405 1141 1521 1178 uoce
1553 1125 1753 1177 inimici
1798 1133 1845 1176 et
1878 1141 1909 1176 a
1960 1123 2298 1176 tribulatione

738 1220 1042 1288 peccatoris.
1077 1217 1266 1271 Totins
1310 1228 1488 1270 autem
1530 1217 1810 1270 Sententia:
1838 1230 1989 1268 mens
2024 1215 2138 1268 haec
2175 1223 2292 1269 est:

739 1310 984 1379 Respice,
1011 1325 1214 1378 quasso,
1250 1325 1411 1378 quam
1437 1308 1792 1362 contrista'us
1814 1323 1954 1369 sum,
1988 1322 2149 1375 quam
2185 1316 2296 1359 tur-

737 1403 917 1467 batus,
971 1418 1131 1472 quam
1183 1400 1570 1455 exercitatione
1614 1398 1847 1468 repletus
1887 1412 2055 1452 sunt:
2101 1396 2293 1466 hisque

734 1493 989 1548 admissis
1015 1493 1206 1545 exaudi
1236 1507 1336 1544 me.

803 1584 917 1639 4-7.
962 1585 1225 1648 Quoniam
1273 1581 1662 1635 declinaverunt
1715 1581 1770 1632 in
1827 1594 1905 1631 me
1954 1577 2284 1646 iniquitates.

733 1675 1079 1742 Qnrecuuque
1133 1674 1277 1726 enim
1343 1672 1602 1726 adversus
1671 1668 2006 1723 Salvatorem
2075 1665 2288 1720 accide-

730 1771 891 1826 runt,
948 1763 1012 1815 ad
1067 1777 1219 1814 suam
1280 1761 1393 1830 ipse
1440 1773 1728 1830 personam
1786 1756 1963 1811 refert.
2027 1755 2174 1827 [llaec
2232 1755 2286 1807 in

729 1871 818 1910 me
875 1857 1285 1924 perpetrabant,
1337 1855 1405 1907 ob
1456 1853 1614 1905 illata!
1668 1852 1892 1921 jactura:
1944 1849 2283 1912 memoriam,

727 1962 793 2000 ex
861 1946 1216 1999 irrationabili
1280 1947 1356 1998 ira
1424 1954 1750 1998 manentem.
1819 1943 1901 1997 lra
1965 1956 2286 2011 permanens

726 2036 1008 2090 iracundia
1080 2045 1324 2090 vocatur.
1394 2034 1466 2089 Ea
1534 2050 1699 2120 vero"
1735 2036 1800 2089 de
1869 2049 2034 2088 causa
2099 2029 2285 2085 fortui-

725 2125 950 2182 dolosus
969 2142 1137 2193 eram,
1163 2138 1323 2197 atque
1352 2129 1618 2190 turbatus,
1645 2136 1722 2190 ut,
1763 2135 1934 2180 morte
1960 2126 2068 2192 jam
2108 2122 2285 2176 immi-

726 2229 906 2283 nente,
943 2227 1101 2287 atque
1147 2221 1197 2272 in
1256 2229 1461 2273 tantam
1516 2219 1684 2273 animi
1727 2217 2181 2272 concertationem
2230 2223 2285 2268 et

722 2310 1069 2367 formidinem
1104 2313 1290 2374 incidi,
1325 2323 1382 2365 ut
1405 2327 1470 2365 ne
1500 2311 1707 2365 radium
1736 2309 1950 2379 quidem
1978 2308 2114 2361 lucis
2137 2306 2283 2361 vide-

724 2419 859 2467 rent,
896 2405 985 2458 sed
1030 2404 1082 2457 in
1129 2405 1364 2458 tenebris
1409 2403 1656 2472 degerem
1696 2420 1709 2455 :
1755 2401 2117 2470 putabamque
2161 2413 2279 2451 om-

723 2496 874 2549 nium
912 2511 1089 2549 rerum
1119 2497 1374 2565 Optimam
1412 2510 1531 2548 esse
1560 2493 1763 2562 fugam,
1786 2507 1848 2545 ac
1877 2490 2132 2558 rogabam
2161 2489 2279 2542 dari

721 2588 854 2642 mihi
904 2588 1016 2642 alas
1067 2588 1314 2640 avidandi
1369 2600 1553 2648 causa,
1607 2593 1666 2637 ut
1715 2583 1840 2636 alibi
1895 2580 2279 2654 quiescerem.]

722 2675 826 2731 Cor
861 2693 1028 2729 meum
1056 2676 1421 2729 conturbatum
1455 2681 1530 2726 est
1555 2675 1606 2725 in
1634 2689 1731 2738 me,
1760 2681 1811 2726 et
1843 2672 2069 2738 formido
2094 2673 2277 2725 mortis

719 2767 905 2820 cecidit
926 2783 1079 2835 super
1104 2783 1200 2820 me.
1228 2767 1364 2820 hcce
1393 2781 1487 2818 cur
1511 2780 1711 2824 meum.
1735 2765 1930 2833 inquit,
1955 2765 2136 2818 omnia
2162 2780 2277 2818 mea

719 2858 978 2913 interiora
1018 2860 1207 2912 evertit
1237 2877 1248 2912 :
1281 2859 1388 2912 imo
1417 2859 1577 2912 etiam
1616 2858 1844 2919 formido
1877 2858 2062 2908 mortis
2089 2858 2276 2910 cecidit

715 2967 871 3020 super
919 2968 1017 3006 me.
1076 2949 1340 3004 Nimirum
1386 2951 1489 3003 hoc
1511 2951 1577 3003 de
1618 2946 1914 3001 Salvatoris
1958 2957 2128 3001 morte
2179 2948 2275 3013 ait,

713 3043 785 3096 ob
837 3055 1000 3109 quam
1065 3039 1349 3092 formidine
1401 3038 1590 3106 plenus
1646 3035 1911 3105 Propheta
1966 3046 2116 3102 erat,
2175 3038 2274 3091 hu-

716 3147 877 3186 mana
903 3141 1176 3200 permotus
1210 3130 1532 3199 cogitatione
1567 3144 1580 3180 :
1626 3138 1717 3182 aut
1746 3132 1811 3182 de
1850 3139 2022 3184 morte
2061 3131 2276 3184 anima-

715 3239 858 3287 rum,
887 3238 1023 3292 quas
1060 3238 1150 3290 per
1196 3221 1308 3275 haec
1347 3219 1588 3275 facinora
1624 3221 1678 3274 in
1717 3222 1942 3275 exitium
1989 3236 2144 3273 ruere
2189 3220 2272 3273 fu—

715 3324 895 3369 turum
933 3325 1066 3368 erat.
1103 3314 1206 3367 Sed
1241 3315 1402 3367 etiam
1434 3315 1587 3365 timor
1622 3322 1674 3367 et
1716 3323 1907 3365 tremor
1947 3311 2270 3380 Prophetam

711 3406 910 3461 invasit
939 3417 1243 3460 cernentem
1271 3406 1524 3459 dilectum
1558 3403 1650 3459 Dei
1682 3406 1793 3458 haec
1826 3405 1894 3459 ab
1926 3406 2102 3472 impiis
2129 3406 2269 3474 pati;

713 3506 1052 3550 contexet-unt
1089 3504 1266 3548 autem
1289 3512 1409 3549 eum
1451 3495 1694 3560 tenebrw,
1721 3496 1847 3563 quia
1885 3496 2090 3549 scilicet
2122 3506 2272 3549 tene-

711 3588 826 3642 bris
857 3589 1016 3656 digna
1053 3597 1369 3656 essentquae
1406 3587 1668 3640 adversus
1693 3584 2030 3639 Salvatori-m
2065 3595 2272 3655 patrata

711 3688 859 3736 sunt.
896 3677 1099 3733 Exinde
1142 3694 1271 3733 vero
1315 3678 1471 3748 quasi
1523 3677 1742 3732 relictus
1785 3679 1836 3731 in
1878 3677 2055 3732 medio
2083 3693 2270 3733 eorum

717 3770 799 3839 qui
839 3771 951 3823 haec
982 3778 1221 3838 agerent,
1255 3770 1401 3822 nullo
1436 3769 1623 3823 relicto
1649 3769 1829 3840 efl‘ugii
1865 3770 2006 3833 loco,
2039 3786 2134 3824 nec
2162 3786 2271 3840 quo

706 3864 998 3917 declinaret
1032 3878 1061 3915 a
1092 3862 1256 3916 tantis
1285 3861 1442 3914 malis
1469 3861 1693 3922 habens,
1727 3869 1978 3929 precatur
2018 3877 2075 3914 se
2101 3862 2271 3917 subli-

707 3970 849 4009 mem
877 3953 1013 4022 rapi,
1044 3962 1201 4020 atque
1231 3954 1402 4006 instar
1437 3951 1553 4004 avis
1590 3966 1684 4018 per
1710 3965 1888 4004 aerem
1923 3951 2160 4006 avolare.

781 4068 835 4123 9.
879 4067 1260 4136 Exspectabam
1291 4064 1454 4119 Deum
1486 4065 1575 4130 qui
1613 4063 1815 4117 salvum
1841 4081 1918 4118 me
1944 4065 2087 4134 fecit,
2117 4083 2148 4118 α
2173 4082 2272 4135 pu-

704 4161 1072 4216 sillanimitate
1128 4161 1342 4228 spiritus
1392 4167 1440 4211 et
1500 4167 1816 4224 tempestate.
1871 4156 2266 4228 Tctnpestatcm

707 4263 862 4305 vocat
895 4252 1136 4306 dolorem
1171 4250 1269 4303 sibi
1298 4264 1391 4316 per
1422 4248 1731 4316 passionem
1757 4247 2019 4301 oblatum.

778 4341 864 4395 10.
895 4342 1154 4404 Quoniam
1197 4341 1302 4392 ridi
1346 4340 1676 4407 iniquitatem
1705 4347 1755 4393 et
1797 4338 2267 4393 contradictionem

703 4434 760 4487 in
791 4434 1019 4487 civitate.
1050 4432 1258 4486 Causas
1301 4433 1523 4499 apponit
1555 4445 1654 4485 cur
1692 4447 1786 4489 eas
1815 4449 2002 4502 preces
2041 4431 2262 4488 fuderit.

775 4601 960 4654 13-15.
1003 4599 1264 4664 Quoniam
1303 4599 1348 4651 si
1384 4598 1627 4652 inimicus
1683 4597 2039 4651 maledixisset
2107 4599 2255 4664 mihi,
2291 4609 2333 4662 D

701 4692 1068 4746 sustinuissent
1114 4691 1311 4760 utique.
1361 4689 1485 4744 Haec
1525 4689 1590 4743 ad
1636 4704 1922 4758 personam
1969 4690 2262 4758 proditoris

697 4783 819 4853 jure
851 4783 1172 4835 referantur.
1214 4781 1288 4834 Tu
1319 4799 1453 4846 vero,
1484 4784 1634 4835 homo
1663 4785 1946 4850 unanimis,
1985 4787 2092 4836 dux
2122 4803 2261 4839 meus

698 4887 747 4930 et
772 4887 922 4930 notus
952 4891 1114 4928 meus.
1139 4874 1304 4941 Quasi
1323 4876 1485 4937 dicat.
1506 4877 1545 4927 A
1576 4892 1662 4930 me
1694 4877 1803 4930 dux
1827 4878 2155 4932 constitutus
2179 4894 2258 4942 es,

699 4966 866 5022 Jutlas
910 4968 1136 5020 scilicet.
1181 4968 1285 5033 Qui
1334 4968 1492 5020 sintut
1543 4983 1737 5021 mecum
1793 4969 1968 5020 dulces
2018 4970 2258 5037 capiebas

699 5056 862 5110 cibos.
914 5056 1142 5111 Perinde
1189 5067 1272 5111 est
1318 5074 1380 5112 ac
1423 5059 1467 5112 si
1502 5058 1706 5112 diceret
1745 5077 1755 5111 :
1799 5059 2056 5128 Ejusdem
2118 5077 2258 5129 saepe

700 5163 902 5201 mensa:
943 5162 1168 5202 consors
1210 5147 1377 5202 fuisti.
1435 5147 1501 5201 In
1527 5149 1681 5201 domo
1736 5150 1828 5204 Dei
1870 5150 2253 5204 ambularimus

702 5256 818 5292 cum
853 5257 1124 5293 consensu.
1157 5239 1270 5294 lloc
1296 5241 1370 5293 ait
1395 5242 1520 5309 quia
1551 5257 1692 5311 saepe
1717 5257 1841 5296 cum
1881 5243 1973 5296 illo
2020 5243 2073 5295 in
2113 5253 2253 5298 tem-

697 5330 848 5402 plum
881 5339 1242 5384 concesserat.

768 5421 852 5474 16.
909 5419 1088 5474 Veniat
1121 5438 1257 5473 mors
1287 5438 1440 5490 super
1469 5422 1610 5484 illos,
1657 5432 1704 5477 et
1747 5423 2060 5478 descendant
2095 5427 2148 5477 in
2173 5426 2255 5478 in-

697 5513 897 5580 fernum
927 5515 1163 5568 viventes.
1199 5513 1242 5579 ρ
1266 5516 1640 5582 εοιιαοίιιιίἀριιι
1687 5517 1975 5570 noluerunt
2009 5525 2059 5570 te
2092 5519 2254 5570 vitam

696 5604 960 5670 accipere,
991 5605 1108 5659 ideo
1150 5621 1296 5659 uiors
1329 5607 1557 5673 excipiet
1586 5623 1699 5661 eos.
1736 5605 1866 5659 Illud
1900 5620 2078 5662 autem
2109 5627 2121 5662 :
2157 5609 2257 5662 De-

698 5693 944 5747 scendunt
968 5694 1019 5746 in
1042 5695 1304 5762 infernum
1333 5699 1574 5762 virentes,
1605 5700 1729 5769 quia
1747 5699 1996 5754 videlicet
2023 5701 2255 5759 scientes

789 5845 879 5916 ιι)
920 5845 1046 5905 Vide
1075 5845 1358 5908 Onomast.
1391 5856 1454 5909 ad
1493 5859 2016 5928 γοεειηἏγαπητός-

2406 668 2532 719 λῶν.
2555 667 2608 720 Μ
2617 668 2644 738 ὴ
2669 667 2898 737 παρίδῃς
2920 667 3027 738 γάρ
3050 684 3136 736 με,
3171 668 3320 736 φησὶ,
3350 667 3728 738 ποτνιώμενον,
3746 670 3861 723 ἀλλ’
3877 673 3958 725 εὑ-

2409 755 2581 826 μενῶς
2614 773 2702 826 μοι
2730 757 2979 826 πρόσχες,
3010 757 3102 808 καὶ
3126 755 3223 825 τὴν
3262 755 3505 826 βοήθειαν
3535 756 3755 829 ὥρεξον.

2488 848 2822 914 Ἑ.2υπήθην
2858 849 2927 901 ἐν
2958 846 3040 915 τῇ
3079 848 3404 917 ἀδολεσχίᾳ
3436 867 3574 918 μου,
3618 851 3718 904 καὶ
3753 853 3954 920 erupti-

2403 943 2575 1010 χθην.
2595 940 2920 1010 Ἀμηχανίας
2962 941 3070 1011 γὰρ
3107 940 3422 1009 ἐπληροῦτο,
3457 941 3664 1010 βλέπων
3696 943 3793 1014 τὴν
3823 947 3954 1000 κατά

2402 1033 2493 1085 τοῦ
2527 1033 2772 1103 Σωτῆρος
2802 1032 3086 1101 γινομένην
3119 1033 3475 1103 παρανομίαν,
3498 1034 3562 1104 ἣν
3593 1036 3688 1088 καὶ
3718 1037 3952 1090 διδάσκει

2400 1126 2593 1196 ἐφεξῆς
2621 1126 2816 1193 λέγων’
2857 1124 2989 1179 Ἄπι)
3019 1125 3220 1192 φωνῆς
3265 1126 3478 1194 ἐχθροῦ
3527 1127 3622 1179 καὶ
3676 1128 3793 1181 ἀπὸ
3837 1131 3954 1183 0.11-

2399 1220 2558 1285 ψεως
2602 1216 3043 1286 sumptam/1017.0
3075 1216 3131 1268 δὲ
3177 1218 3285 1278 πᾶς
3333 1215 3455 1280 νοῦς
3481 1210 3668 1280 εοῦτοςθ
3718 1218 3951 1288 Πρόσχες

2398 1310 2544 1370 ὅπως
2594 1307 2883 1378 ἐλυπήθην,
2929 1308 3077 1368 ὅπως
3120 1307 3439 1377 ἐταράχθην,
3480 1309 3626 1370 ὅπως
3673 1308 3952 1380 ἀδολεσλίςι

2395 1401 2795 1470 πεπλήρωμαι·
2849 1397 3240 1468 ἀποδεξάμενός
3286 1415 3343 1451 τε
3391 1398 3581 1462 ταῦτα,
3638 1400 3950 1453 είσάκουσὸν

2397 1509 2495 1564 μου
2504 1535 2516 1549 .

2463 1582 2580 1633 Ὅτι
2626 1579 2944 1644 ἐξέκλιναν
2989 1579 3080 1634 ἐπ’
3106 1579 3209 1649 ἐμὲ
3251 1581 3503 1650 ἀνομίαι.
3532 1581 3715 1634 Πάντα
3745 1582 3857 1654 γὰρ
3885 1585 3949 1637 τά

2390 1673 2529 1727 κατά
2558 1672 2650 1724 τοῦ
2679 1673 2923 1744 Σωτῆρος
2963 1671 3238 1743 συμϐάντα
3269 1673 3402 1743 πρὸς
3428 1673 3489 1725 τὸ
3509 1676 3707 1727 οἰκεῖον
3751 1676 3948 1744 ἀναφέ-

2395 1784 2476 1838 ρει
2510 1767 2814 1837 πρόσωπον.
2863 1765 2997 1836 [Διά
3033 1766 3389 1836 μνησικακίαν
3421 1783 3508 1836 μοι
3538 1765 3711 1819 ταῦτα
3737 1768 3946 1821 ἐποίουν

2389 1857 2666 1927 τεχθεῖσαν
2699 1855 2758 1920 ἐξ
2787 1858 2952 1927 ὀργῆς
2987 1857 3199 1924 ἀλόγου.
3236 1858 3405 1916 Κὸτος
3438 1859 3470 1926 ἡ
3504 1857 3758 1927 ἐπίμονος
3789 1859 3943 1930 ὀργή.

2319 1915 2358 1972 Β
2387 1915 2484 2003 Διά
2515 1949 2712 2016 ταύτην
2741 1915 2797 2002 δὲ
2819 1915 3130 2019 *αἰτίαν
3163 1950 3413 2021 περιδεὴς
3451 1915 3715 2022 ἐγενόμην
3737 1915 3838 2004 καί

2386 2043 2740 2113 ταραγμένος,
2766 2041 2840 2105 ὼς
2868 2045 3182 2106 ἐπιστάντος
3213 2061 3300 2112 μοι
3332 2045 3430 2114 ῆδη
3457 2041 3550 2097 τοῦ
3585 2045 3945 2108 θανάτου,καὶ

2383 2134 2615 2204 τοσαύτη
2644 2152 2730 2204 μοι
2755 2130 2913 2205 ἦλθεν
2941 2135 3144 2202 ἀγωνία
3171 2137 3261 2187 καὶ
3289 2136 3467 2203 φόϐος.
3502 2136 3576 2199 ὼς
3611 2137 3744 2206 μηδὲ
3773 2138 3946 2193 δοκεῖν

2381 2225 2481 2294 τὴν
2512 2225 2700 2276 ἀκτῖνα
2731 2225 2956 2293 φαίνειν,
2989 2225 3098 2277 ἀλλ’
3131 2225 3434 2278 ἐσκοτίσθαι
3457 2243 3471 2256 ο
3498 2227 3590 2278 καὶ
3616 2227 3946 2300 ἐλογισάμην

2381 2316 2479 2387 τὴν
2514 2317 2687 2386 φυγὴν
2720 2313 2854 2370 εἶναι
2889 2318 3102 2370 πάντων
3129 2318 3351 2387 ἀμείνω,
3387 2318 3477 2370 καὶ
3507 2318 3752 2389 ηὐχόμην
3792 2322 3944 2388 γενέ-

2384 2405 2507 2458 σθαι
2555 2423 2642 2476 μοι
2687 2407 2956 2475 πτέρυγας
3000 2407 3090 2459 ἐπὶ
3125 2408 3201 2478 τῷ
3238 2407 3562 2478 μεταστῆναι
3589 2410 3684 2462 καὶ
3710 2410 3942 2480 ἀλλαχοῦ

2381 2494 2771 2566 καταπαῦσαι.]
2808 2496 2870 2548 'H
2895 2495 3100 2563 καρδία
3120 2515 3238 2565 μου
3261 2497 3550 2565 ἐταράχθη
3577 2498 3645 2550 ἐν
3665 2499 3815 2568 ἐμοὶ,
3848 2501 3946 2553 καὶ

2380 2582 2569 2637 δειλία
2613 2584 2866 2638 θανάτου
2911 2584 3204 2637 ἐπέπεσεν
3241 2587 3624 2655 ἐπ’ὲμέ.“Ιδοὺ
3668 2591 3700 2660 ἡ
3750 2591 3944 2659 καρδία

2382 2694 2502 2746 μου,
2532 2677 2684 2746 φησὶ,
2713 2676 2988 2747 διέστρεψε
3020 2676 3088 2727 τὰ
3121 2677 3264 2729 ἔνδον
3292 2694 3391 2746 μου
3411 2695 3424 2709 ο
3463 2679 3596 2732 ἀλλά
3626 2680 3721 2732 καὶ
3753 2681 3944 2736 δειλία

2380 2764 2634 2818 θανάτου
2686 2763 2980 2816 ἐπέπεσεν
3024 2763 3114 2815 ἐπ’
3145 2763 3427 2832 ἐμέ.”ῐῐτοι
3455 2765 3508 2817 (>2:
3537 2765 3629 2818 τοῦ
3673 2770 3940 2839 σωτηρίου

2379 2853 2603 2906 θανάτου
2649 2853 2812 2921 λέγει,
2841 2855 2922 2921 ἐφ’
2946 2847 2990 2920 ᾧ
3032 2853 3231 2916 δειλίας
3255 2857 3282 2907 ό
3317 2856 3603 2926 Προυήτης
3640 2858 3942 2929 ἐπληροῦτο

2377 2946 2697 3017 ἀνθρωπίνῳ
2739 2945 2980 3016 λογισμῷ
3023 2945 3368 3016 κινούμενος·
3402 2949 3433 3017 ἢ
3480 2947 3574 2998 τοῦ
3618 2948 3726 3000 τῶν
3755 2949 3939 3018 ψυχῶν

2376 3037 2626 3097 θανάτου,
2659 3039 2766 3090 τῶν
2807 3038 3130 3091 ἀπόλλυσθαι
3176 3038 3472 3107 μελλόντων
3497 3039 3584 3091 διὰ
3615 3040 3684 3093 τὰ
3717 3041 3941 3095 τοιαῦτα

2373 3129 2712 3198 τολμήματα.
2732 3129 2888 3180 Ἀλλά
2909 3130 3088 3195 φόϐος
3112 3130 3202 3180 καὶ
3230 3132 3440 3196 τρόμος
3451 3129 3683 3181 ἐπέπεσε
3704 3130 3782 3200 τῷ
3805 3133 3940 3203 Προ-

2378 3220 2520 3288 φήτῃ
2548 3217 2739 3288 ὁρῶντι
2763 3217 2851 3269 τὸν
2874 3219 3152 3286 ἀγαπητὸν
3179 3217 3288 3287 (21)
3319 3217 3409 3270 τοῦ
3434 3219 3565 3271 Θεοῦ
3593 3220 3819 3276 τοιαῦτα
3839 3224 3941 3278 ὑπὸ

2374 3310 2481 3362 τῶν
2510 3309 2717 3363 ἀσεϐῶν
2748 3310 3041 3379 πάσχοντα,
3059 3310 3315 3377 ἔκρυπτε
3335 3311 3392 3362 δέ
3422 3312 3579 3364 αὑτὸν
3599 3316 3841 3381 σκότος,
3865 3316 3939 3380 ὼς

2375 3401 2440 3455 ἀν
2479 3401 2667 3453 σκότου
2703 3401 2916 3470 ἀληθῶς
2945 3401 3068 3465 ἄξια
3119 3401 3188 3454 τὰ
3234 3403 3372 3454 κατά
3402 3401 3494 3454 τοῦ
3521 3404 3770 3473 Σωτῆρος
3803 3406 3939 3477 δρώ-

2377 3508 2530 3561 μενα.
2563 3487 2714 3551 Εἶτα,
2747 3491 2936 3558 ὥσπερ
2966 3489 3310 3558 ἀπολειφθεὶς
3350 3492 3408 3542 ἐν
3456 3492 3603 3560 μέσῳ
3626 3494 3734 3545 τῶν
3765 3495 3937 3548 ταῦτα

2371 3581 2638 3652 δρώντων,
2671 3583 2803 3650 μήτε
2842 3580 2968 3650 μίαν
3000 3597 3057 3632 τε
3101 3581 3235 3650 ἐχων
3279 3582 3586 3653 ἀποφυγὴν,
3631 3585 3768 3653 μηδὲ
3814 3587 3934 3640 ’ὁποι

2373 3671 2554 3734 κλίνας
2592 3670 2779 3725 ἐαυτὸν
2808 3672 2963 3735 ἐκτὸς
2993 3672 3101 3724 τῶν
3126 3671 3307 3726 κακῶν
3335 3673 3560 3742 γένοιτο,
3592 3674 3809 3748 εὔχεται
3838 3695 3934 3749 μι-

2370 3765 2573 3836 τέωρος
2614 3766 2934 3838 ἐπαρθῆναι,
2971 3765 3064 3818 καὶ
3109 3765 3306 3836 πτηνὸς
3350 3767 3637 3835 γενόμενος
3675 3768 3742 3820 δι’
3774 3768 3933 3840 ἀέρος

2371 3859 2639 3925 ἐκφυγεῖν.

2438 4059 2897 4127 Προσεδεχόμην
2928 4059 3034 4112 τὸν
3067 4059 3213 4113 Θεὸν
3235 4059 3495 4121 σώζοντά
3528 4079 3625 4130 με,
3651 4062 3772 4116 ἀπὸ
3810 4064 3931 4118 ὀλι-

2369 4148 2663 4215 γοψυχιάς
2695 4148 2791 4200 καὶ
2819 4148 2930 4200 ἀπὸ
2968 4148 3316 4218 καταιγίδος.
3346 4150 3643 4218 Καταιγίδα
3675 4153 3928 4221 ὀνομάζει

2366 4239 2464 4307 τὴν
2495 4238 2582 4291 διά
2609 4238 2702 4290 τοῦ
2734 4239 2936 4302 πάθους
2969 4240 3113 4309 αὐτῷ
3147 4242 3427 4309 συμϐᾶσαν
3452 4240 3645 4313 λύπην.

2439 4329 2556 4381 Ὀτι
2583 4325 2746 4382 εἶδον
2767 4331 3020 4399 ἀνομίαν
3043 4332 3139 4384 καὶ
3172 4333 3514 4402 ἀντιλογίαν
3534 4335 3603 4386 ἐν
3626 4334 3702 4404 τῇ
3729 4339 3924 4393 πόλει.

2366 4419 2553 4472 Δίτίαν
2591 4421 2920 4492 παρατίθησι
2952 4421 3016 4475 δι’
3044 4423 3110 4493 ἡν
3144 4425 3237 4476 καὶ
3273 4425 3372 4494 τὴν
3405 4427 3711 4496 προσευχὴν
3741 4429 3925 4496 ἐποιή-

2373 4525 2524 4562 σατο.

2435 4605 2571 4667 Ὅτι,
2599 4607 2647 4657 εὶ
2676 4604 2885 4673 ἐχθρὸς
2911 4605 3178 4660 ὠνείδισέ
3197 4624 3293 4675 με,
3327 4605 3635 4676 ὑπήνεγκα
3667 4608 3765 4662 ἄν.
3784 4608 3921 4662 Ταῦ-

2363 4711 2428 4745 τα
2458 4697 2535 4758 είς
2562 4696 2848 4765 πρόσωπον
2875 4697 2967 4750 τοῦ
2996 4698 3251 4768 προδότου
3280 4697 3581 4768 ἀναφέροιτ⁵
3598 4699 3662 4750 ἂν
3676 4700 3917 4764 δικαίως.

2361 4785 2445 4837 Σὺ
2474 4784 2559 4847 δὲ,
2585 4785 2852 4852 ἄνθρωπε
2883 4790 3158 4858 ίσόψυχε,
3185 4789 3415 4858 ἡγεμών
3432 4807 3549 4857 μου
3571 4789 3667 4843 καὶ
3694 4792 3920 4859 γνωστέ

2355 4893 2493 4943 μου.
2512 4875 2657 4926 Ἀντὶ
2687 4876 2799 4940 τοῦ,
2823 4880 3173 4950 Κατεστάθης
3200 4879 3422 4950 ἡγεμὼν
3454 4881 3544 4932 ὑπ’
3563 4880 3720 4950 ἐμοῦ,
3745 4885 3772 4935 ὁ
3789 4883 3915 4936 Ἰούο

2357 4964 2452 5027 δας
2482 4963 2849 5036 δηλονότι.Ὃς
2881 4969 2973 5021 ἐπὶ
3005 4970 3070 5021 τὸ
3113 4970 3256 5022 αὐτὸ
3280 4969 3615 5039 ἐγλύκανὰς
3654 4990 3757 5040 μοι
3798 4973 3915 5027 ἐδέ-

2356 5057 2801 5127 σματα.”ομοιον
2821 5059 2953 5110 ὡσεὶ
2977 5059 3144 5127 λέγοι·
3164 5059 3276 5129 Τῆς
3305 5060 3469 5130 αὐτῆς
3491 5062 3768 5132 τραπέζης
3792 5065 3916 5116 πολ-

2355 5150 2510 5212 λάκις
2543 5149 2860 5220 ἠξιωμένος.
2897 5153 2991 5204 Ἐν
3018 5151 3094 5217 τῷ
3124 5153 3265 5219 οἴκῳ
3298 5152 3400 5206 τοῦ
3433 5152 3576 5206 Θεοῦ
3598 5155 3913 5222 ἐπορεύθη-

2350 5260 2463 5311 μεν
2494 5243 2562 5294 ἐν
2601 5244 2862 5311 ὁμονοίᾳ.
2890 5243 3057 5297 Τοῦτό
3106 5261 3237 5313 φησι
3274 5243 3359 5297 διά
3401 5243 3461 5296 τὸ
3506 5245 3912 5316 συνεληλυθέναι

2354 5336 2502 5408 αὐτῷ
2528 5336 2783 5398 πολλάκις
2819 5337 2895 5399 εἰς
2930 5338 2989 5389 τὸ
3018 5337 3178 5408 ἱερόν.

2436 5441 2677 5496 Ἐυῑθέτω
2700 5441 2774 5508 δὴ
2802 5441 3051 5508 θάνατος
3077 5442 3168 5494 ἐπ’
3192 5443 3429 5510 αὐτοὺς,
3456 5445 3552 5506 καὶ
3581 5444 3910 5514 καταόήτω-

2354 5547 2475 5585 σαν
2496 5535 2581 5598 είς
2612 5533 2756 5598 ᾅδου
2784 5531 3009 5599 ζῶντες,
3030 5535 3244 5607 Ἐπειδὴ
3279 5537 3376 5588 οὐκ
3403 5535 3661 5606 ἐθέλησάν
3710 5553 3770 5589 σε
3815 5535 3910 5603 τὴν

2356 5621 2498 5690 ζωὴν
2544 5621 2966 5696 παραδέξασθαι,
3010 5623 3179 5695 ταύτῃ
3223 5642 3304 5677 τοι
3351 5625 3571 5688 θάνατος
3617 5623 3907 5688 διαδέξεται

2355 5711 2568 5775 αὐτούς.
2609 5714 2682 5765 Τὸ
2712 5712 2785 5781 δὲ,
2818 5714 3250 5781 Κατασήτωσαν
3279 5719 3362 5782 εἰς
3397 5715 3541 5782 ᾅδου
3568 5714 3797 5784 ζῶντες,
3824 5715 3906 5772 ὅτι
