4108 6494
210 466 310 527 283

1325 455 1687 516 EXPOSITIO
1722 455 1789 512 IN
1828 456 2162 516 PSALMUM
2202 456 2312 516 LV.

3339 455 3448 512 25l-

211 592 292 662 δὴ.
326 590 688 659 γινώσκοντες
717 586 876 642 αὐτὸν
901 584 1036 641 εἶναι
1076 588 1165 640 τδν
1206 587 1556 658 κληρονόμον,
1591 581 1770 639 εἷπον·

1882 584 2055 654 ipsum
2087 585 2352 642 haercdem
2397 598 2540 649 esse,
2580 580 2854 641 dixerunt,
2907 573 3102 637 Venite,
3143 573 3444 628 occidamus

213 683 406 747 Δεῦτε,
430 683 880 751 ἀποκτείνωμεν
908 682 1094 735 αὐτόν
1116 696 1128 710 ο
1164 678 1259 751 τὴν
1293 678 1399 751 γὰρ
1434 679 1632 747 γνῶσιν
1661 679 1779 731 ἀντὶ

215 777 310 847 τῆς
334 777 482 847 ζωῆς
518 775 805 829 ὲτεθείκει.

296 867 436 934 Ἐτὼ
457 865 613 935 πρὸς
640 866 748 918 τὸν
769 862 914 918 Θεὸν
935 861 1241 932 ἐκέκραξα,
1260 861 1356 915 καί
1381 864 1413 915 ό
1432 861 1642 928 Κύριος
1659 861 1782 912 είσ-

213 958 438 1026 ἤκουσέ
459 957 765 1028 μουοἘγὼ
811 956 944 1026 πρὸς
987 954 1076 1007 τὸν
1112 954 1242 1007 Θεὸν
1281 953 1566 1024 ἐκέκραξα.
1595 952 1703 1005 Καὶ
1729 950 1781 1002 τί

225 1050 562 1122 ἑκέκραξεν;
623 1049 656 1119 ἢ
707 1045 1042 1117 λυτρωθῆναι
1092 1047 1190 1117 τὴν
1242 1044 1418 1116 ψδχὴν
1461 1043 1622 1098 αὐτοῦ
1676 1042 1783 1095 ἀπὺ

215 1140 319 1195 τῶν
348 1139 663 1210 ζητούντων
693 1136 953 1191 ἀπολέσαι
993 1136 1179 1206 αὐτήν.
1210 1134 1300 1186 Διὸ
1323 1134 1388 1203 δὴ
1419 1132 1512 1186 καὶ
1536 1133 1784 1202 εἰσήκου-

218 1249 356 1286 erat.

295 1322 593 1391 Ἑσπέρας
618 1321 711 1376 καὶ
742 1321 885 1390 πρωὶ
912 1320 1007 1375 καὶ
1023 1321 1390 1390 μεσημϐρίας
1409 1317 1780 1388 διηγήσομαι.

228 1414 370 1468 ’Δντὶ
397 1413 519 1477 τοῦ,
553 1413 629 1467 Οὐ
660 1413 936 1483 παύσομαι
960 1411 1329 1481 διηγούμενος,
1347 1411 1429 1464 ὅτι
1452 1409 1515 1481 δὴ
1541 1408 1786 1463 εἰσακού-

220 1523 315 1570 σας
343 1505 686 1576 λελύτρωσαι
717 1503 811 1574 τὴν
838 1503 1016 1574 ψυχήν
1051 1520 1174 1574 μου.

287 1598 407 1650 Ὅτι
456 1598 530 1650 ἐν
577 1595 829 1661 πολλοῖς
871 1591 1031 1664 ἦσαν
1069 1595 1189 1648 σὺν
1227 1593 1503 1663 ἐμοΙ.”Οτι
1530 1594 1577 1645 oi
1603 1589 1786 1644 πολλοὶ

222 1689 469 1742 συνίεσαν
501 1687 644 1758 (22‘)
686 1690 802 1740 κατ’
832 1687 964 1758 ἐμοῦ
996 1685 1303 1757 βουλόμενοι
1335 1686 1434 1755 τὴν
1458 1685 1634 1755 ψυχήν
1677 1700 1776 1754 μου

223 1781 476 1852 ἐξαίρειν.

291 1875 371 1926 Οὐ
397 1871 512 1943 γάρ
538 1871 710 1924 ἐστιν
750 1867 953 1934 αὐτοῖς
993 1868 1402 1936 ἀντάλλαγμα.
1439 1862 1787 1933 Ταπεινωθή-

1877 695 1995 732 eum
2030 679 2074 709 "
2106 694 2121 744 ;
2162 692 2286 732 nam
2315 674 2684 743 cognitionem
2714 683 2813 740 pro
2841 668 2949 721 vita
2979 664 3179 736 posuit.

1948 857 2036 910 Π.
2077 854 2186 926 Ego
2239 864 2414 908 autem
2457 853 2527 906 ad
2568 852 2734 906 Deum
2783 849 3044 909 clamavi,
3082 854 3129 899 et
3184 842 3442 897 Dominus

1879 946 2146 1002 exaudit-it
2177 962 2273 999 me.
2312 944 2424 1015 Ego
2466 943 2532 997 ad
2582 942 2867 996 Dominum
2912 937 3164 994 clamavi.
3234 935 3442 1006 Ecquid

1882 1039 2191 1095 clamavit?
2248 1039 2354 1093 nisi
2411 1046 2471 1091 ut
2521 1037 2822 1105 eriperetur
2876 1032 3194 1102 animat-jus
3262 1035 3328 1087 ab
3377 1033 3442 1085 iis

1881 1131 1974 1200 qui
2015 1145 2134 1184 eam
2184 1130 2406 1198 perdere
2442 1128 2775 1197 quaerebant.
2824 1124 3189 1192 Quamobrem
3219 1125 3444 1179 exaudi-

1882 1234 1970 1279 ιιιε
1996 1231 2094 1277 est.

1957 1312 2044 1366 18.
2102 1309 2316 1379 Vespere
2356 1319 2404 1362 et
2445 1322 2598 1361 mane
2637 1315 2686 1360 et
2720 1307 2936 1360 meridie
2976 1308 3227 1361 narrabo.
3274 1306 3443 1374 Quasi

1883 1399 2214 1459 diealzNun
2262 1401 2420 1454 llnem
2471 1399 2664 1453 faciam
2714 1398 3035 1465 enarrandi,
3090 1399 3232 1468 quod
3272 1413 3444 1452 exau-

1885 1498 2035 1552 diens
2064 1510 2150 1548 me
2176 1491 2468 1546 redemeris
2495 1491 2732 1542 animam
2763 1504 2956 1542 meam.

1957 1588 2042 1642 i9.
2086 1587 2347 1650 Quoniam
2393 1585 2528 1636 inter
2583 1583 2776 1635 multos
2823 1589 2972 1634 erant
3021 1594 3241 1632 mecum.
3297 1575 3448 1644 Quo-

1885 1681 2030 1735 niam
2076 1678 2230 1731 multi
2271 1682 2646 1731 convenerunt
2673 1685 2860 1728 contra
2908 1688 3016 1738 me,
3050 1672 3290 1727 volentes
3321 1669 3445 1723 aui-

1887 1787 2029 1826 mam
2067 1768 2280 1824 auferre
2310 1765 2461 1820 mihi.

1957 1861 2045 1917 20.
2091 1859 2214 1914 Non
2253 1860 2387 1912 enim
2417 1866 2495 1912 est
2528 1856 2637 1911 illis
2675 1853 3033 1908 commutatio.
3061 1850 3446 1904 Humiliabun-

220 1935 417 2026 OO‘ITGI,
451 1935 638 2034 τρησὶν,
675 1961 858 2032 ἐπειδὴ
889 1960 1007 2014 οὐδὲ
1044 1960 1224 2030 ἔχουσι
1406 1957 1578 2027 ψυχῆς
1604 1955 1778 2009 αὐτῶν

1887 1964 1992 2021 tur,
2024 1953 2217 2024 inquit,
2264 1950 2483 2021 quando
2541 1965 2648 2002 non
2699 1947 2902 2002 habent
2951 1943 3440 2000 commutationem

217 2051 778 2125 ἀντάλλαγμα.”Απαξ
809 2053 915 2126 γὰρ
941 2052 1303 2123 ἀρνησάμενοι
1342 2048 1403 2101 τὸ
1441 2047 1619 2118 τίμιον
1643 2040 1780 2116 αἷμα

215 2148 475 2218 Χριστοῦ,
507 2147 568 2200 τὸ
613 2147 934 2217 εἰλημμένον
981 2143 1332 2212 ἀντάλλαγμα
1380 2141 1519 2212 ὑπὲρ
1555 2139 1655 2209 τῆς
1685 2135 1778 2191 τοῦ

216 2241 416 2310 κόσμου
451 2238 620 2310 ζωῆς,
652 2237 833 2291 οὐκέτι
862 2234 1150 2307 εὐποροῦσι
1181 2234 1396 2305 λύτρου.

292 2418 582 2484 Ἑξέτεινε
625 2417 739 2484 τὴν
783 2417 948 2486 χεῖρα
987 2416 1170 2472 αὑτοῦ
1208 2415 1277 2468 ἐν
1311 2410 1389 2478 τῷ
1411 2410 1775 2466 ἀποδιδόναι.

212 2509 380 2572 Αὐτὸς
427 2509 531 2578 μὲν
583 2508 811 2571 ἐξέτεινε
845 2511 941 2578 τὴν
971 2506 1304 2579 παρεκτικὴν
1335 2507 1489 2576 χεῖρα
1517 2504 1624 2557 τῶν
1650 2505 1781 2570 ἀγα-

214 2601 318 2653 θῶν
350 2603 431 2665 εἰς
457 2601 520 2653 τὸ
555 2599 872 2671 μεταλαϐεῖν
908 2600 1100 2662 αὐτοὺς
1125 2599 1222 2669 τῆς
1254 2597 1528 2666 εὐλογίας·
1558 2597 1606 2649 oi
1635 2594 1690 2648 δὲ
1717 2595 1776 2646 οὐ

217 2692 371 2762 μόνον
393 2692 498 2745 οὐκ
523 2688 768 2755 ἐδέξαντο
793 2708 805 2720 ”
836 2689 968 2743 ἀλλὰ
995 2691 1088 2743 καὶ
1121 2688 1233 2757 τὴν
1255 2686 1544 2753 διαθήκην
1574 2683 1774 2748 ἐσεσή-

213 2783 442 2843 λωσαν,
478 2780 716 2850 δηλονότι
746 2778 842 2850 τὴν
876 2779 1250 2849 εὐαγγελικήν.

281 2873 752 2941 Διεμερίσθησαν
791 2870 908 2924 ἀπὸ
954 2869 1134 2938 ὀργῆς
1177 2869 1280 2922 τοῦ
1327 2866 1646 2936 προσώπου
1669 2867 1776 2918 αὐ-

216 2965 333 3019 τοῦ.
356 2963 577 3034 Ἐπειδὴ
608 2962 898 3032 κακοῦργοι
929 2963 1055 3033 περὶ
1081 2961 1170 3015 τὸν
1192 2961 1481 3032 εὐεργέτην
1499 2960 1774 3030 γεγόνασι,

215 3057 381 3130 ταύτῃ
411 3073 497 3109 τοι
529 3057 620 3108 κα)⁸
653 3057 730 3118 είς
754 3055 927 3109 πάντα
962 3054 1158 3124 ἄνεμον
1191 3054 1385 3117 αὐτοὺς
1413 3053 1774 3124 διεσκόρπισε.

215 3149 318 3201 Kal
367 3147 630 3216 ἤγγισαν
667 3151 724 3200 al
770 3146 997 3216 καρδίαι
1039 3145 1255 3200 αὐτῶν.
1304 3144 1471 3199 Πάλιν
1511 3146 1637 3216 περὶ
1685 3143 1776 3198 τοῦ

226 3239 391 3292 Ἰούδα
427 3239 519 3291 τὸν
550 3238 704 3306 λόγον
726 3236 1090 3290 ἀποτείνεται·
1129 3237 1205 3306 Τῇ
1226 3235 1439 3307 καρδίᾳ,
1471 3237 1622 3305 φησι,
1651 3251 1777 3286 κατ-

215 3329 432 3394 εδέξατο
463 3331 523 3382 τὸ
570 3327 856 3398 προδοῦναι
886 3326 1136 3396 Χριστόν.
1171 3325 1279 3378 Καὶ
1306 3325 1368 3395 δὴ
1401 3323 1589 3391 λόγους
1624 3339 1784 3394 προσ-

217 3423 406 3492 έφερεν
432 3419 673 3482 ἁπαλούς
700 3435 758 3471 τε
790 3419 884 3470 καὶ
904 3417 1099 3479 λείους,
1126 3415 1238 3468 ἀλλ’
1261 3410 1400 3486 ἦσαν
1423 3414 1620 3477 κακίας
1648 3414 1786 3485 πλή-

218 3531 346 3585 ρεις.
371 3512 530 3576 Τίνες
558 3511 614 3564 δὲ
650 3512 698 3563 οἱ
725 3510 870 3579 λόγοι
899 3509 932 3581 ἢ
961 3509 1042 3572 τὸ,
1072 3508 1265 3576 Χαῖρε,
1296 3505 1513 3570 'Pa6'6l,
1537 3506 1626 3560 ἐπὶ
1654 3523 1786 3578 προ-

216 3605 367 3678 δοσίᾳ
395 3605 688 3674 λεγόμενον
709 3620 724 3668 ;

294 3699 644 3766 Ἐπιζρῤιψον
678 3694 774 3748 ἐπὶ
800 3693 1015 3760 Κύριον
1055 3690 1169 3759 τὴν
1201 3690 1491 3759 μεριμνᾶν
1525 3704 1660 3751 σου,
1682 3690 1780 3744 καί

217 3792 396 3856 αὑτός
444 3804 518 3842 σε
564 3784 1111 3855 διαθρέψει.”ομοιον
1137 3782 1228 3834 τό·
1263 3783 1357 3849 Μὴ
1381 3782 1783 3851 μεριμνήσητε

218 3884 273 3937 τί
294 3882 548 3953 φάγητε,
578 3878 615 3948 ἢ
649 3878 703 3931 τι
725 3878 916 3944 πίητε,
950 3876 988 3944 ἢ
1017 3875 1074 3928 τι
1112 3874 1467 3940 ἐνδύσησθε.
1500 3877 1580 3928 Οὐ
1604 3874 1781 3928 δώσει

218 3973 301 4036 είς
324 3971 432 4023 τὸν
455 3965 638 4020 αίῶνιι
669 3963 863 4018 σάλον
898 3963 976 4028 τῷ
1008 3962 1226 4027 δικαίῳ.
1248 3963 1389 4016 Ἀντ)⁸
1413 3962 1528 4016 τοῦ·
1549 3963 1782 4017 Ἐκσπά-

221 4077 300 4113 σει
321 4059 450 4121 τοὺς
477 4056 714 4118 δικαίους
738 4056 796 4107 ὲν
825 4054 985 4107 παντὶ
1013 4052 1187 4125 καιρῷ
1217 4053 1324 4106 ἀπὸ
1361 4055 1539 4125 πάσης
1585 4057 1780 4108 ἐπανα-

221 4149 462 4210 στάσεως
487 4143 714 4216 ἐχθρῶν.

285 4240 368 4295 Σὺ
396 4238 487 4304 δὲ,
518 4241 550 4291 ὀ
572 4237 734 4302 Θεὸς,
762 4233 1034 4300 κατάξεις
1066 4236 1285 4303 αὐτοὺς
1315 4239 1401 4303 εὶς
1443 4236 1626 4305 φρέαρ
1666 4237 1782 4290 δια-

219 4330 459 4401 φθορᾶς.
513 4328 652 4390 Τοὺς
700 4328 1099 4391 ὲπαναστάντας
1141 4328 1380 4400 δηλονότι
1423 4329 1516 4382 καὶ
1566 4328 1779 4400 σταυρῷ

219 4423 576 4495 παραδόντας.
617 4419 795 4490 Φρέαρ
825 4418 933 4489 γὰρ
965 4418 1256 4489 διαφθορᾶς
1297 4421 1387 4473 τὸν
1431 4421 1561 4491 ᾅδην
1596 4419 1776 4490 φησίν.

223 4515 460 4582 Ἄνδρες
505 4512 765 4580 αΙμάτων
793 4509 890 4563 καὶ
924 4510 1265 4576 δολιότητος
1308 4513 1379 4564 οὐ
1419 4511 1504 4580 μὴ
1538 4513 1779 4582 οήμισεύ-

1885 2048 2078 2102 anima:
2136 2059 2265 2100 sum.
2314 2040 2447 2094 Nam
2504 2055 2627 2094 cum
2678 2040 2844 2094 semel
2895 2037 3191 2108 pretiosum
3239 2031 3444 2087 Christi

1884 2139 2197 2207 sanguinem
2222 2135 2561 2205 abnegat-int,
2590 2132 2681 2200 qui
2705 2139 2962 2198 acceptus
2993 2127 3094 2180 fuit
3117 2127 3168 2179 in
3198 2138 3443 2180 commu-

1886 2231 2138 2285 tationem
2171 2243 2266 2298 pro
2285 2227 2391 2280 vita
2417 2225 2624 2287 mundi,
2651 2238 2758 2277 non
2789 2223 2930 2275 ultra
2951 2217 3184 2287 suppetit
3211 2216 3446 2285 pretium

1885 2320 2294 2390 redemptionis.

1953 2415 2042 2468 2|.
2090 2410 2337 2464 Extendit
2390 2422 2602 2460 manum
2637 2419 2788 2458 suam
2828 2404 2883 2455 in
2925 2398 3277 2454 retribuendo.
3320 2395 3445 2466 Ipsa

1884 2507 2101 2578 quidem
2150 2501 2388 2557 extendit
2429 2513 2649 2552 manum
2695 2511 2849 2551 suam
2900 2493 3167 2548 bonorum
3214 2488 3447 2557 largitri-

1884 2615 1998 2655 cem
2049 2605 2107 2650 ut
2155 2595 2253 2664 ipsi
2309 2592 2644 2662 perciperent
2691 2584 3117 2642 benedictionem
3152 2602 3167 2647 ;
3198 2583 3273 2637 illi
3317 2593 3447 2637 ven)

1884 2707 1990 2744 non
2030 2689 2191 2742 modo
2224 2703 2330 2740 non
2363 2692 2702 2751 receperunt,
2741 2681 2832 2734 sed
2868 2679 3027 2732 etiam
3060 2677 3448 2730 contaminare-

1884 2789 2005 2834 runt
2031 2785 2421 2834 testamentum,
2454 2771 2664 2827 sciliCet
2688 2767 3082 2836 evangelicum.

1954 2875 2043 2928 92.
2089 2871 2252 2925 Divisi
2291 2880 2410 2922 sunt
2450 2865 2514 2918 ab
2555 2865 2637 2917 iru
2666 2861 2839 2915 vultus
2863 2859 2997 2926 ejus.
3042 2855 3330 2922 Quoniam,
3363 2852 3447 2906 in-

1883 2967 2019 3037 quit,
2071 2965 2122 3018 in
2169 2960 2566 3018 benefacturcm
2599 2953 2827 3023 improbi
2857 2959 2914 3006 et
2953 2947 3171 3016 maligni
3207 2945 3444 3008 fuerunt,

1885 3036 2004 3114 ideo
2026 3054 2309 3124 dissipavit
2347 3053 2469 3105 illos
2512 3050 2563 3102 in
2610 3061 2825 3100 onmem
2860 3052 3101 3097 ventum.
3147 3036 3214 3091 Et
3255 3050 3448 3105 appro-

1882 3155 2263 3221 pinquaverunt
2299 3143 2458 3197 corda
2496 3141 2731 3193 illorum.
2773 3137 3004 3192 Rursum
3045 3132 3110 3186 de
3152 3129 3290 3184 Juda
3333 3142 3448 3183 ser-

1885 3219 2099 3299 mortem
2137 3240 2370 3295 instituit
2401 3255 2413 3290 :
2440 3234 2637 3294 Corde,
2687 3231 2898 3300 inquit,
2945 3224 3203 3297 prodeundi
3242 3219 3447 3275 Christi

1886 3335 2172 3392 consilium
2204 3330 2439 3386 admisit.
2472 3326 2536 3382 Et
2575 3325 2791 3396 quidem
2837 3320 2974 3374 lenia
3000 3326 3054 3372 et
3084 3314 3276 3368 blanda
3317 3326 3446 3380 pro-

1885 3425 2110 3485 ferebat,
2135 3423 2226 3478 sed
2253 3438 2375 3490 quae
2408 3429 2593 3474 essent
2622 3414 2826 3470 malitia
2861 3412 3035 3482 plena.
3069 3406 3200 3474 Quae
3230 3405 3393 3458 verba
3428 3402 3448 3457 ἲ

1883 3516 1989 3572 nisi
2038 3514 2167 3568 illud
2209 3532 2224 3566 ;
2256 3513 2382 3576 Ave,
2413 3507 2579 3562 Rabbi
2612 3508 2682 3570 "',
2717 3503 2858 3575 quod
2898 3501 2953 3553 in
3001 3493 3277 3568 prodendo
3321 3507 3448 3562 pro-

1884 3608 2025 3662 tulit.

1951 3699 2042 3753 23.
2085 3696 2244 3749 laeta
2277 3707 2432 3756 super
2465 3689 2744 3744 Dominum
2779 3702 2961 3740 curam
2987 3691 3152 3745 tuam,
3179 3689 3226 3733 et
3252 3679 3364 3746 ipse
3397 3685 3446 3730 te

1881 3789 2124 3844 enutriet.
2161 3783 2350 3839 Simile
2398 3782 2528 3835 illud
2576 3800 2589 3835 :
2642 3777 2824 3833 Nolite
2871 3775 3086 3830 solliciti
3133 3787 3266 3833 esse,
3317 3769 3444 3839 quid

1882 3876 2285 3938 manducabitis,
2306 3873 2538 3944 autquid
2571 3871 2776 3933 bibetis,
2796 3878 2886 3922 aut
2913 3883 3013 3936 quo
3056 3860 3442 3933 opt'riemini".

1886 3965 2009 4019 Non
2074 3965 2221 4018 dabit
2276 3963 2331 4015 in
2386 3974 2636 4016 wternum
2669 3957 3060 4027 ﬂuctuationem
3085 3956 3255 4023 justo.
3275 3949 3445 4017 Quasi

1881 4060 2026 4112 dicat
2060 4076 2077 4112 :
2110 4055 2268 4111 Omni
2307 4063 2547 4122 tempore
2575 4052 2755 4121 juslos
2788 4049 3034 4104 extrahet
3062 4047 3130 4100 ab
3155 4045 3303 4100 omni
3339 4045 3439 4098 im-

1880 4158 2004 4219 petu
2042 4147 2409 4200 inimicorum.

1947 4239 2038 4293 ει.
2093 4237 2171 4290 Τιι
2198 4254 2330 4297 t'ero,
2372 4235 2530 4299 Deus,
2560 4232 2780 4286 deduces
2827 4244 2912 4283 eos
2949 4229 3005 4282 in
3029 4234 3242 4294 puteum
3281 4224 3442 4276 inter-

1879 4332 2006 4385 itus.
2030 4329 2133 4384 Eos
2154 4330 2355 4384 scilicet
2387 4329 2478 4395 qui
2520 4327 2881 4393 insurgerent,
2918 4328 2977 4374 ut
3013 4315 3442 4385 crucillgendum

1879 4423 2169 4476 traderent.
2209 4418 2436 4472 Puteum
2471 4415 2613 4468 enim
2659 4413 2910 4465 interitus
2957 4409 3228 4462 infernum
3265 4413 3442 4458 vocat.

1891 4513 2004 4567 Viri
2033 4512 2343 4580 sanguinum
2369 4517 2414 4561 et
2447 4506 2617 4560 dolosi
2648 4521 2746 4557 non
2779 4499 3133 4555 dimilliabuut
3160 4499 3270 4550 dies
3295 4512 3440 4549 suos.

219 4620 369 4660 σωσι
406 4604 515 4668 τὰς
535 4602 756 4671 ἡμέρας
789 4600 1244 4673 αὐτῶν.“Ανδρας
1272 4603 1512 4674 αἱμάτων
1539 4605 1662 4666 τοὺς
1687 4603 1776 4656 τὸν

1882 4605 2039 4660 Viros
2068 4603 2394 4672 sanguinunt
2429 4599 2560 4653 dicit
2601 4613 2696 4651 ens
2735 4597 2828 4665 qui
2866 4595 2988 4648 vitae
3022 4592 3320 4660 principem
3353 4588 3439 4640 in-

219 4699 457 4773 ἀρχηγὸν
499 4697 596 4766 τῆς
625 4693 767 4765 ξωῆς
811 4692 1232 4757 ἀποκτείναντας
1261 4711 1443 4765 φησιν,
1482 4695 1646 4748 οἱκαὶ
1673 4694 1774 4765 τῆς

220 4793 358 4862 ζωῆς
390 4792 452 4845 οὐ
486 4786 878 4859 πεπληρώκασι
907 4787 995 4840 τὸν
1018 4787 1226 4857 χρόνον,
1259 4791 1325 4859 τῇ
1364 4789 1643 4858 Ῥωμαίων
1670 4804 1773 4840 πα-

222 4883 528 4954 ραδοθέντες
564 4880 821 4952 μαχαίρᾳ.

218 4977 318 5043 Είς
344 4975 412 5028 τὸ
438 4971 794 5038 τέλος,ὐπὲρ
818 4969 925 5024 τοῦ
954 4967 1105 5023 λαοῦ
1125 4969 1242 5022 ἀπὸ
1260 4969 1377 5022 τῶν
1390 4970 1572 5038 ἁγίων
1590 4987 1771 5039 μεμα-

287 5063 644 5136 κρυιιμένου,
668 5061 749 5127 τῷ
772 5061 950 5114 Δαυτδ
976 5063 1062 5126 εις
1088 5062 1554 5129 στηλογραφίαν,
1591 5063 1769 5116 ὁπότε

293 5154 634 5225 ἐκράτησαν
653 5152 837 5207 αὑτὸν
859 5153 910 5204 ol
932 5151 1266 5218 ἀλλόφυλοι
1292 5150 1362 5205 ἐν
1384 5151 1519 5205 Γέθ.
1547 5151 1677 5207 NE'.

838 5242 1157 5307 Ὑπόθεσις.

220 5337 372 5392 Δαυῖδ
404 5352 619 5408 φευγων
649 5335 738 5388 τὸν
769 5333 940 5388 Σαοὺλ
982 5332 1104 5403 ἔσχε
1153 5333 1280 5396 τοὺς
1326 5335 1770 5390 συνακολουθοῦν-

281 5447 379 5493 τας
420 5429 567 5499 αὐτῷ
613 5426 807 5496 ἄνδρας
850 5424 1177 5489 ἑξακοσίους.
1212 5421 1342 5479 Εἶτα
1369 5430 1768 5498 παρερχόμενος

283 5524 360 5585 si;
382 5519 481 5574 ree
509 5519 792 5589 τετίμηται
822 5517 971 5588 παρὰ
991 5517 1096 5571 τῶν
1121 5515 1456 5586 ἀλλοφύλων·
1490 5520 1766 5592 ἀφώρισαν

281 5614 389 5684 γὰρ
420 5609 568 5680 αὐτῷ
600 5610 912 5680 οἰκητήριον
955 5611 1052 5665 τὴν
1096 5610 1340 5664 Σικελάν.
1360 5612 1700 5684 ’Λναφέροιτο
1723 5615 1766 5668 δ’

1879 4695 2223 4754 terfeeerunt,
2265 4693 2356 4762 qui
2392 4691 2550 4745 etiam
2582 4698 2795 4756 tempus
2822 4687 2942 4739 vitae
2980 4701 3093 4740 suae
3123 4698 3228 4738 non
3270 4681 3443 4751 perfe-

1877 4795 2090 4850 cerunt,
2114 4785 2482 4838 Romanorum
2512 4779 2690 4850 gladio
2714 4776 2917 4832 traditi.

1876 4968 1902 5022 1
1970 4965 2035 5020 1η
2067 4966 2246 5034 ﬁnem,
2293 4978 2386 5031 pro
2420 4961 2608 5030 populo
2645 4961 2735 5030 qui
2778 4975 2810 5011 a
2845 4955 3043 5011 sanctis
3071 4953 3221 5022 longe
3262 4949 3438 5018 factus

1945 5070 2045 5121 est,
2071 5059 2173 5127 ipsi
2199 5054 2371 5111 David
2396 5056 2449 5107 in
2487 5053 2630 5106 tituli
2667 5050 3086 5118 inscriptionem,
3122 5059 3239 5098 cum
3264 5052 3441 5095 tenue-

1946 5162 2069 5207 runt
2092 5167 2208 5205 eum
2236 5147 2486 5219 allophyli
2512 5148 2565 5199 in
2595 5144 2744 5198 Gelli.
2778 5142 2819 5194 L
2837 5140 2888 5198 ν,

2481 5240 2878 5308 Argumentum.

1874 5336 2042 5391 David
2091 5333 2305 5389 Saulcm
2339 5331 2574 5402 fugiens,
2603 5337 2888 5385 sexcentos
2932 5324 3080 5378 viros
3117 5317 3306 5374 habuit
3349 5330 3436 5370 se-

1945 5438 2175 5498 quentes
2226 5441 2303 5481 se.
2353 5423 2556 5479 Deinde
2592 5422 2864 5476 transiens
2897 5420 2950 5472 in
2991 5415 3150 5479 Geth,
3185 5426 3307 5466 eum
3339 5410 3436 5461 ho-

1938 5535 2070 5574 nore
2094 5518 2360 5587 excipitur
2384 5518 2451 5570 ab
2481 5515 2800 5584 alienigenis
2826 5533 2838 5567 ε
2868 5527 2992 5566 nam
3012 5511 3112 5578 ipsi
3139 5505 3433 5576 separatim

1947 5614 1999 5667 in
2021 5613 2354 5668 domicilium
2389 5610 2726 5664 tradiderunt
2744 5608 3040 5664 Siccium“.
3068 5601 3283 5659 Referri
3304 5599 3431 5654 item

299 5749 318 5783 ¹
346 5748 533 5803 Matth.
570 5761 681 5808 ut,
707 5745 798 5800 '58.
871 5745 914 5776 "
950 5743 1138 5800 Matth.
1170 5761 1320 5809 xsvr,
1355 5745 1442 5801 49.
1517 5749 1561 5780 ⁷³
1586 5749 1773 5810 Matth.
1808 5771 1882 5822 γι,
1925 5754 2012 5810 '5l.
2081 5751 2128 5785 ⁷⁸
2161 5747 2334 5820 lReg.
2371 5762 2539 5814 xxvu,
2566 5745 2689 5803 2-6.

293 5862 422 5935 (22‘)
460 5860 623 5919 Forte
657 5859 940 5930 συνῄεσαν,
972 5869 1025 5916 et
1053 5876 1176 5916 mox
1207 5863 1456 5933 ἐξαιρεῖν.
1489 5863 1641 5924 Eutr.
