4108 6508
638 455 746 514 255

1475 451 1530 508 S.
1574 452 1941 508 ATHANASII
1979 453 2127 509 OPP.
2164 453 2343 509 PARS
2377 452 2464 507 Ill.
2496 482 2567 495 —
2602 451 3007 509 EXEGETICA.

3744 453 3848 508 256

713 580 888 642 potest
916 571 1156 640 psalmus
1194 569 1260 624 ad
1298 586 1584 639 personam
1615 570 1885 637 Ecclesiae,
1909 587 2029 642 qua:
2061 573 2182 641 qni-

2359 571 2423 624 ἆν
2451 573 2478 624 ὁ
2509 571 2718 640 ψαλμὺς
2742 572 2832 623 καὶ
2859 572 2936 632 είς
2962 569 3247 638 πρόσωπον
3272 569 3368 639 τῆς
3401 568 3729 637 Ἐκκλησίας
3756 569 3852 638 τῆς

708 663 829 718 dem
859 664 985 717 olim
1017 663 1203 732 procul
1233 678 1262 716 a
1304 662 1504 717 sanctis
1536 664 1706 731 posita
1737 672 1876 726 erat,
1920 678 2030 732 quo
2055 673 2193 717 tem-

709 770 838 824 pore
870 764 982 807 erat
1015 752 1324 807 idololatria
1359 753 1567 818 dedita,
1608 767 1663 809 et
1705 756 2040 809 daemonibus
2085 770 2193 810 ser-

714 846 911 898 viebat.
949 843 1026 897 Eo
1056 855 1234 899 autem
1268 861 1298 899 a
1338 847 1708 914 spiritualibus
1750 848 2199 915 inimiciserepta

709 947 789 991 est
818 952 1060 1006 perenm
1093 937 1181 1004 qui
1210 954 1275 991 ex
1320 939 1527 992 semine
1556 937 1718 991 David
1748 939 2046 993 secundum
2077 953 2200 994 car-

711 1044 832 1081 nem
859 1029 1075 1094 prodiit,
1101 1029 1190 1096 qui
1226 1029 1422 1084 bellum
1459 1045 1554 1098 pro
1583 1031 1740 1084 nobis
1765 1031 1953 1099 gessit,
1973 1042 2024 1084 et
2043 1030 2198 1098 quasi

711 1117 764 1170 in
797 1117 954 1185 cippo
990 1119 1270 1171 victoriam
1309 1135 1405 1187 pro
1436 1120 1592 1174 nobis
1637 1130 1843 1188 partam
1891 1121 2198 1189 descripsit.

712 1205 864 1260 Tunc
893 1209 1035 1260 enim
1073 1223 1194 1260 eum
1221 1209 1534 1274 alienigena:
1560 1210 1762 1263 honore
1796 1208 2112 1275 aﬂ‘cccrunt,
2149 1210 2201 1264 id

713 1309 819 1359 εει,
879 1296 972 1365 qui
1033 1311 1100 1351 ex
1162 1299 1401 1367 gentium
1464 1315 1691 1353 numero
1752 1299 2098 1354 crediderunt
2147 1301 2201 1355 in

715 1400 860 1439 CUI“.

710 1477 764 1530 2.
808 1476 1051 1530 Miserere
1087 1479 1205 1543 mei,
1251 1477 1409 1542 Deus,
1461 1483 1706 1550 quoniam
1756 1485 2074 1538 conculcarit
2125 1503 2204 1540 me

641 1565 816 1617 homo.
858 1565 966 1618 Aut
1003 1566 1068 1619 de
1107 1565 1268 1621 Sanle
1308 1569 1438 1623 illud
1489 1570 1656 1625 David
1707 1574 1802 1638 ait,
1839 1585 1932 1628 aut
1982 1585 2202 1631 sanctus

642 1657 891 1726 quilibet.
933 1659 1003 1711 oh
1058 1673 1332 1713 aarumnas
1377 1677 1498 1730 quae
1541 1663 1595 1716 in
1632 1664 1732 1719 hac
1775 1666 1881 1719 vita
1926 1668 2199 1722 accidunt.

642 1747 969 1816 Plerumque
1020 1757 1200 1801 autem
1268 1751 1532 1820 contingit
1595 1761 1652 1806 nt
1694 1753 1964 1808 demissus
2022 1765 2204 1810 noster

644 1840 808 1893 homo
836 1841 938 1895 hoc
965 1841 1345 1910 gravissimum
1377 1844 1567 1895 subeat
1593 1843 1814 1910 bellum,
1848 1855 1956 1899 tota
1998 1846 2084 1899 die
2111 1863 2204 1915 per

2372 665 2536 717 πάλαι
2581 665 2677 733 μὲν
2721 665 2824 716 ἀπὸ
2862 663 2967 715 τῶν
3002 662 3168 728 ἁγίων
3213 662 3702 731 μεμακρυμμένης,
3732 661 3852 714 καθ’

2372 755 2429 807 δν
2472 754 2837 823 εἰδωλολάτρει
2883 752 3089 821 καιρὸν,
3117 752 3208 802 καὶ
3233 751 3581 819 δουλευούσης
3612 751 3850 822 δαίμοσι.

2385 845 2694 915 Ῥυσθείσης
2725 846 2780 898 δέ
2808 844 2914 897 τῶν
2948 844 3149 914 νοητῶν
3182 843 3388 914 ἐχθρῶν
3412 844 3499 897 διὰ
3519 843 3610 896 τοῦ
3640 845 3857 910 γεγονό-

2372 955 2462 1002 τος
2491 941 2552 990 ἐκ
2584 939 2889 1008 σπέρματος
2918 938 3010 989 τοῦ
3044 937 3181 989 κατὰ
3216 938 3389 1006 σάρκα
3423 937 3604 998 Δαυῖδ,
3632 937 3727 989 τοῦ
3763 939 3854 989 καὶ

2373 1030 2772 1100 πολεμήσαντος
2797 1029 2932 1099 ὑπὲρ
2955 1029 3129 1098 ἡμῶν,
3159 1029 3249 1080 καὶ
3278 1029 3460 1097 ὥσπερ
3488 1032 3542 1079 ἐν
3573 1029 3741 1101 στήλῃ
3761 1030 3854 1098 τὴν

2373 1120 2510 1190 ὑπὲρ
2543 1122 2573 1189 ἡ
2584 1119 2697 1189 μῶν
2735 1119 2889 1188 νίκην
2921 1118 3242 1190 γράψαντος.
3278 1118 3407 1171 Τότε
3437 1119 3544 1189 γάρ
3569 1120 3662 1171 καὶ
3693 1119 3857 1187 τιμῆς

2371 1213 2529 1266 αὑτὸν
2562 1215 2607 1266 ot
2639 1211 2922 1279 ἀλλόφυλοι
2956 1211 3209 1280 ἠξίωσαν,
3234 1212 3498 1264 τουτέστιν
3524 1214 3571 1262 oi
3598 1211 3656 1274 ἐξ
3690 1211 3856 1264 ἐθνῶν

2373 1304 2716 1365 πιστεύοντες
2751 1305 2827 1366 είς
2853 1302 3028 1355 αὐτόν,

2387 1480 2668 1547 Ἐλέησόν
2698 1499 2793 1548 με,
2824 1484 2856 1534 ὀ
2897 1481 3058 1544 Θεὸς,
3102 1480 3189 1532 ὅτι
3235 1479 3609 1546 κατεπάτησέ
3647 1495 3724 1547 με
3763 1480 3838 1531 ἄν

2304 1570 2630 1637 θρωπος.Ἢ
2682 1570 2807 1640 περὶ
2854 1568 2945 1620 τοῦ
2992 1567 3159 1620 Σαοὺλ
3209 1569 3236 1620 ὁ
3283 1568 3444 1619 ama
3485 1583 3668 1636 φησιν,
3704 1567 3736 1637 ἤ
3773 1566 3863 1618 καὶ

2304 1661 2454 1728 ἅγιος
2500 1663 2624 1723 πᾶς,
2653 1659 2739 1712 διὰ
2786 1660 2883 1722 τὰς
2928 1659 3132 1728 θλίψεις
3177 1658 3239 1722 ἃς
3290 1657 3500 1728 ἔχουσιν
3550 1660 3605 1710 ἐν
3649 1658 3728 1728 τῷ
3777 1659 3866 1711 κό-

2307 1769 2425 1822 σμῳ
2455 1751 2582 1820 (22).
2629 1750 2890 1811 Πολλάκις
2913 1749 2967 1802 δὲ
2993 1751 3085 1802 καὶ
3129 1751 3156 1801 ό
3187 1748 3366 1811 καθεὶς
3396 1748 3547 1818 ἡμῶν
3582 1748 3864 1819 ἄνθρωπος

2305 1844 2394 1896 τὸν
2439 1843 2672 1913 χαλεπὸν
2718 1841 2902 1894 τοῦτον
2949 1842 3238 1909 ὑφίσταται
3292 1841 3544 1910 πόλεμον,
3592 1841 3722 1911 ὃλην
3768 1842 3863 1908 τὴν

641 1929 903 1986 Satanam
950 1934 1328 2001 impngnatus,
1375 1944 1535 2002 atque
1570 1933 1638 1988 ab
1684 1937 1799 2005 ipso
1832 1912 2202 1993 conculcatus.

2316 1936 2516 2006 ἡμέραν
2543 1934 2687 2004 παρὰ
2720 1933 2812 1986 τοῦ
2843 1933 3054 1986 Σατανᾶ
3078 1933 3474 2002 πολεμούμενος
3503 1933 3593 1985 καὶ
3620 1933 3751 2002 παρ’
3774 1934 3866 1984 αὐ-

644 2022 793 2078 Licet
829 2024 973 2077 enim
1021 2025 1296 2077 hominem
1333 2025 1571 2093 psalmus
1610 2040 2021 2094 commemoret,
2069 2040 2207 2084 atta-

642 2130 767 2169 men
797 2116 971 2183 ipsum
997 2115 1253 2169 Satanam
1288 2117 1607 2185 plerumque
1635 2121 1685 2171 iu
1713 2119 1892 2172 divina
1927 2120 2206 2190 Scriptura

643 2207 1008 2268 nominatum,
1054 2215 1147 2260 aut
1194 2209 1428 2276 aliquem
1475 2225 1540 2261 ex
1586 2210 1703 2278 ejus
1743 2212 2208 2268 commilitonibus

643 2297 968 2352 subindicat.
1004 2296 1269 2349 (Ia-terum
1305 2298 1417 2350 haec
1452 2299 1522 2351 ab
1555 2298 1671 2366 ipso
1695 2301 1972 2367 gentilium
2009 2304 2208 2370 populo

642 2388 1019 2456 respondendo
1040 2388 1246 2441 cantari
1265 2401 1689 2442 consentaneum
1717 2400 1817 2450 est.
1839 2392 1930 2460 qui
1949 2392 2208 2446 diuturno

643 2484 884 2545 tempore
931 2492 1024 2545 per
1071 2477 1324 2530 Satanam
1378 2478 1633 2547 deceptus
1681 2496 1743 2534 ac
1806 2483 2208 2539 circumventus

644 2567 771 2630 fuit,
804 2568 1030 2638 ejusque
1061 2568 1262 2622 bellum
1308 2585 1401 2637 per
1433 2571 1739 2625 daemonum
1783 2573 2008 2627 insidias
2048 2575 2212 2628 susti-

645 2666 764 2719 nuit
796 2684 810 2720 :
841 2682 980 2734 quos
1005 2666 1055 2719 in
1083 2667 1433 2733 sequentibus
1468 2668 1710 2735 apertius
1742 2669 2071 2724 subindicat.

716 2758 768 2812 5.
805 2758 1252 2812 Conculcaverunt
1279 2776 1358 2812 me
1387 2760 1590 2813 inimici
1621 2763 1718 2814 mei
1747 2770 1854 2814 tota
1875 2762 1978 2815 die.
1999 2760 2212 2815 Sciebat

647 2852 863 2907 Saulem
923 2852 1149 2908 insidias
1196 2854 1298 2907 sibi
1341 2869 1554 2921 parare,
1601 2854 1983 2921 instigantibus
2025 2853 2212 2907 invisi-

647 2944 845 3015 bilibus
895 2944 1253 2999 daemonibus.
1317 2948 1424 2998 Aut
1493 2945 1621 2996 illud
1672 2945 1873 2998 indicat
1922 2946 2085 2997 :Non
2133 2953 2210 2997 est

646 3032 793 3086 nobis
825 3048 999 3100 pugna
1041 3049 1158 3083 cum
1204 3049 1358 3085 carne
1389 3044 1435 3085 et
1474 3034 1747 3102 sanguine,
1776 3033 1864 3085 sed
1907 3048 2024 3084 cum
2055 3033 2212 3100 spiri-

649 3122 878 3173 tualibus
923 3122 1164 3190 nequitiw
1208 3123 1260 3174 in
1303 3122 1594 3175 coelestibus
1635 3123 1703 3173 "'.
1749 3124 2010 3187 Quoniam
2059 3123 2213 3177 multi

647 3210 898 3265 bellantes
932 3214 1207 3265 adversum
1254 3229 1352 3276 me,
1406 3214 1469 3266 ab
1516 3215 1819 3267 altitudine.
1865 3213 2087 3266 Etiamsi
2135 3213 2210 3265 ir-

649 3320 924 3375 rnnipant,
965 3307 1156 3376 inquit,
1192 3308 1284 3360 sed
1330 3321 1423 3374 spe
1460 3308 1535 3358 tai
1559 3307 1744 3374 {fretus
1779 3321 1968 3360 omnes
1992 3320 2216 3373 supera-

650 3399 740 3454 bo.
788 3396 914 3453 Hac
951 3400 1094 3452 enim
1134 3414 1253 3466 spes
1291 3407 1494 3451 tantam
1533 3399 1664 3452 mihi
1713 3400 1898 3453 tribuit
1943 3397 2215 3452 fortitudi-

651 3506 797 3556 nem,
842 3499 901 3544 ut
952 3506 1046 3545 eos
1087 3492 1179 3558 qui
1227 3493 1358 3547 mihi
1401 3492 1585 3547 hostes
1631 3492 1760 3547 olim
1802 3501 1956 3546 erant
1995 3489 2216 3544 minime

652 3580 1021 3637 reformidem.

724 3672 776 3726 5.
833 3669 896 3725 In
924 3672 1027 3726 Deo
1056 3671 1282 3725 laudabo
1326 3686 1586 3723 sermones
1634 3685 1794 3722 meos.
1842 3669 1924 3721 Ab
1957 3669 2214 3737 inimicis,

654 3765 847 3834 inquit,
884 3765 1022 3819 bello
1050 3764 1336 3833 appetitus,
1369 3773 1426 3816 ut
1456 3762 1588 3814 nihil
1617 3761 1777 3815 ledar
1806 3776 1955 3814 arma
1986 3762 2216 3830 sumpsi,

654 3869 934 3911 sermones
967 3871 1115 3909 meos
1149 3869 1338 3907 omnes
1380 3855 1434 3905 in
1476 3853 1686 3906 cantica
1739 3856 1976 3905 converti
2023 3860 2076 3905 et
2112 3849 2220 3905 Deo

655 3945 856 4004 ohtnli,
888 3960 1146 4010 spemque
1196 3945 1248 3995 in
1297 3945 1444 3995 illum
1500 3943 1762 3997 collocavi
1804 3961 1816 3996 :

657 4037 922 4088 universae
948 4035 1128 4088 carnis
1159 4036 1408 4088 timorem
1430 4033 1587 4102 ejcci.

1865 3942 2219 4011 quamobrem

727 4211 778 4267 6.
801 4212 932 4266 Tota
961 4212 1044 4265 die
1071 4213 1222 4264 verba
1242 4227 1352 4262 mea
1374 4211 1805 4263 exsecrabantur.
1842 4204 1953 4275 Ego
1978 4206 2222 4274 quidem,

658 4304 754 4357 ait.
784 4312 893 4356 tota
933 4303 1020 4356 die
1067 4302 1229 4354 verba
1278 4315 1395 4354 mea
1442 4302 1549 4353 Deo
1594 4298 1929 4362 oll'erebam;
1980 4297 2058 4349 illi
2095 4311 2224 4349 vero

659 4410 766 4446 non
793 4393 948 4446 [luem
977 4392 1240 4446 faciebant
1275 4402 1383 4445 tota
1412 4394 1499 4445 die
1529 4391 1753 4446 curandi
1777 4400 1832 4444 ut
1853 4391 2055 4444 tualnm
2091 4389 2224 4443 mihi

658 4482 977 4554 inlligerent.
1033 4483 1406 4536 lnlmbitubunt
1455 4493 1502 4536 et
1567 4484 1902 4547 abscondent,
1953 4485 2054 4550 ipsi
2115 4483 2225 4536 cal-

2305 2025 2398 2078 τοῦ
2445 2025 2795 2094 πατούμενος.
2849 2023 2911 2076 Et
2954 2023 3061 2093 γὰρ
3111 2025 3202 2076 καὶ
3251 2022 3533 2092 ἀνθρώπου
3582 2026 3609 2076 ὁ
3656 2023 3865 2092 ψαλμὸς

2307 2118 2728 2186 ἐμνημόνευσεν,
2762 2114 2876 2168 ἀλλ’
2902 2116 3048 2185 ὅμως
3091 2129 3183 2167 τον
3215 2116 3454 2167 Σατανᾶν
3485 2115 3665 2173 αὑτὸν,
3695 2116 3754 2165 ὲν
3800 2117 3862 2182 τῇ

2308 2207 2426 2277 θεία
2454 2208 2639 2277 Γραφῇ
2671 2207 2928 2268 πολλάκις
2961 2205 3369 2276 ὀνομαζόμενον⁴
3408 2207 3439 2276 ἦ
3467 2224 3584 2258 τινα
3613 2205 3723 2258 τῶν
3756 2206 3869 2258 ἐκεῖ

2310 2300 2743 2369 στρατευομένων
2790 2300 3103 2352 αἰνίττεται.
3140 2299 3282 2369 Πιλὴν
3334 2299 3543 2352 καὶτὸν
3590 2298 3716 2350 λαὸν
3761 2298 3866 2352 τῶν

2308 2391 2471 2443 ἐθνῶν
2503 2390 2673 2444 ταῦτα
2696 2390 3018 2459 ύποψάλλειν
3041 2391 3152 2460 (:25)
3181 2390 3452 2461 ἁρμόδιον,
3485 2389 3660 2460 χρόνῳ
3691 2387 3867 2460 πολλῴ

2311 2481 2413 2532 ὑπὸ
2445 2479 2534 2532 τοῦ
2562 2480 2769 2532 Σατανᾶ
2797 2479 3160 2550 ἀπατηθέντα,
3191 2480 3282 2532 καὶ
3314 2480 3402 2532 τὸν
3434 2481 3561 2553 παρ’
3582 2479 3746 2532 αὑτοῦ
3779 2481 3871 2532 τιό-ο

2310 2571 2365 2623 λε
2376 2590 2470 2641 μον
2501 2571 2588 2624 διὰ
2618 2572 2715 2640 τῆς
2743 2571 2848 2627 τῶν
2876 2571 3140 2640 δαιμόνων
3173 2572 3459 2640 ἐπιϐουλῆς
3484 2573 3868 2641 ὑπομείναντα,

2311 2662 2404 2725 οὓς
2436 2664 2493 2714 ἐν
2524 2665 2633 2723 τοῖς
2663 2661 2789 2728 ἑξῆς
2827 2663 3155 2730 σαφέστερον
3185 2661 3381 2732 ἔφησεν
3414 2663 3798 2730 αἰνιττόμενος.

2382 2750 2810 2816 Κατεπάτησάν
2827 2769 2902 2819 με
2927 2755 2978 2804 οἱ
3015 2752 3212 2819 ἐχθροί
3245 2771 3362 2821 μου
3406 2753 3554 2819 ὅλην
3590 2752 3705 2818 τὴν
3731 2755 3872 2821 ἠμε-

2303 2842 2626 2912 ρανοᾜδει,
2655 2845 2735 2895 ὅτι
2770 2845 2936 2898 Σαιῦλ
2973 2845 3358 2898 ἐπεϐούλευσεν
3403 2845 3546 2914 αύτῷ
3578 2843 3872 2914 ἐνηχούμε-

2312 2949 2400 2995 νος
2453 2933 2603 3003 παρὰ
2644 2934 2748 2985 τῶν
2799 2935 3043 3005 ἀοράτων
3083 2935 3450 3005 δαιμόνων.“11
3492 2936 3585 2988 καὶ
3629 2937 3711 2998 τὸ,
3756 2939 3873 2988 Οὐκ

2312 3025 2482 3078 ἔστιν
2523 3025 2665 3093 ἡμῖν
2706 3027 2741 3092 ἡ
2782 3027 2942 3093 πάλη
2975 3026 3120 3093 πρὸς
3145 3022 3285 3094 aljta
3323 3027 3417 3078 καὶ
3462 3025 3675 3092 σάρκα,
3705 3026 3872 3095 δηλοῖ,

2313 3117 2470 3170 ἀλλὰ
2513 3117 2661 3182 πρὸς
2696 3118 2766 3170 τὰ
2806 3120 3171 3185 πνευματικὰ
3206 3117 3314 3184 τῆς
3352 3119 3639 3184 πονηρίας
3659 3117 3729 3168 ἐν
3753 3117 3874 3186 τοῖς

2313 3207 2832 3274 ἑποῳανιόις.”οτι
2877 3209 3091 3261 πολλοὶ
3119 3211 3172 3261 οἱ
3203 3207 3606 3277 πολεμοῦντές
3641 3225 3718 3277 με
3756 3209 3871 3265 ἀπὸ

2314 3297 2530 3365 ὕψους.
2547 3299 2712 3351 Εἰκαὶ
2725 3299 3128 3362 ἐπανίστανται,
3153 3299 3335 3368 φησιν,
3366 3298 3477 3351 ἀλλ’
3503 3300 3718 3369 ήττήσω
3739 3298 3864 3354 πόν-

2314 3406 2411 3452 τας
2436 3391 2669 3454 ἐλπίζων
2698 3392 2789 3443 ἐπὶ
2823 3393 2900 3444 σέ.
2933 3391 3078 3460 Λῦτη
3104 3393 3209 3462 γάρ
3240 3409 3328 3462 μοι
3358 3394 3390 3461 ἡ
3424 3390 3574 3453 ἐλπὶς
3612 3389 3876 3461 τοσαύτην

2319 3484 2470 3552 ἰσχὺν
2509 3473 2796 3552 παρέσχεν,
2828 3483 2903 3543 ὠς
2935 3483 3058 3543 τοὺς
3089 3483 3252 3534 πάλαι
3293 3479 3658 3550 πολεμοῦντας
3685 3480 3762 3548 μὴ
3789 3481 3875 3533 δε-

2316 3574 2548 3626 δοικέναι
2581 3590 2667 3642 με.

2400 3662 2594 3728 Ἐντῷ
2631 3663 2750 3728 Θεῷ
2776 3663 3070 3718 ἐπαινέσω
3111 3664 3251 3732 τοὺς
3287 3666 3506 3734 λόγους
3538 3681 3676 3734 μου.
3718 3664 3879 3719 Πολε-

2323 3757 2588 3828 μούμενος
2620 3758 2768 3828 παρὰ
2797 3757 2903 3810 τῶν
2931 3756 3156 3829 ἐχθρῶν,
3186 3758 3338 3829 φησὶ,
3367 3755 3674 3819 καθοπλίξω
3712 3757 3879 3827 ἐμαν-

2319 3852 2409 3904 τὸν
2439 3854 2515 3914 εἰς
2543 3853 2601 3904 τὸ
2629 3853 2788 3922 μηδὲν
2814 3852 3000 3904 παθεῖν
3027 3851 3211 3915 κακὸν,
3231 3850 3382 3911 ὅλους
3403 3851 3528 3911 τοὺς
3553 3847 3744 3916 λόγους
3778 3864 3876 3917 μου

2323 3943 2523 4014 ὕμνους
2553 3944 2719 3995 ποιῶν
2751 3945 2842 3996 καὶ
2869 3942 3136 4005 ἀνατιθεὶς
3168 3941 3243 4012 τῷ
3273 3941 3411 4012 Θεῷ,
3447 3939 3536 3994 καὶ
3562 3941 3663 4011 τὴν
3692 3939 3879 3992 ἐλπίδα

2321 4035 2406 4086 ἐπ’
2437 4034 2583 4104 αὐτῷ
2621 4034 2935 4102 ποιούμενος
2955 4051 2966 4062 ·
3005 4032 3083 4085 διὸ
3115 4033 3206 4084 καὶ
3237 4032 3413 4102 πάσης
3440 4032 3637 4102 σαρκὸς
3663 4031 3766 4096 ἔξω
3788 4030 3878 4083 τδν

2323 4125 2483 4195 φόϐον
2517 4125 2696 4178 ἐποιού
2707 4142 2831 4194 μην.

2394 4217 2578 4282 Ὅλην
2621 4214 2734 4282 τὴν
2765 4213 2986 4282 ἡμέραν
3025 4213 3166 4279 τοὺς
3195 4214 3413 4282 λόγους
3442 4229 3560 4280 μου
3599 4211 3878 4264 ἐΰδελυσ-

2324 4323 2526 4360 σοντο.
2546 4304 2683 4373 Ἐγὼ
2715 4305 2829 4374 μὲν,
2865 4305 3050 4374 φησὶν,
3081 4305 3207 4375 ὅλην
3235 4304 3331 4374 τὴν
3358 4303 3566 4373 ἡμέραν
3603 4301 3877 4358 ἀνετίθουν

2323 4396 2449 4459 τοὺς
2471 4395 2654 4461 λόγους
2693 4411 2791 4463 μου
2821 4393 2898 4464 τῷ
2921 4393 3069 4464 Θεῷο
3104 4393 3255 4447 αύτοί
3295 4393 3351 4444 δὲ
3391 4393 3451 4444 οὐ
3485 4392 3748 4446 διέλειπον
3775 4394 3878 4445 πᾶ-

2328 4504 2424 4540 σαν
2453 4485 2661 4558 ἡμέραν
2695 4485 2813 4537 κατ’
2836 4485 2966 4555 ἐμοῦ
2990 4485 3085 4556 τὴν
3116 4482 3346 4553 σπουδὴν
3377 4483 3580 4535 ἑαυτῶν
3616 4483 3882 4539 συντιθέν-

659 4592 876 4630 caueant
902 4592 1072 4629 meum
1102 4575 1465 4628 observabant.
1498 4573 1654 4637 Illud,
1685 4575 2080 4636 inhabitabant,
2100 4589 2214 4641 pro,

2322 4593 2412 4640 τες
2435 4579 2513 4639 εἰς
2540 4573 2702 4628 κακά.
2749 4568 3206 4642 Παροικήο-ουσι
3231 4573 3326 4625 καί
3369 4575 3877 4641 κατακρύψουσιν,

659 4670 1132 4736 congregabantur,
1164 4669 1400 4738 positum
1424 4677 1524 4721 est.
1547 4664 1670 4718 llrcc
1699 4674 1978 4718 estautem
2004 4675 2220 4720 senten-

661 4763 767 4814 tia:
803 4759 900 4822 Ita,
937 4762 1130 4828 inquit,
1163 4771 1272 4814 tota
1298 4759 1384 4814 die
1417 4760 1469 4811 in
1499 4774 1563 4811 eo
1586 4773 1801 4827 operam
1837 4759 2129 4827 ponebant,
2164 4765 2222 4809 ut

659 4855 801 4908 dicta
826 4853 876 4905 in
909 4867 992 4904 me
1022 4859 1442 4910 connnorcrent,
1473 4867 1769 4920 onmesqne
1796 4866 1982 4903 eorum
2015 4849 2223 4918 cogita-

657 4946 834 5000 tiones
876 4953 1063 4999 contra
1099 4961 1182 4998 me
1221 4946 1590 5005 vertebantur,
1625 4953 1683 4996 ut
1731 4951 1987 4997 curarent
2028 4953 2221 4992 omnes

661 5055 767 5092 una
807 5039 1095 5093 convenire
1138 5048 1297 5107 atque
1347 5041 1482 5093 clam
1525 5038 1576 5090 in
1625 5052 1710 5091 me
1757 5035 2218 5103 conspirationem

661 5132 913 5191 conﬂare,
990 5130 1083 5183 sed
1119 5145 1216 5182 nec
1258 5128 1519 5182 hactenus
1563 5127 1756 5181 sistere
1802 5127 2066 5194 gradum,
2112 5123 2223 5177 imo

660 5223 824 5275 etiam
854 5221 1164 5273 ealeaueum
1202 5235 1401 5285 meum,
1433 5220 1482 5272 id
1519 5229 1603 5274 est
1634 5219 1758 5272 vita:
1794 5233 1927 5271 mea:
1956 5215 2221 5269 rationein

661 5314 935 5369 curiosius
965 5314 1276 5378 observare,
1295 5313 1342 5368 si
1375 5311 1650 5381 quomodo
1681 5320 1902 5380 possent
1932 5323 2018 5363 me
2042 5309 2227 5360 detur-

663 5407 810 5462 bare.
849 5409 1024 5476 Atque
1083 5407 1309 5477 vestigia
1345 5422 1462 5460 mea
1524 5406 1737 5459 curiose
1783 5399 2224 5468 considerabant,

663 5514 989 5568 quocunque
1012 5500 1131 5554 loco
1155 5499 1479 5564 incederem,
1498 5508 1555 5551 ut
1578 5511 1662 5550 me
1680 5493 2224 5565 comprehenderent.

734 5677 779 5706 "
826 5677 1020 5746 Ephes.
1053 5693 1122 5738 vr,
1158 5679 1248 5732 12.

738 5833 846 5906 (ΞΩ)
877 5837 933 5890 1η
963 5836 1025 5892 n.
1059 5838 1112 5905 ε,
1140 5837 1390 5894 tribuitur
1424 5831 1704 5901 Hesychia.

2323 4668 2491 4721 αὐτοὶ
2520 4667 2632 4734 τὴν
2663 4667 2922 4735 πτέρναν
2935 4683 3051 4735 μου
3072 4663 3431 4732 φυλάξουσι.
3473 4665 3564 4726 Τὸ,
3600 4663 3884 4731 παροική-

2324 4775 2526 4822 σουσι,
2573 4759 2692 4810 ἀντὶ
2734 4758 2849 4821 τοῦ,
2894 4755 3398 4825 συναχθήσονται,
3432 4755 3686 4810 τέθειται.
3723 4757 3781 4810 Ὀ
3827 4757 3882 4809 δί

2325 4849 2448 4913 νοῦς
2489 4844 2639 4912 οὗτος
2661 4867 2672 4879 ·
2708 4851 2880 4908 Ούτω,
2908 4849 3060 4919 φησὶ,
3085 4849 3172 4902 διὰ
3202 4849 3378 4917 πάσης
3411 4848 3623 4919 ἡμέρας
3659 4848 3882 4918 ἐσχόλα-

2328 4939 2419 5005 ζον
2443 4943 2566 5004 τοῦς
2601 4943 2719 4995 κατ’
2749 4941 2880 5013 ἐμοῦ
2911 4941 3100 5009 λόγους
3131 4940 3420 5003 κινοῦντες,
3453 4939 3544 4991 καὶ
3580 4940 3687 5001 πᾶς
3723 4941 3749 4992 ὁ
3774 4939 3883 4992 δια-

2324 5033 2574 5104 λογισμὸς
2621 5035 2795 5088 αύτῶν
2841 5037 2957 5087 κατ’
2983 5033 3116 5105 ἐμοῦ
3170 5034 3398 5101 ἐγίνετο,
3441 5033 3515 5095 ὡς
3561 5032 3882 5095 σπουδάζειν

2327 5126 2651 5194 συνάγεσθαι
2679 5128 2872 5189 αὐτοὺς
2897 5127 3031 5196 ὁμοῦ
3059 5128 3150 5180 καὶ
3191 5126 3448 5199 λαθραίας
3489 5123 3759 5177 ποιεῖσθαι
3788 5124 3880 5186 τὰς

2324 5220 2443 5270 κατ’
2474 5218 2606 5287 ἐμοῦ
2641 5219 2856 5280 σκευὰς,
2881 5220 2974 5271 καὶ
3007 5219 3079 5289 μὴ
3114 5218 3272 5290 μέχρι
3308 5218 3492 5272 τούτου
3516 5218 3730 5287 χωρεῖν,
3750 5214 3886 5268 ἀλλα

2326 5311 2418 5363 καὶ
2449 5309 2894 5381 περιεργάζεσθαί
2947 5329 3045 5380 μου
3088 5311 3184 5382 τὴν
3228 5312 3479 5380 πτέρναν,
3513 5307 3756 5360 τουτέστι
3789 5306 3883 5380 τὴν

2330 5400 2423 5454 τοῦ
2458 5400 2568 5470 βίου
2600 5403 2839 5474 πορείαν,
2875 5405 2925 5455 at
2953 5420 3065 5466 πως
3098 5404 3438 5466 σκελισαντες
3479 5398 3751 5469 δυνηθεῖεν
3783 5414 3882 5450 κα-

2332 5491 2583 5547 ταϐαλεῖν
2613 5512 2696 5566 με.
2728 5496 2834 5546 Καὶ
2876 5495 2943 5547 τὰ
2970 5496 3088 5567 ἴχνη
3131 5495 3187 5548 δέ
3234 5512 3333 5566 μου
3365 5495 3702 5564 παρετήρουν
3730 5489 3883 5544 ὁποῖα

2395 5826 2502 5896 (25)
2534 5825 2665 5881 Vide
2696 5824 2969 5880 Onomast.
