4108 6488
209 460 303 514 257

1278 456 1641 514 EXPOSITIO
1678 457 1745 514 IN
1784 457 2110 516 PSALMUM
2150 460 2279 517 LVI.

210 581 490 652 βαδίζοιμι,
524 582 615 636 ἴνα
641 580 1001 637 ἐπιλάϐωνται
1046 597 1166 652 μου.
1210 581 1317 633 Καὶ
1355 579 1528 634 ταῦτα
1568 580 1664 650 μὲν
1708 581 1755 634 oi

1860 578 1926 634 Et
1957 581 2072 636 hac
2109 581 2326 651 quidem
2371 582 2407 636 ii
2451 583 2542 652 qui
2573 599 2660 638 me
2705 585 2901 640 l'rnstra
2949 584 3404 656 persequebantur

210 676 373 744 μάτην
405 673 696 737 διώκοντες
727 675 843 726 κατ’
863 673 996 743 ἐμοῦ
1024 672 1313 743 ἔπραττον
1368 673 1431 726 σὺ
1463 671 1541 737 δὲ,
1569 671 1755 744 Κύριε,

206 768 236 836 ἡ
265 768 366 839 ἐμὴ
399 766 579 829 ἐλπὶς.
612 767 711 836 ἐμὲ
752 766 849 837 μὲν
880 765 978 835 τῆς
1005 764 1185 819 ἀδίκου
1218 764 1396 816 αὐτῶν
1422 764 1758 834 κατασκευῆς

207 858 388 928 ῥῦσαι·
438 859 640 920 αὐτοὺς
685 858 742 910 δὲ
789 856 1055 928 μετελθὼν
1083 859 1147 925 τῇ
1174 855 1368 908 σαυτοῦ
1413 857 1546 927 ὀργῇ
1592 856 1758 910 κατά-

205 950 347 1004 ἀιλε.

278 1061 331 1112 '0
373 1061 539 1126 Θεὸς,
571 1059 685 1128 τὴν
712 1059 860 1125 ζωήν
874 1077 992 1129 μου
1030 1056 1350 1127 dmin-sulci
1373 1072 1490 1111 σοι.
1537 1059 1758 1129 Παρρη-

207 1153 318 1205 σίαν
342 1154 513 1220 ἄγων,
551 1155 706 1223 φησι,
734 1154 825 1206 καὶ
854 1153 926 1224 μὴ
951 1151 1399 1223 ἐπαισχυνόμενος
1425 1153 1490 1222 τῇ
1522 1149 1754 1220 ὲμαυτοῦ

205 1243 329 1314 ζωῇ.
352 1244 560 1315 ταύτην
595 1261 675 1297 σοι
713 1245 888 1298 πᾶσαν
917 1243 1218 1315 ὲξήγγειλα.
1244 1245 1314 1296 Σὺ
1337 1243 1392 1296 δὲ
1415 1242 1758 1313 ἀποδεχόμε-

204 1354 284 1402 νος
315 1338 483 1408 αὐτὴν
510 1337 583 1390 τὰ
613 1338 820 1408 δάκρυά
848 1354 947 1408 μου
971 1338 1070 1390 οὐκ
1099 1334 1300 1390 ἀπώσω
1321 1352 1336 1366 ·
1370 1335 1502 1389 ἀλλὰ
1525 1336 1630 1406 πρὸ
1649 1335 1754 1388 τῶν

205 1429 304 1482 σὼν
333 1429 630 1499 ὀφθαλμῶν
653 1429 769 1482 ἔθου
791 1429 946 1491 αὐτὰ,
971 1428 1320 1498 πιστούμενος
1339 1427 1437 1498 τὴν
1461 1427 1558 1498 σὴν
1581 1430 1754 1494 ἐπαγ-

203 1520 381 1586 γελίαν
433 1520 536 1591 τὴν
593 1520 882 1588 λέγουσαν·
925 1522 1045 1574 Ἔτι
1082 1521 1195 1574 σοῦ
1238 1520 1571 1585 λαλοῦντος
1611 1518 1750 1588 ἐρῶο

216 1614 350 1668 Ἰδοὺ
385 1613 644 1682 πάρειμι.
678 1615 765 1668 Διὸ
794 1614 1121 1679 συνέϐαινεν,
1155 1613 1286 1684 ἐμοῦ
1315 1613 1751 1683 εἰσακουομένου,

203 1706 318 1767 τοὺς
349 1705 583 1774 ἐχθρούς
614 1722 714 1775 μου
746 1708 822 1768 είς
851 1705 918 1759 τὰ
948 1705 1118 1758 ὀπίσω
1145 1707 1442 1777 ἀναχωρεῖν
1461 1722 1474 1735 ·
1504 1705 1626 1758 ὅθεν
1647 1722 1752 1776 φη-

206 1794 288 1862 μξο
333 1795 435 1848 Ἐν
458 1790 499 1866 ᾗ
524 1795 604 1849 ἂν
639 1796 822 1864 ἡμέρᾳ
847 1795 1286 1866 ἐπικαλέσωμαι
1315 1813 1404 1853 σε.

1857 671 2142 726 adversum
2187 688 2273 728 me
2317 676 2718 743 perpetrabant.
2764 675 2843 730 Tu
2884 685 3098 742 autem,
3147 675 3402 745 Domine,

1859 776 1983 830 spes
2015 777 2154 825 mea,
2185 779 2272 819 me
2313 766 2530 835 quidem
2565 768 2632 821 ab
2668 783 2732 822 ea
2763 768 2960 835 injusta
3003 767 3405 836 conspiratione

1854 849 2044 918 libera,
2095 853 2241 923 ipsos
2286 865 2468 909 autem
2514 857 2756 922 adortus,
2807 866 2900 910 tua
2956 857 3128 927 ipsius
3186 859 3265 912 ira
3311 859 3406 914 de-

1854 942 2034 998 turba.

1925 1053 1976 1107 7.
2021 1053 2180 1118 Deus,
2205 1057 2364 1108 citam
2397 1071 2564 1110 meam
2595 1059 2900 1110 annuntiari
2942 1059 3053 1112 tibi.
3103 1059 3403 1127 Fiduciam,

1852 1149 2046 1218 inquit,
2075 1148 2298 1213 habens,
2336 1163 2433 1202 nec
2477 1150 2676 1218 pudore
2711 1151 2831 1203 vita:
2858 1166 2985 1203 mea:
3018 1150 3259 1214 aﬂ‘ectus,
3285 1167 3403 1208 eam

1855 1240 1950 1294 tibi
1995 1251 2157 1294 totam
2223 1238 2546 1294 renuntiavi.
2601 1239 2680 1294 Tu
2732 1250 2907 1294 autern
2958 1256 3074 1294 eam
3132 1253 3403 1311 adeptam

1854 1333 2079 1400 habens,
2121 1334 2386 1405 lacrymas
2415 1350 2564 1390 meas
2603 1350 2709 1388 non
2751 1336 3015 1402 repulisti,
3049 1336 3140 1391 sed
3179 1336 3403 1405 posuisti

1852 1435 1976 1480 ante
2009 1427 2195 1480 oculos
2238 1435 2378 1491 tuos,
2426 1438 2568 1480 tuam
2613 1431 2941 1482 conﬁrmans
2988 1431 3403 1498 promissionem

1852 1530 1972 1584 qua:
1995 1516 2070 1570 ait
2095 1517 2140 1548 ⁷⁸
2172 1534 2185 1570 :
2218 1515 2287 1570 Te
2311 1518 2481 1571 adhuc
2520 1518 2757 1590 loquente
2783 1520 2953 1572 dicant
2985 1519 3160 1574 :Ecce
3193 1523 3400 1575 adsum.

1852 1605 2211 1673 Quamobrem
2243 1611 2487 1681 contigit,
2509 1621 2565 1665 ut
2597 1627 2718 1666 cum
2755 1627 2839 1666 me
2868 1614 3175 1678 exaudires,
3198 1613 3401 1668 inimici

1852 1699 1960 1751 mei
1992 1707 2137 1752 retro
2169 1700 2442 1755 cederent.
2505 1699 2657 1757 Unde
2687 1702 2809 1756 dico
2838 1719 2851 1755 :
2881 1702 2946 1755 In
2980 1718 3280 1773 quacunque
3317 1703 3402 1756 dia

1853 1792 2152 1844 invocarem
2180 1800 2246 1844 te.

280 1905 779 1976 Ἐπιστρέψουσιν
799 1911 852 1961 οἱ
874 1909 1073 1977 ἐχθροί
1086 1928 1202 1979 μου
1229 1913 1315 1977 είς
1338 1911 1408 1965 τὰ
1436 1912 1638 1965 ὀπίσω.
1657 1910 1755 1963 Αὑ-

1926 1904 2012 1958 10.
2057 1903 2427 1957 Convertentur
2468 1902 2668 1954 inimici
2723 1902 2822 1954 mei
2876 1913 3179 1958 retrorsum.
3244 1904 3395 1976 Ipsis,

203 2003 306 2061 τοῖς
350 2001 556 2071 ἔργοις,
592 2001 742 2069 φησὶ,
779 2000 1105 2072 παρείληφα,
1141 2002 1232 2054 καὶ
1278 2003 1444 2069 ἔγνων
1492 2002 1748 2074 ἀκριϐῶς,

204 2091 276 2143 ὅτι
307 2093 404 2144 οὐκ
433 2094 528 2144 ἐπὶ
559 2093 820 2165 ματαίῳή
846 2093 1029 2157 ἐλπίς·
1060 2093 1193 2147 ἀλλὰ
1222 2094 1351 2149 Θεὸν
1376 2094 1562 2166 βοηθὸν
1590 2097 1752 2167 ἐκτη-

205 2185 393 2254 σάμην.

278 2299 372 2351 Ἐν
394 2299 550 2370 ἐμοὶ,
578 2301 610 2353 ό
650 2298 811 2364 Θεὸς,
834 2297 1022 2367 εὐχαί,
1055 2299 1128 2364 ἀς
1160 2299 1448 2354 ἀποδώσω
1472 2298 1754 2367 αίνέσεώς

204 2407 330 2446 σου.
349 2393 568 2463 Ἐπειδὴ
601 2394 700 2464 τῆς
734 2393 831 2463 σῆς
859 2392 1165 2464 οἰκονομίας
1197 2393 1432 2463 ἠξίωσας
1462 2395 1628 2464 ἡμᾶς,
1659 2411 1755 2464 φη·

205 2481 272 2542 σὶ,
299 2484 392 2536 καὶ
419 2483 652 2546 ἔσωσας.
686 2483 738 2536 τί
765 2481 1207 2554 ἀνταποδώσομέν
1239 2501 1340 2547 σοι,
1375 2483 1408 2555 ἢ
1449 2482 1635 2548 Θυσίας
1667 2487 1752 2538 ai-

208 2572 426 2636 θέσεως
463 2575 588 2626 Ὅτι
608 2573 836 2642 ἐρῤύσω
869 2574 984 2642 τὴν
1002 2576 1210 2644 ψυχήν
1240 2593 1357 2644 μου
1385 2576 1453 2629 ἐκ
1476 2575 1753 2632 θανάτου.

211 2662 301 2715 Γοῦ
346 2662 565 2732 νοητοῦ,
614 2663 765 2734 φησι,
793 2665 1034 2717 τουτέστι
1062 2663 1161 2735 τῆς
1187 2665 1454 2732 ἀγνωσίας
1485 2666 1584 2736 τῆς
1629 2665 1754 2736 περὶ

205 2753 348 2806 θεοῦ.
381 2754 494 2809 Kal
523 2753 662 2820 τοὺς
691 2754 877 2820 πόδας
899 2772 1017 2824 μου
1046 2752 1162 2808 ἀπὸ
1198 2750 1611 2823 ὀλισθήματος.
1643 2754 1752 2824 Τῆς

204 2845 469 2917 ἁμαρτίας
513 2845 677 2915 λέγει,
709 2845 846 2914 αῦτη
890 2845 996 2917 γὰρ
1043 2843 1340 2918 κατέφερεν
1383 2847 1462 2908 είς
1508 2843 1750 2898 θάνατον.

207 2933 604 3004 Εὑαρεστήσω
653 2933 903 2987 ἐνώπιον
941 2932 1163 3002 Κυρίου
1208 2935 1278 2988 ὲν
1317 2935 1464 3004 φωτί
1507 2934 1749 2995 ζώντων.

210 3026 266 3079 Ὀ
302 3027 410 3099 γὰρ
439 3027 662 3100 ρυσθεὶς
699 3026 796 3097 τῆς
824 3027 1096 3098 ἁμαρτίας
1125 3027 1218 3079 καὶ
1244 3026 1478 3099 καθαρὸς
1504 3027 1754 3081 ἀποτελε-

203 3116 363 3182 σθεὶς,
405 3114 564 3182 οὗτος
595 3119 652 3172 ὲν
679 3117 756 3188 τῷ
782 3117 1022 3189 μέλλοντι
1051 3117 1203 3172 αἰῶνι
1229 3119 1287 3171 ὲν
1311 3120 1376 3189 τῇ
1404 3116 1510 3170 τῶν
1540 3117 1752 3181 ζώντων

1855 1997 2048 2067 inquit,
2079 1997 2333 2065 operibus
2372 1998 2553 2064 accepi
2593 2005 2949 2065 accurateque
2980 1998 3126 2058 novi,
3170 2014 3277 2052 non
3301 2013 3396 2054 va—

1852 2105 1975 2142 nam
2007 2105 2125 2143 esse
2152 2103 2298 2157 spem
2342 2103 2516 2141 meam
2560 2103 2573 2138 :
2617 2089 2711 2142 sed
2753 2087 2920 2142 Deum
2971 2105 3056 2144 me
3098 2090 3402 2160 adjutorem

1853 2180 2071 2234 habere.

1923 2289 2103 2354 ΕΛΖ).
2139 2287 2204 2342 In
2230 2306 2308 2342 me
2327 2288 2632 2352 sunt,Deus,
2651 2299 2764 2342 vota
2789 2300 3021 2360 tua,qua:
3047 2290 3263 2344 reddam
3283 2291 3402 2346 lau-

1850 2378 2078 2432 dationis
2113 2380 2225 2433 tibi.
2251 2379 2694 2448 Quandoquidem
2731 2389 2821 2433 tua
2862 2395 2960 2434 nos
2994 2381 3292 2434 (economia
3315 2381 3401 2434 di-

1852 2480 2046 2540 gnatus
2073 2485 2150 2533 es,
2187 2471 2382 2539 inquit,
2421 2479 2475 2523 et
2518 2470 2746 2524 salutem
2795 2472 2952 2526 nobis
2979 2472 3238 2538 tribuisti,
3270 2473 3402 2543 quid

1852 2556 2212 2610 retribuemus
2242 2557 2360 2618 tibi,
2395 2557 2499 2610 nisi
2529 2557 2734 2612 hostias
2763 2557 2980 2612 laudis?
3015 2560 3275 2624 Quoniam
3299 2563 3403 2618 eri-

1851 2649 2011 2718 puisti
2054 2649 2285 2701 animam
2316 2664 2481 2701 nteant
2533 2647 2596 2700 de
2652 2658 2835 2703 morte.
2864 2646 3161 2718 Spirituali,
3197 2651 3396 2720 inquit,

1851 2754 1972 2808 qua
1998 2749 2082 2793 est
2123 2739 2426 2810 ignorantia
2472 2737 2585 2793 Dei.
2642 2738 2711 2792 Et
2756 2739 2909 2807 pedes
2944 2756 3078 2793 meos
3123 2741 3185 2794 de
3222 2742 3397 2812 lapsu.

1851 2830 2063 2886 Peccati
2102 2832 2328 2898 scilicet,
2362 2833 2537 2901 ipsum
2582 2831 2726 2885 enim
2774 2830 3006 2898 conjecit
3050 2831 3102 2885 in
3147 2841 3397 2888 mortem.

1852 2923 2077 2978 Placebo
2120 2940 2297 2977 coram
2347 2923 2565 2976 Domino
2614 2922 2670 2975 in
2714 2922 2908 2974 lumine
2957 2923 3255 2977 viventium.
3296 2921 3397 2993 Qui

1851 3015 1994 3070 enim
2042 3031 2070 3071 a
2117 3023 2338 3084 peccato
2380 3014 2640 3068 liberatus
2671 3020 2774 3079 est,
2815 3020 2870 3067 et
2901 3013 3134 3068 mundus
3162 3022 3244 3068 est
3274 3012 3399 3069 etle-

1851 3116 1994 3169 ctus,
2035 3106 2122 3160 hic
2168 3106 2221 3160 in
2271 3104 2456 3159 futuro
2502 3104 2699 3160 saeculo
2741 3103 2794 3157 in
2841 3104 3060 3173 regione
3103 3104 3400 3161 viventium

205 3209 346 3281 χώρᾳ
391 3210 747 3282 εῦαρεστήσει
784 3209 860 3280 τῷ
895 3209 1100 3281 Κυρίῳ.
1131 3209 1235 3263 Τοῦ
1283 3210 1340 3264 δὲ
1393 3209 1648 3282 ρυσθῆναι
1688 3211 1752 3263 ὲκ

1855 3195 2083 3252 Domino
2125 3196 2375 3266 placebit.
2411 3194 2566 3262 Quod
2598 3204 2776 3250 autem
2812 3194 3106 3264 eripiantur
3136 3209 3165 3248 a
3203 3205 3397 3260 morte,

204 3271 422 3356 θανάτου
454 3271 551 3356 καὶ
576 3271 994 3372 ἔλέυθερωυθῆναί
1019 3271 1125 3355 ἀπὸ
1151 3301 1250 3372 τῆς
1274 3271 1562 3375 ἁμαρτίας,
1600 3303 1752 3375 μερί-

1853 3290 2144 3345 liberemur
2187 3304 2218 3344 a
2256 3298 2497 3358 peccato,
2545 3295 2750 3356 partem
2807 3284 3105 3341 habeamus
3155 3286 3207 3340 in
3259 3295 3400 3349 terra

205 3392 260 3446 δα
286 3393 342 3447 δὲ
371 3393 522 3463 σχεῖν
553 3392 646 3445 καὶ
687 3393 744 3444 ὲν
787 3394 851 3464 τῇ
900 3391 1008 3445 τῶν
1040 3390 1254 3456 ζώντων
1295 3391 1465 3464 χώρᾳ,
1497 3394 1750 3464 πρόξενος

207 3485 324 3557 ἡμῖν
357 3485 583 3554 γέγονεν
607 3486 641 3554 ἡ
662 3483 752 3536 τοῦ
776 3483 975 3554 Κυρίου
1007 3483 1290 3556 παρουσία.
1315 3484 1403 3538 Διὸ
1418 3484 1510 3537 καὶ
1535 3487 1751 3552 στηλο-

206 3579 410 3647 τραφία
429 3576 510 3642 τῷ
527 3575 704 3630 Δαυτδ
730 3576 1134 3648 ἀναγέγραπται
1157 3577 1186 3629 ὀ
1215 3575 1440 3648 ψαλμός.

199 3692 298 3755 Είς
317 3691 381 3742 τὸ
403 3689 601 3753 τέλος,
619 3687 704 3756 μὴ
726 3687 1065 3757 διαφθείρῃς
1083 3686 1188 3740 τὸν
1207 3686 1404 3751 Δαυτδ,
1429 3689 1514 3753 είς
1533 3689 1750 3754 orndo-

263 3780 544 3848 τραφίαν,
573 3779 641 3831 ἐν
669 3775 748 3842 τῷ
778 3775 1236 3845 ἀποδιδράσκειν
1276 3774 1391 3828 ἀπὸ
1430 3773 1749 3841 προσώπου

269 3871 466 3926 Σαοὺλ
494 3873 583 3936 εἰς
616 3867 682 3922 τὸ
705 3867 1023 3934 σπήλαιον.
1055 3869 1355 3922 ΨΑΛΜΟΣ
1389 3866 1532 3932 NG".

821 3957 1137 4022 Ὑπόθιςσις⁸

204 4053 410 4123 Φεύγων
439 4054 534 4107 τὸν
575 4049 745 4105 Σαοὺλ
774 4051 803 4102 ὁ
832 4048 991 4103 Δαυῒδ
1016 4047 1271 4101 διώκοντα
1311 4043 1470 4119 ἦλθεν
1504 4048 1581 4111 είς
1613 4047 1750 4118 σπή-

265 4143 410 4196 λαιον
452 4140 592 4213 μετὰ
629 4138 836 4209 ἀνδρῶν
875 4135 1254 4208 τετρακοσίων,
1283 4136 1370 4189 ὅτι
1415 4137 1508 4189 καὶ
1551 4136 1648 4207 τὴν
1673 4135 1749 4188 δι-

267 4234 452 4289 πλοΐδα
498 4231 594 4286 τοῦ
643 4228 932 4300 πτερυγίου
976 4228 1133 4298 ἔτεμε
1177 4226 1269 4280 τοῦ
1303 4225 1490 4280 Σαούλ.
1529 4227 1659 4280 Τότε
1690 4225 1747 4280 δὶ

265 4325 360 4380 καὶ
383 4325 476 4380 τὸν
505 4321 718 4395 ψαλμὸν
743 4321 877 4393 ᾅδει.
895 4319 1244 4391 Ἀναφέρεται
1263 4319 1319 4372 δὲ
1345 4318 1436 4372 καὶ
1459 4320 1537 4382 είς
1557 4317 1626 4372 τὰ
1653 4336 1750 4373 πε-

266 4411 559 4483 πραγμένα
582 4409 720 4479 ὑπὲρ
744 4407 898 4480 ἡμῶν
917 4405 994 4477 τῷ
1018 4407 1254 4478 Χριστῷ,
1277 4409 1364 4462 ὅτε
1396 4407 1482 4462 ἐπ’
1509 4409 1748 4479 ἐσχάτων

263 4505 370 4560 τῶν
388 4503 617 4576 ἡμερῶν
641 4501 822 4572 ὀφθεὶς
850 4500 984 4572 μετὰ
1020 4500 1218 4571 σαρκὸς
1256 4502 1346 4555 ἐπὶ
1385 4501 1477 4572 τῆς
1505 4502 1607 4573 τῆς
1639 4503 1746 4556 ἀπ.

1851 3381 2164 3444 viventium,
2214 3378 2264 3431 id
2306 3378 2464 3432 nobis
2503 3378 2812 3434 conciliavit
2855 3377 3067 3432 Domini
3110 3378 3393 3434 adventus.

1847 3469 2206 3538 Quamobrem
2239 3469 2378 3525 tituli
2415 3470 2694 3541 inscriptio
2727 3470 2830 3542 ipsi
2871 3469 3038 3524 David
3079 3469 3396 3527 inscribitur

1847 3561 2112 3633 psalmus.

1849 3668 1901 3725 1.
1941 3667 2009 3723 1η
2032 3669 2209 3738 ﬁnem,
2235 3683 2297 3722 ne
2320 3667 2586 3736 disperdas
2618 3665 2807 3732 David,
2837 3666 2893 3720 in
2928 3668 3068 3722 tituti
3107 3669 3374 3741 inscriptio

1919 3777 2078 3828 nent,
2123 3776 2240 3813 cum
2283 3760 2482 3831 fugeret
2518 3775 2552 3812 α
2600 3759 2736 3828 facis
2781 3758 2959 3815 Saulis
2980 3761 3032 3816 in
3075 3762 3391 3832 speluncam.

2369 3849 2604 3906 ΡεΑικ
2617 3847 2704 3904 US
2733 3849 2775 3902 L
2791 3849 2883 3903 γι.

2422 3943 2819 4012 Argumentum.

1847 4035 2014 4091 David
2043 4035 2408 4103 insequentem
2436 4032 2652 4087 Saulem
2687 4031 2898 4102 fugiens
2921 4031 3066 4086 venit
3086 4031 3138 4086 in
3174 4045 3392 4103 speiun-

1915 4143 2034 4184 cam
2066 4143 2187 4184 cum
2233 4125 2361 4182 viris
2391 4123 2821 4196 quadringentis,
2851 4125 3068 4193 quando
3094 4126 3395 4184 vcstiment:

1917 4219 2095 4276 Saulis
2127 4234 2280 4274 oram
2329 4217 2636 4272 exscidit".
2666 4213 2818 4270 Tunc
2859 4224 3036 4270 autem
3069 4216 3212 4271 hunc
3250 4218 3394 4287 psal-

1920 4325 2069 4366 mum
2117 4309 2331 4374 cecinit,
2386 4308 2476 4378 qui
2531 4305 2760 4361 rel‘ertur
2804 4305 2965 4360 ctiam
3025 4307 3090 4360 ad
3142 4322 3204 4362 ea
3269 4323 3390 4378 qua

1918 4410 2168 4458 nostrum
2185 4400 2353 4470 gratia
2385 4397 2633 4453 Christus
2659 4396 2883 4468 peregit,
2918 4411 3039 4452 cum
3063 4398 3117 4452 in
3154 4400 3386 4454 novissi-

1917 4493 2021 4549 mis
2062 4493 2253 4548 diebus
2285 4507 2407 4547 cum
2441 4506 2603 4546 carne
2642 4493 2788 4545 visus
2816 4489 2870 4543 in
2905 4497 3046 4544 terra
3088 4493 3390 4561 corruptio-

1916 4597 2034 4637 nem
2058 4581 2232 4652 abegit
2259 4596 2289 4635 a
2313 4578 2485 4634 nobis.

1923 4698 1981 4753 2.
2022 4696 2267 4753 Miserere
2300 4697 2420 4760 mei,
2440 4693 2598 4759 Deus,
2628 4694 2869 4747 miserere
2900 4691 3018 4745 mei.
3044 4689 3121 4744 Ex
3160 4702 3388 4758 persona

1851 4786 2201 4843 humanitatis
2249 4785 2519 4839 canticum
2580 4782 2678 4852 ipsi
2730 4781 2906 4836 oﬂ'ert.
2962 4776 3219 4843 Quoniam
3248 4777 3303 4829 in
3342 4787 3392 4830 te

264 4595 464 4670 ήλασεν
490 4593 645 4666 ἡμῶν
670 4594 766 4666 τὴν
798 4593 1018 4666 φθοράν.
1773 4598 1819 4654 ι)

274 4708 562 4777 Ἐλέησόν
584 4724 681 4777 με,
712 4709 745 4761 ό
769 4705 931 4772 Θεὸς,
953 4706 1213 4773 ἐλέησόν
1224 4723 1319 4776 με.
1335 4706 1430 4760 Ἐκ
1458 4703 1743 4778 προσώπου

203 4800 292 4871 τῆς
326 4801 423 4855 ἀνθ
433 4799 742 4874 ρωπότητος
767 4799 864 4870 τὴν
889 4800 968 4862 είς
992 4797 1150 4852 αὐτὸν
1179 4797 1447 4870 ὑμνῳδίαν
1483 4796 1747 4869 προσέφε-

207 4891 435 4961 ρεν.”οτι
476 4891 545 4944 ἐν
582 4889 679 4944 σοί
720 4888 960 4943 πέποιθε
997 4889 1036 4956 ἠ
1074 4885 1242 4957 ψυχή
1267 4905 1404 4956 μου,
1430 4887 1527 4946 και
1566 4887 1636 4940 ἐν
1671 4884 1747 4955 τῇ

1852 4880 2069 4949 conﬁdit
2091 4880 2269 4932 anima
2296 4893 2429 4943 inea,
2451 4886 2500 4930 et
2522 4877 2577 4930 in
2601 4876 2786 4929 umbra
2810 4875 3016 4926 alarum
3037 4880 3248 4923 tuarum
3273 4883 3389 4937 spe-

203 4959 337 5050 σκιᾷ
372 4981 494 5036 τῶν
529 4982 830 5052 πτερύγων
855 4994 970 5034 σου
989 4977 1359 5042 ἐλπιῶ.Ἕθος
1380 4982 1445 5051 τῇ
1475 4978 1592 5050 θείᾳ
1612 4979 1750 5050 Γρα-

1852 4973 1996 5026 rabo.
2024 4970 2139 5024 Mos
2164 4978 2248 5024 est
2266 4969 2458 5023 divinae
2478 4965 2768 5036 Scriptura:
2797 4964 3046 5018 virtutem
3089 4959 3178 5014 Dei
3209 4960 3389 5026 inspe-

204 5077 271 5145 φῇ
301 5075 576 5146 πτέρυγας
608 5051 792 5127 καλεῖν
838 5070 937 5142 τὴν
986 5069 1340 5140 ἑπισκοπικὴν
1385 5069 1610 5142 δύναμιν
1653 5069 1752 5124 τοῦ

1852 5065 2066 5120 etricem
2113 5062 2226 5117 alas
2272 5073 2603 5127 nuncupare,
2627 5057 2780 5126 juxta
2804 5056 3003 5110 dictum
3039 5051 3165 5146 illud
3193 5067 3206 5102 :
3239 5051 3386 5146 Quo-

203 5137 347 5232 θὲοῦ,
556 5165 616 5218 τὸ
657 5137 936 5238 εἰρημένον
955 5179 969 5196 ο
1016 5160 1276 5228 Ποσάκις
1299 5137 1582 5230 ’ἠθέλησα
1623 5161 1750 5214 tint-

1852 5157 1942 5209 ties
1964 5153 2102 5209 uolui
2123 5166 2433 5223 congregare
2467 5147 2604 5218 ﬁlios
2645 5158 2780 5211 tuos,
2818 5141 3248 5241 quemadmodum
3275 5137 3387 5241 gal-

205 5229 557 5329 ονναγατεῒν
579 5256 651 5311 τὰ
684 5229 864 5310 τέκνα
892 5271 1008 5310 σου
1055 5252 1128 5307 ὃν
1170 5253 1389 5322 τρόπον
1433 5229 1594 5320 ὅρνις
1620 5250 1747 5304 ἐπι-

1852 5245 1956 5300 lina
2002 5252 2275 5314 congregat
2322 5239 2492 5309 pullos
2537 5252 2658 5292 suos
2693 5235 2789 5290 sub
2828 5234 2940 5289 alas
2981 5232 3044 5285 ".
3079 5229 3133 5284 In
3164 5230 3388 5334 auxilii):

205 5316 452 5426 συνάγεί
479 5350 551 5407 τὰ
579 5348 801 5403 νοσσία
829 5345 1014 5413 αὐτῆς
1033 5343 1150 5398 ὑπὸ
1173 5316 1278 5409 {in
1626 5340 1750 5395 Ἐπὶ

1852 5335 2043 5404 inquit,
2064 5342 2157 5388 tuo
2186 5347 2336 5401 spem
2367 5329 2556 5384 habeo.
2581 5325 2755 5380 Donec
2781 5330 3011 5379 transeat
3032 5320 3302 5392 iniquitas.
3332 5316 3388 5372 Id

204 5450 264 5518 τῇ
417 5441 512 5499 οὖν
559 5437 796 5514 βοηθείᾳ,
829 5437 979 5510 φησι,
1011 5435 1110 5508 τὴν
1144 5433 1331 5520 ἐλπίδα
1357 5431 1642 5504 ἔχω.Ἕως
1673 5425 1745 5486 οὗ

1853 5435 1957 5490 est,
1991 5427 2163 5482 donec
2190 5422 2420 5478 Satanas
2445 5435 2512 5475 ex
2546 5418 2722 5474 medio
2747 5416 2983 5484 tollatur,
3011 5431 3075 5471 ac
3116 5427 3236 5486 qua
3262 5425 3389 5466 cum

493 5536 532 5603 ἠ
559 5503 796 5601 iii-opta.
814 5503 1116 5589 Τουτίπιν,
1142 5524 1246 5588 ἕως
1271 5518 1336 5579 οὗ
1368 5503 1432 5577 in
1465 5523 1628 5594 piceo
1657 5522 1748 5591 γέ-

1853 5519 1946 5574 illo
1977 5524 2105 5573 sunt
2130 5513 2377 5584 maligna
2401 5517 2714 5584 potestates.

207 5646 352 5698 νηται
381 5632 412 5683 6
439 5624 683 5689 Σατανᾶς
719 5620 814 5676 καὶ
839 5621 897 5674 αἱ
928 5621 1023 5674 σὺν
1049 5617 1197 5674 αὺτῶ
1221 5616 1474 5686 δυνάμεις
1497 5617 1552 5670 αἱ
1577 5631 1744 5686 πονη-

210 5721 307 5791 ραι.

272 5911 316 5945 ’⁸
339 5909 436 5966 lsa.
469 5922 624 5967 svnt.
650 5901 703 5958 9.
780 5897 866 5953 "l
904 5897 1033 5972 Reg.
1067 5910 1210 5962 ssiv,
1237 5897 1290 5961 4,
1328 5896 1377 5951 5.
1457 5895 1503 5929 "
1529 5893 1713 5949 Matth.
1746 5905 1898 5954 mn,
1934 5889 2015 5946 31.
