4108 6490
706 453 812 514 259

1537 456 1595 511 8.
1630 451 2001 509 ATHANASII
2041 451 2189 508 Ol’P.
2234 449 2412 505 PARS
2449 448 2538 504 111.
2579 478 2646 488 —-
2685 448 3100 506 EXEGETICA.

3802 454 3903 510 260

773 575 827 628 3.
862 571 1115 626 Clamabo
1140 572 1207 625 ad
1233 570 1395 627 Deum
1423 573 1766 637 altissimum,
1800 571 1964 624 Deum
1991 571 2077 638 qui
2108 570 2257 622 bene-

2423 565 2788 634 Κεκρὰεομαι
2823 566 2970 634 πρὸς
3016 567 3122 619 τὸν
3165 568 3313 619 Θεὸν
3357 567 3466 620 τὸν
3502 568 3786 636 ὕψιστον,
3810 571 3908 623 τὸν

703 665 824 734 fecit
863 665 1011 718 milii.
1047 662 1372 726 Conlitehor,
1403 665 1596 733 inquit.
1628 675 1677 717 et
1715 665 1912 733 gratias
1947 663 2040 715 tibi
2092 662 2256 715 benc-

703 753 892 808 {actori
930 754 1162 807 reddam.
1204 753 1454 806 Misit-de
1499 754 1625 806 caelo
1662 765 1708 806 et
1743 754 1980 806 liberavit
2015 768 2108 803 me.
2146 750 2253 804 Do-

701 846 830 898 mini
855 845 1134 897 adventum
1160 855 1340 911 aperte
1367 844 1634 912 pr:etlic:tt.
1668 842 1816 895 Dedit
1841 845 1892 893 iu
1921 839 2253 908 opprobrium

704 935 1058 987 conculcatus:
1091 950 1188 986 me.
1224 933 1540 1002 Spirituales
1569 935 1807 987 videlicet
1837 941 1890 985 et
1913 931 2253 985 adversm-ias

701 1035 1012 1093 potestates.
1048 1023 1397 1096 [Bent-licium
1450 1041 1578 1094 ergo
1621 1024 1880 1093 praebeas,
1911 1033 1971 1076 ut
2000 1022 2130 1076 mihi
2174 1021 2252 1074 la-

702 1116 872 1171 crltas
901 1119 970 1172 sit
999 1117 1210 1171 dicendi
1254 1133 1374 1170 cum
1412 1116 1679 1177 facultate.
1713 1127 1762 1170 te
1791 1117 1856 1171 de
1895 1118 2033 1171 coelo
2069 1126 2248 1172 nostra

700 1212 1004 1278 respicere:
1039 1221 1090 1264 et
1120 1219 1304 1264 nostra
1330 1210 1543 1274 quidem
1588 1211 1858 1264 ineliorem
1897 1212 1948 1263 iu
1985 1211 2247 1264 conditio-

697 1314 817 1352 nem
846 1300 1152 1362 deduxisse,
1193 1316 1274 1355 res
1299 1311 1476 1355 autem
1502 1301 1936 1355 adversariorum
1972 1313 2162 1357 contra
2193 1303 2246 1356 in

695 1392 1042 1460 opprobrium
1072 1392 1347 1448 detulisse.
1373 1396 1478 1446 Aut
1500 1394 1566 1446 de
1601 1394 1771 1448 salute
1799 1393 2054 1462 loquitur,
2083 1410 2244 1463 quam

695 1493 1018 1537 consecutus
1043 1493 1122 1536 cst
1148 1487 1200 1537 in
1227 1485 1514 1552 spelunca:
1537 1485 1753 1552 quando
1784 1484 2060 1538 inimicum
2086 1499 2244 1538 suum

695 1576 748 1628 in
778 1584 1088 1644 potestatem
1117 1577 1341 1644 arctepit,
1361 1575 1446 1628 cui
1474 1576 1633 1627 etiam
1665 1576 1918 1642 pepercit.
1949 1573 2100 1639 Quod
2125 1575 2246 1643 qui-

695 1669 814 1718 dem
852 1666 902 1718 in
932 1665 1312 1719 contumeliam
1347 1665 1503 1717 vertit
1529 1664 1576 1716 ei
1603 1664 1692 1731 qui
1721 1663 2017 1731 periculum
2048 1664 2240 1724 evasit,

695 1765 878 1824 utpote
922 1755 1012 1825 qu—i
1063 1756 1322 1809 servatori
1372 1769 1471 1808 suo
1517 1753 1740 1806 insidias
1787 1751 2061 1822 strueret.]
2097 1750 2244 1805 Misit

691 1844 830 1899 Dcus
862 1847 1272 1899 misericordiam
1300 1861 1446 1898 suam
1475 1853 1523 1896 et
1554 1845 1819 1897 veritatem
1845 1860 2014 1896 suam.
2044 1843 2246 1898 Miseri-

691 1939 870 1993 cordia
899 1948 952 1991 et
986 1938 1183 1991 veritas
1215 1936 1390 1990 Patris
1421 1935 1588 1991 Filius
1621 1945 1722 1990 est.

760 2031 812 2084 5.
847 2030 912 2082 Et
951 2035 1140 2095 eripuit
1181 2032 1410 2082 animam
1445 2046 1610 2083 meum
1637 2030 1699 2081 de
1740 2027 1905 2080 medio
1949 2026 2246 2080 catulorum

2364 658 2510 712 Θεὸν
2536 659 2641 711 τὸν
2665 657 3134 727 εὐεργετήσαντά
3155 675 3250 726 με.
3269 657 3754 731 Ἐξομολογήσομαι
3771 702 3786 724 ,
3815 679 3914 732 φη-

2363 750 2434 813 σί,
2463 752 2552 803 καὶ
2595 751 2939 820 εὐχαριστίας
2979 749 3230 818 ἀναθήσω
3275 767 3354 802 σοι
3383 751 3458 821 τῷ
3491 752 3752 826 εὐεργέτῃ
3789 771 3907 823 μου.

2372 840 2820 904 Ἐξαπέστειλεν
2844 841 2911 904 ἐξ
2953 841 3229 908 cepas-oi"),
3257 841 3353 894 καὶ
3382 842 3576 896 ἔσωσέ
3594 860 3688 912 με.
3723 845 3911 912 Σαφῶς

2357 933 2453 1004 τὴν
2479 931 2700 985 κάθοδον
2723 932 2815 984 τοῦ
2845 933 3045 1002 Κυρίου
3076 931 3618 1003 κηρύσσει.”Εδωκεν
3645 937 3732 1000 είς
3760 935 3909 988 ὄνει-

2357 1024 2462 1090 δος
2507 1023 2647 1088 τοὺς
2692 1023 3174 1090 καταπατοῦντας
3195 1042 3288 1093 με.
3322 1026 3430 1088 Ti;
3456 1028 3649 1097 νοητὰς
3674 1028 3910 1097 δηλονότι

2358 1116 2450 1169 καὶ
2483 1115 2856 1185 ἀντικειμένας
2883 1116 3154 1186 δυνάμεις.
3187 1115 3620 1188 [Παρὰσχουοοῦν
3640 1119 3738 1189 τὴν
3765 1121 3909 1190 εὐερ-

2356 1209 2560 1277 γεσίαν,
2609 1210 2692 1261 ἵνα
2730 1209 2821 1280 ἐξῇ
2872 1226 2962 1279 μοι
3007 1209 3182 1275 λέγειν
3213 1210 3349 1279 μετά
3382 1212 3711 1282 παρρησίας,
3737 1213 3818 1265 ὃτι
3851 1213 3906 1278 ἐξ

2354 1301 2583 1374 οὐρανοῦ
2617 1303 2821 1365 ὲπείδες
2860 1304 2924 1357 τὰ
2967 1303 3086 1358 καθ’
3120 1306 3293 1374 ἡμᾶς’
3327 1321 3420 1358 και
3446 1304 3512 1357 τὰ
3544 1304 3641 1372 μὲν
3669 1303 3907 1373 ἡμέτερα

2353 1394 2662 1466 διωρθώσω,
2685 1396 2750 1448 τὰ
2773 1396 2826 1448 δὲ
2849 1395 2954 1448 τῶν
2968 1395 3171 1467 ἐχθρῶν
3191 1395 3324 1466 πρὸς
3351 1395 3646 1464 ὀνειδισμὸν
3679 1395 3903 1464 ἧγαγες.

2352 1488 2420 1539 Ἦ
2444 1488 2514 1558 δὴ
2537 1488 2634 1558 τὴν
2662 1488 2930 1558 σωτηρίαν
2958 1488 3140 1556 φησὶν,
3230 1485 3404 1557 ἐσώθη
3437 1487 3494 1538 ὲν
3519 1484 3598 1555 τῷ
3649 1485 3908 1555 σπηλαίῳ

2369 1579 2455 1632 ὅτε
2477 1579 2673 1648 μᾶλλον
2691 1579 3000 1643 ὑπεξούσιον
3033 1579 3189 1632 ἔλαϐε
3221 1578 3308 1630 τὸν
3347 1577 3556 1649 ἐχθρὸν,
3592 1579 3640 1629 εί
3670 1577 3726 1630 δὲ
3755 1576 3908 1646 (23°).

2352 1671 2694 1739 ὲφείσατο.⁹0
2720 1671 2783 1742 δὴ
2811 1673 2901 1725 καὶ
2928 1670 3126 1734 ὄνειδος
3152 1666 3218 1740 ἦν
3245 1669 3322 1740 τῷ
3349 1671 3692 1740 σεσωσμὲνῳ,
3711 1669 3788 1732 ὡς
3813 1669 3911 1738 μά-

2349 1778 2448 1832 την
2499 1761 2892 1815 ἐπιϐουλεύοντι
2949 1761 3026 1832 τῷ
3077 1759 3332 1832 Σωτῆρι.]
3377 1759 3828 1824 Ἐξαπέστειλεν
3877 1762 3912 1814 ό

2353 1854 2494 1919 Θεὸς
2540 1855 2602 1907 τὸ
2645 1855 2814 1920 ἕλεος
2855 1855 3039 1908 αὐτοῦ
3084 1854 3180 1906 καί
3229 1853 3343 1921 τὴν
3381 1853 3670 1921 ἀλήθειαν
3701 1852 3903 1906 αὑτοῦ.

2279 1929 2321 1982 Β
2351 1943 2534 2006 Ἔλεος
2559 1943 2651 1996 καὶ
2677 1945 2900 2014 ἀλήθεια
2925 1943 3018 1996 τοῦ
3049 1943 3257 2013 Πατρδς
3282 1944 3309 1994 ό
3340 1943 3484 2006 Υἱός.

2412 2035 2520 2088 Καὶ
2568 2036 2856 2103 ἐρρύσατο
2899 2034 3011 2102 τὴν
3047 2035 3257 2104 ψυχήν
3297 2053 3413 2103 μου
3453 2034 3519 2087 ἐκ
3544 2034 3740 2103 μέσου
3765 2036 3910 2088 σκύ-

691 2123 916 2174 leouum.
937 2119 1163 2192 [Medius
1186 2123 1389 2175 scilicet
1405 2122 1619 2175 relictus
1642 2121 1778 2172 inter
1803 2119 2010 2172 catulos
2031 2118 2243 2171 leonum

2344 2143 2523 2194 μνων.
2551 2124 2754 2196 [Μέσος
2776 2128 2838 2198 δη
2873 2127 3220 2195 ἀπολειφθεὶς
3255 2127 3506 2196 σκύμνων
3549 2125 3654 2177 τῶν
3683 2126 3782 2196 τῆς
3805 2124 3907 2180 Τὶθ

694 2211 1053 2276 Gethat-orum,
1099 2227 1289 2282 nempe
1340 2213 1786 2280 alienigenarum.
1821 2208 1929 2262 Aut
1982 2217 2245 2277 quantum

690 2319 788 2374 per
818 2320 900 2358 me
929 2306 1091 2367 stetit,
1115 2320 1176 2356 es
1213 2307 1443 2356 humana
1477 2304 1749 2371 impietate
1781 2301 2009 2353 dormivi
2034 2310 2249 2353 contur-

688 2398 865 2452 batus.
900 2394 1096 2448 Verum
1128 2395 1456 2456 Altissimus,
1489 2395 1656 2446 misso
1686 2391 1860 2445 Verbo
1896 2408 2015 2452 suo.
2048 2392 2244 2445 libera-

688 2489 764 2543 vit
795 2489 1030 2542 animam
1059 2503 1252 2551 meam,
1291 2488 1362 2540 ita
1394 2496 1452 2541 ut
1480 2503 1544 2540 ex
1571 2488 1874 2541 catulorum
1908 2485 2123 2538 leonum
2158 2493 2246 2538 tu-

687 2581 858 2636 multu
899 2581 1028 2635 nihil
1064 2581 1186 2633 laesa
1221 2581 1308 2634 sit.
1341 2579 1596 2644 Quaenam
1649 2578 1730 2631 hac
1770 2575 1930 2630 lene?
1973 2573 2110 2629 forte
2153 2575 2246 2628 lllii

686 2674 963 2728 hominum
1001 2672 1236 2725 fuerint:
1272 2685 1499 2740 quorum
1551 2671 1736 2724 dentes
1768 2680 1819 2723 et
1846 2669 2072 2723 consilia
2119 2676 2246 2722 sunt

686 2781 873 2828 arma;
901 2779 962 2817 ac
993 2763 1034 2817 si
1059 2763 1278 2826 diceret,
1299 2761 1351 2814 In
1385 2761 1637 2816 otunihus
1668 2761 1915 2815 damnosi
1945 2769 2090 2814 sunt.
2121 2757 2243 2813 Sic-

669 2862 747 2912 .ut
780 2854 922 2907 enim
949 2853 1154 2922 gladius
1180 2863 1370 2906 acutus
1404 2851 1562 2906 facile
1595 2853 1811 2920 perimit
1831 2891 1844 2913 ,
1873 2851 1953 2904 sic
1981 2857 2034 2904 et
2064 2851 2244 2920 lingua

685 2952 956 2998 attenuata
990 2955 1040 2998 et
1065 2955 1218 2999 acuta
1248 2944 1730 2998 obtrectationibus
1759 2939 2058 3012 interlicit.]
2085 2943 2245 2995 Catu-

685 3034 858 3088 lorum
892 3034 1108 3087 leonum
1157 3033 1519 3102 spiritualium
1556 3033 1824 3086 videlicet.
1853 3030 2090 3084 Dormiui
2123 3048 2244 3084 con-

682 3124 944 3176 turbatus.
972 3123 1261 3189 Quoniam,
1283 3124 1474 3192 inquit,
1494 3136 1709 3193 ereptus
1735 3139 1855 3176 sum
1887 3139 1916 3176 a
1948 3123 2244 3192 spirituali-

685 3216 785 3270 bus
805 3215 996 3270 catulis
1014 3215 1249 3278 leonum,
1286 3216 1404 3269 ideo
1433 3215 1628 3284 inquit,
1646 3214 2004 3282 requiescam,
2030 3211 2242 3266 etiamsi

683 3306 815 3361 olim
845 3306 913 3360 ab
945 3307 1014 3360 iis
1037 3308 1395 3364 conturbatus
1427 3322 1570 3360 sum.
1597 3305 1723 3358 Filii
1755 3306 2041 3368 hominum,
2066 3305 2241 3359 deum

682 3417 861 3454 eorum
893 3418 1042 3454 arma
1072 3411 1120 3456 et
1154 3403 1381 3470 sagitta.
1415 3400 1486 3452 Ea
1518 3400 1828 3469 signiﬁcans
1858 3415 1978 3465 qua:
2002 3409 2242 3467 tempore

683 3493 952 3560 passionis
984 3491 1211 3546 Domino
1240 3492 1601 3561 contigerunt.
1626 3508 1746 3548 cum
1779 3491 1843 3544 ad
1876 3489 2102 3545 Pilatum
2130 3491 2242 3546 cla-

684 3582 1090 3638 mabautJudtei
1121 3585 1378 3637 adversus
1402 3583 1677 3636 Christum
1707 3602 1720 3636 :
1755 3581 1916 3643 Tolle,
1949 3583 2090 3645 tolle,
2122 3600 2244 3636 cru-

683 3675 832 3744 ciﬁge
864 3691 977 3728 eum
1002 3676 1081 3741 ης
1117 3686 1206 3729 et:
1239 3673 1298 3728 Si
1343 3691 1444 3726 nou
1479 3682 1611 3727 esset
1655 3672 1739 3724 hic
1771 3671 2104 3740 malefactor,
2141 3688 2240 3726 non

685 3764 780 3819 tibi
819 3767 1214 3820 tradidissemus
1244 3780 1359 3818 eum
1381 3764 1448 3818 “.

763 3942 816 3998 6.
869 3940 1122 3995 Exultare
1165 3955 1317 4006 super
1353 3936 1528 4001 coalos,
1555 3936 1716 4002 Deus,
1751 3945 1801 3990 et
1850 3952 2003 4006 super
2028 3934 2242 4003 [terram

685 4033 852 4104 gloria
896 4041 1007 4084 tua.
1041 4029 1285 4091 Etiamsi,
1321 4028 1514 4096 inquit,
1545 4027 1812 4082 detnisisti
1848 4032 2077 4096 teipsum
2117 4041 2242 4095 pro-

687 4137 806 4195 pter
827 4135 1063 4179 nostram
1083 4124 1308 4177 salutem
1331 4125 1394 4175 ad
1433 4121 1790 4175 voluntariam
1820 4118 2241 4174 exinanitionem

687 4229 740 4274 et
772 4217 944 4273 lactus
978 4233 1036 4272 es
1063 4217 1316 4270 obediens
1345 4230 1516 4285 usque
1545 4215 1610 4268 ad
1644 4223 1868 4268 mortem
1891 4213 1934 4245 ⁸¹
1959 4229 1972 4264 2
2006 4213 2098 4266 sed
2125 4227 2244 4264 rur-

686 4327 805 4366 sum
829 4309 1105 4365 asccntlito
1132 4308 1196 4361 ad
1219 4308 1406 4368 cados.
1435 4308 1560 4376 quia
1591 4322 1713 4361 cuin
1739 4305 2045 4360 ascenderis
2076 4311 2240 4358 totam

687 4415 881 4460 terram
909 4403 1077 4473 gloria
1110 4413 1197 4456 tua
1228 4402 1477 4471 replebis.

755 4497 804 4548 7.
834 4495 1098 4565 Laqueum
1129 4501 1437 4561 parauerunt
1465 4489 1679 4558 pedibus
1703 4487 1850 4542 meis.
1875 4487 2004 4551 Eos,
2035 4487 2129 4550 ait,
2149 4483 2242 4554 qui

685 4603 772 4644 me
805 4587 1012 4658 laqueis
1057 4585 1398 4654 dejiciebanl,
1442 4583 1643 4637 curasti
1679 4582 1816 4634 utin
1845 4578 2053 4635 loream
2077 4591 2240 4647 quam

685 4682 928 4734 iecerunt
969 4676 1285 4732 inciderent.
1333 4675 1700 4740 Quamobrem
1744 4673 1845 4727 hac
1881 4687 1940 4726 re
1982 4671 2239 4741 praeclare

685 4781 802 4824 acta
828 4785 987 4838 super
1019 4768 1186 4823 cmlos
1220 4767 1477 4820 exaltare.

751 4859 805 4916 8.
838 4859 1091 4914 Paratum
1126 4874 1216 4913 cor
1245 4873 1436 4919 meum,
1469 4855 1626 4921 Deus,
1659 4861 1905 4924 paratum
1934 4869 2022 4907 cor
2043 4869 2235 4907 meum.

684 4953 855 5024 Rogat
885 4952 988 5008 sibi
1018 4951 1134 5005 dari
1166 4951 1425 5020 Spiritum
1453 4957 1719 5013 sanctum,
1749 4962 1908 5016 quem
1947 4948 2237 5001 missurum

683 5061 740 5102 se
782 5047 834 5099 in
871 5045 1067 5101 cmlum
1115 5044 1408 5097 ascendens
1462 5038 1784 5111 Unigenitus
1822 5040 2094 5109 pollicitus
2131 5046 2235 5102 est,

678 5147 928 5208 paratum
962 5151 1083 5190 esse
1111 5149 1206 5189 cor
1237 5150 1394 5188 suum
1420 5135 1570 5188 aiens
1596 5134 1660 5186 ad
1693 5148 1815 5187 eum
1847 5132 2234 5201 recipiendum.

755 5228 807 5283 9.
837 5225 1093 5296 Exsurge,
1119 5226 1286 5296 gloria
1329 5241 1461 5278 mea.
1496 5224 1738 5279 Gloriam
1781 5239 1934 5277 suam
1983 5222 2236 5291 spiritum

680 5317 1051 5389 propheticum
1071 5318 1319 5387 appellat.
1341 5315 1596 5386 Exsurge,
1615 5315 1922 5383 psalterium
1943 5323 1990 5366 et
2007 5314 2232 5366 cithara.

681 5407 997 5462 Psalterium
1036 5407 1166 5460 dicit
1204 5407 1462 5468 animam,
1502 5407 1767 5460 citharam
1805 5415 1964 5458 vocat
2011 5420 2232 5474 corpus.

683 5497 979 5568 Exsurgam
1008 5498 1260 5552 diluculo.
1281 5500 1528 5565 Quando,
1563 5500 1763 5568 inquit,
1794 5498 2125 5567 spiritualem
2157 5496 2235 5550 lu-

685 5605 797 5644 cem
828 5592 1078 5654 sentiam,
1112 5604 1400 5660 exsurgant
1432 5591 1498 5645 ad
1532 5591 1885 5645 cantandum.

748 5767 794 5798 ⁷⁵
823 5764 978 5819 Joan.
1011 5781 1124 5836 nx,
1151 5766 1239 5822 15.
1309 5766 1354 5797 ⁸⁸
1383 5764 1538 5820 Joan.
1571 5784 1724 5834 ιγιιι,
1758 5767 1847 5822 50.

751 5860 839 5928 (23
867 5863 883 5930 )
909 5864 977 5917 El
1008 5860 1092 5916 δέ.
1130 5860 1287 5920 Forte
1309 5855 1368 5917 οὒ
1399 5863 1514 5917 καί.
1560 5863 1715 5918 Eutr.

1951 5767 1990 5799 ιι
2023 5763 2254 5836 Philipp.

2343 2219 2747 2284 alkoodimvfll
2799 2220 2858 2271 τὸ
2906 2220 3028 2272 ὅσον
3082 2219 3312 2288 ἐπ’ἐμὲ,
3345 2220 3439 2272 καὶ
3491 2221 3556 2288 τῇ
3594 2217 3911 2289 ἀνθρωπίνη

2344 2312 2564 2382 ἀσεϐείᾳ
2612 2311 2908 2382 ἐκοιμήθην
2956 2312 3372 2381 τεταραγμένος.
3394 2311 3530 2363 Ἀλλ’
3562 2314 3589 2363 ό
3623 2311 3908 2380 ’Ύψιειτος⁹

2341 2403 2432 2453 τὸν
2472 2402 2639 2469 Λόγον
2690 2400 2852 2454 αὐτοῦ
2895 2401 3235 2462 ἀποστείλας,
3279 2399 3542 2470 ἐρρύσατο
3589 2398 3688 2468 τὴν
3734 2399 3909 2469 ψυχήν

2347 2510 2467 2562 μου,
2514 2494 2588 2556 ὡς
2627 2493 2790 2564 μηδὲν
2821 2493 2987 2564 αὐτὴν
3023 2493 3085 2544 ὲκ
3123 2491 3223 2562 τῆς
3247 2492 3487 2561 ταραχῆς
3515 2489 3621 2542 τῶν
3653 2489 3908 2559 σκύμνων

2345 2583 2621 2653 βλαϐῆναι.
2648 2585 2780 2637 Τίνα
2807 2583 2862 2635 δὲ
2893 2583 2962 2636 τὰ
3001 2584 3164 2654 θηρία
3191 2582 3394 2645 mina;
3433 2583 3537 2634 υίοὶ
3563 2581 3670 2633 τῶν
3701 2579 3910 2651 ἀνθρώ-

2347 2691 2462 2726 πων
2489 2674 2624 2725 εἰσὶν
2665 2675 2759 2727 ἄν·
2811 2675 2859 2726 οἱ
2903 2675 3108 2736 ὀδόντες
3132 2675 3269 2726 ὅπλα
3302 2675 3395 2726 καὶ
3438 2675 3494 2725 αἱ
3538 2671 3753 2742 βουλαίο
3790 2671 3909 2724 ἀντὶ

2344 2764 2461 2827 τοῦ,
2495 2765 2777 2835 βλαπτικόί
2801 2768 2904 2817 είσι
2935 2765 3022 2818 διὰ
3067 2765 3516 2834 πάντων.”Ωσπερ
3559 2766 3592 2834 ἡ
3643 2763 3904 2834 μάχαιρα,

2342 2860 2647 2928 ὴκονημένη
2677 2852 2831 2921 οὖσα,
2862 2856 3058 2928 ῥᾳδίως
3079 2855 3462 2926 ἀναιρεί.οὖτω
3487 2856 3578 2906 καὶ
3609 2856 3640 2922 ἡ
3667 2853 3907 2921 γλῶσσα,

2340 2949 2644 3021 τετηγμένη
2669 2945 2821 3010 οὖσα,
2839 2951 2957 3011 ταῖς
2988 2947 3332 3010 καταλαλιαίς
3360 2944 3616 3016 ἀναιρεῖ.]
3648 2945 3908 3015 Σκύμνων

2340 3040 2448 3094 τῶν
2501 3040 2701 3109 νοητῶν
2759 3038 3018 3110 δηλονότι.
3051 3037 3400 3106 Ἐκοιμήθην
3457 3034 3906 3103 τεταραγμένος.

2354 3131 2570 3201 Ἐπειδὴ
2613 3130 2900 3201 ὲρῤύσθην,
2931 3131 3114 3200 φησὶν,
3145 3132 3207 3182 ὲκ
3248 3130 3354 3182 τῶν
3397 3130 3600 3199 νοητῶν
3635 3128 3906 3198 σκύμνων,

2345 3223 2533 3276 τούτου
2568 3222 2724 3294 χάριν
2749 3223 2840 3274 καὶ
2872 3221 3272 3291 ἀναπαύσομαι,
3298 3222 3472 3274 καίτοι
3500 3223 3667 3276 πάλαι
3697 3221 3791 3275 ὑπ’
3817 3222 3908 3275 aii-

2341 3313 2447 3365 τῶν
2483 3312 2898 3384 ταραττόμενος.
2937 3311 3053 3363 Υίοί
3087 3308 3430 3378 ἀνθρώπων,
3455 3314 3508 3363 οὶ
3531 3311 3772 3375 ὀδόντες
3801 3311 3905 3362 αὑ-

2338 3403 2456 3458 τῶν
2481 3403 2640 3458 ὅπλα
2671 3404 2766 3456 καὶ
2795 3402 2975 3470 βέλη.
3029 3402 3212 3457 Ταῦτά
3240 3419 3369 3473 φησι
3398 3403 3819 3472 κατασημαίνων
3841 3400 3908 3454 τὰ

2339 3496 2416 3567 τῷ
2449 3497 2657 3567 Σωτῆρι
2687 3494 2966 3565 συμϐάντα
2996 3495 3136 3548 κατά
3184 3495 3274 3548 τὸν
3314 3493 3406 3546 τοῦ
3460 3491 3664 3556 πάθους
3694 3493 3903 3564 καιρὸν,

2339 3587 2502 3657 ἡνίκα
2551 3585 2684 3656 πρὸς
2728 3585 2954 3637 Πιλᾶτον
2987 3585 3214 3656 ἔκραζον
3241 3587 3291 3638 ot
3331 3585 3566 3638 Ἰουδαῖοι
3598 3585 3738 3637 κατά
3773 3585 3906 3655 Χρι-

2343 3675 2468 3729 στοῦ
2515 3671 2794 3742 τὺ.⁷Αρον,
2841 3667 3009 3741 ἆρον,
3034 3677 3386 3744 σταύρωσον
3427 3675 3634 3737 αὑτὸν,
3679 3675 3776 3728 καὶ
3825 3676 3907 3728 ὅτι

2340 3769 2410 3821 El
2427 3765 2512 3836 μὴ
2550 3762 2629 3835 ἦν
2656 3761 2834 3831 οὗτος
2859 3765 3207 3836 κακοῦργος,
3239 3768 3347 3821 οὐκ
3393 3765 3470 3820 ἄν
3499 3781 3599 3832 σοι
3647 3764 3907 3834 παρεδώ-

2341 3878 2526 3931 καμεν
2552 3860 2755 3914 αὐτόν.

2421 3951 2704 4020 ’Υψώθητι
2749 3951 2846 4003 ἐπὶ
2889 3949 3029 4013 τοὺς
3067 3947 3380 4014 οὐρανοὺς.
3403 3951 3436 4002 ὀ
3477 3949 3639 4015 Θεὸς,
3670 3951 3771 4004 καὶ
3806 3951 3901 4005 ἐπὶ

2342 4043 2547 4101 πᾶσαν
2571 4042 2684 4110 τὴν
2716 4039 2830 4110 τῆν
2873 4042 2911 4109 ἡ
2947 4040 3094 4104 δόξα
3125 4056 3261 4094 σου.
3290 4041 3351 4094 El
3382 4042 3472 4094 καὶ
3499 4041 3767 4112 καθῆκας.
3801 4059 3902 4113 φη-

2344 4135 2448 4196 σὶν,
2482 4131 2670 4185 ἑαυτὸν
2701 4131 2786 4184 διὰ
2817 4132 2914 4201 τὴν
2941 4129 3214 4201 ἡμετέραν
3255 4130 3526 4201 σωτηρίαν
3551 4131 3632 4192 είς
3660 4129 3904 4183 ἑκούσιον

2342 4225 2591 4287 κένωσιν,
2621 4223 2714 4277 καὶ⁵
2755 4223 2984 4290 γέγονας
3029 4223 3265 4291 ὑπήκοος
3300 4222 3458 4292 μέχρι
3479 4221 3729 4284 θανάτου,
3769 4221 3902 4275 ἀλλά

2342 4317 2436 4370 καὶ
2477 4316 2636 4369 πάλιν
2664 4314 2849 4368 ἄνελθε
2880 4317 2957 4378 είς
2988 4316 3266 4385 οὐρανοὺς.
3295 4314 3377 4365 ὅτι
3422 4313 3515 4367 καὶ
3543 4312 3780 4366 ἀνελθὼν
3803 4313 3901 4383 τῆς

2345 4408 2443 4476 σῆς
2473 4405 2626 4471 δόξης
2661 4403 2965 4474 πληρώσεις
3000 4405 3178 4457 πᾶσαν
3203 4403 3298 4472 τὴν
3319 4402 3445 4473 γῆν.

2409 4491 2635 4562 Παγίδα
2675 4493 3006 4560 ἡτοίμασαν
3051 4491 3172 4557 τοῖς
3204 4492 3349 4545 ποσί
3379 4510 3521 4560 μου.
3553 4493 3690 4556 Τοὺς
3731 4509 3892 4547 καταο

2273 4611 2318 4663 ι)
2344 4585 2632 4648 ϐάλλοντας
2664 4601 2752 4655 με,
2780 4584 2931 4653 φησὶ,
2960 4581 3048 4636 διὰ
3080 4583 3188 4636 τῶν
3223 4583 3460 4651 παγίδων
3489 4585 3903 4655 παρεσκεύασας

2342 4681 2420 4740 είς
2439 4676 2597 4730 αὑτὸν
2615 4677 2673 4728 δν
2697 4676 2907 4748 ὤρυξαν
2939 4674 3125 4747 βόθρον
3150 4677 3424 4746 ἐμπεσεῖν.
3453 4675 3543 4728 Διὸ
3571 4675 3634 4747 δὴ
3661 4677 3757 4729 καὶ
3777 4673 3904 4728 ταῦ-

2340 4785 2406 4821 τα
2440 4767 2783 4838 κατορθώσας
2810 4768 2901 4821 ἐπὶ
2928 4769 3052 4830 τοὺς
3085 4768 3343 4838 οὐρανοὺς
3369 4767 3629 4837 ὑψώθητι.

2425 4858 2650 4926 Ἑτοίμη
2677 4861 2713 4926 ἠ
2747 4857 2954 4926 καρδία
2975 4877 3113 4928 μου.
3149 4862 3182 4912 ὀ
3209 4858 3369 4924 Θεὸς,
3394 4860 3592 4928 ἑτοίμη
3616 4859 3653 4925 ἡ
3689 4857 3902 4925 καρδία

2337 4965 2476 5017 μου.
2502 4947 2810 5018 Παρακαλεί
2828 4947 3076 5014 δέξασθαι
3095 4948 3154 4999 τὸ
3167 4948 3386 5018 Πνεῦμα
3406 4947 3466 5000 τὸ
3487 4949 3658 5015 ἅγιον,
3683 4948 3711 5000 ὅ
3734 4950 3904 5018 ἐπηγο-

2341 5038 2556 5108 γείλατο
2595 5039 2947 5110 ἀνερχόμενος
2984 5039 3214 5110 πέμψειν
3243 5043 3272 5093 6
3309 5037 3636 5109 Μονογενὴς,
3678 5039 3905 5109 ἑτοίμην

2341 5132 2420 5194 είς
2440 5130 2501 5182 τὸ
2519 5129 2767 5194 δέξασθαι
2782 5130 2952 5197 λέγων
2973 5131 3294 5202 γεγενῆσθαι
3312 5132 3409 5200 τὴν
3432 5129 3624 5185 ἑαυτοῦ
3655 5130 3901 5201 καρδίαν.

2425 5220 2799 5290 ἐεεγέρθητιι
2833 5223 2871 5288 ἡ
2897 5222 3044 5287 δόξα
3065 5241 3203 5292 μου.
3237 5222 3402 5287 Δόξαν
3430 5223 3620 5277 ἑαυτοῦ
3660 5222 3722 5275 τὸ
3751 5218 3906 5272 πνεύ-

2344 5328 2421 5384 μα
2467 5311 2527 5364 τὸ
2576 5314 2908 5386 προφητικὸν
2940 5314 3522 5385 φησιν.Ἐξεγέρθητι,
3564 5311 3903 5381 ψαλτήριον

2339 5403 2435 5458 καὶ
2469 5405 2695 5473 κιθάρα.
2711 5403 3016 5476 Ψαλτήριον
3047 5406 3144 5475 μὲν
3167 5406 3264 5476 τὴν
3283 5405 3460 5476 ψυχήν
3488 5419 3640 5473 φησι,
3670 5401 3903 5474 κιθάραν

2337 5493 2394 5546 δὲ
2437 5494 2498 5547 τὸ
2538 5495 2696 5566 σῶμα
2739 5495 2910 5548 καλεῖ.
2943 5495 3423 5567 Ἐξεγερθήσομαι
3458 5494 3797 5564 δρθρου.Ἐν
3819 5493 3903 5546 ai-

2341 5585 2546 5655 σθήσει,
2589 5587 2740 5657 φησὶ,
2769 5585 2860 5639 τοῦ
2913 5585 3099 5657 νοητοῦ
3147 5588 3320 5656 φωτὸς
3368 5587 3653 5658 γενόμενος
3703 5583 3798 5639 επὶ
3840 5581 3896 5639 τὸ

2339 5675 2525 5745 ὑμνεῖν
2555 5676 2993 5749 ὲξεγερθήσομαι.

2292 5781 2352 5831 ιι,
2386 5766 2438 5833 7,
2464 5766 2548 5822 8.‘
