4108 6490
159 448 251 504 265

1242 441 1602 500 EXPOSITIO
1641 442 1705 496 IN
1746 439 2073 497 PSALMUM
2117 440 2293 496 LVIII.

3261 447 3371 507 266

162 564 337 626 αὐτοὺς
359 561 580 633 ηὔξατο.
616 561 681 615 ’11
714 561 860 615 αἰτία
888 560 969 621 δὲ,
997 561 1081 614 ὅτι
1114 560 1416 632 συστροφὴν
1444 556 1585 612 κατὰ
1611 555 1704 609 τοῦ

1827 564 2047 610 ιιιιοτοιιι
2073 554 2267 610 facturi
2290 562 2463 619 erant,
2486 570 2596 625 quo
2621 563 2861 627 tempore
2886 557 2973 611 illa
2996 556 3050 612 in
3076 560 3374 617 novissimo

162 655 387 719 Σωτῆρος
433 652 752 721 ποιήσονται
792 650 936 704 κατὰ
971 652 1062 705 τὸν
1105 651 1296 721 καιρὸν
1329 652 1554 714 ἐκεῖνον,
1592 648 1709 702 καθ’

162 744 212 796 ὂν
256 742 338 794 ἐπ’
386 742 618 812 ἐσχάτου
662 743 772 795 τῶν
798 742 1022 813 ἡμερῶν
1070 744 1382 814 ἐπεδήμησε
1414 741 1491 811 τῷ
1526 741 1713 811 κόσμῳ

166 835 288 904 μετὰ
319 835 537 904 σαρκός.
567 834 676 887 Kal
705 833 1072 903 λιμώξουσιν
1096 835 1175 899 ὡς
1202 835 1388 888 κύων·
1418 831 1714 903 λιμὼξουσι

167 924 253 994 μὲν
291 923 375 976 διὰ
406 924 465 976 τὸ
515 924 590 994 μὴ
623 923 879 990 δέξασθαι
912 925 1109 988 αὐτοὺς
1138 926 1227 977 τὸν
1256 925 1418 995 ἄρτον
1462 924 1552 976 τὸν
1583 923 1715 987 ζωο-

164 1015 302 1069 ποιόν
322 1033 335 1044 ·
363 1014 531 1077 κύνας
570 1014 629 1067 δὲ
656 1015 853 1079 αὐτοὺς
879 1015 969 1069 διά
1014 1016 1075 1069 τὸ
1113 1015 1326 1078 ἀναιδὲς
1359 1014 1713 1085 κατονομάζει

164 1107 250 1177 τῆς
268 1105 458 1176 ψυχῆς.
493 1105 569 1158 Τὸ
605 1105 662 1158 δέ
682 1121 696 1135 ’
725 1107 1123 1161 Κυκλώσουσι
1154 1107 1354 1169 πόλιν,
1394 1106 1475 1159 ὅτι
1506 1106 1591 1177 δὴ,
1621 1106 1715 1159 ὲκ-

166 1197 401 1260 maritus;
444 1196 547 1266 τῆς
594 1196 851 1268 πατρίδος
881 1198 1067 1267 νόμοις
1110 1214 1169 1251 τε
1214 1196 1509 1266 βασιλικοῖς
1536 1198 1715 1267 εἰργό-

167 1302 302 1355 μενοι
352 1286 557 1355 αὐτῆς,
611 1284 807 1351 ἔξωθεν
860 1284 1043 1357 κύκλῳ
1100 1285 1511 1357 περιέρχονται,
1568 1286 1718 1356 μόλις

167 1376 418 1448 μακρόθεν
446 1378 611 1430 ποθὲν
642 1377 809 1449 αὐτὴν
837 1376 1121 1449 θεώμενοι.

236 1462 372 1515 Ἰδοὺ
402 1464 574 1517 αὐτοὶ
605 1464 1079 1536 ἀρτοφθέγξοιοται
1112 1466 1182 1519 ἐν
1212 1465 1301 1532 .τῷ
1335 1467 1577 1535 στόματι
1610 1468 1707 1517 at"-

165 1552 287 1607 τῶν.
324 1554 467 1607 Ἀντί
515 1554 636 1621 τοῦ,
671 1556 1144 1629 βλασφημήσουσι.
1194 1558 1304 1611 Καὶ
1341 1558 1605 1626 ῥομφαία
1650 1557 1719 1608 ἐν

164 1645 275 1709 τοῖς
302 1647 572 1714 χείλεσιν
602 1648 820 1701 αὐτῶν.
854 1648 948 1701 Τό⁵
982 1645 1141 1716 Αἶρε,
1175 1645 1302 1716 αἶρε
1322 1687 1337 1711 ,
1368 1650 1719 1715 σταύρωσον

165 1738 352 1792 αὐτόν.
378 1740 485 1792 Καὶ
514 1739 621 1804 σὺ,
649 1741 846 1810 Κύριε,
882 1740 1183 1811 ἐκγελιίσῃ
1213 1743 1449 1807 αὐτούς.
1493 1740 1710 1794 Ἐϐλασ-

166 1831 394 1900 φήμουν,
428 1831 587 1902 φησι,
628 1831 720 1884 καί
755 1832 861 1902 μὴν
893 1832 985 1885 καὶ
1029 1832 1189 1904 μέχρι
1224 1832 1457 1905 σταυροῦ
1491 1830 1719 1884 ἐπεϐού-

1815 648 2023 702 dierum
2056 648 2108 701 in
2144 647 2409 701 mundum
2440 662 2564 702 cum
2600 662 2766 703 carne
2814 648 3050 704 advenit.
3079 648 3151 703 Et
3182 651 3377 720 {amem

1810 740 2078 807 patientur
2120 747 2179 790 ut
2209 738 2391 797 canis;
2422 735 2616 791 famem
2670 738 2889 807 quidem
2925 740 3197 809 patientur
3229 743 3374 812 quod

1812 844 2005 897 panem
2034 830 2306 883 viviticum
2356 844 2462 882 non
2508 830 2777 898 accepturi
2827 831 2969 895 sint,
3000 846 3161 887 canes
3194 841 3374 888 autem

1815 932 1971 977 vocat
1992 922 2112 977 illos
2132 923 2201 975 ob
2224 921 2613 991 impudentiam
2637 923 2822 976 animi.
2854 922 2985 978 Illud
3009 934 3187 978 autem
3210 941 3225 978 :
3255 924 3381 979 Cir-

1815 1012 2031 1067 cuibunt
2053 1014 2345 1075 civitatem,
2379 1012 2507 1082 quia
2541 1012 2750 1067 scilicet
2782 1014 2955 1083 patria
2992 1013 3150 1082 lapsi,
3184 1022 3238 1068 et
3272 1014 3380 1068 im-

1815 1105 2088 1173 peratorio
2113 1103 2332 1159 decreto
2385 1102 2504 1173 ejus
2554 1117 2780 1159 accessu
2822 1103 3075 1173 prohibiti
3118 1103 3255 1177 (ΞΑ),
3285 1120 3381 1159 ex-

1817 1196 2085 1252 trinsecus
2132 1196 2493 1260 circumerrat,
2529 1195 2729 1265 vixque
2772 1198 2959 1264 procul
2998 1211 3117 1249 eam
3164 1197 3383 1265 conspio

1818 1307 1939 1347 cere
1964 1301 2209 1361 possunt.

1897 1470 1949 1529 8.
1968 1471 2018 1524 9.
2050 1468 2184 1523 Ecce
2200 1471 2477 1538 loquentur
2510 1470 2565 1522 in
2593 1485 2680 1523 ore
2706 1484 2822 1522 suo.
2845 1465 3014 1534 Quasi
3043 1468 3209 1536 dicat,
3238 1468 3385 1523 blas-

1819 1562 2172 1633 phemabunt.
2228 1560 2295 1615 Et
2339 1560 2631 1631 gladius-in
2663 1561 2818 1615 labiis
2845 1575 3043 1613 eorum.
3076 1559 3209 1614 Illud
3238 1560 3388 1617 scili-

1819 1663 1903 1709 cet
1932 1672 1946 1709 :
1975 1652 2141 1717 Tolle,
2179 1652 2322 1718 tolle,
2358 1653 2603 1721 cruciﬁge
2649 1668 2767 1705 eum
2815 1655 2882 1706 θ’,
2916 1654 2983 1707 Et
3021 1664 3098 1714 tu,
3142 1651 3386 1715 Domine,

1821 1742 2081 1799 deridebis
2121 1759 2227 1797 eos.
2269 1741 2766 1811 Blaspbcmabaut,
2802 1742 3000 1812 inquit,
3030 1753 3083 1797 ct
3117 1756 3294 1811 usque
3321 1740 3390 1795 ad

1822 1850 2040 1891 crucem
2096 1834 2363 1900 parabant
2417 1833 2663 1897 insidias,
2711 1832 2971 1899 dicentes,
3015 1849 3119 1887 non
3167 1833 3388 1901 conspi-

167 1920 344 1975 λευσαν
384 1922 655 1990 λέγοντες,
698 1923 774 1986 ὡς
815 1923 913 1976 οὐκ
939 1922 1125 1991 ὄψεται
1167 1926 1195 1977 ὁ
1220 1904 1503 1987 Θεὸςντοῦς
1529 1922 1719 1991 λόγους

1827 1927 2007 1981 cienna
2055 1940 2085 1978 a
2116 1925 2226 1979 Deo
2279 1923 2395 1978 fore
2422 1924 2585 1977 verba
2639 1933 2691 1978 ct.
2740 1938 2904 1993 opera
2952 1924 3215 1992 ipsorum.
3282 1922 3389 1978 Sed

168 2012 250 2064 καὶ
278 2012 372 2075 τὰς
405 2013 635 2085 πράξεις
676 2013 874 2069 αὐτῶν.
923 2015 1061 2068 Ἀλλ’
1096 2017 1145 2068 εί
1193 2016 1285 2068 καὶ
1314 2014 1482 2067 ταῦτα
1515 2014 1716 2082 διενοή-

168 2102 340 2175 θησαν,
372 2106 457 2170 σὺ,
490 2103 687 2175 Κύριε,
731 2106 883 2177 φησι,
920 2107 1355 2176 καταγελάστους
1385 2106 1580 2167 αὐτοὺς
1610 2123 1714 2159 πα-

170 2196 504 2267 ρασκευάσεις
538 2196 876 2263 ἐγγενέσθαι.
912 2198 1139 2252 Ἐκεῖνοι
1169 2197 1267 2268 μὲν
1288 2193 1379 2251 οὖν
1405 2200 1582 2251 ἐκεῖνα
1610 2198 1721 2251 τολ-

169 2284 317 2356 μῶσι.
342 2287 419 2343 ,σὺ
450 2287 509 2339 δὲ
541 2286 636 2341 καὶ
657 2288 895 2355 ἀκούεις,
923 2290 1016 2342 ml.
1046 2289 1281 2360 βλέπεις,
1322 2291 1414 2342 καὶ
1434 2290 1595 2360 γελᾷς
1626 2290 1722 2341 αὺ-

166 2376 261 2429 τῶν
284 2377 377 2449 τήν
405 2378 643 2449 ματαίαν
668 2380 884 2450 μανίαν.
930 2380 1388 2446 Ἐξουδενώσεις
1417 2381 1613 2434 πάντα
1651 2382 1724 2435 τὰ

167 2468 318 2538 ἔθνη.
366 2470 448 2525 Τά
493 2471 664 2542 νοητά
712 2473 981 2544 δηλονότι,
1026 2474 1095 2527 τά
1140 2475 1232 2528 καὶ
1269 2474 1465 2537 αὐτοὺς
1512 2475 1591 2537 εἰς
1631 2472 1724 2527 τὸν

167 2560 295 2613 κατὰ
336 2562 429 2616 τοῦ
478 2564 685 2635 Κυρίου
738 2566 1023 2636 ἐγείραντα
1065 2565 1318 2635 πόλεμον.
1376 2568 1523 2619 "Ante
1568 2562 1686 2619 εἷπε
1707 2580 1722 2596 ⁸

168 2652 421 2722 Πρόσχες
460 2653 572 2708 τοῦ
608 2655 1051 2725 ἐπισκέψασθαι
1086 2657 1282 2711 πάντα
1316 2657 1388 2710 τὰ
1432 2658 1609 2725 Elii-ir
1642 2660 1726 2711 ὲν-

167 2741 355 2796 ταῦθα’
394 2743 860 2813 Ἐξουδενώσεις
906 2746 1100 2801 πάντα
1150 2746 1219 2800 τὰ
1250 2746 1412 2814 ἔθνη·
1452 2745 1616 2817 πολλῇ
1659 2746 1724 2799 δι’

168 2833 277 2887 ὅλου
316 2838 380 2905 τῇ
422 2836 578 2901 τάξει
622 2836 714 2890 τοῦ
743 2838 900 2908 λόγου
928 2841 1023 2894 καί
1054 2839 1142 2893 διὰ
1180 2840 1288 2893 τῶν
1317 2842 1372 2892 ὲν
1412 2840 1559 2910 μέσῳ
1596 2856 1727 2910 χρη-

170 2925 407 2995 σάμενος.
442 2929 668 2992 Δεικνὺς
702 2929 809 2998 γὰρ
830 2969 842 2991 ,
870 2930 950 2981 ὅτι
982 2930 1056 3001 μὴ
1082 2931 1267 2993 άπλῶς
1299 2932 1438 2983 αἰτεῖ
1472 2931 1567 3004 τὴν
1607 2934 1726 2984 κατ’

168 3019 333 3072 αὐτῶν
383 3020 689 3091 τιμωρίανξ,
742 3022 1006 3094 πρότερον
1054 3023 1254 3095 ⁴ᾔτησεν
1297 3024 1501 3077 ἐπιδεῖν
1548 3041 1605 3077 τε
1638 3025 1727 3078 τὸν

168 3108 286 3162 Θεὸν
327 3110 419 3164 καὶ
450 3110 703 3175 ἐξετάσαι
731 3112 799 3165 τά
832 3114 1145 3186 γιγνόμενα’
1181 3111 1298 3169 εἶτα
1326 3115 1619 3188 διηγήσατο
1643 3110 1730 3169 οἷα

170 3202 502 3270 πράττουσιν,
548 3203 665 3257 οὐδὲ
695 3200 831 3259 εἷναί
858 3223 979 3261 τινα
1008 3207 1097 3259 τὸν
1131 3206 1461 3279 προνοοῦντα
1487 3208 1731 3277 νομίζον-

167 3308 265 3356 τες.
293 3295 400 3348 Καὶ
440 3295 564 3349 τότε
604 3296 702 3366 τὴν
730 3298 997 3370 τιμωρίαν
1028 3300 1322 3368 ἐπήγαγεν,
1354 3297 1511 3351 τοῦτο
1534 3298 1728 3365 λέγων,

168 3384 269 3438 ὅτι·
303 3387 423 3441 Ἐπὶ
448 3387 661 3452 τούτοις
682 3388 845 3454 ἀξίως
860 3388 1053 3451 αὐτοὺς
1068 3388 1333 3451 κολάσεις,
1367 3389 1460 3441 καὶ
1489 3391 1555 3459 τῇ
1584 3388 1732 3461 παρὰ

172 3477 255 3531 σοῦ
280 3481 521 3553 τιμωρίᾳ
556 3481 618 3534 τὸ
659 3481 823 3550 μηδὲν
849 3481 1167 3548 ἀποφανεῖς.

236 3574 302 3626 Τὸ
328 3574 549 3641 κράτος
572 3589 691 3641 μου
733 3572 883 3640 πρὸς
912 3571 986 3624 σὲ
1027 3570 1296 3640 φυλάξω.
1342 3572 1567 3626 Ἐκεῖνοι
1610 3572 1728 3643 μὲν,

171 3664 311 3733 φησι,
340 3663 410 3716 τά
453 3663 682 3717 τοιαῦτα
727 3662 1150 3734 δεδυσσεὸήκασι
1197 3664 1335 3718 κατὰ
1378 3663 1493 3728 σοῦ,
1538 3662 1647 3733 ἐγὼ
1676 3664 1732 3719 δὲ

168 3754 196 3806 ὁ
223 3756 501 3827 προφήτης
534 3756 562 3807 ὁ
601 3754 775 3809 ταῦτα
805 3755 996 3824 λέγων,
1024 3755 1101 3825 τῷ
1147 3756 1412 3827 πνεύματι
1441 3756 1539 3826 τὴν
1583 3755 1732 3824 ίσχύν

173 3861 265 3914 μου
293 3848 385 3901 καὶ
414 3849 516 3919 τὴν
546 3847 821 3918 βασιλείαν
855 3863 956 3916 μου
996 3845 1083 3899 διὰ
1118 3846 1209 3899 σοῦ
1251 3846 1731 3917 φυλαχθησομένην

170 3937 283 4004 ἱξω·
312 3939 392 3993 ὅτι
414 3939 481 4010 δὴ
506 3940 602 3992 καὶ
632 3936 1025 3991 συναντελάὸου
1066 3954 1191 4006 μου,
1219 3938 1310 3991 καὶ
1341 3938 1446 4009 πρὸ
1473 3937 1581 3989 τῶν
1606 3937 1731 4009 δεή-

172 4043 298 4081 σεων
328 4029 406 4099 τῷ
430 4029 573 4082 ἐλέει
607 4045 701 4082 σου
730 4030 1139 4100 περιέσφιγξας,
1171 4031 1246 4093 ὡς
1274 4029 1367 4082 καὶ
1402 4029 1500 4099 τὴν
1530 4028 1733 4083 πτῶσιν

172 4120 360 4173 ἐπιδεῖν
388 4138 456 4192 με
490 4121 599 4175 τῶν
633 4120 841 4193 ἐχθρῶν
870 4140 995 4193 μου.

231 4299 324 4367 Μὴ
354 4300 720 4369 ἀποκτείνῃς
762 4298 1001 4364 αὐτοὺς,
1041 4298 1127 4368 μή
1167 4311 1309 4351 ποτε
1341 4296 1734 4353 ἐπιλάθωνται

172 4390 268 4445 τοῦ
296 4393 485 4461 νόμου
513 4409 650 4446 σου.
678 4390 907 4461 Εὖχεται
937 4390 1032 4461 μὲν
1067 4391 1141 4461 μὴ
1174 4393 1252 4454 εἰς
1297 4390 1357 4443 τὸ
1388 4388 1643 4453 παντελὲς
1677 4391 1736 4455 ἐξ

173 4482 464 4554 ἀνθρώπων
500 4482 862 4552 ἀφανισθῆναι
893 4482 955 4535 τὸ
998 4480 1153 4551 γένος
1184 4482 1291 4537 τῶν
1321 4481 1735 4535 ἐπαναστάντων

1816 2018 2030 2074 etiamsi
2067 2016 2254 2072 isthmc
2296 2016 2693 2085 cogitaverunt,
2728 2024 2807 2079 tu,
2843 2013 3089 2079 Domine,
3122 2029 3219 2070 eos
3249 2015 3391 2070 deri-

1818 2110 1932 2165 deri
1975 2109 2212 2165 curabis.
2264 2108 2344 2162 Illi
2384 2106 2605 2177 quidem
2653 2108 2768 2162 base
2810 2108 3030 2178 aggredi
3077 2108 3300 2175 audent,
3333 2116 3393 2162 ιιι

1820 2210 2001 2256 autem
2066 2200 2223 2254 audis
2290 2206 2455 2268 atque
2516 2196 2702 2258 vides,
2748 2196 3000 2266 ridesque
3047 2212 3249 2251 vanum
3294 2212 3392 2252 eo-

1818 2308 1941 2346 rum
1997 2290 2257 2345 furorem.
2312 2289 2394 2342 Ad
2420 2288 2642 2341 nihilum
2685 2288 2903 2341 deduces
2961 2304 3136 2341 omnes
3191 2298 3388 2357 gentes.

1824 2384 2143 2455 Spirituales
2186 2382 2454 2447 videlicet,
2484 2396 2604 2450 qua:
2635 2392 2824 2434 contra
2857 2379 3144 2435 Dominum
3188 2380 3388 2435 bellum

1821 2478 2146 2534 excitarunt.
2196 2472 2461 2543 Superius
2504 2471 2643 2525 dixit
2686 2490 2699 2524 :
2743 2469 2965 2525 Intende
2993 2471 3061 2524 ad
3102 2471 3391 2527 visitandas

1824 2584 1997 2621 omnes
2036 2574 2247 2636 gentes;
2292 2563 2379 2617 hic
2409 2576 2536 2615 vero
2563 2580 2574 2613 :
2615 2560 2694 2613 Ad
2726 2559 2946 2613 nihilum
2972 2559 3191 2613 deducas
3215 2576 3391 2615 omnes

1824 2670 2033 2727 gentes;
2064 2658 2291 2711 multum
2342 2664 2596 2710 accurato
2620 2669 2753 2710 usus
2792 2654 2980 2709 ordine
3002 2654 3266 2710 orationis
3301 2669 3393 2724 per

1823 2766 1885 2805 ca
1915 2751 2067 2820 queis
2096 2751 2147 2803 in
2181 2749 2361 2802 medio
2392 2756 2475 2801 est
2504 2762 2655 2801 usus.
2687 2745 2991 2802 Ostendens
3027 2747 3171 2802 enim
3201 2762 3259 2802 se
3284 2761 3394 2801 non

1826 2842 2141 2911 simpliciter
2189 2839 2460 2909 postulare
2500 2847 2561 2891 ut
2593 2836 2862 2906 supplicio
2912 2835 3241 2902 adiciantur,
3277 2837 3396 2907 pri—

1828 2950 1975 2989 mum
2009 2933 2215 3002 rogarit
2254 2931 2423 2985 Deum
2467 2939 2521 2983 ut
2546 2944 2606 2983 ea
2632 2928 2988 2997 perpenderet
3015 2936 3068 2983 et
3090 2937 3240 2997 gesta
3263 2943 3397 2983 exa—

1829 3029 2081 3080 minaret.
2114 3023 2322 3077 Exinde
2354 3022 2593 3076 narravit
2625 3020 2806 3091 qualia
2848 3019 2947 3089 ipsi
2981 3019 3258 3081 fecissent,
3294 3021 3397 3075 rati

1829 3118 2097 3173 neminem
2126 3130 2244 3169 esse
2264 3114 2359 3183 qui
2390 3113 2553 3167 rebus
2572 3113 2899 3181 provideret.
2922 3114 2998 3167 Ac
3026 3121 3155 3166 tunc
3177 3111 3245 3167 de
3267 3126 3399 3181 sup-

1830 3208 1991 3279 plicio
2021 3205 2284 3261 sumendo
2333 3205 2446 3258 lucc
2476 3203 2755 3271 subiunxit
2785 3219 2798 3256 :
2831 3201 2923 3257 Ilis
2958 3203 3024 3257 de
3056 3203 3241 3259 causis
3285 3218 3401 3258 me-

1835 3300 1937 3355 rito
1963 3299 2028 3353 de
2054 3298 2158 3352 illis
2195 3312 2384 3367 poenas
2425 3310 2632 3360 sumes,
2675 3303 2836 3365 atque
2863 3293 3129 3364 supplicio
3149 3295 3216 3351 ad
3254 3294 3401 3350 nilii~

1832 3390 1942 3446 lum
1976 3405 2070 3444 eos
2090 3388 2344 3444 deduces.

1906 3576 1991 3632 10.
2029 3575 2415 3629 Fortitudinem
2454 3591 2622 3629 meam
2650 3575 2719 3627 ad
2748 3583 2795 3628 ιε
2822 3574 3137 3629 custodiam.
3170 3573 3248 3629 Illi
3280 3574 3404 3645 qui-

1834 3669 1977 3733 dem,
2005 3667 2100 3732 ait,
2133 3682 2198 3721 eo
2226 3675 2383 3735 pacto
2417 3667 2705 3721 adversum
2736 3676 2785 3720 te
2810 3665 2973 3735 impie
2993 3681 3221 3737 egerunt
3253 3684 3268 3721 :
3302 3682 3405 3738 ego

1832 3774 1960 3813 vero
1986 3758 2246 3828 prOpheta
2276 3759 2368 3828 qui
2403 3758 2590 3812 istlucc
2624 3756 2838 3826 loquor,
2874 3756 3213 3827 spiritualem
3243 3755 3402 3811 forti-

1833 3853 2077 3908 tudinem
2124 3867 2302 3906 meam
2333 3860 2387 3907 et
2416 3867 2639 3922 regnum
2673 3866 2853 3906 meum
2897 3864 2993 3920 per
3027 3857 3078 3903 te
3116 3864 3406 3904 conserva-

1836 3954 1946 3999 tum
1998 3942 2261 4005 retinebo,
2310 3942 2438 4012 quia
2490 3942 2699 3997 scilicet
2736 3940 3098 4010 patrocinaris
3148 3939 3304 4005 mihi,
3353 3948 3406 3994 et

1834 4047 2121 4108 antequam
2167 4048 2439 4105 precarer,
2490 4048 2578 4088 me
2617 4031 2994 4088 misericordia
3042 4041 3135 4086 tua
3170 4032 3406 4089 circum-

1834 4131 2024 4199 plexus
2071 4144 2168 4194 cs,
2201 4126 2452 4182 utetiam
2493 4124 2704 4179 ruinam
2769 4122 3110 4177 inimicorum
3156 4136 3405 4176 meorum

1834 4220 2226 4289 conspicerem.

1918 4310 2004 4364 12.
2035 4310 2116 4364 Ne
2155 4310 2362 4362 occidas
2377 4323 2495 4367 eos,
2545 4324 2605 4360 ne
2634 4309 2844 4378 quando
2887 4307 3262 4362 obliviscantur
3281 4304 3406 4375 legis

1837 4413 1959 4455 tute.
1978 4399 2235 4454 Precatur
2263 4407 2449 4452 utnon
2474 4394 2718 4451 funditus
2746 4397 2991 4451 deleatur
3020 4410 3191 4467 genus
3217 4408 3406 4452 eorum

1838 4494 1931 4563 qui
1982 4497 2398 4547 insurrexerunt
2441 4490 2704 4545 adversus
2744 4489 3061 4543 Dominum.
3108 4485 3213 4541 Sed
3250 4494 3409 4555 rogat

174 4575 304 4627 κατὰ
331 4574 424 4627 τοῦ
456 4574 684 4645 Κυρίου·
724 4573 1205 4646 διαπορπισθῆναι
1238 4573 1295 4627 δὲ
1334 4573 1532 4645 μᾶλλον
1558 4575 1650 4627 καὶ
1680 4576 1726 4627 ἐι

1843 4585 2015 4654 magis
2045 4595 2103 4639 ut
2127 4583 2508 4653 dispergantur
2536 4592 2590 4638 et
2613 4584 2668 4638 in
2693 4582 3005 4653 captivitate
3025 4580 3193 4635 vitam
3220 4589 3403 4650 agant,

174 4664 513 4739 αἰχμαλωσίᾳ
542 4666 639 4736 ζῇν
668 4667 863 4730 αὐτοὺς
894 4666 1033 4731 ἀξιοῖ
1069 4665 1154 4718 διὰ
1181 4665 1296 4733 τὴν
1320 4668 1610 4736 ἁμαρτίαν
1633 4666 1737 4721 τοῦ

175 4758 460 4825 στόματος
488 4758 707 4822 αὐτῶν,
748 4760 841 4812 καὶ
871 4758 959 4812 διά
994 4760 1091 4827 τὴν
1122 4758 1499 4829 ὑπερηφανίαν
1538 4758 1734 4813 αὐτῶν.

238 4850 341 4903 Kal
384 4850 455 4915 ἐξ
505 4848 654 4917 ἀρᾶς
698 4850 794 4902 καί
839 4849 1106 4918 ψεύδους
1141 4849 1633 4920 διαγγελήσονται
1672 4853 1741 4905 ἐν

176 4943 508 5009 συντελείᾳ.
568 4940 954 5008 Ἐεάκουστος,
1004 4944 1175 5016 φησὶ,
1222 4943 1432 5013 γένοιτο
1482 4944 1660 4997 αὐτῶν
1706 4947 1739 5017 ή

179 5034 445 5089 συντέλεια
475 5036 567 5089 διὰ
593 5036 690 5100 τὰς
714 5036 955 5106 κατάρας
981 5037 1045 5102 ἃς
1082 5038 1425 5110 καταρῶνται
1458 5056 1539 5103 σε,
1570 5056 1739 5094 κατα-

176 5126 482 5202 ψευδόμενοι
521 5132 619 5202 τῆς
657 5133 754 5202 σῆς
793 5132 969 5204 δόξης.
995 5132 1312 5188 Συντέλειαν
1343 5136 1399 5188 δὲ
1434 5135 1495 5187 οὐ
1527 5134 1624 5207 τήν
1660 5138 1738 5199 εἰς

178 5215 232 5269 τὸ
268 5220 527 5283 παντελὲς
576 5220 846 5275 ἀπώλειαν
891 5220 984 5275 τοῦ
1029 5223 1214 5287 ἔθνους
1257 5224 1450 5295 φησιν,
1481 5224 1614 5277 ἀλλὰ
1641 5227 1737 5297 τὴν

181 5312 549 5383 καταστροφὴν
596 5314 695 5382 τῆς
742 5313 896 5384 δόξης
948 5314 1145 5369 αὐτῶν.
1195 5316 1329 5381 Δόξα
1366 5317 1422 5369 δὲ
1459 5317 1635 5371 αὐτῶν
1683 5321 1737 5372 al

180 5401 308 5453 κατὰ
359 5404 526 5474 νόμον
556 5403 821 5475 λατρεῖαι,
866 5410 894 5461 ὁ
943 5407 1081 5471 θεῖος
1111 5409 1255 5473 ναὸς,
1289 5410 1338 5461 οἱ
1372 5411 1664 5481 προφῆται,
1691 5414 1738 5464 οἱ

181 5490 464 5564 ἀρχιερεῖς,
489 5497 541 5548 οἱ
568 5497 1029 5568 νομοδιδάσκαλοι,
1061 5502 1094 5570 ή
1123 5501 1412 5571 ἐπιφάνεια
1432 5502 1539 5555 τῶν
1574 5504 1738 5571 ἀγγέ-

181 5578 296 5635 λων·
329 5586 473 5658 ἅπερ
512 5588 722 5642 ἅπαντα
768 5589 978 5662 ἁθρόως
1021 5592 1155 5663 μετὰ
1183 5591 1281 5663 τὴν
1317 5593 1457 5646 κατὰ
1495 5594 1587 5646 τοῦ
1632 5598 1741 5648 Κυ-

186 5673 289 5743 ρίου
320 5680 633 5760 μιαιιρονίαν
665 5683 1091 5741 συντετέλεσται.

1837 4686 2058 4747 propter
2091 4675 2336 4729 delictum
2370 4676 2477 4730 oris
2511 4691 2711 4742 eorum,
2754 4681 2809 4729 ct
2838 4681 3059 4742 propter
3086 4684 3275 4725 eorum
3314 4684 3408 4725 su-

1840 4767 2105 4836 perbiam.

1921 4857 2007 4912 15.
2042 4855 2110 4907 Et
2133 4859 2195 4908 de
2222 4856 2579 4909 exsecratione
2621 4861 2669 4907 et
2706 4850 2977 4905 mendacio
3019 4847 3411 4903 annuntiabun-

1843 4957 1928 5002 tur
1974 4949 2028 5001 in
2072 4947 2538 5000 consummatione.
2587 4942 2911 5011 Evulgetur,
2960 4939 3171 5010 inquit,
3218 4953 3410 4995 eorum

1845 5043 2268 5106 consummatio,
2300 5050 2521 5112 propter
2554 5038 2841 5095 maledicta
2862 5039 3060 5109 quibus
3087 5047 3137 5090 te
3159 5046 3409 5099 onerant,

1846 5138 2071 5208 gloriam
2113 5145 2261 5190 tuam
2297 5134 2712 5190 calumniantes.
2740 5129 3277 5187 Consummationem
3315 5142 3414 5179 au-

1848 5242 1976 5296 tem,
2012 5246 2116 5285 non
2146 5228 2359 5301 generis
2391 5226 2630 5282 universi
2662 5225 2912 5290 exitium,
2954 5223 3045 5279 sed
3073 5218 3412 5275 eversionem

1838 5326 2023 5397 gloriae
2072 5338 2260 5377 eorum
2304 5321 2555 5390 appellat.
2602 5318 2783 5373 Gloria
2835 5323 3014 5371 autem
3045 5327 3235 5368 eorum
3287 5320 3417 5367 sunt

1838 5418 2037 5489 legales
2083 5413 2260 5469 cultus
2287 5421 2451 5481 atque
2474 5411 2631 5471 ritus,
2669 5408 2913 5462 divinum
2965 5405 3249 5475 templum,
3280 5417 3406 5472 pro~

1838 5512 2033 5581 pheta,
2066 5506 2340 5575 principes
2370 5505 2736 5568 sacerdotum,
2773 5499 3023 5555 doctores
3061 5494 3219 5581 legis1
3248 5509 3415 5565 appao

1841 5579 1971 5656 ritio
1996 5598 2339 5668 angelorum,
2369 5611 2489 5664 quae
2514 5593 2799 5650 confertim
2829 5590 3010 5646 omnia
3048 5601 3168 5660 post
3196 5579 3415 5643 Domini

1842 5693 2041 5747 caedem
2070 5695 2451 5744 consummata
2480 5695 2607 5743 sunt
2636 5691 2645 5705 '

248 5785 355 5860 ﬁt)
384 5793 658 5849 Adrianus
699 5794 987 5864 imperator
1025 5798 1192 5852 rctuit
1227 5795 1444 5856 Judeos
1476 5798 1867 5857 ierosolvmam
1907 5800 2181 5856 accedere.

250 5882 293 5913 θ’
318 5880 477 5939 Joan.
507 5900 625 5950 xix,
664 5884 751 5940 15.

490 5980 761 6040 Parnm.
800 5981 917 6042 Gn.
953 5980 1211 6043 XXVII.
