  <div class='ocr_page' id='page_1' title='image "/cluster/home/n/w/nwhite01/storage/ocr_20150623/27/uva.x030474749/144.png"; bbox 0 0 4108 6490; ppageno 0'>
   <div class='ocr_carea' id='block_1_1' title="bbox 152 437 246 494">
    <p class='ocr_par' dir='ltr' id='par_1_1' title="bbox 152 437 246 494">
     <span class='ocr_line' id='line_1_1' title="bbox 152 437 246 494; baseline -0.021 0"><span class='ocrx_word' id='word_1_1' title='bbox 152 437 246 494; x_wconf 68' lang='grc' dir='ltr'>ὶθθ</span> 
     </span>
    </p>
   </div>
   <div class='ocr_carea' id='block_1_2' title="bbox 1260 417 2270 484">
    <p class='ocr_par' dir='ltr' id='par_1_2' title="bbox 1260 417 2270 484">
     <span class='ocr_line' id='line_1_2' title="bbox 1260 417 2270 484; baseline -0.01 -1"><span class='ocrx_word' id='word_1_2' title='bbox 1260 420 1624 484; x_wconf 77' lang='lat' dir='ltr'><strong>EXPOSITIO</strong></span> <span class='ocrx_word' id='word_1_3' title='bbox 1654 419 1722 476; x_wconf 81' lang='lat' dir='ltr'><strong>IN</strong></span> <span class='ocrx_word' id='word_1_4' title='bbox 1756 418 2089 478; x_wconf 72' lang='lat' dir='ltr'><strong>PSALMUM</strong></span> <span class='ocrx_word' id='word_1_5' title='bbox 2132 417 2270 477; x_wconf 78' lang='lat' dir='ltr'><strong>LIX.</strong></span> 
     </span>
    </p>
   </div>
   <div class='ocr_carea' id='block_1_3' title="bbox 3246 405 3347 463">
    <p class='ocr_par' dir='ltr' id='par_1_3' title="bbox 3246 405 3347 463">
     <span class='ocr_line' id='line_1_3' title="bbox 3246 405 3347 463; baseline -0.03 0"><span class='ocrx_word' id='word_1_6' title='bbox 3246 405 3347 463; x_wconf 68' lang='grc' dir='ltr'><strong>ετο</strong></span> 
     </span>
    </p>
   </div>
   <div class='ocr_carea' id='block_1_4' title="bbox 212 524 1705 617">
    <p class='ocr_par' dir='ltr' id='par_1_4' title="bbox 212 537 1698 617">
     <span class='ocr_line' id='line_1_4' title="bbox 212 537 1698 617; baseline -0.007 -18"><span class='ocrx_word' id='word_1_7' title='bbox 212 544 292 598; x_wconf 74' lang='grc' dir='ltr'><strong>διὰ</strong></span> <span class='ocrx_word' id='word_1_8' title='bbox 326 543 565 617; x_wconf 73' lang='grc' dir='ltr'>Χριστὸν</span> <span class='ocrx_word' id='word_1_9' title='bbox 588 541 874 616; x_wconf 68' lang='grc' dir='ltr'>ἷτιμωρίας</span> <span class='ocrx_word' id='word_1_10' title='bbox 911 538 1183 612; x_wconf 80' lang='grc' dir='ltr'>γεγονὼς,</span> <span class='ocrx_word' id='word_1_11' title='bbox 1213 537 1547 612; x_wconf 68' lang='grc' dir='ltr'>δπιστροφήν</span> <span class='ocrx_word' id='word_1_12' title='bbox 1577 552 1698 589; x_wconf 88' lang='grc' dir='ltr'>τινα</span> 
     </span>
    </p>
   </div>
   <div class='ocr_carea' id='block_1_5' title="bbox 1807 524 3350 617">
    <p class='ocr_par' dir='ltr' id='par_1_5' title="bbox 1867 524 3350 603">
     <span class='ocr_line' id='line_1_5' title="bbox 1867 524 3350 603; baseline -0.006 -12"><span class='ocrx_word' id='word_1_13' title='bbox 1867 533 2132 599; x_wconf 85' lang='lat' dir='ltr'><strong>converti,</strong></span> <span class='ocrx_word' id='word_1_14' title='bbox 2163 527 2521 603; x_wconf 73' lang='lat' dir='ltr'><strong>postulantem</strong></span> <span class='ocrx_word' id='word_1_15' title='bbox 2554 525 2673 582; x_wconf 89' lang='lat' dir='ltr'><strong>dari</strong></span> <span class='ocrx_word' id='word_1_16' title='bbox 2708 524 2809 583; x_wconf 89' lang='lat' dir='ltr'><strong>sibi</strong></span> <span class='ocrx_word' id='word_1_17' title='bbox 2835 524 3059 597; x_wconf 74' lang='lat' dir='ltr'><strong>gratiam</strong></span> <span class='ocrx_word' id='word_1_18' title='bbox 3087 539 3178 597; x_wconf 88' lang='lat' dir='ltr'><strong>per</strong></span> <span class='ocrx_word' id='word_1_19' title='bbox 3195 525 3350 582; x_wconf 85' lang='lat' dir='ltr'><strong>Chri-</strong></span> 
     </span>
    </p>
   </div>
   <div class='ocr_carea' id='block_1_6' title="bbox 215 626 1702 703">
    <p class='ocr_par' dir='ltr' id='par_1_6' title="bbox 215 626 1702 703">
     <span class='ocr_line' id='line_1_6' title="bbox 215 626 1702 703; baseline -0.007 -13"><span class='ocrx_word' id='word_1_20' title='bbox 215 639 459 702; x_wconf 81' lang='grc' dir='ltr'>ποιεῖται,</span> <span class='ocrx_word' id='word_1_21' title='bbox 488 635 658 690; x_wconf 86' lang='grc' dir='ltr'>αίτῶν</span> <span class='ocrx_word' id='word_1_22' title='bbox 685 635 780 689; x_wconf 77' lang='grc' dir='ltr'><strong>καὶ</strong></span> <span class='ocrx_word' id='word_1_23' title='bbox 808 632 968 697; x_wconf 80' lang='grc' dir='ltr'>αὐτὸς</span> <span class='ocrx_word' id='word_1_24' title='bbox 997 632 1098 703; x_wconf 85' lang='grc' dir='ltr'><strong>τῆς</strong></span> <span class='ocrx_word' id='word_1_25' title='bbox 1125 630 1212 685; x_wconf 83' lang='grc' dir='ltr'><strong>διὰ</strong></span> <span class='ocrx_word' id='word_1_26' title='bbox 1229 629 1457 700; x_wconf 82' lang='grc' dir='ltr'>Χριστὸν</span> <span class='ocrx_word' id='word_1_27' title='bbox 1486 626 1702 699; x_wconf 83' lang='grc' dir='ltr'>χάριτος</span> 
     </span>
    </p>
   </div>
   <div class='ocr_carea' id='block_1_7' title="bbox 212 717 1703 801">
    <p class='ocr_par' dir='ltr' id='par_1_7' title="bbox 212 717 1703 801">
     <span class='ocr_line' id='line_1_7' title="bbox 212 717 1703 801; baseline -0.009 -17"><span class='ocrx_word' id='word_1_28' title='bbox 212 729 519 801; x_wconf 75' lang='grc' dir='ltr'>ἀξιωθῆναι.</span> <span class='ocrx_word' id='word_1_29' title='bbox 569 727 943 782; x_wconf 76' lang='grc' dir='ltr'>Ἀποκλαίεται</span> <span class='ocrx_word' id='word_1_30' title='bbox 964 725 1021 779; x_wconf 73' lang='grc' dir='ltr'><strong>δὲ</strong></span> <span class='ocrx_word' id='word_1_31' title='bbox 1045 724 1259 796; x_wconf 83' lang='grc' dir='ltr'>πρῶτον</span> <span class='ocrx_word' id='word_1_32' title='bbox 1280 722 1380 793; x_wconf 79' lang='grc' dir='ltr'>τὴν</span> <span class='ocrx_word' id='word_1_33' title='bbox 1407 717 1703 790; x_wconf 78' lang='grc' dir='ltr'><strong>γενομένην</strong></span> 
     </span>
    </p>
   </div>
   <div class='ocr_carea' id='block_1_8' title="bbox 211 809 1700 893">
    <p class='ocr_par' dir='ltr' id='par_1_8' title="bbox 211 809 1700 893">
     <span class='ocr_line' id='line_1_8' title="bbox 211 809 1700 893; baseline -0.007 -19"><span class='ocrx_word' id='word_1_34' title='bbox 211 821 349 892; x_wconf 78' lang='grc' dir='ltr'>αὐτῷ</span> <span class='ocrx_word' id='word_1_35' title='bbox 374 821 461 874; x_wconf 83' lang='grc' dir='ltr'><strong>διὰ</strong></span> <span class='ocrx_word' id='word_1_36' title='bbox 483 820 587 891; x_wconf 72' lang='grc' dir='ltr'>τὴν</span> <span class='ocrx_word' id='word_1_37' title='bbox 612 822 693 885; x_wconf 80' lang='grc' dir='ltr'><em>είς</em></span> <span class='ocrx_word' id='word_1_38' title='bbox 716 819 947 893; x_wconf 80' lang='grc' dir='ltr'>Χριστὸν</span> <span class='ocrx_word' id='word_1_39' title='bbox 968 815 1280 873; x_wconf 78' lang='grc' dir='ltr'>δυσσέϐειαν</span> <span class='ocrx_word' id='word_1_40' title='bbox 1302 809 1700 883; x_wconf 80' lang='grc' dir='ltr'>καταστροφὴν,</span> 
     </span>
    </p>
   </div>
   <div class='ocr_carea' id='block_1_9' title="bbox 210 914 617 985">
    <p class='ocr_par' dir='ltr' id='par_1_9' title="bbox 210 914 617 985">
     <span class='ocr_line' id='line_1_9' title="bbox 210 914 617 985; baseline 0 -18"><span class='ocrx_word' id='word_1_41' title='bbox 210 914 285 967; x_wconf 78' lang='grc' dir='ltr'><strong>διὸ</strong></span> <span class='ocrx_word' id='word_1_42' title='bbox 307 914 397 967; x_wconf 81' lang='grc' dir='ltr'>καί</span> <span class='ocrx_word' id='word_1_43' title='bbox 426 927 617 985; x_wconf 76' lang='grc' dir='ltr'>φησιν’</span> 
     </span>
    </p>
   </div>
   <div class='ocr_carea' id='block_1_10' title="bbox 222 990 1702 1072">
    <p class='ocr_par' dir='ltr' id='par_1_10' title="bbox 222 990 1702 1072">
     <span class='ocr_line' id='line_1_10' title="bbox 222 990 1702 1072; baseline -0.007 -14"><span class='ocrx_word' id='word_1_44' title='bbox 222 1006 272 1058; x_wconf 90' lang='lat'><strong>&#39;0</strong></span> <span class='ocrx_word' id='word_1_45' title='bbox 302 1004 467 1072; x_wconf 84' lang='grc' dir='ltr'><strong>Θεὸς,</strong></span> <span class='ocrx_word' id='word_1_46' title='bbox 496 1001 721 1060; x_wconf 74' lang='grc' dir='ltr'><em>ἀπώσω</em></span> <span class='ocrx_word' id='word_1_47' title='bbox 741 1000 917 1072; x_wconf 69' lang='grc' dir='ltr'><strong>ἡμᾶς,</strong></span> <span class='ocrx_word' id='word_1_48' title='bbox 950 1000 1048 1055; x_wconf 79' lang='grc' dir='ltr'><em>καί</em></span> <span class='ocrx_word' id='word_1_49' title='bbox 1091 997 1361 1063; x_wconf 72' lang='grc' dir='ltr'><em>καθεῖλες</em></span> <span class='ocrx_word' id='word_1_50' title='bbox 1382 991 1560 1065; x_wconf 69' lang='grc' dir='ltr'><em>ἡμᾶς,</em></span> <span class='ocrx_word' id='word_1_51' title='bbox 1592 990 1702 1060; x_wconf 82' lang='grc' dir='ltr'><strong>ὼρ-</strong></span> 
     </span>
    </p>
   </div>
   <div class='ocr_carea' id='block_1_11' title="bbox 152 1086 1701 1166">
    <p class='ocr_par' dir='ltr' id='par_1_11' title="bbox 152 1086 1701 1166">
     <span class='ocr_line' id='line_1_11' title="bbox 152 1086 1701 1166; baseline -0.008 -15"><span class='ocrx_word' id='word_1_52' title='bbox 152 1097 341 1166; x_wconf 76' lang='grc' dir='ltr'>τίσθης</span> <span class='ocrx_word' id='word_1_53' title='bbox 388 1095 488 1149; x_wconf 76' lang='grc' dir='ltr'><em>καί</em></span> <span class='ocrx_word' id='word_1_54' title='bbox 534 1094 903 1163; x_wconf 78' lang='grc' dir='ltr'>ᾠκτείρησας</span> <span class='ocrx_word' id='word_1_55' title='bbox 932 1089 1111 1163; x_wconf 78' lang='grc' dir='ltr'><strong>ἡμᾶς.</strong></span> <span class='ocrx_word' id='word_1_56' title='bbox 1148 1088 1501 1161; x_wconf 81' lang='grc' dir='ltr'>Ἐτιμωρήσω</span> <span class='ocrx_word' id='word_1_57' title='bbox 1531 1086 1701 1156; x_wconf 71' lang='grc' dir='ltr'>ἡμᾶς,</span> 
     </span>
    </p>
   </div>
   <div class='ocr_carea' id='block_1_12' title="bbox 152 1177 1704 1261">
    <p class='ocr_par' dir='ltr' id='par_1_12' title="bbox 152 1177 1704 1261">
     <span class='ocr_line' id='line_1_12' title="bbox 152 1177 1704 1261; baseline -0.007 -19"><span class='ocrx_word' id='word_1_58' title='bbox 152 1188 289 1261; x_wconf 72' lang='grc' dir='ltr'>φησὶ,</span> <span class='ocrx_word' id='word_1_59' title='bbox 318 1186 408 1242; x_wconf 81' lang='grc' dir='ltr'><strong>διὰ</strong></span> <span class='ocrx_word' id='word_1_60' title='bbox 434 1187 537 1257; x_wconf 77' lang='grc' dir='ltr'><strong>τὴν</strong></span> <span class='ocrx_word' id='word_1_61' title='bbox 571 1187 654 1249; x_wconf 87' lang='grc' dir='ltr'><em>είς</em></span> <span class='ocrx_word' id='word_1_62' title='bbox 688 1185 747 1239; x_wconf 78' lang='grc' dir='ltr'>σὲ</span> <span class='ocrx_word' id='word_1_63' title='bbox 783 1182 1156 1255; x_wconf 80' lang='grc' dir='ltr'><strong>γεγενημένην</strong></span> <span class='ocrx_word' id='word_1_64' title='bbox 1195 1177 1704 1235; x_wconf 75' lang='grc' dir='ltr'>δυσσέϐειαν.Ἀλλά</span> 
     </span>
    </p>
   </div>
   <div class='ocr_carea' id='block_1_13' title="bbox 150 1270 1701 1353">
    <p class='ocr_par' dir='ltr' id='par_1_13' title="bbox 150 1270 1701 1353">
     <span class='ocr_line' id='line_1_13' title="bbox 150 1270 1701 1353; baseline -0.006 -19"><span class='ocrx_word' id='word_1_65' title='bbox 150 1284 234 1335; x_wconf 74' lang='grc' dir='ltr'><strong>καὶ</strong></span> <span class='ocrx_word' id='word_1_66' title='bbox 254 1279 592 1353; x_wconf 77' lang='grc' dir='ltr'>ᾠκτεέρησας</span> <span class='ocrx_word' id='word_1_67' title='bbox 611 1280 781 1350; x_wconf 80' lang='grc' dir='ltr'><strong>ἡμᾶς’</strong></span> <span class='ocrx_word' id='word_1_68' title='bbox 803 1276 863 1330; x_wconf 83' lang='grc' dir='ltr'><strong>τὸ</strong></span> <span class='ocrx_word' id='word_1_69' title='bbox 887 1275 1015 1348; x_wconf 82' lang='grc' dir='ltr'>γάρ,</span> <span class='ocrx_word' id='word_1_70' title='bbox 1041 1276 1424 1343; x_wconf 81' lang='grc' dir='ltr'>ᾠκτείρησας,</span> <span class='ocrx_word' id='word_1_71' title='bbox 1445 1274 1565 1327; x_wconf 77' lang='grc' dir='ltr'>ἀντὶ</span> <span class='ocrx_word' id='word_1_72' title='bbox 1584 1270 1701 1336; x_wconf 80' lang='grc' dir='ltr'>τοῦ,</span> 
     </span>
    </p>
   </div>
   <div class='ocr_carea' id='block_1_14' title="bbox 151 1360 1702 1438">
    <p class='ocr_par' dir='ltr' id='par_1_14' title="bbox 151 1360 1702 1438">
     <span class='ocr_line' id='line_1_14' title="bbox 151 1360 1702 1438; baseline -0.006 -15"><span class='ocrx_word' id='word_1_73' title='bbox 151 1370 528 1437; x_wconf 77' lang='grc' dir='ltr'>οίκτείρησον,</span> <span class='ocrx_word' id='word_1_74' title='bbox 570 1368 604 1438; x_wconf 77' lang='grc' dir='ltr'><strong>ἢ</strong></span> <span class='ocrx_word' id='word_1_75' title='bbox 650 1366 819 1429; x_wconf 77' lang='grc' dir='ltr'>ἄλλως</span> <span class='ocrx_word' id='word_1_76' title='bbox 861 1364 952 1428; x_wconf 74' lang='grc' dir='ltr'>τὸ,</span> <span class='ocrx_word' id='word_1_77' title='bbox 998 1365 1387 1432; x_wconf 79' lang='grc' dir='ltr'>ᾠκτείρησας,</span> <span class='ocrx_word' id='word_1_78' title='bbox 1441 1360 1702 1424; x_wconf 73' lang='grc' dir='ltr'><strong>ἐλεεινοὺς</strong></span> 
     </span>
    </p>
   </div>
   <div class='ocr_carea' id='block_1_15' title="bbox 151 1451 1703 1530">
    <p class='ocr_par' dir='ltr' id='par_1_15' title="bbox 151 1451 1703 1530">
     <span class='ocr_line' id='line_1_15' title="bbox 151 1451 1703 1530; baseline -0.006 -16"><span class='ocrx_word' id='word_1_79' title='bbox 151 1464 233 1515; x_wconf 83' lang='grc' dir='ltr'><strong>καὶ</strong></span> <span class='ocrx_word' id='word_1_80' title='bbox 263 1462 473 1525; x_wconf 77' lang='grc' dir='ltr'>ἀθλίους</span> <span class='ocrx_word' id='word_1_81' title='bbox 498 1460 810 1530; x_wconf 73' lang='grc' dir='ltr'><strong>ἀπέφηνας,</strong></span> <span class='ocrx_word' id='word_1_82' title='bbox 844 1458 919 1521; x_wconf 83' lang='grc' dir='ltr'><em>ὡς</em></span> <span class='ocrx_word' id='word_1_83' title='bbox 948 1455 1038 1511; x_wconf 86' lang='grc' dir='ltr'><strong>διά</strong></span> <span class='ocrx_word' id='word_1_84' title='bbox 1068 1456 1167 1519; x_wconf 84' lang='grc' dir='ltr'>τάς</span> <span class='ocrx_word' id='word_1_85' title='bbox 1205 1453 1487 1527; x_wconf 81' lang='grc' dir='ltr'>συμφορὰς</span> <span class='ocrx_word' id='word_1_86' title='bbox 1515 1451 1703 1523; x_wconf 83' lang='grc' dir='ltr'>καιρὸν</span> 
     </span>
    </p>
   </div>
   <div class='ocr_carea' id='block_1_16' title="bbox 150 1540 1700 1622">
    <p class='ocr_par' dir='ltr' id='par_1_16' title="bbox 150 1540 1700 1622">
     <span class='ocr_line' id='line_1_16' title="bbox 150 1540 1700 1622; baseline -0.002 -14"><span class='ocrx_word' id='word_1_87' title='bbox 150 1550 269 1607; x_wconf 81' lang='grc' dir='ltr'>εἶναι</span> <span class='ocrx_word' id='word_1_88' title='bbox 303 1549 770 1622; x_wconf 79' lang='grc' dir='ltr'>κατοικτείρεσθαι</span> <span class='ocrx_word' id='word_1_89' title='bbox 802 1549 1004 1602; x_wconf 77' lang='grc' dir='ltr'>λοιπόν.</span> <span class='ocrx_word' id='word_1_90' title='bbox 1032 1545 1399 1609; x_wconf 79' lang='grc' dir='ltr'><em>Συνέσεισας</em></span> <span class='ocrx_word' id='word_1_91' title='bbox 1422 1542 1534 1610; x_wconf 76' lang='grc' dir='ltr'>τὴν</span> <span class='ocrx_word' id='word_1_92' title='bbox 1562 1540 1700 1611; x_wconf 62' lang='grc' dir='ltr'><strong>γῆν,</strong></span> 
     </span>
    </p>
   </div>
   <div class='ocr_carea' id='block_1_17' title="bbox 150 1634 1701 1713">
    <p class='ocr_par' dir='ltr' id='par_1_17' title="bbox 150 1634 1701 1713">
     <span class='ocr_line' id='line_1_17' title="bbox 150 1634 1701 1713; baseline -0.01 -12"><span class='ocrx_word' id='word_1_93' title='bbox 150 1649 235 1701; x_wconf 76' lang='grc' dir='ltr'><em>καί</em></span> <span class='ocrx_word' id='word_1_94' title='bbox 271 1644 690 1713; x_wconf 75' lang='grc' dir='ltr'><strong>συνετάραξας</strong></span> <span class='ocrx_word' id='word_1_95' title='bbox 730 1639 940 1708; x_wconf 85' lang='grc' dir='ltr'><strong>αὐτήν.</strong></span> <span class='ocrx_word' id='word_1_96' title='bbox 992 1639 1103 1710; x_wconf 83' lang='grc' dir='ltr'><strong>Τὴν</strong></span> <span class='ocrx_word' id='word_1_97' title='bbox 1156 1634 1507 1708; x_wconf 85' lang='grc' dir='ltr'>Ἰερουσαλήμ</span> <span class='ocrx_word' id='word_1_98' title='bbox 1548 1649 1701 1703; x_wconf 81' lang='grc' dir='ltr'>φησι,</span> 
     </span>
    </p>
   </div>
   <div class='ocr_carea' id='block_1_18' title="bbox 150 1728 1701 1807">
    <p class='ocr_par' dir='ltr' id='par_1_18' title="bbox 150 1728 1701 1807">
     <span class='ocr_line' id='line_1_18' title="bbox 150 1728 1701 1807; baseline -0.009 -16"><span class='ocrx_word' id='word_1_99' title='bbox 150 1737 227 1791; x_wconf 80' lang='grc' dir='ltr'>διά</span> <span class='ocrx_word' id='word_1_100' title='bbox 260 1738 317 1801; x_wconf 64' lang='grc' dir='ltr'>τὸ</span> <span class='ocrx_word' id='word_1_101' title='bbox 350 1735 781 1807; x_wconf 75' lang='grc' dir='ltr'><strong>πολιορκηθῆναι</strong></span> <span class='ocrx_word' id='word_1_102' title='bbox 806 1731 994 1804; x_wconf 82' lang='grc' dir='ltr'>αὐτὴν,</span> <span class='ocrx_word' id='word_1_103' title='bbox 1025 1733 1121 1784; x_wconf 75' lang='grc' dir='ltr'>καὶ</span> <span class='ocrx_word' id='word_1_104' title='bbox 1148 1730 1238 1785; x_wconf 83' lang='grc' dir='ltr'><strong>τὸν</strong></span> <span class='ocrx_word' id='word_1_105' title='bbox 1267 1731 1324 1782; x_wconf 81' lang='grc' dir='ltr'>ὲν</span> <span class='ocrx_word' id='word_1_106' title='bbox 1363 1728 1500 1797; x_wconf 76' lang='grc' dir='ltr'>αὐτῇ</span> <span class='ocrx_word' id='word_1_107' title='bbox 1532 1742 1701 1778; x_wconf 84' lang='grc' dir='ltr'>κατα-</span> 
     </span>
    </p>
   </div>
   <div class='ocr_carea' id='block_1_19' title="bbox 152 1815 1702 1898">
    <p class='ocr_par' dir='ltr' id='par_1_19' title="bbox 152 1815 1702 1898">
     <span class='ocr_line' id='line_1_19' title="bbox 152 1815 1702 1898; baseline -0.005 -18"><span class='ocrx_word' id='word_1_108' title='bbox 152 1827 434 1898; x_wconf 81' lang='grc' dir='ltr'>στραφῆναι</span> <span class='ocrx_word' id='word_1_109' title='bbox 478 1824 637 1878; x_wconf 86' lang='grc' dir='ltr'>νεών.</span> <span class='ocrx_word' id='word_1_110' title='bbox 668 1825 740 1877; x_wconf 82' lang='grc' dir='ltr'><strong>Ἦ</strong></span> <span class='ocrx_word' id='word_1_111' title='bbox 774 1823 866 1877; x_wconf 76' lang='grc' dir='ltr'><strong>καὶ</strong></span> <span class='ocrx_word' id='word_1_112' title='bbox 896 1822 995 1893; x_wconf 81' lang='grc' dir='ltr'>τὴν</span> <span class='ocrx_word' id='word_1_113' title='bbox 1035 1821 1229 1891; x_wconf 84' lang='grc' dir='ltr'>νοητὴν</span> <span class='ocrx_word' id='word_1_114' title='bbox 1260 1817 1438 1872; x_wconf 81' lang='grc' dir='ltr'>αὐτῶν</span> <span class='ocrx_word' id='word_1_115' title='bbox 1466 1815 1567 1886; x_wconf 75' lang='grc' dir='ltr'>γῆν</span> <span class='ocrx_word' id='word_1_116' title='bbox 1598 1831 1702 1885; x_wconf 81' lang='grc' dir='ltr'><strong>φη-</strong></span> 
     </span>
    </p>
   </div>
   <div class='ocr_carea' id='block_1_20' title="bbox 1873 618 3352 693">
    <p class='ocr_par' dir='ltr' id='par_1_20' title="bbox 1873 618 3352 693">
     <span class='ocr_line' id='line_1_20' title="bbox 1873 618 3352 693; baseline -0.006 -12"><span class='ocrx_word' id='word_1_117' title='bbox 1873 636 2041 681; x_wconf 89' lang='lat' dir='ltr'><strong>stum.</strong></span> <span class='ocrx_word' id='word_1_118' title='bbox 2067 624 2321 693; x_wconf 75' lang='lat' dir='ltr'><strong>Deplorat</strong></span> <span class='ocrx_word' id='word_1_119' title='bbox 2350 629 2529 677; x_wconf 84' lang='lat' dir='ltr'><strong>autem</strong></span> <span class='ocrx_word' id='word_1_120' title='bbox 2552 620 2785 692; x_wconf 89' lang='lat' dir='ltr'><strong>primum</strong></span> <span class='ocrx_word' id='word_1_121' title='bbox 2812 618 3010 673; x_wconf 91' lang='lat' dir='ltr'><strong>illatam</strong></span> <span class='ocrx_word' id='word_1_122' title='bbox 3044 618 3143 673; x_wconf 86' lang='lat' dir='ltr'><strong>sibi</strong></span> <span class='ocrx_word' id='word_1_123' title='bbox 3167 618 3235 673; x_wconf 91' lang='lat' dir='ltr'><strong>ob</strong></span> <span class='ocrx_word' id='word_1_124' title='bbox 3258 619 3352 673; x_wconf 88' lang='lat' dir='ltr'><strong>im-</strong></span> 
     </span>
    </p>
   </div>
   <div class='ocr_carea' id='block_1_21' title="bbox 1872 711 3130 789">
    <p class='ocr_par' dir='ltr' id='par_1_21' title="bbox 1872 711 3130 789">
     <span class='ocr_line' id='line_1_21' title="bbox 1872 711 3130 789; baseline -0.004 -18"><span class='ocrx_word' id='word_1_125' title='bbox 1872 718 2123 789; x_wconf 83' lang='lat' dir='ltr'><strong>pietatem</strong></span> <span class='ocrx_word' id='word_1_126' title='bbox 2156 716 2211 771; x_wconf 88' lang='lat' dir='ltr'><strong>in</strong></span> <span class='ocrx_word' id='word_1_127' title='bbox 2242 714 2515 770; x_wconf 82' lang='lat' dir='ltr'><strong>Christum</strong></span> <span class='ocrx_word' id='word_1_128' title='bbox 2544 713 2781 780; x_wconf 89' lang='lat' dir='ltr'><strong>ruinam,</strong></span> <span class='ocrx_word' id='word_1_129' title='bbox 2809 727 2979 783; x_wconf 88' lang='lat' dir='ltr'><strong>quare</strong></span> <span class='ocrx_word' id='word_1_130' title='bbox 3011 711 3087 767; x_wconf 92' lang='lat' dir='ltr'><strong>ait</strong></span> <span class='ocrx_word' id='word_1_131' title='bbox 3116 730 3130 766; x_wconf 91' lang='lat'><strong>:</strong></span> 
     </span>
    </p>
   </div>
   <div class='ocr_carea' id='block_1_22' title="bbox 1870 965 3355 1043">
    <p class='ocr_par' dir='ltr' id='par_1_22' title="bbox 1870 965 3355 1043">
     <span class='ocr_line' id='line_1_22' title="bbox 1870 965 3355 1043; baseline -0.01 -13"><span class='ocrx_word' id='word_1_132' title='bbox 1870 976 1926 1043; x_wconf 79' lang='lat'><strong>3,</strong></span> <span class='ocrx_word' id='word_1_133' title='bbox 1961 974 2019 1031; x_wconf 71' lang='grc' dir='ltr'>ι.</span> <span class='ocrx_word' id='word_1_134' title='bbox 2056 973 2216 1040; x_wconf 85' lang='lat' dir='ltr'><strong>Deus,</strong></span> <span class='ocrx_word' id='word_1_135' title='bbox 2248 970 2487 1042; x_wconf 82' lang='lat' dir='ltr'><strong>repulisti</strong></span> <span class='ocrx_word' id='word_1_136' title='bbox 2518 985 2608 1023; x_wconf 83' lang='lat' dir='ltr'><strong>nos</strong></span> <span class='ocrx_word' id='word_1_137' title='bbox 2635 977 2683 1023; x_wconf 90' lang='lat' dir='ltr'><strong>et</strong></span> <span class='ocrx_word' id='word_1_138' title='bbox 2715 966 3019 1022; x_wconf 74' lang='lat' dir='ltr'><strong>destruxiin</strong></span> <span class='ocrx_word' id='word_1_139' title='bbox 3047 981 3159 1028; x_wconf 89' lang='lat' dir='ltr'><strong>nos,</strong></span> <span class='ocrx_word' id='word_1_140' title='bbox 3187 965 3355 1017; x_wconf 86' lang='lat' dir='ltr'><strong>iratus</strong></span> 
     </span>
    </p>
   </div>
   <div class='ocr_carea' id='block_1_23' title="bbox 1800 1057 3358 1133">
    <p class='ocr_par' dir='ltr' id='par_1_23' title="bbox 1800 1057 3358 1133">
     <span class='ocr_line' id='line_1_23' title="bbox 1800 1057 3358 1133; baseline -0.006 -11"><span class='ocrx_word' id='word_1_141' title='bbox 1800 1084 1853 1122; x_wconf 87' lang='lat' dir='ltr'><strong>es</strong></span> <span class='ocrx_word' id='word_1_142' title='bbox 1875 1077 1925 1122; x_wconf 85' lang='lat' dir='ltr'><strong>et</strong></span> <span class='ocrx_word' id='word_1_143' title='bbox 1951 1068 2194 1123; x_wconf 81' lang='lat' dir='ltr'><strong>misertus</strong></span> <span class='ocrx_word' id='word_1_144' title='bbox 2226 1081 2278 1119; x_wconf 90' lang='lat' dir='ltr'><strong>es</strong></span> <span class='ocrx_word' id='word_1_145' title='bbox 2308 1064 2473 1119; x_wconf 85' lang='lat' dir='ltr'><strong>nobis.</strong></span> <span class='ocrx_word' id='word_1_146' title='bbox 2503 1061 2862 1133; x_wconf 84' lang='lat' dir='ltr'><strong>Supplicium,</strong></span> <span class='ocrx_word' id='word_1_147' title='bbox 2892 1058 3085 1129; x_wconf 88' lang='lat' dir='ltr'><strong>inquit,</strong></span> <span class='ocrx_word' id='word_1_148' title='bbox 3109 1059 3175 1113; x_wconf 81' lang='lat' dir='ltr'><strong>de</strong></span> <span class='ocrx_word' id='word_1_149' title='bbox 3202 1057 3358 1112; x_wconf 88' lang='lat' dir='ltr'><strong>nobis</strong></span> 
     </span>
    </p>
   </div>
   <div class='ocr_carea' id='block_1_24' title="bbox 1803 1147 3357 1229">
    <p class='ocr_par' dir='ltr' id='par_1_24' title="bbox 1803 1147 3357 1229">
     <span class='ocr_line' id='line_1_24' title="bbox 1803 1147 3357 1229; baseline -0.01 -13"><span class='ocrx_word' id='word_1_150' title='bbox 1803 1158 2081 1229; x_wconf 88' lang='lat' dir='ltr'><strong>sumpsisti</strong></span> <span class='ocrx_word' id='word_1_151' title='bbox 2122 1157 2192 1212; x_wconf 88' lang='lat' dir='ltr'><strong>ob</strong></span> <span class='ocrx_word' id='word_1_152' title='bbox 2232 1165 2475 1211; x_wconf 88' lang='lat' dir='ltr'><strong>nostram</strong></span> <span class='ocrx_word' id='word_1_153' title='bbox 2500 1170 2626 1224; x_wconf 78' lang='lat' dir='ltr'><strong>erga</strong></span> <span class='ocrx_word' id='word_1_154' title='bbox 2655 1164 2704 1208; x_wconf 90' lang='lat' dir='ltr'><strong>te</strong></span> <span class='ocrx_word' id='word_1_155' title='bbox 2736 1152 3084 1221; x_wconf 83' lang='lat' dir='ltr'><strong>impietatem.</strong></span> <span class='ocrx_word' id='word_1_156' title='bbox 3117 1148 3221 1204; x_wconf 85' lang='lat' dir='ltr'><strong>Sed</strong></span> <span class='ocrx_word' id='word_1_157' title='bbox 3254 1147 3357 1202; x_wconf 85' lang='lat' dir='ltr'><strong>mi-</strong></span> 
     </span>
    </p>
   </div>
   <div class='ocr_carea' id='block_1_25' title="bbox 1803 1241 3357 1313">
    <p class='ocr_par' dir='ltr' id='par_1_25' title="bbox 1803 1241 3357 1313">
     <span class='ocr_line' id='line_1_25' title="bbox 1803 1241 3357 1313; baseline -0.01 -5"><span class='ocrx_word' id='word_1_158' title='bbox 1803 1261 1982 1308; x_wconf 90' lang='lat' dir='ltr'><strong>sertus</strong></span> <span class='ocrx_word' id='word_1_159' title='bbox 2007 1266 2068 1307; x_wconf 89' lang='lat' dir='ltr'><strong>es</strong></span> <span class='ocrx_word' id='word_1_160' title='bbox 2095 1250 2287 1313; x_wconf 91' lang='lat' dir='ltr'><strong>nobis;</strong></span> <span class='ocrx_word' id='word_1_161' title='bbox 2322 1247 2452 1301; x_wconf 90' lang='lat' dir='ltr'><strong>illud</strong></span> <span class='ocrx_word' id='word_1_162' title='bbox 2484 1246 2686 1311; x_wconf 86' lang='lat' dir='ltr'><strong>autem,</strong></span> <span class='ocrx_word' id='word_1_163' title='bbox 2716 1246 2958 1299; x_wconf 73' lang='lat' dir='ltr'><strong>misertus</strong></span> <span class='ocrx_word' id='word_1_164' title='bbox 2983 1260 3035 1297; x_wconf 87' lang='lat' dir='ltr'><strong>es</strong></span> <span class='ocrx_word' id='word_1_165' title='bbox 3066 1256 3161 1311; x_wconf 90' lang='lat' dir='ltr'><strong>pro</strong></span> <span class='ocrx_word' id='word_1_166' title='bbox 3200 1241 3357 1294; x_wconf 82' lang='lat' dir='ltr'><strong>mise-</strong></span> 
     </span>
    </p>
   </div>
   <div class='ocr_carea' id='block_1_26' title="bbox 1803 1332 3360 1413">
    <p class='ocr_par' dir='ltr' id='par_1_26' title="bbox 1803 1332 3360 1413">
     <span class='ocr_line' id='line_1_26' title="bbox 1803 1332 3360 1413; baseline -0.006 -19"><span class='ocrx_word' id='word_1_167' title='bbox 1803 1360 1916 1398; x_wconf 83' lang='lat' dir='ltr'><strong>rere</strong></span> <span class='ocrx_word' id='word_1_168' title='bbox 1941 1342 2174 1413; x_wconf 87' lang='lat' dir='ltr'><strong>positum</strong></span> <span class='ocrx_word' id='word_1_169' title='bbox 2206 1350 2308 1406; x_wconf 90' lang='lat' dir='ltr'><strong>est,</strong></span> <span class='ocrx_word' id='word_1_170' title='bbox 2334 1348 2427 1393; x_wconf 91' lang='lat' dir='ltr'><strong>aut</strong></span> <span class='ocrx_word' id='word_1_171' title='bbox 2460 1337 2566 1392; x_wconf 89' lang='lat' dir='ltr'><strong>alio</strong></span> <span class='ocrx_word' id='word_1_172' title='bbox 2592 1337 2775 1399; x_wconf 87' lang='lat' dir='ltr'><strong>modo,</strong></span> <span class='ocrx_word' id='word_1_173' title='bbox 2810 1336 3052 1388; x_wconf 84' lang='lat' dir='ltr'><strong>misertus</strong></span> <span class='ocrx_word' id='word_1_174' title='bbox 3091 1349 3165 1395; x_wconf 85' lang='lat' dir='ltr'><strong>es,</strong></span> <span class='ocrx_word' id='word_1_175' title='bbox 3200 1332 3360 1386; x_wconf 86' lang='lat' dir='ltr'><strong>mise-</strong></span> 
     </span>
    </p>
   </div>
   <div class='ocr_carea' id='block_1_27' title="bbox 1803 1425 3359 1501">
    <p class='ocr_par' dir='ltr' id='par_1_27' title="bbox 1803 1425 3359 1501">
     <span class='ocr_line' id='line_1_27' title="bbox 1803 1425 3359 1501; baseline -0.009 -11"><span class='ocrx_word' id='word_1_176' title='bbox 1803 1451 1895 1490; x_wconf 82' lang='lat' dir='ltr'><strong>ros</strong></span> <span class='ocrx_word' id='word_1_177' title='bbox 1920 1434 2164 1498; x_wconf 67' lang='lat' dir='ltr'><strong>effecisti,</strong></span> <span class='ocrx_word' id='word_1_178' title='bbox 2194 1433 2267 1487; x_wconf 90' lang='lat' dir='ltr'><strong>ita</strong></span> <span class='ocrx_word' id='word_1_179' title='bbox 2294 1441 2353 1486; x_wconf 87' lang='lat' dir='ltr'><strong>ut</strong></span> <span class='ocrx_word' id='word_1_180' title='bbox 2381 1439 2599 1501; x_wconf 89' lang='lat' dir='ltr'><strong>propter</strong></span> <span class='ocrx_word' id='word_1_181' title='bbox 2623 1427 2959 1483; x_wconf 85' lang='lat' dir='ltr'><strong>calamitates</strong></span> <span class='ocrx_word' id='word_1_182' title='bbox 2991 1425 3098 1495; x_wconf 77' lang='lat' dir='ltr'><strong>iam</strong></span> <span class='ocrx_word' id='word_1_183' title='bbox 3146 1432 3359 1491; x_wconf 78' lang='lat' dir='ltr'><strong>tempus</strong></span> 
     </span>
    </p>
   </div>
   <div class='ocr_carea' id='block_1_28' title="bbox 1804 1516 3360 1590">
    <p class='ocr_par' dir='ltr' id='par_1_28' title="bbox 1804 1516 3360 1590">
     <span class='ocr_line' id='line_1_28' title="bbox 1804 1516 3360 1590; baseline -0.008 -10"><span class='ocrx_word' id='word_1_184' title='bbox 1804 1528 1897 1590; x_wconf 85' lang='lat' dir='ltr'><strong>sit,</strong></span> <span class='ocrx_word' id='word_1_185' title='bbox 1954 1535 2015 1581; x_wconf 88' lang='lat' dir='ltr'><strong>ut</strong></span> <span class='ocrx_word' id='word_1_186' title='bbox 2038 1525 2196 1581; x_wconf 86' lang='lat' dir='ltr'><strong>nobis</strong></span> <span class='ocrx_word' id='word_1_187' title='bbox 2223 1522 2590 1579; x_wconf 88' lang='lat' dir='ltr'><strong>misericordia</strong></span> <span class='ocrx_word' id='word_1_188' title='bbox 2636 1520 2993 1590; x_wconf 82' lang='lat' dir='ltr'><strong>impendatur.</strong></span> <span class='ocrx_word' id='word_1_189' title='bbox 3024 1516 3360 1571; x_wconf 80' lang='lat' dir='ltr'><strong>Commovisti</strong></span> 
     </span>
    </p>
   </div>
   <div class='ocr_carea' id='block_1_29' title="bbox 1806 1607 3361 1678">
    <p class='ocr_par' dir='ltr' id='par_1_29' title="bbox 1806 1607 3361 1678">
     <span class='ocr_line' id='line_1_29' title="bbox 1806 1607 3361 1678; baseline -0.012 -3"><span class='ocrx_word' id='word_1_190' title='bbox 1806 1631 2000 1675; x_wconf 88' lang='lat' dir='ltr'><strong>terram</strong></span> <span class='ocrx_word' id='word_1_191' title='bbox 2024 1629 2071 1674; x_wconf 84' lang='lat' dir='ltr'><strong>et</strong></span> <span class='ocrx_word' id='word_1_192' title='bbox 2097 1618 2422 1673; x_wconf 76' lang='lat' dir='ltr'><strong>conturbasti</strong></span> <span class='ocrx_word' id='word_1_193' title='bbox 2446 1632 2580 1670; x_wconf 88' lang='lat' dir='ltr'><strong>eam.</strong></span> <span class='ocrx_word' id='word_1_194' title='bbox 2605 1613 2903 1668; x_wconf 83' lang='lat' dir='ltr'><strong>Jerusalem</strong></span> <span class='ocrx_word' id='word_1_195' title='bbox 2931 1611 3079 1669; x_wconf 88' lang='lat' dir='ltr'><strong>dicit.</strong></span> <span class='ocrx_word' id='word_1_196' title='bbox 3112 1608 3238 1678; x_wconf 87' lang='lat' dir='ltr'><strong>quia</strong></span> <span class='ocrx_word' id='word_1_197' title='bbox 3269 1607 3361 1661; x_wconf 85' lang='lat' dir='ltr'><strong>oh-</strong></span> 
     </span>
    </p>
   </div>
   <div class='ocr_carea' id='block_1_30' title="bbox 1804 1699 3362 1778">
    <p class='ocr_par' dir='ltr' id='par_1_30' title="bbox 1804 1699 3362 1778">
     <span class='ocr_line' id='line_1_30' title="bbox 1804 1699 3362 1778; baseline -0.01 -12"><span class='ocrx_word' id='word_1_198' title='bbox 1804 1725 1953 1767; x_wconf 88' lang='lat' dir='ltr'><strong>sessa</strong></span> <span class='ocrx_word' id='word_1_199' title='bbox 1983 1709 2083 1764; x_wconf 83' lang='lat' dir='ltr'><strong>fuit</strong></span> <span class='ocrx_word' id='word_1_200' title='bbox 2110 1718 2163 1764; x_wconf 87' lang='lat' dir='ltr'><strong>et</strong></span> <span class='ocrx_word' id='word_1_201' title='bbox 2194 1710 2448 1778; x_wconf 84' lang='lat' dir='ltr'><strong>templum</strong></span> <span class='ocrx_word' id='word_1_202' title='bbox 2491 1707 2608 1775; x_wconf 76' lang='lat' dir='ltr'><strong>ejus</strong></span> <span class='ocrx_word' id='word_1_203' title='bbox 2646 1706 2762 1760; x_wconf 87' lang='lat' dir='ltr'><strong>solo</strong></span> <span class='ocrx_word' id='word_1_204' title='bbox 2792 1715 3081 1774; x_wconf 69' lang='lat' dir='ltr'><strong>arquatum.</strong></span> <span class='ocrx_word' id='word_1_205' title='bbox 3117 1702 3222 1753; x_wconf 75' lang='lat' dir='ltr'><strong>Aut</strong></span> <span class='ocrx_word' id='word_1_206' title='bbox 3252 1699 3362 1767; x_wconf 84' lang='lat' dir='ltr'><strong>spi-</strong></span> 
     </span>
    </p>
   </div>
   <div class='ocr_carea' id='block_1_31' title="bbox 1804 1791 3361 1866">
    <p class='ocr_par' dir='ltr' id='par_1_31' title="bbox 1804 1791 3361 1866">
     <span class='ocr_line' id='line_1_31' title="bbox 1804 1791 3361 1866; baseline -0.012 -8"><span class='ocrx_word' id='word_1_207' title='bbox 1804 1803 2054 1858; x_wconf 86' lang='lat' dir='ltr'><strong>ritualem</strong></span> <span class='ocrx_word' id='word_1_208' title='bbox 2093 1816 2281 1856; x_wconf 87' lang='lat' dir='ltr'><strong>eorum</strong></span> <span class='ocrx_word' id='word_1_209' title='bbox 2313 1810 2510 1855; x_wconf 83' lang='lat' dir='ltr'><strong>terram</strong></span> <span class='ocrx_word' id='word_1_210' title='bbox 2541 1800 2693 1863; x_wconf 85' lang='lat' dir='ltr'><strong>dicit,</strong></span> <span class='ocrx_word' id='word_1_211' title='bbox 2722 1812 2843 1866; x_wconf 59' lang='lat' dir='ltr'><strong>qua!</strong></span> <span class='ocrx_word' id='word_1_212' title='bbox 2877 1804 3094 1865; x_wconf 83' lang='lat' dir='ltr'><strong>pmpter</strong></span> <span class='ocrx_word' id='word_1_213' title='bbox 3121 1791 3361 1845; x_wconf 80' lang='lat' dir='ltr'><strong>aversio-</strong></span> 
     </span>
    </p>
   </div>
   <div class='ocr_carea' id='block_1_32' title="bbox 155 1885 1705 1985">
    <p class='ocr_par' dir='ltr' id='par_1_32' title="bbox 155 1885 1699 1985">
     <span class='ocr_line' id='line_1_32' title="bbox 155 1885 1699 1985; baseline -0.007 -17"><span class='ocrx_word' id='word_1_214' title='bbox 155 1885 263 1979; x_wconf 63' lang='grc' dir='ltr'>σιν,</span> <span class='ocrx_word' id='word_1_215' title='bbox 287 1885 405 1985; x_wconf 34' lang='lat' dir='ltr'><strong>ist;</strong></span> <span class='ocrx_word' id='word_1_216' title='bbox 450 1914 544 1967; x_wconf 77' lang='grc' dir='ltr'><strong>διὰ</strong></span> <span class='ocrx_word' id='word_1_217' title='bbox 584 1914 685 1984; x_wconf 83' lang='grc' dir='ltr'><strong>τὴν</strong></span> <span class='ocrx_word' id='word_1_218' title='bbox 727 1885 1072 1982; x_wconf 74' lang='grc' dir='ltr'>ἀποστροφὴν</span> <span class='ocrx_word' id='word_1_219' title='bbox 1246 1885 1543 1977; x_wconf 70' lang='grc' dir='ltr'>γενομένην</span> <span class='ocrx_word' id='word_1_220' title='bbox 1581 1902 1699 1957; x_wconf 78' lang='grc' dir='ltr'><strong>κατ’</strong></span> 
     </span>
    </p>
   </div>
   <div class='ocr_carea' id='block_1_33' title="bbox 1807 1885 3359 1985">
    <p class='ocr_par' dir='ltr' id='par_1_33' title="bbox 1807 1885 3359 1963">
     <span class='ocr_line' id='line_1_33' title="bbox 1807 1885 3359 1963; baseline -0.007 -16"><span class='ocrx_word' id='word_1_221' title='bbox 1807 1908 1921 1947; x_wconf 90' lang='lat' dir='ltr'><strong>nem</strong></span> <span class='ocrx_word' id='word_1_222' title='bbox 1945 1908 2065 1963; x_wconf 74' lang='lat' dir='ltr'><strong>quze</strong></span> <span class='ocrx_word' id='word_1_223' title='bbox 2089 1892 2189 1962; x_wconf 86' lang='lat' dir='ltr'><strong>ipsi</strong></span> <span class='ocrx_word' id='word_1_224' title='bbox 2208 1892 2423 1947; x_wconf 81' lang='lat' dir='ltr'><strong>obvenit</strong></span> <span class='ocrx_word' id='word_1_225' title='bbox 2440 1899 2707 1945; x_wconf 86' lang='lat' dir='ltr'><strong>commota</strong></span> <span class='ocrx_word' id='word_1_226' title='bbox 2730 1900 2831 1943; x_wconf 87' lang='lat' dir='ltr'><strong>cst.</strong></span> <span class='ocrx_word' id='word_1_227' title='bbox 2857 1887 3001 1943; x_wconf 82' lang='lat' dir='ltr'><strong>Sana</strong></span> <span class='ocrx_word' id='word_1_228' title='bbox 3022 1885 3359 1939; x_wconf 77' lang='lat' dir='ltr'><strong>contritiones</strong></span> 
     </span>
    </p>
   </div>
   <div class='ocr_carea' id='block_1_34' title="bbox 151 1996 1704 2075">
    <p class='ocr_par' dir='ltr' id='par_1_34' title="bbox 151 1996 1704 2075">
     <span class='ocr_line' id='line_1_34' title="bbox 151 1996 1704 2075; baseline -0.008 -13"><span class='ocrx_word' id='word_1_229' title='bbox 151 2008 313 2062; x_wconf 80' lang='grc' dir='ltr'>αὐτῶν</span> <span class='ocrx_word' id='word_1_230' title='bbox 340 2005 826 2075; x_wconf 76' lang='grc' dir='ltr'>κατακεκλύνηται.</span> <span class='ocrx_word' id='word_1_231' title='bbox 848 2004 1036 2057; x_wconf 63' lang='lat' dir='ltr'><strong>&quot;Iaca:</strong></span> <span class='ocrx_word' id='word_1_232' title='bbox 1070 2001 1141 2054; x_wconf 84' lang='grc' dir='ltr'>τὰ</span> <span class='ocrx_word' id='word_1_233' title='bbox 1171 1998 1582 2067; x_wconf 81' lang='grc' dir='ltr'>συντρίμματα</span> <span class='ocrx_word' id='word_1_234' title='bbox 1606 1996 1704 2049; x_wconf 85' lang='grc' dir='ltr'><strong>αὐ-</strong></span> 
     </span>
    </p>
   </div>
   <div class='ocr_carea' id='block_1_35' title="bbox 150 2085 1700 2166">
    <p class='ocr_par' dir='ltr' id='par_1_35' title="bbox 150 2085 1700 2166">
     <span class='ocr_line' id='line_1_35' title="bbox 150 2085 1700 2166; baseline -0.01 -15"><span class='ocrx_word' id='word_1_235' title='bbox 150 2097 265 2166; x_wconf 80' lang='grc' dir='ltr'>τῆς,</span> <span class='ocrx_word' id='word_1_236' title='bbox 294 2096 382 2149; x_wconf 85' lang='grc' dir='ltr'>ὅτι</span> <span class='ocrx_word' id='word_1_237' title='bbox 410 2096 738 2162; x_wconf 68' lang='grc' dir='ltr'>ἐσαλεύθη.</span> <span class='ocrx_word' id='word_1_238' title='bbox 767 2092 935 2148; x_wconf 86' lang='grc' dir='ltr'>Πάλιν</span> <span class='ocrx_word' id='word_1_239' title='bbox 967 2093 1036 2146; x_wconf 83' lang='grc' dir='ltr'><strong>τά</strong></span> <span class='ocrx_word' id='word_1_240' title='bbox 1066 2088 1406 2160; x_wconf 71' lang='grc' dir='ltr'><strong>γεγενημένα</strong></span> <span class='ocrx_word' id='word_1_241' title='bbox 1430 2085 1700 2152; x_wconf 77' lang='grc' dir='ltr'>διέξεισιν.</span> 
     </span>
    </p>
   </div>
   <div class='ocr_carea' id='block_1_36' title="bbox 216 2179 1699 2254">
    <p class='ocr_par' dir='ltr' id='par_1_36' title="bbox 216 2179 1699 2254">
     <span class='ocr_line' id='line_1_36' title="bbox 216 2179 1699 2254; baseline -0.01 -10"><span class='ocrx_word' id='word_1_242' title='bbox 216 2189 478 2254; x_wconf 78' lang='grc' dir='ltr'><em>Ἐδειεας</em></span> <span class='ocrx_word' id='word_1_243' title='bbox 504 2186 587 2253; x_wconf 85' lang='grc' dir='ltr'>τῷ</span> <span class='ocrx_word' id='word_1_244' title='bbox 617 2185 744 2251; x_wconf 73' lang='grc' dir='ltr'><strong>,ιιιῷ</strong></span> <span class='ocrx_word' id='word_1_245' title='bbox 770 2199 886 2239; x_wconf 89' lang='grc' dir='ltr'><strong>σου</strong></span> <span class='ocrx_word' id='word_1_246' title='bbox 912 2183 1170 2251; x_wconf 76' lang='grc' dir='ltr'>σκληρά.</span> <span class='ocrx_word' id='word_1_247' title='bbox 1195 2182 1284 2252; x_wconf 86' lang='grc' dir='ltr'><strong>Τῷ</strong></span> <span class='ocrx_word' id='word_1_248' title='bbox 1309 2179 1522 2250; x_wconf 81' lang='grc' dir='ltr'>πλήθει,</span> <span class='ocrx_word' id='word_1_249' title='bbox 1546 2179 1699 2249; x_wconf 78' lang='grc' dir='ltr'>φησὶ,</span> 
     </span>
    </p>
   </div>
   <div class='ocr_carea' id='block_1_37' title="bbox 151 2270 1703 2352">
    <p class='ocr_par' dir='ltr' id='par_1_37' title="bbox 151 2270 1703 2352">
     <span class='ocr_line' id='line_1_37' title="bbox 151 2270 1703 2352; baseline -0.008 -18"><span class='ocrx_word' id='word_1_250' title='bbox 151 2281 246 2343; x_wconf 78' lang='grc' dir='ltr'>τῶν</span> <span class='ocrx_word' id='word_1_251' title='bbox 275 2279 585 2352; x_wconf 76' lang='grc' dir='ltr'>συμφορῶν,</span> <span class='ocrx_word' id='word_1_252' title='bbox 642 2276 893 2348; x_wconf 72' lang='grc' dir='ltr'>καθάπερ</span> <span class='ocrx_word' id='word_1_253' title='bbox 934 2275 1061 2346; x_wconf 71' lang='grc' dir='ltr'>οἴνῳ</span> <span class='ocrx_word' id='word_1_254' title='bbox 1099 2274 1204 2327; x_wconf 70' lang='grc' dir='ltr'>τινὶ</span> <span class='ocrx_word' id='word_1_255' title='bbox 1247 2272 1414 2341; x_wconf 78' lang='grc' dir='ltr'>κάρον</span> <span class='ocrx_word' id='word_1_256' title='bbox 1456 2272 1585 2341; x_wconf 78' lang='grc' dir='ltr'>ημῖν</span> <span class='ocrx_word' id='word_1_257' title='bbox 1619 2270 1703 2322; x_wconf 83' lang='grc' dir='ltr'><strong>ὲν·</strong></span> 
     </span>
    </p>
   </div>
   <div class='ocr_carea' id='block_1_38' title="bbox 153 2362 1699 2444">
    <p class='ocr_par' dir='ltr' id='par_1_38' title="bbox 153 2362 1699 2444">
     <span class='ocr_line' id='line_1_38' title="bbox 153 2362 1699 2444; baseline -0.008 -17"><span class='ocrx_word' id='word_1_258' title='bbox 153 2373 413 2444; x_wconf 72' lang='grc' dir='ltr'>ετοοίησας,</span> <span class='ocrx_word' id='word_1_259' title='bbox 442 2373 538 2426; x_wconf 77' lang='grc' dir='ltr'><strong>καὶ</strong></span> <span class='ocrx_word' id='word_1_260' title='bbox 563 2370 755 2441; x_wconf 76' lang='grc' dir='ltr'>ὀδύνης</span> <span class='ocrx_word' id='word_1_261' title='bbox 783 2367 1081 2439; x_wconf 77' lang='grc' dir='ltr'>ἐνέπλησας</span> <span class='ocrx_word' id='word_1_262' title='bbox 1096 2366 1193 2428; x_wconf 82' lang='grc' dir='ltr'><strong>τὰς</strong></span> <span class='ocrx_word' id='word_1_263' title='bbox 1220 2364 1491 2435; x_wconf 81' lang='grc' dir='ltr'>ἡμετέρας</span> <span class='ocrx_word' id='word_1_264' title='bbox 1503 2362 1699 2433; x_wconf 79' lang='grc' dir='ltr'>ψυχάς.</span> 
     </span>
    </p>
   </div>
   <div class='ocr_carea' id='block_1_39' title="bbox 163 2451 1704 2531">
    <p class='ocr_par' dir='ltr' id='par_1_39' title="bbox 163 2451 1704 2531">
     <span class='ocr_line' id='line_1_39' title="bbox 163 2451 1704 2531; baseline -0.01 -12"><span class='ocrx_word' id='word_1_265' title='bbox 163 2465 457 2530; x_wconf 75' lang='grc' dir='ltr'><em>Ἐπότισας</em></span> <span class='ocrx_word' id='word_1_266' title='bbox 506 2460 667 2531; x_wconf 76' lang='grc' dir='ltr'><em>ἡμᾶς</em></span> <span class='ocrx_word' id='word_1_267' title='bbox 716 2460 859 2527; x_wconf 76' lang='grc' dir='ltr'><strong>οἴνῳ</strong></span> <span class='ocrx_word' id='word_1_268' title='bbox 900 2456 1295 2521; x_wconf 76' lang='grc' dir='ltr'><strong>κατανύξεως.</strong></span> <span class='ocrx_word' id='word_1_269' title='bbox 1344 2453 1499 2507; x_wconf 79' lang='grc' dir='ltr'>Οὕτω</span> <span class='ocrx_word' id='word_1_270' title='bbox 1541 2451 1635 2505; x_wconf 77' lang='grc' dir='ltr'><strong>καὶ</strong></span> <span class='ocrx_word' id='word_1_271' title='bbox 1675 2452 1704 2504; x_wconf 84' lang='grc' dir='ltr'>ὁ</span> 
     </span>
    </p>
   </div>
   <div class='ocr_carea' id='block_1_40' title="bbox 164 2538 1703 2624">
    <p class='ocr_par' dir='ltr' id='par_1_40' title="bbox 164 2538 1703 2624">
     <span class='ocr_line' id='line_1_40' title="bbox 164 2538 1703 2624; baseline -0.01 -17"><span class='ocrx_word' id='word_1_272' title='bbox 164 2554 372 2617; x_wconf 77' lang='grc' dir='ltr'><strong>’Δκύλας</strong></span> <span class='ocrx_word' id='word_1_273' title='bbox 398 2552 759 2624; x_wconf 78' lang='grc' dir='ltr'>ἡρμήνευσενο</span> <span class='ocrx_word' id='word_1_274' title='bbox 800 2548 1119 2609; x_wconf 76' lang='grc' dir='ltr'><em>Ἐπότισας</em></span> <span class='ocrx_word' id='word_1_275' title='bbox 1152 2540 1307 2613; x_wconf 76' lang='grc' dir='ltr'><strong>ἡμᾶς</strong></span> <span class='ocrx_word' id='word_1_276' title='bbox 1333 2541 1476 2608; x_wconf 80' lang='grc' dir='ltr'><strong>οῖνφ</strong></span> <span class='ocrx_word' id='word_1_277' title='bbox 1517 2538 1703 2609; x_wconf 82' lang='grc' dir='ltr'><em>καρώ-</em></span> 
     </span>
    </p>
   </div>
   <div class='ocr_carea' id='block_1_41' title="bbox 154 2633 1705 2712">
    <p class='ocr_par' dir='ltr' id='par_1_41' title="bbox 154 2633 1705 2712">
     <span class='ocr_line' id='line_1_41' title="bbox 154 2633 1705 2712; baseline -0.012 -11"><span class='ocrx_word' id='word_1_278' title='bbox 154 2662 310 2712; x_wconf 76' lang='grc' dir='ltr'><em>σεως.</em></span> <span class='ocrx_word' id='word_1_279' title='bbox 345 2640 498 2698; x_wconf 76' lang='grc' dir='ltr'>Οἶνον</span> <span class='ocrx_word' id='word_1_280' title='bbox 529 2640 871 2707; x_wconf 77' lang='grc' dir='ltr'><strong>κατανύξεως</strong></span> <span class='ocrx_word' id='word_1_281' title='bbox 894 2639 991 2701; x_wconf 72' lang='grc' dir='ltr'><strong>τὰς</strong></span> <span class='ocrx_word' id='word_1_282' title='bbox 1022 2639 1078 2690; x_wconf 80' lang='grc' dir='ltr'><strong>ὲν</strong></span> <span class='ocrx_word' id='word_1_283' title='bbox 1103 2639 1223 2699; x_wconf 80' lang='grc' dir='ltr'>ταῖς</span> <span class='ocrx_word' id='word_1_284' title='bbox 1259 2634 1428 2696; x_wconf 78' lang='grc' dir='ltr'>θείαις</span> <span class='ocrx_word' id='word_1_285' title='bbox 1462 2633 1705 2703; x_wconf 76' lang='grc' dir='ltr'>Γραφαῖς</span> 
     </span>
    </p>
   </div>
   <div class='ocr_carea' id='block_1_42' title="bbox 155 2724 1703 2809">
    <p class='ocr_par' dir='ltr' id='par_1_42' title="bbox 155 2724 1703 2809">
     <span class='ocr_line' id='line_1_42' title="bbox 155 2724 1703 2809; baseline -0.011 -16"><span class='ocrx_word' id='word_1_286' title='bbox 155 2738 400 2809; x_wconf 78' lang='grc' dir='ltr'><strong>τιμωρίας</strong></span> <span class='ocrx_word' id='word_1_287' title='bbox 428 2738 584 2809; x_wconf 77' lang='grc' dir='ltr'>φησὶ,</span> <span class='ocrx_word' id='word_1_288' title='bbox 622 2733 722 2797; x_wconf 76' lang='grc' dir='ltr'><strong>τὰς</strong></span> <span class='ocrx_word' id='word_1_289' title='bbox 762 2727 1336 2802; x_wconf 72' lang='grc' dir='ltr'>προανακηρυχθείσας</span> <span class='ocrx_word' id='word_1_290' title='bbox 1384 2727 1563 2788; x_wconf 77' lang='grc' dir='ltr'>αὐτοῖς</span> <span class='ocrx_word' id='word_1_291' title='bbox 1604 2724 1703 2793; x_wconf 73' lang='grc' dir='ltr'><strong>τῆς</strong></span> 
     </span>
    </p>
   </div>
   <div class='ocr_carea' id='block_1_43' title="bbox 156 2816 1703 2899">
    <p class='ocr_par' dir='ltr' id='par_1_43' title="bbox 156 2816 1703 2899">
     <span class='ocr_line' id='line_1_43' title="bbox 156 2816 1703 2899; baseline -0.01 -16"><span class='ocrx_word' id='word_1_292' title='bbox 156 2831 225 2893; x_wconf 81' lang='grc' dir='ltr'><strong>είς</strong></span> <span class='ocrx_word' id='word_1_293' title='bbox 253 2829 480 2899; x_wconf 79' lang='grc' dir='ltr'>Χριστὸν</span> <span class='ocrx_word' id='word_1_294' title='bbox 510 2825 829 2887; x_wconf 75' lang='grc' dir='ltr'>δυσσεϐείας</span> <span class='ocrx_word' id='word_1_295' title='bbox 859 2822 1041 2874; x_wconf 73' lang='grc' dir='ltr'>ἕνεκα.</span> <span class='ocrx_word' id='word_1_296' title='bbox 1090 2817 1573 2886; x_wconf 73' lang='grc' dir='ltr'>’Δναγινὼσκοντες</span> <span class='ocrx_word' id='word_1_297' title='bbox 1597 2816 1703 2887; x_wconf 74' lang='grc' dir='ltr'><strong>γὰρ</strong></span> 
     </span>
    </p>
   </div>
   <div class='ocr_carea' id='block_1_44' title="bbox 157 2910 1703 2992">
    <p class='ocr_par' dir='ltr' id='par_1_44' title="bbox 157 2910 1703 2992">
     <span class='ocr_line' id='line_1_44' title="bbox 157 2910 1703 2992; baseline -0.011 -16"><span class='ocrx_word' id='word_1_298' title='bbox 157 2922 239 2976; x_wconf 72' lang='grc' dir='ltr'><strong>καὶ</strong></span> <span class='ocrx_word' id='word_1_299' title='bbox 271 2923 332 2992; x_wconf 76' lang='grc' dir='ltr'>τῇ</span> <span class='ocrx_word' id='word_1_300' title='bbox 360 2920 525 2991; x_wconf 66' lang='grc' dir='ltr'>αίρᾳ</span> <span class='ocrx_word' id='word_1_301' title='bbox 544 2918 612 2972; x_wconf 81' lang='grc' dir='ltr'>τὰ</span> <span class='ocrx_word' id='word_1_302' title='bbox 653 2913 1093 2989; x_wconf 77' lang='grc' dir='ltr'><strong>προηγορευμένα</strong></span> <span class='ocrx_word' id='word_1_303' title='bbox 1133 2910 1508 2982; x_wconf 78' lang='grc' dir='ltr'><strong>μανθάνοντες,</strong></span> <span class='ocrx_word' id='word_1_304' title='bbox 1535 2925 1703 2960; x_wconf 84' lang='grc' dir='ltr'>κατα-</span> 
     </span>
    </p>
   </div>
   <div class='ocr_carea' id='block_1_45' title="bbox 157 2998 1704 3070">
    <p class='ocr_par' dir='ltr' id='par_1_45' title="bbox 157 2998 1704 3070">
     <span class='ocr_line' id='line_1_45' title="bbox 157 2998 1704 3070; baseline -0.012 -3"><span class='ocrx_word' id='word_1_305' title='bbox 157 3013 411 3067; x_wconf 75' lang='grc' dir='ltr'>νύττονται</span> <span class='ocrx_word' id='word_1_306' title='bbox 454 3010 517 3063; x_wconf 76' lang='grc' dir='ltr'>τὸ</span> <span class='ocrx_word' id='word_1_307' title='bbox 555 3007 812 3070; x_wconf 81' lang='grc' dir='ltr'>συνειδός.</span> <span class='ocrx_word' id='word_1_308' title='bbox 844 3003 1111 3068; x_wconf 83' lang='grc' dir='ltr'><em>Ἔδωκας</em></span> <span class='ocrx_word' id='word_1_309' title='bbox 1155 3001 1275 3066; x_wconf 80' lang='grc' dir='ltr'>τοῖς</span> <span class='ocrx_word' id='word_1_310' title='bbox 1316 2998 1704 3069; x_wconf 64' lang='grc' dir='ltr'>φοϐουμένοις</span> 
     </span>
    </p>
   </div>
   <div class='ocr_carea' id='block_1_46' title="bbox 159 3088 1699 3171">
    <p class='ocr_par' dir='ltr' id='par_1_46' title="bbox 159 3088 1699 3171">
     <span class='ocr_line' id='line_1_46' title="bbox 159 3088 1699 3171; baseline -0.01 -15"><span class='ocrx_word' id='word_1_311' title='bbox 159 3119 222 3158; x_wconf 86' lang='grc' dir='ltr'><strong>σε</strong></span> <span class='ocrx_word' id='word_1_312' title='bbox 241 3102 565 3171; x_wconf 77' lang='grc' dir='ltr'><strong>σημείωσιν</strong></span> <span class='ocrx_word' id='word_1_313' title='bbox 602 3098 707 3153; x_wconf 83' lang='grc' dir='ltr'>τοῦ</span> <span class='ocrx_word' id='word_1_314' title='bbox 747 3095 960 3167; x_wconf 70' lang='grc' dir='ltr'><em>φυγεῖν</em></span> <span class='ocrx_word' id='word_1_315' title='bbox 1005 3092 1123 3149; x_wconf 76' lang='grc' dir='ltr'><strong>ἀπὸ</strong></span> <span class='ocrx_word' id='word_1_316' title='bbox 1152 3092 1473 3161; x_wconf 77' lang='grc' dir='ltr'><strong>προσώπου</strong></span> <span class='ocrx_word' id='word_1_317' title='bbox 1502 3088 1699 3153; x_wconf 80' lang='grc' dir='ltr'><strong>τόξου.</strong></span> 
     </span>
    </p>
   </div>
   <div class='ocr_carea' id='block_1_47' title="bbox 157 3184 1703 3267">
    <p class='ocr_par' dir='ltr' id='par_1_47' title="bbox 157 3184 1703 3267">
     <span class='ocr_line' id='line_1_47' title="bbox 157 3184 1703 3267; baseline -0.012 -17"><span class='ocrx_word' id='word_1_318' title='bbox 157 3197 439 3267; x_wconf 84' lang='grc' dir='ltr'>Σημείωσις</span> <span class='ocrx_word' id='word_1_319' title='bbox 467 3197 498 3248; x_wconf 79' lang='grc'>6</span> <span class='ocrx_word' id='word_1_320' title='bbox 522 3192 818 3263; x_wconf 80' lang='grc' dir='ltr'>φωτισμὸς,</span> <span class='ocrx_word' id='word_1_321' title='bbox 852 3190 971 3244; x_wconf 86' lang='grc' dir='ltr'>καθ’</span> <span class='ocrx_word' id='word_1_322' title='bbox 1008 3189 1067 3242; x_wconf 82' lang='grc' dir='ltr'>ὃν</span> <span class='ocrx_word' id='word_1_323' title='bbox 1088 3186 1305 3240; x_wconf 82' lang='grc' dir='ltr'>δύναταί</span> <span class='ocrx_word' id='word_1_324' title='bbox 1330 3202 1412 3247; x_wconf 84' lang='grc' dir='ltr'>τις</span> <span class='ocrx_word' id='word_1_325' title='bbox 1439 3184 1703 3254; x_wconf 74' lang='grc' dir='ltr'><strong>διάκρισιν</strong></span> 
     </span>
    </p>
   </div>
   <div class='ocr_carea' id='block_1_48' title="bbox 1802 1983 3363 2055">
    <p class='ocr_par' dir='ltr' id='par_1_48' title="bbox 1802 1983 3363 2055">
     <span class='ocr_line' id='line_1_48' title="bbox 1802 1983 3363 2055; baseline -0.003 -18"><span class='ocrx_word' id='word_1_326' title='bbox 1802 1986 1915 2055; x_wconf 84' lang='lat' dir='ltr'><strong>ejus</strong></span> <span class='ocrx_word' id='word_1_327' title='bbox 1962 1987 2084 2053; x_wconf 83' lang='lat' dir='ltr'><strong>quia</strong></span> <span class='ocrx_word' id='word_1_328' title='bbox 2129 1996 2385 2039; x_wconf 85' lang='lat' dir='ltr'><strong>commota</strong></span> <span class='ocrx_word' id='word_1_329' title='bbox 2432 1993 2529 2038; x_wconf 85' lang='lat' dir='ltr'><strong>est.</strong></span> <span class='ocrx_word' id='word_1_330' title='bbox 2567 1983 2802 2038; x_wconf 79' lang='lat' dir='ltr'><strong>Rursum</strong></span> <span class='ocrx_word' id='word_1_331' title='bbox 2862 1998 2981 2053; x_wconf 77' lang='lat' dir='ltr'><strong>qua:</strong></span> <span class='ocrx_word' id='word_1_332' title='bbox 3030 1989 3178 2051; x_wconf 76' lang='lat' dir='ltr'><strong>gesta</strong></span> <span class='ocrx_word' id='word_1_333' title='bbox 3234 1985 3363 2034; x_wconf 88' lang='lat' dir='ltr'><strong>sunt</strong></span> 
     </span>
    </p>
   </div>
   <div class='ocr_carea' id='block_1_49' title="bbox 1802 2088 2040 2133">
    <p class='ocr_par' dir='ltr' id='par_1_49' title="bbox 1802 2088 2040 2133">
     <span class='ocr_line' id='line_1_49' title="bbox 1802 2088 2040 2133; baseline 0 0"><span class='ocrx_word' id='word_1_334' title='bbox 1802 2088 2040 2133; x_wconf 85' lang='lat' dir='ltr'><strong>enarrat.</strong></span> 
     </span>
    </p>
   </div>
   <div class='ocr_carea' id='block_1_50' title="bbox 1881 2163 3361 2239">
    <p class='ocr_par' dir='ltr' id='par_1_50' title="bbox 1881 2163 3361 2239">
     <span class='ocr_line' id='line_1_50' title="bbox 1881 2163 3361 2239; baseline -0.005 -14"><span class='ocrx_word' id='word_1_335' title='bbox 1881 2172 1935 2234; x_wconf 84' lang='grc'>5,</span> <span class='ocrx_word' id='word_1_336' title='bbox 1958 2170 2012 2225; x_wconf 85' lang='grc'><strong>6.</strong></span> <span class='ocrx_word' id='word_1_337' title='bbox 2045 2170 2333 2225; x_wconf 86' lang='lat' dir='ltr'><strong>Ostendiin</strong></span> <span class='ocrx_word' id='word_1_338' title='bbox 2364 2170 2554 2239; x_wconf 84' lang='lat' dir='ltr'><strong>populo</strong></span> <span class='ocrx_word' id='word_1_339' title='bbox 2584 2178 2673 2235; x_wconf 83' lang='lat' dir='ltr'><strong>tuo</strong></span> <span class='ocrx_word' id='word_1_340' title='bbox 2703 2167 2859 2220; x_wconf 88' lang='lat' dir='ltr'><strong>dura.</strong></span> <span class='ocrx_word' id='word_1_341' title='bbox 2888 2164 3244 2229; x_wconf 80' lang='lat' dir='ltr'><strong>Multitudine,</strong></span> <span class='ocrx_word' id='word_1_342' title='bbox 3275 2163 3361 2219; x_wconf 81' lang='lat' dir='ltr'><strong>in-</strong></span> 
     </span>
    </p>
   </div>
   <div class='ocr_carea' id='block_1_51' title="bbox 1802 2242 3362 2332">
    <p class='ocr_par' dir='ltr' id='par_1_51' title="bbox 1802 2242 3362 2332">
     <span class='ocr_line' id='line_1_51' title="bbox 1802 2242 3362 2332; baseline -0.003 -16"><span class='ocrx_word' id='word_1_343' title='bbox 1802 2263 1940 2332; x_wconf 84' lang='lat' dir='ltr'><strong>quit,</strong></span> <span class='ocrx_word' id='word_1_344' title='bbox 1970 2264 2363 2326; x_wconf 84' lang='lat' dir='ltr'><strong>calamitatum,</strong></span> <span class='ocrx_word' id='word_1_345' title='bbox 2387 2262 2541 2331; x_wconf 85' lang='lat' dir='ltr'><strong>quasi</strong></span> <span class='ocrx_word' id='word_1_346' title='bbox 2572 2242 2697 2314; x_wconf 81' lang='lat' dir='ltr'><strong>vino</strong></span> <span class='ocrx_word' id='word_1_347' title='bbox 2723 2258 2957 2330; x_wconf 89' lang='lat' dir='ltr'><strong>quodam</strong></span> <span class='ocrx_word' id='word_1_348' title='bbox 2986 2272 3235 2327; x_wconf 78' lang='lat' dir='ltr'><strong>saporem</strong></span> <span class='ocrx_word' id='word_1_349' title='bbox 3264 2272 3362 2312; x_wconf 90' lang='lat' dir='ltr'><strong>no-</strong></span> 
     </span>
    </p>
   </div>
   <div class='ocr_carea' id='block_1_52' title="bbox 1804 2349 3359 2420">
    <p class='ocr_par' dir='ltr' id='par_1_52' title="bbox 1804 2349 3359 2420">
     <span class='ocr_line' id='line_1_52' title="bbox 1804 2349 3359 2420; baseline -0.003 -13"><span class='ocrx_word' id='word_1_350' title='bbox 1804 2354 1889 2408; x_wconf 88' lang='lat' dir='ltr'><strong>bis</strong></span> <span class='ocrx_word' id='word_1_351' title='bbox 1917 2354 2160 2416; x_wconf 84' lang='lat' dir='ltr'><strong>ell‘ccisti,</strong></span> <span class='ocrx_word' id='word_1_352' title='bbox 2190 2369 2255 2407; x_wconf 89' lang='lat' dir='ltr'><strong>ac</strong></span> <span class='ocrx_word' id='word_1_353' title='bbox 2284 2354 2471 2408; x_wconf 84' lang='lat' dir='ltr'><strong>dolore</strong></span> <span class='ocrx_word' id='word_1_354' title='bbox 2500 2352 2712 2406; x_wconf 79' lang='lat' dir='ltr'><strong>animas</strong></span> <span class='ocrx_word' id='word_1_355' title='bbox 2748 2360 2963 2405; x_wconf 87' lang='lat' dir='ltr'><strong>nostras</strong></span> <span class='ocrx_word' id='word_1_356' title='bbox 2996 2349 3359 2420; x_wconf 85' lang='lat' dir='ltr'><strong>complcvisti.</strong></span> 
     </span>
    </p>
   </div>
   <div class='ocr_carea' id='block_1_53' title="bbox 1808 2441 3362 2514">
    <p class='ocr_par' dir='ltr' id='par_1_53' title="bbox 1808 2441 3362 2514">
     <span class='ocr_line' id='line_1_53' title="bbox 1808 2441 3362 2514; baseline -0.002 -16"><span class='ocrx_word' id='word_1_357' title='bbox 1808 2443 2013 2500; x_wconf 81' lang='lat' dir='ltr'><strong>Potasti</strong></span> <span class='ocrx_word' id='word_1_358' title='bbox 2040 2463 2130 2499; x_wconf 88' lang='lat' dir='ltr'><strong>nos</strong></span> <span class='ocrx_word' id='word_1_359' title='bbox 2159 2448 2276 2500; x_wconf 84' lang='lat' dir='ltr'><strong>riuo</strong></span> <span class='ocrx_word' id='word_1_360' title='bbox 2306 2445 2739 2514; x_wconf 82' lang='lat' dir='ltr'><strong>compunctionis.</strong></span> <span class='ocrx_word' id='word_1_361' title='bbox 2776 2443 2850 2498; x_wconf 86' lang='lat' dir='ltr'><strong>Ita</strong></span> <span class='ocrx_word' id='word_1_362' title='bbox 2877 2441 3073 2511; x_wconf 80' lang='lat' dir='ltr'><strong>Aquila</strong></span> <span class='ocrx_word' id='word_1_363' title='bbox 3096 2451 3180 2497; x_wconf 87' lang='lat' dir='ltr'><strong>est</strong></span> <span class='ocrx_word' id='word_1_364' title='bbox 3203 2442 3362 2497; x_wconf 86' lang='lat' dir='ltr'><strong>inter-</strong></span> 
     </span>
    </p>
   </div>
   <div class='ocr_carea' id='block_1_54' title="bbox 1803 2530 3385 2607">
    <p class='ocr_par' dir='ltr' id='par_1_54' title="bbox 1803 2530 3385 2607">
     <span class='ocr_line' id='line_1_54' title="bbox 1803 2530 3385 2607; baseline -0.003 -18"><span class='ocrx_word' id='word_1_365' title='bbox 1803 2545 2046 2607; x_wconf 89' lang='lat' dir='ltr'><strong>pretatus</strong></span> <span class='ocrx_word' id='word_1_366' title='bbox 2076 2555 2088 2589; x_wconf 89' lang='lat'>:</span> <span class='ocrx_word' id='word_1_367' title='bbox 2121 2535 2324 2590; x_wconf 83' lang='lat' dir='ltr'><strong>Potasti</strong></span> <span class='ocrx_word' id='word_1_368' title='bbox 2350 2552 2442 2590; x_wconf 90' lang='lat' dir='ltr'><strong>nos</strong></span> <span class='ocrx_word' id='word_1_369' title='bbox 2473 2537 2588 2588; x_wconf 78' lang='lat' dir='ltr'><strong>riuo</strong></span> <span class='ocrx_word' id='word_1_370' title='bbox 2611 2536 2832 2604; x_wconf 84' lang='lat' dir='ltr'><strong>soporis.</strong></span> <span class='ocrx_word' id='word_1_371' title='bbox 2867 2532 3065 2587; x_wconf 82' lang='lat' dir='ltr'><strong>Vinum</strong></span> <span class='ocrx_word' id='word_1_372' title='bbox 3095 2530 3385 2603; x_wconf 66' lang='lat' dir='ltr'><strong>compun—&#39;</strong></span> 
     </span>
    </p>
   </div>
   <div class='ocr_carea' id='block_1_55' title="bbox 1804 2626 3364 2696">
    <p class='ocr_par' dir='ltr' id='par_1_55' title="bbox 1804 2626 3364 2696">
     <span class='ocr_line' id='line_1_55' title="bbox 1804 2626 3364 2696; baseline -0.003 -15"><span class='ocrx_word' id='word_1_373' title='bbox 1804 2629 2017 2691; x_wconf 81' lang='lat' dir='ltr'><strong>elicuis,</strong></span> <span class='ocrx_word' id='word_1_374' title='bbox 2048 2627 2304 2695; x_wconf 70' lang='lat' dir='ltr'><strong>sutpplicia</strong></span> <span class='ocrx_word' id='word_1_375' title='bbox 2327 2627 2380 2680; x_wconf 90' lang='lat' dir='ltr'><strong>in</strong></span> <span class='ocrx_word' id='word_1_376' title='bbox 2404 2626 2703 2696; x_wconf 89' lang='lat' dir='ltr'><strong>Scripturis</strong></span> <span class='ocrx_word' id='word_1_377' title='bbox 2724 2633 3017 2679; x_wconf 86' lang='lat' dir='ltr'><strong>memorata</strong></span> <span class='ocrx_word' id='word_1_378' title='bbox 3037 2632 3213 2686; x_wconf 84' lang='lat' dir='ltr'><strong>vocat,</strong></span> <span class='ocrx_word' id='word_1_379' title='bbox 3234 2638 3364 2693; x_wconf 65' lang='lat' dir='ltr'><strong>prte-</strong></span> 
     </span>
    </p>
   </div>
   <div class='ocr_carea' id='block_1_56' title="bbox 1804 2716 3359 2788">
    <p class='ocr_par' dir='ltr' id='par_1_56' title="bbox 1804 2716 3359 2788">
     <span class='ocr_line' id='line_1_56' title="bbox 1804 2716 3359 2788; baseline 0.001 -16"><span class='ocrx_word' id='word_1_380' title='bbox 1804 2721 2046 2773; x_wconf 85' lang='lat' dir='ltr'><strong>nnntiata</strong></span> <span class='ocrx_word' id='word_1_381' title='bbox 2077 2720 2180 2773; x_wconf 80' lang='lat' dir='ltr'><strong>illis</strong></span> <span class='ocrx_word' id='word_1_382' title='bbox 2200 2720 2269 2773; x_wconf 86' lang='lat' dir='ltr'><strong>ob</strong></span> <span class='ocrx_word' id='word_1_383' title='bbox 2291 2718 2531 2787; x_wconf 87' lang='lat' dir='ltr'><strong>ipsorum</strong></span> <span class='ocrx_word' id='word_1_384' title='bbox 2566 2733 2687 2788; x_wconf 82' lang='lat' dir='ltr'><strong>erga</strong></span> <span class='ocrx_word' id='word_1_385' title='bbox 2705 2717 2981 2772; x_wconf 90' lang='lat' dir='ltr'><strong>Christum</strong></span> <span class='ocrx_word' id='word_1_386' title='bbox 3013 2716 3359 2787; x_wconf 85' lang='lat' dir='ltr'><strong>impietatem.</strong></span> 
     </span>
    </p>
   </div>
   <div class='ocr_carea' id='block_1_57' title="bbox 1808 2806 3363 2878">
    <p class='ocr_par' dir='ltr' id='par_1_57' title="bbox 1808 2806 3363 2878">
     <span class='ocr_line' id='line_1_57' title="bbox 1808 2806 3363 2878; baseline 0.001 -18"><span class='ocrx_word' id='word_1_387' title='bbox 1808 2806 1941 2861; x_wconf 89' lang='lat' dir='ltr'><strong>Dum</strong></span> <span class='ocrx_word' id='word_1_388' title='bbox 1974 2809 2156 2877; x_wconf 78' lang='lat' dir='ltr'><strong>legunt</strong></span> <span class='ocrx_word' id='word_1_389' title='bbox 2189 2807 2355 2873; x_wconf 86' lang='lat' dir='ltr'><strong>enim,</strong></span> <span class='ocrx_word' id='word_1_390' title='bbox 2382 2813 2436 2860; x_wconf 86' lang='lat' dir='ltr'><strong>et</strong></span> <span class='ocrx_word' id='word_1_391' title='bbox 2465 2824 2583 2877; x_wconf 80' lang='lat' dir='ltr'><strong>quae</strong></span> <span class='ocrx_word' id='word_1_392' title='bbox 2619 2808 2872 2877; x_wconf 65' lang='lat' dir='ltr'><strong>praedicta</strong></span> <span class='ocrx_word' id='word_1_393' title='bbox 2914 2819 3040 2862; x_wconf 90' lang='lat' dir='ltr'><strong>sunt</strong></span> <span class='ocrx_word' id='word_1_394' title='bbox 3082 2808 3363 2878; x_wconf 78' lang='lat' dir='ltr'><strong>experien-</strong></span> 
     </span>
    </p>
   </div>
   <div class='ocr_carea' id='block_1_58' title="bbox 1806 2899 3364 2971">
    <p class='ocr_par' dir='ltr' id='par_1_58' title="bbox 1806 2899 3364 2971">
     <span class='ocr_line' id='line_1_58' title="bbox 1806 2899 3364 2971; baseline 0.001 -18"><span class='ocrx_word' id='word_1_395' title='bbox 1806 2901 1875 2953; x_wconf 93' lang='lat' dir='ltr'><strong>tia</strong></span> <span class='ocrx_word' id='word_1_396' title='bbox 1904 2901 2170 2965; x_wconf 83' lang='lat' dir='ltr'><strong>ediscnnt,</strong></span> <span class='ocrx_word' id='word_1_397' title='bbox 2198 2900 2529 2955; x_wconf 87' lang='lat' dir='ltr'><strong>conscientia</strong></span> <span class='ocrx_word' id='word_1_398' title='bbox 2552 2909 3009 2971; x_wconf 78' lang='lat' dir='ltr'><strong>compunguntur.</strong></span> <span class='ocrx_word' id='word_1_399' title='bbox 3041 2899 3242 2954; x_wconf 85' lang='lat' dir='ltr'><strong>Dedisti</strong></span> <span class='ocrx_word' id='word_1_400' title='bbox 3264 2916 3364 2954; x_wconf 86' lang='lat' dir='ltr'><strong>me-</strong></span> 
     </span>
    </p>
   </div>
   <div class='ocr_carea' id='block_1_59' title="bbox 1806 2990 3359 3061">
    <p class='ocr_par' dir='ltr' id='par_1_59' title="bbox 1806 2990 3359 3061">
     <span class='ocr_line' id='line_1_59' title="bbox 1806 2990 3359 3061; baseline 0.005 -22"><span class='ocrx_word' id='word_1_401' title='bbox 1806 2990 2065 3042; x_wconf 77' lang='lat' dir='ltr'><strong>tuentibus</strong></span> <span class='ocrx_word' id='word_1_402' title='bbox 2100 2999 2146 3043; x_wconf 87' lang='lat' dir='ltr'><strong>te</strong></span> <span class='ocrx_word' id='word_1_403' title='bbox 2171 2992 2605 3060; x_wconf 79' lang='lat' dir='ltr'><strong>signi/irationem</strong></span> <span class='ocrx_word' id='word_1_404' title='bbox 2643 3002 2699 3044; x_wconf 88' lang='lat' dir='ltr'><strong>ut</strong></span> <span class='ocrx_word' id='word_1_405' title='bbox 2729 2993 2931 3061; x_wconf 82' lang='lat' dir='ltr'><strong>fugiant</strong></span> <span class='ocrx_word' id='word_1_406' title='bbox 2961 3010 2991 3045; x_wconf 90' lang='lat' dir='ltr'><strong>a</strong></span> <span class='ocrx_word' id='word_1_407' title='bbox 3029 2992 3162 3061; x_wconf 76' lang='lat' dir='ltr'><strong>{acie</strong></span> <span class='ocrx_word' id='word_1_408' title='bbox 3186 3009 3359 3046; x_wconf 82' lang='lat' dir='ltr'><strong>arcus.</strong></span> 
     </span>
    </p>
   </div>
   <div class='ocr_carea' id='block_1_60' title="bbox 1807 3078 3365 3152">
    <p class='ocr_par' dir='ltr' id='par_1_60' title="bbox 1807 3078 3365 3152">
     <span class='ocr_line' id='line_1_60' title="bbox 1807 3078 3365 3152; baseline 0.004 -19"><span class='ocrx_word' id='word_1_409' title='bbox 1807 3078 2136 3150; x_wconf 77' lang='lat' dir='ltr'><strong>Signilieatio</strong></span> <span class='ocrx_word' id='word_1_410' title='bbox 2164 3092 2246 3135; x_wconf 86' lang='lat' dir='ltr'><strong>est</strong></span> <span class='ocrx_word' id='word_1_411' title='bbox 2282 3082 2607 3136; x_wconf 89' lang='lat' dir='ltr'><strong>illuminatio</strong></span> <span class='ocrx_word' id='word_1_412' title='bbox 2631 3100 2738 3152; x_wconf 82' lang='lat' dir='ltr'><strong>qua</strong></span> <span class='ocrx_word' id='word_1_413' title='bbox 2774 3095 2947 3152; x_wconf 79' lang='lat' dir='ltr'><strong>potest</strong></span> <span class='ocrx_word' id='word_1_414' title='bbox 2980 3084 3235 3141; x_wconf 85' lang='lat' dir='ltr'><strong>discretio</strong></span> <span class='ocrx_word' id='word_1_415' title='bbox 3264 3086 3365 3139; x_wconf 86' lang='lat' dir='ltr'><strong>ha-</strong></span> 
     </span>
    </p>
   </div>
   <div class='ocr_carea' id='block_1_61' title="bbox 1807 3172 3363 3244">
    <p class='ocr_par' dir='ltr' id='par_1_61' title="bbox 1807 3172 3363 3244">
     <span class='ocr_line' id='line_1_61' title="bbox 1807 3172 3363 3244; baseline 0.003 -20"><span class='ocrx_word' id='word_1_416' title='bbox 1807 3172 1919 3225; x_wconf 87' lang='lat' dir='ltr'><strong>beri</strong></span> <span class='ocrx_word' id='word_1_417' title='bbox 1943 3172 2247 3241; x_wconf 87' lang='lat' dir='ltr'><strong>spirituum,</strong></span> <span class='ocrx_word' id='word_1_418' title='bbox 2279 3188 2485 3227; x_wconf 89' lang='lat' dir='ltr'><strong>necnon</strong></span> <span class='ocrx_word' id='word_1_419' title='bbox 2520 3174 2646 3227; x_wconf 85' lang='lat' dir='ltr'><strong>boni</strong></span> <span class='ocrx_word' id='word_1_420' title='bbox 2673 3183 2725 3228; x_wconf 88' lang='lat' dir='ltr'><strong>et</strong></span> <span class='ocrx_word' id='word_1_421' title='bbox 2749 3176 2898 3228; x_wconf 87' lang='lat' dir='ltr'><strong>mali.</strong></span> <span class='ocrx_word' id='word_1_422' title='bbox 2928 3173 3036 3230; x_wconf 86' lang='lat' dir='ltr'><strong>llae</strong></span> <span class='ocrx_word' id='word_1_423' title='bbox 3057 3175 3198 3229; x_wconf 88' lang='lat' dir='ltr'><strong>enim</strong></span> <span class='ocrx_word' id='word_1_424' title='bbox 3229 3192 3363 3244; x_wconf 76' lang='lat' dir='ltr'><strong>pra:-</strong></span> 
     </span>
    </p>
   </div>
   <div class='ocr_carea' id='block_1_62' title="bbox 158 3250 1705 3361">
    <p class='ocr_par' dir='ltr' id='par_1_62' title="bbox 158 3274 1699 3361">
     <span class='ocr_line' id='line_1_62' title="bbox 158 3274 1699 3361; baseline -0.014 -16"><span class='ocrx_word' id='word_1_425' title='bbox 158 3289 284 3361; x_wconf 68' lang='grc' dir='ltr'>ἔχειν</span> <span class='ocrx_word' id='word_1_426' title='bbox 328 3287 674 3359; x_wconf 72' lang='grc' dir='ltr'>πνευμάτων,</span> <span class='ocrx_word' id='word_1_427' title='bbox 723 3284 816 3338; x_wconf 78' lang='grc' dir='ltr'><strong>καὶ</strong></span> <span class='ocrx_word' id='word_1_428' title='bbox 852 3281 1056 3352; x_wconf 78' lang='grc' dir='ltr'>ἀγαθοῦ</span> <span class='ocrx_word' id='word_1_429' title='bbox 1103 3280 1196 3333; x_wconf 73' lang='grc' dir='ltr'>καὶ</span> <span class='ocrx_word' id='word_1_430' title='bbox 1246 3277 1435 3331; x_wconf 82' lang='grc' dir='ltr'><strong>κακοῦ.</strong></span> <span class='ocrx_word' id='word_1_431' title='bbox 1485 3274 1699 3343; x_wconf 80' lang='grc' dir='ltr'>Ταύτης</span> 
     </span>
    </p>
   </div>
   <div class='ocr_carea' id='block_1_63' title="bbox 1807 3250 3364 3361">
    <p class='ocr_par' dir='ltr' id='par_1_63' title="bbox 1807 3262 3364 3335">
     <span class='ocr_line' id='line_1_63' title="bbox 1807 3262 3364 3335; baseline 0.004 -20"><span class='ocrx_word' id='word_1_432' title='bbox 1807 3262 1903 3315; x_wconf 86' lang='lat' dir='ltr'><strong>diti</strong></span> <span class='ocrx_word' id='word_1_433' title='bbox 1931 3263 2153 3327; x_wconf 87' lang='lat' dir='ltr'><strong>notitia,</strong></span> <span class='ocrx_word' id='word_1_434' title='bbox 2185 3262 2421 3333; x_wconf 77' lang='lat' dir='ltr'><strong>fugimus</strong></span> <span class='ocrx_word' id='word_1_435' title='bbox 2449 3279 2477 3317; x_wconf 90' lang='lat' dir='ltr'><strong>a</strong></span> <span class='ocrx_word' id='word_1_436' title='bbox 2510 3264 2698 3327; x_wconf 82' lang='lat' dir='ltr'><strong>malis,</strong></span> <span class='ocrx_word' id='word_1_437' title='bbox 2738 3265 2999 3335; x_wconf 79' lang='lat' dir='ltr'><strong>longeque</strong></span> <span class='ocrx_word' id='word_1_438' title='bbox 3031 3264 3364 3321; x_wconf 86' lang='lat' dir='ltr'><strong>declinamus</strong></span> 
     </span>
    </p>
   </div>
   <div class='ocr_carea' id='block_1_64' title="bbox 158 3365 1698 3455">
    <p class='ocr_par' dir='ltr' id='par_1_64' title="bbox 158 3365 1698 3455">
     <span class='ocr_line' id='line_1_64' title="bbox 158 3365 1698 3455; baseline -0.012 -20"><span class='ocrx_word' id='word_1_439' title='bbox 158 3385 251 3455; x_wconf 70' lang='grc' dir='ltr'>γὰρ</span> <span class='ocrx_word' id='word_1_440' title='bbox 292 3382 387 3453; x_wconf 82' lang='grc' dir='ltr'><strong>τῆς</strong></span> <span class='ocrx_word' id='word_1_441' title='bbox 438 3379 693 3451; x_wconf 77' lang='grc' dir='ltr'>γνώσεως</span> <span class='ocrx_word' id='word_1_442' title='bbox 750 3376 1088 3448; x_wconf 71' lang='grc' dir='ltr'><strong>ὑπαρξάσης,</strong></span> <span class='ocrx_word' id='word_1_443' title='bbox 1131 3370 1400 3441; x_wconf 79' lang='grc' dir='ltr'>φεύγομεν</span> <span class='ocrx_word' id='word_1_444' title='bbox 1440 3367 1549 3420; x_wconf 78' lang='grc' dir='ltr'><strong>ἀπὸ</strong></span> <span class='ocrx_word' id='word_1_445' title='bbox 1592 3365 1698 3417; x_wconf 81' lang='grc' dir='ltr'>τῶν</span> 
     </span>
    </p>
   </div>
   <div class='ocr_carea' id='block_1_65' title="bbox 158 3461 1701 3545">
    <p class='ocr_par' dir='ltr' id='par_1_65' title="bbox 158 3461 1701 3545">
     <span class='ocr_line' id='line_1_65' title="bbox 158 3461 1701 3545; baseline -0.022 -7"><span class='ocrx_word' id='word_1_446' title='bbox 158 3474 412 3545; x_wconf 72' lang='grc' dir='ltr'>χειρόνων,</span> <span class='ocrx_word' id='word_1_447' title='bbox 444 3471 663 3545; x_wconf 80' lang='grc' dir='ltr'>μακρὰν</span> <span class='ocrx_word' id='word_1_448' title='bbox 684 3469 853 3524; x_wconf 79' lang='grc' dir='ltr'>κακοῦ</span> <span class='ocrx_word' id='word_1_449' title='bbox 886 3468 1045 3539; x_wconf 75' lang='grc' dir='ltr'>ἔργου</span> <span class='ocrx_word' id='word_1_450' title='bbox 1084 3466 1178 3518; x_wconf 75' lang='grc' dir='ltr'>καὶ</span> <span class='ocrx_word' id='word_1_451' title='bbox 1206 3461 1511 3531; x_wconf 81' lang='grc' dir='ltr'>πνεύματος</span> <span class='ocrx_word' id='word_1_452' title='bbox 1536 3474 1701 3528; x_wconf 74' lang='grc' dir='ltr'>πονη-</span> 
     </span>
    </p>
   </div>
   <div class='ocr_carea' id='block_1_66' title="bbox 162 3547 1700 3635">
    <p class='ocr_par' dir='ltr' id='par_1_66' title="bbox 162 3547 1700 3635">
     <span class='ocr_line' id='line_1_66' title="bbox 162 3547 1700 3635; baseline -0.012 -17"><span class='ocrx_word' id='word_1_453' title='bbox 162 3564 243 3635; x_wconf 79' lang='grc' dir='ltr'>ροῦ</span> <span class='ocrx_word' id='word_1_454' title='bbox 273 3565 557 3635; x_wconf 76' lang='grc' dir='ltr'>γινόμενοι.</span> <span class='ocrx_word' id='word_1_455' title='bbox 591 3561 700 3616; x_wconf 84' lang='grc' dir='ltr'><strong>Τοῦ</strong></span> <span class='ocrx_word' id='word_1_456' title='bbox 724 3558 929 3614; x_wconf 83' lang='grc' dir='ltr'><strong>αὐτοῦ.</strong></span> <span class='ocrx_word' id='word_1_457' title='bbox 979 3558 1163 3627; x_wconf 81' lang='grc' dir='ltr'>Ἡμεῖς</span> <span class='ocrx_word' id='word_1_458' title='bbox 1198 3554 1316 3625; x_wconf 82' lang='grc' dir='ltr'>μὲν,</span> <span class='ocrx_word' id='word_1_459' title='bbox 1347 3551 1508 3621; x_wconf 66' lang='grc' dir='ltr'>φησὶ,</span> <span class='ocrx_word' id='word_1_460' title='bbox 1535 3548 1599 3601; x_wconf 76' lang='grc' dir='ltr'><strong>δι’</strong></span> <span class='ocrx_word' id='word_1_461' title='bbox 1633 3547 1700 3619; x_wconf 81' lang='grc' dir='ltr'>ἣν</span> 
     </span>
    </p>
   </div>
   <div class='ocr_carea' id='block_1_67' title="bbox 160 3638 1702 3727">
    <p class='ocr_par' dir='ltr' id='par_1_67' title="bbox 160 3638 1702 3727">
     <span class='ocr_line' id='line_1_67' title="bbox 160 3638 1702 3727; baseline -0.011 -20"><span class='ocrx_word' id='word_1_462' title='bbox 160 3654 453 3727; x_wconf 76' lang='grc' dir='ltr'><strong>ἐπράξαμεν</strong></span> <span class='ocrx_word' id='word_1_463' title='bbox 494 3652 810 3707; x_wconf 73' lang='grc' dir='ltr'>δυσσέὄειαν</span> <span class='ocrx_word' id='word_1_464' title='bbox 841 3643 1291 3717; x_wconf 78' lang='grc' dir='ltr'>τετιμωρήμεθα-</span> <span class='ocrx_word' id='word_1_465' title='bbox 1324 3644 1372 3694; x_wconf 89' lang='grc' dir='ltr'><strong>οί</strong></span> <span class='ocrx_word' id='word_1_466' title='bbox 1414 3641 1469 3727; x_wconf 47' lang='grc' dir='ltr'><strong>δὲ</strong></span> <span class='ocrx_word' id='word_1_467' title='bbox 1510 3638 1702 3709; x_wconf 74' lang='grc' dir='ltr'>φοϐού-</span> 
     </span>
    </p>
   </div>
   <div class='ocr_carea' id='block_1_68' title="bbox 164 3724 1703 3817">
    <p class='ocr_par' dir='ltr' id='par_1_68' title="bbox 164 3724 1703 3817">
     <span class='ocr_line' id='line_1_68' title="bbox 164 3724 1703 3817; baseline -0.014 -15"><span class='ocrx_word' id='word_1_468' title='bbox 164 3724 294 3816; x_wconf 73' lang='grc' dir='ltr'>μενοί</span> <span class='ocrx_word' id='word_1_469' title='bbox 317 3724 376 3800; x_wconf 81' lang='grc' dir='ltr'><em>σε</em></span> <span class='ocrx_word' id='word_1_470' title='bbox 406 3746 630 3817; x_wconf 84' lang='grc' dir='ltr'>σημεῖον</span> <span class='ocrx_word' id='word_1_471' title='bbox 662 3740 907 3808; x_wconf 71' lang='grc' dir='ltr'>ἐδέξαντο</span> <span class='ocrx_word' id='word_1_472' title='bbox 936 3737 1110 3809; x_wconf 79' lang='grc' dir='ltr'>(δῆλον</span> <span class='ocrx_word' id='word_1_473' title='bbox 1142 3734 1215 3797; x_wconf 79' lang='grc' dir='ltr'><strong>δὲ,</strong></span> <span class='ocrx_word' id='word_1_474' title='bbox 1240 3734 1318 3786; x_wconf 85' lang='grc' dir='ltr'>ὅτι</span> <span class='ocrx_word' id='word_1_475' title='bbox 1350 3734 1408 3785; x_wconf 83' lang='grc' dir='ltr'>ὲν</span> <span class='ocrx_word' id='word_1_476' title='bbox 1508 3732 1703 3801; x_wconf 78' lang='grc' dir='ltr'>ἐσφραο</span> 
     </span>
    </p>
   </div>
   <div class='ocr_carea' id='block_1_69' title="bbox 161 3821 1701 3910">
    <p class='ocr_par' dir='ltr' id='par_1_69' title="bbox 161 3821 1701 3910">
     <span class='ocr_line' id='line_1_69' title="bbox 161 3821 1701 3910; baseline -0.01 -20"><span class='ocrx_word' id='word_1_477' title='bbox 161 3837 448 3910; x_wconf 75' lang='grc' dir='ltr'>γίσθημεν),</span> <span class='ocrx_word' id='word_1_478' title='bbox 476 3839 625 3898; x_wconf 80' lang='grc' dir='ltr'><strong>ὅπως</strong></span> <span class='ocrx_word' id='word_1_479' title='bbox 649 3834 714 3889; x_wconf 80' lang='grc' dir='ltr'><strong>ἂν</strong></span> <span class='ocrx_word' id='word_1_480' title='bbox 738 3832 842 3901; x_wconf 76' lang='grc' dir='ltr'><strong>ἔξω</strong></span> <span class='ocrx_word' id='word_1_481' title='bbox 871 3830 1050 3901; x_wconf 82' lang='grc' dir='ltr'>πάσης</span> <span class='ocrx_word' id='word_1_482' title='bbox 1076 3825 1397 3893; x_wconf 71' lang='grc' dir='ltr'>κολαπικῆς</span> <span class='ocrx_word' id='word_1_483' title='bbox 1442 3821 1701 3892; x_wconf 73' lang='grc' dir='ltr'><strong>ἐπηρείας</strong></span> 
     </span>
    </p>
   </div>
   <div class='ocr_carea' id='block_1_70' title="bbox 162 3911 1701 4000">
    <p class='ocr_par' dir='ltr' id='par_1_70' title="bbox 162 3911 1701 4000">
     <span class='ocr_line' id='line_1_70' title="bbox 162 3911 1701 4000; baseline -0.016 -13"><span class='ocrx_word' id='word_1_484' title='bbox 162 3932 397 4000; x_wconf 68' lang='grc' dir='ltr'>γένοιντο.</span> <span class='ocrx_word' id='word_1_485' title='bbox 426 3930 631 3984; x_wconf 90' lang='grc' dir='ltr'>Τούτου</span> <span class='ocrx_word' id='word_1_486' title='bbox 656 3928 714 3981; x_wconf 76' lang='grc' dir='ltr'><strong>δὲ</strong></span> <span class='ocrx_word' id='word_1_487' title='bbox 743 3923 837 3979; x_wconf 78' lang='grc' dir='ltr'>τοῦ</span> <span class='ocrx_word' id='word_1_488' title='bbox 872 3921 1096 3993; x_wconf 75' lang='grc' dir='ltr'>σημείου</span> <span class='ocrx_word' id='word_1_489' title='bbox 1122 3917 1289 3981; x_wconf 82' lang='grc' dir='ltr'>τύπος</span> <span class='ocrx_word' id='word_1_490' title='bbox 1313 3911 1381 3986; x_wconf 79' lang='grc' dir='ltr'>ἦν</span> <span class='ocrx_word' id='word_1_491' title='bbox 1412 3914 1472 3968; x_wconf 89' lang='grc' dir='ltr'>τδ</span> <span class='ocrx_word' id='word_1_492' title='bbox 1502 3914 1559 3966; x_wconf 83' lang='grc' dir='ltr'><strong>ὲν</strong></span> <span class='ocrx_word' id='word_1_493' title='bbox 1586 3915 1701 3975; x_wconf 82' lang='grc' dir='ltr'>ταῖς</span> 
     </span>
    </p>
   </div>
   <div class='ocr_carea' id='block_1_71' title="bbox 164 4002 1629 4092">
    <p class='ocr_par' dir='ltr' id='par_1_71' title="bbox 164 4002 1629 4092">
     <span class='ocr_line' id='line_1_71' title="bbox 164 4002 1629 4092; baseline -0.013 -14"><span class='ocrx_word' id='word_1_494' title='bbox 164 4022 325 4092; x_wconf 78' lang='grc' dir='ltr'><strong>φλιαῖς</strong></span> <span class='ocrx_word' id='word_1_495' title='bbox 352 4020 459 4075; x_wconf 83' lang='grc' dir='ltr'>τῶν</span> <span class='ocrx_word' id='word_1_496' title='bbox 484 4017 771 4092; x_wconf 74' lang='grc' dir='ltr'>προῦάτων</span> <span class='ocrx_word' id='word_1_497' title='bbox 805 4016 862 4067; x_wconf 78' lang='grc' dir='ltr'>ἐν</span> <span class='ocrx_word' id='word_1_498' title='bbox 883 4010 1141 4081; x_wconf 78' lang='grc' dir='ltr'>Αίγύπτῳ</span> <span class='ocrx_word' id='word_1_499' title='bbox 1164 4007 1447 4078; x_wconf 78' lang='grc' dir='ltr'>χριόμενον</span> <span class='ocrx_word' id='word_1_500' title='bbox 1473 4002 1629 4076; x_wconf 76' lang='grc' dir='ltr'>αἷμα.</span> 
     </span>
    </p>
   </div>
   <div class='ocr_carea' id='block_1_72' title="bbox 234 4095 1705 4177">
    <p class='ocr_par' dir='ltr' id='par_1_72' title="bbox 234 4095 1705 4177">
     <span class='ocr_line' id='line_1_72' title="bbox 234 4095 1705 4177; baseline -0.016 -8"><span class='ocrx_word' id='word_1_501' title='bbox 234 4113 292 4167; x_wconf 82' lang='lat'><strong>&#39;0</strong></span> <span class='ocrx_word' id='word_1_502' title='bbox 336 4111 475 4177; x_wconf 73' lang='grc' dir='ltr'><em>Θεὸς</em></span> <span class='ocrx_word' id='word_1_503' title='bbox 509 4107 821 4176; x_wconf 69' lang='grc' dir='ltr'>ἐλάλησεν</span> <span class='ocrx_word' id='word_1_504' title='bbox 860 4104 930 4157; x_wconf 77' lang='grc' dir='ltr'><strong>ἐν</strong></span> <span class='ocrx_word' id='word_1_505' title='bbox 960 4100 1041 4167; x_wconf 82' lang='grc' dir='ltr'>τῷ</span> <span class='ocrx_word' id='word_1_506' title='bbox 1071 4098 1215 4169; x_wconf 75' lang='grc' dir='ltr'>ἁγίῳ</span> <span class='ocrx_word' id='word_1_507' title='bbox 1243 4096 1450 4151; x_wconf 86' lang='grc' dir='ltr'><strong>αὑτοῦ.</strong></span> <span class='ocrx_word' id='word_1_508' title='bbox 1482 4095 1705 4167; x_wconf 85' lang='grc' dir='ltr'>Ὅμοιον</span> 
     </span>
    </p>
   </div>
   <div class='ocr_carea' id='block_1_73' title="bbox 164 4184 1706 4274">
    <p class='ocr_par' dir='ltr' id='par_1_73' title="bbox 164 4184 1706 4274">
     <span class='ocr_line' id='line_1_73' title="bbox 164 4184 1706 4274; baseline -0.014 -15"><span class='ocrx_word' id='word_1_509' title='bbox 164 4202 259 4274; x_wconf 79' lang='grc' dir='ltr'><strong>τῷ·</strong></span> <span class='ocrx_word' id='word_1_510' title='bbox 304 4204 422 4258; x_wconf 73' lang='grc' dir='ltr'><strong>Ἐπ’</strong></span> <span class='ocrx_word' id='word_1_511' title='bbox 447 4198 713 4270; x_wconf 81' lang='grc' dir='ltr'><strong>ἐσχάτου</strong></span> <span class='ocrx_word' id='word_1_512' title='bbox 746 4195 864 4251; x_wconf 76' lang='grc' dir='ltr'><strong>τῶν</strong></span> <span class='ocrx_word' id='word_1_513' title='bbox 890 4189 1126 4261; x_wconf 73' lang='grc' dir='ltr'>ἡμερῶν</span> <span class='ocrx_word' id='word_1_514' title='bbox 1154 4188 1379 4242; x_wconf 81' lang='grc' dir='ltr'>τούτων</span> <span class='ocrx_word' id='word_1_515' title='bbox 1401 4184 1706 4252; x_wconf 73' lang='grc' dir='ltr'>ἐλάλησεν</span> 
     </span>
    </p>
   </div>
   <div class='ocr_carea' id='block_1_74' title="bbox 167 4275 1706 4365">
    <p class='ocr_par' dir='ltr' id='par_1_74' title="bbox 167 4275 1706 4365">
     <span class='ocr_line' id='line_1_74' title="bbox 167 4275 1706 4365; baseline -0.014 -15"><span class='ocrx_word' id='word_1_516' title='bbox 167 4295 291 4365; x_wconf 75' lang='grc' dir='ltr'><strong>ἡμῖν</strong></span> <span class='ocrx_word' id='word_1_517' title='bbox 314 4296 383 4349; x_wconf 74' lang='grc' dir='ltr'><strong>ἐν</strong></span> <span class='ocrx_word' id='word_1_518' title='bbox 421 4291 551 4359; x_wconf 77' lang='grc' dir='ltr'><strong>Υίῷ.</strong></span> <span class='ocrx_word' id='word_1_519' title='bbox 577 4289 746 4353; x_wconf 71' lang='grc' dir='ltr'>Αὐτὸς</span> <span class='ocrx_word' id='word_1_520' title='bbox 774 4287 881 4358; x_wconf 89' lang='grc' dir='ltr'><strong>γάρ</strong></span> <span class='ocrx_word' id='word_1_521' title='bbox 906 4285 1053 4338; x_wconf 72' lang='grc' dir='ltr'>ἐστιν</span> <span class='ocrx_word' id='word_1_522' title='bbox 1084 4283 1113 4337; x_wconf 81' lang='grc' dir='ltr'><strong>ὁ</strong></span> <span class='ocrx_word' id='word_1_523' title='bbox 1136 4282 1287 4351; x_wconf 71' lang='grc' dir='ltr'>ἅγιος</span> <span class='ocrx_word' id='word_1_524' title='bbox 1311 4278 1406 4333; x_wconf 81' lang='grc' dir='ltr'><strong>τοῦ</strong></span> <span class='ocrx_word' id='word_1_525' title='bbox 1444 4275 1578 4332; x_wconf 82' lang='grc' dir='ltr'><strong>Θεοῦ</strong></span> <span class='ocrx_word' id='word_1_526' title='bbox 1615 4276 1706 4331; x_wconf 82' lang='grc' dir='ltr'><strong>καὶ</strong></span> 
     </span>
    </p>
   </div>
   <div class='ocr_carea' id='block_1_75' title="bbox 167 4370 1703 4460">
    <p class='ocr_par' dir='ltr' id='par_1_75' title="bbox 167 4370 1703 4460">
     <span class='ocr_line' id='line_1_75' title="bbox 167 4370 1703 4460; baseline -0.011 -21"><span class='ocrx_word' id='word_1_527' title='bbox 167 4387 373 4460; x_wconf 81' lang='grc' dir='ltr'><strong>Πατρός.</strong></span> <span class='ocrx_word' id='word_1_528' title='bbox 420 4386 485 4441; x_wconf 87' lang='grc' dir='ltr'>Τί</span> <span class='ocrx_word' id='word_1_529' title='bbox 529 4384 591 4439; x_wconf 79' lang='grc' dir='ltr'><strong>δὲ</strong></span> <span class='ocrx_word' id='word_1_530' title='bbox 626 4382 874 4450; x_wconf 71' lang='grc' dir='ltr'>ἐλάλησε,</span> <span class='ocrx_word' id='word_1_531' title='bbox 918 4376 1011 4432; x_wconf 75' lang='grc' dir='ltr'>καὶ</span> <span class='ocrx_word' id='word_1_532' title='bbox 1062 4374 1198 4446; x_wconf 79' lang='grc' dir='ltr'>πρὸς</span> <span class='ocrx_word' id='word_1_533' title='bbox 1241 4373 1361 4426; x_wconf 90' lang='grc' dir='ltr'>τίνα</span> <span class='ocrx_word' id='word_1_534' title='bbox 1404 4370 1703 4440; x_wconf 77' lang='grc' dir='ltr'>ὲλάλησενς</span> 
     </span>
    </p>
   </div>
   <div class='ocr_carea' id='block_1_76' title="bbox 179 4461 1701 4550">
    <p class='ocr_par' dir='ltr' id='par_1_76' title="bbox 179 4461 1701 4550">
     <span class='ocr_line' id='line_1_76' title="bbox 179 4461 1701 4550; baseline -0.013 -18"><span class='ocrx_word' id='word_1_535' title='bbox 179 4478 371 4549; x_wconf 74' lang='grc' dir='ltr'><strong>Ἐπειδὴ</strong></span> <span class='ocrx_word' id='word_1_536' title='bbox 418 4476 623 4550; x_wconf 74' lang='grc' dir='ltr'>ηὔξατο</span> <span class='ocrx_word' id='word_1_537' title='bbox 673 4474 731 4527; x_wconf 75' lang='grc' dir='ltr'>ὲν</span> <span class='ocrx_word' id='word_1_538' title='bbox 775 4470 854 4542; x_wconf 81' lang='grc' dir='ltr'>τῷ</span> <span class='ocrx_word' id='word_1_539' title='bbox 898 4466 1219 4540; x_wconf 75' lang='grc' dir='ltr'>προλαϐόντι</span> <span class='ocrx_word' id='word_1_540' title='bbox 1260 4462 1460 4536; x_wconf 77' lang='grc' dir='ltr'>ψαλμῷ</span> <span class='ocrx_word' id='word_1_541' title='bbox 1500 4461 1701 4530; x_wconf 80' lang='grc' dir='ltr'>λέγων·</span> 
     </span>
    </p>
   </div>
   <div class='ocr_carea' id='block_1_77' title="bbox 177 4550 1783 4658">
    <p class='ocr_par' dir='ltr' id='par_1_77' title="bbox 177 4550 1783 4658">
     <span class='ocr_line' id='line_1_77' title="bbox 177 4550 1783 4658; baseline -0.011 -39"><span class='ocrx_word' id='word_1_542' title='bbox 177 4552 433 4636; x_wconf 59' lang='lat' dir='ltr'><strong>rma</strong></span> <span class='ocrx_word' id='word_1_543' title='bbox 475 4567 576 4621; x_wconf 78' lang='grc' dir='ltr'><strong>ἐπί</strong></span> <span class='ocrx_word' id='word_1_544' title='bbox 632 4563 773 4630; x_wconf 85' lang='grc' dir='ltr'>τοὺς</span> <span class='ocrx_word' id='word_1_545' title='bbox 820 4558 1141 4631; x_wconf 82' lang='grc' dir='ltr'>οὐρανοὺς,</span> <span class='ocrx_word' id='word_1_546' title='bbox 1174 4560 1207 4611; x_wconf 77' lang='grc' dir='ltr'><em>δ</em></span> <span class='ocrx_word' id='word_1_547' title='bbox 1241 4554 1417 4621; x_wconf 82' lang='grc' dir='ltr'><em>Θεὸς,</em></span> <span class='ocrx_word' id='word_1_548' title='bbox 1467 4553 1565 4658; x_wconf 63' lang='lat' dir='ltr'><strong>real</strong></span> <span class='ocrx_word' id='word_1_549' title='bbox 1609 4550 1707 4658; x_wconf 58' lang='grc' dir='ltr'>έιςι</span> <span class='ocrx_word' id='word_1_550' title='bbox 1738 4602 1783 4658; x_wconf 71' lang='lat' dir='ltr'><strong>D</strong></span> 
     </span>
    </p>
   </div>
   <div class='ocr_carea' id='block_1_78' title="bbox 170 4642 1702 4730">
    <p class='ocr_par' dir='ltr' id='par_1_78' title="bbox 170 4642 1702 4730">
     <span class='ocr_line' id='line_1_78' title="bbox 170 4642 1702 4730; baseline -0.013 -15"><span class='ocrx_word' id='word_1_551' title='bbox 170 4657 353 4714; x_wconf 71' lang='grc' dir='ltr'><em>πᾶσαν</em></span> <span class='ocrx_word' id='word_1_552' title='bbox 374 4659 487 4727; x_wconf 75' lang='grc' dir='ltr'><strong>τὴν</strong></span> <span class='ocrx_word' id='word_1_553' title='bbox 514 4657 637 4730; x_wconf 76' lang='grc' dir='ltr'><strong>γῆν</strong></span> <span class='ocrx_word' id='word_1_554' title='bbox 658 4657 697 4724; x_wconf 81' lang='grc' dir='ltr'><em>ἠ</em></span> <span class='ocrx_word' id='word_1_555' title='bbox 723 4654 871 4718; x_wconf 77' lang='grc' dir='ltr'><strong>δόξα</strong></span> <span class='ocrx_word' id='word_1_556' title='bbox 907 4666 1043 4706; x_wconf 86' lang='grc' dir='ltr'>σου·</span> <span class='ocrx_word' id='word_1_557' title='bbox 1068 4648 1257 4703; x_wconf 87' lang='grc' dir='ltr'>τούτου</span> <span class='ocrx_word' id='word_1_558' title='bbox 1286 4647 1444 4719; x_wconf 86' lang='grc' dir='ltr'>χάριν</span> <span class='ocrx_word' id='word_1_559' title='bbox 1478 4642 1702 4715; x_wconf 84' lang='grc' dir='ltr'>ἀποκρί-</span> 
     </span>
    </p>
   </div>
   <div class='ocr_carea' id='block_1_79' title="bbox 172 4731 1715 4817">
    <p class='ocr_par' dir='ltr' id='par_1_79' title="bbox 172 4731 1715 4817">
     <span class='ocr_line' id='line_1_79' title="bbox 172 4731 1715 4817; baseline -0.012 -15"><span class='ocrx_word' id='word_1_560' title='bbox 172 4765 320 4816; x_wconf 83' lang='grc' dir='ltr'>νεται,</span> <span class='ocrx_word' id='word_1_561' title='bbox 349 4750 423 4813; x_wconf 80' lang='grc' dir='ltr'><strong>ὡς</strong></span> <span class='ocrx_word' id='word_1_562' title='bbox 448 4750 517 4804; x_wconf 80' lang='grc' dir='ltr'><strong>τὰ</strong></span> <span class='ocrx_word' id='word_1_563' title='bbox 543 4748 762 4817; x_wconf 80' lang='grc' dir='ltr'>Σίκημα</span> <span class='ocrx_word' id='word_1_564' title='bbox 797 4744 893 4816; x_wconf 77' lang='grc' dir='ltr'><strong>μὲν</strong></span> <span class='ocrx_word' id='word_1_565' title='bbox 938 4740 1228 4812; x_wconf 78' lang='grc' dir='ltr'>διαμεριεϊ,</span> <span class='ocrx_word' id='word_1_566' title='bbox 1256 4735 1499 4790; x_wconf 77' lang='grc' dir='ltr'><strong>τουτέστι</strong></span> <span class='ocrx_word' id='word_1_567' title='bbox 1520 4732 1581 4786; x_wconf 81' lang='grc' dir='ltr'>τὸ</span> <span class='ocrx_word' id='word_1_568' title='bbox 1620 4731 1715 4802; x_wconf 78' lang='grc' dir='ltr'><strong>βα·</strong></span> 
     </span>
    </p>
   </div>
   <div class='ocr_carea' id='block_1_80' title="bbox 176 4822 1713 4911">
    <p class='ocr_par' dir='ltr' id='par_1_80' title="bbox 176 4822 1713 4911">
     <span class='ocr_line' id='line_1_80' title="bbox 176 4822 1713 4911; baseline -0.01 -18"><span class='ocrx_word' id='word_1_569' title='bbox 176 4840 348 4896; x_wconf 68' lang='grc' dir='ltr'>σίὶειον</span> <span class='ocrx_word' id='word_1_570' title='bbox 391 4840 484 4896; x_wconf 78' lang='grc' dir='ltr'>τοῦ</span> <span class='ocrx_word' id='word_1_571' title='bbox 531 4836 779 4911; x_wconf 78' lang='grc' dir='ltr'>ἰσραήλ’</span> <span class='ocrx_word' id='word_1_572' title='bbox 828 4836 887 4889; x_wconf 67' lang='grc' dir='ltr'>ἐν</span> <span class='ocrx_word' id='word_1_573' title='bbox 918 4833 1179 4903; x_wconf 82' lang='grc' dir='ltr'>Σικήμοις</span> <span class='ocrx_word' id='word_1_574' title='bbox 1221 4828 1329 4899; x_wconf 82' lang='grc' dir='ltr'>γὰρ</span> <span class='ocrx_word' id='word_1_575' title='bbox 1371 4822 1459 4897; x_wconf 80' lang='grc' dir='ltr'><strong>ἦν.</strong></span> <span class='ocrx_word' id='word_1_576' title='bbox 1504 4824 1713 4879; x_wconf 81' lang='grc' dir='ltr'><strong>Δέδωκε</strong></span> 
     </span>
    </p>
   </div>
   <div class='ocr_carea' id='block_1_81' title="bbox 174 4914 1713 4999">
    <p class='ocr_par' dir='ltr' id='par_1_81' title="bbox 174 4914 1713 4999">
     <span class='ocr_line' id='line_1_81' title="bbox 174 4914 1713 4999; baseline -0.01 -17"><span class='ocrx_word' id='word_1_577' title='bbox 174 4927 268 4999; x_wconf 77' lang='grc' dir='ltr'>γὰρ</span> <span class='ocrx_word' id='word_1_578' title='bbox 293 4929 417 4984; x_wconf 74' lang='grc' dir='ltr'>αὐτὸ</span> <span class='ocrx_word' id='word_1_579' title='bbox 450 4926 767 4996; x_wconf 80' lang='grc' dir='ltr'><strong>ἀλλοφύλοις</strong></span> <span class='ocrx_word' id='word_1_580' title='bbox 794 4923 969 4978; x_wconf 81' lang='grc' dir='ltr'>ῑθνεσι</span> <span class='ocrx_word' id='word_1_581' title='bbox 996 4924 1108 4985; x_wconf 79' lang='grc' dir='ltr'>τοῖς</span> <span class='ocrx_word' id='word_1_582' title='bbox 1144 4916 1491 4974; x_wconf 77' lang='grc' dir='ltr'>πιστεύσασιν</span> <span class='ocrx_word' id='word_1_583' title='bbox 1514 4916 1592 4979; x_wconf 84' lang='grc' dir='ltr'><em>είς</em></span> <span class='ocrx_word' id='word_1_584' title='bbox 1616 4914 1713 4967; x_wconf 82' lang='grc' dir='ltr'><strong>αὺ-</strong></span> 
     </span>
    </p>
   </div>
   <div class='ocr_carea' id='block_1_82' title="bbox 175 5002 1709 5084">
    <p class='ocr_par' dir='ltr' id='par_1_82' title="bbox 175 5002 1709 5084">
     <span class='ocr_line' id='line_1_82' title="bbox 175 5002 1709 5084; baseline -0.007 -17"><span class='ocrx_word' id='word_1_585' title='bbox 175 5011 271 5069; x_wconf 80' lang='grc' dir='ltr'>τόν.</span> <span class='ocrx_word' id='word_1_586' title='bbox 308 5016 413 5071; x_wconf 78' lang='grc' dir='ltr'><strong>Καί</strong></span> <span class='ocrx_word' id='word_1_587' title='bbox 453 5014 572 5084; x_wconf 79' lang='grc' dir='ltr'><strong>τὴν</strong></span> <span class='ocrx_word' id='word_1_588' title='bbox 607 5010 856 5068; x_wconf 72' lang='grc' dir='ltr'>κοιλάδα</span> <span class='ocrx_word' id='word_1_589' title='bbox 885 5008 1003 5064; x_wconf 77' lang='grc' dir='ltr'><strong>τῶν</strong></span> <span class='ocrx_word' id='word_1_590' title='bbox 1032 5006 1279 5075; x_wconf 76' lang='grc' dir='ltr'><em>σκηνῶν</em></span> <span class='ocrx_word' id='word_1_591' title='bbox 1319 5002 1709 5074; x_wconf 79' lang='grc' dir='ltr'><strong>διαμετρήσω.</strong></span> 
     </span>
    </p>
   </div>
   <div class='ocr_carea' id='block_1_83' title="bbox 175 5095 1708 5179">
    <p class='ocr_par' dir='ltr' id='par_1_83' title="bbox 175 5095 1708 5179">
     <span class='ocr_line' id='line_1_83' title="bbox 175 5095 1708 5179; baseline -0.011 -15"><span class='ocrx_word' id='word_1_592' title='bbox 175 5103 387 5161; x_wconf 59' lang='lat' dir='ltr'><strong>RW</strong></span> <span class='ocrx_word' id='word_1_593' title='bbox 407 5109 441 5179; x_wconf 74' lang='grc' dir='ltr'>ἡ</span> <span class='ocrx_word' id='word_1_594' title='bbox 462 5107 584 5161; x_wconf 86' lang='grc' dir='ltr'>θεία</span> <span class='ocrx_word' id='word_1_595' title='bbox 612 5102 801 5177; x_wconf 80' lang='grc' dir='ltr'>Γραφὴ</span> <span class='ocrx_word' id='word_1_596' title='bbox 833 5101 894 5156; x_wconf 79' lang='grc' dir='ltr'>τὸ</span> <span class='ocrx_word' id='word_1_597' title='bbox 919 5100 1133 5156; x_wconf 86' lang='grc' dir='ltr'>πάντων</span> <span class='ocrx_word' id='word_1_598' title='bbox 1166 5096 1466 5168; x_wconf 83' lang='grc' dir='ltr'>ἀνθρώπων</span> <span class='ocrx_word' id='word_1_599' title='bbox 1488 5095 1708 5167; x_wconf 77' lang='grc' dir='ltr'>οἰκητη-</span> 
     </span>
    </p>
   </div>
   <div class='ocr_carea' id='block_1_84' title="bbox 180 5186 1712 5269">
    <p class='ocr_par' dir='ltr' id='par_1_84' title="bbox 180 5186 1712 5269">
     <span class='ocr_line' id='line_1_84' title="bbox 180 5186 1712 5269; baseline -0.007 -21"><span class='ocrx_word' id='word_1_600' title='bbox 180 5194 276 5264; x_wconf 68' lang='grc' dir='ltr'>μιν</span> <span class='ocrx_word' id='word_1_601' title='bbox 298 5212 442 5268; x_wconf 82' lang='grc' dir='ltr'>φησι.</span> <span class='ocrx_word' id='word_1_602' title='bbox 468 5197 689 5269; x_wconf 84' lang='grc' dir='ltr'>Ταύτην</span> <span class='ocrx_word' id='word_1_603' title='bbox 707 5190 820 5261; x_wconf 76' lang='grc' dir='ltr'>οὖν,</span> <span class='ocrx_word' id='word_1_604' title='bbox 850 5193 1000 5265; x_wconf 73' lang='grc' dir='ltr'>φησὶ,</span> <span class='ocrx_word' id='word_1_605' title='bbox 1032 5192 1131 5263; x_wconf 80' lang='grc' dir='ltr'><strong>τὴν</strong></span> <span class='ocrx_word' id='word_1_606' title='bbox 1167 5188 1388 5245; x_wconf 83' lang='grc' dir='ltr'>κοιλάδα</span> <span class='ocrx_word' id='word_1_607' title='bbox 1427 5187 1605 5241; x_wconf 81' lang='grc' dir='ltr'>πᾶσαν</span> <span class='ocrx_word' id='word_1_608' title='bbox 1632 5186 1712 5249; x_wconf 86' lang='grc' dir='ltr'><em>είς</em></span> 
     </span>
    </p>
   </div>
   <div class='ocr_carea' id='block_1_85' title="bbox 180 5275 1712 5359">
    <p class='ocr_par' dir='ltr' id='par_1_85' title="bbox 180 5275 1712 5359">
     <span class='ocr_line' id='line_1_85' title="bbox 180 5275 1712 5359; baseline -0.01 -16"><span class='ocrx_word' id='word_1_609' title='bbox 180 5285 359 5355; x_wconf 74' lang='grc' dir='ltr'>σκηνάς</span> <span class='ocrx_word' id='word_1_610' title='bbox 398 5285 619 5359; x_wconf 66' lang='grc' dir='ltr'>ἐμαυτῷ</span> <span class='ocrx_word' id='word_1_611' title='bbox 663 5285 1038 5357; x_wconf 77' lang='grc' dir='ltr'>διαμετρήσω’</span> <span class='ocrx_word' id='word_1_612' title='bbox 1073 5280 1356 5335; x_wconf 74' lang='grc' dir='ltr'>ιτουτέστιν</span> <span class='ocrx_word' id='word_1_613' title='bbox 1410 5275 1712 5347; x_wconf 71' lang='grc' dir='ltr'>ἐκκλησιῶν</span> 
     </span>
    </p>
   </div>
   <div class='ocr_carea' id='block_1_86' title="bbox 178 5372 876 5450">
    <p class='ocr_par' dir='ltr' id='par_1_86' title="bbox 178 5372 876 5450">
     <span class='ocr_line' id='line_1_86' title="bbox 178 5372 876 5450; baseline -0.009 -16"><span class='ocrx_word' id='word_1_614' title='bbox 178 5372 526 5450; x_wconf 70' lang='grc' dir='ltr'>πληρεστάτην</span> <span class='ocrx_word' id='word_1_615' title='bbox 548 5375 876 5432; x_wconf 80' lang='grc' dir='ltr'>άποτελιίσω.</span> 
     </span>
    </p>
   </div>
   <div class='ocr_carea' id='block_1_87' title="bbox 250 5456 1709 5537">
    <p class='ocr_par' dir='ltr' id='par_1_87' title="bbox 250 5456 1709 5537">
     <span class='ocr_line' id='line_1_87' title="bbox 250 5456 1709 5537; baseline -0.01 -13"><span class='ocrx_word' id='word_1_616' title='bbox 250 5466 403 5537; x_wconf 79' lang='grc' dir='ltr'><strong>ἐμός</strong></span> <span class='ocrx_word' id='word_1_617' title='bbox 427 5470 559 5524; x_wconf 80' lang='grc' dir='ltr'>ἐστι</span> <span class='ocrx_word' id='word_1_618' title='bbox 588 5465 855 5531; x_wconf 71' lang='grc' dir='ltr'><strong>Γαλαὰδ,</strong></span> <span class='ocrx_word' id='word_1_619' title='bbox 881 5464 976 5519; x_wconf 74' lang='grc' dir='ltr'><em>καί</em></span> <span class='ocrx_word' id='word_1_620' title='bbox 1015 5462 1156 5534; x_wconf 67' lang='grc' dir='ltr'><strong>ἐμός</strong></span> <span class='ocrx_word' id='word_1_621' title='bbox 1186 5460 1316 5514; x_wconf 76' lang='grc' dir='ltr'>ἐστι</span> <span class='ocrx_word' id='word_1_622' title='bbox 1353 5456 1709 5525; x_wconf 77' lang='grc' dir='ltr'><em>Μανασσῆς.</em></span> 
     </span>
    </p>
   </div>
   <div class='ocr_carea' id='block_1_88' title="bbox 182 5550 1712 5630">
    <p class='ocr_par' dir='ltr' id='par_1_88' title="bbox 182 5550 1712 5630">
     <span class='ocr_line' id='line_1_88' title="bbox 182 5550 1712 5630; baseline -0.006 -18"><span class='ocrx_word' id='word_1_623' title='bbox 182 5553 263 5609; x_wconf 78' lang='grc' dir='ltr'><strong>Διά</strong></span> <span class='ocrx_word' id='word_1_624' title='bbox 287 5558 484 5615; x_wconf 78' lang='grc' dir='ltr'>Γαλαὰδ</span> <span class='ocrx_word' id='word_1_625' title='bbox 515 5561 613 5615; x_wconf 77' lang='grc' dir='ltr'><strong>καὶ</strong></span> <span class='ocrx_word' id='word_1_626' title='bbox 636 5558 903 5630; x_wconf 78' lang='grc' dir='ltr'>Μανασσῆ</span> <span class='ocrx_word' id='word_1_627' title='bbox 943 5555 1213 5627; x_wconf 71' lang='grc' dir='ltr'>σημαίνει,</span> <span class='ocrx_word' id='word_1_628' title='bbox 1243 5551 1317 5615; x_wconf 83' lang='grc' dir='ltr'><em>ὡς</em></span> <span class='ocrx_word' id='word_1_629' title='bbox 1341 5552 1397 5603; x_wconf 80' lang='grc' dir='ltr'>ὲν</span> <span class='ocrx_word' id='word_1_630' title='bbox 1425 5552 1489 5620; x_wconf 78' lang='grc' dir='ltr'>τῇ</span> <span class='ocrx_word' id='word_1_631' title='bbox 1515 5550 1712 5618; x_wconf 68' lang='grc' dir='ltr'>ἐπιφα-</span> 
     </span>
    </p>
   </div>
   <div class='ocr_carea' id='block_1_89' title="bbox 183 5641 1710 5723">
    <p class='ocr_par' dir='ltr' id='par_1_89' title="bbox 183 5641 1710 5723">
     <span class='ocr_line' id='line_1_89' title="bbox 183 5641 1710 5723; baseline -0.003 -24"><span class='ocrx_word' id='word_1_632' title='bbox 183 5644 283 5715; x_wconf 73' lang='grc' dir='ltr'>νιίᾳ</span> <span class='ocrx_word' id='word_1_633' title='bbox 313 5649 469 5705; x_wconf 64' lang='grc' dir='ltr'>αὑτοῦ</span> <span class='ocrx_word' id='word_1_634' title='bbox 510 5648 751 5723; x_wconf 76' lang='grc' dir='ltr'>πρώτοις</span> <span class='ocrx_word' id='word_1_635' title='bbox 802 5647 1073 5713; x_wconf 78' lang='grc' dir='ltr'>Ἰουδαίοις</span> <span class='ocrx_word' id='word_1_636' title='bbox 1105 5644 1366 5718; x_wconf 77' lang='grc' dir='ltr'>κηρύσσει</span> <span class='ocrx_word' id='word_1_637' title='bbox 1398 5641 1496 5713; x_wconf 85' lang='grc' dir='ltr'><strong>τὴν</strong></span> <span class='ocrx_word' id='word_1_638' title='bbox 1530 5641 1710 5713; x_wconf 85' lang='grc' dir='ltr'>χάριν.</span> 
     </span>
    </p>
   </div>
   <div class='ocr_carea' id='block_1_90' title="bbox 272 5823 644 5896">
    <p class='ocr_par' dir='ltr' id='par_1_90' title="bbox 272 5823 644 5896">
     <span class='ocr_line' id='line_1_90' title="bbox 272 5823 644 5896; baseline -0.003 -14"><span class='ocrx_word' id='word_1_639' title='bbox 272 5825 312 5858; x_wconf 81' lang='grc'>’³</span> <span class='ocrx_word' id='word_1_640' title='bbox 335 5823 488 5884; x_wconf 78' lang='lat' dir='ltr'><strong>Hebr.</strong></span> <span class='ocrx_word' id='word_1_641' title='bbox 518 5844 559 5896; x_wconf 84' lang='lat' dir='ltr'><strong>t,</strong></span> <span class='ocrx_word' id='word_1_642' title='bbox 590 5827 644 5883; x_wconf 75' lang='grc' dir='ltr'><strong>Ξ.</strong></span> 
     </span>
    </p>
   </div>
   <div class='ocr_carea' id='block_1_91' title="bbox 1805 3356 3361 3430">
    <p class='ocr_par' dir='ltr' id='par_1_91' title="bbox 1805 3356 3361 3430">
     <span class='ocr_line' id='line_1_91' title="bbox 1805 3356 3361 3430; baseline 0.003 -22"><span class='ocrx_word' id='word_1_643' title='bbox 1805 3356 1873 3409; x_wconf 90' lang='lat' dir='ltr'><strong>ab</strong></span> <span class='ocrx_word' id='word_1_644' title='bbox 1919 3357 2164 3424; x_wconf 86' lang='lat' dir='ltr'><strong>improbo</strong></span> <span class='ocrx_word' id='word_1_645' title='bbox 2211 3372 2370 3425; x_wconf 88' lang='lat' dir='ltr'><strong>opere</strong></span> <span class='ocrx_word' id='word_1_646' title='bbox 2404 3367 2451 3411; x_wconf 89' lang='lat' dir='ltr'><strong>et</strong></span> <span class='ocrx_word' id='word_1_647' title='bbox 2501 3373 2529 3411; x_wconf 86' lang='lat' dir='ltr'><strong>a</strong></span> <span class='ocrx_word' id='word_1_648' title='bbox 2564 3359 2801 3429; x_wconf 82' lang='lat' dir='ltr'><strong>maligno</strong></span> <span class='ocrx_word' id='word_1_649' title='bbox 2847 3361 3059 3430; x_wconf 86' lang='lat' dir='ltr'><strong>spiritu.</strong></span> <span class='ocrx_word' id='word_1_650' title='bbox 3093 3360 3361 3430; x_wconf 69' lang='lat' dir='ltr'><strong>Ejusdem.</strong></span> 
     </span>
    </p>
   </div>
   <div class='ocr_carea' id='block_1_92' title="bbox 1804 3446 3366 3522">
    <p class='ocr_par' dir='ltr' id='par_1_92' title="bbox 1804 3446 3366 3522">
     <span class='ocr_line' id='line_1_92' title="bbox 1804 3446 3366 3522; baseline 0.005 -21"><span class='ocrx_word' id='word_1_651' title='bbox 1804 3446 1935 3515; x_wconf 85' lang='lat' dir='ltr'><strong>Nos,</strong></span> <span class='ocrx_word' id='word_1_652' title='bbox 1965 3449 2159 3519; x_wconf 88' lang='lat' dir='ltr'><strong>inquit,</strong></span> <span class='ocrx_word' id='word_1_653' title='bbox 2191 3449 2260 3504; x_wconf 92' lang='lat' dir='ltr'><strong>ob</strong></span> <span class='ocrx_word' id='word_1_654' title='bbox 2278 3458 2517 3503; x_wconf 86' lang='lat' dir='ltr'><strong>nostram</strong></span> <span class='ocrx_word' id='word_1_655' title='bbox 2544 3448 2869 3521; x_wconf 84' lang='lat' dir='ltr'><strong>impietatem</strong></span> <span class='ocrx_word' id='word_1_656' title='bbox 2900 3453 3160 3522; x_wconf 87' lang='lat' dir='ltr'><strong>supplicio</strong></span> <span class='ocrx_word' id='word_1_657' title='bbox 3176 3469 3366 3509; x_wconf 86' lang='lat' dir='ltr'><strong>sumus</strong></span> 
     </span>
    </p>
   </div>
   <div class='ocr_carea' id='block_1_93' title="bbox 1806 3541 3364 3615">
    <p class='ocr_par' dir='ltr' id='par_1_93' title="bbox 1806 3541 3364 3615">
     <span class='ocr_line' id='line_1_93' title="bbox 1806 3541 3364 3615; baseline 0.004 -20"><span class='ocrx_word' id='word_1_658' title='bbox 1806 3541 1978 3597; x_wconf 75' lang='lat' dir='ltr'><strong>allecti</strong></span> <span class='ocrx_word' id='word_1_659' title='bbox 2006 3560 2019 3596; x_wconf 91' lang='lat'><strong>:</strong></span> <span class='ocrx_word' id='word_1_660' title='bbox 2043 3542 2207 3613; x_wconf 88' lang='lat' dir='ltr'><strong>atqui</strong></span> <span class='ocrx_word' id='word_1_661' title='bbox 2244 3542 2436 3597; x_wconf 84' lang='lat' dir='ltr'><strong>timent</strong></span> <span class='ocrx_word' id='word_1_662' title='bbox 2458 3551 2528 3608; x_wconf 92' lang='lat' dir='ltr'><strong>te,</strong></span> <span class='ocrx_word' id='word_1_663' title='bbox 2560 3542 2773 3612; x_wconf 80' lang='lat' dir='ltr'><strong>signum</strong></span> <span class='ocrx_word' id='word_1_664' title='bbox 2806 3552 3131 3612; x_wconf 84' lang='lat' dir='ltr'><strong>acceperunt</strong></span> <span class='ocrx_word' id='word_1_665' title='bbox 3164 3545 3364 3615; x_wconf 91' lang='lat' dir='ltr'><strong>(palam</strong></span> 
     </span>
    </p>
   </div>
   <div class='ocr_carea' id='block_1_94' title="bbox 1806 3633 3362 3710">
    <p class='ocr_par' dir='ltr' id='par_1_94' title="bbox 1806 3633 3362 3710">
     <span class='ocr_line' id='line_1_94' title="bbox 1806 3633 3362 3710; baseline 0.004 -23"><span class='ocrx_word' id='word_1_666' title='bbox 1806 3641 1984 3688; x_wconf 86' lang='lat' dir='ltr'><strong>autem</strong></span> <span class='ocrx_word' id='word_1_667' title='bbox 2011 3642 2094 3688; x_wconf 91' lang='lat' dir='ltr'><strong>est</strong></span> <span class='ocrx_word' id='word_1_668' title='bbox 2126 3633 2254 3686; x_wconf 89' lang='lat' dir='ltr'><strong>illud</strong></span> <span class='ocrx_word' id='word_1_669' title='bbox 2296 3633 2507 3702; x_wconf 84' lang='lat' dir='ltr'><strong>signum</strong></span> <span class='ocrx_word' id='word_1_670' title='bbox 2535 3648 2656 3688; x_wconf 85' lang='lat' dir='ltr'><strong>esse</strong></span> <span class='ocrx_word' id='word_1_671' title='bbox 2691 3649 2800 3703; x_wconf 92' lang='lat' dir='ltr'><strong>quo</strong></span> <span class='ocrx_word' id='word_1_672' title='bbox 2824 3634 3093 3706; x_wconf 76' lang='lat' dir='ltr'><strong>obsignati</strong></span> <span class='ocrx_word' id='word_1_673' title='bbox 3128 3636 3362 3710; x_wconf 87' lang='lat' dir='ltr'><strong>sumus),</strong></span> 
     </span>
    </p>
   </div>
   <div class='ocr_carea' id='block_1_95' title="bbox 1805 3724 3363 3799">
    <p class='ocr_par' dir='ltr' id='par_1_95' title="bbox 1805 3724 3363 3799">
     <span class='ocr_line' id='line_1_95' title="bbox 1805 3724 3363 3799; baseline 0.003 -18"><span class='ocrx_word' id='word_1_674' title='bbox 1805 3733 1867 3781; x_wconf 87' lang='lat' dir='ltr'><strong>ut</strong></span> <span class='ocrx_word' id='word_1_675' title='bbox 1917 3724 2064 3779; x_wconf 91' lang='lat' dir='ltr'><strong>omni</strong></span> <span class='ocrx_word' id='word_1_676' title='bbox 2116 3724 2381 3795; x_wconf 86' lang='lat' dir='ltr'><strong>supplicio</strong></span> <span class='ocrx_word' id='word_1_677' title='bbox 2432 3724 2586 3781; x_wconf 86' lang='lat' dir='ltr'><strong>liberi</strong></span> <span class='ocrx_word' id='word_1_678' title='bbox 2618 3726 2748 3780; x_wconf 90' lang='lat' dir='ltr'><strong>sint.</strong></span> <span class='ocrx_word' id='word_1_679' title='bbox 2789 3724 2964 3795; x_wconf 82' lang='lat' dir='ltr'><strong>Hujus</strong></span> <span class='ocrx_word' id='word_1_680' title='bbox 2996 3737 3174 3783; x_wconf 88' lang='lat' dir='ltr'><strong>autem</strong></span> <span class='ocrx_word' id='word_1_681' title='bbox 3225 3730 3363 3799; x_wconf 75' lang='lat' dir='ltr'><strong>signi</strong></span> 
     </span>
    </p>
   </div>
   <div class='ocr_carea' id='block_1_96' title="bbox 1806 3812 3365 3887">
    <p class='ocr_par' dir='ltr' id='par_1_96' title="bbox 1806 3812 3365 3887">
     <span class='ocr_line' id='line_1_96' title="bbox 1806 3812 3365 3887; baseline 0.001 -18"><span class='ocrx_word' id='word_1_682' title='bbox 1806 3823 1968 3887; x_wconf 80' lang='lat' dir='ltr'><strong>typus</strong></span> <span class='ocrx_word' id='word_1_683' title='bbox 2007 3824 2123 3871; x_wconf 86' lang='lat' dir='ltr'><strong>erat</strong></span> <span class='ocrx_word' id='word_1_684' title='bbox 2168 3814 2390 3885; x_wconf 78' lang='lat' dir='ltr'><strong>sanguis</strong></span> <span class='ocrx_word' id='word_1_685' title='bbox 2439 3813 2620 3869; x_wconf 80' lang='lat' dir='ltr'><strong>ovium</strong></span> <span class='ocrx_word' id='word_1_686' title='bbox 2642 3813 2696 3869; x_wconf 92' lang='lat' dir='ltr'><strong>in</strong></span> <span class='ocrx_word' id='word_1_687' title='bbox 2725 3812 2957 3885; x_wconf 63' lang='lat' dir='ltr'><strong>Egypto</strong></span> <span class='ocrx_word' id='word_1_688' title='bbox 3000 3815 3248 3885; x_wconf 88' lang='lat' dir='ltr'><strong>postibus</strong></span> <span class='ocrx_word' id='word_1_689' title='bbox 3280 3816 3365 3870; x_wconf 84' lang='lat' dir='ltr'><strong>in-</strong></span> 
     </span>
    </p>
   </div>
   <div class='ocr_carea' id='block_1_97' title="bbox 1807 3924 2073 3980">
    <p class='ocr_par' dir='ltr' id='par_1_97' title="bbox 1807 3924 2073 3980">
     <span class='ocr_line' id='line_1_97' title="bbox 1807 3924 2073 3980; baseline -0.019 -14"><span class='ocrx_word' id='word_1_690' title='bbox 1807 3924 2073 3980; x_wconf 89' lang='lat' dir='ltr'><strong>spersum.</strong></span> 
     </span>
    </p>
   </div>
   <div class='ocr_carea' id='block_1_98' title="bbox 1881 4104 3360 4163">
    <p class='ocr_par' dir='ltr' id='par_1_98' title="bbox 1881 4104 3360 4163">
     <span class='ocr_line' id='line_1_98' title="bbox 1881 4104 3360 4163; baseline -0.001 -2"><span class='ocrx_word' id='word_1_691' title='bbox 1881 4106 1934 4161; x_wconf 89' lang='lat'><strong>8.</strong></span> <span class='ocrx_word' id='word_1_692' title='bbox 1976 4104 2114 4161; x_wconf 84' lang='lat' dir='ltr'><strong>Deus</strong></span> <span class='ocrx_word' id='word_1_693' title='bbox 2159 4104 2368 4159; x_wconf 85' lang='lat' dir='ltr'><strong>locutus</strong></span> <span class='ocrx_word' id='word_1_694' title='bbox 2407 4114 2484 4161; x_wconf 84' lang='lat' dir='ltr'><strong>est</strong></span> <span class='ocrx_word' id='word_1_695' title='bbox 2525 4107 2579 4161; x_wconf 88' lang='lat' dir='ltr'><strong>in</strong></span> <span class='ocrx_word' id='word_1_696' title='bbox 2622 4115 2803 4160; x_wconf 86' lang='lat' dir='ltr'><strong>sancto</strong></span> <span class='ocrx_word' id='word_1_697' title='bbox 2829 4121 2943 4161; x_wconf 85' lang='lat' dir='ltr'><strong>suo.</strong></span> <span class='ocrx_word' id='word_1_698' title='bbox 2980 4105 3166 4162; x_wconf 91' lang='lat' dir='ltr'><strong>Simile</strong></span> <span class='ocrx_word' id='word_1_699' title='bbox 3194 4106 3360 4163; x_wconf 85' lang='lat' dir='ltr'><strong>huic:</strong></span> 
     </span>
    </p>
   </div>
   <div class='ocr_carea' id='block_1_99' title="bbox 1810 4196 3365 4254">
    <p class='ocr_par' dir='ltr' id='par_1_99' title="bbox 1810 4196 3365 4254">
     <span class='ocr_line' id='line_1_99' title="bbox 1810 4196 3365 4254; baseline -0.001 -1"><span class='ocrx_word' id='word_1_700' title='bbox 1810 4196 1878 4253; x_wconf 85' lang='lat' dir='ltr'><strong>In</strong></span> <span class='ocrx_word' id='word_1_701' title='bbox 1924 4198 2199 4254; x_wconf 82' lang='lat' dir='ltr'><strong>novissimo</strong></span> <span class='ocrx_word' id='word_1_702' title='bbox 2239 4198 2444 4251; x_wconf 84' lang='lat' dir='ltr'><strong>dierum</strong></span> <span class='ocrx_word' id='word_1_703' title='bbox 2487 4197 2709 4251; x_wconf 83' lang='lat' dir='ltr'><strong>istorum</strong></span> <span class='ocrx_word' id='word_1_704' title='bbox 2755 4198 2958 4251; x_wconf 86' lang='lat' dir='ltr'><strong>locutus</strong></span> <span class='ocrx_word' id='word_1_705' title='bbox 2990 4207 3065 4252; x_wconf 84' lang='lat' dir='ltr'><strong>est</strong></span> <span class='ocrx_word' id='word_1_706' title='bbox 3116 4198 3262 4253; x_wconf 81' lang='lat' dir='ltr'><strong>nobis</strong></span> <span class='ocrx_word' id='word_1_707' title='bbox 3310 4200 3365 4251; x_wconf 81' lang='lat' dir='ltr'><strong>in</strong></span> 
     </span>
    </p>
   </div>
   <div class='ocr_carea' id='block_1_100' title="bbox 1813 4286 3363 4358">
    <p class='ocr_par' dir='ltr' id='par_1_100' title="bbox 1813 4286 3363 4358">
     <span class='ocr_line' id='line_1_100' title="bbox 1813 4286 3363 4358; baseline 0.001 -15"><span class='ocrx_word' id='word_1_708' title='bbox 1813 4288 2039 4344; x_wconf 81' lang='lat' dir='ltr'><strong>Filio&quot;.</strong></span> <span class='ocrx_word' id='word_1_709' title='bbox 2087 4287 2202 4358; x_wconf 84' lang='lat' dir='ltr'><strong>Ipse</strong></span> <span class='ocrx_word' id='word_1_710' title='bbox 2248 4303 2483 4358; x_wconf 89' lang='lat' dir='ltr'><strong>namque</strong></span> <span class='ocrx_word' id='word_1_711' title='bbox 2530 4297 2609 4342; x_wconf 88' lang='lat' dir='ltr'><strong>est</strong></span> <span class='ocrx_word' id='word_1_712' title='bbox 2657 4297 2878 4343; x_wconf 89' lang='lat' dir='ltr'><strong>sanctus</strong></span> <span class='ocrx_word' id='word_1_713' title='bbox 2917 4286 3009 4342; x_wconf 89' lang='lat' dir='ltr'><strong>Dei</strong></span> <span class='ocrx_word' id='word_1_714' title='bbox 3058 4298 3113 4343; x_wconf 91' lang='lat' dir='ltr'><strong>et</strong></span> <span class='ocrx_word' id='word_1_715' title='bbox 3164 4287 3363 4344; x_wconf 88' lang='lat' dir='ltr'><strong>Patris.</strong></span> 
     </span>
    </p>
   </div>
   <div class='ocr_carea' id='block_1_101' title="bbox 1811 4378 3365 4451">
    <p class='ocr_par' dir='ltr' id='par_1_101' title="bbox 1811 4378 3365 4451">
     <span class='ocr_line' id='line_1_101' title="bbox 1811 4378 3365 4451; baseline -0.001 -14"><span class='ocrx_word' id='word_1_716' title='bbox 1811 4380 1952 4449; x_wconf 85' lang='lat' dir='ltr'><strong>Quid</strong></span> <span class='ocrx_word' id='word_1_717' title='bbox 2000 4390 2054 4436; x_wconf 90' lang='lat' dir='ltr'><strong>et</strong></span> <span class='ocrx_word' id='word_1_718' title='bbox 2100 4380 2185 4435; x_wconf 90' lang='lat' dir='ltr'><strong>cui</strong></span> <span class='ocrx_word' id='word_1_719' title='bbox 2232 4381 2444 4435; x_wconf 71' lang='lat' dir='ltr'><strong>locutus</strong></span> <span class='ocrx_word' id='word_1_720' title='bbox 2488 4379 2606 4434; x_wconf 83' lang='lat' dir='ltr'><strong>est?</strong></span> <span class='ocrx_word' id='word_1_721' title='bbox 2634 4378 2923 4450; x_wconf 85' lang='lat' dir='ltr'><strong>Postquam</strong></span> <span class='ocrx_word' id='word_1_722' title='bbox 2957 4380 3009 4434; x_wconf 92' lang='lat' dir='ltr'><strong>in</strong></span> <span class='ocrx_word' id='word_1_723' title='bbox 3044 4382 3365 4451; x_wconf 69' lang='lat' dir='ltr'><strong>prmcedenti</strong></span> 
     </span>
    </p>
   </div>
   <div class='ocr_carea' id='block_1_102' title="bbox 1812 4468 3364 4546">
    <p class='ocr_par' dir='ltr' id='par_1_102' title="bbox 1812 4468 3364 4546">
     <span class='ocr_line' id='line_1_102' title="bbox 1812 4468 3364 4546; baseline -0.002 -16"><span class='ocrx_word' id='word_1_724' title='bbox 1812 4474 2023 4546; x_wconf 85' lang='lat' dir='ltr'><strong>psalmo</strong></span> <span class='ocrx_word' id='word_1_725' title='bbox 2045 4483 2294 4545; x_wconf 87' lang='lat' dir='ltr'><strong>precatus</strong></span> <span class='ocrx_word' id='word_1_726' title='bbox 2317 4471 2490 4528; x_wconf 79' lang='lat' dir='ltr'><strong>fuerat</strong></span> <span class='ocrx_word' id='word_1_727' title='bbox 2515 4491 2528 4525; x_wconf 88' lang='lat'><strong>:</strong></span> <span class='ocrx_word' id='word_1_728' title='bbox 2561 4468 2815 4527; x_wconf 76' lang='lat' dir='ltr'><strong>Exaltare</strong></span> <span class='ocrx_word' id='word_1_729' title='bbox 2839 4488 2993 4542; x_wconf 88' lang='lat' dir='ltr'><strong>super</strong></span> <span class='ocrx_word' id='word_1_730' title='bbox 3014 4476 3187 4538; x_wconf 78' lang='lat' dir='ltr'><strong>emtas,</strong></span> <span class='ocrx_word' id='word_1_731' title='bbox 3208 4473 3364 4536; x_wconf 86' lang='lat' dir='ltr'><strong>Deus,</strong></span> 
     </span>
    </p>
   </div>
   <div class='ocr_carea' id='block_1_103' title="bbox 1812 4565 3365 4636">
    <p class='ocr_par' dir='ltr' id='par_1_103' title="bbox 1812 4565 3365 4636">
     <span class='ocr_line' id='line_1_103' title="bbox 1812 4565 3365 4636; baseline -0.001 -15"><span class='ocrx_word' id='word_1_732' title='bbox 1812 4577 1861 4622; x_wconf 89' lang='lat' dir='ltr'><strong>et</strong></span> <span class='ocrx_word' id='word_1_733' title='bbox 1887 4583 2043 4636; x_wconf 82' lang='lat' dir='ltr'><strong>super</strong></span> <span class='ocrx_word' id='word_1_734' title='bbox 2074 4582 2275 4620; x_wconf 86' lang='lat' dir='ltr'><strong>omnem</strong></span> <span class='ocrx_word' id='word_1_735' title='bbox 2313 4575 2505 4619; x_wconf 84' lang='lat' dir='ltr'><strong>terram</strong></span> <span class='ocrx_word' id='word_1_736' title='bbox 2539 4565 2706 4636; x_wconf 84' lang='lat' dir='ltr'><strong>gloria</strong></span> <span class='ocrx_word' id='word_1_737' title='bbox 2735 4576 2859 4629; x_wconf 85' lang='lat' dir='ltr'><strong>tua;</strong></span> <span class='ocrx_word' id='word_1_738' title='bbox 2911 4565 3030 4619; x_wconf 89' lang='lat' dir='ltr'><strong>ideo</strong></span> <span class='ocrx_word' id='word_1_739' title='bbox 3058 4566 3365 4635; x_wconf 89' lang='lat' dir='ltr'><strong>respondet,</strong></span> 
     </span>
    </p>
   </div>
   <div class='ocr_carea' id='block_1_104' title="bbox 1811 4656 3372 4729">
    <p class='ocr_par' dir='ltr' id='par_1_104' title="bbox 1811 4656 3372 4729">
     <span class='ocr_line' id='line_1_104' title="bbox 1811 4656 3372 4729; baseline -0.001 -15"><span class='ocrx_word' id='word_1_740' title='bbox 1811 4673 1871 4715; x_wconf 84' lang='lat' dir='ltr'><strong>se</strong></span> <span class='ocrx_word' id='word_1_741' title='bbox 1893 4657 2110 4729; x_wconf 91' lang='lat' dir='ltr'><strong>quidem</strong></span> <span class='ocrx_word' id='word_1_742' title='bbox 2136 4657 2374 4713; x_wconf 88' lang='lat' dir='ltr'><strong>Siehima</strong></span> <span class='ocrx_word' id='word_1_743' title='bbox 2401 4657 2725 4719; x_wconf 77' lang='lat' dir='ltr'><strong>divisurum,</strong></span> <span class='ocrx_word' id='word_1_744' title='bbox 2754 4656 2805 4710; x_wconf 93' lang='lat' dir='ltr'><strong>id</strong></span> <span class='ocrx_word' id='word_1_745' title='bbox 2832 4665 2934 4720; x_wconf 89' lang='lat' dir='ltr'><strong>est,</strong></span> <span class='ocrx_word' id='word_1_746' title='bbox 2971 4656 3171 4726; x_wconf 77' lang='lat' dir='ltr'><strong>regiam</strong></span> <span class='ocrx_word' id='word_1_747' title='bbox 3198 4656 3372 4712; x_wconf 87' lang='lat' dir='ltr'><strong>Israe-</strong></span> 
     </span>
    </p>
   </div>
   <div class='ocr_carea' id='block_1_105' title="bbox 1811 4744 3369 4821">
    <p class='ocr_par' dir='ltr' id='par_1_105' title="bbox 1811 4744 3369 4821">
     <span class='ocr_line' id='line_1_105' title="bbox 1811 4744 3369 4821; baseline -0.006 -14"><span class='ocrx_word' id='word_1_748' title='bbox 1811 4750 1879 4807; x_wconf 85' lang='lat' dir='ltr'><strong>lis</strong></span> <span class='ocrx_word' id='word_1_749' title='bbox 1912 4764 2033 4821; x_wconf 64' lang='lat' dir='ltr'><strong>qua</strong></span> <span class='ocrx_word' id='word_1_750' title='bbox 2075 4749 2128 4803; x_wconf 89' lang='lat' dir='ltr'><strong>in</strong></span> <span class='ocrx_word' id='word_1_751' title='bbox 2177 4746 2433 4804; x_wconf 86' lang='lat' dir='ltr'><strong>Sichimis</strong></span> <span class='ocrx_word' id='word_1_752' title='bbox 2475 4757 2609 4803; x_wconf 88' lang='lat' dir='ltr'><strong>erat.</strong></span> <span class='ocrx_word' id='word_1_753' title='bbox 2658 4744 2790 4801; x_wconf 79' lang='lat' dir='ltr'><strong>Nam</strong></span> <span class='ocrx_word' id='word_1_754' title='bbox 2825 4745 2969 4801; x_wconf 90' lang='lat' dir='ltr'><strong>dedit</strong></span> <span class='ocrx_word' id='word_1_755' title='bbox 3012 4761 3129 4800; x_wconf 87' lang='lat' dir='ltr'><strong>eam</strong></span> <span class='ocrx_word' id='word_1_756' title='bbox 3176 4746 3369 4800; x_wconf 85' lang='lat' dir='ltr'><strong>alienis</strong></span> 
     </span>
    </p>
   </div>
   <div class='ocr_carea' id='block_1_106' title="bbox 1810 4834 3369 4916">
    <p class='ocr_par' dir='ltr' id='par_1_106' title="bbox 1810 4834 3369 4916">
     <span class='ocr_line' id='line_1_106' title="bbox 1810 4834 3369 4916; baseline -0.008 -15"><span class='ocrx_word' id='word_1_757' title='bbox 1810 4842 2081 4916; x_wconf 71' lang='lat' dir='ltr'><strong>gentibus,</strong></span> <span class='ocrx_word' id='word_1_758' title='bbox 2113 4856 2233 4911; x_wconf 66' lang='lat' dir='ltr'><strong>quae</strong></span> <span class='ocrx_word' id='word_1_759' title='bbox 2256 4839 2595 4895; x_wconf 87' lang='lat' dir='ltr'><strong>crediderant</strong></span> <span class='ocrx_word' id='word_1_760' title='bbox 2628 4838 2685 4892; x_wconf 89' lang='lat' dir='ltr'><strong>in</strong></span> <span class='ocrx_word' id='word_1_761' title='bbox 2729 4837 2926 4907; x_wconf 89' lang='lat' dir='ltr'><strong>ipsum.</strong></span> <span class='ocrx_word' id='word_1_762' title='bbox 2975 4834 3042 4889; x_wconf 85' lang='lat' dir='ltr'><strong>Et</strong></span> <span class='ocrx_word' id='word_1_763' title='bbox 3082 4835 3369 4890; x_wconf 79' lang='lat' dir='ltr'><strong>convallem</strong></span> 
     </span>
    </p>
   </div>
   <div class='ocr_carea' id='block_1_107' title="bbox 1813 4923 3368 4994">
    <p class='ocr_par' dir='ltr' id='par_1_107' title="bbox 1813 4923 3368 4994">
     <span class='ocr_line' id='line_1_107' title="bbox 1813 4923 3368 4994; baseline -0.006 -5"><span class='ocrx_word' id='word_1_764' title='bbox 1813 4930 2269 4989; x_wconf 78' lang='lat' dir='ltr'><strong>tabernaculorum</strong></span> <span class='ocrx_word' id='word_1_765' title='bbox 2293 4928 2530 4983; x_wconf 85' lang='lat' dir='ltr'><strong>metibor.</strong></span> <span class='ocrx_word' id='word_1_766' title='bbox 2547 4924 2857 4982; x_wconf 81' lang='lat' dir='ltr'><strong>Couvallem</strong></span> <span class='ocrx_word' id='word_1_767' title='bbox 2885 4924 3065 4979; x_wconf 82' lang='lat' dir='ltr'><strong>divina</strong></span> <span class='ocrx_word' id='word_1_768' title='bbox 3089 4923 3368 4994; x_wconf 86' lang='lat' dir='ltr'><strong>Scriptura</strong></span> 
     </span>
    </p>
   </div>
   <div class='ocr_carea' id='block_1_108' title="bbox 1812 5014 3370 5088">
    <p class='ocr_par' dir='ltr' id='par_1_108' title="bbox 1812 5014 3370 5088">
     <span class='ocr_line' id='line_1_108' title="bbox 1812 5014 3370 5088; baseline -0.008 -5"><span class='ocrx_word' id='word_1_769' title='bbox 1812 5026 2057 5083; x_wconf 87' lang='lat' dir='ltr'><strong>omnium</strong></span> <span class='ocrx_word' id='word_1_770' title='bbox 2112 5023 2391 5079; x_wconf 88' lang='lat' dir='ltr'><strong>hominum</strong></span> <span class='ocrx_word' id='word_1_771' title='bbox 2438 5020 2769 5075; x_wconf 87' lang='lat' dir='ltr'><strong>domicilium</strong></span> <span class='ocrx_word' id='word_1_772' title='bbox 2800 5026 2975 5073; x_wconf 80' lang='lat' dir='ltr'><strong>vocat.</strong></span> <span class='ocrx_word' id='word_1_773' title='bbox 3016 5014 3166 5072; x_wconf 83' lang='lat' dir='ltr'><strong>Hanc</strong></span> <span class='ocrx_word' id='word_1_774' title='bbox 3209 5017 3370 5088; x_wconf 74' lang='lat' dir='ltr'><strong>igitur</strong></span> 
     </span>
    </p>
   </div>
   <div class='ocr_carea' id='block_1_109' title="bbox 1812 5110 3366 5176">
    <p class='ocr_par' dir='ltr' id='par_1_109' title="bbox 1812 5110 3366 5176">
     <span class='ocr_line' id='line_1_109' title="bbox 1812 5110 3366 5176; baseline -0.009 0"><span class='ocrx_word' id='word_1_775' title='bbox 1812 5134 2029 5176; x_wconf 92' lang='lat' dir='ltr'><strong>omnem</strong></span> <span class='ocrx_word' id='word_1_776' title='bbox 2076 5114 2372 5173; x_wconf 83' lang='lat' dir='ltr'><strong>convallem</strong></span> <span class='ocrx_word' id='word_1_777' title='bbox 2416 5112 2470 5169; x_wconf 90' lang='lat' dir='ltr'><strong>in</strong></span> <span class='ocrx_word' id='word_1_778' title='bbox 2513 5112 2861 5169; x_wconf 88' lang='lat' dir='ltr'><strong>tabernacula</strong></span> <span class='ocrx_word' id='word_1_779' title='bbox 2912 5110 3043 5164; x_wconf 91' lang='lat' dir='ltr'><strong>mihi</strong></span> <span class='ocrx_word' id='word_1_780' title='bbox 3095 5110 3366 5174; x_wconf 85' lang='lat' dir='ltr'><strong>dimetiar,</strong></span> 
     </span>
    </p>
   </div>
   <div class='ocr_carea' id='block_1_110' title="bbox 1810 5201 3049 5277">
    <p class='ocr_par' dir='ltr' id='par_1_110' title="bbox 1810 5201 3049 5277">
     <span class='ocr_line' id='line_1_110' title="bbox 1810 5201 3049 5277; baseline -0.01 -9"><span class='ocrx_word' id='word_1_781' title='bbox 1810 5212 1863 5268; x_wconf 92' lang='lat' dir='ltr'><strong>id</strong></span> <span class='ocrx_word' id='word_1_782' title='bbox 1888 5219 1989 5275; x_wconf 89' lang='lat' dir='ltr'><strong>est,</strong></span> <span class='ocrx_word' id='word_1_783' title='bbox 2020 5207 2369 5265; x_wconf 87' lang='lat' dir='ltr'><strong>ecclesiarum</strong></span> <span class='ocrx_word' id='word_1_784' title='bbox 2409 5204 2772 5277; x_wconf 87' lang='lat' dir='ltr'><strong>plenissimam</strong></span> <span class='ocrx_word' id='word_1_785' title='bbox 2805 5201 3049 5257; x_wconf 73' lang='lat' dir='ltr'><strong>alliciam.</strong></span> 
     </span>
    </p>
   </div>
   <div class='ocr_carea' id='block_1_111' title="bbox 1888 5446 3371 5510">
    <p class='ocr_par' dir='ltr' id='par_1_111' title="bbox 1888 5446 3371 5510">
     <span class='ocr_line' id='line_1_111' title="bbox 1888 5446 3371 5510; baseline -0.004 -1"><span class='ocrx_word' id='word_1_786' title='bbox 1888 5454 1939 5509; x_wconf 86' lang='lat'><strong>9.</strong></span> <span class='ocrx_word' id='word_1_787' title='bbox 1969 5452 2115 5510; x_wconf 76' lang='lat' dir='ltr'><strong>Meus</strong></span> <span class='ocrx_word' id='word_1_788' title='bbox 2145 5465 2221 5510; x_wconf 86' lang='lat' dir='ltr'><strong>est</strong></span> <span class='ocrx_word' id='word_1_789' title='bbox 2253 5453 2457 5509; x_wconf 77' lang='lat' dir='ltr'><strong>Galaad</strong></span> <span class='ocrx_word' id='word_1_790' title='bbox 2478 5462 2526 5509; x_wconf 90' lang='lat' dir='ltr'><strong>et</strong></span> <span class='ocrx_word' id='word_1_791' title='bbox 2548 5469 2687 5506; x_wconf 82' lang='lat' dir='ltr'><strong>meus</strong></span> <span class='ocrx_word' id='word_1_792' title='bbox 2710 5461 2785 5507; x_wconf 85' lang='lat' dir='ltr'><strong>est</strong></span> <span class='ocrx_word' id='word_1_793' title='bbox 2822 5453 3110 5508; x_wconf 69' lang='lat' dir='ltr'><strong>Manasses.</strong></span> <span class='ocrx_word' id='word_1_794' title='bbox 3142 5446 3246 5504; x_wconf 86' lang='lat' dir='ltr'><strong>Per</strong></span> <span class='ocrx_word' id='word_1_795' title='bbox 3269 5448 3371 5503; x_wconf 82' lang='lat' dir='ltr'><strong>Ga-</strong></span> 
     </span>
    </p>
   </div>
   <div class='ocr_carea' id='block_1_112' title="bbox 1818 5538 3370 5617">
    <p class='ocr_par' dir='ltr' id='par_1_112' title="bbox 1818 5538 3370 5617">
     <span class='ocr_line' id='line_1_112' title="bbox 1818 5538 3370 5617; baseline -0.008 -16"><span class='ocrx_word' id='word_1_796' title='bbox 1818 5546 1939 5601; x_wconf 87' lang='lat' dir='ltr'><strong>laad</strong></span> <span class='ocrx_word' id='word_1_797' title='bbox 1974 5557 2029 5602; x_wconf 91' lang='lat' dir='ltr'><strong>et</strong></span> <span class='ocrx_word' id='word_1_798' title='bbox 2065 5546 2347 5602; x_wconf 77' lang='lat' dir='ltr'><strong>Manassen</strong></span> <span class='ocrx_word' id='word_1_799' title='bbox 2400 5546 2662 5617; x_wconf 75' lang='lat' dir='ltr'><strong>significat</strong></span> <span class='ocrx_word' id='word_1_800' title='bbox 2693 5560 2751 5599; x_wconf 90' lang='lat' dir='ltr'><strong>se</strong></span> <span class='ocrx_word' id='word_1_801' title='bbox 2794 5543 2846 5597; x_wconf 87' lang='lat' dir='ltr'><strong>in</strong></span> <span class='ocrx_word' id='word_1_802' title='bbox 2877 5542 3105 5596; x_wconf 75' lang='lat' dir='ltr'><strong>adventu</strong></span> <span class='ocrx_word' id='word_1_803' title='bbox 3140 5556 3237 5595; x_wconf 90' lang='lat' dir='ltr'><strong>suo</strong></span> <span class='ocrx_word' id='word_1_804' title='bbox 3273 5538 3370 5589; x_wconf 68' lang='grc' dir='ltr'>ιυ-</span> 
     </span>
    </p>
   </div>
   <div class='ocr_carea' id='block_1_113' title="bbox 1819 5632 3376 5711">
    <p class='ocr_par' dir='ltr' id='par_1_113' title="bbox 1819 5632 3376 5711">
     <span class='ocr_line' id='line_1_113' title="bbox 1819 5632 3376 5711; baseline -0.008 -16"><span class='ocrx_word' id='word_1_805' title='bbox 1819 5640 1949 5695; x_wconf 70' lang='grc' dir='ltr'><strong>(Ιείς</strong></span> <span class='ocrx_word' id='word_1_806' title='bbox 1997 5639 2231 5710; x_wconf 89' lang='lat' dir='ltr'><strong>primum</strong></span> <span class='ocrx_word' id='word_1_807' title='bbox 2296 5640 2520 5711; x_wconf 71' lang='lat' dir='ltr'><strong>gratiam</strong></span> <span class='ocrx_word' id='word_1_808' title='bbox 2568 5636 3001 5707; x_wconf 68' lang='lat' dir='ltr'><strong>prmdicaturum.</strong></span> <span class='ocrx_word' id='word_1_809' title='bbox 3052 5632 3165 5689; x_wconf 85' lang='lat' dir='ltr'><strong>imo</strong></span> <span class='ocrx_word' id='word_1_810' title='bbox 3212 5632 3376 5685; x_wconf 83' lang='lat' dir='ltr'><strong>etiam</strong></span> 
     </span>
    </p>
   </div>
  </div>
