4108 6488
745 411 841 465 271

1586 407 1640 460 S.
1682 406 2047 464 ATHANASII
2085 411 2235 466 UPI’.
2278 412 2456 467 PARS
2496 410 2580 468 III.
2628 444 2688 455 —
2731 413 3139 472 EXEGETICA.

3864 423 3962 478 272

751 524 1003 599 Ephraim
1040 535 1094 579 et
1121 524 1288 580 ludas
1316 522 1436 579 dua:
1478 525 1638 595 regite
1681 525 1854 581 tribus
1885 525 2045 583 Israel
2075 531 2301 599 gratiam

2420 531 2576 584 ’Λλλά
2605 533 2698 585 καὶ
2743 532 2999 602 Ἐφραῖμ,
3030 532 3180 602 φησι,
3219 532 3310 585 καὶ
3344 533 3374 586 6
3411 532 3602 598 Ἰούδας
3623 575 3636 598 ,
3665 535 3720 588 αἱ
3748 535 3842 589 δύο
3874 542 3964 607 βα-

751 620 996 675 similiter
1025 617 1309 687 accipient.
1358 615 1488 670 Illud
1530 627 1706 671 autem
1745 635 1757 669 :
1807 618 2081 674 Fortitudo
2113 625 2301 691 capitis

752 712 884 772 mei,
922 709 1155 777 positum
1191 715 1272 761 est
1314 723 1445 777 pro,
1501 706 1758 763 fortitudo
1799 711 2130 780 principatus
2173 715 2298 767 mei.

754 796 962 867 Imperii
989 796 1130 851 enim
1167 797 1272 860 sui,
1305 797 1354 849 id
1391 805 1492 862 est,
1520 795 1732 852 Israelis
1761 797 2016 855 fortitudo
2048 801 2299 871 Ephraim

751 902 866 947 erat
888 908 903 956 ;
929 907 993 947 ex
1020 906 1082 945 eo
1113 906 1343 959 namque
1373 907 1594 961 regnum
1630 892 1791 948 Israel
1835 903 1966 948 erat.
2007 895 2160 948 Moab
2192 896 2300 949 olla

751 986 858 1054 spei
881 1000 1023 1038 metr.
1063 980 1176 1035 Olla
1203 993 1286 1036 est
1311 998 1421 1036 vas.
1448 983 1536 1036 Ait
1561 994 1738 1039 autem
1784 983 2044 1040 Moabitas
2075 986 2165 1055 qui
2198 1003 2300 1040 nu-

751 1092 844 1146 per
872 1075 1010 1129 athci
1051 1085 1235 1133 erant,
1281 1088 1427 1143 spem
1464 1074 1515 1127 in
1556 1090 1678 1128 eum
1708 1084 2020 1144 accepturos
2051 1091 2190 1131 esse.
2233 1076 2297 1130 In

757 1166 1039 1220 Idumtcam
1062 1165 1334 1218 extendam
1362 1165 1764 1219 calceamentum
1797 1184 1985 1221 meum.
2010 1168 2295 1222 Idumaaam

751 1275 983 1332 quoque,
1020 1258 1211 1327 inquit,
1243 1258 1498 1312 circuiho.
1539 1257 1772 1312 Iduma-a
1801 1258 1924 1312 item
1952 1259 2123 1313 aliena
2167 1274 2297 1329 gens

750 1357 884 1403 erat.
940 1346 1034 1402 His
1094 1355 1269 1400 autem
1326 1347 1481 1401 nobis
1533 1346 1853 1413 declaratur,
1901 1358 2084 1417 gentes
2135 1349 2295 1403 etiam

751 1439 1051 1522 eiuslide
1083 1439 1422 1508 amplexuras
1446 1454 1565 1494 esse
1601 1458 1612 1493 :
1648 1455 1815 1508 quare
1843 1439 1914 1494 ait
1949 1456 1960 1490 :
2004 1440 2134 1494 Mihi
2162 1440 2294 1495 alie~

753 1529 947 1597 uigent:
972 1527 1168 1581 subditi
1193 1536 1330 1579 sunt.

824 1794 909 1854 1-1,
945 1793 1029 1845 12.
1069 1791 1195 1856 Quis
1225 1791 1434 1844 deducet
1480 1807 1557 1844 me
1597 1792 1650 1844 in
1690 1793 1950 1845 civitatem
1997 1793 2296 1844 munitam."

2408 625 2601 678 σιλείαι
2631 625 2723 677 τοῦ
2770 626 3003 696 Ἰσραὴλ,
3030 624 3230 694 ὁμοίως
3274 626 3511 691 δέξονται
3549 627 3648 698 τὴν
3681 629 3864 700 χάριν.
3897 631 3966 682 Τὸ

2403 713 2480 778 δὲ,
2507 716 2870 781 Κραταίωσις
2901 714 3011 781 τῆς
3034 714 3301 783 κεφαλῆς
3322 733 3460 784 μου,
3489 717 3606 770 ἀντὶ
3637 717 3731 771 τοῦ
3751 759 3766 784 ,
3817 720 3967 789 ἰσχὺς

2404 804 2500 874 τῆς
2547 806 2718 876 ἀρχῆς
2765 822 2888 875 μου·
2931 805 3042 875 Τῆς
3087 807 3194 878 γὰρ
3234 808 3407 878 ἀρχῆς
3449 807 3610 861 αὑτοῦ
3645 802 3712 878 ἦς
3763 804 3961 878 ἦρχεν,

2403 896 2644 947 τουτέστι
2676 895 2770 947 τοῦ
2800 895 3032 968 Ἰσραὴλ,
3065 899 3092 949 6
3134 896 3368 966 Ἐφραῒμ
3410 892 3477 966 ἦν
3509 898 3542 966 ή
3569 896 3725 967 ἰσχύς
3746 914 3760 926 ·
3787 899 3849 964 ἐξ
3876 899 3957 950 αύ-

2403 984 2495 1037 τοῦ
2521 986 2626 1054 γὰρ
2652 981 2720 1054 ἦν
2744 986 2776 1054 ἡ
2801 984 3041 1053 βασιλεία
3069 985 3161 1038 τοῦ
3209 987 3436 1058 Ἰσραήλ.
3457 988 3636 1041 Μωὰϐ
3650 988 3836 1057 λέϐης
3862 988 3960 1056 τῆς

2401 1077 2646 1141 ἐλπίδος
2683 1094 2822 1144 μου.
2859 1078 3176 1148 Δέϐης.μὲν
3212 1079 3272 1131 τὸ
3321 1079 3540 1148 δοχεῖον.
3585 1081 3745 1148 Λέγει
3783 1082 3862 1144 δὲ,
3893 1083 3963 1145 ὡς

2401 1169 2493 1220 καὶ
2522 1169 2571 1220 οἱ
2602 1168 2917 1231 Μωαϐῖται,
2977 1169 3218 1221 τουτέστι
3266 1170 3326 1221 τὸ
3365 1169 3555 1241 πρώην
3607 1172 3770 1226 ἄθεον
3817 1173 3963 1238 ἔθνος

2402 1259 2712 1328 ὑποδέχεται
2732 1260 2829 1330 τὴν
2856 1263 2935 1322 εἰς
2965 1261 3062 1331 ἐμὲ
3089 1261 3294 1313 ἐλπίδα.
3335 1261 3456 1313 Ἐπὶ
3482 1262 3595 1330 τὴν
3638 1263 3965 1332 Ἰδουμαίαν

2397 1347 2616 1402 ἐκτενῶ
2657 1349 2720 1402 τὸ
2774 1349 3056 1419 ὑπόδημά
3100 1369 3235 1419 μου.
3280 1352 3389 1403 Καὶ
3437 1353 3494 1403 ὲν
3548 1356 3613 1422 τῇ
3658 1354 3961 1424 Ἰδουμαίᾳ,

2401 1442 2596 1510 φησιν,
2633 1442 3084 1511 ἐμπεριπατήσω.
3129 1442 3397 1512 Ἰδουμαία
3426 1442 3482 1495 δὲ
3525 1443 3684 1496 πάλιν
3729 1446 3960 1515 ἀλλοφύ-

2398 1529 2503 1583 λων
2533 1527 2598 1601 ἦν
2631 1531 2798 1595 ἔθνος.
2836 1532 3096 1602 Δηλοῦται
3130 1533 3184 1586 δὲ
3224 1533 3308 1586 διὰ
3353 1533 3552 1587 τούτων
3577 1537 3727 1604 ἡμῖν,
3759 1539 3835 1600 ὡς
3868 1540 3961 1609 τὴν

2395 1623 2476 1685 είς
2506 1623 2665 1677 αὑτὸν
2700 1626 2883 1676 πίστιν
2915 1625 3010 1678 καὶ
3039 1624 3107 1678 τὰ
3152 1625 3275 1696 ἔθνη
3313 1627 3718 1697 παραδέξονται·
3749 1629 3830 1682 διό
3861 1647 3960 1700 φη-

2399 1730 2502 1766 σιν’
2547 1714 2708 1783 Ἐμοὶ
2734 1716 3073 1784 ἀλλόφυλοι
3103 1716 3505 1786 ὑπετάγησαν.

2472 1806 2563 1870 Τίς
2603 1805 2820 1869 ἀπάξει
2848 1823 2923 1874 με
2956 1809 3042 1870 είς
3089 1810 3268 1860 πόλιν
3315 1807 3636 1876 περιοχῆς;
3697 1810 3958 1874 Ἀκούσας

750 1884 882 1939 Cum
914 1899 1006 1954 per
1030 1883 1285 1954 Spiritum
1309 1883 1547 1938 audisset
1572 1883 1824 1953 propheta
1850 1893 2032 1952 gentes
2059 1884 2283 1953 gratiam
2316 1917 2318 1922 ε

2395 1896 2480 1949 διὰ
2513 1896 2601 1948 τοῦ
2637 1873 2952 1966 Πνεύματος
2989 1900 3016 1950 6
3045 1900 3344 1968 προφήτης,
3385 1873 3462 1962 ως
3589 1899 3717 1970 ἔθνη
3742 1901 3951 1971 δέχεται

749 1990 868 2031 esse
900 1986 1238 2045 accepturas,
1273 1976 1346 2029 ait
1376 1994 1388 2029 :
1423 1975 1551 2039 Quis
1585 1975 1797 2028 deducet
1831 1991 1907 2029 me
1937 1977 1990 2029 in
2027 1979 2287 2030 civitatem

747 2070 1047 2122 munitam?
1089 2067 1368 2122 Civitatem
1418 2076 1594 2121 autem
1633 2067 1888 2121 munitam
1923 2077 2076 2120 vocat
2103 2067 2286 2121 Eccle—

747 2162 903 2224 siam,
921 2174 1040 2228 quae
1065 2158 1157 2212 Dei
1187 2158 1381 2212 virtute
1406 2157 1807 2211 circumvallata
1831 2166 1933 2210 est.
1966 2156 2086 2210 Ilaec
2109 2167 2286 2211 autem

750 2253 1007 2320 propheta
1033 2250 1106 2304 ait
1130 2250 1282 2318 quasi
1305 2264 1367 2302 ex
1393 2263 1621 2317 persona
1648 2248 1953 2316 poenitentia
1980 2248 2286 2303 Judt'eorum

747 2340 948 2408 populi,
985 2350 1037 2391 ct
1066 2339 1299 2407 optantis
1331 2338 1571 2406 accipere
1599 2339 1751 2393 tidem
1779 2339 1830 2392 in
1855 2339 2151 2397 Christum.
2185 2343 2287 2393 Aut

751 2431 866 2499 quis
899 2430 1110 2483 deducet
1145 2445 1222 2482 me
1252 2445 1409 2498 usque
1455 2432 1510 2481 iu
1547 2427 1872 2482 Idumwam?
1900 2428 2142 2482 Declarat
2172 2444 2290 2497 quac

748 2521 819 2575 sit
855 2521 1042 2575 civitas
1073 2520 1298 2573 munita.
1341 2518 1471 2583 Quae
1512 2519 1672 2588 igitur
1713 2526 1830 2582 est,
1866 2518 1968 2570 nisi
2020 2517 2292 2571 Idumma?

749 2611 850 2665 Per
877 2611 1160 2664 Idummam
1202 2608 1344 2661 enim
1374 2607 1640 2677 signiﬁcat
1663 2623 1849 2662 omnes
1882 2616 2062 2675 gentes
2089 2622 2206 2676 quae
2231 2608 2291 2661 li-

748 2701 866 2755 dem
897 2708 1236 2768 acceperunt.
1272 2697 1454 2752 Nonne
1487 2710 1564 2764 tu,
1599 2699 1758 2762 Deus,
1786 2700 1872 2766 qui
1904 2698 2133 2765 repulisti
2160 2702 2290 2753 nos?

747 2791 880 2861 Quis
908 2792 1062 2855 alius,
1099 2792 1210 2856 ait,
1258 2805 1356 2844 nos
1387 2789 1438 2843 in
1465 2789 1732 2843 civitatem
1768 2789 2027 2842 munitam
2059 2789 2290 2852 duxerit,

749 2884 852 2938 nisi
883 2890 939 2936 tu
976 2882 1088 2950 ipse
1121 2880 1234 2950 qui,
1274 2889 1490 2948 propter
1520 2878 1827 2946 iniquitates
1862 2885 2104 2943 nostras,
2131 2893 2229 2930 nos
2261 2892 2289 2931 a

747 2983 838 3027 tua
871 2970 1232 3026 familiaritate
1263 2967 1539 3037 rcpulisti?

822 3145 904 3199 l5.
945 3143 1025 3197 Da
1063 3144 1208 3197 nobis
1255 3141 1508 3194 auxilium
1537 3141 1599 3194 de
1632 3139 1980 3206 tribulatione,
2007 3142 2130 3209 quia
2163 3156 2292 3193 vana

748 3236 890 3290 salus
917 3236 1159 3288 hominis.
1205 3232 1319 3286 Non
1349 3248 1443 3301 per
1475 3232 1790 3295 humanam,
1818 3231 2011 3299 inquit,
2048 3230 2169 3285 belli
2201 3244 2291 3284 so-

749 3327 1017 3389 cietatem,
1048 3326 1115 3378 ab
1138 3322 1513 3393 ingruentibus
1550 3323 1705 3376 nobis
1735 3322 2130 3376 calamitatibus
2157 3322 2292 3391 eripi

751 3432 1064 3487 speramus,
1099 3415 1190 3470 sed
1225 3431 1317 3485 per
1350 3424 1495 3468 tuum
1532 3415 1702 3469 solum
1737 3415 2017 3470 auxilium.
2057 3413 2124 3468 Et
2160 3431 2292 3467 vana

750 3509 892 3564 salus
911 3509 1151 3563 hominis.
1175 3507 1273 3575 Qui
1299 3519 1477 3578 sperat
1502 3508 1553 3561 in
1584 3507 1810 3563 salutem
1844 3507 2078 3561 hominis
2098 3517 2291 3560 vanam

750 3601 850 3656 sibi
880 3617 1029 3671 spem
1063 3601 1334 3670 proponit.
1365 3601 1618 3669 Apertius
1647 3599 2006 3670 Symmachus
2039 3600 2298 3669 interpre-

747 3700 892 3748 tatus
915 3702 1019 3754 est,
1055 3691 1315 3760 adjiciens
1346 3691 1664 3760 particulam
1694 3691 2089 3759 conjunctivam
2122 3707 2185 3745 ac
2212 3692 2296 3746 di-

746 3799 875 3838 cens
913 3799 925 3834 :
967 3783 1047 3836 Da
1087 3784 1236 3836 nobis
1274 3783 1531 3836 auxilium
1578 3784 1642 3835 de
1693 3784 2044 3838 tribulatione.
2086 3784 2293 3838 Etenim

748 3889 881 3927 vana
910 3873 1053 3924 salus
1085 3872 1330 3924 hominis.

818 4048 904 4104 II.
943 4049 1008 4103 In
1039 4047 1146 4103 Deo
1179 4049 1428 4118 faciemus
1463 4051 1726 4103 virtutem.
1768 4049 2062 4117 Auxiliare,
2097 4050 2291 4120 inquit,

749 4141 816 4194 iis
843 4141 934 4209 qui
967 4154 1025 4193 se
1054 4139 1192 4193 male
1219 4139 1437 4193 habent.
1471 4138 1550 4192 Tu
1582 4154 1815 4209 namque
1845 4140 1991 4195 solus
2021 4151 2172 4212 potes
2205 4157 2293 4196 ea-

749 4229 1077 4284 lamitatibus
1107 4229 1354 4284 liberare.
1391 4228 1676 4284 llominum
1711 4230 1853 4285 enim
1886 4233 2084 4285 auxilia
2111 4241 2163 4287 te
2186 4247 2290 4286 non

750 4332 1015 4378 annuente
1046 4337 1182 4376 vana
1214 4330 1357 4376 sunt.
1403 4321 1532 4391 Ejus
1563 4322 1740 4392 itaque
1789 4323 2175 4392 providentiam
2207 4325 2291 4378 in—

748 4414 1082 4476 vocabimus,
1112 4421 1165 4466 et
1188 4413 1242 4465 in
1267 4412 1386 4480 ejus
1413 4413 1607 4467 virtute
1635 4414 1985 4470 conlidemus.
2006 4413 2127 4470 Ilaec
2148 4416 2290 4471 enim

2395 1985 2488 2055 τὴν
2519 1987 2698 2055 χάριν,
2730 1988 2880 2055 φησί·
2920 1989 3013 2052 Τίς
3045 2005 3121 2055 με
3160 1988 3372 2051 ἀπάξει
3398 1992 3483 2053 εις
3513 1992 3694 2043 πόλιν
3722 1990 3836 2058 τῆς
3867 2007 3956 2045 πε-

2386 2078 2633 2147 ριοχῆςς
2675 2079 2836 2131 Πόλιν
2878 2079 2933 2132 δὲ
2974 2079 3228 2150 περιοχῆς
3278 2079 3372 2149 τὴν
3428 2080 3751 2152 Ἐκκλησίαν
3796 2085 3952 2152 φησι,

2392 2169 2488 2240 τὴν
2539 2170 3054 2242 περιπεφραγμένην
3083 2174 3149 2241 τῇ
3183 2169 3275 2222 τοῦ
3315 2170 3448 2223 Θεοῦ
3494 2171 3738 2241 δυνάμει.
3777 2173 3954 2227 Ταῦτα

2391 2259 2447 2311 δὲ
2477 2261 2504 2311 ὁ
2550 2261 2832 2328 προφήτης
2868 2262 2941 2321 ὡς
2993 2261 3057 2312 ὲκ
3104 2259 3390 2329 προσώπου
3432 2260 3522 2313 τοῦ
3576 2264 3956 2331 μετανοοῦντος

2393 2345 2522 2398 λαοῦ
2573 2346 2681 2400 τῶν
2723 2347 2981 2400 Ἰουδαίων
3025 2349 3176 2417 φησι,
3225 2349 3316 2400 καὶ
3354 2348 3674 2416 ἀγαπῶντος
3704 2351 3954 2415 δέξασθαι

2392 2437 2491 2508 τὴν
2516 2437 2694 2490 πίστιν
2718 2439 2814 2507 τὴν
2841 2439 2919 2500 είς
2948 2438 3196 2509 Χριστόν.
3231 2440 3297 2491 Ἢ
3322 2439 3410 2503 τίς
3437 2439 3719 2506 ὁδηγήσει
3743 2459 3822 2511 με
3849 2443 3956 2510 ἕως

2395 2525 2505 2592 τῆς
2544 2527 2898 2595 Ἰδουμαίαςξ
2933 2528 3091 2598 Δηλοῖ
3113 2529 3195 2591 τίς
3228 2531 3372 2581 ἐστιν
3401 2532 3432 2599 ή
3463 2530 3613 2594 πόλις
3642 2534 3741 2599 τῆς
3769 2550 3951 2604 περιο-

2395 2616 2516 2686 χῆς.
2573 2618 2668 2680 Τίς
2722 2613 2814 2671 οὖν
2864 2622 3010 2672 ἐστιν
3059 2621 3090 2689 ἢ
3139 2622 3170 2690 ή
3232 2620 3532 2690 Ἰ’δουμαία;
3587 2623 3715 2674 ’Λπὺ
3757 2624 3814 2676 δὲ
3861 2626 3952 2694 τῆς

2408 2708 2701 2778 Ἰδουμαίας
2744 2710 2916 2763 πάντα
2964 2709 3031 2763 τὰ
3078 2709 3202 2780 ἐονη
3257 2711 3502 2780 σημαίνει
3555 2712 3621 2765 τὰ
3670 2713 3768 2783 τὴν
3801 2716 3953 2783 χάριν

2398 2798 2781 2868 ὑποδεξάμενα.
2838 2801 2983 2869 Οὐχὶ
3052 2800 3133 2854 σὺ
3187 2803 3218 2854 ιτ
3279 2802 3420 2866 Θεὸς
3481 2805 3514 2855 ὁ
3563 2804 3954 2873 ἀπωσάμενος

2395 2888 2550 2956 ἡμᾶς
2568 2905 2585 2953 ;
2614 2890 2707 2953 Τίς
2739 2890 2913 2954 ἄλλος,
2943 2892 3123 2960 φησὶν,
3154 2893 3298 2962 ἡμᾶς
3340 2895 3417 2956 είς
3443 2894 3542 2965 τὴν
3573 2895 3724 2947 πόλιν
3759 2897 3954 2964 ἀγάγοι

2395 2980 2490 3050 τῆς
2540 2982 2858 3053 περιοχῆςῆ
2903 2984 2965 3035 σὺ
3016 2984 3196 3050 αὐτὸς,
3230 2987 3258 3036 δ
3309 2987 3399 3038 καὶ
3447 2987 3532 3040 διὰ
3580 2988 3677 3052 τὰς
3727 2989 3952 3059 ἀνομίας

2395 3073 2552 3142 ἡμῶν
2580 3076 2675 3142 τῆς
2709 3074 2806 3143 σῆς
2831 3073 3149 3138 οίκειὼσεως
3176 3076 3451 3140 ἐκϐαλών;

2466 3164 2572 3228 Δὸς
2612 3164 2752 3233 ἡμῖν
2789 3165 3078 3232 ,βοήθειαν
3129 3167 3196 3219 ἐκ
3253 3169 3545 3235 θλίψεων,
3591 3170 3686 3223 καὶ
3733 3174 3951 3240 ματαία

2395 3255 2653 3320 σωτηρία
2681 3255 3007 3322 ἀνθρώπου.
3034 3257 3106 3310 Οὐ
3139 3257 3224 3310 διὰ
3248 3258 3605 3329 ἀνθρωπίνης,
3629 3263 3948 3334 φησὶ,”συμ-

2399 3345 2597 3413 μαχίας
2629 3346 2734 3398 των
2781 3346 3214 3422 ὲπελευσομένων
3244 3352 3370 3419 ἡμῖν
3403 3351 3630 3420 θλίψεων
3663 3353 3950 3426 ἐλπίζομεν

2398 3432 2950 3506 ὲλευΟερωΟήσεσΟαι,
2985 3437 3096 3489 ἀλλ’
3135 3440 3167 3508 ἦ
3220 3439 3306 3492 διὰ
3349 3443 3448 3510 τῆς
3486 3441 3583 3511 σῆς
3621 3443 3789 3513 μόνης
3835 3449 3948 3499 ἔπι-

2396 3522 2636 3592 κουρίας.
2671 3523 2779 3576 Καὶ
2802 3526 3018 3594 ματαία
3047 3528 3306 3594 σωτηρία
3335 3528 3664 3597 ἀνθρώπου.
3700 3534 3816 3599 Πᾶς
3845 3536 3948 3604 γὰρ

2395 3611 2422 3662 6
2448 3612 2677 3676 ἐλπίζων
2711 3615 2799 3666 ἐπὶ
2841 3616 3111 3686 σωτηρίαν
3152 3618 3432 3690 ἀνθρώπου
3483 3623 3561 3685 είς
3590 3626 3826 3692 ματαίαν
3865 3626 3948 3679 ἑλ-

2395 3703 2523 3758 πίδα
2561 3704 2770 3774 ἤλπισε.
2817 3707 3149 3778 Σαφέστερον
3194 3711 3222 3763 6
3265 3711 3554 3782 Σύμμαχος
3601 3717 3944 3786 ἡρμήνευσε,

2396 3795 2645 3865 προσθεὶς
2676 3796 2764 3849 τὸν
2813 3796 3099 3867 σύνδεσμον
3133 3798 3224 3851 καὶ
3266 3800 3451 3853 εἰπών’
3478 3801 3588 3869 Δὸς
3627 3805 3774 3871 ἡμῖν
3799 3807 3939 3873 ,βοή-

2396 3886 2556 3938 θειαν
2582 3887 2650 3939 ἐκ
2697 3888 2985 3955 θλίψεως
3014 3889 3111 3942 καὶ
3144 3889 3252 3959 τὰρ
3290 3894 3506 3960 ματαία
3546 3899 3806 3965 σωτηρία
3844 3901 3938 3955 dr-

2395 3978 2643 4044 Ορώπου.

2495 4071 2592 4124 Ἐν
2631 4069 2709 4135 τῷ
2758 4071 2877 4135 Θεῷ
2924 4073 3250 4142 ποιήσομεν
3295 4076 3566 4148 δύναμιν.
3619 4083 3942 4155 Ἐπάμυνον,

2393 4161 2545 4230 φησὶ,
2588 4161 2941 4234 διακειμένοις
2975 4166 3172 4230 κακῶς.
3208 4169 3296 4222 Σοὶ
3340 4170 3483 4241 μόνῳ
3514 4171 3732 4228 δυνατὸν
3763 4176 3941 4230 διαλῦ-

2394 4266 2482 4303 σαι
2514 4250 2611 4314 τὰς
2641 4256 2940 4325 συμφοράς.
2969 4257 3037 4309 Αἵ
3065 4275 3122 4310 τε
3148 4258 3255 4312 τῶν
3285 4260 3586 4331 ἀνθρώπων
3615 4265 3940 4337 ἐπικουρίαι,

2394 4340 2485 4393 σοῦ
2520 4343 2592 4413 μὴ
2627 4343 2888 4409 νεύοντος,
2923 4345 3162 4416 μάταιαι.
3205 4348 3312 4419 Τὴν
3350 4352 3526 4405 τοίνυν
3554 4353 3718 4408 αὐτοί
3756 4358 3942 4411 ἐπικα-

2391 4426 2655 4498 λεσόμεθα
2683 4432 2956 4502 πρόνοιαν,
2989 4433 3083 4487 καὶ
3115 4438 3176 4505 τῇ
3223 4436 3384 4490 αὑτοῦ
3415 4439 3636 4510 δυνάμει
3674 4442 3939 4515 θαρρήσο-

750 4505 860 4560 sola
882 4503 1074 4559 suiIicit
1098 4503 1162 4558 ad
1189 4503 1370 4573 gravia
1399 4519 1624 4574 qumque
1648 4504 1923 4570 solvenda,
1942 4515 1994 4561 et
2016 4507 2082 4562 ad
2112 4507 2293 4562 inimi-

2396 4536 2511 4588 μεν.
2539 4519 2682 4590 Αὕτη
2707 4521 2813 4592 γὰρ
2847 4523 3004 4593 ἀρκεῖ
3031 4503 3344 4596 μόνηγλῦσαι
3374 4528 3440 4582 τὰ
3468 4503 3692 4599 χαλεπὰ,
3720 4503 3814 4586 »ἱαὶι
3837 4503 3942 4590 τῶν

747 4611 933 4651 corum
964 4611 1064 4650 nos
1092 4596 1525 4665 impugnantium
1554 4597 1843 4664 potentiam
1865 4599 2291 4668 opprimendam.

748 4686 948 4740 Mutuis
980 4701 1075 4740 ceu
1108 4688 1332 4743 vocibus
1361 4689 1760 4758 colloquuntur,
1816 4689 2106 4760 dicuntque
2144 4706 2202 4746 se
2239 4691 2293 4747 in

746 4776 864 4832 solo
895 4774 1003 4830 Deo
1025 4791 1170 4846 spem
1208 4778 1529 4846 reposuisse.
1562 4776 1922 4844 Quamobrem
1950 4779 2023 4833 ait
2053 4795 2068 4832 :
2103 4780 2236 4834 Cum
2262 4795 2292 4836 a

748 4868 864 4921 solo
881 4866 988 4922 Deo
1010 4868 1117 4922 vim
1140 4868 1375 4924 futuram
1399 4871 1552 4926 nobis
1577 4873 1991 4940 speraverimus,
2014 4880 2142 4928 tunc
2161 4873 2292 4928 nihil

747 4973 866 5012 esse
898 4958 1143 5014 inimicos
1170 4969 1383 5016 nostros
1414 4964 1761 5032 reperiemus.

820 5048 870 5102 I.
911 5048 976 5101 In
1006 5049 1160 5118 finem
1196 5052 1250 5103 in
1277 5053 1480 5120 hymnis
1508 5051 1697 5107 David.
1730 5052 2063 5110 PSALMUS
2102 5053 2220 5109 LX.

1321 5141 1712 5210 Argumentum.

748 5227 960 5285 Gratias
1005 5227 1112 5284 Deo
1137 5229 1299 5284 refert
1322 5246 1443 5285 cum
1471 5248 1567 5300 pro
1602 5234 1800 5301 seipso,
1833 5242 1943 5287 tum
1973 5249 2069 5303 pro
2096 5236 2290 5305 populo

811 5319 1042 5374 salutem
1073 5336 1166 5389 per
1198 5322 1424 5390 gratiam
1456 5327 1664 5392 adepto.
1697 5324 1984 5380 Pollicetur
2015 5337 2194 5381 autem
2234 5344 2290 5382 se

817 5427 937 5466 cum
975 5412 1028 5465 in
1067 5413 1282 5468 aeternis
1315 5413 1519 5483 degerit
1554 5416 1924 5471 mansionibus
1961 5417 2290 5474 incessanter

814 5502 999 5556 laudes
1032 5504 1376 5558 emissurum.

813 5589 868 5657 2,
903 5591 953 5644 ’5.
993 5589 1223 5651 Exaudi,
1263 5592 1394 5646 Deus
1418 5634 1432 5659 ,
1461 5594 1869 5662 deprecationem
1909 5614 2094 5653 meam.
2139 5598 2287 5664 Quo-

747 5680 889 5734 niam
937 5683 1224 5751 potentiam
1276 5700 1339 5738 ac
1386 5687 1718 5754 tyrannidem
1767 5689 2066 5742 darmonum
2117 5689 2290 5759 respi-

746 5771 915 5839 ciens,
949 5772 1214 5827 anxietate
1245 5776 1431 5843 plenus
1463 5794 1615 5843 sum;
1665 5779 1783 5834 ideo
1817 5781 2072 5847 obsecro,
2122 5793 2180 5838 ut
2221 5782 2284 5837 ad

2395 4612 2768 4683 πολεμούντων
2807 4616 2936 4686 ήμϊν
2971 4616 3267 4671 καταλῦσαι
3297 4618 3394 4690 τήν
3437 4619 3772 4679 δυναστείαν.
3825 4625 3938 4677 Ἀλ-

2391 4700 2568 4770 λήλοις
2600 4701 2786 4774 ὥσπερ
2819 4705 3175 4772 ὲπιφωνοῦσιν
3205 4707 3294 4758 ἐπὶ
3322 4707 3399 4778 τῷ
3429 4708 3546 4778 Θεῷ
3587 4711 3735 4781 μόνῳ
3761 4711 3938 4768 λοιπὸν

2390 4791 2486 4853 τὰς
2519 4792 2736 4856 ἐλπίδας
2778 4793 2919 4863 ἔχειν
2959 4797 3056 4865 τῆς
3097 4797 3383 4867 σωτηρίας.
3428 4798 3518 4850 Διό
3561 4816 3742 4869 φησιν·
3776 4804 3905 4858 Ὦτα
3929 4823 3940 4843 ·

2391 4882 2482 4932 ἐπὶ
2514 4881 2588 4952 τῷ
2616 4881 2734 4952 Θεῷ
2770 4883 3128 4954 δυναμοῦσοαι
3156 4887 3480 4958 ἐλπίσωμεν,
3512 4890 3630 4942 τότε
3664 4893 3758 4945 καὶ
3793 4895 3938 4950 οὑδὲ-ι

2389 4972 2542 5036 ὄντας
2570 4975 2694 5036 τοὺς
2716 4973 2939 5045 ἐχθροὺς
2973 4975 3127 5046 ήμῶν
3158 4978 3476 5049 εὑρήσομεν.

2425 5067 2528 5131 Είς
2550 5065 2614 5119 τὸ
2642 5067 2813 5132 τέλος
2842 5067 2912 5120 ἐν
2941 5068 3148 5137 ὕμνοις
3171 5068 3250 5134 τῷ
3275 5072 3472 5126 Δαυτδ.
3504 5075 3808 5130 ΨΑΛΜΟΣ
3829 5077 3906 5131 ε’.

2987 5160 3303 5229 ’Υπόθεσις.

2389 5246 2740 5317 Εύχαριστίαν
2773 5249 3027 5319 ἀναφέρει
3065 5250 3182 5321 Θεῷ
3223 5252 3360 5324 ὑπέρ
3390 5270 3449 5306 τε
3481 5254 3669 5308 ἑαυτοῦ
3714 5256 3808 5310 καὶ

2461 5338 2714 5401 σωθέντος
2743 5339 2826 5392 διὰ
2858 5341 2953 5408 τῆς
2985 5342 3215 5408 πίστεως
3247 5345 3394 5400 λαοῦ.
3435 5346 3759 5414 Ἐπαγγέλλε
3804 5346 3851 5402 ιζ
3877 5363 3930 5400 τε

2457 5429 2548 5480 καὶ
2577 5429 2634 5482 ὲν
2661 5432 2778 5492 ταῖς
2807 5431 3039 5496 αἰωνίοις
3076 5435 3306 5503 γεγονὼς
3341 5439 3525 5507 μοναῖς
3551 5437 3930 5508 ἀκαταλήπτοις

2457 5518 2793 5589 ἀναπέμπειν
2821 5519 2917 5590 τήν
2939 5522 3156 5576 αῐνεσιν.

2460 5607 2856 5674 Εὶονάκουσον,
2898 5615 2929 5665 ό
2958 5613 3119 5680 Θεὸς,
3153 5613 3260 5683 τῆς
3287 5615 3547 5685 δεήσεώς
3565 5634 3705 5685 μου.
3723 5618 3930 5688 Ἐπειδὴ

2386 5699 2465 5758 είς
2511 5699 2608 5768 τὴν
2649 5699 3090 5756 καταδυναστείαν
3135 5707 3225 5760 καὶ
3258 5707 3335 5769 είς
3375 5707 3470 5778 τὴν
3498 5708 3787 5779 τυραννίδα
3829 5709 3931 5763 τῶν

2389 5787 2651 5856 δαιμόνων
2677 5790 2910 5862 ἀφορῶν,
2935 5794 3155 5864 άκηδίας
3182 5796 3560 5868 πεπλήρωμαι·
3578 5798 3763 5852 τούτου
3782 5799 3930 5872 χάριν
