4108 6488
138 453 237 513 ἳ73

1253 453 1613 510 EXPOSITIO
1648 453 1713 508 IN
1758 453 2088 511 PSALMUM
2136 455 2268 511 LXI.

3272 463 3380 518 274

146 570 378 635 ἱκετεύω,
409 572 567 636 ὅπως
610 570 889 641 ἐπιφανεὶς
918 568 1015 638 τῆς
1048 566 1155 620 τῶν
1197 566 1529 638 βιαζομένων
1571 568 1714 637 ἡμᾶς

1820 576 2067 624 nostrum
2110 581 2458 639 conspectum
2494 572 2714 629 veniens
2741 575 2941 645 eripias
2975 591 3075 632 nos
3113 575 3182 633 de
3212 592 3376 632 manu

143 664 280 735 ἐξέλῃ
325 664 534 735 χειρός.
582 665 646 717 Γὸ
676 664 755 727 δὲ,
796 660 928 717 Ἀπὸ
961 659 1075 714 τῶν
1113 659 1383 727 περάτων
1425 657 1535 728 τῆς
1578 658 1709 729 γῆς,

145 756 382 826 σημαίνει
407 756 556 820 ὑπὲρ
591 758 770 827 πάσης
795 753 951 807 αὑτὸν
983 752 1081 823 τῆς
1109 750 1432 821 οἰκουμένης
1458 749 1713 820 ποιούμε-

144 864 222 899 νον
250 847 346 910 τὰς
373 848 554 911 λιτάς.
587 847 722 901 Ἀπὸ
747 846 863 900 τῶν
893 843 1160 913 περάτων
1193 840 1299 910 τῆς
1325 840 1437 911 γῆς
1465 841 1614 911 πρὸς
1640 841 1714 896 σὲ

140 940 437 1009 ἐκέκραξα.
477 940 701 1012 Ἐπειδὴ
731 940 839 1012 γὰρ
871 938 1082 1002 πολλοῖς
1110 939 1367 1008 σταθμοῖς
1395 937 1428 1008 ὴ
1460 933 1713 990 Βαϐυλὼν

142 1032 234 1101 τῆς
265 1031 635 1102 Παλαιστίνης
659 1030 955 1100 ἀφέστηκε,
984 1028 1084 1092 τὰς
1120 1027 1374 1098 ἐσχατιὰς
1402 1024 1714 1097 ὑπελάμϐα-

142 1141 222 1177 νον
262 1124 359 1194 τῆς
408 1123 741 1194 οἰκουμένης
796 1122 963 1175 οἰκεῖν
1013 1121 1071 1204 οἱ
1109 1118 1710 1191 ἐξανδραποδισθέντες,

141 1216 389 1285 κάκείνην
445 1214 775 1284 τεταγμένοι
826 1212 925 1283 τὴν
973 1212 1077 1281 γῆν
1128 1212 1315 1265 οἰκεῖν.
1374 1211 1477 1264 Ἐν
1528 1208 1713 1278 πέτρᾳ

139 1306 380 1376 ῦιρηωσὰς
422 1323 523 1375 με.
572 1307 849 1359 Δείκνυσιν
900 1304 1102 1367 εὐθέως
1136 1301 1525 1365 εἰσακουσθεὶς,
1574 1301 1719 1355 κατὰ.

139 1399 214 1451 τόν
248 1401 375 1452 Ἔτι
406 1398 527 1452 σοῦ
570 1396 939 1460 λαλοῦντος,
970 1393 1101 1463 ἐρᾶν
1144 1393 1287 1448 Ἰδοὺ
1318 1393 1570 1462 πάρειμι.
1608 1393 1712 1446 Σα-

142 1490 247 1558 φῶς
280 1507 339 1541 τε
368 1489 637 1558 κηρύττει
679 1487 767 1541 διὰ
792 1487 936 1551 τίνος
962 1489 994 1557 ὴ
1026 1486 1285 1557 σωτηρία·
1323 1485 1569 1554 ὑψῶσθαι
1604 1486 1712 1555 γάρ

143 1598 293 1651 φησιν
324 1583 383 1633 ὲν
430 1580 636 1651 πέτρᾳ.
677 1580 971 1652 Κρείττους
1016 1578 1125 1649 γὰρ
1169 1579 1265 1632 καὶ
1306 1578 1561 1649 ἀνωτέρω
1604 1577 1712 1631 τῶν

143 1673 547 1745 ἐπηρεαζόντων
584 1673 853 1743 δαιμόνων
908 1671 1206 1743 γεγόναμεν
1243 1669 1332 1725 διὰ
1359 1669 1617 1741 Χριστοῦ,
1656 1668 1713 1733 ὃς

142 1763 305 1835 πέτρα
330 1762 485 1835 παρὰ
505 1763 588 1834 τῷ
619 1764 871 1835 μακαρίῳ
892 1762 1088 1835 Παύλῳ
1120 1762 1555 1833 κατωνόμασται.

212 1852 548 1922 Ὠδήτησὰς
591 1870 688 1922 με,
718 1852 805 1907 ὅτι
831 1852 1120 1922 ἐγενήθης
1143 1851 1320 1917 ἐλπίς
1339 1868 1478 1921 μου.
1510 1850 1573 1903 Εἰ
1604 1850 1711 1921 γὰρ

142 1945 291 2010 αὑτός
320 1948 469 1999 ἐστιν
502 1948 538 2016 ἡ
567 1945 703 2009 ὁδὸς,
736 1945 831 1999 καὶ
862 1946 1023 2008 αὑτός
1070 1946 1215 1998 ἐστιν
1258 1944 1293 2013 ἡ
1328 1942 1495 2014 θύρα,
1523 1941 1704 2012 δῆλον,

142 2036 215 2087 ὅτι
239 2036 333 2105 τὴν
364 2035 583 2107 ἀγαθὴν
610 2037 756 2106 ἡμᾶς
784 2035 1018 2106 βαδίζειν
1046 2034 1245 2101 διδάξει
1276 2035 1482 2105 τρίόον,
1511 2036 1589 2098 εἰς
1620 2034 1708 2087 αὐ-

142 2125 225 2179 τὸν
269 2126 513 2190 ἐλπίζειν
559 2128 1006 2198 παρασκευάσας.
1052 2128 1283 2196 Πύργος
1328 2127 1541 2194 ἰσχύος
1590 2125 1707 2181 ἀπὸ

144 2218 458 2286 προσώπου
493 2218 733 2288 ἐχθροῦ.
771 2218 995 2289 Ὅμοιον
1026 2219 1101 2281 ὼς
1126 2220 1173 2271 εἰ
1203 2218 1368 2287 λέγοι·
1398 2219 1587 2289 Τεῖχος
1616 2218 1709 2269 καὶ

143 2310 398 2380 ἀσφάλεια
429 2310 664 2379 γέγονας
687 2310 767 2374 εἰς
792 2310 852 2364 τὸ
881 2310 1042 2381 μηδὲν
1073 2310 1261 2364 παθεῖν
1299 2308 1711 2380 ἐπηρεαζόντων

142 2404 241 2456 τῶν
267 2403 359 2475 ὲχθ
366 2404 499 2475 ρῶν.

206 2494 564 2562 [Inpone-130w
588 2494 659 2545 ἐν
686 2492 767 2557 τῷ
787 2490 1134 2560 σκηνώματι
1159 2505 1276 2542 σου
1304 2490 1391 2552 εἰς
1416 2487 1554 2553 τοὺς
1580 2486 1711 2539 αἰῶ-

144 2599 262 2649 νας.
306 2585 425 2652 ’Δφ’
459 2577 538 2637 ὧν
590 2584 692 2654 ήδη
738 2583 957 2654 εἴληφεν
1001 2581 1251 2650 ἀγαθῶν,
1295 2582 1389 2635 καὶ
1433 2581 1559 2652 περί
1605 2580 1710 2632 τῶν

147 2673 434 2745 μελλόντων
467 2674 699 2738 ἐλπίζει·
729 2676 812 2728 ὅτι
843 2674 926 2746 δὴ,
959 2676 1037 2739 εἰς
1069 2673 1165 2738 τὰς
1188 2673 1299 2727 ἄνω
1326 2672 1526 2743 σκηνὰς
1557 2688 1713 2739 γεγο-

144 2764 259 2829 νὼς,
284 2767 388 2820 ὑπὸ
418 2767 523 2837 τὴν
554 2766 716 2821 αὐτοῦ
744 2766 1035 2832 διαπαντὸς
1084 2768 1377 2836 γενήσεται
1408 2766 1638 2834 σκέπην.

210 2858 475 2925 Ἕδωκας
503 2860 911 2928 κληρονομίαν
932 2858 1055 2924 τοῖς
1081 2856 1470 2927 φοϐουμένοις
1495 2855 1559 2908 τὸ
1585 2855 1713 2907 ὄνο-

143 2948 217 3017 μὰ
259 2964 395 3003 σου.
441 2948 558 3001 Καὶ
605 2947 686 3011 τίς
736 2950 770 3018 ὴ
805 2947 1202 3019 κληρονομίαῆ
1248 2949 1281 3018 ἡ
1336 2946 1578 3017 βασιλεία
1606 2946 1712 2999 τῶν

145 3041 408 3111 οὐρανῶνς
459 3040 641 3094 Δεῦτε
682 3040 812 3111 γὰρ,
866 3042 1053 3112 φησὶν,
1096 3043 1149 3094 ol
1191 3040 1579 3111 εὐλογημένοι
1608 3039 1712 3092 τοῦ

145 3135 359 3202 Πατρός
386 3152 544 3204 μου,
575 3132 1069 3202 κληρονομήσατε
1115 3133 1227 3202 τὴν
1269 3134 1715 3202 ἡτοιμασμένην

148 3225 276 3293 ὑμῖν
313 3226 647 3289 βασιλείαν
687 3225 805 3279 ἀπὸ
840 3223 1176 3292 καταϐολῆς
1225 3226 1475 3292 κόσμου,
1522 3223 1615 3275 καί
1647 3224 1712 3275 τὰ
1740 3262 1782 3321 C

148 3316 282 3387 ἑξῆςο
313 3315 455 3370 ὥστε
486 3316 846 3387 κληρονομεῖν
877 3316 977 3387 τὴν
1013 3314 1406 3385 βασιλείαν.τοῦ
1436 3314 1592 3381 Θεοῦ,
1623 3317 1715 3368 καὶ

145 3406 383 3477 λέγεσθαι
417 3410 513 3462 ἐπὶ
546 3408 645 3478 τῆς
672 3408 774 3479 γῆς
806 3405 1181 3478 Χριστιανούς.

221 3500 471 3569 Ἡμέρας
498 3501 593 3569 ἐφ’
620 3498 843 3569 ἡμέρας
868 3498 974 3551 τοῦ
997 3498 1301 3565 ,βασιλέως
1328 3497 1711 3567 προσθήσεις.

152 3588 403 3658 Σημαίνει
434 3591 464 3641 ὁ
496 3590 675 3656 λόγος,
718 3587 793 3650 ὡς
823 3588 915 3641 καὶ
942 3587 1098 3642 τοῦτο
1146 3589 1308 3659 μέρος
1335 3590 1437 3660 τῆς
1460 3589 1715 3662 κληρονο-

155 3678 271 3748 μίας
296 3682 464 3747 ἐστὶν,
497 3682 535 3749 ἡ
562 3678 676 3750 ζωὴ
709 3680 741 3749 ἡ
768 3678 1002 3743 αἰώνιος.
1033 3678 1202 3733 Τοῦτο
1225 3680 1331 3751 γάρ
1361 3681 1475 3732 ἐστι
1502 3679 1562 3732 τὸ
1584 3680 1716 3750 ἠμέ-

155 3788 241 3841 ρας
283 3772 505 3844 ἡμερῶν
556 3774 667 3836 τοῖς
713 3772 855 3825 ἔτεσι
905 3771 999 3823 τοῦ
1064 3770 1327 3840 βασιλέως
1382 3770 1713 3841 προσθεῖναι.

148 3864 395 3934 Σημαίνει
437 3867 553 3935 γὰρ
601 3865 691 3916 διὰ
744 3864 853 3916 τῶν
901 3863 1120 3934 ἡμερῶν
1165 3863 1384 3933 χρόνους
1426 3864 1576 3925 τινας
1625 3864 1716 3915 καὶ

152 3955 360 4020 αἰῶνας.
388 3955 668 4025 Διαμενεῖ
697 3956 783 4022 εἰς
804 3954 910 4008 τὸν
930 3952 1114 4007 αἰῶνα
1136 3954 1391 4009 ἐνώπιον
1419 3954 1523 4008 τοῦ
1546 3954 1711 4008 Θεοῦ

151 4042 312 4111 ἕλεος
363 4044 461 4098 καὶ
513 4042 805 4110 (ﬁrmetur
853 4042 1039 4098 αὑτοῦ
1088 4042 1178 4109 τίς
1225 4042 1571 4110 ἐκζητήσει;
1629 4040 1716 4106 Ἐξ

151 4136 486 4209 ἀναστροφῆς
520 4138 550 4189 ό
574 4136 749 4204 λόγος,
775 4136 862 4189 ἵνα
944 4135 1200 4197 τοιοῦτος.
1233 4134 1299 4186 Εἴ
1324 4151 1406 4198 τις
1428 4136 1715 4205 ὲκζητήσει

150 4225 207 4278 τὸ
234 4226 375 4292 ἕλεος
427 4226 599 4281 αὑτοῦ
644 4228 739 4280 καὶ
773 4228 873 4297 τὴν
915 4226 1173 4296 ἀλήθειαν
1223 4225 1414 4291 αὐτοῦ,
1459 4222 1610 4291 οὗτος
1659 4230 1715 4282 ὲν

148 4321 252 4381 τοῖς
285 4320 665 4390 ἀτελευτήτοις
704 4320 863 4372 αἰῶσι
894 4319 1136 4390 διαμένει
1169 4319 1396 4373 ἐνώπιον
1432 4320 1525 4373 τοῦ
1557 4321 1713 4374 Θεοῦ.

215 4411 397 4479 Οὕτως
430 4409 616 4481 ψαλῶ
641 4409 720 4476 τῷ
758 4411 1001 4481 ὀνόματί
1036 4425 1152 4466 σου
1189 4413 1275 4477 εις
1307 4411 1444 4478 τοὺς
1474 4411 1710 4479 αἰῶνας.

156 4500 358 4567 Οὕτως,
386 4503 542 4566 πῶς;
586 4503 620 4574 ἦ
655 4502 932 4573 διαμείνας
963 4503 1187 4559 ἐνώπιόν
1234 4520 1326 4556 σου
1367 4505 1424 4556 ὲν
1470 4504 1545 4575 τῷ
1593 4506 1715 4575 μέλ-

1812 675 2001 715 eorum
2030 661 2123 730 qui
2150 661 2257 715 vim
2288 662 2444 717 nobis
2481 662 2739 720 inferunt.
2784 666 2915 722 Illud
2947 675 3148 735 autem,
3181 670 3223 724 Α
3250 670 3377 739 ﬁni-

1814 752 1908 806 bus
1958 763 2112 809 terra:
2137 795 2155 822 ,
2197 755 2467 826 signiﬁcat
2492 772 2618 812 eum
2670 774 2766 828 pro
2798 768 2910 816 toto
2950 760 3080 816 orbe
3112 770 3379 816 terrarum

1815 846 2240 916 supplicationes
2267 847 2481 905 offerre.
2507 852 2551 905 A
2570 852 2764 919 ﬁnibus
2791 863 2947 908 terrte
2970 854 3037 907 ad
3064 864 3113 909 te
3135 854 3377 909 clmnavi.

1814 933 2082 1002 Quoniam
2127 938 2452 995 stationibus
2496 942 2683 996 multis
2730 941 2964 1014 Babylon
3015 958 3045 997 a
3094 942 3378 999 Palaestina

1814 1025 1997 1093 distat,
2024 1036 2265 1083 extrema
2292 1029 2441 1085 orbis
2470 1031 2773 1086 inhabitare
2805 1048 2863 1088 se
2889 1034 3167 1103 putabant,
3202 1034 3295 1105 qui
3324 1034 3380 1089 in

1812 1117 2177 1187 captivitatem
2216 1119 2432 1175 deducti
2456 1136 2575 1176 eam
2601 1131 2797 1176 terram
2828 1123 3063 1179 incolere
3090 1125 3227 1195 jussi
3268 1124 3383 1180 fue—

1813 1217 1954 1263 rant.
1985 1207 2051 1262 In
2076 1220 2226 1280 petra
2247 1212 2502 1266 exaltasti
2533 1230 2633 1267 me.
2660 1212 2910 1269 Declarat
2936 1230 2994 1271 se
3021 1216 3129 1271 cito
3158 1217 3384 1271 exaudi-

1813 1303 2119 1370 tum,juxta
2147 1304 2313 1359 illud:
2340 1304 2524 1358 Adhuc
2554 1316 2600 1359 te
2626 1305 2865 1376 loquente
2892 1309 3101 1362 dicant:
3127 1306 3263 1361 Ecce
3284 1309 3380 1361 ad-

1812 1410 1929 1448 sum
1947 1393 2010 1447 “.
2028 1394 2222 1464 Aperte
2244 1404 2425 1451 autem
2444 1398 2700 1466 praedicat
2718 1413 2812 1468 per
2834 1414 2995 1469 quem
3023 1400 3172 1454 salus
3199 1398 3381 1454 futura

1812 1485 1905 1549 sit,
1936 1486 2231 1542 exaltatum
2256 1487 2400 1541 enim
2430 1503 2487 1542 se
2518 1488 2570 1542 in
2606 1498 2754 1557 petra
2776 1488 2949 1544 fuisse
2974 1490 3071 1544 ait.
3105 1489 3383 1546 Fortiores

1812 1592 2046 1647 namque
2087 1593 2152 1633 ac
2195 1579 2509 1648 superiores
2554 1582 2695 1635 mala
2728 1580 3083 1635 inferentibus
3117 1580 3380 1635 daemoni—

1812 1670 1915 1726 bus
1941 1685 2036 1740 per
2063 1671 2337 1727 Christum
2382 1673 2559 1729 eﬂ‘ecti
2592 1688 2804 1740 sumus,
2834 1674 2928 1743 qui
2961 1689 2992 1728 a
3020 1674 3179 1729 beato
3211 1672 3379 1729 Paulo

1812 1770 1961 1832 petra
1995 1763 2295 1833 appellatus
2317 1773 2419 1820 est.

1884 1855 1937 1909 4.
1964 1854 2239 1909 Βεάιιαίδιῖ
2276 1872 2355 1909 me
2380 1858 2503 1926 quia
2534 1856 2708 1925 factus
2739 1873 2792 1911 es
2830 1872 2943 1926 spes
2977 1872 3112 1911 mea.
3153 1855 3210 1910 Si
3236 1855 3381 1911 enim

1813 1947 1927 2017 ipse
1958 1946 2042 2000 via
2073 1955 2191 2009 est,
2221 1958 2273 2001 et
2305 1948 2419 2017 ipse
2452 1956 2607 2017 porta
2630 1989 2643 2011 ,
2674 1948 2850 2017 palam
2893 1958 2975 2003 cst
3002 1963 3127 2003 eum
3163 1962 3261 2001 nos
3285 1947 3383 2001 bo.

1810 2054 1936 2092 nam
1963 2038 2212 2094 incedere
2243 2039 2384 2093 viam
2410 2038 2753 2102 edocturmn,
2779 2048 2939 2109 atque
2970 2049 3288 2093 curaturum
3324 2049 3383 2091 ut

1811 2133 1864 2186 in
1888 2147 2012 2187 eum
2042 2147 2340 2201 speremus.
2364 2130 2547 2184 Turris
2574 2130 2906 2200 fortitudinis
2929 2147 2961 2183 a
2986 2129 3121 2199 facie
3149 2130 3379 2184 inimici.

1811 2222 1980 2288 Quasi
2006 2224 2247 2278 diceret:
2287 2222 2479 2279 Turris
2520 2224 2652 2278 mihi
2689 2237 2753 2277 ac
2781 2222 3093 2291 praesidium
3128 2221 3280 2276 fuisti
3320 2230 3380 2275 ut

1812 2314 1953 2367 mala
1986 2312 2346 2369 inferentibus
2380 2314 2619 2368 inimicis
2646 2314 2781 2367 nihil
2811 2313 2995 2367 laedar.

1882 2491 1933 2547 5.
1956 2489 2267 2546 Inhabitabo
2287 2494 2341 2546 in
2360 2492 2695 2546 tabernaculo
2710 2502 2799 2544 tuo
2821 2492 2874 2543 in
2890 2488 3104 2543 stecula.
3123 2487 3227 2542 Per
3241 2487 3381 2543 bona

1812 2600 1933 2653 quae
1960 2584 2075 2653 jam
2105 2594 2422 2654 acceperat,
2454 2585 2657 2639 factum
2707 2593 2766 2637 ut
2798 2582 2863 2637 de
2918 2580 3116 2636 futuris
3157 2588 3334 2649 speret
3364 2597 3377 2632 :

1814 2676 1942 2744 quia
1967 2677 2021 2729 in
2053 2676 2305 2745 supernis
2348 2675 2713 2729 tabernaculis
2743 2673 3101 2738 constitutus,
3132 2673 3234 2727 sub
3260 2670 3381 2743 ejus

1815 2776 2125 2839 legumento
2150 2776 2205 2822 et
2236 2767 2487 2836 pra'sidio
2514 2781 2726 2835 semper
2760 2766 2933 2834 deget.

1882 2861 1935 2915 6.
1982 2859 2182 2913 Dedisti
2226 2859 2586 2913 [nereditatem
2629 2856 2929 2911 timentibus
2984 2872 3166 2909 nomen
3210 2862 3377 2909 tuum.

1814 2951 1998 3022 Ecqua
2030 2950 2317 3006 haereditas
2344 2952 2433 3005 illa
2466 2951 2570 3005 nisi
2597 2964 2823 3020 regnum
2859 2948 3167 3004 oculorum?
3205 2947 3382 3002 Venite

1813 3044 1978 3106 enim,
2026 3042 2222 3112 inquit,
2270 3041 2526 3095 benedicti
2564 3040 2747 3096 Putris
2776 3043 2896 3101 mei.
2937 3040 3197 3109 possidete
3225 3055 3383 3108 para-

1816 3144 1924 3188 tum
1953 3133 2093 3187 vobis
2121 3149 2336 3204 regnum
2354 3150 2387 3186 a
2404 3134 2770 3186 constitutione
2794 3131 3056 3196 mundi",
3082 3140 3136 3186 et
3155 3140 3380 3198 caetera;

1817 3225 1889 3280 ita
1916 3236 1976 3280 ut
2005 3241 2232 3297 regnum
2262 3223 2358 3280 Dei
2386 3224 2721 3295 possideant,
2751 3232 2805 3277 et
2833 3222 3128 3276 Christiani
3153 3222 3205 3277 in
3242 3232 3384 3279 terra

1815 3317 2087 3372 dicantur.

1885 3492 1937 3548 7.
1964 3491 2087 3547 Dies
2112 3508 2266 3562 super
2293 3492 2403 3546 dies
2443 3492 2575 3561 regis
2607 3488 2849 3560 adjicies.
2889 3488 3233 3561 Significatur
3256 3503 3381 3558 par-

1817 3594 1923 3640 tem
1952 3583 2280 3639 hmreditatis
2305 3599 2425 3639 esse
2453 3584 2618 3637 vitam
2650 3592 2928 3637 :eternam.
2949 3580 3084 3635 Illud
3110 3581 3254 3635 enim
3279 3587 3381 3644 est,

1814 3677 1931 3731 dies
1962 3690 2125 3745 super
2158 3676 2273 3729 dies
2305 3676 2465 3730 annis
2496 3674 2642 3743 regis
2683 3673 2866 3742 adjici.
2915 3672 3196 3744 Significat
3237 3672 3383 3725 enim

1816 3784 1912 3838 per
1951 3768 2067 3823 dies
2098 3776 2337 3838 tempora
2371 3766 2620 3837 qurcdam
2662 3773 2716 3821 et
2748 3765 2965 3821 srecula.
3012 3763 3290 3819 Permanet
3328 3764 3384 3816 in

1817 3870 2067 3915 tcternum
2087 3861 2138 3913 in
2163 3871 2436 3929 conspectu
2462 3858 2580 3921 Dei,
2598 3857 3015 3912 misericordiam
3036 3864 3083 3910 et
3110 3857 3381 3911 veritatem

1814 3949 1926 4018 ejus
1959 3950 2075 4018 quis
2123 3949 2396 4019 requiret?
2441 3947 2775 4018 Prazpostere
2815 3962 2994 4002 sermo
3032 3947 3240 4016 positus
3272 3954 3378 4012 est,

1815 4054 1877 4098 ut
1900 4044 2013 4097 htec
2038 4043 2109 4097 sit
2132 4041 2429 4097 sententia:
2453 4038 2512 4094 Si
2534 4042 2659 4109 quis
2688 4038 2927 4109 requirat
2952 4038 3378 4093 miscricordiam

1815 4142 1869 4189 et
1896 4134 2175 4188 veritatem
2217 4134 2358 4201 ejus,
2388 4131 2475 4186 hic
2511 4145 2607 4202 per
2638 4130 2850 4184 intinita
2882 4128 3080 4184 saecula
3112 4136 3294 4183 manet
3326 4127 3385 4182 in

1816 4239 2105 4300 conspectu
2138 4227 2251 4283 Dei.

1887 4408 1937 4462 8.
1981 4406 2074 4463 Sic
2099 4406 2359 4476 psalmum
2389 4405 2562 4458 dicam
2592 4404 2787 4458 nomini
2818 4412 2909 4457 tuo
2938 4403 2993 4455 in
3026 4400 3237 4457 stecula.
3271 4397 3380 4467 Sic,

1818 4497 2128 4569 quomodo,
2169 4497 2273 4553 nisi
2321 4495 2591 4551 manendo
2635 4494 2689 4548 in
2724 4502 3017 4563 conspectu
3068 4500 3165 4546 tuo
3204 4492 3260 4547 in
3298 4490 3385 4547 fu-

153 4591 282 4645 λοντι
306 4594 463 4648 αἰῶνι
486 4612 502 4658 ;
533 4594 665 4647 Τότε
691 4595 801 4664 γὰρ
828 4597 926 4665 τῆς
953 4597 1223 4667 μακαρίας
1250 4596 1462 4669 ἐκείνης
1482 4598 1714 4664 στάσεως

1824 4602 1947 4647 turo
1976 4590 2217 4647 saeculo?
2259 4588 2413 4643 Tunc
2453 4588 2598 4643 enim
2647 4586 2803 4642 beata
2845 4585 2935 4639 illa
2978 4583 3260 4639 mansione
3304 4582 3385 4638 di-

153 4685 406 4752 ἀξιωθεὶς,
432 4686 794 4751 ἀδιαλείπτως
805 4688 1108 4758 ἀναπέμψω
1128 4690 1252 4753 τοὺς
1268 4690 1489 4760 ὕμνους.
1505 4690 1708 4755 Οῦτως,

154 4775 239 4826 καὶ
264 4778 361 4832 οὐκ
392 4778 574 4841 ἄλλως
616 4776 907 4848 δοξολογῶν
947 4780 976 4832 ὀ
1015 4779 1316 4850 ἄνθρωπος,
1347 4783 1409 4834 οῦ
1445 4782 1711 4836 παύσεται

155 4869 225 4930 εἰς
252 4869 339 4922 τὸν
379 4871 558 4924 αἰῶνα
597 4870 689 4923 τοῦ
737 4871 1024 4925 ἀποδοῦναι
1070 4872 1259 4943 Κυρίῳ
1301 4875 1396 4935 τὰς
1434 4876 1616 4945 εὐχάς.
1651 4879 1711 4930 Οἱ

156 4962 320 5014 πιστοί
350 4961 459 5033 γὰρ
506 4962 569 5014 οὐ
610 4962 869 5017 παύονται
916 4964 1127 5035 ἡμέραν
1176 4962 1233 5028 ἐξ
1277 4965 1487 5036 ἡμέρας
1530 4970 1711 5021 ἐπιτε-

156 5046 351 5117 λοῦντες
375 5054 445 5109 τὰ
466 5054 591 5109 θεῖα
619 5056 906 5126 μυστήρια.

221 5143 313 5205 Εἰς
338 5142 404 5195 τὸ
430 5145 626 5208 τέλος.
676 5145 747 5197 ’Υ
745 5144 822 5197 πὸ
855 5145 959 5198 τοῦ
1018 5146 1285 5216 Ἰδιθοι“.·μ,
1337 5152 1643 5205 ΨΑΛΜΟΣ

703 5235 781 5302 τῷ
812 5238 1008 5293 Δαυτδ.
1032 5239 1161 5293 ΞΑ’.

768 5331 782 5348 '
794 5332 1099 5398 Υπόθεσις.

170 5412 220 5467 ’0
255 5415 480 5490 ἰδιθοῦμ
512 5413 594 5484 εἷς
617 5414 684 5491 ἦν
717 5421 825 5474 τῶν
865 5423 1207 5493 χοροστατῶν
1247 5424 1354 5477 τῶν
1384 5427 1442 5478 ἐν
1476 5425 1552 5496 τῷ
1584 5428 1712 5498 θείῳ

221 5508 342 5579 ναῷ.
373 5504 544 5576 Οὗτος
570 5515 650 5577 εξς
681 5514 954 5586 ἁμαρτίαν
977 5516 1301 5570 καταπεσὼν
1323 5519 1534 5589 δέχεται
1564 5521 1712 5591 παρὰ

220 5598 307 5651 τοῦ
331 5602 493 5657 Δαυῖδ
507 5604 599 5657 τὸν
620 5604 853 5676 ψαλμὸν,
874 5608 1174 5679 ἀνάκλησιν
1196 5610 1342 5679 αὑτῷ
1364 5614 1710 5684 παρασκευά-

223 5686 369 5750 ζοντα
397 5695 494 5767 τῆς
517 5696 740 5767 ἀρετῆς.
767 5698 1106 5770 Προφητεύει
1135 5702 1190 5755 δὲ
1212 5703 1266 5754 ἐν
1293 5703 1438 5774 αὐτῷ
1476 5705 1567 5757 καὶ
1614 5706 1707 5776 τὴν

228 5862 266 5891 ’³
300 5863 397 5922 lsa.
430 5885 559 5925 LVNI
582 5912 594 5933 .
627 5871 681 5925 9.
758 5873 801 5903 "
832 5872 1015 5930 Matth.
1053 5892 1175 5937 xxv,
1210 5877 1292 5931 34.

1822 4693 2039 4755 gnatus,
2071 4683 2190 4739 sine
2218 4682 2326 4737 fine
2350 4682 2583 4753 hymnos
2620 4679 2885 4734 emittam.
2930 4674 3022 4732 Sic
3048 4686 3102 4732 et
3134 4692 3241 4733 non
3276 4676 3385 4732 alio

1819 4776 2003 4839 modo,
2039 4774 2263 4843 gloriam
2311 4781 2365 4828 et
2403 4772 2589 4827 laudes
2632 4769 2909 4841 proferens
2944 4769 3129 4834 homo,
3172 4784 3280 4824 non
3320 4768 3387 4821 fi-

1820 4884 1942 4923 nem
1971 4867 2132 4923 faciet
2161 4867 2214 4920 in
2248 4864 2505 4921 saeculum
2547 4861 2803 4917 reddendi
2839 4860 3070 4915 Domino
3104 4868 3229 4914 vota
3261 4874 3381 4916 sua.

1819 4962 2030 5017 Fideles
2070 4976 2305 5032 namque
2346 4976 2454 5015 non
2489 4968 2705 5015 cessant
2749 4957 2993 5027 quotidie
3020 4955 3203 5011 divina
3240 4958 3384 5013 cele-

1817 5054 1976 5107 brare
2012 5052 2290 5124 mysteria.

1819 5167 1869 5219 1.
1916 5164 1978 5218 In
2017 5166 2192 5235 ﬁnem.
2236 5165 2312 5218 Ab
2360 5162 2645 5286 limini?!
2665 5158 3007 5217 PSALMUS
3043 5161 3145 5231 ipsi
3184 5159 3374 5216 David.

2395 5329 2794 5398 Argumentum.

1815 5420 2046 5478 Idithum
2091 5438 2232 5477 unus
2246 5431 2365 5477 erat
2387 5437 2455 5477 ex
2480 5421 2631 5475 chori
2651 5421 3083 5478 moderatoribus
3109 5422 3164 5477 in
3193 5422 3380 5479 divino

1891 5515 2115 5585 templo.
2159 5513 2259 5567 Hic
2292 5513 2483 5583 lapsus
2524 5511 2577 5566 in
2617 5521 2896 5582 peccatum
2937 5528 2968 5566 a
3004 5511 3204 5569 Davide
3235 5514 3380 5584 psal~

1890 5624 2037 5663 mum
2085 5608 2303 5677 accipit,
2347 5606 2441 5677 qui
2473 5606 2690 5662 virtutis
2727 5605 2828 5675 ipsi
2865 5606 3377 5677 redintegrationem

1888 5710 2054 5770 paret.
2100 5700 2353 5757 Pradicit
2393 5710 2571 5757 autem
2622 5701 2676 5754 in
2719 5716 2782 5755 co
2822 5700 3245 5772 redemptionem
3284 5715 3381 5771 per
