4108 6490
720 451 827 511 275

1559 458 1613 511 S.
1656 456 2025 514 ATHANASII
2054 459 2203 515 OPP.
2246 460 2423 516 PARS
2464 460 2550 517 Ill.
2586 492 2602 502 -
2630 493 2655 502 -
2691 460 3098 517 EXEGETICA.

3842 456 3947 511 276

797 566 1094 621 Salvatoris
1123 566 1482 621 oeconomiam
1520 568 1616 620 toti
1650 568 1834 637 generi
1863 569 2101 625 humano
2136 568 2275 625 futu-

2448 569 2534 623 διά
2560 570 2658 641 τῆς
2685 569 2779 622 τοῦ
2813 571 3061 641 Σωτῆρος
3077 567 3576 639 οίκονομίαςπαντὶ
3596 566 3675 640 τῷ
3712 566 3826 621 τῶν
3858 570 3953 623 ἀν-

797 674 910 712 ram
935 698 951 723 ,
984 658 1431 729 eversionemque
1484 660 1849 728 spiritualium
1891 662 2278 727 inimicorum;

793 749 1338 820 adhortationemque
1371 751 1579 805 inducit
1623 766 1732 821 qua
1777 767 1809 806 a
1849 760 2070 823 peccato
2101 754 2278 807 homi-

789 855 887 895 nes
910 849 1242 908 avertantur,
1290 842 1584 912 subjiciens
1619 858 1683 899 ea
1718 859 1839 911 quae
1881 844 2146 915 judicium
2187 844 2278 899 Dei

786 938 1049 1000 spectant.

787 1018 911 1084 2,3.
943 1018 1128 1073 Nonne
1161 1020 1264 1073 Deo
1298 1020 1530 1090 subjecta
1556 1024 1655 1076 erit
1684 1023 1861 1076 anima
1892 1024 2047 1077 mea?
2078 1022 2283 1079 Etiam—

718 1107 762 1160 si
786 1147 800 1166 .
848 1108 1053 1177 inquit,
1097 1120 1369 1165 commota
1408 1128 1484 1175 es,
1522 1128 1555 1167 o
1588 1114 1769 1168 anima
1804 1129 1943 1178 mea,
1984 1122 2038 1169 et
2072 1131 2102 1169 a
2137 1125 2279 1172 statu

718 1192 930 1248 virtutis
975 1195 1142 1264 lapsa,
1176 1197 1269 1250 sed
1298 1200 1526 1255 Domino
1554 1202 1797 1271 subjecta
1832 1213 1970 1259 esto.
2002 1204 2137 1271 Quia
2168 1207 2282 1276 ipse

718 1284 813 1337 tibi
844 1287 1292 1354 patrocinabitur,
1340 1300 1391 1344 et
1418 1292 1621 1345 salvam
1668 1301 1720 1346 te
1746 1292 1909 1348 faciet
1944 1304 2004 1348 ut
2042 1312 2107 1350 ne
2142 1298 2278 1352 ultra

715 1379 1132 1433 commoveat-is.
1174 1379 1315 1433 Nam
1359 1391 1407 1433 et
1454 1382 1562 1450 ipse
1602 1382 1744 1437 Deus
1787 1402 1949 1440 meus.
1989 1386 2199 1442 Etenim
2228 1398 2281 1444 et

717 1469 831 1538 ipse
872 1470 1097 1525 salutem
1134 1474 1334 1527 tribuet
1381 1475 1543 1544 eiqui
1592 1493 1625 1530 ε
1671 1478 1827 1532 vobis
1868 1479 2030 1534 laesus
2075 1491 2178 1546 est,
2226 1490 2281 1537 et

713 1574 939 1627 prorsus
966 1576 995 1614 a
1021 1571 1195 1616 vestra
1227 1563 1570 1632 improbitate
1603 1567 1873 1622 liberabit.

782 1652 837 1705 4.
881 1651 1160 1722 Quousque
1191 1656 1395 1709 irruitis
1428 1658 1481 1710 in
1510 1658 1812 1713 hominem?
1843 1658 2119 1717 Occlamat
2148 1678 2278 1717 con-

717 1754 795 1798 tra
830 1743 1168 1801 adversarias
1195 1756 1529 1819 potestates:
1579 1751 1707 1820 quia
1752 1751 1805 1805 in
1848 1752 2086 1810 hominis
2118 1768 2277 1810 natu-

712 1852 829 1890 ram
857 1838 921 1892 ad
958 1840 1160 1893 malum
1186 1856 1511 1911 propensam
1536 1844 1771 1909 irruunt,
1797 1861 1918 1915 quae
1941 1862 2003 1902 ea
2040 1849 2276 1904 naturali

2453 660 2682 731 θρὼπων
2708 662 2853 730 γένει
2875 660 3137 730 ἐσομένην
3160 660 3447 733 λύτρωσιν,
3488 662 3581 713 καὶ
3609 658 3719 712 τῶν
3744 659 3951 730 νοητῶν

2451 750 2657 821 ἐχθρῶν
2679 751 2776 821 τὴν
2800 752 3111 821 ἀνατροπήν
3132 768 3146 781 ο
3178 752 3272 803 καὶ
3300 750 3615 821 παραίνεσιν
3636 749 3952 821 ἀποτροπὴν

2451 842 2647 906 κακίας
2699 844 3055 914 περιέχουσαν
3096 845 3209 906 τοῖς
3263 841 3567 912 ἀνθρώποις
3605 842 3838 909 εἰσάγει,
3883 842 3953 894 τά

2450 935 2578 1006 περὶ
2604 934 2704 1004 τῆς
2731 934 2959 1005 κρίσεως
2998 935 3177 997 αὐτοῖς
3203 934 3584 1005 ὑποτιθέμενος
3610 932 3705 986 τοῦ
3728 931 3886 985 Θεοῦ.

2446 1027 2591 1095 Οὐχί
2621 1026 2700 1092 τῷ
2754 1020 2874 1091 Θὲῷ
2906 1026 3345 1095 ὑποταγήσεται
3392 1027 3430 1094 ἠ
3464 1025 3631 1094 ψυχή
3672 1039 3832 1094 μου;
3889 1024 3952 1077 Ei

2381 1119 2475 1171 καὶ
2501 1118 2845 1182 σεσάλευσαι,
2881 1118 3034 1189 φησι,
3058 1112 3102 1171 ὦ
3130 1118 3295 1187 ψυχὴ,
3336 1118 3430 1170 καὶ
3457 1116 3555 1186 τῆς
3590 1118 3714 1169 κατ’
3748 1115 3952 1187 ἀρετὴν

2380 1209 2641 1273 ἐξέπεσας
2683 1210 2949 1272 στάσεως,
2979 1208 3093 1262 ἀλλ’
3135 1208 3435 1278 ὑποτάγηθι
3484 1206 3561 1277 τῷ
3588 1207 3797 1277 Κυρίῳ.
3828 1206 3952 1284 Ὀτι

2380 1301 2443 1372 δὴ
2464 1301 2624 1365 αὑτός
2664 1318 2756 1354 σου
2783 1302 2877 1355 καὶ
2910 1303 3281 1373 ἀντιλήζεται,
3317 1303 3410 1354 καὶ
3438 1300 3600 1353 σώσει
3622 1299 3715 1353 τοῦ
3749 1299 3825 1370 μὴ
3855 1300 3952 1351 ἐπὶ

2381 1393 2562 1445 πλεῖον
2602 1392 2941 1446 σαλεύεσθαι.
2978 1393 3087 1447 Kal
3119 1394 3228 1462 γὰρ
3255 1392 3435 1459 αὐτὸς
3479 1392 3622 1458 Θεός
3660 1409 3803 1460 μου.
3840 1390 3953 1444 Καὶ

2380 1481 2485 1553 γάρ
2526 1482 2687 1545 αὐτὸς
2733 1482 2955 1553 παρέξει
2987 1484 3084 1553 τὴν
3125 1483 3395 1554 σωτηρίαν
3432 1481 3769 1552 ἀδικουμένῳ
3820 1463 3952 1551 παοέ

2379 1572 2553 1643 ὑμῶν,
2590 1574 2685 1626 καὶ
2715 1572 3013 1636 ἀπαλλάξει
3038 1574 3254 1636 πάντως
3277 1572 3428 1643 ὑμῶν
3450 1574 3546 1644 τῆς
3580 1573 3905 1644 μοχθηρίας.

2452 1667 2605 1731 Ἕως
2634 1667 2779 1718 πότε
2815 1666 3150 1720 ἐπιτίθεσθε
3179 1664 3271 1717 ἐπ’
3289 1665 3600 1733 ἄνθρωπον
3618 1681 3637 1727 ;
3658 1663 3778 1716 Τῶν
3810 1665 3957 1717 ἀντι-

2379 1757 2643 1827 κειμένων
2661 1756 2940 1827 δυνάμεων
2969 1756 3208 1827 καταὸοᾷ
3231 1772 3244 1786 ·
3268 1757 3350 1809 ὅτι
3375 1754 3439 1825 δὴ
3458 1753 3744 1824 νενευκυίᾳ
3763 1756 3834 1824 τῇ
3855 1750 3953 1805 τοῦ

2379 1848 2666 1921 ἀνθρώπου
2712 1849 2870 1918 φύσει
2928 1848 3018 1901 ἐπὶ
3072 1847 3141 1900 τὰ
3192 1846 3405 1917 πονηρὰ
3456 1843 3811 1904 ἐπιτίθενται.
3858 1844 3955 1896 καὶ

715 1929 1021 1986 inﬁrmitate
1054 1933 1246 1987 similis
1278 1940 1359 1987 est
1388 1936 1579 2002 parieti
1633 1936 1909 2006 inclinato,
1953 1940 2121 1994 ruina:
2152 1956 2275 2010 pro-

2379 1940 2538 2011 ὁμοίᾳ
2564 1956 2679 2002 πως
2708 1937 2841 2011 οὔσῃ
2868 1938 2955 1991 διά
2975 1937 3070 2007 τὴν
3098 1937 3334 2007 φυσικὴν
3365 1934 3644 1988 ἀσθένειαν
3671 1933 3955 1985 κλίναντι

712 2023 876 2088 xime,
900 2030 949 2075 et
981 2024 1221 2077 maceriis
1249 2025 1503 2094 depulsae.

781 2205 835 2261 5.
888 2205 1249 2263 Verumtamen
1299 2213 1526 2279 pretium
1582 2226 1751 2264 meum
1796 2214 2151 2283 cogitaverunt
2199 2232 2282 2270 re-

710 2299 921 2366 pellere.
949 2299 1146 2354 Parum
1172 2303 1316 2356 enim
1342 2302 1518 2357 abfuit
1544 2304 1675 2374 quin
1701 2304 1816 2374 ipsa
1835 2306 1885 2359 vi
1917 2306 2278 2362 ratiocinandi

712 2403 813 2443 nos
862 2392 1119 2458 privarint
1145 2434 1159 2455 ,
1203 2404 1459 2466 cogentes
1506 2396 1733 2452 adorare
1775 2398 1918 2467 ligna
1958 2408 2012 2452 et
2049 2400 2277 2469 lapides,

712 2490 773 2535 ut
807 2481 1080 2539 diceretur
1112 2486 1178 2541 de
1223 2487 1378 2542 nobis
1412 2506 1425 2541 :
1463 2488 1633 2541 Homo
1672 2504 1791 2542 cum
1834 2492 1890 2543 in
1918 2490 2109 2544 honore
2147 2502 2277 2547 esset

709 2591 810 2628 non
840 2576 1100 2631 intellexit
1119 2578 1187 2630 “.
1237 2577 1598 2633 Cucurrerunt
1626 2580 1681 2633 in
1710 2582 1819 2634 siti.
1854 2579 2029 2647 Hunc,
2063 2582 2274 2652 inquit,

708 2682 930 2722 cursum
963 2683 1197 2723 emensae
1243 2680 1369 2725 sunt
1401 2672 1725 2726 adversaria:
1758 2682 2046 2743 potestates
2067 2716 2082 2739 ,
2122 2676 2276 2744 quasi

709 2760 956 2815 sitientes
989 2769 1047 2814 ut
1073 2777 1158 2816 me
1186 2764 1459 2831 privarent
1490 2765 1811 2819 honoribus.
1848 2764 1951 2819 Ore
1990 2782 2085 2818 suo
2122 2768 2275 2820 bene-

709 2851 948 2904 dicebant
994 2862 1045 2905 et
1094 2855 1248 2907 corde
1296 2869 1390 2905 suo
1435 2854 1835 2907 maledicebant.
1874 2852 1988 2907 Hoc
2030 2855 2107 2907 ait
2149 2855 2276 2923 quia

708 2944 886 2999 dulcia
912 2956 963 2999 et
987 2954 1135 3016 grata
1166 2946 1320 2999 nobis
1344 2944 1718 3014 subjicientes,
1754 2960 1848 3015 per
1876 2961 1939 3000 ea
1977 2962 2076 3001 nos
2110 2947 2276 3001 male-

708 3036 963 3091 dictionis
998 3038 1137 3092 lilios
1172 3036 1427 3091 eiliciuut.

782 3127 833 3190 7,
866 3126 919 3179 8.
977 3125 1337 3180 Verumtamen
1373 3126 1481 3181 Deo
1503 3126 1733 3197 subjecta
1768 3138 1900 3195 esto,
1928 3130 2104 3182 anima
2138 3146 2273 3183 mea.

2382 2032 2560 2099 τοίχῳ
2575 2031 2669 2083 καὶ
2694 2030 3080 2082 καταπίπτειν
3096 2027 3402 2097 μέλλοντι,
3423 2024 3519 2079 καί
3540 2021 3790 2094 φραγμῷ
3814 2023 3956 2077 ἀναν

2384 2138 2443 2174 τε
2450 2121 2767 2196 τραιέμένῳ.

2452 2212 2624 2281 Πλὴν
2646 2213 2759 2282 τὴν
2782 2213 2959 2283 τιμήν
2968 2232 3086 2283 μου
3106 2211 3546 2266 ἐϐουλεύσαντο
3565 2206 3950 2263 ἀπώσασθαι.

2381 2302 2556 2355 Μόνον
2587 2304 2708 2372 οὐχὶ
2724 2302 2829 2373 γάρ
2848 2302 2941 2355 καὶ
2974 2299 3246 2354 αὐτοῦτοῦ
3281 2297 3500 2367 λογικοῦ
3540 2298 3688 2367 ἡμᾶς
3718 2296 3954 2350 ἀπεστέ-

2385 2411 2572 2464 ρησαν,
2627 2392 2756 2457 ξύλα
2806 2395 2898 2446 καὶ
2944 2392 3121 2454 λίθους
3160 2392 3565 2459 ἀναγκάσαντες
3595 2389 3949 2459 προσκυνεῖν,

2380 2486 2455 2548 ὡς
2476 2487 2569 2537 καὶ
2587 2485 2837 2554 λέγεσθαι
2868 2486 2995 2554 περὶ
3029 2482 3205 2555 ἡμῶν,
3233 2483 3313 2535 ὅτι
3354 2484 3687 2551 Ἀνθρωπος
3716 2482 3790 2534 ἐν
3808 2478 3953 2549 τιμῇ

2377 2576 2462 2629 ὢν
2486 2578 2556 2630 οὺ
2581 2575 2871 2645 συνῆκεν.
2910 2575 3208 2644 Ἕδραμον
3232 2576 3303 2629 ἐν
3323 2573 3504 2643 δίψει.
3536 2571 3758 2637 Τοῦτον,
3790 2572 3949 2641 φησι,

2377 2670 2466 2722 τὸν
2493 2669 2689 2741 δρόμον
2714 2670 2931 2741 ἔτρεχον
2961 2669 3016 2721 αἱ
3052 2667 3423 2736 ἀντικείμεναι
3465 2664 3747 2734 δυνάμεις,
3782 2662 3953 2732 διιιιαῶ-

2381 2778 2468 2813 σαι
2497 2759 2591 2813 τοῦ
2622 2760 2993 2831 ἀποστερῆσαί
3031 2776 3097 2829 με
3127 2759 3224 2828 τῆς
3246 2758 3428 2828 τιμῆς.
3454 2755 3538 2821 Τῷ
3563 2756 3817 2825 στόματι
3844 2756 3951 2810 αὐ⁴

2377 2852 2494 2904 τῶν
2513 2852 2837 2921 ηὐλόγουν,
2860 2852 2959 2905 καὶ
2994 2850 3065 2920 τῇ
3092 2850 3303 2919 καρδίᾳ
3339 2847 3537 2903 αὐτῶν
3577 2846 3947 2917 κατηρῶντο.

2378 2944 2546 2998 Τοῦτό
2579 2961 2762 3015 φησιν,
2789 2944 2999 3014 ἐπειδὴ,
3034 2942 3102 2995 τά
3133 2942 3262 3013 ἡδέα
3286 2943 3415 3011 ἡμῖν
3437 2939 3857 3003 ὑποϐάλλοντες,
3881 2935 3951 2991 δι’

2376 3037 2553 3092 αὐτῶν
2582 3039 2825 3108 κατάρας
2856 3038 3003 3106 ἡμᾶς
3034 3034 3392 3102 ἀποφαίνουσι
3420 3034 3604 3086 τέκνα.

2446 3126 2618 3195 Πλὴν
2643 3126 2722 3192 τῷ
2760 3125 2880 3191 Θεῷ
2918 3125 3265 3194 ὐποτάγηθι,
3307 3123 3344 3188 ή
3370 3120 3538 3190 ψυχή
3585 3137 3727 3189 μου.
3776 3117 3955 3172 Πάλιν

706 3218 947 3270 Rursum
980 3218 1217 3272 animam
1262 3218 1577 3287 alloquitur,
1619 3220 1686 3273 ad
1713 3219 2106 3288 subiectionem
2146 3235 2272 3290 erga

2378 3222 2440 3290 τῇ
2471 3219 2614 3291 ψυχῇ
2646 3218 2984 3285 διαλέγεται,
3014 3218 3112 3288 τὴν
3138 3216 3412 3285 ὑποταγὴν
3469 3213 3638 3283 αὐτῆς
3671 3211 3769 3283 τὴν
3811 3211 3953 3282 πρὸς

711 3309 879 3365 Deum
934 3312 1249 3366 cohortans.
1299 3308 1546 3364 Declarat
1592 3321 1773 3364 autem
1848 3310 2273 3381 magnitudinem

2378 3282 2465 3364 τδν
2658 3282 2975 3363 ἐπιτείνων.
3002 3282 3437 3361 Ἐνδείκνυταινδὲ
3464 3304 3527 3357 τὸ
3566 3282 3797 3373 μέγεθος
3839 3302 3952 3356 τῶν

708 3401 1093 3467 tentationum,
1121 3400 1362 3471 illudque
1394 3400 1636 3470 Apostoli
1668 3401 1802 3455 ait"
1834 3422 1844 3455 :
1872 3399 2135 3466 Quoniam
2174 3418 2275 3456 non

2378 3401 2717 3473 πειρασμῶν,
2760 3400 2853 3453 καὶ
2874 3398 2934 3451 τὸ
2959 3397 3052 3452 τοῦ
3097 3396 3416 3449 ’Λποστόλου
3438 3394 3584 3462 λέγει
3605 3410 3619 3424 ο
3677 3394 3799 3445 Ὅτι
3839 3394 3952 3446 οὐκ

708 3493 843 3546 sinet
882 3507 970 3545 vos
1012 3493 1206 3545 tentari
1251 3508 1405 3560 super
1451 3492 1506 3544 id
1547 3493 1686 3561 quod
1729 3493 1946 3559 potestis
1993 3493 2273 3548 sustinere.

2378 3494 2542 3548 ἐάσει
2570 3492 2723 3563 ὑμᾶς
2750 3489 3144 3559 πειρασθῆναι
3163 3487 3313 3556 ὑπὲρ
3339 3486 3371 3540 ὃ
3395 3487 3658 3541 δύνασθε
3688 3486 3951 3553 onerar-

709 3581 777 3638 1η
820 3582 929 3638 Deo
960 3583 1194 3637 salutare
1240 3599 1411 3635 meum
1453 3593 1501 3635 et
1553 3582 1722 3651 gloria
1762 3597 1898 3637 mea.
1943 3581 1997 3635 ln
2030 3597 2095 3637 eo
2126 3597 2274 3651 spem

2378 3586 2524 3639 κεῖν.
2570 3584 2701 3638 Ἐπὶ
2747 3582 2827 3649 τῷ
2851 3580 2971 3647 Θεῷ
3001 3581 3067 3635 τὸ
3095 3579 3389 3649 σωτήριόν
3427 3596 3547 3648 μου
3589 3577 3686 3631 καὶ
3724 3579 3763 3644 ἠ
3798 3574 3951 3640 δόξα

709 3677 903 3731 salutis
928 3686 982 3730 et
1003 3677 1186 3746 gloriae
1218 3673 1447 3743 positam
1480 3674 1669 3727 habeo.
1704 3673 1759 3727 ω
1786 3682 1867 3727 est
1901 3714 1917 3739 ,
1956 3673 2070 3743 ipse
2100 3689 2185 3727 me
2223 3682 2275 3728 et

2378 3696 2509 3747 μου.
2557 3677 2678 3730 Ἐπὶ
2728 3674 2874 3746 αὐτῷ
2911 3674 3010 3744 τῆς
3043 3673 3316 3743 σωτηρίας
3357 3671 3451 3723 καὶ
3496 3669 3595 3737 τῆς
3649 3665 3811 3737 δόξης
3844 3665 3951 3736 ἔχω

708 3768 952 3833 salvum,
1010 3777 1064 3823 et
1126 3766 1420 3838 gloriosum
1486 3765 1852 3835 victoremque
1906 3778 2095 3819 eorum
2165 3763 2275 3819 eiii-

2378 3768 2472 3837 τὴν
2494 3766 2700 3819 ἐλπίδα.
2732 3764 3040 3828 Τουτέστιν,
3084 3762 3245 3822 αὑτός
3283 3776 3349 3829 με
3380 3757 3472 3810 καὶ
3511 3755 3811 3827 περισώσει
3854 3754 3951 3809 καὶ

706 3862 833 3918 ciet.

779 3952 1178 4025 [Verumtamen
1229 3952 1331 4006 Deo
1375 3952 1603 4020 subjecta
1641 3961 1772 4013 esto,
1800 3952 1978 4003 anima
2001 3968 2131 4005 mea.
2170 3950 2274 4005 Pa-

707 4060 827 4098 rum
860 4042 1012 4097 abest
1040 4043 1170 4113 quin
1202 4058 1301 4097 nos
1333 4041 1691 4097 ratiocinandi
1722 4058 1820 4095 usu
1847 4042 2128 4110 privarint,
2150 4057 2273 4096 cum

707 4136 1083 4191 necessitatem
1135 4135 1292 4189 nobis
1344 4134 1682 4188 induxerunt
1728 4133 1986 4187 adorandi
2031 4132 2175 4202 ligna
2222 4147 2276 4188 et

706 4228 935 4299 lapides,
979 4228 1049 4281 ita
1082 4237 1139 4280 ut
1160 4228 1227 4281 de
1272 4228 1428 4280 nobis
1458 4226 1670 4279 dicatur
1698 4242 1710 4277 :
1751 4223 1921 4276 Ilemo
1946 4240 2063 4277 cum
2091 4226 2145 4277 in
2180 4224 2275 4277 ho-

708 4337 834 4374 nore
859 4330 991 4374 esset
1031 4336 1131 4372 non
1163 4318 1441 4372 intellexit.
1492 4317 1596 4371 Sed
1634 4316 1709 4370 illi
1741 4315 1983 4385 quidem,
2026 4332 2057 4370 ο
2092 4315 2271 4369 anima

709 4425 827 4465 mea
848 4452 863 4477 ,
899 4410 1208 4480 bujusmodi
1240 4419 1367 4465 sunt
1395 4428 1408 4463 :
1437 4418 1490 4464 tu
1522 4418 1703 4463 autem
1741 4408 1975 4475 subjecta
2007 4417 2116 4461 esto
2160 4422 2273 4461 ser-

709 4503 866 4561 vituti
892 4501 1031 4572 ejus.
1061 4500 1264 4556 Deinde
1290 4500 1453 4555 infert
1480 4518 1493 4553 :
1520 4498 1759 4568 ldipsum
1789 4499 1857 4553 ab
1893 4498 1983 4552 illo
2008 4512 2094 4551 me
2113 4512 2273 4566 spero

2377 3858 2616 3922 ἐπίδοξον
2641 3860 2876 3927 ποιήσει,
2908 3853 3133 3922 νικητὴν
3160 3848 3361 3903 τούτων
3384 3847 3781 3918 ἐργασάμενος.

2448 3966 2657 4041 [Πλὴν
2674 3966 2753 4031 τῷ
2779 3964 2899 4029 Θεῷ
2930 3962 3277 4044 ὐποτάτηθι,
3308 3960 3349 4027 ἠ
3381 3958 3549 4029 ψυχή
3567 3975 3706 4028 μου.
3744 3959 3949 4012 Μονον-

2376 4063 2496 4131 ουχὶ
2549 4060 2658 4129 γὰρ
2686 4060 2779 4111 καὶ
2808 4055 2972 4111 αὑτοῦ
3002 4054 3093 4108 τοῦ
3121 4051 3337 4122 λογικοῦ
3368 4053 3511 4123 ἡμᾶς
3541 4050 3947 4122 ἀπεστέρησαν,

2376 4154 2511 4221 ξύλα
2538 4151 2631 4205 καὶ
2662 4148 2839 4212 λίθους
2893 4146 3299 4215 ἀναγκάσαντες
3328 4143 3651 4212 προσκυνεῖν
3675 4179 3690 4204 ,
3739 4140 3819 4202 ὡς
3857 4138 3950 4192 καὶ

2374 4244 2628 4314 λέγεσθαι
2675 4242 2802 4311 περὶ
2859 4238 3047 4309 ἡμῶν
3079 4238 3410 4303 Ἀνθρωπος
3438 4232 3509 4286 ἐν
3556 4230 3695 4301 τιμῇ
3745 4229 3835 4283 ὢν
3870 4231 3948 4304 ,οὐ

2375 4337 2669 4405 συνῆκεν.
2712 4334 2847 4386 Ἀλλ’
2872 4333 3066 4384 ἐκεῖνοι
3096 4330 3214 4399 μὲν,
3244 4320 3288 4378 ὧ
3309 4327 3474 4397 ψυχὴ,
3502 4322 3763 4377 τοιοῦτον
3803 4324 3868 4375 σὺ
3894 4322 3947 4375 δὲ

2374 4427 2702 4495 ὐποτάγηθι
2756 4426 2853 4495 τῆς
2911 4422 3151 4483 δουλείας
3206 4418 3389 4471 αὑτοῦ.
3450 4412 3578 4469 Εἶτα
3610 4414 3833 4483 ἐπάγει,
3868 4415 3947 4467 ὅτι

2376 4523 2515 4585 Ait-ub
2544 4520 2702 4574 τοῦτο
2735 4518 2862 4587 παρ’
2896 4514 3057 4571 αὑτοῦ
3082 4510 3307 4577 ἐλπίζω,
3351 4511 3408 4563 τὸ
3440 4509 3709 4579 σωτηρίας
3735 4510 3945 4577 τυχεῖν.

709 4602 1080 4664 accepturum,
1113 4591 1362 4646 videlicet
1397 4590 1625 4645 salutem
1658 4604 1742 4643 me
1771 4590 1941 4659 ipsius
1971 4587 2273 4657 patrocinio

2378 4611 2926 4682 ἀντιλαμϐανομένου,
2952 4609 3045 4661 καὶ
3074 4606 3148 4677 μὴ
3169 4601 3570 4675 συγχωροῦντος
3599 4599 3946 4670 μετανάστην

708 4694 1170 4750 consecuturum;
1226 4700 1403 4754 neque
1440 4683 1587 4738 enim
1620 4683 1763 4737 sinet
1812 4698 1897 4737 ine
1942 4682 2270 4736 desertorem

707 4795 772 4834 ac
800 4776 1137 4847 transfugam
1162 4776 1230 4830 ab
1256 4776 1375 4845 ipso
1403 4790 1546 4837 esse.
1578 4775 1694 4829 sive
1720 4775 1772 4829 iu
1804 4773 1949 4827 aliud
1972 4773 2274 4827 dominium

709 4869 1020 4927 transferri.
1043 4868 1170 4924 inde
1197 4868 1398 4939 quippe
1433 4868 1662 4923 salutem
1696 4874 1953 4935 exspecto
1980 4864 2273 4919 auxilium-

708 4978 815 5033 que
850 4962 1042 5032 ipsius,
1074 4965 1202 5032 quia
1230 4962 1285 5015 iu
1314 4975 1379 5015 eo
1413 4975 1561 5029 spem
1597 4959 1815 5027 reposui
1852 4956 2077 5027 meam]

781 5052 836 5107 9.
878 5050 1095 5120 Sperate
1143 5052 1199 5103 in
1248 5066 1305 5102 eo
1351 5051 1517 5103 omnis
1569 5048 1899 5118 congregatio
1942 5044 2269 5115 populorum.

710 5142 1005 5211 Postquam
1034 5142 1088 5195 iu
1123 5142 1241 5211 ipso
1282 5141 1460 5210 primo
1492 5153 1715 5194 cursum
1758 5146 2040 5207 paraverat
2069 5136 2133 5190 ad
2162 5152 2275 5206 pa:-

710 5234 1017 5297 nitentiam,
1053 5232 1119 5286 ad
1149 5232 1380 5301 idipsum
1417 5231 1555 5285 alios
1594 5230 1934 5292 cohortatur,
1970 5238 2130 5297 atque
2170 5242 2275 5281 uua

711 5324 1025 5394 prOpIietico
1065 5339 1160 5378 ore
1205 5325 1447 5377 omnium
1496 5322 1733 5389 gentium
1768 5320 2109 5375 vocationem
2150 5335 2277 5389 pra:-

711 5421 941 5475 uuntiat.
994 5416 1265 5487 E/I'undite
1296 5434 1475 5471 coram
1508 5416 1602 5470 illo
1637 5417 1799 5469 corda
1831 5427 2019 5469 vestra.
2047 5415 2277 5470 Perinde

708 5523 787 5566 est
821 5526 883 5565 ac
910 5512 953 5565 si
979 5513 1177 5565 diceret
1205 5529 1217 5564 :
1252 5508 1327 5563 Ne
1350 5507 1587 5564 accedite
1616 5507 1681 5560 ad
1709 5522 1833 5560 eum
1855 5506 2017 5559 corde
2047 5507 2268 5573 duplici.

712 5601 814 5656 Sed
866 5611 922 5654 ut
968 5601 1227 5667 scriptum
1271 5599 1413 5653 est”
1460 5617 1471 5650 :
1522 5595 1720 5664 Diliges
1772 5593 2055 5646 Dominum
2104 5592 2272 5646 Deum

711 5705 858 5749 tuum
890 5708 955 5746 ea:
984 5702 1089 5744 toto
1117 5692 1269 5744 corde
1301 5701 1389 5743 tuo
1416 5697 1466 5742 et
1489 5703 1552 5741 ετ
1580 5695 1691 5739 tota
1719 5694 1884 5739 mente
1914 5694 2026 5737 tua.

2374 4701 2626 4772 γενέσθαι
2658 4700 2750 4753 καὶ
2773 4698 2986 4768 φυγάδα
3014 4697 3106 4749 ἀπ’
3134 4695 3319 4757 αὑτοῦ,
3343 4694 3459 4764 ἤτοι
3491 4688 3811 4743 δεσποτείαν
3835 4686 3948 4740 ἑτέ-

2376 4813 2475 4867 ραν
2505 4792 2855 4859 ἀλλάξασθαι.
2898 4789 3139 4843 Ἐκεῖθεν
3160 4789 3267 4859 γὰρ
3313 4782 3593 4858 προσδοκῶ
3628 4782 3722 4835 καὶ
3778 4780 3947 4846 σώζε-

2377 4886 2520 4953 σθαι,
2556 4884 2650 4938 καὶ
2682 4884 2742 4936 τὸ
2773 4880 3102 4952 βοηθεῖσθαι,
3139 4882 3201 4932 ὲκ
3225 4877 3319 4931 τοῦ
3345 4876 3431 4929 ἐπ’
3456 4874 3617 4929 αὐτὸν
3639 4867 3943 4941 ﬂuitem]

2456 5046 2778 5101 Ἐλπισατε
2804 5040 2897 5093 ἐπ’
2930 5039 3117 5095 αὐτὸν
3136 5078 3152 5103 ,
3194 5034 3361 5090 πᾶσα
3404 5027 3723 5099 συναγωγὴ
3751 5025 3942 5083 λαῶν.

2387 5138 2475 5189 Ἐν
2510 5135 2657 5204 αὑτῷ
2690 5130 2890 5203 πρώτῳ
2919 5124 3342 5199 παρασκευάσας
3394 5122 3486 5175 τὸν
3527 5120 3627 5182 είς·
3654 5115 3945 5189 μετάνοιαν

2372 5228 2589 5298 δρόμον,
2617 5225 2711 5279 καὶ
2738 5224 2863 5286 τοὺς
2886 5222 3074 5285 ἄλλους
3103 5223 3181 5282 εἰς
3207 5218 3363 5271 τοῦτο
3384 5211 3707 5287 παρακαλεῖ,
3744 5211 3867 5281 ἅμα
3891 5210 3946 5263 δὲ

2376 5321 2467 5372 καὶ
2502 5316 2980 5388 πῳφητικὼτερον
3015 5313 3111 5383 τὴν
3139 5310 3245 5365 τῶν
3264 5308 3433 5363 ἐθνῶν
3460 5307 3673 5360 πάντων
3709 5319 3944 5373 προανα-

2378 5410 2547 5478 φωνεῖ
2571 5407 2781 5476 κλῆσιν.
2827 5405 3104 5475 ἐκχέιιτε
3145 5401 3400 5455 iii-dimov
3440 5395 3626 5451 αὐτοῦ
3656 5396 3762 5459 τὰς
3814 5411 3947 5461 καρ-

2377 5500 2508 5564 δίας
2546 5498 2733 5568 ὑμῶν.
2787 5498 3009 5566 Ὅμοιον
3064 5496 3195 5548 ὡσεὶ
3245 5494 3425 5562 λέγοι·
3476 5488 3567 5560 Μὴ
3614 5487 3943 5559 προσέλθτττε

2378 5591 2525 5662 αὐτῷ
2551 5594 2607 5644 ὲν
2636 5589 2832 5661 καρδίᾳ
2856 5589 3013 5659 δισσῇ
3034 5607 3047 5619 ’
3075 5588 3189 5641 ἀλλ’
3218 5586 3293 5649 ὡς
3327 5584 3662 5656 γέγραπται’
3709 5582 3944 5646 Ἀττικη·

2378 5699 2507 5750 σεις
2542 5684 2760 5750 Κύριον
2785 5680 2890 5734 τὸν
2938 5682 3087 5734 Θεόνι
3112 5696 3228 5733 σου
3258 5677 3327 5740 ἐξ
3354 5674 3502 5741 ὅλης
3540 5670 3647 5738 τῆς
3701 5672 3939 5738 καρδίας

2382 5792 2519 5841 σου,
2559 5772 2655 5828 καὶ
2688 5774 2754 5839 ἐξ
2783 5772 2929 5839 ὅλης
2956 5772 3060 5840 τῆς
3087 5770 3351 5836 διανοίας
3389 5781 3525 5820 σου.

778 5897 821 5929 π
852 5897 994 5952 Psal.
1032 5910 1217 5963 xu‘ttt,
1250 5897 1335 5952 21.
1415 5897 1455 5926 ³⁷
1490 5894 1506 5947 1
1537 5894 1657 5950 Cor.
1697 5912 1748 5959 λ,
1790 5894 1869 5947 i3.
1951 5892 1992 5924 ³⁸
2020 5891 2208 5949 Matth.
2248 5909 2384 5956 nn,
2422 5890 2507 5946 37.
