4108 6486
146 436 240 492 271

1260 425 1624 485 EXPOSI'I‘IO
1660 425 1727 481 IN
1765 419 2098 481 PSALMUM
2144 417 2305 475 LXII.

3281 407 3389 464 278

212 555 380 627 Πλὴν
397 554 646 626 μάταιοι
670 556 725 609 οι
748 552 862 609 υἱοί
892 550 1010 606 τῶν
1035 548 1378 621 ἀνθρώπων.
1408 548 1599 613 Εἰδὼς,
1633 550 1715 603 ὅτι

1890 546 1988 610 10,
2042 543 2131 599 il.
2185 540 2549 597 Verumtamen
2596 535 2712 591 vani
2773 532 2874 603 ﬁlii
2925 530 3226 593 hominum,
3280 538 3389 584 etc.

149 650 339 715 πάντες
373 645 625 713 δέξονται
655 646 755 720 τὴν
782 644 869 699 διὰ
896 643 991 698 τοῦ
1025 643 1356 713 Εὑαγγελίου
1384 642 1599 713 κλῆσιν,
1621 658 1718 696 τα-

150 740 342 808 λανίζει
377 741 513 805 τοὺς
547 740 626 812 μὴ
650 738 1027 801 πιστεύοντας,
1060 736 1155 790 καὶ
1181 735 1417 806 μάλιστα
1459 735 1587 799 τοὺς
1610 733 1720 787 τῶν

161 832 424 888 Ἰουδαίων
448 832 797 903 καθηγητὰς,
819 830 869 884 οἳ
894 829 990 884 καὶ
1009 827 1223 898 ψευδεῖς
1239 824 1401 899 ἦσαν,
1419 827 1513 882 ἀτε
1538 826 1600 898 δὴ
1623 826 1720 898 τὴν

152 924 398 998 ἀληθειαν
428 923 843 994 ἀπωθούμενον
875 922 971 977 καὶ
989 921 1049 974 οὑ
1087 920 1247 993 μόνον
1277 919 1426 992 ζυγῷ
1451 920 1546 975 καὶ
1589 934 1722 973 στα-

151 1018 299 1090 θμοῖς
331 1016 435 1089 τὴν
477 1016 698 1071 ἀδικίαν
737 1014 1079 1086 ἐπετήδευον,
1108 1012 1244 1067 ἀλλά
1289 1013 1383 1065 καὶ
1431 1012 1723 1084 συνήγοντο

151 1110 238 1163 ἐπὶ
256 1108 608 1180 ματαιότητι.
642 1108 885 1171 Μάταιος
910 1104 1020 1178 γὰρ
1055 1104 1272 1177 ἀληθῶς
1316 1105 1350 1174 η
1381 1103 1509 1176 παρ’
1543 1099 1723 1156 αὐτῶν

152 1198 284 1253 κατά
310 1199 408 1254 τοῦ
431 1201 693 1273 Σωτῆρος
720 1198 998 1271 ἐπιϐουλή.
1023 1196 1121 1265 Μὴ
1161 1195 1428 1256 ἐλπίζετε
1477 1194 1570 1248 ἐπ’
1600 1192 1726 1247 ἀδι-

152 1290 283 1344 κίαν
310 1290 413 1346 καὶ
441 1290 549 1346 ἐπὶ
576 1290 855 1360 ἅρπαγμα
867 1288 954 1359 μὴ
973 1288 1323 1343 ἐπιποθεῖτε.
1384 1284 1554 1339 Τοῦτό
1592 1302 1726 1357 φησι

150 1382 281 1453 πρὸς
308 1382 532 1448 αὐτοὺς,
560 1383 747 1454 ἐπειδὴ
770 1380 1082 1447 πλεονεξίας
1102 1382 1288 1435 ἕνεκεν
1327 1378 1725 1431 ἐπεϐούλευσαν

153 1473 312 1544 αύτῷ,
341 1474 664 1540 ἐλπίζοντες
682 1474 782 1539 τὰς
802 1476 866 1528 ἐκ
888 1474 983 1528 τοῦ
1005 1472 1169 1543 νόμου
1192 1470 1569 1543 καρποφορίας
1590 1473 1725 1541 παρ’

154 1564 324 1621 αὑτῶν
346 1567 414 1621 λα
421 1567 602 1638 μϐἀνε
610 1584 678 1622 ιν.

219 1657 404 1724 Ἀπαξ
434 1659 752 1729 ἐλάλησεν
782 1661 817 1715 ό
850 1658 1016 1726 Θεὸς,
1057 1657 1169 1713 δύο
1212 1656 1399 1714 ταῦτα
1450 1656 1722 1727 ἤκουσα·

156 1747 237 1802 ὅτι
253 1747 319 1802 τὸ
346 1750 575 1820 κράτος
598 1752 705 1808 τοῦ
739 1751 908 1808 Θεοῦ.
957 1750 1321 1823 Ἀπεφήνατο,
1368 1750 1524 1822 φησι,
1571 1748 1727 1819 λόγον

152 1838 276 1912 περὶ
296 1841 397 1913 τῆς
421 1842 667 1915 κρίσεως
684 1845 712 1897 ὁ
733 1841 886 1908 Θεὸς,
909 1842 978 1896 δι’
1000 1835 1063 1897 οὗ
1080 1840 1253 1897 ταῦτα
1274 1841 1344 1894 τὰ
1371 1839 1465 1894 δύο
1488 1841 1724 1913 ἀκήκοασ

1823 640 2039 697 Gnarus
2083 652 2276 691 omxtes
2322 630 2598 702 Evangelii
2659 626 2996 683 vocationem
3051 631 3391 692 accepturos.

1823 728 2068 785 infelices
2118 724 2379 796 przedicat
2424 736 2522 776 eos
2589 718 2685 789 qui
2735 732 2845 771 non
2909 712 3173 770 credituri
3234 718 3393 773 sunt,

1823 821 2060 877 maxime
2093 833 2219 872 vero
2248 815 2561 871 Judaeorum
2608 809 2922 882 magistros,
2956 806 3051 876 qui
3084 813 3139 859 et
3171 802 3398 857 menda-

1823 930 1916 971 ces
1947 920 2124 975 erant,
2153 919 2340 979 utpote
2375 907 2467 977 qui
2501 922 2532 961 a
2564 905 2790 960 veritate
2820 898 3024 971 repulsi
3053 898 3306 953 fuissent.
3330 892 3398 947 Et

1825 1022 1934 1062 non
1964 1005 2124 1059 mmlu
2164 1000 2469 1058 bilaneibus
2501 1007 2554 1053 et
2586 996 2806 1051 stateris
2828 991 3149 1063 injustitiam
3173 1000 3397 1044 excree-

1827 1096 1978 1161 bant,
2000 1095 2094 1150 sed
2127 1092 2294 1148 etiam
2317 1106 2415 1161 pro
2444 1088 2682 1143 vanitate
2713 1083 3204 1155 congregabantur.
3231 1075 3397 1132 Vame

1825 1184 2026 1257 quippe
2062 1183 2283 1239 fuerunt
2327 1195 2520 1237 eorum
2564 1179 2827 1233 adversus
2878 1174 3210 1228 Salvatorem
3260 1169 3395 1224 insi-

1825 1278 1950 1334 dia.
1986 1274 2169 1330 Nolite
2191 1288 2403 1344 sperare
2450 1272 2505 1325 in
2538 1268 2849 1340 iniquitate,
2876 1275 2926 1320 et
2963 1264 3206 1333 rapinam
3235 1258 3397 1312 nolite

1827 1368 2209 1439 concupiscere.
2250 1362 2365 1418 lloc
2413 1362 2490 1417 ait
2537 1359 2647 1415 illis
2674 1357 2802 1428 quia
2830 1355 3072 1410 avaritia:
3114 1364 3279 1406 causa
3316 1347 3399 1401 iu-

1828 1460 2007 1518 sidiati
2035 1470 2164 1516 sunt
2186 1458 2284 1525 illi,
2314 1463 2597 1528 sperantes
2624 1452 2759 1520 legis
2782 1468 2839 1506 se
2869 1448 3107 1504 fructum
3139 1451 3397 1513 accepta-

1828 1551 2201 1696 ὀἷῖδξξξιει
2231 1640 2436 1694 locutus
2462 1647 2537 1693 est
2564 1636 2726 1700 Deus,
2769 1635 2874 1687 duo
2902 1632 3013 1687 lico
3035 1627 3214 1683 audivi
3231 1643 3248 1681 :
3271 1624 3399 1695 quin

1828 1744 2056 1799 potestas
2095 1733 2195 1789 Dei
2233 1744 2336 1801 est,
2375 1741 2482 1788 etc.
2527 1729 2694 1793 Deus,
2733 1725 2932 1796 inquit,
2957 1718 3258 1778 declaravit
3281 1730 3399 1771 ser-

1828 1843 2046 1884 monem
2082 1826 2149 1883 de
2172 1827 2410 1898 judicio,
2442 1840 2509 1879 ex
2538 1837 2650 1893 quo
2684 1821 2799 1875 lucc
2828 1818 2938 1871 duo
2966 1810 3150 1868 audivi
3180 1828 3197 1866 :
3230 1823 3401 1863 unum

155 1900 476 2003 ἔν’μὲνῖὃτί
505 1938 624 2000 τοῖς
647 1900 766 2008 ⁷μὲν
808 1900 1077 2007 δεηθεῖσιν
1128 1934 1299 2007 ὀργῆς
1346 1933 1437 1988 διὰ
1471 1900 1596 2006 τὴν.
1619 1933 1727 1988 τῶν

1841 1919 2068 1992 quidem,
2090 1920 2237 1989 quod
2267 1919 2334 1974 iis
2355 1917 2446 1987 qui
2474 1932 2571 1987 per
2597 1922 2941 1984 peccatorum
2970 1900 3399 1976 magnitudinem

154 2025 567 2098 ἁμαρτημάτων
606 2027 909 2100 ὑπερϐολὴν
959 2026 1129 2100 ὀργὴν
1172 2024 1475 2081 ἀποδώσει·
1514 2027 1629 2091 τοῖς
1671 2025 1729 2079 δὲ

154 2114 270 2180 ἀξια
296 2119 663 2190 πεποιηκόσιν
697 2118 872 2186 ἐλέου,
896 2119 1159 2191 ἀπονέμοι
1176 2117 1344 2172 ἔλεον.
1363 2117 1437 2171 Τὸ
1458 2117 1569 2190 γὰρ
1588 2115 1729 2186 κρά-

154 2223 247 2272 τος
266 2208 365 2281 τὴν
392 2209 571 2282 ὀργὴν
600 2209 983 2283 ὑποσημαίνει,
1013 2210 1109 2265 καὶ
1140 2209 1239 2280 τὴν
1277 2208 1579 2279 ἀποτομίαν
1628 2207 1730 2279 τὴν

157 2299 291 2354 κατὰ
312 2300 423 2356 τῶν
460 2303 635 2371 ἀξίων
666 2303 837 2374 αὑτῆς
866 2302 1186 2375 γενομένην.

191 2432 270 2501 Τῷ
297 2437 481 2493 Δαυῒὸ
523 2439 595 2493 ἐε·
630 2438 711 2506 τῷ
739 2436 891 2495 εἶναι
921 2441 1110 2495 αὑτὸν
1129 2440 1200 2496 ἐν
1228 2438 1303 2507 τῇ
1350 2440 1546 2510 ἐρήμῳ
1581 2438 1692 2509 τῆς

548 2509 850 2577 Ἰουδαίας.
886 2510 1195 2567 ΨΑΛΜΟΣ
1218 2510 1345 2565 53'.

772 2624 786 2644 '
799 2625 1105 2693 Υπόθεσις.

156 2733 263 2791 Καὶ
286 2737 475 2794 τοῦτον
508 2738 611 2811 μὲν
643 2739 759 2813 ᾄδει
785 2739 878 2793 τὸν
900 2737 1136 2809 ψαλμὸν,
1175 2737 1393 2810 φεύγων
1421 2737 1529 2792 ἀπὸ
1565 2752 1733 2810 προσ-

223 2829 370 2887 ώπου
401 2834 602 2899 Σαοὺλ,
651 2834 747 2888 καὶ
794 2832 883 2887 διὰ
913 2831 1012 2902 τῆς
1056 2831 1199 2886 κατά
1241 2833 1336 2886 τὸν
1380 2831 1494 2903 βίον
1532 2831 1732 2903 ἀρετῆς

225 2925 652 2998 ἐπικαλούμενος
680 2925 762 2988 είς
790 2923 1043 2996 βοήθειαν
1067 2924 1158 2978 τὸν
1178 2924 1329 2980 Θεὸν.
1380 2923 1733 2994 Ἀναφέρεται

222 3017 280 3073 δὲ
305 3019 399 3074 καὶ
422 3022 509 3085 είς
533 3021 633 3092 τὴν
660 3018 837 3093 ψυχὴν
868 3019 970 3091 τὴν
1010 3017 1177 3073 πάλαι
1228 3020 1287 3071 ἐν
1318 3016 1524 3089 ἐρημίᾳ
1567 3033 1727 3086 γεγο-

228 3114 376 3166 νυῖαν
401 3113 609 3178 παντὸς
636 3112 866 3183 ἀγαθοῦ,
898 3106 1016 3166 εἶτα
1042 3111 1475 3184 ἐπιστραφεῖσαν
1506 3113 1574 3182 τῇ
1599 3111 1733 3182 Χρι-

234 3203 354 3257 στοῦ
393 3207 605 3279 χάριτι.

1830 2011 1967 2067 iram
2001 2011 2323 2083 expetierint
2344 2050 2360 2076 ,
2389 2009 2526 2063 iram
2558 2007 2823 2070 daturus;
2854 2003 2924 2055 iis
2957 2010 3084 2054 vero
3112 1996 3207 2067 qui
3236 2006 3402 2062 opera

1830 2102 2219 2160 misericordia:
2269 2102 2432 2172 digna
2500 2096 2903 2171 perpeti-crint,
2970 2084 3402 2146 misericordiam

1829 2199 2171 2269 praestiturus
2193 2197 2284 2252 sit.
2315 2196 2451 2251 Illud
2474 2195 2645 2259 enim,
2672 2201 2922 2263 potestas,
2954 2184 3090 2241 iram
3134 2179 3406 2252 signiﬁcat

1830 2298 1992 2360 atque
2025 2286 2266 2343 furorem
2300 2289 2563 2342 adversus
2613 2298 2711 2339 eos
2743 2281 2838 2352 qui
2880 2276 3081 2333 fuerint
3114 2272 3191 2326 ira
3228 2269 3397 2339 digni.

1833 2422 1885 2477 1.
1928 2420 2041 2495 Ipsi
2079 2423 2270 2487 David,
2308 2439 2424 2477 cum
2444 2430 2585 2495 esset
2610 2420 2906 2495 in__d_e§erto
2936 2416 3160 2470 Judaae.
3200 2406 3407 2464 l’S.lL-

2438 2492 2483 2544 Μ
2499 2490 2586 2545 US
2623 2488 2805 2543 LXII.

2409 2615 2810 2684 Argumentum.

1834 2735 1898 2791 Et
1930 2736 2076 2791 hunc
2101 2734 2249 2790 canit
2290 2733 2588 2805 psalmum,
2632 2729 2844 2799 fugiens
2871 2743 2899 2782 a
2931 2726 3069 2781 farie
3114 2722 3317 2787 Saulis,
3351 2729 3406 2774 et

1907 2845 2003 2899 per
2045 2827 2352 2883 institutum
2382 2825 2506 2879 vita:
2539 2838 2662 2878 eum
2698 2822 2902 2874 virtute
2949 2829 3131 2874 actum
3180 2816 3272 2871 Dei
3306 2816 3410 2868 im-

1903 2921 2083 2992 plorat
2108 2918 2395 2975 auxilium.
2447 2914 2698 2971 llelertur
2721 2911 2886 2966 etiam
2914 2909 2984 2964 ad
3012 2908 3251 2963 animam
3286 2920 3411 2976 quae

1906 3014 2038 3070 olim
2069 3012 2220 3068 omni
2244 3025 2417 3066 vacua
2448 3011 2593 3064 bono
2616 3005 2818 3068 fuerat,
2853 3011 2907 3059 et
2931 3017 3053 3073 qua:
3087 3007 3273 3071 postea
3311 3012 3409 3068 per

1901 3105 2106 3163 Christi
2132 3104 2365 3176 gratiam
2392 3116 2656 3158 conversa
2683 3107 2786 3156 est.

242 3292 294 3345 Ὀ
519 3296 555 3348 ό
585 3296 729 3360 Θεός
740 3313 880 3365 μου,
899 3296 1050 3365 πρὸς
1075 3294 1152 3348 σὲ
1179 3294 1433 3363 ὀρθρίἕω.
1465 3294 1537 3348 Τὸ
1571 3311 1734 3348 σπου-

1905 3283 1962 3344 2.
1988 3282 2043 3336 5.
2086 3281 2250 3344 Deus,
2284 3279 2420 3334 Deus
2449 3294 2618 3345 meus,
2659 3277 2727 3332 ad
2758 3287 2807 3331 te
2834 3276 2897 3329 de
2936 3276 3048 3329 luce
3090 3273 3271 3343 vigilo.
3315 3270 3413 3328 llis

168 3382 302 3437 δαῖον
322 3384 425 3455 τῆς
460 3383 792 3458 προσεδρίας
826 3385 913 3439 διὰ
934 3384 1045 3440 τῶν
1079 3384 1361 3457 παρόντων
1394 3380 1736 3453 κατασημαί-

169 3489 261 3528 νει.
306 3472 453 3547 Πρὸς
499 3475 582 3539 σὲ,
616 3476 771 3547 φησὶ,
798 3475 1142 3547 διανίσταμαι
1187 3474 1409 3547 ὄρθρου,
1458 3475 1538 3538 εἰς
1561 3471 1623 3527 τὸ
1654 3475 1739 3528 σοὶ

169 3563 286 3630 τούς
314 3583 374 3619 τε
397 3565 602 3638 ὕμνους
626 3568 721 3621 καὶ
745 3567 844 3632 τὰς
863 3567 1028 3639 εὑκάς
1053 3566 1390 3639 ἀναπέμψαι.
1449 3564 1740 3635 Ἐδίψησέ

170 3670 239 3709 σε
263 3657 302 3724 ἡ
328 3656 504 3727 ψυχή
528 3674 668 3726 μου.
702 3658 777 3711 Οὑ
809 3658 989 3729 μόνον,
1016 3659 1201 3729 φησιν.
1231 3659 1265 3729 ἡ
1303 3657 1450 3729 ψυχὴ
1485 3656 1578 3710 τοῦ
1606 3657 1742 3729 ἔρω-

171 3761 256 3810 τος
279 3748 668 3819 ἐμπέπλησται
698 3747 789 3803 τοῦ
810 3748 977 3803 θείου⁸
1000 3747 1135 3803 ἀλλά
1157 3749 1265 3821 γὰρ
1292 3747 1483 3803 πλέον
1506 3764 1563 3801 τι
1581 3748 1679 3801 καί
1700 3748 1740 3817 ἡ

176 3835 341 3906 σάρξ.
368 3837 445 3892 Οὑ
480 3836 593 3911 γάρ
625 3838 785 3918 μόνον
809 3840 909 3913 τὴν
928 3839 1211 3894 εὐσέϐειαν
1230 3839 1380 3911 ἡμᾶς
1405 3837 1743 3911 ἐπιτηδεύειν

175 3926 268 3992 δεῖ.
303 3929 440 3985 ἀλλά
479 3931 579 3985 καὶ
608 3931 698 3986 διὰ
731 3931 825 3986 τοῦ
862 3931 1113 4005 σώματος
1142 3930 1399 4006 ἀρέσκειν
1438 3929 1590 4003 Θεῷ,
1633 3933 1744 3985 οἱον

176 4023 257 4079 an
274 4027 555 4099 νηστείας,
575 4027 663 4082 διὰ
683 4027 939 4101 συνεχοῦς
965 4030 1293 4103 προσευχῆς,
1318 4028 1405 4084 διὰ
1427 4029 1743 4101 χαμευνίαςν

178 4116 261 4172 διά
281 4120 379 4192 τῆς
408 4120 679 4194 ἐργασίας
708 4119 816 4175 τῶν
842 4122 1062 4195 χειρῶν,
1085 4124 1165 4188 είς
1200 4123 1262 4176 τὸ
1273 4121 1553 4194 δεομένοις
1584 4137 1748 4193 χορη-

180 4212 306 4277 γεῖν.
341 4213 446 4267 Ἕν
470 4210 553 4283 γῆ
581 4211 778 4284 ἐρήμῳ
812 4213 911 4269 καί
946 4213 1161 4280 ἀϐάτῳ.
1193 4214 1466 4287 Οὐδεμίαν
1510 4213 1618 4267 ἀπὸ
1646 4212 1747 4284 τῆς

182 4303 407 4375 ἐρημίας
446 4305 657 4380 βλάϐην
696 4306 1073 4380 εἰσεδεξάμην,
1126 4307 1313 4380 φησὶν,
1366 4305 1480 4361 ἀλλ’
1509 4305 1585 4371 ὡς
1618 4305 1747 4378 παρ’

181 4394 338 4468 αὐτὴν
370 4395 627 4470 ἑστηκὼς
677 4397 777 4471 τὴν
835 4398 988 4470 ίεράν
1040 4415 1132 4453 σου
1190 4398 1417 4470 σκηνὴν,
1476 4395 1749 4470 ὑμνῳδίαν

183 4486 487 4558 προσφέρω.
515 4485 590 4540 Τὸ
620 4487 748 4560 γάρ,
788 4488 860 4543 ἐν
882 4487 964 4555 τῷ
984 4489 1153 4560 ἁγίῳ,
1188 4487 1286 4561 τὴν
1329 4489 1534 4561 σκηνὴν
1576 4487 1746 4557 λέγει.

1838 3373 2114 3444 signiﬁcat
2144 3371 2547 3428 assiduitatem.
2566 3370 2645 3424 Ad
2677 3379 2749 3437 te,
2776 3367 2974 3438 inquit,
3000 3381 3159 3421 mane
3181 3379 3413 3433 surgens

1840 3466 2095 3537 respicio,
2132 3475 2194 3521 ut
2227 3465 2458 3538 hymnos
2493 3465 2588 3521 tibi
2614 3472 2670 3520 et
2696 3464 2977 3519 orationes
3004 3459 3250 3517 oll‘eram.
3271 3456 3409 3513 Siti-

1840 3561 1914 3615 vit
1940 3560 1995 3615 in
2021 3569 2070 3615 te
2106 3560 2286 3615 anima
2317 3575 2451 3614 mea.
2477 3556 2598 3613 Non
2632 3558 2816 3624 modo,
2859 3556 3057 3626 inquit,
3082 3552 3266 3608 anima
3295 3564 3415 3605 mea

1841 3654 2026 3710 divino
2053 3669 2240 3708 amore
2283 3653 2483 3721 repleta
2521 3659 2641 3715 est;
2691 3650 2785 3705 sed
2829 3650 2997 3704 etiam
3049 3643 3419 3715 multipliciter

1843 3763 1967 3801 caro
1990 3762 2123 3800 mea.
2156 3742 2277 3800 Non
2303 3743 2483 3799 solum
2513 3740 2659 3799 enim
2682 3755 2779 3810 par
2804 3748 2889 3796 est
2915 3754 3016 3794 nos
3044 3739 3297 3807 pietatem
3324 3751 3419 3790 cu-

1845 3842 1978 3907 lere,
2008 3840 2101 3897 sed
2133 3838 2299 3894 etiam
2335 3852 2564 3908 corpore
2593 3835 2813 3907 placere
2837 3832 2987 3901 Deo;
3023 3832 3298 3896 videlicet,
3323 3845 3419 3901 per

1841 3933 2134 4007 jejunium,
2164 3947 2258 4003 per
2293 3929 2634 4000 frequentem
2668 3927 2995 3991 orationem,
3023 3939 3121 3996 per
3156 3923 3419 3978 chameu-

1847 4026 2017 4091 niam,
2034 4040 2132 4097 per
2154 4039 2319 4096 opera
2349 4038 2635 4086 manuum,
2668 4023 2735 4076 ad
2763 4022 3166 4088 eleemosynam
3190 4032 3422 4086 erogan-

1846 4117 1995 4174 dam.
2042 4118 2108 4172 ln
2141 4128 2282 4172 terra
2315 4117 2523 4171 deserta
2561 4125 2611 4169 et
2646 4116 2809 4169 invia.
2856 4112 3075 4168 Nullum
3105 4127 3170 4166 ex
3203 4109 3419 4165 deserto

1847 4210 1969 4267 loco
1991 4219 2377 4265 nocumentum
2406 4206 2576 4275 sensi,
2604 4205 2801 4277 inquit,
2851 4204 2943 4262 sed
2977 4203 3136 4275 quasi
3160 4202 3303 4273 apud
3331 4217 3421 4257 sa-

1849 4317 2005 4359 crum
2031 4300 2442 4358 tabernaculum
2482 4308 2637 4355 tuum
2666 4310 2867 4354 starem
2886 4338 2901 4359 ,
2930 4298 3190 4369 hymnum
3225 4294 3417 4348 oll‘eru.

1849 4392 1984 4449 Illud
2042 4393 2226 4458 enim,
2288 4393 2344 4447 in
2392 4401 2611 4456 sancto,
2665 4388 3076 4445 tabernaculum
3129 4386 3420 4458 signilicat.

1852 4484 2103 4540 Nondum
2144 4484 2289 4539 enim
2332 4483 2579 4539 divinum
2627 4481 2888 4550 templum
2921 4488 3260 4536 exstructum
3290 4476 3425 4531 -lne—

184 4574 340 4632 οὔπω
365 4578 476 4650 γὰρ
527 4579 558 4631 ὀ
607 4577 749 4646 θεῖος
794 4579 931 4645 νεὼς
951 4580 1285 4653 ᾠκοδόμητο.
1324 4581 1522 4648 οὕτως
1553 4580 1625 4635 ἐν
1670 4580 1740 4648 τῷ

1853 4584 1957 4632 rat.
1987 4576 2077 4631 Sic
2101 4578 2155 4629 in
2179 4584 2363 4630 sancto
2398 4574 2622 4644 apparui
2657 4572 2770 4627 tibi.
2804 4569 2930 4637 Sic,
2971 4569 3272 4641 quomodo,
3319 4568 3427 4623 nisi

186 4666 322 4737 ἁγίῳ
341 4668 554 4741 ὤφθην
583 4684 701 4725 σοι.
738 4672 956 4740 οὕτως,
1018 4670 1137 4737 πῶς
1200 4673 1237 4745 ἢ
1286 4672 1454 4744 διψῶν
1487 4672 1582 4728 καὶ
1632 4675 1753 4727 ἐπι-

188 4759 477 4851 egoen-413
504 4763 636 4835 περὶ
674 4765 734 4819 σέ
756 4766 848 4820 τὸν
879 4768 1034 4838 ἅγιον
1079 4767 1374 4838 συνάφειαν
1402 4784 1418 4834 ;
1468 4765 1565 4830 Τίς
1608 4765 1655 4820 δ’
1687 4766 1752 4821 ἂν

190 4848 269 4921 εἴη
296 4848 508 4926 ﬁxing-ﬂ
542 4855 573 4908 ὁ
602 4854 911 4927 Μονογενής
934 4873 949 4923 ;

254 4942 378 4999 ὀτι
406 4945 703 5015 κρεῖσσον
727 4947 796 5002 τὸ
826 4947 1000 5016 ἔλεός
1034 4962 1152 5004 σου
1176 4947 1329 5019 ὑπὲρ
1353 4947 1518 5016 (cuiq.
1552 4949 1673 5003 Ὅτι
1704 4951 1753 5004 οἱ

192 5033 261 5106 τῷ
299 5036 438 5093 ἐλέει
472 5039 867 5110 προσελθόντες
900 5041 996 5096 τοῦ
1025 5039 1182 5107 Θεοῦ,
1221 5042 1468 5097 τουτέστι
1510 5042 1753 5115 Χριστῷ,

192 5126 327 5182 οὐδὲν
356 5129 625 5201 ἡγοῦνται
644 5131 738 5187 τοῦ
766 5131 1034 5204 παρόντος
1060 5131 1176 5204 βίου
1205 5132 1306 5207 τὴν
1329 5131 1494 5205 ζωὴν,
1515 5134 1616 5206 τὴν
1641 5150 1754 5187 τοι⁹

195 5217 351 5292 αὐτην
372 5222 812 5293 ἀναφθέγγονται
850 5227 1071 5301 φωνήν·
1114 5223 1258 5297 ὑπὲρ
1301 5223 1535 5298 πλήθους
1587 5225 1754 5297 ζωῆς.

194 5306 286 5378 τῆς
309 5313 592 5387 παρούσης
621 5314 895 5387 δηλονότι,
924 5315 1173 5387 λέγοντες
1205 5312 1344 5373 εἶναι
1374 5316 1435 5371 τὸ
1477 5317 1757 5389 δεδομένον

197 5400 363 5468 αὑτοῖς
390 5406 483 5462 διά
513 5405 610 5462 τοῦ
632 5407 972 5479 Μονογενοῦς
1003 5408 1172 5473 ἔλεος.
1212 5408 1411 5476 οὕτως
1442 5408 1759 5479 εὐλογήσω

198 5494 348 5550 acer
375 5497 451 5568 τῇ
492 5497 609 5569 ζ’ωῇ
650 5516 789 5570 μου.
839 5499 1011 5557 Τοῦτο
1031 5499 1090 5555 δὲ
1141 5500 1290 5572 παρά
1323 5501 1501 5556 πάντα
1530 5518 1634 5572 μου
1668 5501 1758 5555 τὸν

200 5583 302 5652 βίον
324 5589 620 5646 διατελὲσω
647 5591 836 5657 ποιῶν,
866 5593 1053 5665 ὑμνῶν
1084 5594 1181 5665 μὲν
1209 5596 1275 5665 τῇ
1307 5591 1551 5666 γλώττῃ,
1579 5592 1679 5657 τὰς
1704 5593 1760 5647 δέ

201 5682 374 5753 χεῖρας
412 5683 693 5749 ἐκτείνων,
729 5684 822 5739 καὶ⁸
844 5684 942 5757 τὴν
979 5685 1079 5757 σὴν
1107 5684 1517 5756 φιλανθρωπίαν
1572 5685 1757 5740 αἰτῶν.

214 5771 305 5827 ἐν
333 5776 411 5843 τῷ
438 5777 692 5848 ὀνόματι
716 5791 832 5832 σου
860 5777 981 5849 ἀρῶ
1002 5779 1108 5845 τὰς
1142 5777 1342 5849 χεῷἀς
1369 5797 1509 5850 μου.
1540 5778 1757 5837 Obvia.

205 5864 370 5934 φησιν,
395 5867 471 5932 ὡς
500 5867 597 5923 καὶ
624 5864 836 5942 πρώην,
864 5868 993 5936 πρὸς
1011 5865 1143 5922 θεὸν
1169 5868 1442 5939 ἀλλότριον
1469 5869 1561 5934 τὰς
1571 5871 1762 5945 χεῖρας

1852 4669 2049 4726 sitiens
2077 4678 2242 4740 atque
2274 4675 2541 4738 exoptans
2570 4673 2773 4731 tecum,
2807 4664 2901 4735 qui
2931 4672 3156 4719 sanctus
3181 4677 3262 4727 es,
3294 4676 3427 4719 con-

1848 4761 2038 4833 jungi?
2060 4760 2197 4829 Quis
2227 4777 2354 4816 vero
2381 4768 2603 4816 sanctus
2627 4759 2714 4813 ille
2744 4756 2906 4813 fuerit
2932 4756 3035 4811 nisi
3069 4753 3430 4825 Unigcnitns?

1924 4943 1980 5003 ὦ.
2007 4940 2061 4997 5.
2104 4939 2367 5007 Quoniam
2397 4939 2583 4994 melior
2612 4946 2690 4993 est
2731 4935 3097 4991 misericordia
3142 4942 3231 4986 tua
3276 4946 3432 5000 utpar

1856 5036 2011 5091 vitas.
2042 5033 2313 5103 Quoniam
2338 5034 2432 5105 qui
2461 5031 2527 5087 ad
2553 5030 2646 5086 Dei
2682 5027 3115 5086 misericordiam
3142 5024 3430 5088 accedunt,

1858 5129 1911 5185 id
1948 5140 2031 5187 est
2061 5130 2128 5186 ad
2156 5113 2469 5192 Christum,
2506 5124 2644 5180 nihil
2684 5123 2891 5179 ducunt
2931 5119 3093 5190 hujus
3127 5116 3316 5172 mundi
3353 5115 3433 5167 vi-

1862 5233 1994 5290 tam,
2023 5223 2297 5295 ejusmodi
2327 5235 2516 5279 vocem
2547 5218 2856 5289 proferunt,
2887 5214 3188 5283 dicuntque
3210 5206 3433 5263 miseri-

1858 5315 2102 5372 cordiam
2131 5316 2235 5372 sibi
2267 5331 2364 5386 per
2419 5312 2765 5383 Unigenitum
2815 5322 3133 5366 concessam
3174 5310 3437 5373 praestano

1862 5409 2052 5464 liorem
2097 5422 2220 5463 esse
2246 5406 2370 5461 vine
2411 5406 2697 5477 pmscntis
2724 5398 3104 5459 diuturnitate.
3149 5393 3240 5450 Sic
3285 5393 3437 5448 benc-

1860 5499 2035 5555 dicam
2068 5510 2116 5553 te
2155 5499 2211 5553 in
2246 5499 2352 5552 rita
2392 5514 2525 5553 mea.
2576 5494 2686 5551 lloe
2731 5510 2825 5563 per
2855 5499 3023 5546 tutam
3067 5488 3234 5543 vitam
3276 5500 3437 5557 agere

1861 5606 2105 5665 pergam,
2135 5593 2319 5662 lingua
2354 5592 2561 5647 scilicet
2584 5591 2818 5660 hymnos
2840 5583 3093 5648 cantabo,
3124 5596 3320 5635 nmnus
3342 5595 3439 5635 ex-

1863 5690 2105 5750 tendam,
2128 5695 2182 5742 et
2217 5697 2366 5742 tuam
2393 5684 2599 5755 rogabo
2628 5680 2993 5738 clementiam.
3024 5672 3087 5729 In
3116 5673 3324 5729 nomine
3349 5679 3437 5722 tuo

1864 5779 2043 5836 levabo
2074 5794 2260 5833 manus
2295 5794 2457 5832 meas.
2508 5774 2624 5830 Non
2666 5774 2807 5828 ultra
2831 5809 2844 5830 ,
2878 5767 3056 5839 inquit
3080 5808 3094 5827 ,
3140 5766 3282 5819 sicut
3314 5773 3439 5817 ante

1867 5868 1990 5936 feri,
2021 5886 2211 5926 manus
2238 5868 2524 5926 extendam
2551 5866 2620 5923 ad
2644 5865 2815 5922 Deum
2846 5861 3084 5917 alienum
3114 5898 3128 5927 ,
3160 5857 3254 5915 sed
3294 5853 3359 5909 ad
3388 5859 3441 5908 te
