  <div class='ocr_page' id='page_1' title='image "/cluster/home/n/w/nwhite01/storage/ocr_20150623/27/uva.x030474749/149.png"; bbox 0 0 4108 6502; ppageno 0'>
   <div class='ocr_carea' id='block_1_1' title="bbox 711 424 818 479">
    <p class='ocr_par' dir='ltr' id='par_1_1' title="bbox 711 424 818 479">
     <span class='ocr_line' id='line_1_1' title="bbox 711 424 818 479; baseline 0 -1"><span class='ocrx_word' id='word_1_1' title='bbox 711 424 818 479; x_wconf 81' lang='lat'><strong>279</strong></span> 
     </span>
    </p>
   </div>
   <div class='ocr_carea' id='block_1_2' title="bbox 1545 400 3089 473">
    <p class='ocr_par' dir='ltr' id='par_1_2' title="bbox 1545 400 3089 473">
     <span class='ocr_line' id='line_1_2' title="bbox 1545 400 3089 473; baseline -0.012 0"><span class='ocrx_word' id='word_1_2' title='bbox 1545 416 1602 473; x_wconf 87' lang='lat' dir='ltr'><strong>S.</strong></span> <span class='ocrx_word' id='word_1_3' title='bbox 1643 412 2010 470; x_wconf 77' lang='lat' dir='ltr'><strong>ATllANASll</strong></span> <span class='ocrx_word' id='word_1_4' title='bbox 2047 411 2196 466; x_wconf 86' lang='lat' dir='ltr'><strong>OPP.</strong></span> <span class='ocrx_word' id='word_1_5' title='bbox 2236 407 2415 464; x_wconf 76' lang='lat' dir='ltr'><strong>PARS</strong></span> <span class='ocrx_word' id='word_1_6' title='bbox 2454 406 2538 463; x_wconf 91' lang='lat' dir='ltr'><strong>lll.</strong></span> <span class='ocrx_word' id='word_1_7' title='bbox 2575 436 2646 445; x_wconf 89' lang='lat'><strong><em>—</em></strong></span> <span class='ocrx_word' id='word_1_8' title='bbox 2683 400 3089 460; x_wconf 70' lang='lat' dir='ltr'><strong>EXEGETICA.</strong></span> 
     </span>
    </p>
   </div>
   <div class='ocr_carea' id='block_1_3' title="bbox 3825 394 3924 448">
    <p class='ocr_par' dir='ltr' id='par_1_3' title="bbox 3825 394 3924 448">
     <span class='ocr_line' id='line_1_3' title="bbox 3825 394 3924 448; baseline 0 0"><span class='ocrx_word' id='word_1_9' title='bbox 3825 394 3924 448; x_wconf 77' lang='grc'><strong>280</strong></span> 
     </span>
    </p>
   </div>
   <div class='ocr_carea' id='block_1_4' title="bbox 714 515 2287 605">
    <p class='ocr_par' dir='ltr' id='par_1_4' title="bbox 714 531 2270 605">
     <span class='ocr_line' id='line_1_4' title="bbox 714 531 2270 605; baseline -0.008 -10"><span class='ocrx_word' id='word_1_10' title='bbox 714 541 926 604; x_wconf 88' lang='lat' dir='ltr'><strong>solum,</strong></span> <span class='ocrx_word' id='word_1_11' title='bbox 987 551 1041 593; x_wconf 88' lang='lat' dir='ltr'><strong>et</strong></span> <span class='ocrx_word' id='word_1_12' title='bbox 1093 549 1244 592; x_wconf 88' lang='lat' dir='ltr'><strong>tuum</strong></span> <span class='ocrx_word' id='word_1_13' title='bbox 1300 539 1350 590; x_wconf 87' lang='lat' dir='ltr'><strong>in</strong></span> <span class='ocrx_word' id='word_1_14' title='bbox 1400 535 1801 605; x_wconf 78' lang='lat' dir='ltr'><strong>precationibus</strong></span> <span class='ocrx_word' id='word_1_15' title='bbox 1859 547 2053 588; x_wconf 86' lang='lat' dir='ltr'><strong>nomen</strong></span> <span class='ocrx_word' id='word_1_16' title='bbox 2120 531 2270 584; x_wconf 86' lang='lat' dir='ltr'><strong>invo—</strong></span> 
     </span>
    </p>
   </div>
   <div class='ocr_carea' id='block_1_5' title="bbox 2367 515 3925 605">
    <p class='ocr_par' dir='ltr' id='par_1_5' title="bbox 2374 515 3925 592">
     <span class='ocr_line' id='line_1_5' title="bbox 2374 515 3925 592; baseline -0.006 -14"><span class='ocrx_word' id='word_1_17' title='bbox 2374 523 2592 588; x_wconf 80' lang='grc' dir='ltr'><strong>ἐκτενῶ,</strong></span> <span class='ocrx_word' id='word_1_18' title='bbox 2621 523 2733 576; x_wconf 86' lang='grc' dir='ltr'><em>ἀλλ’</em></span> <span class='ocrx_word' id='word_1_19' title='bbox 2781 523 2813 592; x_wconf 83' lang='grc' dir='ltr'><strong>ἦ</strong></span> <span class='ocrx_word' id='word_1_20' title='bbox 2842 522 2922 575; x_wconf 74' lang='grc' dir='ltr'><em>σοὶ</em></span> <span class='ocrx_word' id='word_1_21' title='bbox 2956 520 3118 590; x_wconf 85' lang='grc' dir='ltr'>μόνῳ,</span> <span class='ocrx_word' id='word_1_22' title='bbox 3162 517 3254 570; x_wconf 73' lang='grc' dir='ltr'><em>καὶ</em></span> <span class='ocrx_word' id='word_1_23' title='bbox 3300 516 3362 569; x_wconf 79' lang='grc' dir='ltr'><em>τὸ</em></span> <span class='ocrx_word' id='word_1_24' title='bbox 3398 515 3487 570; x_wconf 75' lang='grc' dir='ltr'><em>σὺν</em></span> <span class='ocrx_word' id='word_1_25' title='bbox 3520 517 3573 569; x_wconf 88' lang='grc' dir='ltr'><strong>ἐν</strong></span> <span class='ocrx_word' id='word_1_26' title='bbox 3600 519 3925 587; x_wconf 76' lang='grc' dir='ltr'><em>προσευχαῖς</em></span> 
     </span>
    </p>
   </div>
   <div class='ocr_carea' id='block_1_6' title="bbox 714 631 2264 785">
    <p class='ocr_par' dir='ltr' id='par_1_6' title="bbox 714 631 2264 785">
     <span class='ocr_line' id='line_1_6' title="bbox 714 631 2264 785; baseline -0.007 -11"><span class='ocrx_word' id='word_1_27' title='bbox 714 631 1012 774; x_wconf 43' lang='lat' dir='ltr'><strong>cal6?.)‘Sicut</strong></span> <span class='ocrx_word' id='word_1_28' title='bbox 1046 717 1199 784; x_wconf 81' lang='lat' dir='ltr'><strong>adipe</strong></span> <span class='ocrx_word' id='word_1_29' title='bbox 1231 723 1280 770; x_wconf 87' lang='lat' dir='ltr'><strong>et</strong></span> <span class='ocrx_word' id='word_1_30' title='bbox 1304 716 1614 785; x_wconf 78' lang='lat' dir='ltr'><strong>pinguedine</strong></span> <span class='ocrx_word' id='word_1_31' title='bbox 1646 722 1907 783; x_wconf 83' lang='lat' dir='ltr'><strong>repleatur</strong></span> <span class='ocrx_word' id='word_1_32' title='bbox 1928 712 2108 765; x_wconf 89' lang='lat' dir='ltr'><strong>anima</strong></span> <span class='ocrx_word' id='word_1_33' title='bbox 2131 726 2264 764; x_wconf 87' lang='lat' dir='ltr'><strong>mea.</strong></span> 
     </span>
    </p>
   </div>
   <div class='ocr_carea' id='block_1_7' title="bbox 710 804 2266 877">
    <p class='ocr_par' dir='ltr' id='par_1_7' title="bbox 710 804 2266 877">
     <span class='ocr_line' id='line_1_7' title="bbox 710 804 2266 877; baseline -0.005 -14"><span class='ocrx_word' id='word_1_34' title='bbox 710 808 956 863; x_wconf 89' lang='lat' dir='ltr'><strong>Ostendit</strong></span> <span class='ocrx_word' id='word_1_35' title='bbox 984 817 1246 877; x_wconf 86' lang='lat' dir='ltr'><strong>quantum</strong></span> <span class='ocrx_word' id='word_1_36' title='bbox 1285 807 1355 861; x_wconf 90' lang='lat' dir='ltr'><strong>sit</strong></span> <span class='ocrx_word' id='word_1_37' title='bbox 1403 807 1611 861; x_wconf 90' lang='lat' dir='ltr'><strong>lucrum</strong></span> <span class='ocrx_word' id='word_1_38' title='bbox 1646 822 1833 861; x_wconf 89' lang='lat' dir='ltr'><strong>eorum</strong></span> <span class='ocrx_word' id='word_1_39' title='bbox 1875 804 1968 874; x_wconf 91' lang='lat' dir='ltr'><strong>qui</strong></span> <span class='ocrx_word' id='word_1_40' title='bbox 1997 804 2050 857; x_wconf 91' lang='lat' dir='ltr'><strong>in</strong></span> <span class='ocrx_word' id='word_1_41' title='bbox 2089 804 2266 873; x_wconf 90' lang='lat' dir='ltr'><strong>ipsum</strong></span> 
     </span>
    </p>
   </div>
   <div class='ocr_carea' id='block_1_8' title="bbox 711 895 2268 969">
    <p class='ocr_par' dir='ltr' id='par_1_8' title="bbox 711 895 2268 969">
     <span class='ocr_line' id='line_1_8' title="bbox 711 895 2268 969; baseline -0.006 -14"><span class='ocrx_word' id='word_1_42' title='bbox 711 900 886 956; x_wconf 84' lang='lat' dir='ltr'><strong>solum</strong></span> <span class='ocrx_word' id='word_1_43' title='bbox 921 914 1070 969; x_wconf 88' lang='lat' dir='ltr'><strong>spem</strong></span> <span class='ocrx_word' id='word_1_44' title='bbox 1114 900 1415 969; x_wconf 87' lang='lat' dir='ltr'><strong>posuerint.</strong></span> <span class='ocrx_word' id='word_1_45' title='bbox 1463 897 1528 951; x_wconf 83' lang='lat' dir='ltr'><strong>Et</strong></span> <span class='ocrx_word' id='word_1_46' title='bbox 1557 899 1712 951; x_wconf 85' lang='lat' dir='ltr'><strong>labiis</strong></span> <span class='ocrx_word' id='word_1_47' title='bbox 1742 897 2110 962; x_wconf 70' lang='lat' dir='ltr'><strong>exsultationis</strong></span> <span class='ocrx_word' id='word_1_48' title='bbox 2153 895 2268 947; x_wconf 87' lang='lat' dir='ltr'><strong>lau-</strong></span> 
     </span>
    </p>
   </div>
   <div class='ocr_carea' id='block_1_9' title="bbox 710 985 2263 1059">
    <p class='ocr_par' dir='ltr' id='par_1_9' title="bbox 710 985 2263 1059">
     <span class='ocr_line' id='line_1_9' title="bbox 710 985 2263 1059; baseline -0.005 -14"><span class='ocrx_word' id='word_1_49' title='bbox 710 992 854 1045; x_wconf 82' lang='lat' dir='ltr'><strong>dabit</strong></span> <span class='ocrx_word' id='word_1_50' title='bbox 891 1007 948 1043; x_wconf 83' lang='lat' dir='ltr'><strong>os</strong></span> <span class='ocrx_word' id='word_1_51' title='bbox 981 1007 1173 1043; x_wconf 86' lang='lat' dir='ltr'><strong>meum.</strong></span> <span class='ocrx_word' id='word_1_52' title='bbox 1208 989 1365 1056; x_wconf 88' lang='lat' dir='ltr'><strong>Cum,</strong></span> <span class='ocrx_word' id='word_1_53' title='bbox 1417 989 1625 1059; x_wconf 79' lang='lat' dir='ltr'><strong>inquit,</strong></span> <span class='ocrx_word' id='word_1_54' title='bbox 1674 990 1726 1042; x_wconf 88' lang='lat' dir='ltr'><strong>in</strong></span> <span class='ocrx_word' id='word_1_55' title='bbox 1774 987 2090 1042; x_wconf 82' lang='lat' dir='ltr'><strong>memoriam</strong></span> <span class='ocrx_word' id='word_1_56' title='bbox 2134 985 2263 1040; x_wconf 89' lang='lat' dir='ltr'><strong>mihi</strong></span> 
     </span>
    </p>
   </div>
   <div class='ocr_carea' id='block_1_10' title="bbox 709 1079 2266 1153">
    <p class='ocr_par' dir='ltr' id='par_1_10' title="bbox 709 1079 2266 1153">
     <span class='ocr_line' id='line_1_10' title="bbox 709 1079 2266 1153; baseline -0.003 -17"><span class='ocrx_word' id='word_1_57' title='bbox 709 1084 856 1138; x_wconf 82' lang='lat' dir='ltr'><strong>venit</strong></span> <span class='ocrx_word' id='word_1_58' title='bbox 899 1098 1092 1138; x_wconf 88' lang='lat' dir='ltr'><strong>nomen</strong></span> <span class='ocrx_word' id='word_1_59' title='bbox 1134 1093 1321 1150; x_wconf 88' lang='lat' dir='ltr'><strong>tuum,</strong></span> <span class='ocrx_word' id='word_1_60' title='bbox 1383 1091 1511 1137; x_wconf 89' lang='lat' dir='ltr'><strong>tunc</strong></span> <span class='ocrx_word' id='word_1_61' title='bbox 1555 1082 1750 1153; x_wconf 84' lang='lat' dir='ltr'><strong>gaudio</strong></span> <span class='ocrx_word' id='word_1_62' title='bbox 1805 1081 2080 1150; x_wconf 82' lang='lat' dir='ltr'><strong>replentur</strong></span> <span class='ocrx_word' id='word_1_63' title='bbox 2127 1079 2266 1134; x_wconf 84' lang='lat' dir='ltr'><strong>labia</strong></span> 
     </span>
    </p>
   </div>
   <div class='ocr_carea' id='block_1_11' title="bbox 708 1193 848 1233">
    <p class='ocr_par' dir='ltr' id='par_1_11' title="bbox 708 1193 848 1233">
     <span class='ocr_line' id='line_1_11' title="bbox 708 1193 848 1233; baseline -0.007 0"><span class='ocrx_word' id='word_1_64' title='bbox 708 1193 826 1233; x_wconf 88' lang='lat' dir='ltr'><strong>mea</strong></span> <span class='ocrx_word' id='word_1_65' title='bbox 835 1220 848 1232; x_wconf 94' lang='lat'><strong>.</strong></span> 
     </span>
    </p>
   </div>
   <div class='ocr_carea' id='block_1_12' title="bbox 779 1266 2264 1338">
    <p class='ocr_par' dir='ltr' id='par_1_12' title="bbox 779 1266 2264 1338">
     <span class='ocr_line' id='line_1_12' title="bbox 779 1266 2264 1338; baseline -0.001 -18"><span class='ocrx_word' id='word_1_66' title='bbox 779 1268 830 1322; x_wconf 89' lang='lat'><strong>7.</strong></span> <span class='ocrx_word' id='word_1_67' title='bbox 872 1267 932 1322; x_wconf 91' lang='lat' dir='ltr'><strong>Si</strong></span> <span class='ocrx_word' id='word_1_68' title='bbox 962 1285 1156 1322; x_wconf 86' lang='lat' dir='ltr'><strong>memor</strong></span> <span class='ocrx_word' id='word_1_69' title='bbox 1197 1269 1276 1337; x_wconf 76' lang='lat' dir='ltr'><strong>fui</strong></span> <span class='ocrx_word' id='word_1_70' title='bbox 1307 1270 1382 1323; x_wconf 88' lang='lat' dir='ltr'><strong>tui</strong></span> <span class='ocrx_word' id='word_1_71' title='bbox 1415 1285 1567 1338; x_wconf 81' lang='lat' dir='ltr'><strong>super</strong></span> <span class='ocrx_word' id='word_1_72' title='bbox 1597 1278 1821 1321; x_wconf 85' lang='lat' dir='ltr'><strong>stratum</strong></span> <span class='ocrx_word' id='word_1_73' title='bbox 1851 1284 2037 1321; x_wconf 84' lang='lat' dir='ltr'><strong>meum.</strong></span> <span class='ocrx_word' id='word_1_74' title='bbox 2086 1266 2221 1320; x_wconf 84' lang='lat' dir='ltr'><strong>Illud</strong></span> <span class='ocrx_word' id='word_1_75' title='bbox 2252 1285 2264 1319; x_wconf 86' lang='lat'>:</span> 
     </span>
    </p>
   </div>
   <div class='ocr_carea' id='block_1_13' title="bbox 708 1358 2269 1429">
    <p class='ocr_par' dir='ltr' id='par_1_13' title="bbox 708 1358 2269 1429">
     <span class='ocr_line' id='line_1_13' title="bbox 708 1358 2269 1429; baseline -0.001 -17"><span class='ocrx_word' id='word_1_76' title='bbox 708 1358 766 1412; x_wconf 86' lang='lat' dir='ltr'><strong>Si</strong></span> <span class='ocrx_word' id='word_1_77' title='bbox 790 1375 986 1413; x_wconf 86' lang='lat' dir='ltr'><strong>memor</strong></span> <span class='ocrx_word' id='word_1_78' title='bbox 1016 1361 1114 1428; x_wconf 79' lang='lat' dir='ltr'><strong>fui,</strong></span> <span class='ocrx_word' id='word_1_79' title='bbox 1148 1359 1385 1429; x_wconf 89' lang='lat' dir='ltr'><strong>positum</strong></span> <span class='ocrx_word' id='word_1_80' title='bbox 1422 1375 1542 1429; x_wconf 89' lang='lat' dir='ltr'><strong>pro,</strong></span> <span class='ocrx_word' id='word_1_81' title='bbox 1566 1375 1683 1412; x_wconf 89' lang='lat' dir='ltr'><strong>cum</strong></span> <span class='ocrx_word' id='word_1_82' title='bbox 1707 1374 1903 1412; x_wconf 87' lang='lat' dir='ltr'><strong>memor</strong></span> <span class='ocrx_word' id='word_1_83' title='bbox 1925 1373 2078 1421; x_wconf 85' lang='lat' dir='ltr'><strong>sum;</strong></span> <span class='ocrx_word' id='word_1_84' title='bbox 2113 1365 2172 1410; x_wconf 87' lang='lat' dir='ltr'><strong>ut</strong></span> <span class='ocrx_word' id='word_1_85' title='bbox 2199 1360 2269 1411; x_wconf 86' lang='lat' dir='ltr'><strong>sit</strong></span> 
     </span>
    </p>
   </div>
   <div class='ocr_carea' id='block_1_14' title="bbox 706 1448 2268 1519">
    <p class='ocr_par' dir='ltr' id='par_1_14' title="bbox 706 1448 2268 1519">
     <span class='ocr_line' id='line_1_14' title="bbox 706 1448 2268 1519; baseline -0.001 -15"><span class='ocrx_word' id='word_1_86' title='bbox 706 1453 970 1506; x_wconf 87' lang='lat' dir='ltr'><strong>sententia</strong></span> <span class='ocrx_word' id='word_1_87' title='bbox 1000 1468 1012 1502; x_wconf 91' lang='lat'><strong>:</strong></span> <span class='ocrx_word' id='word_1_88' title='bbox 1045 1467 1168 1505; x_wconf 89' lang='lat' dir='ltr'><strong>cum</strong></span> <span class='ocrx_word' id='word_1_89' title='bbox 1193 1465 1401 1506; x_wconf 90' lang='lat' dir='ltr'><strong>memor</strong></span> <span class='ocrx_word' id='word_1_90' title='bbox 1428 1452 1503 1505; x_wconf 92' lang='lat' dir='ltr'><strong>tui</strong></span> <span class='ocrx_word' id='word_1_91' title='bbox 1530 1466 1727 1517; x_wconf 89' lang='lat' dir='ltr'><strong>essem,</strong></span> <span class='ocrx_word' id='word_1_92' title='bbox 1755 1449 1954 1519; x_wconf 88' lang='lat' dir='ltr'><strong>inquit.</strong></span> <span class='ocrx_word' id='word_1_93' title='bbox 1987 1448 2268 1502; x_wconf 88' lang='lat' dir='ltr'><strong>insomnes</strong></span> 
     </span>
    </p>
   </div>
   <div class='ocr_carea' id='block_1_15' title="bbox 706 1539 2264 1609">
    <p class='ocr_par' dir='ltr' id='par_1_15' title="bbox 706 1539 2264 1609">
     <span class='ocr_line' id='line_1_15' title="bbox 706 1539 2264 1609; baseline -0.002 -13"><span class='ocrx_word' id='word_1_94' title='bbox 706 1542 836 1596; x_wconf 81' lang='lat' dir='ltr'><strong>duxi</strong></span> <span class='ocrx_word' id='word_1_95' title='bbox 867 1553 1074 1609; x_wconf 85' lang='lat' dir='ltr'><strong>noctes,</strong></span> <span class='ocrx_word' id='word_1_96' title='bbox 1115 1542 1366 1597; x_wconf 85' lang='lat' dir='ltr'><strong>laudibus</strong></span> <span class='ocrx_word' id='word_1_97' title='bbox 1396 1542 1502 1596; x_wconf 90' lang='lat' dir='ltr'><strong>tuis</strong></span> <span class='ocrx_word' id='word_1_98' title='bbox 1532 1557 1752 1606; x_wconf 77' lang='lat' dir='ltr'><strong>vacans,</strong></span> <span class='ocrx_word' id='word_1_99' title='bbox 1783 1551 1836 1594; x_wconf 90' lang='lat' dir='ltr'><strong>et</strong></span> <span class='ocrx_word' id='word_1_100' title='bbox 1864 1539 2095 1595; x_wconf 87' lang='lat' dir='ltr'><strong>illustria</strong></span> <span class='ocrx_word' id='word_1_101' title='bbox 2125 1540 2264 1594; x_wconf 91' lang='lat' dir='ltr'><strong>dona</strong></span> 
     </span>
    </p>
   </div>
   <div class='ocr_carea' id='block_1_16' title="bbox 706 1631 2266 1703">
    <p class='ocr_par' dir='ltr' id='par_1_16' title="bbox 706 1631 2266 1703">
     <span class='ocr_line' id='line_1_16' title="bbox 706 1631 2266 1703; baseline -0.003 -15"><span class='ocrx_word' id='word_1_102' title='bbox 706 1642 800 1690; x_wconf 88' lang='lat' dir='ltr'><strong>tua</strong></span> <span class='ocrx_word' id='word_1_103' title='bbox 845 1636 1148 1703; x_wconf 85' lang='lat' dir='ltr'><strong>accipiens,</strong></span> <span class='ocrx_word' id='word_1_104' title='bbox 1198 1650 1318 1703; x_wconf 70' lang='lat' dir='ltr'><strong>quae</strong></span> <span class='ocrx_word' id='word_1_105' title='bbox 1367 1634 1741 1688; x_wconf 80' lang='lat' dir='ltr'><strong>invocantibus</strong></span> <span class='ocrx_word' id='word_1_106' title='bbox 1776 1641 1827 1687; x_wconf 86' lang='lat' dir='ltr'><strong>te</strong></span> <span class='ocrx_word' id='word_1_107' title='bbox 1861 1632 2074 1687; x_wconf 89' lang='lat' dir='ltr'><strong>tribuis.</strong></span> <span class='ocrx_word' id='word_1_108' title='bbox 2128 1631 2266 1696; x_wconf 83' lang='lat' dir='ltr'><strong>Quia</strong></span> 
     </span>
    </p>
   </div>
   <div class='ocr_carea' id='block_1_17' title="bbox 704 1722 2266 1792">
    <p class='ocr_par' dir='ltr' id='par_1_17' title="bbox 704 1722 2266 1792">
     <span class='ocr_line' id='line_1_17' title="bbox 704 1722 2266 1792; baseline -0.001 -17"><span class='ocrx_word' id='word_1_109' title='bbox 704 1723 853 1791; x_wconf 79' lang='lat' dir='ltr'><strong>fuisti</strong></span> <span class='ocrx_word' id='word_1_110' title='bbox 887 1725 1102 1792; x_wconf 85' lang='lat' dir='ltr'><strong>adjutor</strong></span> <span class='ocrx_word' id='word_1_111' title='bbox 1133 1741 1296 1790; x_wconf 83' lang='lat' dir='ltr'><strong>meus,</strong></span> <span class='ocrx_word' id='word_1_112' title='bbox 1329 1733 1378 1778; x_wconf 87' lang='lat' dir='ltr'><strong>et</strong></span> <span class='ocrx_word' id='word_1_113' title='bbox 1420 1727 1471 1777; x_wconf 87' lang='lat' dir='ltr'><strong>in</strong></span> <span class='ocrx_word' id='word_1_114' title='bbox 1499 1724 1786 1778; x_wconf 82' lang='lat' dir='ltr'><strong>velamento</strong></span> <span class='ocrx_word' id='word_1_115' title='bbox 1817 1722 2025 1776; x_wconf 86' lang='lat' dir='ltr'><strong>alarum</strong></span> <span class='ocrx_word' id='word_1_116' title='bbox 2054 1731 2266 1775; x_wconf 86' lang='lat' dir='ltr'><strong>tuarum</strong></span> 
     </span>
    </p>
   </div>
   <div class='ocr_carea' id='block_1_18' title="bbox 702 1811 2266 1884">
    <p class='ocr_par' dir='ltr' id='par_1_18' title="bbox 702 1811 2266 1884">
     <span class='ocr_line' id='line_1_18' title="bbox 702 1811 2266 1884; baseline -0.002 -16"><span class='ocrx_word' id='word_1_117' title='bbox 702 1815 993 1868; x_wconf 74' lang='lat' dir='ltr'><strong>exsultabo.</strong></span> <span class='ocrx_word' id='word_1_118' title='bbox 1015 1815 1486 1884; x_wconf 83' lang='lat' dir='ltr'><strong>Quandoquidem,</strong></span> <span class='ocrx_word' id='word_1_119' title='bbox 1515 1815 1609 1878; x_wconf 85' lang='lat' dir='ltr'><strong>ait,</strong></span> <span class='ocrx_word' id='word_1_120' title='bbox 1640 1825 1696 1868; x_wconf 90' lang='lat' dir='ltr'><strong>tu</strong></span> <span class='ocrx_word' id='word_1_121' title='bbox 1725 1815 1857 1868; x_wconf 88' lang='lat' dir='ltr'><strong>mihi</strong></span> <span class='ocrx_word' id='word_1_122' title='bbox 1882 1811 2139 1869; x_wconf 73' lang='lat' dir='ltr'><strong>custodia:</strong></span> <span class='ocrx_word' id='word_1_123' title='bbox 2162 1821 2266 1866; x_wconf 74' lang='lat' dir='ltr'><strong>tua:</strong></span> 
     </span>
    </p>
   </div>
   <div class='ocr_carea' id='block_1_19' title="bbox 703 1905 2262 1975">
    <p class='ocr_par' dir='ltr' id='par_1_19' title="bbox 703 1905 2262 1975">
     <span class='ocr_line' id='line_1_19' title="bbox 703 1905 2262 1975; baseline -0.002 -17"><span class='ocrx_word' id='word_1_124' title='bbox 703 1905 967 1960; x_wconf 77' lang='lat' dir='ltr'><strong>auxilium</strong></span> <span class='ocrx_word' id='word_1_125' title='bbox 1002 1906 1271 1975; x_wconf 85' lang='lat' dir='ltr'><strong>impendis</strong></span> <span class='ocrx_word' id='word_1_126' title='bbox 1294 1948 1309 1970; x_wconf 92' lang='lat'><strong>,</strong></span> <span class='ocrx_word' id='word_1_127' title='bbox 1339 1905 1579 1959; x_wconf 74' lang='lat' dir='ltr'><strong>laetitiam</strong></span> <span class='ocrx_word' id='word_1_128' title='bbox 1623 1906 1853 1975; x_wconf 80' lang='lat' dir='ltr'><strong>excipio.</strong></span> <span class='ocrx_word' id='word_1_129' title='bbox 1887 1905 2262 1960; x_wconf 80' lang='lat' dir='ltr'><strong>Veiamentuni</strong></span> 
     </span>
    </p>
   </div>
   <div class='ocr_carea' id='block_1_20' title="bbox 703 1996 2261 2066">
    <p class='ocr_par' dir='ltr' id='par_1_20' title="bbox 703 1996 2261 2066">
     <span class='ocr_line' id='line_1_20' title="bbox 703 1996 2261 2066; baseline -0.001 -17"><span class='ocrx_word' id='word_1_130' title='bbox 703 1996 850 2050; x_wconf 89' lang='lat' dir='ltr'><strong>enim</strong></span> <span class='ocrx_word' id='word_1_131' title='bbox 881 1997 1090 2051; x_wconf 88' lang='lat' dir='ltr'><strong>alarum</strong></span> <span class='ocrx_word' id='word_1_132' title='bbox 1121 2007 1276 2051; x_wconf 77' lang='lat' dir='ltr'><strong>vocat</strong></span> <span class='ocrx_word' id='word_1_133' title='bbox 1303 1996 1562 2051; x_wconf 70' lang='lat' dir='ltr'><strong>custodia:</strong></span> <span class='ocrx_word' id='word_1_134' title='bbox 1584 1997 1868 2050; x_wconf 76' lang='lat' dir='ltr'><strong>auxilium.</strong></span> <span class='ocrx_word' id='word_1_135' title='bbox 1901 1997 1940 2049; x_wconf 83' lang='lat' dir='ltr'><strong>A</strong></span> <span class='ocrx_word' id='word_1_136' title='bbox 1974 2005 2044 2060; x_wconf 90' lang='lat' dir='ltr'><strong>te,</strong></span> <span class='ocrx_word' id='word_1_137' title='bbox 2069 1997 2261 2066; x_wconf 89' lang='lat' dir='ltr'><strong>inquit.</strong></span> 
     </span>
    </p>
   </div>
   <div class='ocr_carea' id='block_1_21' title="bbox 702 2089 1636 2158">
    <p class='ocr_par' dir='ltr' id='par_1_21' title="bbox 702 2089 1636 2158">
     <span class='ocr_line' id='line_1_21' title="bbox 702 2089 1636 2158; baseline -0.001 -17"><span class='ocrx_word' id='word_1_138' title='bbox 702 2097 976 2156; x_wconf 88' lang='lat' dir='ltr'><strong>protectus</strong></span> <span class='ocrx_word' id='word_1_139' title='bbox 1006 2105 1346 2158; x_wconf 85' lang='lat' dir='ltr'><strong>summopere</strong></span> <span class='ocrx_word' id='word_1_140' title='bbox 1375 2089 1636 2157; x_wconf 77' lang='lat' dir='ltr'><strong>gaudebo.</strong></span> 
     </span>
    </p>
   </div>
   <div class='ocr_carea' id='block_1_22' title="bbox 776 2265 2264 2336">
    <p class='ocr_par' dir='ltr' id='par_1_22' title="bbox 776 2265 2264 2336">
     <span class='ocr_line' id='line_1_22' title="bbox 776 2265 2264 2336; baseline 0.001 -16"><span class='ocrx_word' id='word_1_141' title='bbox 776 2265 832 2320; x_wconf 90' lang='lat'><strong>9.</strong></span> <span class='ocrx_word' id='word_1_142' title='bbox 871 2265 1108 2319; x_wconf 73' lang='lat' dir='ltr'><strong>Adhwsit</strong></span> <span class='ocrx_word' id='word_1_143' title='bbox 1144 2267 1322 2319; x_wconf 85' lang='lat' dir='ltr'><strong>anima</strong></span> <span class='ocrx_word' id='word_1_144' title='bbox 1354 2284 1466 2320; x_wconf 90' lang='lat' dir='ltr'><strong>mea</strong></span> <span class='ocrx_word' id='word_1_145' title='bbox 1492 2278 1605 2336; x_wconf 86' lang='lat' dir='ltr'><strong>post</strong></span> <span class='ocrx_word' id='word_1_146' title='bbox 1636 2276 1701 2322; x_wconf 90' lang='lat' dir='ltr'><strong>te.</strong></span> <span class='ocrx_word' id='word_1_147' title='bbox 1735 2265 1813 2322; x_wconf 87' lang='lat' dir='ltr'><strong>Ne</strong></span> <span class='ocrx_word' id='word_1_148' title='bbox 1838 2267 2106 2321; x_wconf 89' lang='lat' dir='ltr'><strong>tantillum</strong></span> <span class='ocrx_word' id='word_1_149' title='bbox 2141 2268 2264 2336; x_wconf 91' lang='lat' dir='ltr'><strong>qui-</strong></span> 
     </span>
    </p>
   </div>
   <div class='ocr_carea' id='block_1_23' title="bbox 703 2357 2265 2428">
    <p class='ocr_par' dir='ltr' id='par_1_23' title="bbox 703 2357 2265 2428">
     <span class='ocr_line' id='line_1_23' title="bbox 703 2357 2265 2428; baseline 0.001 -17"><span class='ocrx_word' id='word_1_150' title='bbox 703 2357 824 2411; x_wconf 86' lang='lat' dir='ltr'><strong>dem</strong></span> <span class='ocrx_word' id='word_1_151' title='bbox 848 2371 1069 2427; x_wconf 92' lang='lat' dir='ltr'><strong>possum</strong></span> <span class='ocrx_word' id='word_1_152' title='bbox 1096 2372 1125 2410; x_wconf 92' lang='lat' dir='ltr'><strong>a</strong></span> <span class='ocrx_word' id='word_1_153' title='bbox 1154 2359 1482 2428; x_wconf 77' lang='lat' dir='ltr'><strong>cogitatione</strong></span> <span class='ocrx_word' id='word_1_154' title='bbox 1512 2375 1628 2416; x_wconf 82' lang='lat' dir='ltr'><strong>mea</strong></span> <span class='ocrx_word' id='word_1_155' title='bbox 1670 2360 1986 2412; x_wconf 85' lang='lat' dir='ltr'><strong>memoriam</strong></span> <span class='ocrx_word' id='word_1_156' title='bbox 2020 2359 2094 2412; x_wconf 92' lang='lat' dir='ltr'><strong>tui</strong></span> <span class='ocrx_word' id='word_1_157' title='bbox 2120 2375 2265 2414; x_wconf 85' lang='lat' dir='ltr'><strong>aver-</strong></span> 
     </span>
    </p>
   </div>
   <div class='ocr_carea' id='block_1_24' title="bbox 704 2444 2263 2519">
    <p class='ocr_par' dir='ltr' id='par_1_24' title="bbox 704 2444 2263 2519">
     <span class='ocr_line' id='line_1_24' title="bbox 704 2444 2263 2519; baseline 0.003 -21"><span class='ocrx_word' id='word_1_158' title='bbox 704 2456 840 2499; x_wconf 88' lang='lat' dir='ltr'><strong>tere.</strong></span> <span class='ocrx_word' id='word_1_159' title='bbox 884 2444 989 2500; x_wconf 90' lang='lat' dir='ltr'><strong>Sed</strong></span> <span class='ocrx_word' id='word_1_160' title='bbox 1029 2448 1236 2502; x_wconf 90' lang='lat' dir='ltr'><strong>amoris</strong></span> <span class='ocrx_word' id='word_1_161' title='bbox 1283 2448 1555 2503; x_wconf 79' lang='lat' dir='ltr'><strong>incentivo</strong></span> <span class='ocrx_word' id='word_1_162' title='bbox 1599 2449 1859 2513; x_wconf 87' lang='lat' dir='ltr'><strong>adustus,</strong></span> <span class='ocrx_word' id='word_1_163' title='bbox 1915 2465 2012 2504; x_wconf 84' lang='lat' dir='ltr'><strong>ceu</strong></span> <span class='ocrx_word' id='word_1_164' title='bbox 2057 2451 2263 2519; x_wconf 76' lang='lat' dir='ltr'><strong>glutino</strong></span> 
     </span>
    </p>
   </div>
   <div class='ocr_carea' id='block_1_25' title="bbox 705 2537 2260 2608">
    <p class='ocr_par' dir='ltr' id='par_1_25' title="bbox 705 2537 2260 2608">
     <span class='ocr_line' id='line_1_25' title="bbox 705 2537 2260 2608; baseline 0.001 -16"><span class='ocrx_word' id='word_1_165' title='bbox 705 2537 940 2606; x_wconf 88' lang='lat' dir='ltr'><strong>quodam</strong></span> <span class='ocrx_word' id='word_1_166' title='bbox 991 2539 1298 2603; x_wconf 66' lang='lat' dir='ltr'><strong>memoriae,</strong></span> <span class='ocrx_word' id='word_1_167' title='bbox 1333 2539 1426 2592; x_wconf 92' lang='lat' dir='ltr'><strong>tibi</strong></span> <span class='ocrx_word' id='word_1_168' title='bbox 1461 2539 1728 2592; x_wconf 88' lang='lat' dir='ltr'><strong>desiderio</strong></span> <span class='ocrx_word' id='word_1_169' title='bbox 1757 2540 2078 2608; x_wconf 90' lang='lat' dir='ltr'><strong>conjunctus</strong></span> <span class='ocrx_word' id='word_1_170' title='bbox 2121 2557 2260 2594; x_wconf 87' lang='lat' dir='ltr'><strong>sutn.</strong></span> 
     </span>
    </p>
   </div>
   <div class='ocr_carea' id='block_1_26' title="bbox 710 2627 2263 2698">
    <p class='ocr_par' dir='ltr' id='par_1_26' title="bbox 710 2627 2263 2698">
     <span class='ocr_line' id='line_1_26' title="bbox 710 2627 2263 2698; baseline 0.005 -18"><span class='ocrx_word' id='word_1_171' title='bbox 710 2627 795 2680; x_wconf 77' lang='lat' dir='ltr'><strong>Me</strong></span> <span class='ocrx_word' id='word_1_172' title='bbox 830 2629 1053 2697; x_wconf 81' lang='lat' dir='ltr'><strong>suscepit</strong></span> <span class='ocrx_word' id='word_1_173' title='bbox 1092 2629 1305 2681; x_wconf 70' lang='lat' dir='ltr'><strong>dextera</strong></span> <span class='ocrx_word' id='word_1_174' title='bbox 1338 2637 1450 2683; x_wconf 87' lang='lat' dir='ltr'><strong>tua.</strong></span> <span class='ocrx_word' id='word_1_175' title='bbox 1483 2627 1664 2698; x_wconf 82' lang='lat' dir='ltr'><strong>Ecqua</strong></span> <span class='ocrx_word' id='word_1_176' title='bbox 1692 2639 1867 2684; x_wconf 87' lang='lat' dir='ltr'><strong>autem</strong></span> <span class='ocrx_word' id='word_1_177' title='bbox 1902 2629 2061 2684; x_wconf 84' lang='lat' dir='ltr'><strong>fuerit</strong></span> <span class='ocrx_word' id='word_1_178' title='bbox 2091 2630 2263 2687; x_wconf 83' lang='lat' dir='ltr'><strong>Patris</strong></span> 
     </span>
    </p>
   </div>
   <div class='ocr_carea' id='block_1_27' title="bbox 701 2719 1801 2789">
    <p class='ocr_par' dir='ltr' id='par_1_27' title="bbox 701 2719 1801 2789">
     <span class='ocr_line' id='line_1_27' title="bbox 701 2719 1801 2789; baseline 0 -15"><span class='ocrx_word' id='word_1_179' title='bbox 701 2721 940 2784; x_wconf 79' lang='lat' dir='ltr'><strong>dextera,</strong></span> <span class='ocrx_word' id='word_1_180' title='bbox 974 2721 1077 2774; x_wconf 87' lang='lat' dir='ltr'><strong>nisi</strong></span> <span class='ocrx_word' id='word_1_181' title='bbox 1108 2719 1418 2789; x_wconf 88' lang='lat' dir='ltr'><strong>unigenitus</strong></span> <span class='ocrx_word' id='word_1_182' title='bbox 1447 2720 1568 2788; x_wconf 88' lang='lat' dir='ltr'><strong>ejus</strong></span> <span class='ocrx_word' id='word_1_183' title='bbox 1594 2719 1801 2774; x_wconf 79' lang='lat' dir='ltr'><strong>Filius?</strong></span> 
     </span>
    </p>
   </div>
   <div class='ocr_carea' id='block_1_28' title="bbox 776 2897 2258 2968">
    <p class='ocr_par' dir='ltr' id='par_1_28' title="bbox 776 2897 2258 2968">
     <span class='ocr_line' id='line_1_28' title="bbox 776 2897 2258 2968; baseline 0.003 -16"><span class='ocrx_word' id='word_1_184' title='bbox 776 2897 858 2952; x_wconf 89' lang='lat' dir='ltr'><strong>l0.</strong></span> <span class='ocrx_word' id='word_1_185' title='bbox 887 2897 1000 2967; x_wconf 83' lang='lat' dir='ltr'><strong>Ipsi</strong></span> <span class='ocrx_word' id='word_1_186' title='bbox 1029 2915 1154 2953; x_wconf 77' lang='lat' dir='ltr'><strong>vero</strong></span> <span class='ocrx_word' id='word_1_187' title='bbox 1171 2902 1226 2953; x_wconf 90' lang='lat' dir='ltr'><strong>in</strong></span> <span class='ocrx_word' id='word_1_188' title='bbox 1250 2916 1440 2953; x_wconf 69' lang='lat' dir='ltr'><strong>canum</strong></span> <span class='ocrx_word' id='word_1_189' title='bbox 1465 2901 1785 2968; x_wconf 66' lang='lat' dir='ltr'><strong>quaesierunt</strong></span> <span class='ocrx_word' id='word_1_190' title='bbox 1815 2901 2046 2954; x_wconf 88' lang='lat' dir='ltr'><strong>animam</strong></span> <span class='ocrx_word' id='word_1_191' title='bbox 2075 2918 2258 2956; x_wconf 82' lang='lat' dir='ltr'><strong>meam.</strong></span> 
     </span>
    </p>
   </div>
   <div class='ocr_carea' id='block_1_29' title="bbox 703 2989 2258 3061">
    <p class='ocr_par' dir='ltr' id='par_1_29' title="bbox 703 2989 2258 3061">
     <span class='ocr_line' id='line_1_29' title="bbox 703 2989 2258 3061; baseline 0.005 -22"><span class='ocrx_word' id='word_1_192' title='bbox 703 2989 978 3045; x_wconf 88' lang='lat' dir='ltr'><strong>Occlamat</strong></span> <span class='ocrx_word' id='word_1_193' title='bbox 1028 2991 1245 3046; x_wconf 91' lang='lat' dir='ltr'><strong>demum</strong></span> <span class='ocrx_word' id='word_1_194' title='bbox 1297 2999 1485 3046; x_wconf 85' lang='lat' dir='ltr'><strong>contra</strong></span> <span class='ocrx_word' id='word_1_195' title='bbox 1534 2991 1877 3046; x_wconf 80' lang='lat' dir='ltr'><strong>adversarius</strong></span> <span class='ocrx_word' id='word_1_196' title='bbox 1941 3002 2258 3061; x_wconf 79' lang='lat' dir='ltr'><strong>potestates,</strong></span> 
     </span>
    </p>
   </div>
   <div class='ocr_carea' id='block_1_30' title="bbox 706 3081 2263 3153">
    <p class='ocr_par' dir='ltr' id='par_1_30' title="bbox 706 3081 2263 3153">
     <span class='ocr_line' id='line_1_30' title="bbox 706 3081 2263 3153; baseline 0.005 -22"><span class='ocrx_word' id='word_1_197' title='bbox 706 3081 812 3133; x_wconf 78' lang='lat' dir='ltr'><strong>vim</strong></span> <span class='ocrx_word' id='word_1_198' title='bbox 866 3081 1064 3134; x_wconf 89' lang='lat' dir='ltr'><strong>illatam</strong></span> <span class='ocrx_word' id='word_1_199' title='bbox 1119 3081 1221 3135; x_wconf 91' lang='lat' dir='ltr'><strong>sibi</strong></span> <span class='ocrx_word' id='word_1_200' title='bbox 1273 3082 1564 3150; x_wconf 86' lang='lat' dir='ltr'><strong>objicieus,</strong></span> <span class='ocrx_word' id='word_1_201' title='bbox 1609 3099 1804 3153; x_wconf 87' lang='lat' dir='ltr'><strong>rogans</strong></span> <span class='ocrx_word' id='word_1_202' title='bbox 1849 3086 2065 3138; x_wconf 69' lang='lat' dir='ltr'><strong>aeternis</strong></span> <span class='ocrx_word' id='word_1_203' title='bbox 2118 3085 2263 3153; x_wconf 87' lang='lat' dir='ltr'><strong>ipsas</strong></span> 
     </span>
    </p>
   </div>
   <div class='ocr_carea' id='block_1_31' title="bbox 705 3170 2332 3261">
    <p class='ocr_par' dir='ltr' id='par_1_31' title="bbox 705 3170 2332 3261">
     <span class='ocr_line' id='line_1_31' title="bbox 705 3170 2332 3261; baseline 0.006 -35"><span class='ocrx_word' id='word_1_204' title='bbox 705 3170 844 3226; x_wconf 88' lang='lat' dir='ltr'><strong>tradi</strong></span> <span class='ocrx_word' id='word_1_205' title='bbox 877 3171 1157 3241; x_wconf 90' lang='lat' dir='ltr'><strong>suppliciis</strong></span> <span class='ocrx_word' id='word_1_206' title='bbox 1186 3172 1318 3243; x_wconf 72' lang='grc'>(25).</span> <span class='ocrx_word' id='word_1_207' title='bbox 2288 3203 2332 3261; x_wconf 70' lang='grc' dir='ltr'>α</span> 
     </span>
    </p>
   </div>
   <div class='ocr_carea' id='block_1_32' title="bbox 773 3261 2262 3334">
    <p class='ocr_par' dir='ltr' id='par_1_32' title="bbox 773 3261 2262 3334">
     <span class='ocr_line' id='line_1_32' title="bbox 773 3261 2262 3334; baseline 0.003 -19"><span class='ocrx_word' id='word_1_208' title='bbox 773 3262 862 3316; x_wconf 72' lang='grc'><strong>12.</strong></span> <span class='ocrx_word' id='word_1_209' title='bbox 897 3261 1009 3317; x_wconf 78' lang='lat' dir='ltr'><strong>Rea:</strong></span> <span class='ocrx_word' id='word_1_210' title='bbox 1047 3279 1163 3317; x_wconf 81' lang='lat' dir='ltr'><strong>vero</strong></span> <span class='ocrx_word' id='word_1_211' title='bbox 1199 3264 1466 3318; x_wconf 74' lang='lat' dir='ltr'><strong>ltelabilur</strong></span> <span class='ocrx_word' id='word_1_212' title='bbox 1509 3265 1562 3316; x_wconf 87' lang='lat' dir='ltr'><strong>in</strong></span> <span class='ocrx_word' id='word_1_213' title='bbox 1608 3265 1735 3318; x_wconf 87' lang='lat' dir='ltr'><strong>Deo.</strong></span> <span class='ocrx_word' id='word_1_214' title='bbox 1778 3263 2066 3334; x_wconf 84' lang='lat' dir='ltr'><strong>Postquam</strong></span> <span class='ocrx_word' id='word_1_215' title='bbox 2101 3265 2262 3320; x_wconf 85' lang='lat' dir='ltr'><strong>linem</strong></span> 
     </span>
    </p>
   </div>
   <div class='ocr_carea' id='block_1_33' title="bbox 701 3356 2256 3426">
    <p class='ocr_par' dir='ltr' id='par_1_33' title="bbox 701 3356 2256 3426">
     <span class='ocr_line' id='line_1_33' title="bbox 701 3356 2256 3426; baseline 0.003 -18"><span class='ocrx_word' id='word_1_216' title='bbox 701 3367 891 3408; x_wconf 90' lang='lat' dir='ltr'><strong>eorum</strong></span> <span class='ocrx_word' id='word_1_217' title='bbox 925 3357 1202 3409; x_wconf 83' lang='lat' dir='ltr'><strong>enarravit</strong></span> <span class='ocrx_word' id='word_1_218' title='bbox 1226 3357 1319 3425; x_wconf 86' lang='lat' dir='ltr'><strong>qui</strong></span> <span class='ocrx_word' id='word_1_219' title='bbox 1347 3371 1472 3426; x_wconf 81' lang='lat' dir='ltr'><strong>erga</strong></span> <span class='ocrx_word' id='word_1_220' title='bbox 1519 3356 1800 3410; x_wconf 84' lang='lat' dir='ltr'><strong>Christum</strong></span> <span class='ocrx_word' id='word_1_221' title='bbox 1829 3358 1978 3426; x_wconf 88' lang='lat' dir='ltr'><strong>impii</strong></span> <span class='ocrx_word' id='word_1_222' title='bbox 2015 3357 2256 3421; x_wconf 80' lang='lat' dir='ltr'><strong>fuerunt,</strong></span> 
     </span>
    </p>
   </div>
   <div class='ocr_carea' id='block_1_34' title="bbox 700 3445 2264 3518">
    <p class='ocr_par' dir='ltr' id='par_1_34' title="bbox 700 3445 2264 3518">
     <span class='ocr_line' id='line_1_34' title="bbox 700 3445 2264 3518; baseline 0.003 -19"><span class='ocrx_word' id='word_1_223' title='bbox 700 3454 754 3499; x_wconf 92' lang='lat' dir='ltr'><strong>et</strong></span> <span class='ocrx_word' id='word_1_224' title='bbox 769 3445 1069 3502; x_wconf 85' lang='lat' dir='ltr'><strong>declaravit</strong></span> <span class='ocrx_word' id='word_1_225' title='bbox 1095 3448 1148 3502; x_wconf 90' lang='lat' dir='ltr'><strong>in</strong></span> <span class='ocrx_word' id='word_1_226' title='bbox 1181 3458 1386 3518; x_wconf 84' lang='lat' dir='ltr'><strong>partem</strong></span> <span class='ocrx_word' id='word_1_227' title='bbox 1416 3449 1549 3518; x_wconf 89' lang='lat' dir='ltr'><strong>ipsis</strong></span> <span class='ocrx_word' id='word_1_228' title='bbox 1565 3459 1618 3504; x_wconf 89' lang='lat' dir='ltr'><strong>et</strong></span> <span class='ocrx_word' id='word_1_229' title='bbox 1636 3462 1836 3504; x_wconf 88' lang='lat' dir='ltr'><strong>sortem</strong></span> <span class='ocrx_word' id='word_1_230' title='bbox 1867 3451 1981 3504; x_wconf 80' lang='lat' dir='ltr'><strong>fore</strong></span> <span class='ocrx_word' id='word_1_231' title='bbox 2007 3451 2264 3504; x_wconf 82' lang='lat' dir='ltr'><strong>inferiora</strong></span> 
     </span>
    </p>
   </div>
   <div class='ocr_carea' id='block_1_35' title="bbox 699 3539 2260 3604">
    <p class='ocr_par' dir='ltr' id='par_1_35' title="bbox 699 3539 2260 3604">
     <span class='ocr_line' id='line_1_35' title="bbox 699 3539 2260 3604; baseline 0.003 -14"><span class='ocrx_word' id='word_1_232' title='bbox 699 3547 878 3604; x_wconf 62' lang='lat' dir='ltr'><strong>terrai,</strong></span> <span class='ocrx_word' id='word_1_233' title='bbox 922 3539 990 3594; x_wconf 88' lang='lat' dir='ltr'><strong>ad</strong></span> <span class='ocrx_word' id='word_1_234' title='bbox 1031 3540 1197 3594; x_wconf 87' lang='lat' dir='ltr'><strong>alium</strong></span> <span class='ocrx_word' id='word_1_235' title='bbox 1246 3541 1529 3594; x_wconf 86' lang='lat' dir='ltr'><strong>hominum</strong></span> <span class='ocrx_word' id='word_1_236' title='bbox 1561 3550 1759 3594; x_wconf 90' lang='lat' dir='ltr'><strong>statum</strong></span> <span class='ocrx_word' id='word_1_237' title='bbox 1787 3550 1841 3594; x_wconf 86' lang='lat' dir='ltr'><strong>et</strong></span> <span class='ocrx_word' id='word_1_238' title='bbox 1866 3541 2112 3594; x_wconf 85' lang='lat' dir='ltr'><strong>ordinem</strong></span> <span class='ocrx_word' id='word_1_239' title='bbox 2145 3555 2260 3596; x_wconf 89' lang='lat' dir='ltr'><strong>ser-</strong></span> 
     </span>
    </p>
   </div>
   <div class='ocr_carea' id='block_1_36' title="bbox 699 3629 2260 3700">
    <p class='ocr_par' dir='ltr' id='par_1_36' title="bbox 699 3629 2260 3700">
     <span class='ocr_line' id='line_1_36' title="bbox 699 3629 2260 3700; baseline 0.004 -20"><span class='ocrx_word' id='word_1_240' title='bbox 699 3643 916 3682; x_wconf 88' lang='lat' dir='ltr'><strong>monem</strong></span> <span class='ocrx_word' id='word_1_241' title='bbox 945 3629 1243 3694; x_wconf 86' lang='lat' dir='ltr'><strong>convertit,</strong></span> <span class='ocrx_word' id='word_1_242' title='bbox 1295 3630 1348 3684; x_wconf 92' lang='lat' dir='ltr'><strong>id</strong></span> <span class='ocrx_word' id='word_1_243' title='bbox 1393 3639 1510 3696; x_wconf 85' lang='lat' dir='ltr'><strong>est,</strong></span> <span class='ocrx_word' id='word_1_244' title='bbox 1559 3646 1746 3685; x_wconf 88' lang='lat' dir='ltr'><strong>eorum</strong></span> <span class='ocrx_word' id='word_1_245' title='bbox 1777 3631 1869 3700; x_wconf 92' lang='lat' dir='ltr'><strong>qui</strong></span> <span class='ocrx_word' id='word_1_246' title='bbox 1900 3632 1953 3684; x_wconf 89' lang='lat' dir='ltr'><strong>in</strong></span> <span class='ocrx_word' id='word_1_247' title='bbox 1988 3630 2260 3686; x_wconf 87' lang='lat' dir='ltr'><strong>Christum</strong></span> 
     </span>
    </p>
   </div>
   <div class='ocr_carea' id='block_1_37' title="bbox 699 3717 2261 3792">
    <p class='ocr_par' dir='ltr' id='par_1_37' title="bbox 699 3717 2261 3792">
     <span class='ocr_line' id='line_1_37' title="bbox 699 3717 2261 3792; baseline 0.004 -21"><span class='ocrx_word' id='word_1_248' title='bbox 699 3717 1082 3787; x_wconf 86' lang='lat' dir='ltr'><strong>crediderunt,</strong></span> <span class='ocrx_word' id='word_1_249' title='bbox 1118 3719 1210 3788; x_wconf 92' lang='lat' dir='ltr'><strong>qui</strong></span> <span class='ocrx_word' id='word_1_250' title='bbox 1238 3735 1361 3775; x_wconf 92' lang='lat' dir='ltr'><strong>cum</strong></span> <span class='ocrx_word' id='word_1_251' title='bbox 1406 3737 1572 3791; x_wconf 80' lang='lat' dir='ltr'><strong>regno</strong></span> <span class='ocrx_word' id='word_1_252' title='bbox 1601 3724 1862 3777; x_wconf 70' lang='lat' dir='ltr'><strong>caelorum</strong></span> <span class='ocrx_word' id='word_1_253' title='bbox 1893 3723 2099 3792; x_wconf 86' lang='lat' dir='ltr'><strong>dignati</strong></span> <span class='ocrx_word' id='word_1_254' title='bbox 2133 3724 2261 3792; x_wconf 89' lang='lat' dir='ltr'><strong>sint,</strong></span> 
     </span>
    </p>
   </div>
   <div class='ocr_carea' id='block_1_38' title="bbox 701 3808 2258 3882">
    <p class='ocr_par' dir='ltr' id='par_1_38' title="bbox 701 3808 2258 3882">
     <span class='ocr_line' id='line_1_38' title="bbox 701 3808 2258 3882; baseline 0.004 -21"><span class='ocrx_word' id='word_1_255' title='bbox 701 3822 856 3878; x_wconf 78' lang='lat' dir='ltr'><strong>reges</strong></span> <span class='ocrx_word' id='word_1_256' title='bbox 889 3808 1012 3876; x_wconf 89' lang='lat' dir='ltr'><strong>jure</strong></span> <span class='ocrx_word' id='word_1_257' title='bbox 1043 3820 1343 3878; x_wconf 84' lang='lat' dir='ltr'><strong>vocantur,</strong></span> <span class='ocrx_word' id='word_1_258' title='bbox 1367 3811 1522 3881; x_wconf 76' lang='lat' dir='ltr'><strong>juxta</strong></span> <span class='ocrx_word' id='word_1_259' title='bbox 1565 3812 1693 3866; x_wconf 91' lang='lat' dir='ltr'><strong>illud</strong></span> <span class='ocrx_word' id='word_1_260' title='bbox 1739 3813 1942 3866; x_wconf 85' lang='lat' dir='ltr'><strong>dictum</strong></span> <span class='ocrx_word' id='word_1_261' title='bbox 1971 3812 2258 3882; x_wconf 78' lang='lat' dir='ltr'><strong>Apostoli:</strong></span> 
     </span>
    </p>
   </div>
   <div class='ocr_carea' id='block_1_39' title="bbox 702 3897 2256 3973">
    <p class='ocr_par' dir='ltr' id='par_1_39' title="bbox 702 3897 2256 3973">
     <span class='ocr_line' id='line_1_39' title="bbox 702 3897 2256 3973; baseline 0.006 -23"><span class='ocrx_word' id='word_1_262' title='bbox 702 3897 770 3950; x_wconf 82' lang='lat' dir='ltr'><strong>Et</strong></span> <span class='ocrx_word' id='word_1_263' title='bbox 805 3901 1009 3952; x_wconf 79' lang='lat' dir='ltr'><strong>utinam</strong></span> <span class='ocrx_word' id='word_1_264' title='bbox 1037 3901 1342 3970; x_wconf 81' lang='lat' dir='ltr'><strong>regnetis”.</strong></span> <span class='ocrx_word' id='word_1_265' title='bbox 1391 3901 1488 3955; x_wconf 90' lang='lat' dir='ltr'><strong>llic</strong></span> <span class='ocrx_word' id='word_1_266' title='bbox 1519 3910 1700 3956; x_wconf 84' lang='lat' dir='ltr'><strong>autem</strong></span> <span class='ocrx_word' id='word_1_267' title='bbox 1740 3912 1855 3955; x_wconf 88' lang='lat' dir='ltr'><strong>erat</strong></span> <span class='ocrx_word' id='word_1_268' title='bbox 1899 3903 2128 3972; x_wconf 88' lang='lat' dir='ltr'><strong>populus</strong></span> <span class='ocrx_word' id='word_1_269' title='bbox 2161 3905 2256 3973; x_wconf 88' lang='lat' dir='ltr'><strong>qui</strong></span> 
     </span>
    </p>
   </div>
   <div class='ocr_carea' id='block_1_40' title="bbox 701 3987 2263 4062">
    <p class='ocr_par' dir='ltr' id='par_1_40' title="bbox 701 3987 2263 4062">
     <span class='ocr_line' id='line_1_40' title="bbox 701 3987 2263 4062; baseline 0.006 -23"><span class='ocrx_word' id='word_1_270' title='bbox 701 3987 978 4056; x_wconf 78' lang='lat' dir='ltr'><strong>regnabat,</strong></span> <span class='ocrx_word' id='word_1_271' title='bbox 1010 3989 1213 4057; x_wconf 90' lang='lat' dir='ltr'><strong>quique</strong></span> <span class='ocrx_word' id='word_1_272' title='bbox 1240 3989 1524 4043; x_wconf 66' lang='lat' dir='ltr'><strong>laetabatur</strong></span> <span class='ocrx_word' id='word_1_273' title='bbox 1564 3991 1745 4045; x_wconf 69' lang='lat' dir='ltr'><strong>lzetitia</strong></span> <span class='ocrx_word' id='word_1_274' title='bbox 1772 3992 2073 4060; x_wconf 83' lang='lat' dir='ltr'><strong>spirituali,</strong></span> <span class='ocrx_word' id='word_1_275' title='bbox 2100 4009 2263 4062; x_wconf 88' lang='lat' dir='ltr'><strong>quam</strong></span> 
     </span>
    </p>
   </div>
   <div class='ocr_carea' id='block_1_41' title="bbox 703 4076 2265 4156">
    <p class='ocr_par' dir='ltr' id='par_1_41' title="bbox 703 4076 2265 4156">
     <span class='ocr_line' id='line_1_41' title="bbox 703 4076 2265 4156; baseline 0.006 -26"><span class='ocrx_word' id='word_1_276' title='bbox 703 4077 804 4146; x_wconf 89' lang='lat' dir='ltr'><strong>ipsi</strong></span> <span class='ocrx_word' id='word_1_277' title='bbox 827 4076 966 4133; x_wconf 89' lang='lat' dir='ltr'><strong>Deus</strong></span> <span class='ocrx_word' id='word_1_278' title='bbox 995 4081 1108 4148; x_wconf 88' lang='lat' dir='ltr'><strong>ipse</strong></span> <span class='ocrx_word' id='word_1_279' title='bbox 1139 4081 1365 4151; x_wconf 81' lang='lat' dir='ltr'><strong>largitus</strong></span> <span class='ocrx_word' id='word_1_280' title='bbox 1398 4089 1501 4136; x_wconf 83' lang='lat' dir='ltr'><strong>est.</strong></span> <span class='ocrx_word' id='word_1_281' title='bbox 1533 4081 1665 4153; x_wconf 78' lang='lat' dir='ltr'><strong>Ego,</strong></span> <span class='ocrx_word' id='word_1_282' title='bbox 1701 4083 1893 4152; x_wconf 86' lang='lat' dir='ltr'><strong>inquit,</strong></span> <span class='ocrx_word' id='word_1_283' title='bbox 1917 4084 2011 4153; x_wconf 89' lang='lat' dir='ltr'><strong>qui</strong></span> <span class='ocrx_word' id='word_1_284' title='bbox 2037 4100 2265 4156; x_wconf 82' lang='lat' dir='ltr'><strong>regnum</strong></span> 
     </span>
    </p>
   </div>
   <div class='ocr_carea' id='block_1_42' title="bbox 702 4169 2269 4246">
    <p class='ocr_par' dir='ltr' id='par_1_42' title="bbox 702 4169 2269 4246">
     <span class='ocr_line' id='line_1_42' title="bbox 702 4169 2269 4246; baseline 0.006 -24"><span class='ocrx_word' id='word_1_285' title='bbox 702 4169 882 4238; x_wconf 86' lang='lat' dir='ltr'><strong>accepi</strong></span> <span class='ocrx_word' id='word_1_286' title='bbox 916 4171 982 4224; x_wconf 88' lang='lat' dir='ltr'><strong>de</strong></span> <span class='ocrx_word' id='word_1_287' title='bbox 1021 4173 1224 4226; x_wconf 75' lang='lat' dir='ltr'><strong>auxilio</strong></span> <span class='ocrx_word' id='word_1_288' title='bbox 1257 4181 1382 4237; x_wconf 92' lang='lat' dir='ltr'><strong>tuo,</strong></span> <span class='ocrx_word' id='word_1_289' title='bbox 1420 4189 1528 4228; x_wconf 92' lang='lat' dir='ltr'><strong>uon</strong></span> <span class='ocrx_word' id='word_1_290' title='bbox 1557 4174 1624 4227; x_wconf 87' lang='lat' dir='ltr'><strong>de</strong></span> <span class='ocrx_word' id='word_1_291' title='bbox 1659 4175 1899 4242; x_wconf 88' lang='lat' dir='ltr'><strong>ipsorum</strong></span> <span class='ocrx_word' id='word_1_292' title='bbox 1935 4186 2106 4230; x_wconf 88' lang='lat' dir='ltr'><strong>morte</strong></span> <span class='ocrx_word' id='word_1_293' title='bbox 2136 4193 2269 4246; x_wconf 82' lang='lat' dir='ltr'><strong>gau-</strong></span> 
     </span>
    </p>
   </div>
   <div class='ocr_carea' id='block_1_43' title="bbox 703 4259 2267 4334">
    <p class='ocr_par' dir='ltr' id='par_1_43' title="bbox 703 4259 2267 4334">
     <span class='ocr_line' id='line_1_43' title="bbox 703 4259 2267 4334; baseline 0.006 -21"><span class='ocrx_word' id='word_1_294' title='bbox 703 4260 822 4314; x_wconf 87' lang='lat' dir='ltr'><strong>deo.</strong></span> <span class='ocrx_word' id='word_1_295' title='bbox 856 4259 1240 4314; x_wconf 86' lang='lat' dir='ltr'><strong>Laudabuntur</strong></span> <span class='ocrx_word' id='word_1_296' title='bbox 1269 4280 1444 4317; x_wconf 87' lang='lat' dir='ltr'><strong>omnes</strong></span> <span class='ocrx_word' id='word_1_297' title='bbox 1474 4265 1564 4332; x_wconf 87' lang='lat' dir='ltr'><strong>qui</strong></span> <span class='ocrx_word' id='word_1_298' title='bbox 1598 4265 1786 4332; x_wconf 86' lang='lat' dir='ltr'><strong>jurant</strong></span> <span class='ocrx_word' id='word_1_299' title='bbox 1830 4269 1880 4317; x_wconf 83' lang='lat' dir='ltr'><strong>iu</strong></span> <span class='ocrx_word' id='word_1_300' title='bbox 1911 4282 1990 4318; x_wconf 91' lang='lat' dir='ltr'><strong>eo.</strong></span> <span class='ocrx_word' id='word_1_301' title='bbox 2033 4266 2107 4322; x_wconf 85' lang='lat' dir='ltr'><strong>Ita</strong></span> <span class='ocrx_word' id='word_1_302' title='bbox 2131 4309 2146 4334; x_wconf 93' lang='lat'><strong>,</strong></span> <span class='ocrx_word' id='word_1_303' title='bbox 2185 4271 2267 4322; x_wconf 83' lang='lat' dir='ltr'><strong>in-</strong></span> 
     </span>
    </p>
   </div>
   <div class='ocr_carea' id='block_1_44' title="bbox 703 4350 2267 4421">
    <p class='ocr_par' dir='ltr' id='par_1_44' title="bbox 703 4350 2267 4421">
     <span class='ocr_line' id='line_1_44' title="bbox 703 4350 2267 4421; baseline 0.006 -16"><span class='ocrx_word' id='word_1_304' title='bbox 703 4350 840 4419; x_wconf 88' lang='lat' dir='ltr'><strong>quit,</strong></span> <span class='ocrx_word' id='word_1_305' title='bbox 873 4351 1044 4421; x_wconf 84' lang='lat' dir='ltr'><strong>gloria</strong></span> <span class='ocrx_word' id='word_1_306' title='bbox 1078 4352 1317 4421; x_wconf 87' lang='lat' dir='ltr'><strong>ipsorum</strong></span> <span class='ocrx_word' id='word_1_307' title='bbox 1349 4353 1604 4408; x_wconf 85' lang='lat' dir='ltr'><strong>Christus</strong></span> <span class='ocrx_word' id='word_1_308' title='bbox 1632 4354 1754 4418; x_wconf 89' lang='lat' dir='ltr'><strong>erit,</strong></span> <span class='ocrx_word' id='word_1_309' title='bbox 1787 4371 1978 4410; x_wconf 86' lang='lat' dir='ltr'><strong>eorum</strong></span> <span class='ocrx_word' id='word_1_310' title='bbox 2020 4359 2267 4414; x_wconf 73' lang='lat' dir='ltr'><strong>videlicet</strong></span> 
     </span>
    </p>
   </div>
   <div class='ocr_carea' id='block_1_45' title="bbox 701 4445 2267 4519">
    <p class='ocr_par' dir='ltr' id='par_1_45' title="bbox 701 4445 2267 4519">
     <span class='ocr_line' id='line_1_45' title="bbox 701 4445 2267 4519; baseline 0.005 -23"><span class='ocrx_word' id='word_1_311' title='bbox 701 4445 796 4512; x_wconf 89' lang='lat' dir='ltr'><strong>qui</strong></span> <span class='ocrx_word' id='word_1_312' title='bbox 843 4445 1179 4514; x_wconf 80' lang='lat' dir='ltr'><strong>regnabant;</strong></span> <span class='ocrx_word' id='word_1_313' title='bbox 1215 4456 1270 4499; x_wconf 90' lang='lat' dir='ltr'><strong>ut</strong></span> <span class='ocrx_word' id='word_1_314' title='bbox 1293 4447 1417 4514; x_wconf 87' lang='lat' dir='ltr'><strong>jure</strong></span> <span class='ocrx_word' id='word_1_315' title='bbox 1447 4447 1757 4510; x_wconf 89' lang='lat' dir='ltr'><strong>laudentur,</strong></span> <span class='ocrx_word' id='word_1_316' title='bbox 1792 4449 1920 4518; x_wconf 92' lang='lat' dir='ltr'><strong>quia</strong></span> <span class='ocrx_word' id='word_1_317' title='bbox 1963 4465 2086 4503; x_wconf 91' lang='lat' dir='ltr'><strong>eum</strong></span> <span class='ocrx_word' id='word_1_318' title='bbox 2114 4451 2267 4519; x_wconf 89' lang='lat' dir='ltr'><strong>jura-</strong></span> 
     </span>
    </p>
   </div>
   <div class='ocr_carea' id='block_1_46' title="bbox 2367 611 3004 684">
    <p class='ocr_par' dir='ltr' id='par_1_46' title="bbox 2367 611 3004 684">
     <span class='ocr_line' id='line_1_46' title="bbox 2367 611 3004 684; baseline -0.006 -16"><span class='ocrx_word' id='word_1_319' title='bbox 2367 614 2787 684; x_wconf 85' lang='grc' dir='ltr'><em>ἐπικαλούμενος</em></span> <span class='ocrx_word' id='word_1_320' title='bbox 2816 611 3004 682; x_wconf 75' lang='grc' dir='ltr'><em>ὄνομα.</em></span> 
     </span>
    </p>
   </div>
   <div class='ocr_carea' id='block_1_47' title="bbox 2447 700 3922 773">
    <p class='ocr_par' dir='ltr' id='par_1_47' title="bbox 2447 700 3922 773">
     <span class='ocr_line' id='line_1_47' title="bbox 2447 700 3922 773; baseline -0.007 -11"><span class='ocrx_word' id='word_1_321' title='bbox 2447 709 2542 773; x_wconf 77' lang='grc' dir='ltr'><strong>Ὠς</strong></span> <span class='ocrx_word' id='word_1_322' title='bbox 2559 708 2627 760; x_wconf 80' lang='grc' dir='ltr'><strong>ἐκ</strong></span> <span class='ocrx_word' id='word_1_323' title='bbox 2679 705 2932 770; x_wconf 84' lang='grc' dir='ltr'><strong>στέατος</strong></span> <span class='ocrx_word' id='word_1_324' title='bbox 2966 703 3068 756; x_wconf 81' lang='grc' dir='ltr'><strong>καί</strong></span> <span class='ocrx_word' id='word_1_325' title='bbox 3125 702 3403 768; x_wconf 75' lang='grc' dir='ltr'><em>πιότητος</em></span> <span class='ocrx_word' id='word_1_326' title='bbox 3461 700 3834 770; x_wconf 75' lang='grc' dir='ltr'><strong>ἐμπλησθείη</strong></span> <span class='ocrx_word' id='word_1_327' title='bbox 3885 702 3922 767; x_wconf 82' lang='grc' dir='ltr'><strong><em>ή</em></strong></span> 
     </span>
    </p>
   </div>
   <div class='ocr_carea' id='block_1_48' title="bbox 2368 790 3924 867">
    <p class='ocr_par' dir='ltr' id='par_1_48' title="bbox 2368 790 3924 867">
     <span class='ocr_line' id='line_1_48' title="bbox 2368 790 3924 867; baseline -0.006 -14"><span class='ocrx_word' id='word_1_328' title='bbox 2368 797 2534 867; x_wconf 66' lang='grc' dir='ltr'><em>ψυχή</em></span> <span class='ocrx_word' id='word_1_329' title='bbox 2560 816 2691 866; x_wconf 87' lang='grc' dir='ltr'><em>μου.</em></span> <span class='ocrx_word' id='word_1_330' title='bbox 2725 797 2973 849; x_wconf 87' lang='grc' dir='ltr'><em>Δείκνυσι</em></span> <span class='ocrx_word' id='word_1_331' title='bbox 3008 793 3170 848; x_wconf 84' lang='grc' dir='ltr'><em>πόσον</em></span> <span class='ocrx_word' id='word_1_332' title='bbox 3196 792 3257 846; x_wconf 80' lang='grc' dir='ltr'><em>τὸ</em></span> <span class='ocrx_word' id='word_1_333' title='bbox 3294 791 3483 864; x_wconf 80' lang='grc' dir='ltr'><strong>κέρδος</strong></span> <span class='ocrx_word' id='word_1_334' title='bbox 3511 791 3619 845; x_wconf 84' lang='grc' dir='ltr'><em>τῶν</em></span> <span class='ocrx_word' id='word_1_335' title='bbox 3663 793 3751 844; x_wconf 80' lang='grc' dir='ltr'><em>ἐπ’</em></span> <span class='ocrx_word' id='word_1_336' title='bbox 3782 790 3924 860; x_wconf 81' lang='grc' dir='ltr'><em>αὐτῷ</em></span> 
     </span>
    </p>
   </div>
   <div class='ocr_carea' id='block_1_49' title="bbox 2371 882 3928 960">
    <p class='ocr_par' dir='ltr' id='par_1_49' title="bbox 2371 882 3928 960">
     <span class='ocr_line' id='line_1_49' title="bbox 2371 882 3928 960; baseline -0.004 -18"><span class='ocrx_word' id='word_1_337' title='bbox 2371 890 2513 960; x_wconf 82' lang='grc' dir='ltr'><em>μόνῳ</em></span> <span class='ocrx_word' id='word_1_338' title='bbox 2539 889 2636 952; x_wconf 90' lang='grc' dir='ltr'><strong>τάς</strong></span> <span class='ocrx_word' id='word_1_339' title='bbox 2665 889 2886 950; x_wconf 78' lang='grc' dir='ltr'><strong>ἐλπίδας</strong></span> <span class='ocrx_word' id='word_1_340' title='bbox 2914 887 3056 956; x_wconf 76' lang='grc' dir='ltr'><em>ἔχειν</em></span> <span class='ocrx_word' id='word_1_341' title='bbox 3088 885 3396 956; x_wconf 79' lang='grc' dir='ltr'><strong>ᾑρημένων.</strong></span> <span class='ocrx_word' id='word_1_342' title='bbox 3418 884 3526 937; x_wconf 75' lang='grc' dir='ltr'><em>Καὶ</em></span> <span class='ocrx_word' id='word_1_343' title='bbox 3557 883 3730 950; x_wconf 75' lang='grc' dir='ltr'><em>χείλη</em></span> <span class='ocrx_word' id='word_1_344' title='bbox 3751 882 3928 951; x_wconf 69' lang='grc' dir='ltr'><em>ἀταλ-</em></span> 
     </span>
    </p>
   </div>
   <div class='ocr_carea' id='block_1_50' title="bbox 2367 973 3927 1048">
    <p class='ocr_par' dir='ltr' id='par_1_50' title="bbox 2367 973 3927 1048">
     <span class='ocr_line' id='line_1_50' title="bbox 2367 973 3927 1048; baseline -0.007 -12"><span class='ocrx_word' id='word_1_345' title='bbox 2367 981 2623 1048; x_wconf 80' lang='grc' dir='ltr'><em>λιάσεως</em></span> <span class='ocrx_word' id='word_1_346' title='bbox 2648 981 2872 1034; x_wconf 74' lang='grc' dir='ltr'><em>αἰνέσει</em></span> <span class='ocrx_word' id='word_1_347' title='bbox 2894 979 2956 1032; x_wconf 83' lang='grc' dir='ltr'><em>τὸ</em></span> <span class='ocrx_word' id='word_1_348' title='bbox 2983 979 3176 1047; x_wconf 85' lang='grc' dir='ltr'><em>στόμα</em></span> <span class='ocrx_word' id='word_1_349' title='bbox 3197 995 3338 1046; x_wconf 86' lang='grc' dir='ltr'><em>μου.</em></span> <span class='ocrx_word' id='word_1_350' title='bbox 3388 976 3554 1029; x_wconf 78' lang='grc' dir='ltr'><em>Ὅταν</em></span> <span class='ocrx_word' id='word_1_351' title='bbox 3573 1015 3587 1040; x_wconf 92' lang='grc'><strong>,</strong></span> <span class='ocrx_word' id='word_1_352' title='bbox 3635 975 3796 1046; x_wconf 62' lang='grc' dir='ltr'><em>φησι,</em></span> <span class='ocrx_word' id='word_1_353' title='bbox 3836 973 3927 1026; x_wconf 77' lang='grc' dir='ltr'><em>τοῦ</em></span> 
     </span>
    </p>
   </div>
   <div class='ocr_carea' id='block_1_51' title="bbox 2369 1066 3928 1144">
    <p class='ocr_par' dir='ltr' id='par_1_51' title="bbox 2369 1066 3928 1144">
     <span class='ocr_line' id='line_1_51' title="bbox 2369 1066 3928 1144; baseline -0.006 -18"><span class='ocrx_word' id='word_1_354' title='bbox 2369 1073 2462 1126; x_wconf 84' lang='grc' dir='ltr'>σοῦ</span> <span class='ocrx_word' id='word_1_355' title='bbox 2492 1075 2549 1126; x_wconf 86' lang='grc' dir='ltr'><strong>ἐν</strong></span> <span class='ocrx_word' id='word_1_356' title='bbox 2579 1075 2768 1144; x_wconf 76' lang='grc' dir='ltr'><em>μνήμῃ</em></span> <span class='ocrx_word' id='word_1_357' title='bbox 2791 1071 3054 1141; x_wconf 85' lang='grc' dir='ltr'><em>ὀνόματος</em></span> <span class='ocrx_word' id='word_1_358' title='bbox 3075 1069 3334 1140; x_wconf 89' lang='grc' dir='ltr'><em>γίνωμαι,</em></span> <span class='ocrx_word' id='word_1_359' title='bbox 3354 1068 3473 1121; x_wconf 86' lang='grc' dir='ltr'><em>τότε</em></span> <span class='ocrx_word' id='word_1_360' title='bbox 3501 1067 3565 1137; x_wconf 83' lang='grc' dir='ltr'><em>δὴ</em></span> <span class='ocrx_word' id='word_1_361' title='bbox 3597 1066 3718 1119; x_wconf 86' lang='grc' dir='ltr'><em>τότε</em></span> <span class='ocrx_word' id='word_1_362' title='bbox 3759 1067 3928 1136; x_wconf 76' lang='grc' dir='ltr'><em>χαρᾶς</em></span> 
     </span>
    </p>
   </div>
   <div class='ocr_carea' id='block_1_52' title="bbox 2371 1163 3085 1236">
    <p class='ocr_par' dir='ltr' id='par_1_52' title="bbox 2371 1163 3085 1236">
     <span class='ocr_line' id='line_1_52' title="bbox 2371 1163 3085 1236; baseline -0.003 -20"><span class='ocrx_word' id='word_1_363' title='bbox 2371 1165 2665 1236; x_wconf 81' lang='grc' dir='ltr'><strong>πληροῦται</strong></span> <span class='ocrx_word' id='word_1_364' title='bbox 2695 1164 2760 1216; x_wconf 73' lang='grc' dir='ltr'><em>τὰ</em></span> <span class='ocrx_word' id='word_1_365' title='bbox 2785 1163 2936 1233; x_wconf 86' lang='grc' dir='ltr'><em>χείλη</em></span> <span class='ocrx_word' id='word_1_366' title='bbox 2965 1180 3085 1232; x_wconf 90' lang='grc' dir='ltr'><em>μου.</em></span> 
     </span>
    </p>
   </div>
   <div class='ocr_carea' id='block_1_53' title="bbox 2438 1249 3929 1325">
    <p class='ocr_par' dir='ltr' id='par_1_53' title="bbox 2438 1249 3929 1325">
     <span class='ocr_line' id='line_1_53' title="bbox 2438 1249 3929 1325; baseline -0.005 -15"><span class='ocrx_word' id='word_1_367' title='bbox 2438 1259 2506 1310; x_wconf 82' lang='grc' dir='ltr'><strong>Εἰ</strong></span> <span class='ocrx_word' id='word_1_368' title='bbox 2529 1255 2936 1325; x_wconf 80' lang='grc' dir='ltr'><em>ἑμνημόνευόν</em></span> <span class='ocrx_word' id='word_1_369' title='bbox 2963 1269 3078 1307; x_wconf 90' lang='grc' dir='ltr'><strong>σου</strong></span> <span class='ocrx_word' id='word_1_370' title='bbox 3103 1253 3199 1306; x_wconf 77' lang='grc' dir='ltr'><em>ἐπὶ</em></span> <span class='ocrx_word' id='word_1_371' title='bbox 3222 1250 3328 1319; x_wconf 81' lang='grc' dir='ltr'><em>τῆς</em></span> <span class='ocrx_word' id='word_1_372' title='bbox 3351 1250 3662 1320; x_wconf 79' lang='grc' dir='ltr'><strong>στρωμνῆς</strong></span> <span class='ocrx_word' id='word_1_373' title='bbox 3675 1268 3818 1320; x_wconf 88' lang='grc' dir='ltr'><em>μου.</em></span> <span class='ocrx_word' id='word_1_374' title='bbox 3839 1249 3929 1315; x_wconf 76' lang='grc' dir='ltr'><strong>Τὸ,</strong></span> 
     </span>
    </p>
   </div>
   <div class='ocr_carea' id='block_1_54' title="bbox 2370 1341 3928 1417">
    <p class='ocr_par' dir='ltr' id='par_1_54' title="bbox 2370 1341 3928 1417">
     <span class='ocr_line' id='line_1_54' title="bbox 2370 1341 3928 1417; baseline -0.006 -15"><span class='ocrx_word' id='word_1_375' title='bbox 2370 1350 2437 1402; x_wconf 82' lang='lat' dir='ltr'><strong>El</strong></span> <span class='ocrx_word' id='word_1_376' title='bbox 2460 1348 2887 1417; x_wconf 79' lang='grc' dir='ltr'><strong>ἐμνημόνευον,</strong></span> <span class='ocrx_word' id='word_1_377' title='bbox 2916 1346 3036 1400; x_wconf 76' lang='grc' dir='ltr'><em>ἀντὶ</em></span> <span class='ocrx_word' id='word_1_378' title='bbox 3062 1344 3177 1410; x_wconf 75' lang='grc' dir='ltr'><em>τοῦ,</em></span> <span class='ocrx_word' id='word_1_379' title='bbox 3216 1343 3625 1414; x_wconf 74' lang='grc' dir='ltr'><strong>μνημονεύων,</strong></span> <span class='ocrx_word' id='word_1_380' title='bbox 3659 1341 3928 1395; x_wconf 77' lang='grc' dir='ltr'><em>τέθειταιο</em></span> 
     </span>
    </p>
   </div>
   <div class='ocr_carea' id='block_1_55' title="bbox 2369 1433 3932 1511">
    <p class='ocr_par' dir='ltr' id='par_1_55' title="bbox 2369 1433 3932 1511">
     <span class='ocr_line' id='line_1_55' title="bbox 2369 1433 3932 1511; baseline -0.004 -20"><span class='ocrx_word' id='word_1_381' title='bbox 2369 1439 2454 1491; x_wconf 78' lang='grc' dir='ltr'><em>ἵνα</em></span> <span class='ocrx_word' id='word_1_382' title='bbox 2483 1433 2538 1511; x_wconf 85' lang='grc' dir='ltr'><em>ᾖ,</em></span> <span class='ocrx_word' id='word_1_383' title='bbox 2598 1437 2947 1508; x_wconf 81' lang='grc' dir='ltr'><strong>μνημονεύων</strong></span> <span class='ocrx_word' id='word_1_384' title='bbox 2998 1452 3088 1488; x_wconf 88' lang='grc' dir='ltr'><strong>σου</strong></span> <span class='ocrx_word' id='word_1_385' title='bbox 3109 1475 3124 1500; x_wconf 92' lang='grc'><strong>,</strong></span> <span class='ocrx_word' id='word_1_386' title='bbox 3185 1435 3347 1505; x_wconf 70' lang='grc' dir='ltr'><em>φησὶν</em></span> <span class='ocrx_word' id='word_1_387' title='bbox 3368 1472 3383 1496; x_wconf 87' lang='grc'><strong>,</strong></span> <span class='ocrx_word' id='word_1_388' title='bbox 3427 1434 3628 1496; x_wconf 59' lang='lat' dir='ltr'><strong>suam;</strong></span> <span class='ocrx_word' id='word_1_389' title='bbox 3669 1433 3932 1503; x_wconf 71' lang='grc' dir='ltr'><em>ἐγενόμην</em></span> 
     </span>
    </p>
   </div>
   <div class='ocr_carea' id='block_1_56' title="bbox 2371 1525 3932 1601">
    <p class='ocr_par' dir='ltr' id='par_1_56' title="bbox 2371 1525 3932 1601">
     <span class='ocr_line' id='line_1_56' title="bbox 2371 1525 3932 1601; baseline -0.005 -18"><span class='ocrx_word' id='word_1_390' title='bbox 2371 1548 2434 1584; x_wconf 84' lang='grc' dir='ltr'><strong>πε</strong></span> <span class='ocrx_word' id='word_1_391' title='bbox 2443 1531 2497 1601; x_wconf 72' lang='lat' dir='ltr'><strong>pi.</strong></span> <span class='ocrx_word' id='word_1_392' title='bbox 2519 1531 2616 1593; x_wconf 90' lang='grc' dir='ltr'><em>τάς</em></span> <span class='ocrx_word' id='word_1_393' title='bbox 2650 1529 2747 1594; x_wconf 78' lang='grc' dir='ltr'><em>σὰς</em></span> <span class='ocrx_word' id='word_1_394' title='bbox 2777 1529 3030 1594; x_wconf 84' lang='grc' dir='ltr'><em>αίνὲσεις,</em></span> <span class='ocrx_word' id='word_1_395' title='bbox 3057 1526 3152 1580; x_wconf 73' lang='grc' dir='ltr'><em>καὶ</em></span> <span class='ocrx_word' id='word_1_396' title='bbox 3179 1525 3275 1590; x_wconf 77' lang='grc' dir='ltr'><strong>τὰς</strong></span> <span class='ocrx_word' id='word_1_397' title='bbox 3303 1529 3568 1595; x_wconf 75' lang='grc' dir='ltr'><em>φωτεινάς</em></span> <span class='ocrx_word' id='word_1_398' title='bbox 3618 1541 3710 1577; x_wconf 92' lang='grc' dir='ltr'><strong>σου</strong></span> <span class='ocrx_word' id='word_1_399' title='bbox 3770 1541 3932 1593; x_wconf 80' lang='grc' dir='ltr'><em>χορη-</em></span> 
     </span>
    </p>
   </div>
   <div class='ocr_carea' id='block_1_57' title="bbox 2367 1613 3934 1687">
    <p class='ocr_par' dir='ltr' id='par_1_57' title="bbox 2367 1613 3934 1687">
     <span class='ocr_line' id='line_1_57' title="bbox 2367 1613 3934 1687; baseline -0.003 -17"><span class='ocrx_word' id='word_1_400' title='bbox 2367 1619 2514 1686; x_wconf 87' lang='grc' dir='ltr'><em>γίας,</em></span> <span class='ocrx_word' id='word_1_401' title='bbox 2539 1618 2604 1681; x_wconf 73' lang='grc' dir='ltr'><strong>ἃς</strong></span> <span class='ocrx_word' id='word_1_402' title='bbox 2636 1619 2746 1681; x_wconf 76' lang='grc' dir='ltr'><em>τοῖς</em></span> <span class='ocrx_word' id='word_1_403' title='bbox 2780 1617 3225 1687; x_wconf 74' lang='grc' dir='ltr'><strong>ἐπικαλουμένοις</strong></span> <span class='ocrx_word' id='word_1_404' title='bbox 3263 1633 3322 1668; x_wconf 88' lang='grc' dir='ltr'><strong>σε</strong></span> <span class='ocrx_word' id='word_1_405' title='bbox 3355 1615 3530 1678; x_wconf 88' lang='grc' dir='ltr'><em>δίδως.</em></span> <span class='ocrx_word' id='word_1_406' title='bbox 3566 1617 3686 1668; x_wconf 80' lang='grc' dir='ltr'><em>Ὅτι</em></span> <span class='ocrx_word' id='word_1_407' title='bbox 3730 1613 3934 1683; x_wconf 74' lang='grc' dir='ltr'><em>ἐγενή-</em></span> 
     </span>
    </p>
   </div>
   <div class='ocr_carea' id='block_1_58' title="bbox 2368 1705 3936 1778">
    <p class='ocr_par' dir='ltr' id='par_1_58' title="bbox 2368 1705 3936 1778">
     <span class='ocr_line' id='line_1_58' title="bbox 2368 1705 3936 1778; baseline -0.005 -13"><span class='ocrx_word' id='word_1_408' title='bbox 2368 1715 2479 1778; x_wconf 84' lang='grc' dir='ltr'><strong>θης</strong></span> <span class='ocrx_word' id='word_1_409' title='bbox 2506 1711 2733 1778; x_wconf 84' lang='grc' dir='ltr'><em>,ϐοηθός</em></span> <span class='ocrx_word' id='word_1_410' title='bbox 2758 1726 2896 1778; x_wconf 89' lang='grc' dir='ltr'><em>μου,</em></span> <span class='ocrx_word' id='word_1_411' title='bbox 2929 1709 3024 1763; x_wconf 81' lang='grc' dir='ltr'><strong>καί</strong></span> <span class='ocrx_word' id='word_1_412' title='bbox 3057 1709 3126 1761; x_wconf 87' lang='grc' dir='ltr'><strong>ἐν</strong></span> <span class='ocrx_word' id='word_1_413' title='bbox 3157 1707 3230 1776; x_wconf 78' lang='grc' dir='ltr'><strong>τῇ</strong></span> <span class='ocrx_word' id='word_1_414' title='bbox 3263 1707 3459 1776; x_wconf 79' lang='grc' dir='ltr'><em>σκέπῃ</em></span> <span class='ocrx_word' id='word_1_415' title='bbox 3488 1705 3604 1760; x_wconf 83' lang='grc' dir='ltr'><em>τῶν</em></span> <span class='ocrx_word' id='word_1_416' title='bbox 3629 1707 3936 1775; x_wconf 70' lang='grc' dir='ltr'><em>πτερύγων</em></span> 
     </span>
    </p>
   </div>
   <div class='ocr_carea' id='block_1_59' title="bbox 2368 1794 3933 1870">
    <p class='ocr_par' dir='ltr' id='par_1_59' title="bbox 2368 1794 3933 1870">
     <span class='ocr_line' id='line_1_59' title="bbox 2368 1794 3933 1870; baseline -0.004 -16"><span class='ocrx_word' id='word_1_417' title='bbox 2368 1816 2483 1854; x_wconf 89' lang='grc' dir='ltr'><strong>σου</strong></span> <span class='ocrx_word' id='word_1_418' title='bbox 2517 1798 2977 1870; x_wconf 72' lang='grc' dir='ltr'><em>ἀγαλλιάσομαι.</em></span> <span class='ocrx_word' id='word_1_419' title='bbox 3022 1796 3237 1868; x_wconf 82' lang='grc' dir='ltr'><strong>Ἐπειδὴ</strong></span> <span class='ocrx_word' id='word_1_420' title='bbox 3275 1795 3438 1859; x_wconf 80' lang='grc' dir='ltr'><em>αὐτός</em></span> <span class='ocrx_word' id='word_1_421' title='bbox 3464 1813 3552 1866; x_wconf 88' lang='grc' dir='ltr'><strong>μοι</strong></span> <span class='ocrx_word' id='word_1_422' title='bbox 3604 1794 3819 1866; x_wconf 75' lang='grc' dir='ltr'><strong>βοηθεῖς</strong></span> <span class='ocrx_word' id='word_1_423' title='bbox 3868 1797 3933 1865; x_wconf 81' lang='grc' dir='ltr'><em>τῇ</em></span> 
     </span>
    </p>
   </div>
   <div class='ocr_carea' id='block_1_60' title="bbox 2296 1868 3927 1964">
    <p class='ocr_par' dir='ltr' id='par_1_60' title="bbox 2296 1868 3927 1964">
     <span class='ocr_line' id='line_1_60' title="bbox 2296 1868 3927 1964; baseline -0.003 -19"><span class='ocrx_word' id='word_1_424' title='bbox 2296 1868 2339 1922; x_wconf 78' lang='grc' dir='ltr'>Β</span> <span class='ocrx_word' id='word_1_425' title='bbox 2369 1868 2579 1964; x_wconf 68' lang='grc' dir='ltr'><em>φυλακῇ</em></span> <span class='ocrx_word' id='word_1_426' title='bbox 2609 1893 2706 1964; x_wconf 82' lang='grc' dir='ltr'><strong>τῆς</strong></span> <span class='ocrx_word' id='word_1_427' title='bbox 2739 1892 2839 1960; x_wconf 79' lang='grc' dir='ltr'><strong>σῆς</strong></span> <span class='ocrx_word' id='word_1_428' title='bbox 2866 1890 3133 1962; x_wconf 78' lang='grc' dir='ltr'><strong>βοηθείας,</strong></span> <span class='ocrx_word' id='word_1_429' title='bbox 3172 1889 3270 1960; x_wconf 81' lang='grc' dir='ltr'><em>τὴν</em></span> <span class='ocrx_word' id='word_1_430' title='bbox 3304 1887 3640 1959; x_wconf 65' lang='grc' dir='ltr'><em>εὐφροσύνην</em></span> <span class='ocrx_word' id='word_1_431' title='bbox 3681 1887 3927 1956; x_wconf 79' lang='grc' dir='ltr'><em>δέχομαι.</em></span> 
     </span>
    </p>
   </div>
   <div class='ocr_carea' id='block_1_61' title="bbox 2367 1978 3930 2054">
    <p class='ocr_par' dir='ltr' id='par_1_61' title="bbox 2367 1978 3930 2054">
     <span class='ocr_line' id='line_1_61' title="bbox 2367 1978 3930 2054; baseline -0.004 -19"><span class='ocrx_word' id='word_1_432' title='bbox 2367 1983 2581 2053; x_wconf 82' lang='grc' dir='ltr'><em>Σκέπην</em></span> <span class='ocrx_word' id='word_1_433' title='bbox 2611 1984 2717 2054; x_wconf 79' lang='grc' dir='ltr'><em>γὰρ</em></span> <span class='ocrx_word' id='word_1_434' title='bbox 2767 1981 3050 2053; x_wconf 81' lang='grc' dir='ltr'><strong>πτερύγων</strong></span> <span class='ocrx_word' id='word_1_435' title='bbox 3083 1979 3237 2033; x_wconf 83' lang='grc' dir='ltr'><em>καλεῖ</em></span> <span class='ocrx_word' id='word_1_436' title='bbox 3261 1979 3357 2049; x_wconf 72' lang='grc' dir='ltr'><em>τὴν</em></span> <span class='ocrx_word' id='word_1_437' title='bbox 3403 1978 3510 2032; x_wconf 79' lang='grc' dir='ltr'><em>ἀπὸ</em></span> <span class='ocrx_word' id='word_1_438' title='bbox 3538 1979 3636 2048; x_wconf 81' lang='grc' dir='ltr'><strong>τῆς</strong></span> <span class='ocrx_word' id='word_1_439' title='bbox 3681 1978 3930 2047; x_wconf 81' lang='grc' dir='ltr'><em>βοηθείας</em></span> 
     </span>
    </p>
   </div>
   <div class='ocr_carea' id='block_1_62' title="bbox 2368 2070 3931 2144">
    <p class='ocr_par' dir='ltr' id='par_1_62' title="bbox 2368 2070 3931 2144">
     <span class='ocr_line' id='line_1_62' title="bbox 2368 2070 3931 2144; baseline -0.001 -20"><span class='ocrx_word' id='word_1_440' title='bbox 2368 2074 2631 2144; x_wconf 69' lang='grc' dir='ltr'><em>φυλακήν.</em></span> <span class='ocrx_word' id='word_1_441' title='bbox 2661 2075 3023 2143; x_wconf 80' lang='grc' dir='ltr'><em>Σκεπόμενος,</em></span> <span class='ocrx_word' id='word_1_442' title='bbox 3058 2071 3211 2142; x_wconf 72' lang='grc' dir='ltr'><em>φησὶ,</em></span> <span class='ocrx_word' id='word_1_443' title='bbox 3246 2071 3394 2143; x_wconf 82' lang='grc' dir='ltr'><strong>παρά</strong></span> <span class='ocrx_word' id='word_1_444' title='bbox 3437 2070 3530 2124; x_wconf 81' lang='grc' dir='ltr'>σοῦ</span> <span class='ocrx_word' id='word_1_445' title='bbox 3571 2072 3718 2141; x_wconf 74' lang='grc' dir='ltr'><em>χαρᾷ</em></span> <span class='ocrx_word' id='word_1_446' title='bbox 3757 2071 3931 2141; x_wconf 78' lang='grc' dir='ltr'><em>χαρή-</em></span> 
     </span>
    </p>
   </div>
   <div class='ocr_carea' id='block_1_63' title="bbox 2368 2181 2546 2236">
    <p class='ocr_par' dir='ltr' id='par_1_63' title="bbox 2368 2181 2546 2236">
     <span class='ocr_line' id='line_1_63' title="bbox 2368 2181 2546 2236; baseline 0.006 -19"><span class='ocrx_word' id='word_1_447' title='bbox 2368 2181 2546 2236; x_wconf 86' lang='grc' dir='ltr'><em>σομαι.</em></span> 
     </span>
    </p>
   </div>
   <div class='ocr_carea' id='block_1_64' title="bbox 2448 2250 3933 2323">
    <p class='ocr_par' dir='ltr' id='par_1_64' title="bbox 2448 2250 3933 2323">
     <span class='ocr_line' id='line_1_64' title="bbox 2448 2250 3933 2323; baseline -0.004 -14"><span class='ocrx_word' id='word_1_448' title='bbox 2448 2256 2783 2322; x_wconf 74' lang='grc' dir='ltr'><em>Ἐκολλήθη</em></span> <span class='ocrx_word' id='word_1_449' title='bbox 2815 2257 2851 2322; x_wconf 79' lang='grc' dir='ltr'><strong><em>ἡ</em></strong></span> <span class='ocrx_word' id='word_1_450' title='bbox 2882 2255 3049 2323; x_wconf 74' lang='grc' dir='ltr'><em>ψυχή</em></span> <span class='ocrx_word' id='word_1_451' title='bbox 3075 2273 3193 2322; x_wconf 90' lang='grc' dir='ltr'><strong>μου</strong></span> <span class='ocrx_word' id='word_1_452' title='bbox 3227 2255 3418 2306; x_wconf 75' lang='grc' dir='ltr'><em>ὀπίσω</em></span> <span class='ocrx_word' id='word_1_453' title='bbox 3458 2268 3593 2306; x_wconf 83' lang='grc' dir='ltr'><em>σου.</em></span> <span class='ocrx_word' id='word_1_454' title='bbox 3629 2251 3763 2304; x_wconf 73' lang='grc' dir='ltr'><strong>Οὐδὲ</strong></span> <span class='ocrx_word' id='word_1_455' title='bbox 3797 2250 3933 2322; x_wconf 79' lang='grc' dir='ltr'><em>πρὸς</em></span> 
     </span>
    </p>
   </div>
   <div class='ocr_carea' id='block_1_65' title="bbox 2367 2344 3936 2420">
    <p class='ocr_par' dir='ltr' id='par_1_65' title="bbox 2367 2344 3936 2420">
     <span class='ocr_line' id='line_1_65' title="bbox 2367 2344 3936 2420; baseline -0.002 -18"><span class='ocrx_word' id='word_1_456' title='bbox 2367 2349 2536 2420; x_wconf 74' lang='grc' dir='ltr'><em>βραχὺ</em></span> <span class='ocrx_word' id='word_1_457' title='bbox 2562 2348 2652 2400; x_wconf 79' lang='grc' dir='ltr'><em>τὸν</em></span> <span class='ocrx_word' id='word_1_458' title='bbox 2686 2347 2816 2416; x_wconf 75' lang='grc' dir='ltr'><em>ἐμὸν</em></span> <span class='ocrx_word' id='word_1_459' title='bbox 2846 2347 3122 2416; x_wconf 77' lang='grc' dir='ltr'><em>λογισμὸν,</em></span> <span class='ocrx_word' id='word_1_460' title='bbox 3169 2347 3321 2415; x_wconf 69' lang='grc' dir='ltr'><em>φησὶ,</em></span> <span class='ocrx_word' id='word_1_461' title='bbox 3356 2346 3453 2415; x_wconf 83' lang='grc' dir='ltr'><em>τῆς</em></span> <span class='ocrx_word' id='word_1_462' title='bbox 3501 2345 3598 2415; x_wconf 78' lang='grc' dir='ltr'><em>σῆς</em></span> <span class='ocrx_word' id='word_1_463' title='bbox 3629 2344 3936 2414; x_wconf 72' lang='grc' dir='ltr'><strong>ἀποστῆσαι</strong></span> 
     </span>
    </p>
   </div>
   <div class='ocr_carea' id='block_1_66' title="bbox 2363 2436 3934 2509">
    <p class='ocr_par' dir='ltr' id='par_1_66' title="bbox 2363 2436 3934 2509">
     <span class='ocr_line' id='line_1_66' title="bbox 2363 2436 3934 2509; baseline -0.003 -17"><span class='ocrx_word' id='word_1_464' title='bbox 2363 2439 2593 2509; x_wconf 84' lang='grc' dir='ltr'><em>δύναμαι</em></span> <span class='ocrx_word' id='word_1_465' title='bbox 2615 2439 2852 2508; x_wconf 86' lang='grc' dir='ltr'><em>μνήμης.</em></span> <span class='ocrx_word' id='word_1_466' title='bbox 2897 2437 3055 2490; x_wconf 83' lang='grc' dir='ltr'><strong>Ἀλλά</strong></span> <span class='ocrx_word' id='word_1_467' title='bbox 3088 2438 3293 2508; x_wconf 80' lang='grc' dir='ltr'>φίλτρῳ</span> <span class='ocrx_word' id='word_1_468' title='bbox 3314 2436 3502 2506; x_wconf 84' lang='grc' dir='ltr'><em>θερμῷ</em></span> <span class='ocrx_word' id='word_1_469' title='bbox 3526 2453 3596 2487; x_wconf 85' lang='grc' dir='ltr'><strong>πυ</strong></span> <span class='ocrx_word' id='word_1_470' title='bbox 3606 2437 3934 2506; x_wconf 86' lang='grc' dir='ltr'><em>ρσευόμενος</em></span> 
     </span>
    </p>
   </div>
   <div class='ocr_carea' id='block_1_67' title="bbox 2365 2526 3930 2601">
    <p class='ocr_par' dir='ltr' id='par_1_67' title="bbox 2365 2526 3930 2601">
     <span class='ocr_line' id='line_1_67' title="bbox 2365 2526 3930 2601; baseline -0.002 -18"><span class='ocrx_word' id='word_1_471' title='bbox 2365 2526 2474 2584; x_wconf 74' lang='grc' dir='ltr'><em>οἷόν</em></span> <span class='ocrx_word' id='word_1_472' title='bbox 2503 2548 2605 2582; x_wconf 90' lang='grc' dir='ltr'><em>τινι</em></span> <span class='ocrx_word' id='word_1_473' title='bbox 2636 2530 2797 2601; x_wconf 79' lang='grc' dir='ltr'><em>κόλλῃ</em></span> <span class='ocrx_word' id='word_1_474' title='bbox 2825 2532 2889 2598; x_wconf 80' lang='grc' dir='ltr'><em>τῇ</em></span> <span class='ocrx_word' id='word_1_475' title='bbox 2919 2531 3126 2600; x_wconf 84' lang='grc' dir='ltr'><em>μνήμῃ,</em></span> <span class='ocrx_word' id='word_1_476' title='bbox 3162 2530 3238 2600; x_wconf 80' lang='grc' dir='ltr'><em>τῷ</em></span> <span class='ocrx_word' id='word_1_477' title='bbox 3265 2529 3343 2599; x_wconf 82' lang='grc' dir='ltr'><em>σῷ</em></span> <span class='ocrx_word' id='word_1_478' title='bbox 3369 2528 3517 2600; x_wconf 85' lang='grc' dir='ltr'><em>πόθῳ</em></span> <span class='ocrx_word' id='word_1_479' title='bbox 3549 2529 3930 2600; x_wconf 80' lang='grc' dir='ltr'><em>προσδέδεμαι.</em></span> 
     </span>
    </p>
   </div>
   <div class='ocr_carea' id='block_1_68' title="bbox 2367 2618 3935 2690">
    <p class='ocr_par' dir='ltr' id='par_1_68' title="bbox 2367 2618 3935 2690">
     <span class='ocr_line' id='line_1_68' title="bbox 2367 2618 3935 2690; baseline -0.001 -15"><span class='ocrx_word' id='word_1_480' title='bbox 2367 2618 2498 2676; x_wconf 84' lang='grc' dir='ltr'><em>Εἶτα</em></span> <span class='ocrx_word' id='word_1_481' title='bbox 2517 2622 2751 2674; x_wconf 88' lang='grc' dir='ltr'><em>δείκνυσι</em></span> <span class='ocrx_word' id='word_1_482' title='bbox 2775 2621 2865 2673; x_wconf 85' lang='grc' dir='ltr'><em>τὸν</em></span> <span class='ocrx_word' id='word_1_483' title='bbox 2889 2621 2982 2672; x_wconf 78' lang='grc' dir='ltr'><em>τοῦ</em></span> <span class='ocrx_word' id='word_1_484' title='bbox 3008 2621 3172 2672; x_wconf 82' lang='grc' dir='ltr'><em>πόθου</em></span> <span class='ocrx_word' id='word_1_485' title='bbox 3207 2621 3432 2690; x_wconf 88' lang='grc' dir='ltr'><em>καρπόν.</em></span> <span class='ocrx_word' id='word_1_486' title='bbox 3473 2621 3649 2689; x_wconf 83' lang='grc' dir='ltr'><em>Ἐμοῦ</em></span> <span class='ocrx_word' id='word_1_487' title='bbox 3674 2621 3744 2673; x_wconf 74' lang='grc' dir='ltr'><em>δὲ</em></span> <span class='ocrx_word' id='word_1_488' title='bbox 3794 2622 3935 2674; x_wconf 80' lang='grc' dir='ltr'><em>ἀντ-</em></span> 
     </span>
    </p>
   </div>
   <div class='ocr_carea' id='block_1_69' title="bbox 2364 2709 3930 2781">
    <p class='ocr_par' dir='ltr' id='par_1_69' title="bbox 2364 2709 3930 2781">
     <span class='ocr_line' id='line_1_69' title="bbox 2364 2709 3930 2781; baseline -0.002 -14"><span class='ocrx_word' id='word_1_489' title='bbox 2364 2712 2604 2767; x_wconf 71' lang='grc' dir='ltr'><em>ελάϐετο</em></span> <span class='ocrx_word' id='word_1_490' title='bbox 2631 2715 2669 2781; x_wconf 77' lang='grc' dir='ltr'><strong>ἠ</strong></span> <span class='ocrx_word' id='word_1_491' title='bbox 2696 2711 2864 2776; x_wconf 77' lang='grc' dir='ltr'><em>δεξιὰ</em></span> <span class='ocrx_word' id='word_1_492' title='bbox 2889 2727 3024 2764; x_wconf 85' lang='grc' dir='ltr'><em>σου.</em></span> <span class='ocrx_word' id='word_1_493' title='bbox 3048 2712 3156 2764; x_wconf 72' lang='grc' dir='ltr'><strong>Καὶ</strong></span> <span class='ocrx_word' id='word_1_494' title='bbox 3183 2711 3264 2774; x_wconf 87' lang='grc' dir='ltr'><strong>τίς</strong></span> <span class='ocrx_word' id='word_1_495' title='bbox 3297 2711 3362 2764; x_wconf 82' lang='grc' dir='ltr'><em>ἂν</em></span> <span class='ocrx_word' id='word_1_496' title='bbox 3394 2709 3480 2781; x_wconf 73' lang='grc' dir='ltr'><em>εἴη</em></span> <span class='ocrx_word' id='word_1_497' title='bbox 3512 2711 3659 2774; x_wconf 77' lang='grc' dir='ltr'><em>δεξιά</em></span> <span class='ocrx_word' id='word_1_498' title='bbox 3690 2712 3787 2764; x_wconf 80' lang='grc' dir='ltr'><em>τοῦ</em></span> <span class='ocrx_word' id='word_1_499' title='bbox 3818 2712 3930 2764; x_wconf 89' lang='grc' dir='ltr'><strong>Πα-</strong></span> 
     </span>
    </p>
   </div>
   <div class='ocr_carea' id='block_1_70' title="bbox 2364 2803 3311 2876">
    <p class='ocr_par' dir='ltr' id='par_1_70' title="bbox 2364 2803 3311 2876">
     <span class='ocr_line' id='line_1_70' title="bbox 2364 2803 3311 2876; baseline 0.002 -21"><span class='ocrx_word' id='word_1_500' title='bbox 2364 2806 2491 2876; x_wconf 78' lang='grc' dir='ltr'><em>τρὸς</em></span> <span class='ocrx_word' id='word_1_501' title='bbox 2520 2805 2552 2876; x_wconf 82' lang='grc' dir='ltr'>ἢ</span> <span class='ocrx_word' id='word_1_502' title='bbox 2579 2807 2606 2858; x_wconf 88' lang='grc' dir='ltr'><strong>ό</strong></span> <span class='ocrx_word' id='word_1_503' title='bbox 2641 2805 2931 2875; x_wconf 82' lang='grc' dir='ltr'><em>μονογενὴς</em></span> <span class='ocrx_word' id='word_1_504' title='bbox 2963 2803 3126 2858; x_wconf 79' lang='grc' dir='ltr'><em>αὑτοῦ</em></span> <span class='ocrx_word' id='word_1_505' title='bbox 3149 2804 3274 2866; x_wconf 83' lang='grc' dir='ltr'><strong>Υἱός</strong></span> <span class='ocrx_word' id='word_1_506' title='bbox 3298 2821 3311 2867; x_wconf 89' lang='lat'><strong>;</strong></span> 
     </span>
    </p>
   </div>
   <div class='ocr_carea' id='block_1_71' title="bbox 2435 2895 3930 2964">
    <p class='ocr_par' dir='ltr' id='par_1_71' title="bbox 2435 2895 3930 2964">
     <span class='ocr_line' id='line_1_71' title="bbox 2435 2895 3930 2964; baseline 0 -15"><span class='ocrx_word' id='word_1_507' title='bbox 2435 2896 2611 2950; x_wconf 79' lang='grc' dir='ltr'><em>Αὐτοὶ</em></span> <span class='ocrx_word' id='word_1_508' title='bbox 2632 2896 2698 2948; x_wconf 86' lang='grc' dir='ltr'><em>δὲ</em></span> <span class='ocrx_word' id='word_1_509' title='bbox 2724 2899 2810 2959; x_wconf 81' lang='grc' dir='ltr'><em>εἰς</em></span> <span class='ocrx_word' id='word_1_510' title='bbox 2827 2895 3024 2964; x_wconf 82' lang='grc' dir='ltr'><em>μάτην</em></span> <span class='ocrx_word' id='word_1_511' title='bbox 3061 2896 3356 2963; x_wconf 76' lang='grc' dir='ltr'><em>ἐζήτησαν</em></span> <span class='ocrx_word' id='word_1_512' title='bbox 3393 2896 3506 2961; x_wconf 78' lang='grc' dir='ltr'><em>τὴν</em></span> <span class='ocrx_word' id='word_1_513' title='bbox 3550 2895 3762 2963; x_wconf 68' lang='grc' dir='ltr'><em>ψυχήν</em></span> <span class='ocrx_word' id='word_1_514' title='bbox 3791 2911 3930 2964; x_wconf 81' lang='grc' dir='ltr'><em>μου.</em></span> 
     </span>
    </p>
   </div>
   <div class='ocr_carea' id='block_1_72' title="bbox 2366 2986 3934 3058">
    <p class='ocr_par' dir='ltr' id='par_1_72' title="bbox 2366 2986 3934 3058">
     <span class='ocr_line' id='line_1_72' title="bbox 2366 2986 3934 3058; baseline -0.001 -19"><span class='ocrx_word' id='word_1_515' title='bbox 2366 2987 2716 3058; x_wconf 79' lang='grc' dir='ltr'><em>Κατακράζει</em></span> <span class='ocrx_word' id='word_1_516' title='bbox 2739 2987 2924 3039; x_wconf 80' lang='grc' dir='ltr'><em>λοιπὸν</em></span> <span class='ocrx_word' id='word_1_517' title='bbox 2955 2986 3062 3038; x_wconf 84' lang='grc' dir='ltr'><em>τῶν</em></span> <span class='ocrx_word' id='word_1_518' title='bbox 3102 2987 3489 3055; x_wconf 82' lang='grc' dir='ltr'><strong>ἀντικειμένων</strong></span> <span class='ocrx_word' id='word_1_519' title='bbox 3523 2986 3806 3056; x_wconf 74' lang='grc' dir='ltr'><em>δυνάμεων</em></span> <span class='ocrx_word' id='word_1_520' title='bbox 3825 3026 3840 3050; x_wconf 92' lang='grc'><strong>,</strong></span> <span class='ocrx_word' id='word_1_521' title='bbox 3869 2989 3934 3056; x_wconf 75' lang='grc' dir='ltr'><em>ἣν</em></span> 
     </span>
    </p>
   </div>
   <div class='ocr_carea' id='block_1_73' title="bbox 2367 3077 3934 3148">
    <p class='ocr_par' dir='ltr' id='par_1_73' title="bbox 2367 3077 3934 3148">
     <span class='ocr_line' id='line_1_73' title="bbox 2367 3077 3934 3148; baseline -0.001 -17"><span class='ocrx_word' id='word_1_522' title='bbox 2367 3079 2622 3148; x_wconf 82' lang='grc' dir='ltr'><em>ὑπέμεινε</em></span> <span class='ocrx_word' id='word_1_523' title='bbox 2657 3078 3084 3148; x_wconf 81' lang='grc' dir='ltr'><em>προϐαλλόμενος</em></span> <span class='ocrx_word' id='word_1_524' title='bbox 3121 3077 3276 3146; x_wconf 82' lang='grc' dir='ltr'><em>βίαν,</em></span> <span class='ocrx_word' id='word_1_525' title='bbox 3310 3077 3596 3146; x_wconf 77' lang='grc' dir='ltr'><em>εὐχόμενος</em></span> <span class='ocrx_word' id='word_1_526' title='bbox 3645 3081 3765 3140; x_wconf 86' lang='grc' dir='ltr'><em>ταῖς</em></span> <span class='ocrx_word' id='word_1_527' title='bbox 3806 3080 3934 3130; x_wconf 81' lang='grc' dir='ltr'><em>αἰω-</em></span> 
     </span>
    </p>
   </div>
   <div class='ocr_carea' id='block_1_74' title="bbox 2365 3167 3438 3239">
    <p class='ocr_par' dir='ltr' id='par_1_74' title="bbox 2365 3167 3438 3239">
     <span class='ocr_line' id='line_1_74' title="bbox 2365 3167 3438 3239; baseline 0 -18"><span class='ocrx_word' id='word_1_528' title='bbox 2365 3167 2497 3230; x_wconf 90' lang='grc' dir='ltr'><em>νίοις</em></span> <span class='ocrx_word' id='word_1_529' title='bbox 2524 3169 2718 3231; x_wconf 82' lang='grc' dir='ltr'><em>αὐτοὺς</em></span> <span class='ocrx_word' id='word_1_530' title='bbox 2747 3169 3107 3239; x_wconf 75' lang='grc' dir='ltr'><strong>παραδοθῆναι</strong></span> <span class='ocrx_word' id='word_1_531' title='bbox 3136 3168 3438 3222; x_wconf 74' lang='grc' dir='ltr'><em>κολάσεσιν.</em></span> 
     </span>
    </p>
   </div>
   <div class='ocr_carea' id='block_1_75' title="bbox 2447 3257 3931 3328">
    <p class='ocr_par' dir='ltr' id='par_1_75' title="bbox 2447 3257 3931 3328">
     <span class='ocr_line' id='line_1_75' title="bbox 2447 3257 3931 3328; baseline 0.003 -18"><span class='ocrx_word' id='word_1_532' title='bbox 2447 3259 2500 3310; x_wconf 89' lang='lat'><strong>&#39;0</strong></span> <span class='ocrx_word' id='word_1_533' title='bbox 2529 3257 2596 3312; x_wconf 84' lang='grc' dir='ltr'><em>δὲ</em></span> <span class='ocrx_word' id='word_1_534' title='bbox 2618 3260 2917 3326; x_wconf 72' lang='grc' dir='ltr'><em>,βασιλεὺς</em></span> <span class='ocrx_word' id='word_1_535' title='bbox 2949 3259 3424 3328; x_wconf 60' lang='grc' dir='ltr'><em>εὐφρανθήσεται</em></span> <span class='ocrx_word' id='word_1_536' title='bbox 3446 3260 3544 3314; x_wconf 75' lang='grc' dir='ltr'><em>ἐπὶ</em></span> <span class='ocrx_word' id='word_1_537' title='bbox 3573 3259 3652 3325; x_wconf 83' lang='grc' dir='ltr'><em>τῷ</em></span> <span class='ocrx_word' id='word_1_538' title='bbox 3686 3260 3830 3327; x_wconf 85' lang='grc' dir='ltr'><strong>Θεῷ.</strong></span> <span class='ocrx_word' id='word_1_539' title='bbox 3860 3261 3931 3314; x_wconf 80' lang='grc' dir='ltr'><strong>Τὸ</strong></span> 
     </span>
    </p>
   </div>
   <div class='ocr_carea' id='block_1_76' title="bbox 2365 3347 3932 3419">
    <p class='ocr_par' dir='ltr' id='par_1_76' title="bbox 2365 3347 3932 3419">
     <span class='ocr_line' id='line_1_76' title="bbox 2365 3347 3932 3419; baseline 0.001 -19"><span class='ocrx_word' id='word_1_540' title='bbox 2365 3348 2514 3410; x_wconf 80' lang='grc' dir='ltr'><em>τέλος</em></span> <span class='ocrx_word' id='word_1_541' title='bbox 2544 3349 2650 3402; x_wconf 86' lang='grc' dir='ltr'><em>τῶν</em></span> <span class='ocrx_word' id='word_1_542' title='bbox 2681 3349 2758 3412; x_wconf 89' lang='grc' dir='ltr'><strong>είς</strong></span> <span class='ocrx_word' id='word_1_543' title='bbox 2784 3348 3017 3419; x_wconf 78' lang='grc' dir='ltr'><em>Χριστὸν</em></span> <span class='ocrx_word' id='word_1_544' title='bbox 3055 3347 3437 3419; x_wconf 76' lang='grc' dir='ltr'><em>ἀσεϐησάντων</em></span> <span class='ocrx_word' id='word_1_545' title='bbox 3475 3347 3781 3412; x_wconf 75' lang='grc' dir='ltr'><em>διεξελθὼν,</em></span> <span class='ocrx_word' id='word_1_546' title='bbox 3838 3349 3932 3402; x_wconf 78' lang='grc' dir='ltr'><em>καὶ</em></span> 
     </span>
    </p>
   </div>
   <div class='ocr_carea' id='block_1_77' title="bbox 2365 3438 3933 3510">
    <p class='ocr_par' dir='ltr' id='par_1_77' title="bbox 2365 3438 3933 3510">
     <span class='ocr_line' id='line_1_77' title="bbox 2365 3438 3933 3510; baseline 0.002 -19"><span class='ocrx_word' id='word_1_547' title='bbox 2365 3438 2562 3503; x_wconf 75' lang='grc' dir='ltr'><em>δείξας,</em></span> <span class='ocrx_word' id='word_1_548' title='bbox 2603 3440 2678 3502; x_wconf 80' lang='grc' dir='ltr'><strong>ὡς</strong></span> <span class='ocrx_word' id='word_1_549' title='bbox 2707 3439 2862 3510; x_wconf 79' lang='grc' dir='ltr'><em>μερὶς</em></span> <span class='ocrx_word' id='word_1_550' title='bbox 2886 3442 2979 3492; x_wconf 75' lang='grc' dir='ltr'><em>καὶ</em></span> <span class='ocrx_word' id='word_1_551' title='bbox 3003 3439 3199 3510; x_wconf 77' lang='grc' dir='ltr'><em>κλῆρος</em></span> <span class='ocrx_word' id='word_1_552' title='bbox 3228 3439 3410 3503; x_wconf 80' lang='grc' dir='ltr'><em>αὐτοῖς</em></span> <span class='ocrx_word' id='word_1_553' title='bbox 3445 3442 3727 3509; x_wconf 79' lang='grc' dir='ltr'><em>γενήσεται</em></span> <span class='ocrx_word' id='word_1_554' title='bbox 3752 3441 3821 3494; x_wconf 86' lang='grc' dir='ltr'><strong>τά</strong></span> <span class='ocrx_word' id='word_1_555' title='bbox 3840 3459 3933 3494; x_wconf 85' lang='grc' dir='ltr'><em>κα-</em></span> 
     </span>
    </p>
   </div>
   <div class='ocr_carea' id='block_1_78' title="bbox 2365 3529 3930 3603">
    <p class='ocr_par' dir='ltr' id='par_1_78' title="bbox 2365 3529 3930 3603">
     <span class='ocr_line' id='line_1_78' title="bbox 2365 3529 3930 3603; baseline -0.001 -19"><span class='ocrx_word' id='word_1_556' title='bbox 2365 3529 2581 3585; x_wconf 86' lang='grc' dir='ltr'><em>τώτατα</em></span> <span class='ocrx_word' id='word_1_557' title='bbox 2611 3531 2750 3602; x_wconf 81' lang='grc' dir='ltr'><em>μέρη</em></span> <span class='ocrx_word' id='word_1_558' title='bbox 2778 3531 2874 3601; x_wconf 83' lang='grc' dir='ltr'><strong>τῆς</strong></span> <span class='ocrx_word' id='word_1_559' title='bbox 2903 3530 3027 3601; x_wconf 81' lang='grc' dir='ltr'><em>γῆς,</em></span> <span class='ocrx_word' id='word_1_560' title='bbox 3068 3531 3159 3584; x_wconf 77' lang='grc' dir='ltr'><em>ἐπὶ</em></span> <span class='ocrx_word' id='word_1_561' title='bbox 3191 3531 3250 3582; x_wconf 87' lang='grc' dir='ltr'><em>τὸ</em></span> <span class='ocrx_word' id='word_1_562' title='bbox 3274 3530 3460 3603; x_wconf 76' lang='grc' dir='ltr'><em>ἕτερον</em></span> <span class='ocrx_word' id='word_1_563' title='bbox 3484 3531 3668 3601; x_wconf 71' lang='grc' dir='ltr'><em>τάγμα</em></span> <span class='ocrx_word' id='word_1_564' title='bbox 3714 3532 3805 3584; x_wconf 81' lang='grc' dir='ltr'><em>τὸν</em></span> <span class='ocrx_word' id='word_1_565' title='bbox 3844 3531 3930 3584; x_wconf 89' lang='grc' dir='ltr'><em>λό-</em></span> 
     </span>
    </p>
   </div>
   <div class='ocr_carea' id='block_1_79' title="bbox 2365 3621 3929 3694">
    <p class='ocr_par' dir='ltr' id='par_1_79' title="bbox 2365 3621 3929 3694">
     <span class='ocr_line' id='line_1_79' title="bbox 2365 3621 3929 3694; baseline 0.003 -18"><span class='ocrx_word' id='word_1_566' title='bbox 2365 3642 2458 3692; x_wconf 90' lang='grc' dir='ltr'><strong>γον</strong></span> <span class='ocrx_word' id='word_1_567' title='bbox 2493 3624 2804 3694; x_wconf 83' lang='grc' dir='ltr'><em>μεθίστησι·</em></span> <span class='ocrx_word' id='word_1_568' title='bbox 2839 3625 2997 3678; x_wconf 76' lang='grc' dir='ltr'><em>τοῦτο</em></span> <span class='ocrx_word' id='word_1_569' title='bbox 3019 3626 3074 3677; x_wconf 80' lang='grc' dir='ltr'><em>δὲ</em></span> <span class='ocrx_word' id='word_1_570' title='bbox 3098 3621 3166 3694; x_wconf 74' lang='grc' dir='ltr'><em>ἦν</em></span> <span class='ocrx_word' id='word_1_571' title='bbox 3191 3625 3250 3678; x_wconf 73' lang='grc' dir='ltr'><em>τὸ</em></span> <span class='ocrx_word' id='word_1_572' title='bbox 3285 3626 3393 3677; x_wconf 85' lang='grc' dir='ltr'><em>τῶν</em></span> <span class='ocrx_word' id='word_1_573' title='bbox 3417 3627 3821 3680; x_wconf 79' lang='grc' dir='ltr'><em>πιστευσάντων</em></span> <span class='ocrx_word' id='word_1_574' title='bbox 3851 3630 3929 3691; x_wconf 86' lang='grc' dir='ltr'><em>εἰς</em></span> 
     </span>
    </p>
   </div>
   <div class='ocr_carea' id='block_1_80' title="bbox 2366 3716 3928 3791">
    <p class='ocr_par' dir='ltr' id='par_1_80' title="bbox 2366 3716 3928 3791">
     <span class='ocr_line' id='line_1_80' title="bbox 2366 3716 3928 3791; baseline 0.003 -23"><span class='ocrx_word' id='word_1_575' title='bbox 2366 3717 2622 3787; x_wconf 83' lang='grc' dir='ltr'><em>Χριστὸν,</em></span> <span class='ocrx_word' id='word_1_576' title='bbox 2663 3718 2734 3782; x_wconf 80' lang='grc' dir='ltr'><em>οἳ,</em></span> <span class='ocrx_word' id='word_1_577' title='bbox 2763 3717 2857 3770; x_wconf 77' lang='grc' dir='ltr'><em>καὶ</em></span> <span class='ocrx_word' id='word_1_578' title='bbox 2908 3716 3179 3787; x_wconf 78' lang='grc' dir='ltr'><em>βασιλείας</em></span> <span class='ocrx_word' id='word_1_579' title='bbox 3211 3716 3502 3788; x_wconf 73' lang='grc' dir='ltr'><em>ἠξιωμένοι</em></span> <span class='ocrx_word' id='word_1_580' title='bbox 3525 3720 3631 3771; x_wconf 81' lang='grc' dir='ltr'><em>τῶν</em></span> <span class='ocrx_word' id='word_1_581' title='bbox 3663 3720 3928 3791; x_wconf 79' lang='grc' dir='ltr'><strong>οὐρανῶν,</strong></span> 
     </span>
    </p>
   </div>
   <div class='ocr_carea' id='block_1_81' title="bbox 2366 3805 3928 3882">
    <p class='ocr_par' dir='ltr' id='par_1_81' title="bbox 2366 3805 3928 3882">
     <span class='ocr_line' id='line_1_81' title="bbox 2366 3805 3928 3882; baseline 0.002 -23"><span class='ocrx_word' id='word_1_582' title='bbox 2366 3808 2585 3870; x_wconf 81' lang='grc' dir='ltr'><em>εἰκότως</em></span> <span class='ocrx_word' id='word_1_583' title='bbox 2619 3808 2709 3860; x_wconf 71' lang='grc' dir='ltr'><em>καὶ</em></span> <span class='ocrx_word' id='word_1_584' title='bbox 2747 3807 2984 3877; x_wconf 74' lang='grc' dir='ltr'><em>βασιλεῖς</em></span> <span class='ocrx_word' id='word_1_585' title='bbox 3005 3805 3376 3878; x_wconf 73' lang='grc' dir='ltr'><em>ὀνομάζονται.</em></span> <span class='ocrx_word' id='word_1_586' title='bbox 3426 3809 3568 3862; x_wconf 85' lang='grc' dir='ltr'><em>κατὰ</em></span> <span class='ocrx_word' id='word_1_587' title='bbox 3602 3810 3664 3861; x_wconf 80' lang='grc' dir='ltr'><em>τὸ</em></span> <span class='ocrx_word' id='word_1_588' title='bbox 3700 3812 3928 3882; x_wconf 77' lang='grc' dir='ltr'><em>εἰρημέ-</em></span> 
     </span>
    </p>
   </div>
   <div class='ocr_carea' id='block_1_82' title="bbox 2366 3897 3931 3969">
    <p class='ocr_par' dir='ltr' id='par_1_82' title="bbox 2366 3897 3931 3969">
     <span class='ocr_line' id='line_1_82' title="bbox 2366 3897 3931 3969; baseline 0.003 -19"><span class='ocrx_word' id='word_1_589' title='bbox 2366 3916 2453 3950; x_wconf 91' lang='grc' dir='ltr'><strong>νον</strong></span> <span class='ocrx_word' id='word_1_590' title='bbox 2485 3897 2633 3968; x_wconf 87' lang='grc' dir='ltr'><strong>παρά</strong></span> <span class='ocrx_word' id='word_1_591' title='bbox 2657 3898 2734 3967; x_wconf 79' lang='grc' dir='ltr'><em>τῷ</em></span> <span class='ocrx_word' id='word_1_592' title='bbox 2770 3898 3102 3969; x_wconf 76' lang='grc' dir='ltr'><em>’Δποστόλῳο</em></span> <span class='ocrx_word' id='word_1_593' title='bbox 3132 3898 3240 3951; x_wconf 81' lang='lat' dir='ltr'><strong>Kal</strong></span> <span class='ocrx_word' id='word_1_594' title='bbox 3267 3897 3500 3967; x_wconf 66' lang='grc' dir='ltr'><em>ὤφελόν</em></span> <span class='ocrx_word' id='word_1_595' title='bbox 3524 3917 3590 3968; x_wconf 72' lang='grc' dir='ltr'><em>γε</em></span> <span class='ocrx_word' id='word_1_596' title='bbox 3621 3901 3931 3954; x_wconf 66' lang='grc' dir='ltr'><em>ἐϐασιλεύσ-</em></span> 
     </span>
    </p>
   </div>
   <div class='ocr_carea' id='block_1_83' title="bbox 2367 3983 3929 4063">
    <p class='ocr_par' dir='ltr' id='par_1_83' title="bbox 2367 3983 3929 4063">
     <span class='ocr_line' id='line_1_83' title="bbox 2367 3983 3929 4063; baseline 0.003 -21"><span class='ocrx_word' id='word_1_597' title='bbox 2367 4006 2532 4044; x_wconf 86' lang='grc' dir='ltr'><em>σατε.</em></span> <span class='ocrx_word' id='word_1_598' title='bbox 2573 3983 2738 4053; x_wconf 72' lang='grc' dir='ltr'><em>Οὗτος</em></span> <span class='ocrx_word' id='word_1_599' title='bbox 2762 3989 2818 4042; x_wconf 79' lang='grc' dir='ltr'><em>δὲ</em></span> <span class='ocrx_word' id='word_1_600' title='bbox 2841 3985 2908 4060; x_wconf 83' lang='grc' dir='ltr'><em>ἦν</em></span> <span class='ocrx_word' id='word_1_601' title='bbox 2935 3992 2963 4041; x_wconf 89' lang='grc' dir='ltr'><strong>ό</strong></span> <span class='ocrx_word' id='word_1_602' title='bbox 2989 3989 3284 4059; x_wconf 84' lang='grc' dir='ltr'><em>βασιλεύων</em></span> <span class='ocrx_word' id='word_1_603' title='bbox 3311 3988 3456 4054; x_wconf 76' lang='grc' dir='ltr'><em>λαὸς,</em></span> <span class='ocrx_word' id='word_1_604' title='bbox 3490 3991 3549 4054; x_wconf 85' lang='grc' dir='ltr'><strong>ὃς</strong></span> <span class='ocrx_word' id='word_1_605' title='bbox 3574 3992 3929 4063; x_wconf 78' lang='grc' dir='ltr'><em>εὐφραίνεται</em></span> 
     </span>
    </p>
   </div>
   <div class='ocr_carea' id='block_1_84' title="bbox 2366 4080 3934 4153">
    <p class='ocr_par' dir='ltr' id='par_1_84' title="bbox 2366 4080 3934 4153">
     <span class='ocr_line' id='line_1_84' title="bbox 2366 4080 3934 4153; baseline 0.004 -21"><span class='ocrx_word' id='word_1_606' title='bbox 2366 4080 2461 4150; x_wconf 81' lang='grc' dir='ltr'><em>τὴν</em></span> <span class='ocrx_word' id='word_1_607' title='bbox 2489 4080 2681 4150; x_wconf 82' lang='grc' dir='ltr'><em>νοητὴν</em></span> <span class='ocrx_word' id='word_1_608' title='bbox 2711 4080 3069 4152; x_wconf 74' lang='grc' dir='ltr'><em>εὐφροσύνην,</em></span> <span class='ocrx_word' id='word_1_609' title='bbox 3097 4081 3164 4152; x_wconf 76' lang='grc' dir='ltr'><em>ἢν</em></span> <span class='ocrx_word' id='word_1_610' title='bbox 3189 4082 3349 4145; x_wconf 69' lang='grc' dir='ltr'><em>αὐτὸς</em></span> <span class='ocrx_word' id='word_1_611' title='bbox 3375 4081 3522 4152; x_wconf 81' lang='grc' dir='ltr'><em>αὐτῷ</em></span> <span class='ocrx_word' id='word_1_612' title='bbox 3553 4083 3873 4153; x_wconf 75' lang='grc' dir='ltr'><em>κεχάρισται</em></span> <span class='ocrx_word' id='word_1_613' title='bbox 3902 4085 3934 4137; x_wconf 81' lang='grc' dir='ltr'>ὁ</span> 
     </span>
    </p>
   </div>
   <div class='ocr_carea' id='block_1_85' title="bbox 2367 4172 3927 4244">
    <p class='ocr_par' dir='ltr' id='par_1_85' title="bbox 2367 4172 3927 4244">
     <span class='ocr_line' id='line_1_85' title="bbox 2367 4172 3927 4244; baseline 0.003 -20"><span class='ocrx_word' id='word_1_614' title='bbox 2367 4174 2515 4236; x_wconf 79' lang='grc' dir='ltr'><em>θεός.</em></span> <span class='ocrx_word' id='word_1_615' title='bbox 2557 4172 2716 4240; x_wconf 85' lang='grc' dir='ltr'><em>Ἐγὼ,</em></span> <span class='ocrx_word' id='word_1_616' title='bbox 2743 4174 2926 4242; x_wconf 78' lang='grc' dir='ltr'><em>φησὶν,</em></span> <span class='ocrx_word' id='word_1_617' title='bbox 2957 4175 2984 4225; x_wconf 90' lang='grc' dir='ltr'><strong>ό</strong></span> <span class='ocrx_word' id='word_1_618' title='bbox 3021 4173 3170 4244; x_wconf 84' lang='grc' dir='ltr'><strong>παρά</strong></span> <span class='ocrx_word' id='word_1_619' title='bbox 3195 4173 3287 4226; x_wconf 73' lang='grc' dir='ltr'><strong>σου</strong></span> <span class='ocrx_word' id='word_1_620' title='bbox 3306 4174 3404 4244; x_wconf 74' lang='grc' dir='ltr'><em>τὴν</em></span> <span class='ocrx_word' id='word_1_621' title='bbox 3429 4173 3700 4243; x_wconf 74' lang='grc' dir='ltr'><em>βασιλείαν</em></span> <span class='ocrx_word' id='word_1_622' title='bbox 3729 4175 3927 4241; x_wconf 75' lang='grc' dir='ltr'><em>λαϐὼν,</em></span> 
     </span>
    </p>
   </div>
   <div class='ocr_carea' id='block_1_86' title="bbox 2365 4265 3931 4338">
    <p class='ocr_par' dir='ltr' id='par_1_86' title="bbox 2365 4265 3931 4338">
     <span class='ocr_line' id='line_1_86' title="bbox 2365 4265 3931 4338; baseline 0.003 -20"><span class='ocrx_word' id='word_1_623' title='bbox 2365 4270 2430 4334; x_wconf 73' lang='grc' dir='ltr'><em>τῇ</em></span> <span class='ocrx_word' id='word_1_624' title='bbox 2469 4269 2533 4336; x_wconf 83' lang='grc' dir='ltr'><em>σῇ</em></span> <span class='ocrx_word' id='word_1_625' title='bbox 2560 4265 2868 4336; x_wconf 72' lang='grc' dir='ltr'><em>ἐπικουρίᾳ,</em></span> <span class='ocrx_word' id='word_1_626' title='bbox 2901 4267 2960 4318; x_wconf 71' lang='grc' dir='ltr'><em>οὐ</em></span> <span class='ocrx_word' id='word_1_627' title='bbox 2993 4265 3069 4335; x_wconf 80' lang='grc' dir='ltr'><em>τῷ</em></span> <span class='ocrx_word' id='word_1_628' title='bbox 3109 4265 3321 4336; x_wconf 81' lang='grc' dir='ltr'><em>θανάτῳ</em></span> <span class='ocrx_word' id='word_1_629' title='bbox 3365 4267 3605 4331; x_wconf 82' lang='grc' dir='ltr'><em>ἐκείνων,</em></span> <span class='ocrx_word' id='word_1_630' title='bbox 3641 4269 3931 4338; x_wconf 80' lang='grc' dir='ltr'><em>ἐφήδομαι.</em></span> 
     </span>
    </p>
   </div>
   <div class='ocr_carea' id='block_1_87' title="bbox 2380 4355 3934 4426">
    <p class='ocr_par' dir='ltr' id='par_1_87' title="bbox 2380 4355 3934 4426">
     <span class='ocr_line' id='line_1_87' title="bbox 2380 4355 3934 4426; baseline 0.001 -15"><span class='ocrx_word' id='word_1_631' title='bbox 2380 4355 2858 4421; x_wconf 76' lang='grc' dir='ltr'><em>Ἐπαινεθήσεται</em></span> <span class='ocrx_word' id='word_1_632' title='bbox 2885 4355 3002 4423; x_wconf 81' lang='grc' dir='ltr'><em>πᾶς</em></span> <span class='ocrx_word' id='word_1_633' title='bbox 3045 4360 3077 4410; x_wconf 88' lang='grc' dir='ltr'><strong>ό</strong></span> <span class='ocrx_word' id='word_1_634' title='bbox 3119 4358 3356 4426; x_wconf 77' lang='grc' dir='ltr'><em>ὀμνύων</em></span> <span class='ocrx_word' id='word_1_635' title='bbox 3402 4358 3469 4410; x_wconf 83' lang='grc' dir='ltr'><em>ἐν</em></span> <span class='ocrx_word' id='word_1_636' title='bbox 3497 4357 3676 4423; x_wconf 82' lang='grc' dir='ltr'><em>αὐτῷ.</em></span> <span class='ocrx_word' id='word_1_637' title='bbox 3726 4359 3934 4424; x_wconf 77' lang='grc' dir='ltr'><em>Οὕτως,</em></span> 
     </span>
    </p>
   </div>
   <div class='ocr_carea' id='block_1_88' title="bbox 2368 4447 3936 4522">
    <p class='ocr_par' dir='ltr' id='par_1_88' title="bbox 2368 4447 3936 4522">
     <span class='ocr_line' id='line_1_88' title="bbox 2368 4447 3936 4522; baseline 0.003 -23"><span class='ocrx_word' id='word_1_638' title='bbox 2368 4451 2520 4518; x_wconf 66' lang='grc' dir='ltr'><em>φησι,</em></span> <span class='ocrx_word' id='word_1_639' title='bbox 2553 4448 2646 4500; x_wconf 72' lang='grc' dir='ltr'><em>καὶ</em></span> <span class='ocrx_word' id='word_1_640' title='bbox 2666 4447 2924 4518; x_wconf 78' lang='grc' dir='ltr'><em>καύχημα</em></span> <span class='ocrx_word' id='word_1_641' title='bbox 2946 4447 3122 4502; x_wconf 75' lang='grc' dir='ltr'><em>αὐτῶν</em></span> <span class='ocrx_word' id='word_1_642' title='bbox 3158 4448 3307 4502; x_wconf 79' lang='grc' dir='ltr'><em>ἐσται</em></span> <span class='ocrx_word' id='word_1_643' title='bbox 3338 4449 3569 4520; x_wconf 74' lang='grc' dir='ltr'><em>Χριστὸς</em></span> <span class='ocrx_word' id='word_1_644' title='bbox 3589 4489 3602 4511; x_wconf 89' lang='grc'><strong>,</strong></span> <span class='ocrx_word' id='word_1_645' title='bbox 3633 4450 3742 4504; x_wconf 81' lang='grc' dir='ltr'><em>τῶν</em></span> <span class='ocrx_word' id='word_1_646' title='bbox 3781 4451 3936 4522; x_wconf 83' lang='grc' dir='ltr'><em>βασι-</em></span> 
     </span>
    </p>
   </div>
   <div class='ocr_carea' id='block_1_89' title="bbox 704 4532 2287 4613">
    <p class='ocr_par' dir='ltr' id='par_1_89' title="bbox 704 4532 2266 4609">
     <span class='ocr_line' id='line_1_89' title="bbox 704 4532 2266 4609; baseline 0.006 -21"><span class='ocrx_word' id='word_1_647' title='bbox 704 4535 871 4589; x_wconf 91' lang='lat' dir='ltr'><strong>menti</strong></span> <span class='ocrx_word' id='word_1_648' title='bbox 897 4532 1062 4590; x_wconf 87' lang='lat' dir='ltr'><strong>Deum</strong></span> <span class='ocrx_word' id='word_1_649' title='bbox 1095 4545 1362 4590; x_wconf 71' lang='lat' dir='ltr'><strong>statuunt.</strong></span> <span class='ocrx_word' id='word_1_650' title='bbox 1391 4535 1659 4592; x_wconf 84' lang='lat' dir='ltr'><strong>Jurabunt</strong></span> <span class='ocrx_word' id='word_1_651' title='bbox 1684 4539 1828 4593; x_wconf 89' lang='lat' dir='ltr'><strong>enim</strong></span> <span class='ocrx_word' id='word_1_652' title='bbox 1858 4555 1952 4609; x_wconf 88' lang='lat' dir='ltr'><strong>per</strong></span> <span class='ocrx_word' id='word_1_653' title='bbox 1980 4540 2148 4595; x_wconf 90' lang='lat' dir='ltr'><strong>Deum</strong></span> <span class='ocrx_word' id='word_1_654' title='bbox 2178 4557 2266 4597; x_wconf 77' lang='lat' dir='ltr'><strong>ve-</strong></span> 
     </span>
    </p>
   </div>
   <div class='ocr_carea' id='block_1_90' title="bbox 2367 4532 3934 4613">
    <p class='ocr_par' dir='ltr' id='par_1_90' title="bbox 2370 4540 3934 4613">
     <span class='ocr_line' id='line_1_90' title="bbox 2370 4540 3934 4613; baseline 0.002 -20"><span class='ocrx_word' id='word_1_655' title='bbox 2370 4541 2671 4595; x_wconf 84' lang='grc' dir='ltr'><em>λευσάντων</em></span> <span class='ocrx_word' id='word_1_656' title='bbox 2702 4540 2940 4611; x_wconf 84' lang='grc' dir='ltr'><em>δηλονότι</em></span> <span class='ocrx_word' id='word_1_657' title='bbox 2964 4555 2975 4568; x_wconf 92' lang='grc'><strong>·</strong></span> <span class='ocrx_word' id='word_1_658' title='bbox 3003 4540 3077 4602; x_wconf 83' lang='grc' dir='ltr'><strong>ὡς</strong></span> <span class='ocrx_word' id='word_1_659' title='bbox 3105 4541 3196 4593; x_wconf 73' lang='lat' dir='ltr'><strong>xai.</strong></span> <span class='ocrx_word' id='word_1_660' title='bbox 3234 4542 3416 4612; x_wconf 83' lang='grc' dir='ltr'><em>ὅρκιον</em></span> <span class='ocrx_word' id='word_1_661' title='bbox 3464 4541 3626 4594; x_wconf 76' lang='grc' dir='ltr'><em>αὑτὸν</em></span> <span class='ocrx_word' id='word_1_662' title='bbox 3673 4543 3934 4613; x_wconf 82' lang='grc' dir='ltr'><em>ποιουμέ-</em></span> 
     </span>
    </p>
   </div>
   <div class='ocr_carea' id='block_1_91' title="bbox 705 4627 2270 4698">
    <p class='ocr_par' dir='ltr' id='par_1_91' title="bbox 705 4627 2270 4698">
     <span class='ocr_line' id='line_1_91' title="bbox 705 4627 2270 4698; baseline 0.003 -16"><span class='ocrx_word' id='word_1_663' title='bbox 705 4643 848 4692; x_wconf 91' lang='lat' dir='ltr'><strong>rum,</strong></span> <span class='ocrx_word' id='word_1_664' title='bbox 880 4628 1022 4682; x_wconf 87' lang='lat' dir='ltr'><strong>sicut</strong></span> <span class='ocrx_word' id='word_1_665' title='bbox 1055 4629 1314 4698; x_wconf 86' lang='lat' dir='ltr'><strong>scriptum</strong></span> <span class='ocrx_word' id='word_1_666' title='bbox 1349 4637 1449 4686; x_wconf 89' lang='lat' dir='ltr'><strong>est.</strong></span> <span class='ocrx_word' id='word_1_667' title='bbox 1489 4627 1626 4694; x_wconf 87' lang='lat' dir='ltr'><strong>Quia</strong></span> <span class='ocrx_word' id='word_1_668' title='bbox 1658 4631 1982 4684; x_wconf 80' lang='lat' dir='ltr'><strong>obstructum</strong></span> <span class='ocrx_word' id='word_1_669' title='bbox 2010 4641 2088 4686; x_wconf 83' lang='lat' dir='ltr'><strong>est</strong></span> <span class='ocrx_word' id='word_1_670' title='bbox 2115 4649 2171 4688; x_wconf 85' lang='lat' dir='ltr'><strong>os</strong></span> <span class='ocrx_word' id='word_1_671' title='bbox 2198 4633 2270 4687; x_wconf 79' lang='lat' dir='ltr'><strong>lo-</strong></span> 
     </span>
    </p>
   </div>
   <div class='ocr_carea' id='block_1_92' title="bbox 702 4719 2268 4794">
    <p class='ocr_par' dir='ltr' id='par_1_92' title="bbox 702 4719 2268 4794">
     <span class='ocr_line' id='line_1_92' title="bbox 702 4719 2268 4794; baseline 0.006 -23"><span class='ocrx_word' id='word_1_672' title='bbox 702 4719 973 4788; x_wconf 81' lang='lat' dir='ltr'><strong>qucnlium</strong></span> <span class='ocrx_word' id='word_1_673' title='bbox 1001 4721 1201 4789; x_wconf 83' lang='lat' dir='ltr'><strong>iniqua.</strong></span> <span class='ocrx_word' id='word_1_674' title='bbox 1235 4720 1536 4790; x_wconf 87' lang='lat' dir='ltr'><strong>Ecquinam</strong></span> <span class='ocrx_word' id='word_1_675' title='bbox 1571 4732 1700 4776; x_wconf 89' lang='lat' dir='ltr'><strong>sunt</strong></span> <span class='ocrx_word' id='word_1_676' title='bbox 1731 4723 1845 4789; x_wconf 90' lang='lat' dir='ltr'><strong>illi,</strong></span> <span class='ocrx_word' id='word_1_677' title='bbox 1891 4724 1996 4779; x_wconf 89' lang='lat' dir='ltr'><strong>nisi</strong></span> <span class='ocrx_word' id='word_1_678' title='bbox 2026 4726 2119 4794; x_wconf 90' lang='lat' dir='ltr'><strong>qui</strong></span> <span class='ocrx_word' id='word_1_679' title='bbox 2151 4727 2268 4780; x_wconf 89' lang='lat' dir='ltr'><strong>ausi</strong></span> 
     </span>
    </p>
   </div>
   <div class='ocr_carea' id='block_1_93' title="bbox 706 4811 2270 4883">
    <p class='ocr_par' dir='ltr' id='par_1_93' title="bbox 706 4811 2270 4883">
     <span class='ocr_line' id='line_1_93' title="bbox 706 4811 2270 4883; baseline 0.004 -19"><span class='ocrx_word' id='word_1_680' title='bbox 706 4821 833 4866; x_wconf 88' lang='lat' dir='ltr'><strong>sunt</strong></span> <span class='ocrx_word' id='word_1_681' title='bbox 860 4812 1039 4865; x_wconf 82' lang='lat' dir='ltr'><strong>dicere</strong></span> <span class='ocrx_word' id='word_1_682' title='bbox 1068 4831 1079 4864; x_wconf 91' lang='lat'>:</span> <span class='ocrx_word' id='word_1_683' title='bbox 1110 4811 1251 4866; x_wconf 84' lang='lat' dir='ltr'><strong>Tolle</strong></span> <span class='ocrx_word' id='word_1_684' title='bbox 1281 4815 1343 4867; x_wconf 89' lang='lat' dir='ltr'><strong>de</strong></span> <span class='ocrx_word' id='word_1_685' title='bbox 1368 4827 1507 4868; x_wconf 82' lang='lat' dir='ltr'><strong>terra</strong></span> <span class='ocrx_word' id='word_1_686' title='bbox 1532 4815 1854 4883; x_wconf 84' lang='lat' dir='ltr'><strong>lmjusmodi,</strong></span> <span class='ocrx_word' id='word_1_687' title='bbox 1888 4835 1988 4870; x_wconf 90' lang='lat' dir='ltr'><strong>non</strong></span> <span class='ocrx_word' id='word_1_688' title='bbox 2011 4819 2147 4870; x_wconf 84' lang='lat' dir='ltr'><strong>enim</strong></span> <span class='ocrx_word' id='word_1_689' title='bbox 2180 4833 2270 4870; x_wconf 80' lang='lat' dir='ltr'><strong>ea:-</strong></span> 
     </span>
    </p>
   </div>
   <div class='ocr_carea' id='block_1_94' title="bbox 705 4905 2264 4978">
    <p class='ocr_par' dir='ltr' id='par_1_94' title="bbox 705 4905 2264 4978">
     <span class='ocr_line' id='line_1_94' title="bbox 705 4905 2264 4978; baseline 0.004 -20"><span class='ocrx_word' id='word_1_690' title='bbox 705 4906 845 4974; x_wconf 82' lang='lat' dir='ltr'><strong>pedit</strong></span> <span class='ocrx_word' id='word_1_691' title='bbox 891 4922 1009 4959; x_wconf 85' lang='lat' dir='ltr'><strong>eum</strong></span> <span class='ocrx_word' id='word_1_692' title='bbox 1054 4906 1290 4960; x_wconf 78' lang='lat' dir='ltr'><strong>vivere‘?</strong></span> <span class='ocrx_word' id='word_1_693' title='bbox 1338 4905 1540 4962; x_wconf 86' lang='lat' dir='ltr'><strong>Horum</strong></span> <span class='ocrx_word' id='word_1_694' title='bbox 1597 4910 1781 4978; x_wconf 87' lang='lat' dir='ltr'><strong>itaque</strong></span> <span class='ocrx_word' id='word_1_695' title='bbox 1819 4924 1882 4963; x_wconf 90' lang='lat' dir='ltr'><strong>os</strong></span> <span class='ocrx_word' id='word_1_696' title='bbox 1927 4910 2264 4964; x_wconf 90' lang='lat' dir='ltr'><strong>obstructum</strong></span> 
     </span>
    </p>
   </div>
   <div class='ocr_carea' id='block_1_95' title="bbox 707 4997 2267 5066">
    <p class='ocr_par' dir='ltr' id='par_1_95' title="bbox 707 4997 2267 5066">
     <span class='ocr_line' id='line_1_95' title="bbox 707 4997 2267 5066; baseline 0.004 -17"><span class='ocrx_word' id='word_1_697' title='bbox 707 5006 828 5060; x_wconf 86' lang='lat' dir='ltr'><strong>est,</strong></span> <span class='ocrx_word' id='word_1_698' title='bbox 876 5006 1160 5066; x_wconf 89' lang='lat' dir='ltr'><strong>postquam</strong></span> <span class='ocrx_word' id='word_1_699' title='bbox 1217 4997 1476 5053; x_wconf 90' lang='lat' dir='ltr'><strong>Dominus</strong></span> <span class='ocrx_word' id='word_1_700' title='bbox 1522 5010 1751 5054; x_wconf 88' lang='lat' dir='ltr'><strong>mortem</strong></span> <span class='ocrx_word' id='word_1_701' title='bbox 1797 5002 2169 5056; x_wconf 85' lang='lat' dir='ltr'><strong>conculcasset</strong></span> <span class='ocrx_word' id='word_1_702' title='bbox 2204 5017 2267 5056; x_wconf 91' lang='lat' dir='ltr'><strong>ac</strong></span> 
     </span>
    </p>
   </div>
   <div class='ocr_carea' id='block_1_96' title="bbox 707 5089 2265 5160">
    <p class='ocr_par' dir='ltr' id='par_1_96' title="bbox 707 5089 2265 5160">
     <span class='ocr_line' id='line_1_96' title="bbox 707 5089 2265 5160; baseline 0.005 -20"><span class='ocrx_word' id='word_1_703' title='bbox 707 5097 831 5157; x_wconf 89' lang='lat' dir='ltr'><strong>post</strong></span> <span class='ocrx_word' id='word_1_704' title='bbox 871 5089 1108 5143; x_wconf 88' lang='lat' dir='ltr'><strong>triduum</strong></span> <span class='ocrx_word' id='word_1_705' title='bbox 1157 5091 1563 5147; x_wconf 78' lang='lat' dir='ltr'><strong>resurrexisset.</strong></span> <span class='ocrx_word' id='word_1_706' title='bbox 1614 5091 1965 5160; x_wconf 86' lang='lat' dir='ltr'><strong>lpsarumque</strong></span> <span class='ocrx_word' id='word_1_707' title='bbox 2009 5092 2265 5148; x_wconf 84' lang='lat' dir='ltr'><strong>adversa-</strong></span> 
     </span>
    </p>
   </div>
   <div class='ocr_carea' id='block_1_97' title="bbox 708 5179 2266 5257">
    <p class='ocr_par' dir='ltr' id='par_1_97' title="bbox 708 5179 2266 5257">
     <span class='ocr_line' id='line_1_97' title="bbox 708 5179 2266 5257; baseline 0.006 -24"><span class='ocrx_word' id='word_1_708' title='bbox 708 5179 911 5234; x_wconf 90' lang='lat' dir='ltr'><strong>riarum</strong></span> <span class='ocrx_word' id='word_1_709' title='bbox 957 5190 1282 5250; x_wconf 88' lang='lat' dir='ltr'><strong>potestatum</strong></span> <span class='ocrx_word' id='word_1_710' title='bbox 1316 5199 1378 5236; x_wconf 93' lang='lat' dir='ltr'><strong>os</strong></span> <span class='ocrx_word' id='word_1_711' title='bbox 1421 5183 1758 5237; x_wconf 89' lang='lat' dir='ltr'><strong>obstructum</strong></span> <span class='ocrx_word' id='word_1_712' title='bbox 1797 5183 1924 5248; x_wconf 82' lang='lat' dir='ltr'><strong>fuit,</strong></span> <span class='ocrx_word' id='word_1_713' title='bbox 1957 5186 2134 5241; x_wconf 87' lang='lat' dir='ltr'><strong>ablato</strong></span> <span class='ocrx_word' id='word_1_714' title='bbox 2173 5203 2266 5257; x_wconf 88' lang='lat' dir='ltr'><strong>per</strong></span> 
     </span>
    </p>
   </div>
   <div class='ocr_carea' id='block_1_98' title="bbox 709 5273 2267 5342">
    <p class='ocr_par' dir='ltr' id='par_1_98' title="bbox 709 5273 2267 5342">
     <span class='ocr_line' id='line_1_98' title="bbox 709 5273 2267 5342; baseline 0.005 -18"><span class='ocrx_word' id='word_1_715' title='bbox 709 5273 934 5342; x_wconf 77' lang='lat' dir='ltr'><strong>gratiam</strong></span> <span class='ocrx_word' id='word_1_716' title='bbox 968 5284 1209 5342; x_wconf 88' lang='lat' dir='ltr'><strong>peccato,</strong></span> <span class='ocrx_word' id='word_1_717' title='bbox 1245 5285 1301 5329; x_wconf 92' lang='lat' dir='ltr'><strong>ut</strong></span> <span class='ocrx_word' id='word_1_718' title='bbox 1335 5276 1461 5328; x_wconf 88' lang='lat' dir='ltr'><strong>alibi</strong></span> <span class='ocrx_word' id='word_1_719' title='bbox 1490 5278 1694 5331; x_wconf 88' lang='lat' dir='ltr'><strong>dictum</strong></span> <span class='ocrx_word' id='word_1_720' title='bbox 1732 5286 1814 5331; x_wconf 86' lang='lat' dir='ltr'><strong>est</strong></span> <span class='ocrx_word' id='word_1_721' title='bbox 1840 5293 1852 5328; x_wconf 90' lang='lat'>:</span> <span class='ocrx_word' id='word_1_722' title='bbox 1882 5276 1946 5329; x_wconf 82' lang='lat' dir='ltr'><strong>Et</strong></span> <span class='ocrx_word' id='word_1_723' title='bbox 1975 5279 2140 5332; x_wconf 87' lang='lat' dir='ltr'><strong>omnis</strong></span> <span class='ocrx_word' id='word_1_724' title='bbox 2163 5281 2267 5332; x_wconf 88' lang='lat' dir='ltr'><strong>ini-</strong></span> 
     </span>
    </p>
   </div>
   <div class='ocr_carea' id='block_1_99' title="bbox 707 5367 2263 5440">
    <p class='ocr_par' dir='ltr' id='par_1_99' title="bbox 707 5367 2263 5440">
     <span class='ocr_line' id='line_1_99' title="bbox 707 5367 2263 5440; baseline 0.005 -23"><span class='ocrx_word' id='word_1_725' title='bbox 707 5367 880 5431; x_wconf 81' lang='lat' dir='ltr'><strong>quitas</strong></span> <span class='ocrx_word' id='word_1_726' title='bbox 909 5369 1158 5435; x_wconf 78' lang='lat' dir='ltr'><strong>oppilabit</strong></span> <span class='ocrx_word' id='word_1_727' title='bbox 1181 5386 1236 5421; x_wconf 85' lang='lat' dir='ltr'><strong>os</strong></span> <span class='ocrx_word' id='word_1_728' title='bbox 1267 5386 1416 5422; x_wconf 87' lang='lat' dir='ltr'><strong>suum</strong></span> <span class='ocrx_word' id='word_1_729' title='bbox 1437 5373 1477 5425; x_wconf 80' lang='lat'><strong>’.</strong></span> <span class='ocrx_word' id='word_1_730' title='bbox 1510 5368 1642 5424; x_wconf 82' lang='lat' dir='ltr'><strong>Deus</strong></span> <span class='ocrx_word' id='word_1_731' title='bbox 1666 5369 1808 5422; x_wconf 67' lang='lat' dir='ltr'><strong>enim</strong></span> <span class='ocrx_word' id='word_1_732' title='bbox 1838 5381 1912 5424; x_wconf 81' lang='lat' dir='ltr'><strong>est</strong></span> <span class='ocrx_word' id='word_1_733' title='bbox 1933 5372 2263 5440; x_wconf 81' lang='lat' dir='ltr'><strong>quijudicat,</strong></span> 
     </span>
    </p>
   </div>
   <div class='ocr_carea' id='block_1_100' title="bbox 706 5463 1528 5529">
    <p class='ocr_par' dir='ltr' id='par_1_100' title="bbox 706 5463 1528 5529">
     <span class='ocr_line' id='line_1_100' title="bbox 706 5463 1528 5529; baseline 0.002 -15"><span class='ocrx_word' id='word_1_734' title='bbox 706 5469 758 5514; x_wconf 72' lang='lat' dir='ltr'><strong>rt</strong></span> <span class='ocrx_word' id='word_1_735' title='bbox 792 5463 906 5529; x_wconf 79' lang='lat' dir='ltr'><strong>quis</strong></span> <span class='ocrx_word' id='word_1_736' title='bbox 933 5471 1008 5515; x_wconf 85' lang='lat' dir='ltr'><strong>est</strong></span> <span class='ocrx_word' id='word_1_737' title='bbox 1036 5465 1125 5528; x_wconf 87' lang='lat' dir='ltr'><strong>qui</strong></span> <span class='ocrx_word' id='word_1_738' title='bbox 1159 5463 1528 5516; x_wconf 75' lang='lat' dir='ltr'><strong>condemnet’?</strong></span> 
     </span>
    </p>
   </div>
   <div class='ocr_carea' id='block_1_101' title="bbox 783 5665 2292 5733">
    <p class='ocr_par' dir='ltr' id='par_1_101' title="bbox 783 5665 2292 5733">
     <span class='ocr_line' id='line_1_101' title="bbox 783 5665 2292 5733; baseline 0.003 -18"><span class='ocrx_word' id='word_1_739' title='bbox 783 5666 828 5698; x_wconf 65' lang='grc' dir='ltr'><em>τ’</em></span> <span class='ocrx_word' id='word_1_740' title='bbox 857 5665 1025 5724; x_wconf 83' lang='lat' dir='ltr'><strong>lCor.</strong></span> <span class='ocrx_word' id='word_1_741' title='bbox 1068 5686 1138 5732; x_wconf 82' lang='lat' dir='ltr'><strong>iv,</strong></span> <span class='ocrx_word' id='word_1_742' title='bbox 1164 5667 1216 5722; x_wconf 87' lang='lat'><strong>8.</strong></span> <span class='ocrx_word' id='word_1_743' title='bbox 1297 5670 1310 5698; x_wconf 83' lang='lat'><em>‘</em></span> <span class='ocrx_word' id='word_1_744' title='bbox 1351 5668 1470 5723; x_wconf 79' lang='lat' dir='ltr'><strong>Act.</strong></span> <span class='ocrx_word' id='word_1_745' title='bbox 1508 5684 1645 5731; x_wconf 73' lang='lat' dir='ltr'><strong>uti,</strong></span> <span class='ocrx_word' id='word_1_746' title='bbox 1678 5665 1768 5718; x_wconf 72' lang='lat'><strong>2‘2.</strong></span> <span class='ocrx_word' id='word_1_747' title='bbox 1847 5668 1867 5696; x_wconf 86' lang='grc'>¹</span> <span class='ocrx_word' id='word_1_748' title='bbox 1895 5665 2041 5721; x_wconf 86' lang='lat' dir='ltr'><strong>Psal.</strong></span> <span class='ocrx_word' id='word_1_749' title='bbox 2071 5683 2178 5733; x_wconf 76' lang='grc' dir='ltr'><em>ενι,</em></span> <span class='ocrx_word' id='word_1_750' title='bbox 2209 5667 2292 5722; x_wconf 66' lang='lat'><strong>42.</strong></span> 
     </span>
    </p>
   </div>
   <div class='ocr_carea' id='block_1_102' title="bbox 2372 4632 3922 4705">
    <p class='ocr_par' dir='ltr' id='par_1_102' title="bbox 2372 4632 3922 4705">
     <span class='ocr_line' id='line_1_102' title="bbox 2372 4632 3922 4705; baseline 0.001 -19"><span class='ocrx_word' id='word_1_751' title='bbox 2372 4651 2494 4696; x_wconf 84' lang='grc' dir='ltr'><em>νους</em></span> <span class='ocrx_word' id='word_1_752' title='bbox 2537 4633 2873 4686; x_wconf 82' lang='grc' dir='ltr'><em>ἐπαινεῖσθαι</em></span> <span class='ocrx_word' id='word_1_753' title='bbox 2919 4633 3160 4696; x_wconf 87' lang='grc' dir='ltr'><em>δικαίως.</em></span> <span class='ocrx_word' id='word_1_754' title='bbox 3207 4632 3491 4703; x_wconf 78' lang='grc' dir='ltr'><em>Ὀμοῦνται</em></span> <span class='ocrx_word' id='word_1_755' title='bbox 3516 4632 3622 4704; x_wconf 77' lang='grc' dir='ltr'><em>γὰρ</em></span> <span class='ocrx_word' id='word_1_756' title='bbox 3641 4633 3773 4686; x_wconf 79' lang='grc' dir='ltr'><em>Θεὸν</em></span> <span class='ocrx_word' id='word_1_757' title='bbox 3802 4635 3922 4705; x_wconf 85' lang='grc' dir='ltr'><em>ἀλη-</em></span> 
     </span>
    </p>
   </div>
   <div class='ocr_carea' id='block_1_103' title="bbox 2373 4722 3936 4794">
    <p class='ocr_par' dir='ltr' id='par_1_103' title="bbox 2373 4722 3936 4794">
     <span class='ocr_line' id='line_1_103' title="bbox 2373 4722 3936 4794; baseline 0 -17"><span class='ocrx_word' id='word_1_758' title='bbox 2373 4724 2536 4787; x_wconf 76' lang='grc' dir='ltr'><em>θινὸν,</em></span> <span class='ocrx_word' id='word_1_759' title='bbox 2567 4723 2706 4776; x_wconf 74' lang='grc' dir='ltr'><em>κατὰ</em></span> <span class='ocrx_word' id='word_1_760' title='bbox 2731 4723 2791 4776; x_wconf 83' lang='grc' dir='ltr'><em>τὸ</em></span> <span class='ocrx_word' id='word_1_761' title='bbox 2825 4723 3206 4794; x_wconf 80' lang='grc' dir='ltr'><em>γεγραμμένον</em></span> <span class='ocrx_word' id='word_1_762' title='bbox 3229 4739 3242 4752; x_wconf 69' lang='grc' dir='ltr'><strong>ο</strong></span> <span class='ocrx_word' id='word_1_763' title='bbox 3271 4723 3400 4774; x_wconf 77' lang='grc' dir='ltr'><em>Ὀτι</em></span> <span class='ocrx_word' id='word_1_764' title='bbox 3420 4722 3717 4794; x_wconf 53' lang='lat' dir='ltr'><strong>eras:de</strong></span> <span class='ocrx_word' id='word_1_765' title='bbox 3741 4726 3936 4793; x_wconf 85' lang='grc' dir='ltr'><em>στόμα</em></span> 
     </span>
    </p>
   </div>
   <div class='ocr_carea' id='block_1_104' title="bbox 2371 4793 3921 4887">
    <p class='ocr_par' dir='ltr' id='par_1_104' title="bbox 2371 4793 3921 4887">
     <span class='ocr_line' id='line_1_104' title="bbox 2371 4793 3921 4887; baseline 0 -17"><span class='ocrx_word' id='word_1_766' title='bbox 2371 4817 2722 4870; x_wconf 71' lang='grc' dir='ltr'><em>λαλούντων</em></span> <span class='ocrx_word' id='word_1_767' title='bbox 2747 4815 2937 4867; x_wconf 74' lang='grc' dir='ltr'><em>ἄδικα.</em></span> <span class='ocrx_word' id='word_1_768' title='bbox 2972 4815 3080 4867; x_wconf 72' lang='grc' dir='ltr'><strong>Καὶ</strong></span> <span class='ocrx_word' id='word_1_769' title='bbox 3107 4815 3249 4878; x_wconf 84' lang='grc' dir='ltr'><em>τίνες</em></span> <span class='ocrx_word' id='word_1_770' title='bbox 3281 4793 3433 4869; x_wconf 46' lang='grc' dir='ltr'><em>οὗτοι.</em></span> <span class='ocrx_word' id='word_1_771' title='bbox 3463 4815 3494 4885; x_wconf 81' lang='grc' dir='ltr'>ἦ</span> <span class='ocrx_word' id='word_1_772' title='bbox 3549 4815 3596 4866; x_wconf 76' lang='grc' dir='ltr'><em>οἱ</em></span> <span class='ocrx_word' id='word_1_773' title='bbox 3633 4814 3921 4887; x_wconf 76' lang='grc' dir='ltr'><em>τολμήσειν</em></span> 
     </span>
    </p>
   </div>
   <div class='ocr_carea' id='block_1_105' title="bbox 2371 4902 3936 4977">
    <p class='ocr_par' dir='ltr' id='par_1_105' title="bbox 2371 4902 3936 4977">
     <span class='ocr_line' id='line_1_105' title="bbox 2371 4902 3936 4977; baseline 0 -18"><span class='ocrx_word' id='word_1_774' title='bbox 2371 4925 2462 4970; x_wconf 82' lang='grc' dir='ltr'><strong>τες</strong></span> <span class='ocrx_word' id='word_1_775' title='bbox 2494 4909 2687 4969; x_wconf 86' lang='grc' dir='ltr'><em>εἰπεῖν,</em></span> <span class='ocrx_word' id='word_1_776' title='bbox 2715 4902 2852 4972; x_wconf 67' lang='grc' dir='ltr'><em>Αἶρε</em></span> <span class='ocrx_word' id='word_1_777' title='bbox 2871 4905 2938 4958; x_wconf 83' lang='grc' dir='ltr'><em>ἐκ</em></span> <span class='ocrx_word' id='word_1_778' title='bbox 2976 4904 3082 4972; x_wconf 83' lang='grc' dir='ltr'><em>τῆς</em></span> <span class='ocrx_word' id='word_1_779' title='bbox 3110 4903 3221 4973; x_wconf 81' lang='grc' dir='ltr'><strong>τῆς</strong></span> <span class='ocrx_word' id='word_1_780' title='bbox 3246 4905 3352 4958; x_wconf 83' lang='grc' dir='ltr'><em>τὸν</em></span> <span class='ocrx_word' id='word_1_781' title='bbox 3379 4905 3645 4960; x_wconf 81' lang='grc' dir='ltr'><em>τοιοῦτον</em></span> <span class='ocrx_word' id='word_1_782' title='bbox 3665 4922 3679 4935; x_wconf 75' lang='grc' dir='ltr'><strong>ο</strong></span> <span class='ocrx_word' id='word_1_783' title='bbox 3721 4908 3794 4959; x_wconf 86' lang='grc' dir='ltr'><em>οὺ</em></span> <span class='ocrx_word' id='word_1_784' title='bbox 3828 4906 3936 4977; x_wconf 63' lang='grc' dir='ltr'><em>γὰρ</em></span> 
     </span>
    </p>
   </div>
   <div class='ocr_carea' id='block_1_106' title="bbox 2374 4992 3935 5070">
    <p class='ocr_par' dir='ltr' id='par_1_106' title="bbox 2374 4992 3935 5070">
     <span class='ocr_line' id='line_1_106' title="bbox 2374 4992 3935 5070; baseline -0.001 -19"><span class='ocrx_word' id='word_1_785' title='bbox 2374 4998 2634 5066; x_wconf 75' lang='grc' dir='ltr'><em>καθῆκεν</em></span> <span class='ocrx_word' id='word_1_786' title='bbox 2677 4998 2862 5051; x_wconf 70' lang='grc' dir='ltr'><em>αὐτόν</em></span> <span class='ocrx_word' id='word_1_787' title='bbox 2903 4995 3048 5064; x_wconf 61' lang='lat' dir='ltr'><strong>(fw;</strong></span> <span class='ocrx_word' id='word_1_788' title='bbox 3076 4997 3288 5050; x_wconf 80' lang='grc' dir='ltr'><em>Τούτων</em></span> <span class='ocrx_word' id='word_1_789' title='bbox 3317 4997 3380 5067; x_wconf 86' lang='grc' dir='ltr'><em>δὴ</em></span> <span class='ocrx_word' id='word_1_790' title='bbox 3427 4992 3520 5050; x_wconf 76' lang='grc' dir='ltr'><em>οὖν</em></span> <span class='ocrx_word' id='word_1_791' title='bbox 3572 4999 3848 5070; x_wconf 78' lang='grc' dir='ltr'><em>ἐνεφράγη</em></span> <span class='ocrx_word' id='word_1_792' title='bbox 3876 4999 3935 5051; x_wconf 79' lang='grc' dir='ltr'><em>τὸ</em></span> 
     </span>
    </p>
   </div>
   <div class='ocr_carea' id='block_1_107' title="bbox 2375 5089 3935 5164">
    <p class='ocr_par' dir='ltr' id='par_1_107' title="bbox 2375 5089 3935 5164">
     <span class='ocr_line' id='line_1_107' title="bbox 2375 5089 3935 5164; baseline 0.001 -20"><span class='ocrx_word' id='word_1_793' title='bbox 2375 5091 2568 5162; x_wconf 85' lang='grc' dir='ltr'><em>στόμα,</em></span> <span class='ocrx_word' id='word_1_794' title='bbox 2601 5092 2936 5162; x_wconf 82' lang='grc' dir='ltr'><em>πατήσαντος</em></span> <span class='ocrx_word' id='word_1_795' title='bbox 2959 5089 3051 5143; x_wconf 82' lang='grc' dir='ltr'><em>τοῦ</em></span> <span class='ocrx_word' id='word_1_796' title='bbox 3074 5090 3274 5160; x_wconf 81' lang='grc' dir='ltr'><em>Κυρίου</em></span> <span class='ocrx_word' id='word_1_797' title='bbox 3296 5090 3388 5144; x_wconf 74' lang='grc' dir='ltr'><em>τὸν</em></span> <span class='ocrx_word' id='word_1_798' title='bbox 3409 5090 3654 5152; x_wconf 84' lang='grc' dir='ltr'><em>θάνατον,</em></span> <span class='ocrx_word' id='word_1_799' title='bbox 3673 5092 3767 5144; x_wconf 75' lang='grc' dir='ltr'><em>καὶ</em></span> <span class='ocrx_word' id='word_1_800' title='bbox 3792 5110 3935 5164; x_wconf 79' lang='grc' dir='ltr'><em>τριη-</em></span> 
     </span>
    </p>
   </div>
   <div class='ocr_carea' id='block_1_108' title="bbox 2377 5180 3932 5254">
    <p class='ocr_par' dir='ltr' id='par_1_108' title="bbox 2377 5180 3932 5254">
     <span class='ocr_line' id='line_1_108' title="bbox 2377 5180 3932 5254; baseline 0.001 -19"><span class='ocrx_word' id='word_1_801' title='bbox 2377 5184 2543 5254; x_wconf 82' lang='grc' dir='ltr'><em>μέρου</em></span> <span class='ocrx_word' id='word_1_802' title='bbox 2572 5183 2921 5245; x_wconf 75' lang='grc' dir='ltr'><em>ἀναστάντος.</em></span> <span class='ocrx_word' id='word_1_803' title='bbox 2958 5182 3067 5235; x_wconf 73' lang='grc' dir='ltr'><strong>Καὶ</strong></span> <span class='ocrx_word' id='word_1_804' title='bbox 3098 5181 3276 5234; x_wconf 76' lang='grc' dir='ltr'><em>αὐτῶν</em></span> <span class='ocrx_word' id='word_1_805' title='bbox 3305 5181 3362 5234; x_wconf 86' lang='grc' dir='ltr'><em>δὲ</em></span> <span class='ocrx_word' id='word_1_806' title='bbox 3398 5180 3506 5234; x_wconf 83' lang='grc' dir='ltr'><em>τῶν</em></span> <span class='ocrx_word' id='word_1_807' title='bbox 3545 5183 3932 5253; x_wconf 77' lang='grc' dir='ltr'><em>ἀντικειμένων</em></span> 
     </span>
    </p>
   </div>
   <div class='ocr_carea' id='block_1_109' title="bbox 2371 5270 3932 5346">
    <p class='ocr_par' dir='ltr' id='par_1_109' title="bbox 2371 5270 3932 5346">
     <span class='ocr_line' id='line_1_109' title="bbox 2371 5270 3932 5346; baseline 0 -21"><span class='ocrx_word' id='word_1_808' title='bbox 2371 5273 2646 5341; x_wconf 82' lang='grc' dir='ltr'><em>δυνάμεων</em></span> <span class='ocrx_word' id='word_1_809' title='bbox 2672 5271 2942 5342; x_wconf 82' lang='grc' dir='ltr'><em>ὲνεφράγη</em></span> <span class='ocrx_word' id='word_1_810' title='bbox 2964 5270 3024 5323; x_wconf 85' lang='grc' dir='ltr'><em>τὸ</em></span> <span class='ocrx_word' id='word_1_811' title='bbox 3049 5271 3240 5340; x_wconf 87' lang='grc' dir='ltr'><em>στόμα,</em></span> <span class='ocrx_word' id='word_1_812' title='bbox 3265 5271 3610 5341; x_wconf 80' lang='grc' dir='ltr'><em>ἀνῃρημένης</em></span> <span class='ocrx_word' id='word_1_813' title='bbox 3641 5272 3739 5342; x_wconf 83' lang='grc' dir='ltr'><strong>τῆς</strong></span> <span class='ocrx_word' id='word_1_814' title='bbox 3755 5273 3932 5346; x_wconf 69' lang='grc' dir='ltr'><em>ἁμαρ-ο</em></span> 
     </span>
    </p>
   </div>
   <div class='ocr_carea' id='block_1_110' title="bbox 2373 5363 3928 5435">
    <p class='ocr_par' dir='ltr' id='par_1_110' title="bbox 2373 5363 3928 5435">
     <span class='ocr_line' id='line_1_110' title="bbox 2373 5363 3928 5435; baseline 0 -17"><span class='ocrx_word' id='word_1_815' title='bbox 2373 5366 2492 5428; x_wconf 83' lang='grc' dir='ltr'><em>τίας</em></span> <span class='ocrx_word' id='word_1_816' title='bbox 2528 5364 2616 5417; x_wconf 90' lang='grc' dir='ltr'><strong>διά</strong></span> <span class='ocrx_word' id='word_1_817' title='bbox 2648 5364 2745 5434; x_wconf 83' lang='grc' dir='ltr'><em>τῆς</em></span> <span class='ocrx_word' id='word_1_818' title='bbox 2777 5363 3014 5434; x_wconf 79' lang='grc' dir='ltr'><em>χάριτος,</em></span> <span class='ocrx_word' id='word_1_819' title='bbox 3042 5363 3182 5417; x_wconf 77' lang='grc' dir='ltr'><em>κατὰ</em></span> <span class='ocrx_word' id='word_1_820' title='bbox 3225 5363 3285 5416; x_wconf 81' lang='grc' dir='ltr'><em>τὸ</em></span> <span class='ocrx_word' id='word_1_821' title='bbox 3328 5363 3611 5434; x_wconf 84' lang='grc' dir='ltr'><em>είρημένον</em></span> <span class='ocrx_word' id='word_1_822' title='bbox 3663 5364 3928 5435; x_wconf 80' lang='grc' dir='ltr'><em>ἀλλαχοῦ·</em></span> 
     </span>
    </p>
   </div>
   <div class='ocr_carea' id='block_1_111' title="bbox 2376 5454 3935 5527">
    <p class='ocr_par' dir='ltr' id='par_1_111' title="bbox 2376 5454 3935 5527">
     <span class='ocr_line' id='line_1_111' title="bbox 2376 5454 3935 5527; baseline 0.001 -17"><span class='ocrx_word' id='word_1_823' title='bbox 2376 5457 2480 5510; x_wconf 76' lang='grc' dir='ltr'><strong>Καὶ</strong></span> <span class='ocrx_word' id='word_1_824' title='bbox 2501 5456 2667 5511; x_wconf 78' lang='grc' dir='ltr'><em>πᾶσα</em></span> <span class='ocrx_word' id='word_1_825' title='bbox 2695 5456 2907 5524; x_wconf 80' lang='grc' dir='ltr'><em>ἀνομία</em></span> <span class='ocrx_word' id='word_1_826' title='bbox 2931 5454 3212 5524; x_wconf 67' lang='grc' dir='ltr'><em>ἐμφράξει</em></span> <span class='ocrx_word' id='word_1_827' title='bbox 3237 5454 3302 5508; x_wconf 87' lang='grc' dir='ltr'><em>τὸ</em></span> <span class='ocrx_word' id='word_1_828' title='bbox 3329 5456 3522 5524; x_wconf 83' lang='grc' dir='ltr'><em>στόμα</em></span> <span class='ocrx_word' id='word_1_829' title='bbox 3548 5454 3758 5527; x_wconf 74' lang='grc' dir='ltr'><em>αὐτῆς.</em></span> <span class='ocrx_word' id='word_1_830' title='bbox 3793 5456 3935 5524; x_wconf 77' lang='grc' dir='ltr'><em>Θεὸς</em></span> 
     </span>
    </p>
   </div>
   <div class='ocr_carea' id='block_1_112' title="bbox 2375 5547 3571 5620">
    <p class='ocr_par' dir='ltr' id='par_1_112' title="bbox 2375 5547 3571 5620">
     <span class='ocr_line' id='line_1_112' title="bbox 2375 5547 3571 5620; baseline -0.001 -18"><span class='ocrx_word' id='word_1_831' title='bbox 2375 5551 2482 5620; x_wconf 81' lang='grc' dir='ltr'><em>γὰρ</em></span> <span class='ocrx_word' id='word_1_832' title='bbox 2508 5552 2538 5602; x_wconf 89' lang='lat' dir='ltr'><strong>o&#39;</strong></span> <span class='ocrx_word' id='word_1_833' title='bbox 2571 5547 2831 5610; x_wconf 83' lang='grc' dir='ltr'><em>δικαιῶν,</em></span> <span class='ocrx_word' id='word_1_834' title='bbox 2867 5547 2964 5600; x_wconf 76' lang='grc' dir='ltr'><em>καὶ</em></span> <span class='ocrx_word' id='word_1_835' title='bbox 2989 5547 3078 5612; x_wconf 80' lang='grc' dir='ltr'><strong>τίς</strong></span> <span class='ocrx_word' id='word_1_836' title='bbox 3111 5550 3143 5600; x_wconf 87' lang='grc' dir='ltr'><strong>ό</strong></span> <span class='ocrx_word' id='word_1_837' title='bbox 3169 5547 3571 5615; x_wconf 80' lang='grc' dir='ltr'><em>κατακρίνων;</em></span> 
     </span>
    </p>
   </div>
   <div class='ocr_carea' id='block_1_113' title="bbox 2373 5663 2864 5727">
    <p class='ocr_par' dir='ltr' id='par_1_113' title="bbox 2373 5663 2864 5727">
     <span class='ocr_line' id='line_1_113' title="bbox 2373 5663 2864 5727; baseline -0.004 -9"><span class='ocrx_word' id='word_1_838' title='bbox 2373 5669 2393 5698; x_wconf 89' lang='grc'><em>³</em></span> <span class='ocrx_word' id='word_1_839' title='bbox 2421 5665 2579 5720; x_wconf 80' lang='lat' dir='ltr'><strong>Rom.</strong></span> <span class='ocrx_word' id='word_1_840' title='bbox 2613 5681 2705 5717; x_wconf 82' lang='lat' dir='ltr'><strong>vui</strong></span> <span class='ocrx_word' id='word_1_841' title='bbox 2730 5703 2743 5727; x_wconf 87' lang='lat'><strong>,</strong></span> <span class='ocrx_word' id='word_1_842' title='bbox 2777 5663 2864 5717; x_wconf 75' lang='grc'><strong>54.</strong></span> 
     </span>
    </p>
   </div>
   <div class='ocr_carea' id='block_1_114' title="bbox 781 5787 2380 5860">
    <p class='ocr_par' dir='ltr' id='par_1_114' title="bbox 781 5787 2380 5860">
     <span class='ocr_line' id='line_1_114' title="bbox 781 5787 2380 5860; baseline 0.003 -20"><span class='ocrx_word' id='word_1_843' title='bbox 781 5787 897 5857; x_wconf 77' lang='grc'><strong>(⁸2.5)</strong></span> <span class='ocrx_word' id='word_1_844' title='bbox 929 5789 980 5842; x_wconf 80' lang='grc' dir='ltr'><strong>Α</strong></span> <span class='ocrx_word' id='word_1_845' title='bbox 1003 5791 1260 5846; x_wconf 72' lang='lat' dir='ltr'><strong>(lorderio</strong></span> <span class='ocrx_word' id='word_1_846' title='bbox 1293 5794 1393 5846; x_wconf 79' lang='lat' dir='ltr'><strong>alia</strong></span> <span class='ocrx_word' id='word_1_847' title='bbox 1439 5793 1734 5848; x_wconf 70' lang='lat' dir='ltr'><strong>all’eruntur</strong></span> <span class='ocrx_word' id='word_1_848' title='bbox 1774 5805 1893 5860; x_wconf 62' lang='lat' dir='ltr'><strong>qum</strong></span> <span class='ocrx_word' id='word_1_849' title='bbox 1938 5802 2062 5846; x_wconf 83' lang='lat' dir='ltr'><strong>sunt</strong></span> <span class='ocrx_word' id='word_1_850' title='bbox 2089 5791 2380 5847; x_wconf 82' lang='lat' dir='ltr'><strong>Theodori.</strong></span> 
     </span>
    </p>
   </div>
  </div>
