4108 6496
180 463 272 522 181

311 577 414 643 Εἰς
448 573 516 627 τὸ
546 571 742 636 τέλος.
786 564 1089 622 ΨΑΛΜΟΣ
1116 558 1195 624 τῷ
1231 558 1426 612 Δαυΐδ.
1461 556 1592 610 ΞΓ.

799 659 1123 721 ’Υπόθεσις.

183 760 368 817 Τοῦτον
409 757 539 829 ᾅδει·
558 754 650 808 τὸν
702 750 914 822 ψαλμὸν
964 751 1027 802 ὲκ
1073 742 1362 816 προσώπου
1403 739 1514 793 τῶν
1563 734 1733 829 ἁγίων

243 826 577 911 ἀποστόλων,
621 840 926 914 εὐχομένων
960 835 1335 906 ἀπαλλαγῆναι
1378 829 1486 885 τῶν
1527 826 1733 899 ἐχθρῶν

242 944 328 998 τοῦ
354 936 715 1008 εὐαγγελικοῦ
741 934 1109 1006 κηρύγματος,
1142 922 1513 998 διηγουμένων
1543 936 1601 973 τε
1637 935 1734 970 σα-

242 1033 352 1103 φῶς
378 1031 452 1084 τα
479 1024 991 1083 κατασκευασθέντα
1018 1022 1201 1083 αὐτοῖς
1228 1015 1380 1088 παρά
1408 1013 1517 1067 τῶν
1539 1008 1733 1082 ἀρχόν-

242 1142 343 1178 των
368 1121 461 1176 τοῦ
487 1118 619 1174 λαοῦ
648 1117 755 1171 τῶν
787 1116 1077 1179 Ἰουδαίων,
1109 1114 1145 1167 ἃ
1169 1128 1229 1165 τε
1252 1107 1733 1179 ύπομεμενήκασιν

242 1215 421 1278 αὐτοὶ,
448 1212 610 1281 δῆλον
639 1209 716 1275 δὲ,
750 1210 831 1262 δτι
856 1208 906 1261 οί
932 1202 1316 1278 πῳλεχθὲντες
1334 1200 1613 1272 ἄρχοντες,
1637 1196 1733 1265 τῆς

242 1307 318 1368 είς
351 1302 595 1376 Χριστὸν
619 1298 875 1362 ἀσεϐείας
896 1298 1105 1351 ἕνεκεν.

242 1393 647 1455 Εῑσάκουσον,
688 1395 721 1446 ό
746 1390 910 1455 Θεὸς,
937 1386 1142 1457 φωνῆς
1156 1403 1275 1455 μου
1294 1383 1364 1437 ἐν
1392 1379 1471 1447 τῷ
1498 1376 1734 1434 δέεσθαι

175 1503 260 1556 με.
289 1485 448 1552 Δέξαι
473 1501 605 1555 μου,
627 1482 781 1553 φησὶ,
808 1481 1074 1544 Δέσποτα,
1096 1476 1196 1548 τὴν
1227 1474 1483 1540 ἱκετείαν,
1500 1472 1594 1524 καὶ
1626 1467 1734 1540 ῥῶ-

181 1574 264 1628 σάν
284 1591 381 1645 μου
404 1574 507 1642 τὴν
543 1572 801 1635 διάνοιαν,
828 1568 968 1622 ὥστε
1004 1568 1077 1638 μὴ
1110 1564 1338 1619 δεδιέναι
1362 1560 1460 1624 τὰς
1503 1556 1734 1630 προσϐο-

179 1664 287 1728 λὰς.
321 1662 451 1718 Ἀπὸ
486 1664 679 1732 φόϐου
710 1658 923 1730 ἐχθροῦ
961 1655 1175 1722 ἐξελοῦ
1221 1652 1336 1722 τὴν
1356 1648 1567 1721 ψυχήν
1592 1664 1729 1717 μου.

182 1756 391 1825 ὐμοιον
418 1753 498 1824 τῷ
518 1771 532 1785 ·
569 1753 676 1807 Καὶ
701 1752 837 1815 νῦν,
867 1750 1063 1817 Κύριε,
1094 1745 1261 1801 ἔπιδε
1290 1744 1387 1798 ἐπὶ
1420 1742 1528 1807 τὰς
1572 1740 1736 1794 ἀπει-

178 1846 282 1911 λὰς
302 1844 523 1909 αὐτῶν,
560 1844 657 1898 καί
678 1842 785 1908 δὸς
826 1840 952 1906 τοῖς
980 1839 1223 1905 δούλοις
1263 1852 1379 1891 σου
1404 1831 1554 1905 μετὰ
1583 1832 1733 1898 παῤ-

173 1936 383 2005 ῤηίας
409 1933 632 1989 λαλεῖν
662 1932 769 1986 τὸν
785 1933 969 2001 λόγον
1001 1944 1139 1985 σου.

246 2030 468 2092 οἵτινες
507 2026 829 2094 ἠκόνησαν
854 2024 935 2089 ὡς
966 2020 1268 2091 ῥομφαίαν
1302 2015 1407 2081 τὰς
1451 2013 1734 2085 γλώσσας

180 2117 381 2173 αὐτῶν.
412 2117 607 2171 Ταῦτά
636 2132 797 2186 φησι,
834 2114 926 2168 διὰ
954 2112 1014 2165 τὸ
1048 2106 1494 2182 βλασφημοῦντας
1541 2106 1735 2169 αὐτοὺς

178 2208 262 2262 τὸν
315 2207 521 2278 Ἰησοῦν
576 2205 754 2274 λέγειν
802 2206 914 2267 τοῖς
960 2200 1275 2263 ἀποστόλοις
1295 2217 1309 2231 ·
1365 2195 1735 2266 Παραγγελίᾳ

180 2296 654 2367 παρηγγείλαμεν
697 2293 839 2364 ὑμῖν
880 2291 1096 2363 μηδενὶ
1125 2290 1337 2345 ,λαλεῖν
1355 2288 1454 2343 ἐπὶ
1483 2286 1560 2353 τῷ
1599 2287 1732 2340 ὀνό-

175 2406 303 2458 ματι
326 2390 539 2454 τούτῳ.
570 2416 643 2428 -
690 2385 1026 2440 Ἐνέτειναν
1052 2383 1233 2448 τόξον
1269 2379 1465 2435 αὐτῶν
1498 2375 1735 2446 πρᾶγμα

179 2479 395 2547 πικρόν,
434 2478 610 2543 Τόξου
640 2477 766 2548 βολῇ
786 2478 856 2530 τὰ
888 2472 1216 2553 θανατοποιά
1247 2472 1345 2541 τῆς
1361 2468 1609 2537 γλώσσης
1635 2466 1731 2520 αύ-

180 2570 277 2622 τῶν
300 2569 639 2640 παραϐάλλει
673 2569 912 2639 ῥήματα.
951 2566 1074 2627 Πῶς
1128 2563 1236 2634 γάρ
1294 2562 1354 2615 οὐ
1408 2556 1736 2613 θανατοποιά

180 2662 242 2716 τὰ
268 2658 469 2714 πείθειν
492 2657 876 2731 ἐπιχειροῦντα
910 2656 986 2729 μὴ
1009 2655 1142 2709 Θεὸν
1162 2652 1439 2708 πιστεύειν
1471 2646 1611 2704 εἶναι
1642 2649 1735 2703 τὸν

194 2751 390 2823 Ἰησοῦν
409 2768 425 2817 ;

252 2840 539 2906 Ἕξάπινα
561 2839 1105 2903 κατατοξεύσουσιν
1125 2833 1332 2895 αὐτὸν,
1377 2833 1475 2889 καὶ
1511 2834 1583 2886 οὺ
1630 2848 1735 2901 φο-

180 2930 551 3000 ϐηθήσονται.
576 2927 873 2998 Λοχῶντες,
899 2926 1084 2995 φησὶν,
1104 2922 1366 2993 ἐξαίφνης
1394 2921 1632 2983 ἐπίασιν,
1670 2922 1732 2975 ού

178 3023 396 3084 δεδιότες
420 3023 514 3075 τὸν
538 3019 817 3091 ἐφορῶντα
846 3018 998 3071 Θεόν.
1038 3014 1480 3083 Ἐκραταίωσαν
1499 3011 1734 3078 ἑαυτοῖς

178 3113 351 3183 λόγον
385 3112 655 3179 πονηρόν
688 3126 701 3140 ·
731 3109 792 3162 τὸ
820 3104 1277 3161 διαϐεϐαιοῦσθαιο
1305 3106 1419 3158 Οὐκ
1465 3104 1661 3175 ἀνέστη
1706 3106 1734 3158 ό

180 3202 369 3272 Κύριος
390 3201 455 3255 ὲκ
476 3200 710 3271 νεκρῶν.
731 3197 1103 3267 Διηγήσαντο
1124 3194 1229 3250 τοῦ
1252 3196 1475 3264 κρύψαι
1490 3194 1728 3264 πατίδα.
1756 3222 1799 3280 α

182 3291 317 3344 Ἀνω
338 3291 431 3344 καὶ
446 3289 619 3351 κάτω,
647 3288 832 3357 φησὶν,
862 3284 1204 3337 ἐϐουλεύοντο
1226 3284 1537 3337 ἀποκτεῖναι
1557 3282 1730 3353 λάθρα

178 3380 275 3433 τῶν
290 3376 656 3449 εύαγγελικῶν
671 3375 950 3445 δογμάτων
966 3374 1088 3437 τοὺς
1110 3373 1377 3444 κήρυκας.
1401 3372 1513 3436 Τίς,
1532 3367 1726 3434 εἶπαν,

180 3470 373 3539 ὄψεται
390 3469 650 3534 (totoue;
675 3465 862 3521 Ταῦτα
896 3465 1183 3535 ἔπραττον,
1220 3463 1383 3534 φησι,
1424 3461 1731 3533 νομίζοντες

183 3562 249 3631 μὴ
274 3562 527 3615 ἀπαιτεῖν
548 3557 746 3622 αὐτοὺς
777 3557 869 3610 τὸν
890 3555 1020 3609 Θεὸν
1057 3554 1157 3625 τῆς
1191 3554 1445 3627 τοιαύτης
1482 3554 1731 3617 ἀσεϐείας

179 3652 269 3712 τὰς
290 3650 467 3715 δίκας.

241 3743 713 3810 Προσελεύσεται
744 3737 1051 3806 ἄνθρωπος
1080 3736 1179 3791 καί
1234 3737 1444 3805 καρδία
1491 3738 1726 3802 βαθεῖα.

178 3833 233 3886 Oi
259 3834 355 3904 μὲν
387 3834 716 3905 παράνομοι,
745 3831 929 3902 φησὶν,
958 3831 1018 3883 ού
1050 3828 1284 3883 διέλιπον
1332 3829 1542 3902 πονηρά
1589 3832 1731 3884 κατά

178 3923 262 3978 τοῦ
309 3926 518 3999 Κυρίου
552 3922 961 3996 βουλευόμενοι·
1015 3922 1171 3976 τοῦτο
1197 3922 1305 3995 γάρ
1327 3924 1440 3977 ὲστι
1468 3923 1557 3977 τό’
1607 3924 1730 3988 Ἐξ-

179 4018 515 4085 ηρεύνησαν
527 4017 799 4086 ἀνομίανο
816 4018 845 4069 ὁ
864 4015 923 4069 δὲ
938 4015 1029 4069 τοῦ
1050 4014 1183 4068 Θεοῦ
1198 4014 1295 4070 ἀνθ
1304 4032 1480 4085 ρωπος
1494 4018 1522 4070 ὁ
1536 4016 1727 4069 συνετά

182 4105 553 4177 βουλευόμενος
586 4105 781 4176 (τοῦτο
823 4104 931 4174 γὰρ
964 4107 998 4175 ἡ
1046 4105 1233 4175 βαθεῖα
1267 4106 1458 4177 καρδία
1504 4106 1724 4177 δηλοῖ),

180 4195 265 4249 ἆτε
285 4196 533 4269 ἀκριϐῶς
565 4198 761 4268 νοήσας
786 4198 848 4250 τὸ
877 4198 1191 4268 μυστήριον.
1220 4198 1330 4259 τοῖς
1363 4198 1727 4268 προσήκουσιν

181 4283 354 4355 ὕμνοις
381 4286 745 4357 κεχρημένος,
779 4286 984 4356 ὑψώσει
1018 4288 1107 4340 τὸν
1128 4288 1278 4353 Θεὸν,
1306 4290 1446 4342 κατα
1485 4288 1546 4341 τὸ
1576 4290 1727 4360 εἰρη-

182 4374 326 4441 μένον
352 4374 592 4446 ἀλλαχοῦ
670 4375 907 4444 Ὺψιὶισω
933 4392 1027 4439 σε,
1066 4377 1239 4444 Κύριε
1274 4380 1308 4431 ό
1343 4379 1485 4444 Θεός
1514 4395 1652 4446 μου,
1693 4381 1727 4431 ό

172 4464 455 4532 ,βασιλεὺς
472 4484 617 4536 μου.
641 4465 826 4533 Beloc
850 4468 1081 4535 νηπίων
1104 4466 1480 4536 ἐγενήθησαν
1499 4471 1558 4522 al
1576 4472 1726 4537 πλη-

1285 440 1645 501 EXPOSITIO
1677 438 1747 497 IN
1784 433 2112 495 PSALIUII
2140 431 2316 489 LXIII.

1759 556 1807 614 Δ

3281 419 3392 481 282

2001 547 2054 601 1.
2094 543 2162 600 In
2185 543 2366 614 ﬁnem;
2394 536 2733 594 PSALMUS
2764 534 2955 589 David.
2991 529 3214 587 LXIII.

2406 627 2807 698 Argumentum.

1834 726 1990 783 Hunc
2036 723 2183 781 canit
2208 721 2481 793 psalmum
2516 733 2581 773 ex
2620 731 2852 787 persona
2900 722 3215 770 sanctorum
3260 725 3391 783 spo-

1904 819 2198 884 stolorum,
2267 813 2362 884 qui
2422 819 2612 881 rogant
2666 807 2885 864 liberari
2931 822 2989 863 se
3039 807 3108 861 ab
3152 804 3391 860 inimicis

1904 904 2225 977 evangelica:
2250 899 2672 973 praedicationis,
2691 906 2747 953 et
2766 896 2999 952 dilucide
3023 902 3249 951 narrant
3269 909 3394 965 quae

1902 997 2192 1053 adversum
2228 1008 2289 1049 se
2327 1006 2360 1047 ε
2400 990 2738 1061 principibus
2779 987 2965 1059 populi
2999 985 3209 1042 Judaici
3243 993 3393 1056 gesta

1901 1088 2055 1145 sint:
2092 1099 2321 1158 quaeque
2368 1082 2505 1154 ipsi,
2556 1081 2807 1137 videlicet
2851 1078 3036 1149 populi
3081 1077 3389 1149 principes,

1903 1176 2195 1249 impietatis
2224 1188 2351 1245 erga
2387 1172 2665 1228 Christum
2697 1184 2863 1227 causa
2914 1168 3025 1225 sint
3057 1167 3320 1239 perpessi.

1899 1353 1955 1408 2.
1995 1349 2231 1414 Exaudi,
2264 1348 2425 1412 Deus,
2468 1348 2755 1402 orationem
2781 1361 2948 1399 meam
2986 1360 3101 1398 cum
3126 1344 3391 1413 deprecor.

1831 1444 2048 1515 Accipe,
2081 1442 2287 1513 inquit,
2325 1439 2572 1504 Domine,
2601 1436 3051 1509 supplicationem
3098 1449 3272 1491 meam
3293 1473 3310 1500 ,
3339 1441 3395 1488 et

1832 1543 2065 1590 mentem
2110 1534 2370 1588 conﬁrma
2416 1545 2627 1597 meam,
2682 1539 2741 1585 ut
2783 1543 2851 1584 ne
2894 1528 3112 1582 timeam
3164 1526 3393 1596 impetus

1833 1624 2196 1680 inimicorum.
2229 1624 2271 1677 Α
2300 1623 2487 1677 timore
2520 1622 2725 1677 inimici
2768 1622 2908 1692 eripe
2941 1620 3173 1674 animam
3203 1632 3390 1671 meam.

1836 1715 2021 1771 Simile
2061 1715 2137 1770 illi
2178 1730 2194 1767 :
2244 1711 2313 1768 Et
2364 1728 2497 1766 nunc
2522 1751 2538 1778 ,
2588 1709 2849 1778 Domine,
2889 1709 3084 1778 respice
3124 1709 3182 1762 in
3222 1707 3393 1759 minas

1835 1825 2011 1863 eorum
2033 1850 2050 1876 ,
2093 1817 2143 1861 et
2171 1805 2242 1859 da
2270 1805 2432 1860 seruis
2473 1805 2576 1858 tuis
2603 1818 2721 1857 cum
2762 1801 2962 1871 ﬁducia
3007 1800 3149 1871 loqui
3187 1799 3395 1854 verbum

1763 1892 1805 1952 Β
1835 1907 1985 1951 tuum
2000 1896 2022 1928 ⁵
2047 1895 2181 1964 (26).

1901 2051 1957 2105 4.
1996 2048 2136 2116 Quia
2159 2057 2477 2103 exacuerunt
2511 2056 2567 2101 ut
2593 2046 2829 2117 gladium
2853 2047 3062 2115 linguas
3091 2060 3237 2099 suas.
3269 2041 3394 2098 Haec

1834 2144 1943 2211 ait,
1990 2142 2118 2213 quia
2163 2141 2479 2210 blaspliema
2529 2138 2585 2193 in
2615 2136 2801 2193 Iesum
2836 2137 2980 2191 dicta
3024 2134 3391 2206 proferentes,

1831 2234 2080 2291 dicebant
2096 2231 2354 2302 apostolis
2388 2248 2401 2284 :
2441 2228 2798 2297 Prwcipiendo
2813 2228 3150 2296 prazcepimus
3175 2226 3396 2279 vobisne

1832 2324 2086 2377 doceretis
2116 2322 2169 2374 in
2201 2322 2406 2374 nomine
2428 2318 2587 2373 isto'.
2618 2349 2679 2358 —
2715 2316 3055 2372 Intenderunt
3081 2333 3261 2370 arcum
3288 2332 3395 2370 rem

1832 2429 2089 2467 amaram.
2118 2411 2294 2466 Arcus
2321 2409 2515 2465 missili
2541 2408 2790 2464 Ietbil‘era
2823 2409 3019 2478 lingum
3040 2422 3227 2463 eorum
3251 2405 3395 2461 dicta

1834 2512 2129 2574 comparat.
2174 2502 2460 2568 Quomodo
2511 2500 2655 2556 enim
2700 2513 2809 2555 non
2862 2500 3110 2556 Iethil‘era
3162 2499 3392 2561 luerint,

1832 2609 1955 2665 quas
1998 2595 2250 2649 nituntur
2294 2591 2625 2663 persuadere
2653 2588 2839 2646 Jesum
2873 2605 2981 2645 non
3012 2589 3160 2645 credi
3197 2589 3396 2645 debere

1834 2685 2005 2741 Deum
2017 2684 2042 2737 2

1902 2837 1957 2894 6.
1998 2836 2185 2893 Subito
2208 2838 2535 2909 sagittabunt
2560 2852 2679 2891 cum
2713 2844 2763 2891 et
2808 2853 2914 2891 non
2955 2834 3228 2891 timebunt.
3254 2831 3393 2889 lusi-

1832 2938 2064 3003 diantes,
2101 2936 2311 3008 inquit,
2343 2935 2526 2992 subito
2567 2935 2827 3005 impetum
2857 2931 3120 2999 iecerunt,
3152 2944 3257 2984 non
3284 2941 3397 2983 me-

1833 3042 2046 3087 tuentes
2079 3034 2441 3102 inspectorem
2490 3029 2682 3085 Deum.
2725 3026 3097 3081 Firmauerunt
3138 3022 3238 3078 sibi
3279 3038 3392 3077 ser-

1835 3140 2037 3178 manem
2057 3140 2299 3193 nequam,
2321 3123 2467 3193 quod
2499 3120 2831 3176 allirmarent
2866 3117 3154 3173 Dominum
3187 3129 3219 3169 a
3249 3127 3393 3168 mor-

1830 3215 1939 3270 tuis
1969 3230 2077 3271 non
2113 3213 2497 3270 resurrexisse.
2541 3210 2910 3266 Narraverunt
2940 3217 2999 3262 ut
3024 3207 3395 3262 absconderat

1828 3302 2059 3374 laqueos.
2092 3303 2320 3359 Sursum
2343 3303 2623 3365 deorsum,
2642 3300 2841 3371 inquit,
2864 3298 3153 3355 consilium
3186 3295 3394 3351 inibant

1827 3408 1937 3464 quo
1970 3402 2127 3464 pacto
2158 3393 2482 3464 evangelica:
2526 3393 2787 3448 doctrinae
2820 3402 3093 3460 praecones
3125 3386 3263 3441 clam
3301 3399 3394 3441 oc-

1828 3484 2086 3540 ciderent.
2137 3482 2413 3549 Dixerunt,
2455 3484 2572 3553 quis
2613 3481 2809 3537 videbit
2842 3482 2970 3535 eos!
3003 3477 3161 3544 Haec,
3185 3477 3389 3547 inquit,

1828 3576 2058 3648 agebant
2100 3576 2204 3632 rati
2251 3574 2420 3632 Deum
2463 3575 2530 3631 de
2580 3584 2728 3631 tanta
2760 3573 3037 3644 impietate
3062 3583 3252 3640 pcenas
3284 3583 3391 3625 non

1828 3681 2139 3736 exposcere.

1896 3758 1952 3812 8.
1990 3757 2208 3811 Accedet
2230 3756 2381 3810 homo
2417 3765 2468 3811 et
2518 3771 2609 3809 cor
2640 3753 2832 3808 altum.
2887 3750 3064 3821 Iniqui
3117 3748 3388 3811 homines.

1828 3848 1923 3912 ait,
1952 3847 2114 3901 tinem
2146 3862 2253 3901 non
2282 3846 2532 3902 fecerunt
2564 3845 2704 3900 mala
2736 3852 2924 3899 contra
2958 3840 3241 3896 Dominum
3269 3854 3372 3893 ma-

1828 3939 2081 3993 eliinandi
2128 3956 2140 3991 :
2183 3938 2236 3993 id
2287 3939 2429 3993 enim
2494 3936 2833 4006 signiﬁcatur
2886 3948 2981 4003 per
3022 3932 3135 3986 hanc
3184 3930 3385 3984 verba:

1830 4026 2069 4082 Scrutati
2100 4037 2223 4081 sunt
2256 4028 2606 4097 iniquitatem.
2651 4027 2718 4080 At
2769 4025 2934 4079 homo
2967 4021 3095 4088 Dei,
3137 4021 3231 4090 qui
3264 4035 3391 4090 pru-

1827 4118 2007 4172 dentia
2026 4118 2252 4173 consilia
2281 4119 2381 4171 init
2402 4116 2554 4186 (illud
2580 4117 2725 4172 enim
2747 4115 3035 4186 signiﬁcat,
3060 4129 3150 4167 cor
3171 4110 3388 4180 altum),

1826 4223 1951 4263 cum
1977 4217 2225 4264 accurate
2265 4209 2580 4279 mysterium
2611 4206 2983 4278 perpenderit,
3016 4203 3230 4276 hymnis
3259 4216 3391 4259 usus

1826 4301 2268 4372 congruentibus,
2318 4300 2486 4356 Deum
2531 4299 2820 4362 exaltabit,
2858 4298 3016 4368 juxta
3073 4296 3204 4351 illud
3244 4295 3389 4366 quod

1826 4389 1955 4445 alibi
2002 4390 2205 4446 dictum
2233 4401 2313 4446 est
2343 4410 2356 4446 :
2391 4390 2656 4445 Exultabo
2691 4402 2762 4453 te,
2805 4389 3025 4443 Domine
3054 4387 3193 4441 Deus
3222 4403 3388 4449 meus,

1829 4497 1920 4536 rea:
1963 4498 2104 4537 meus
2122 4482 2163 4535 ⁸.
2212 4480 2431 4551 Sagitta
2469 4481 2809 4549 parvulorum
2851 4478 3011 4548 factm
3051 4487 3172 4534 sunt
3220 4477 3391 4548 plaga

176 4557 265 4623 ται
288 4556 506 4613 αὐτῶν.
532 4558 713 4613 Εἰπὼν
746 4558 923 4612 αὐτῶν
942 4558 1001 4611 τὸ
1031 4558 1173 4613 κατά
1204 4557 1311 4613 τῶν
1352 4560 1521 4628 ἁγίων
1554 4560 1723 4632 κηρύ-

1829 4588 2022 4627 eorum.
2049 4571 2342 4642 Postquam
2364 4587 2555 4627 eorum
2584 4573 2847 4627 adversus
2872 4579 3089 4625 sanctos
3115 4583 3389 4639 praecones

179 4663 276 4701 κων
300 4646 545 4726 ἔπαρμα,
574 4647 909 4719 διεξέρχεται
944 4650 1036 4703 καὶ
1065 4648 1161 4720 τὴν
1186 4648 1476 4705 ἔκπτωσιν.

238 4739 342 4792 Kal
355 4738 622 4810 ἐφοϐήθη
654 4738 771 4806 πᾶς
793 4739 1116 4807 ἄνθρωπος.
1152 4740 1245 4804 Τίς
1274 4728 1383 4812 γὰρ
1408 4743 1507 4795 οὐκ
1537 4740 1602 4796 ἂν
1632 4761 1725 4813 φο-

177 4826 374 4900 ϐηθείη,
406 4829 714 4901 ἐπισκοπὴν
771 4833 835 4884 ἐκ
881 4831 1017 4885 Θεοῦ
1054 4830 1196 4902 ὁρῶν
1245 4832 1537 4905 γινομένην
1585 4836 1725 4889 κατά

177 4917 272 4971 τῶν
294 4920 507 4974 ἀσεϐῶν
535 4938 551 4988 ;

240 5013 727 5083 Εὐφρανθήσεται
747 5012 975 5081 δίκαιος
995 5014 1064 5068 ἐν
1098 5014 1176 5081 τῷ
1228 5018 1423 5085 Κυρίῳ
1442 5057 1458 5082 ,
1498 5019 1595 5072 καὶ
1628 5019 1724 5074 ἐλ-

178 5104 288 5160 πιεῖ
303 5107 392 5160 ἐπ’
418 5103 603 5170 αὐτῷ.
620 5105 990 5178 Διαφερόντως
1015 5106 1064 5159 οἱ
1093 5105 1199 5160 τῶν
1225 5106 1382 5163 θείων
1402 5111 1577 5180 νόμων
1602 5111 1722 5163 ἐπι-

182 5195 324 5264 μελού
332 5215 483 5267 μενοι
524 5196 787 5268 θυμηδίας
818 5196 1239 5269 ὲμφορηθέντες,
1261 5198 1359 5270 τὴν
1378 5201 1457 5264 είς
1482 5200 1572 5254 τὸν
1590 5201 1720 5255 Θεὸν

179 5282 348 5340 ἐλπίδα
391 5286 617 5357 βεϐαίαν
654 5286 997 5359 ἐργάσονται.
1060 5290 1170 5343 Kal
1230 5291 1719 5358 ἐπαινεθήσονται

180 5372 376 5444 πάντες
402 5380 457 5432 οι
494 5377 688 5443 εὐθεῒς
706 5375 779 5447 τῇ
803 5378 1033 5446 καρδίᾳ.
1060 5380 1169 5433 Καὶ
1202 5381 1299 5454 τὴν
1329 5381 1476 5452 παρὰ
1512 5380 1719 5454 ἀνθρώ-

181 5479 283 5519 πων
311 5467 689 5539 καρπώσονται
715 5468 963 5525 εὔκλειαν
999 5473 1049 5524 οί
1084 5472 1218 5542 πρὸς
1240 5472 1372 5527 Θεὸν
1412 5472 1710 5528 διευθύνον-

1829 4663 2086 4732 impetum
2117 4665 2412 4728 enarravit,
2438 4664 2548 4733 jam
2579 4678 2768 4733 egrum
2800 4661 3012 4715 ruinam
3042 4659 3316 4715 describit.

1900 4749 1985 4803 1ο.
2024 4747 2095 4803 Et
2144 4752 2321 4804 timuit
2372 4752 2541 4805 omnis
2587 4750 2760 4804 homo.
2809 4748 2944 4817 Quis
2986 4765 3092 4804 non
3140 4749 3385 4810 timeret,

1828 4840 2217 4912 inspectionem
2264 4850 2319 4897 et
2365 4843 2811 4913 perquisitionem
2862 4858 2893 4896 a
2962 4841 3071 4897 Deo
3126 4840 3387 4898 adversus

1827 4932 2025 5002 impios
2052 4932 2247 4990 factum
2285 4934 2552 4989 cernens?

1896 5025 1983 5079 11.
2026 5023 2318 5079 Lazlabitur
2336 5023 2513 5093 justus
2542 5024 2596 5077 in
2625 5021 2848 5076 Domino
2881 5030 2929 5075 et
2954 5020 3184 5091 sperabit
3217 5038 3273 5075 in
3302 5036 3381 5076 co.

1826 5112 1929 5180 Qui
1973 5113 2184 5167 divinas
2218 5120 2413 5165 curant
2463 5112 2639 5183 leges,
2683 5110 2886 5183 ingenti
2916 5110 3115 5181 gaudio
3148 5110 3383 5180 perfusi,

1825 5219 1975 5273 spem
2023 5217 2148 5273 erga
2193 5201 2359 5258 Deum
2409 5202 2618 5259 tinuum
2655 5201 2888 5257 eliicient
2920 5200 3056 5274 (27).
3096 5200 3164 5255 Et
3197 5201 3384 5257 lautia-

1824 5294 2017 5348 buntur
2041 5310 2216 5349 omues
2248 5296 2375 5349 recti
2411 5295 2585 5349 corde.
2610 5293 2808 5349 Gloria:
2827 5294 3113 5365 laudisque
3143 5293 3379 5349 fructum

1824 5387 1964 5456 apud
1989 5385 2237 5441 homines
2259 5385 2451 5451 ferent,
2475 5386 2565 5455 qui
2597 5400 2626 5439 ε
2659 5384 2768 5440 Deo
2791 5386 3120 5457 diriguntur,
3147 5400 3246 5440 nec
3266 5399 3382 5441 sus-

1819 5476 1989 5532 tinent
2012 5486 2163 5531 cxtra
2191 5478 2331 5533 viam
2364 5485 2565 5533 rectam
2599 5477 2866 5533 incedere.

179 5569 281 5620 τες,
309 5558 398 5611 καὶ
429 5559 532 5629 τῆς
554 5559 673 5614 ὁδοῦ
694 5559 796 5630 τῆς
825 5560 1037 5624 εὐθείας
1063 5561 1169 5628 ἔξω
1188 5561 1422 5633 βαδίζειν
1459 5563 1558 5616 οὐκ
1592 5562 1928 5633 ἀνεχόμενοι.

239 5671 259 5703 ⁸
285 5673 397 5729 Act.
423 5690 496 5739 ιν,
523 5675 616 5732 29a
691 5676 713 5710 ⁸
744 5676 864 5733 Act.
896 5693 949 5744 ν,
990 5679 1043 5733 8.
1119 5680 1140 5711 ⁸
1164 5677 1307 5735 Psal.
1340 5697 1487 5747 uix,
1513 5682 1567 5736 2.

241 5762 496 5851 Ilic-
526 5770 818 5851 Gordcrius
859 5772 963 5828 alia
1004 5774 1187 5829 tribuit
1245 5777 1541 5833 Athanasio
1592 5795 1711 5849 qua

182 5843 292 5888 sunt
319 5839 608 5894 Theodori.

1909 5781 2017 5855 (9.7)
2041 5781 2135 5839 IIic
2157 5783 2261 5839 alia
2283 5782 2435 5838 aliert
2454 5782 2743 5840 Corderius
2789 5797 2909 5851 qua:
2939 5790 3067 5837 sunt
3089 5778 3379 5837 Theodori.
