4108 6490
702 428 808 487 183

1534 424 1591 480 S.
1631 422 1999 479 ATHANASII
2036 421 2185 478 OPP.
2222 418 2401 475 PARS
2436 418 2525 477 Ill.
2556 452 2627 463 —
2663 419 3071 477 EXEGETICA.

3811 421 3909 484 284

704 541 756 597 1.
795 538 860 593 In
886 539 1063 609 ﬁnem,
1082 534 1413 592 PSALMUS
1436 536 1625 591 Dauid.
1650 536 1924 592 Canticum
1946 534 2246 590 Ieremiaeet

2360 536 2457 599 Εἰς
2488 533 2554 587 τὸ
2580 532 2767 599 τέλος,
2803 534 3108 586 ΨΑΛΜΟΣ
3132 528 3210 595 τῷ
3233 528 3429 584 Δαυΐὸ.
3469 528 3605 599 ’ῼδὴ
3642 530 3910 601 Ἰερεμίου

770 622 1058 678 Ezechielis
1079 622 1268 692 populo
1294 622 1795 693 transmigrationis,
1824 637 1942 675 cum
1972 622 2254 691 inciperent

768 719 928 771 exire.
955 714 1086 769 LXI
1104 714 1165 771 γ.

1276 803 1674 874 Argumentum.

699 920 756 975 ιιι
790 918 893 972 hoc
927 915 1132 986 psalmo
1165 929 1450 985 personam
1480 912 1685 969 inducit
1712 912 1975 984 gentium,
2011 927 2132 982 qua:
2161 926 2255 967 oc-

2422 625 2521 681 καί
2563 622 2829 691 ἰεζεκιὴλ
2864 623 2968 677 τοῦ
3026 623 3179 677 λαοῦ
3227 621 3337 690 τῆς
3396 624 3742 690 παροικίας,
3818 626 3901 680 ὅτε

2420 712 2680 782 ἔμελλον
2702 713 3145 782 ἐκπορεύεσθαι.
3170 710 3289 764 ΞΝ.

2978 827 3298 880 Ύπόθεσις.

2996 846 3017 879 ι
3034 846 3243 880 πουεσι
3284 864 3298 877 .

2364 918 2452 973 Ἑν
2470 918 2643 989 τούτῳ
2678 918 2755 989 τῷ
2774 916 2972 988 ψαλμῷ
2996 918 3202 985 εἰσάγει
3224 846 3283 969 τςό
3298 915 3583 986 πρόσωπον
3610 915 3721 969 τῶν
3747 915 3912 969 ἐθνῶν

768 1007 1129 1066 clamantibus
1164 1007 1289 1061 licet
1322 1006 1484 1076 hujus
1520 1005 1703 1060 saeculi
1750 1003 2102 1074 sapientibus,
2134 1017 2254 1057 cre-

765 1100 1013 1155 diderant
1042 1098 1096 1152 in
1124 1095 1425 1161 Christum,
1458 1106 1511 1151 et
1550 1096 1663 1165 jam
1703 1095 1976 1165 postulant
2016 1093 2255 1164 pristinae

764 1189 1057 1259 impietatis
1090 1188 1485 1243 remissionem.
1534 1187 1614 1241 Ad
1650 1187 1762 1241 haec
1807 1201 1905 1256 pro
1938 1185 2006 1239 iis
2048 1185 2253 1239 oratio-

764 1296 889 1334 nem
918 1278 1154 1342 einittit,
1199 1277 1293 1347 qui
1330 1276 1537 1331 scilicet
1566 1275 1888 1331 infructuosi
1924 1274 2050 1329 olim
2075 1282 2251 1337 erant,

764 1370 876 1441 jam
906 1386 1034 1425 vero
1061 1386 1156 1440 per
1178 1369 1379 1424 Christi
1415 1368 1571 1423 ﬁdem
1604 1366 1852 1437 frugiferi
1878 1366 2001 1420 lacti
2037 1374 2183 1420 sunt.

2418 1390 2523 1425 νων
2554 1372 2610 1424 δὲ
2637 1372 2881 1441 εὐφόρων
2909 1370 2996 1424 διὰ
3017 1372 3114 1439 τῆς
3138 1372 3217 1432 εἰς
3250 1369 3480 1440 Χριστὸν
3517 1370 3775 1431 πίστεως.

759 1461 814 1515 2.
860 1459 928 1514 Te
968 1462 1108 1514 decet
1136 1460 1381 1529 hymnus,
1419 1457 1582 1521 Deus,
1636 1459 1689 1510 in
1740 1457 1891 1512 Sion.
1931 1455 2049 1510 Non
2092 1458 2251 1521 ultra.

2421 1464 2523 1517 Σοί
2571 1462 2778 1529 πρέπει
2828 1462 3034 1530 ὕμνος.
3091 1463 3123 1512 d
3158 1460 3323 1525 Θεὸς,
3363 1460 3430 1511 ἑν
3471 1458 3640 1513 Σιών.
3699 1460 3909 1521 Οὐκέτι,

692 1552 889 1621 inquit,
938 1552 1003 1605 iis
1047 1567 1189 1620 quos
1234 1550 1363 1605 olim
1403 1549 1532 1604 deos
1577 1548 1977 1603 mstimabamus
2025 1548 2254 1618 hymnos

2360 1552 2535 1624 φησιν,
2561 1546 2641 1614 οἷς
2670 1551 2989 1621 ἐνομίζομεν
3020 1548 3161 1611 θεοῖς
3192 1550 3317 1612 τοὺς
3352 1549 3552 1620 ὖμνους
3596 1550 3912 1619 ἀναπέμψο-

690 1644 954 1709 cauimus,
982 1644 1133 1712 gnari
1164 1658 1269 1697 non
1316 1657 1413 1711 par
1446 1655 1565 1696 esse
1596 1640 1717 1695 illus
1746 1640 2027 1705 celebrari,
2059 1639 2151 1710 qui
2187 1638 2253 1693 li-

2360 1656 2450 1710 μιν
2468 1680 2484 1705 ,
2512 1638 2709 1701 εἰδότες
2725 1638 2799 1701 ῶς
2828 1638 3055 1700 ἐκείνοις
3088 1638 3183 1707 μὲν
3204 1638 3264 1690 οὐ
3298 1638 3497 1708 πρέπει
3519 1638 3801 1708 ἀνυμνείν,
3828 1638 3913 1704 Ed-

689 1747 829 1803 gna,
876 1733 1078 1803 lapides
1105 1743 1159 1787 et
1193 1732 1458 1786 daemonia
1485 1740 1651 1787 .sunt.
1697 1729 1801 1785 Sed
1852 1731 1947 1785 tibi
1996 1730 2098 1786 soli
2150 1730 2254 1785 boc

2360 1734 2461 1795 λοις
2494 1732 2587 1785 καὶ
2619 1729 2786 1792 λίθοις
2811 1730 2903 1782 καὶ
2929 1728 3222 1799 δαιμονίοις
3242 1725 3393 1782 οὖσιν
3412 1745 3427 1760 ·
3464 1730 3545 1783 σοι
3571 1730 3629 1783 δὲ
3667 1730 3818 1801 μόνῳ
3855 1729 3914 1783 τδ

691 1822 924 1878 ollicium
974 1822 1547 1878 convenientissimum
1598 1828 1698 1876 est.
1752 1820 1821 1874 Et
1859 1822 1955 1875 tibi
2010 1822 2252 1875 reddetur

2360 1820 2584 1875 τοιοῦτον
2611 1819 2881 1891 ὀφείλημα
2909 1819 3376 1890 πρεπωδέστατον.
3400 1818 3507 1872 Καὶ
3547 1820 3647 1872 σοι
3695 1819 3913 1873 ἀποδο-

689 1925 867 1967 υοιιιηι
912 1914 966 1968 in
1000 1913 1316 1968 Jerusalem.
1363 1913 1469 1967 Aut
1497 1911 1795 1967 Jerusalem
1828 1920 2097 1967 terrenam
2139 1912 2247 1976 ait,

2360 1912 2599 1979 θήσεται
2614 1885 2762 1979 εὖχὴ
2781 1885 2848 1963 ἐν
2869 1885 3268 1979 Ἰερουσαλήμ.
3303 1909 3370 1963 Ἢ
3392 1912 3456 1980 τῇ
3484 1911 3573 1963 ὲπί
3597 1910 3700 1979 γῆς
3732 1926 3911 1978 φησιν,

2420 1006 2527 1061 τῶν
2565 1007 2962 1061 πιστευσάντων
2994 1007 3071 1069 εἰς
3094 1005 3343 1077 Χριστὸν,
3378 1004 3774 1058 καταϐοώντων
3802 1004 3906 1057 τῶν

2421 1098 2599 1167 σοφῶν
2619 1096 2713 1150 τοῦ
2747 1097 2938 1161 αἰῶνος
2963 1097 3150 1150 τούτου
3171 1136 3186 1161 ,
3226 1094 3513 1149 αἰτούντων
3541 1113 3603 1148 τε
3642 1095 3743 1165 τῆς
3782 1114 3913 1167 προ·

2419 1191 2580 1263 τέρας
2604 1189 2855 1253 ἀσεϐείας
2889 1190 3100 1258 ἄφεσιν.
3140 1188 3260 1240 Ἔτι
3292 1205 3352 1240 τε
3385 1188 3549 1259 εὐχὴν
3597 1188 3910 1257 ἀναπέμπει

2424 1282 2561 1353 ὑπὲρ
2586 1279 2784 1343 αὐτῶν,
2821 1281 2989 1332 ὄντων
3025 1280 3121 1349 μὲν
3148 1279 3313 1332 πάλαι
3347 1278 3608 1349 ἀκάρπων
3690 1278 3912 1348 γενομέ-

690 2020 812 2074 quae
838 2014 922 2059 est
948 2003 1207 2069 Ecclesia,
1243 2014 1337 2059 aut
1367 2005 1661 2073 caalcstem,
1692 2006 1756 2058 ad
1790 2020 1954 2075 quam
1983 2020 2105 2059 cum
2132 2020 2251 2074 per-

690 2093 1000 2149 venerimus
1027 2094 1214 2148 laudes
1243 2092 1553 2148 oliercmus.

757 2185 812 2240 3.
855 2181 1067 2239 Exaudi
1100 2187 1388 2240 orationem
1415 2202 1602 2251 meam,
1644 2184 1711 2237 ad
1740 2194 1787 2237 te
1815 2184 1982 2237 omnis
2018 2200 2141 2238 caro
2172 2201 2252 2238 re-

692 2280 823 2332 niet.
859 2275 954 2333 His
998 2278 1243 2331 omnium
1286 2278 1531 2347 gentium
1580 2276 1916 2330 vocationem
1963 2278 2253 2331 annuntiat

688 2371 842 2441 juxta
865 2370 916 2423 id
945 2369 1091 2440 quod
1116 2368 1318 2423 dictum
1350 2375 1434 2423 est
1458 2367 1598 2438 apud
1639 2366 1841 2422 Joelcm
1863 2370 1882 2399 "
1915 2385 1928 2421 :
1964 2368 2249 2438 Eﬂ’undam

691 2463 758 2517 de
784 2462 989 2531 Spiritu
1017 2476 1127 2515 meo
1149 2476 1304 2531 super
1328 2476 1531 2515 omnem
1562 2476 1794 2514 carnent.

760 2645 815 2698 4.
894 2642 1061 2707 Verba
1118 2643 1418 2713 iniquorum
1470 2640 1852 2709 prtevaluernnt
1913 2657 2069 2710 super
2135 2658 2247 2697 nos.

693 2731 869 2788 Verba
896 2734 1201 2804 iniquorum
1224 2734 1354 2788 dicit
1390 2734 1705 2804 sapientiam
1738 2734 2040 2804 sapientum
2070 2734 2251 2788 saeculi

692 2823 876 2891 hujus,
902 2838 1007 2893 qua
1036 2823 1234 2877 inﬁrmi
1269 2823 1506 2888 fuerunt,
1542 2839 1573 2878 a
1598 2838 1723 2877 vera
1756 2824 1891 2893 lapsi
1924 2824 2249 2893 cognitione.

694 2911 764 2964 Et
796 2912 1149 2981 impietatibus
1186 2912 1380 2965 nostris
1425 2922 1481 2965 tu
1527 2912 1914 2980 propitiaberis.
1951 2910 2161 2982 Rogant
2189 2911 2254 2965 li-

693 2998 870 3054 berari
900 3000 969 3054 ab
993 2999 1266 3069 impietate
1296 3000 1349 3052 in
1382 3015 1486 3069 qua
1518 3000 1649 3054 olim
1675 3010 2003 3055 errarerant.

764 3110 815 3162 5.
858 3108 1047 3162 Beatus
1086 3125 1233 3178 quem
1283 3109 1483 3180 elegisti
1523 3121 1571 3164 et
1612 3113 1965 3179 assumpsisti.
2010 3111 2113 3165 Eos
2159 3113 2251 3182 qui

692 3207 849 3252 crant
881 3198 1074 3253 virtute
1104 3199 1327 3270 perfecti
1348 3243 1361 3267 ,
1394 3211 1449 3256 et
1490 3202 1554 3256 ad
1587 3202 1832 3257 brarium
1878 3218 2123 3272 superna:
2156 3220 2251 3258 νο·
2279 3225 2322 3284 c

693 3288 924 3343 cationis
957 3300 1343 3358 pervenerant,
1378 3292 1563 3345 beatos
1603 3292 1891 3362 appellant.
1924 3292 2255 3363 Replebimur

694 3378 751 3429 in
776 3378 920 3431 bonis
953 3379 1136 3432 domus
1170 3388 1291 3433 ture.
1326 3379 1473 3436 Bona
1502 3382 1696 3437 domus
1720 3393 1873 3437 vocat
1903 3384 2110 3439 diversa
2134 3382 2255 3453 Spi-

695 3471 835 3523 ritus
859 3472 1020 3525 dona.
1052 3469 1192 3525 Huic
1224 3474 1390 3538 enim,
1423 3474 1658 3543 inquit“.
1690 3481 1849 3527 datur
1880 3492 1971 3544 per
2001 3474 2254 3544 Spiritum

695 3578 863 3615 sermo
895 3564 1166 3632 sapientia:
1227 3564 1322 3617 alii
1368 3574 1542 3618 autent
1570 3581 1740 3619 sermo
1772 3568 2003 3621 scientia:
2033 3575 2087 3621 et
2130 3568 2255 3620 reli-

697 3669 804 3721 qua
837 3652 997 3707 «lonia.
1032 3652 1286 3708 Sanctum
1318 3665 1395 3709 est
1430 3656 1678 3725 templum
1708 3667 1851 3711 tuum
1872 3700 1887 3723 ,
1919 3667 2011 3713 aut
2044 3660 2257 3715 cmleste

697 3754 792 3795 aut
841 3754 1137 3808 terrenum,
1177 3746 1331 3816 juxta
1366 3747 1569 3803 dictum
1605 3748 1736 3804 illud
1780 3767 1793 3803 ε
1848 3749 2113 3821 Templum
2162 3752 2257 3807 Dei

698 3845 938 3887 sanctum
966 3844 1064 3899 est,
1100 3836 1239 3907 quod
1265 3841 1390 3892 estis
1415 3854 1503 3893 vos
1518 3840 1560 3892 ’.

769 4005 898 4075 [Qui
926 4010 1067 4077 pleni
1095 4011 1227 4065 estis
1256 4012 1684 4071 sanctiﬁcatione
1710 4017 2102 4089 (templumque
2128 4017 2259 4074 illud

696 4099 896 4167 tuum),
925 4115 1020 4170 per
1042 4100 1259 4173 eloquia
1289 4112 1378 4159 tua
1412 4106 1728 4163 accedentes
1760 4108 1939 4163 erudit
1973 4120 2133 4180 atque
2163 4111 2261 4166 (ιο.

697 4199 781 4245 eet
803 4191 1070 4261 justitiam
1098 4196 1296 4271 tuam.]

767 4282 821 4338 6.
864 4284 1078 4341 Exaudi
1114 4304 1242 4353 nos,
1277 4288 1453 4357 Deus,
1486 4292 1739 4347 salutaris
1768 4304 1961 4361 noster,
2001 4314 2115 4367 spes
2145 4316 2258 4353 om-

696 4376 847 4428 nium
888 4378 1072 4444 ﬁnium
1106 4388 1280 4435 terrae.
1307 4379 1512 4436 Exaudi
1538 4398 1639 4439 nos
1666 4385 1848 4455 itaque
1876 4396 1930 4441 et
1958 4388 2071 4443 hac
2104 4391 2260 4447 nobis

700 4464 961 4535 praebeas.
1013 4466 1068 4520 lu
1117 4476 1199 4536 te,
1236 4469 1445 4541 inquit,
1494 4470 1628 4528 ﬁnes
1666 4482 1825 4529 terra:
1856 4477 2177 4545 sperabunt,
2208 4491 2262 4534 et

2354 2000 2472 2069 ⁴ητις
2493 1999 2637 2051 ἐστὶν
2660 2000 2693 2068 ἡ
2735 1997 3044 2067 Ἐκκλησία,
3067 1998 3098 2068 ἦ
3124 2000 3185 2067 τῇ
3222 1998 3541 2069 ἐπουρανίῳ,
3574 1998 3708 2050 ὅπου
3743 2016 3913 2069 παρα-

2356 2088 2633 2160 γενόμενοι
2657 2088 2753 2151 τάς
2783 2089 3015 2151 αἰνέσεις
3041 2089 3454 2160 ἀναπέμψομεν.

2428 2178 2809 2233 Είσάκουσον
2836 2179 3181 2247 προσευχῆς
3222 2198 3355 2246 μου,
3417 2183 3565 2249 πρὸς
3620 2183 3697 2235 σὲ
3751 2182 3913 2237 πᾶσα

2356 2270 2513 2338 σὰρξ
2539 2268 2691 2336 ἥξει.
2723 2269 3142 2338 Εὑαγγελίζεται
3193 2272 3281 2323 διά
3330 2272 3534 2325 τούτων
3578 2272 3678 2343 τὴν
3726 2271 3915 2343 κλῆσιν

2357 2363 2605 2415 ἁπάντων
2633 2359 2739 2412 τῶν
2771 2360 2961 2421 ὲονῶν,
3013 2360 3149 2411 κατά
3197 2361 3259 2412 τὺ
3308 2362 3595 2431 εἰρημένον
3634 2362 3787 2433 παρά
3823 2362 3915 2415 τοῦ

2370 2451 2525 2520 Ἰωήλ
2556 2467 2570 2481 ο
2617 2448 2834 2518 Ἐκχεὼ
2881 2450 2998 2504 ἀπὸ
3022 2451 3366 2519 Πνεύματός
3404 2470 3523 2521 μου
3574 2453 3673 2506 ἐπὶ
3712 2453 3916 2508 πᾶσαν

2358 2541 2576 2609 σάρκα.

2427 2635 2602 2703 Λόγοι
2649 2635 2885 2703 ἀνόμων
2916 2636 3654 2707 ὑπερεδυνάμωσαντΜς.
3715 2638 3918 2705 Λόγους

2356 2725 2570 2795 ἀνόμων
2599 2726 2732 2795 φησί
2765 2726 2861 2795 τὴν
2897 2727 3086 2794 σοφίαν
3109 2727 3218 2779 τῶν
3250 2728 3427 2797 σοφῶν
3447 2728 3539 2780 τοῦ
3573 2728 3769 2791 αἰῶνος
3800 2729 3917 2781 του-

2356 2831 2469 2877 του,
2499 2816 2563 2867 δι’
2588 2812 2655 2886 ἧς
2684 2818 2777 2869 καὶ
2804 2816 3187 2887 ἐξησθένησαν,
3221 2820 3321 2889 τῆς
3343 2819 3574 2887 ἀληθοῦς
3596 2821 3917 2881 ἐκπεσόντες

2356 2906 2624 2975 γνώσεως.
2660 2909 2767 2962 Καὶ
2794 2909 2923 2975 ταῖς
2946 2911 3243 2976 ἀσεϐείαις
3278 2911 3444 2979 ἡμῶν
3474 2912 3675 2979 ίλάσῃ.
3723 2911 3918 2981 Εὔχον-

2355 3015 2444 3053 ται
2468 3000 2565 3069 τῆς
2587 2999 2872 3071 συμϐάσης
2900 3002 2955 3052 ἐν
2982 3004 3045 3071 τῇ
3066 3001 3238 3073 πλάνῃ
3252 3004 3501 3066 ἀσεϐείας
3518 3002 3915 3073 ἀπαλλαγῆναι.

2429 3111 2725 3178 Μακάριος
2749 3112 2821 3164 ὃν
2838 3112 3092 3175 ἐξελέξω
3113 3114 3209 3165 καί
3238 3113 3633 3180 προσελάϐου.
3666 3114 3807 3177 Τοὺς
3835 3132 3919 3167 τε·-

2356 3198 2671 3265 λειωθέντας
2701 3204 2821 3254 κατ’
2850 3200 3071 3273 ἀρετὴν,
3092 3202 3184 3254 καὶ
3213 3204 3291 3266 εἰς
3320 3203 3380 3255 τὸ
3412 3202 3659 3274 βραϐεῖον
3689 3206 3787 3274 τῆς
3812 3206 3919 3258 eum

2356 3294 2661 3364 φθάσαντας
2715 3294 2977 3365 κλήσεως,
3018 3296 3321 3366 μακαρίους
3364 3295 3717 3349 ἀποκαλοῦσι.
3764 3300 3917 3362 Πλη-

2353 3386 2691 3453 σθησόμεθα
2712 3386 2780 3437 ἐν
2807 3386 2927 3450 τοῖς
2949 3386 3188 3454 ἀγαθοῖς
3221 3386 3326 3438 τοῦ
3351 3387 3518 3438 οἴκου
3541 3402 3677 3439 σου.
3715 3386 3920 3455 Ἀγαοὲ

2353 3477 2445 3529 τοῦ
2462 3476 2610 3531 οἴκου
2633 3477 2701 3529 τά
2730 3476 2961 3547 διάφορα
2986 3476 3075 3528 τοῦ
3097 3476 3409 3545 Πνεύματος
3427 3477 3570 3545 λέγει
3588 3479 3917 3548 χαρίσματα.

2354 3560 2428 3637 ⁷ῼ
2452 3566 2567 3635 μὲν
2591 3568 2717 3647 τὰρ,
2753 3567 2905 3637 φησί,
2930 3564 3155 3619 δίδοται
3188 3565 3283 3619 διὰ
3314 3566 3419 3619 τοῦ
3453 3569 3920 3648 Πνεύματοςβό-

2356 3679 2457 3731 τος
2482 3662 2720 3729 σοφίας,
2745 3662 2911 3727 ἄλλῳ
2930 3659 2997 3713 δὲ
3022 3663 3201 3729 λόγος
3217 3661 3508 3730 γνώσεως,
3544 3665 3639 3716 καὶ
3659 3664 3729 3717 τὰ
3761 3665 3921 3735 ἔτερα

2356 3752 2461 3804 τῶν
2494 3752 2863 3822 χαρισμάτων.
2902 3753 3091 3821 Ἄγιος
3132 3757 3165 3805 d
3196 3754 3342 3818 ναός
3370 3769 3485 3807 σου
3511 3770 3524 3785 ·
3561 3755 3593 3825 ἢ
3625 3758 3653 3807 ό
3687 3757 3923 3827 ἐπουρά-

2357 3842 2542 3912 νιος,ἧ
2575 3844 2603 3893 ό
2640 3842 2898 3909 ἐπίγειος,
2934 3843 3073 3895 κατὰ
3093 3842 3153 3894 τὸ
3182 3844 3490 3913 εἰρημένον·
3532 3844 3593 3896 '0
3628 3844 3739 3913 γὰρ
3778 3846 3922 3912 ναὸς

2358 3933 2461 3986 τοῦ
2487 3932 2630 3985 Θεοῦ
2659 3932 2823 4001 ἅγιός
2861 3933 3050 3998 ἐστιν,
3080 3934 3294 3999 οἵτινές
3311 3934 3451 3987 ἐστε
3486 3935 3673 4003 ὑμεῖς.

2428 4022 2695 4094 [Πλήρεις
2722 4023 2991 4095 άγιασμοῦ
3018 4040 3030 4052 ·
3057 4024 3151 4077 καὶ
3179 4024 3275 4095 τὴν
3320 4024 3418 4095 σὴν
3449 4026 3798 4099 δικαιοσύνην
3839 4028 3924 4082 διὰ

2359 4114 2464 4167 τῶν
2488 4114 2593 4167 σῶν
2622 4114 2813 4184 λογίων
2837 4118 2961 4179 τοὺς
2992 4115 3309 4187 προσιόντας
3344 4117 3630 4191 παιδεύει]

2442 4289 2817 4343 Ἐπάιιουσον
2856 4290 3045 4359 ἡμῶν,
3080 4293 3114 4346 ὁ
3146 4294 3289 4359 Θεὸς
3331 4296 3363 4347 ὁ
3412 4295 3852 4367 Σωτὴρ-ἡμῶν,
3886 4302 3924 4369 ἠ

2359 4381 2534 4447 ἐλπὶς
2566 4380 2805 4434 πάντων
2830 4378 2947 4433 τῶν
2969 4382 3235 4451 περάτων
3262 4383 3371 4452 τῆς
3425 4385 3555 4455 γῆς.
3593 4389 3801 4445 Οὐκοῦν
3832 4394 3927 4445 ἐπ-

2363 4472 2588 4525 άκουσον
2605 4472 2779 4543 ἡμῶν,
2812 4474 3089 4527 καὶταῦτα
3115 4476 3414 4547 παράσχου.
3442 4477 3535 4541 Εἰς
3562 4480 3640 4543 σὲ,
3678 4481 3833 4551 φησί,
3860 4483 3928 4536 τά

699 4556 793 4626 qui
838 4557 1025 4624 procul
1071 4573 1102 4613 a
1149 4562 1286 4616 mari
1320 4563 1588 4621 habitant.
1641 4563 1738 4621 His
1776 4577 1957 4624 autem
1995 4569 2260 4640 signiﬁcat

2368 4564 2577 4635 πέρατα
2595 4565 2694 4633 τῆς
2721 4566 3043 4635 οἰκουμένης
3063 4566 3328 4628 ὲλπιοῦσι,
3366 4568 3457 4621 καὶ
3486 4572 3535 4622 οἰ
3569 4572 3788 4643 μακράν
3829 4573 3928 4643 τῆς

697 4650 964 4705 terminos
1000 4657 1173 4705 terrae.

770 4820 824 4875 7.
868 4819 1181 4892 Prteparans
1227 4837 1421 4882 montes
1459 4830 1513 4883 in
1556 4833 1746 4886 uirtute
1784 4848 1901 4887 sua.
1935 4832 2143 4890 Montes
2173 4834 2260 4889 hic

702 4920 861 4966 vocat
892 4912 1234 4972 adversarias
1265 4928 1575 4988 potestates.
1626 4922 1946 4992 Prtrparans
1975 4936 2154 4979 autem
2194 4924 2263 4978 ad

705 5004 1050 5075 supplicium,
1088 5011 1409 5078 praeparavit
1442 5027 1675 5083 namque
1703 5014 1809 5069 illis
1843 5015 2117 5084 abyssum.
2151 5013 2263 5071 lloc

705 5106 886 5150 autem
928 5097 1130 5163 facies,
1161 5109 1349 5169 potens
1384 5118 1506 5157 cum
1537 5106 1635 5159 sis.
1683 5104 1786 5170 Qui
1822 5108 2102 5159 conturbas
2142 5122 2265 5174 pro-

706 5184 929 5253 fundum
959 5192 1143 5243 maris.
1174 5190 1317 5246 Mare
1338 5194 1490 5259 dicit,
1522 5194 1926 5251 multitudinem
1958 5196 2265 5252 immundo-

708 5293 828 5330 rum
862 5278 1150 5347 spirituum
1171 5323 1187 5348 ,
1218 5297 1338 5352 qua:
1368 5284 1567 5340 Christi
1613 5286 1843 5341 adventu
1890 5288 2262 5343 conturbatur.

708 5366 1068 5433 Quamobrem
1115 5382 1415 5430 metuentes
1445 5376 1661 5433 aiebant
1690 5395 1703 5429 :
1744 5377 1942 5433 Venisti
1972 5390 2094 5435 ante
2138 5391 2267 5434 tem-

710 5474 808 5526 pus
841 5467 1077 5530 torquere
1103 5480 1195 5517 nos
1217 5466 1278 5517 ".

779 5549 831 5602 9.
876 5548 1245 5606 Turbabuntur
1284 5566 1484 5625 gentes,
1529 5569 1577 5610 et
1612 5559 1865 5613 timebunt
1904 5562 1992 5620 aui
2029 5562 2269 5615 habitant

713 5639 980 5708 terminos,
1008 5660 1040 5695 a
1066 5646 1229 5714 signis
1258 5648 1381 5701 :uis.
1412 5648 1663 5715 Quando,
1712 5651 1905 5722 inquit,
1941 5662 2127 5722 gentes
2152 5696 2165 5717 ,
2208 5657 2259 5710 id

788 5827 807 5855 '
839 5826 951 5884 ,ἰοεί
986 5846 1018 5885 ιι
1042 5870 1057 5895 ,
1082 5828 1171 5886 28.
1248 5835 1269 5865 ⁸
1303 5838 1321 5889 ι
1352 5838 1474 5889 (ἑοῖ.
1511 5855 1604 5903 λιι,
1635 5840 1686 5891 3.

2367 4654 2637 4725 Θαλάσσης
2675 4655 2965 4720 οἰκοῦντες.
3000 4657 3260 4726 Δηλοῠται
3314 4658 3370 4711 δὲ
3406 4660 3563 4714 πάλιν
3602 4662 3689 4716 διά
3725 4663 3928 4718 τούτων

2366 4746 2465 4816 τῆς
2492 4747 2810 4818 οἰκουμένης
2842 4748 2909 4800 τά
2938 4748 3163 4820 πέρατα.

2445 4837 2791 4907 Ἐτοιμάζων
2822 4839 2928 4907 ὄρη
2965 4840 3035 4892 ἐν
3068 4840 3143 4908 τῇ
3194 4843 3365 4911 ίσχύτ
3392 4844 3597 4898 αὑτοῦ.
3663 4845 3930 4900 Ἐνταῦθα

2366 4926 2462 4990 τὰς
2484 4927 2861 4998 ἀντικειμένας
2883 4928 3137 4999 δυνάμεις
3169 4930 3351 5008 φησιν.
3394 4932 3738 5001 Ἐτοιμάζων
3769 4933 3827 4987 δὲ
3850 4937 3929 4997 εἰς

2366 5016 2666 5087 τιμωρίαν
2706 5016 2967 5087 ἡτοίμασε
3004 5019 3111 5089 γάρ
3138 5019 3320 5083 αὐτοῖς
3338 5021 3437 5091 τὴν
3468 5022 3722 5075 ἄϐυσσον.
3759 5022 3931 5075 Τοῦτο

2364 5108 2421 5162 δὲ
2444 5108 2687 5177 ποιήσεις
2706 5106 2928 5172 δυνατὸς
2954 5107 3049 5164 ὢν.
3090 5110 3154 5163 '0
3176 5110 3621 5179 συνταράσσων
3656 5114 3721 5167 τὸ
3750 5115 3932 5181 κύτος

2365 5198 2476 5267 τῆς
2511 5196 2842 5266 θαλάσσης.
2896 5198 3181 5253 Θάλασσαν
3217 5199 3451 5255 ἐνταῦθα
3488 5202 3548 5255 τὸ
3576 5202 3781 5274 πλῆθος
3823 5204 3933 5257 τῶν

2367 5289 2689 5359 ἀκαθάρτων
2714 5289 3039 5360 πνευμάτων
3067 5290 3261 5361 φησὶν,
3296 5291 3327 5344 ὃ
3368 5295 3464 5346 καὶ
3508 5294 3931 5366 συνταράττεται

2367 5384 2432 5453 τῇ
2455 5381 2546 5434 τοῦ
2572 5380 2806 5452 Χριστοῦ
2833 5382 3121 5452 παρουσία.
3146 5383 3236 5436 Διὸ
3262 5385 3356 5437 καί
3384 5385 3709 5455 φοϐούμενοι
3726 5385 3929 5455 ελεγον·

2366 5468 2580 5536 Ἦλθες
2599 5472 2943 5539 apemtum?)
2971 5474 3305 5537 βασανίσαι
3330 5476 3506 5545 ἡμᾶς.

2451 5563 2927 5631 Ταραχθήσογται
2950 5565 3019 5618 τὰ
3040 5564 3205 5633 ἔθνη,
3246 5566 3367 5621 καί⁶
3391 5567 3838 5635 φοϐηθήσονται
3880 5572 3934 5623 οι

2382 5655 2795 5721 κατοικοῦντες
2830 5654 2899 5710 τά
2922 5654 3163 5726 πέρατα,
3210 5659 3326 5714 ἀπὸ
3359 5656 3477 5713 τῶι·
3505 5662 3771 5729 σημείων
3796 5679 3929 5717 σου.

1765 5842 1783 5861 ’⁸
1823 5840 1837 5893 l
1874 5840 2000 5894 Cor.
2032 5856 2115 5909 ιιι,
2147 5842 2229 5897 Π.
2313 5845 2352 5876 ’⁸
2380 5842 2563 5897 Matth.
2604 5856 2720 5906 Vm,
2749 5840 2837 5896 29.
