4108 6530
235 451 344 510 285

1349 465 1710 522 EXPOSITIO
1750 467 1816 523 IN
1855 466 2185 525 PSALMUM
2227 468 2410 526 LXIV.

3388 474 3492 532 286

238 567 392 632 Ὅτε,
441 572 630 644 φησὶ,
663 574 734 629 τὰ
765 573 890 646 ἔθνη
941 574 1393 648 ταραχθήσονται,
1433 580 1677 633 τουτέστι
1723 581 1811 634 τῶε

1931 592 2042 650 est,
2087 583 2392 638 daemonum
2441 590 2672 640 caterva:
2721 583 3104 650 turbabuntur,
3139 593 3268 643 tunc
3298 589 3393 659 qui
3435 591 3494 648 in

233 661 518 731 δαιμόνων
549 666 626 719 τὰ
660 661 1003 738 συστήματα,
1034 669 1157 721 τότε
1198 668 1262 741 δὴ
1286 669 1406 722 τότε
1438 673 1531 724 καὶ
1560 673 1608 724 οῖ
1642 673 1700 725 ὲν
1721 675 1830 736 τοῖς

234 759 446 831 πέρασι
492 763 609 834 τῆς
649 766 970 835 οἰκουμένης
1000 766 1273 837 ἄνθρωποι
1317 768 1714 839 φοϐηθήσονται
1749 785 1828 836 σε,

228 850 299 902 τά
333 853 565 920 μεγάλα
593 859 794 921 σημεῖα
823 855 1213 928 θεωρήσαντες.
1252 859 1456 930 Σημεῖα
1483 859 1540 913 δὲ
1562 861 1631 914 τὰ
1666 862 1724 913 ἐν
1761 864 1828 932 τῇ

234 947 527 1019 παρουσίᾳ
568 948 907 1019 γεγενημένα
933 948 1100 1017 λέγει.
1145 950 1428 1018 Ἐεόόους
1472 953 1693 1020 πρωίας
1731 953 1830 1006 καὶ

228 1036 510 1105 ἑσπέρας
554 1039 815 1108 τέρψεις.
871 1041 1036 1094 Ὅταν
1093 1041 1202 1113 γάρ
1255 1043 1324 1096 τὰ
1368 1045 1574 1114 μεγάλα
1627 1049 1829 1116 σημεῖα

229 1125 634 1199 θεωρήσαντες
664 1132 714 1183 οῖ
736 1130 832 1202 τὴν
867 1131 1190 1203 οἰκουμένην
1217 1133 1489 1204 ἄνθρωποι
1519 1130 1828 1187 κατοικοῦν-

227 1236 343 1283 τες,
369 1221 670 1291 φοὸηοῶσι
698 1223 788 1276 τὸν
818 1223 1021 1290 ἀγαθὸν
1051 1222 1234 1292 φόϐον,
1253 1225 1370 1277 τότε
1405 1225 1468 1296 δὴ
1486 1226 1606 1278 τότε
1632 1227 1725 1279 καὶ
1748 1227 1826 1289 εἰς

225 1312 328 1373 τὰς
359 1315 594 1384 πρωίας
623 1317 714 1368 καὶ
738 1315 818 1378 είς
849 1317 945 1378 τὰς
987 1317 1224 1386 ἑσπέρας
1253 1316 1463 1382 ἐξόδους
1485 1359 1500 1382 ,
1527 1319 1826 1372 ’τουτέστιν

227 1403 286 1452 ὲν
306 1405 482 1457 παντὶ
513 1404 716 1475 καιρῷ,
752 1406 938 1477 τέρψις
977 1407 1126 1460 ἔσται
1155 1409 1358 1473 αὐτοῖς,
1401 1409 1826 1480 ἀγαλλιωμένοις

227 1494 314 1561 ἐφ’
339 1489 428 1557 οἷς
453 1495 828 1569 κατώρθωσεν
857 1501 890 1569 ἡ
925 1501 990 1570 σὴ
1024 1503 1314 1573 παρουσία.

314 1609 694 1680 Ἐπεσκέψω
721 1611 836 1681 τὴν
861 1613 999 1683 γῆν,
1024 1616 1119 1669 καὶ
1151 1616 1447 1685 ἐμέθυσας
1474 1619 1684 1688 αὐτήν.
1707 1619 1824 1672 Δεί-

226 1717 426 1754 κνυσιν
462 1704 567 1755 ἐπὶ
599 1703 708 1756 τίσι
735 1703 843 1757 τῶν
871 1705 1038 1759 ἐθνῶν
1067 1705 1319 1760 ἁπάντων
1359 1710 1393 1778 η
1434 1709 1643 1779 τέρψις.
1701 1709 1824 1763 Ἐπὶ

227 1793 339 1844 τίσι
369 1791 430 1845 δὲ
454 1793 490 1864 ἢ
524 1795 620 1848 ἐπὶ
651 1795 728 1866 τῷ
760 1796 858 1868 τῆς
885 1798 1189 1870 ἐπισκοπῆς
1220 1799 1444 1867 ἀξιῶσαι
1471 1799 1568 1872 τὴν
1585 1801 1710 1872 γῆν,
1730 1803 1822 1855 καὶ

230 1883 478 1953 μθῦσαι
504 1887 676 1958 αὐτὴν
699 1887 807 1940 τῶν
827 1890 953 1960 παρ’
983 1891 1148 1944 αὐτοῦ
1177 1891 1415 1961 δηλονότι
1439 1893 1817 1965 χαρισμάτων;

1933 676 2180 730 terminis
2203 684 2361 730 terra:
2387 685 2676 731 versantur
2707 677 2974 743 homines,
3005 679 3390 748 turbabuntur,
3417 684 3492 739 si-

1931 783 2032 839 gna
2081 783 2274 839 magna
2319 769 2734 839 conspicientes.
2797 768 2960 841 Signa
3008 780 3186 827 autem
3232 788 3295 826 ea
3341 783 3491 839 sunt,

1930 874 2049 928 quae
2081 859 2136 912 in
2168 858 2287 927 ejus
2316 857 2548 913 adventu
2583 867 2711 913 sunt
2743 859 2908 912 edita.
2944 858 3132 912 Exitus
3167 860 3415 913 matutini
3437 867 3490 913 et

1929 967 2131 1020 vespere
2164 950 2464 1004 delectabit.
2506 950 2642 1006 Cum
2685 953 2829 1006 enim
2872 952 3026 1022 signa
3055 967 3246 1021 magna
3275 952 3490 1023 conspi-

1929 1042 2032 1097 cati
2065 1042 2312 1096 homines
2339 1042 2432 1111 qui
2478 1043 2663 1096 orbem
2694 1051 2849 1096 terra:
2879 1043 3140 1106 incolunt,
3172 1043 3312 1096 bono
3342 1049 3489 1096 metu

1929 1134 2225 1196 timebunt,
2273 1145 2386 1188 tum
2428 1143 2482 1189 et
2527 1135 2594 1188 ad
2637 1135 2931 1189 matutinos
2963 1143 3016 1188 et
3055 1135 3120 1188 ad
3158 1135 3488 1204 vespertinus

1925 1224 2140 1292 exitus;
2175 1223 2279 1278 hoc
2317 1233 2434 1292 est,
2468 1224 2616 1279 omni
2655 1234 2915 1293 tempore,
2944 1222 3227 1278 delectatio
3256 1224 3360 1276 erit
3386 1224 3485 1289 eis,

1926 1317 2323 1373 exsultantibus
2385 1318 2456 1372 ob
2531 1333 2620 1373 res
2676 1317 2933 1387 praeclare
2985 1331 3016 1370 a
3067 1325 3117 1372 te
3164 1316 3486 1370 adveniente

1925 1418 2123 1480 gestas.

1995 1612 2081 1666 10.
2131 1611 2369 1666 Visitasti
2415 1620 2607 1666 terram
2648 1625 2696 1667 et
2731 1611 3006 1666 inebriasti
3042 1627 3177 1666 eam.
3231 1608 3484 1666 Declarat

1922 1707 2123 1777 quibus
2165 1705 2231 1759 de
2280 1706 2442 1760 rebus
2486 1705 2771 1760 delectatio
2823 1704 2988 1759 fuerit
3013 1704 3265 1758 omnibus
3304 1703 3480 1772 genti-

1922 1797 2044 1853 bus.
2080 1795 2449 1864 Quibusnam,
2491 1797 2596 1852 nisi
2639 1797 2766 1867 quia
2797 1797 3103 1852 visitatione
3142 1809 3240 1850 sua
3278 1801 3480 1849 terram

1923 1898 2091 1943 totam
2125 1889 2377 1956 dignatus
2408 1898 2526 1957 est,
2557 1887 2780 1958 suisque
2813 1888 2972 1942 donis
3007 1887 3293 1941 inebriavit
3320 1885 3483 1939 eam?

241 1977 296 2028 Ὁ
324 1979 612 2047 ποταμὸς
643 1980 751 2034 τοῦ
779 1981 926 2035 Θεοῦ
953 1982 1262 2051 ἐπληρώθη
1286 1961 1538 2039 eam}.
1572 1961 1811 2054 ῐῖοταμὸι

1924 1981 2150 2037 Flumen
2174 1983 2272 2037 Dei
2310 1971 2567 2052 repletum
2612 1991 2688 2037 est
2717 1983 2887 2052 aquis.
2947 1980 3173 2036 Flumen
3219 1980 3307 2034 hic
3349 1977 3483 2034 dicit

228 2068 476 2122 ἐνταῦθα
512 2071 606 2123 τὸν
639 2071 988 2141 εὐαγγελικδν
1033 2075 1190 2144 λόγον
1225 2076 1384 2147 φησί·
1434 2076 1819 2147 πεπληρῶσθαι

225 2159 285 2213 δὲ
319 2162 498 2215 αὐτὸν
544 2162 752 2216 ὑδάτων
774 2183 789 2197 ο
843 2165 1005 2220 τίνων
1055 2168 1088 2239 ἢ
1123 2167 1232 2222 τῶν
1272 2168 1430 2222 θείων
1459 2167 1818 2236 ἐπαγγελιῶν,

229 2253 428 2318 φησὶν,
493 2247 571 2306 ὧν
630 2256 742 2318 τοῖς
773 2256 942 2322 ἀξίοις
971 2258 1073 2328 τῆς
1106 2258 1385 2328 βασιλείας
1427 2259 1536 2312 τῶν
1579 2259 1819 2330 οὐρανῶν

230 2341 646 2411 ἐπηγγείλατος
681 2343 802 2399 Εἶεν
826 2347 868 2400 δ’
891 2347 957 2401 ἂν
982 2350 1039 2401 αἱ
1068 2349 1389 2419 ἐπαγγελίαι
1408 2348 1469 2401 τό
1486 2365 1499 2378 ο
1533 2349 1819 2416 Μακάριοι

227 2439 284 2489 ολ
300 2441 536 2506 πτωχοὶ
554 2440 633 2506 τῷ
644 2443 953 2511 πνεύματι,
978 2445 1071 2497 καὶ
1093 2447 1141 2497 ot
1165 2444 1292 2516 ἑξῆς
1303 2444 1409 2498 τῶν
1433 2444 1814 2516 μακαρισμιῖΝ.

241 2529 614 2600 Ἠτοίμασας
668 2535 781 2602 τὴν
807 2537 1034 2606 τροφὴν
1076 2538 1294 2592 αὐτῶν.
1326 2539 1542 2610 Τροφὴν
1590 2538 1688 2608 μὲν
1717 2539 1816 2610 τὴν

230 2626 626 2696 πνευματικήν
665 2643 847 2696 φησιν.
918 2627 1274 2699 Ἠτοιμάσθαι
1321 2629 1378 2682 δὲ
1424 2629 1592 2699 αὐτὴν
1637 2628 1813 2698 λέγει,

227 2709 368 2766 διότι
417 2718 532 2789 πρὸ
557 2718 860 2790 καταδολῆς
903 2721 1106 2792 κόσμου
1150 2721 1378 2792 ὥρισται
1409 2722 1469 2775 τὸ
1513 2721 1639 2792 περὶ
1680 2723 1814 2793 Χρι-

231 2804 360 2857 στοῦ
414 2811 751 2880 μυστήριον,
798 2813 858 2875 δς
905 2812 1077 2865 ἐστιν
1105 2812 1281 2880 ἄρτος
1308 2813 1377 2866 ἐκ
1413 2813 1517 2866 τοῦ
1555 2812 1816 2882 οὐρανοῦ

228 2901 524 2965 καταϐὰς,
552 2902 649 2954 καὶ
681 2902 836 2971 ζωὴν
861 2903 1066 2970 διδοὺς
1093 2904 1172 2969 τῷ
1197 2905 1417 2974 κόσμῳ.

309 3008 467 3075 Τοὺς
499 3011 769 3077 αὔλακας
818 3012 1007 3080 αὐτῆς
1030 3011 1321 3082 μέθυσον,
1377 3014 1683 3079 πλήθυνον
1741 3015 1814 3069 τὰ

231 3101 582 3170 γεννήματα
609 3103 813 3171 αὐτῆς.
853 3105 1108 3169 Αὐλακάς
1139 3121 1272 3176 φησι
1296 3104 1364 3159 τὰ
1394 3105 1530 3176 βάθη
1555 3105 1662 3160 τῶν
1685 3123 1814 3178 καρ-

231 3189 395 3253 διῶν,
431 3196 750 3265 γεννήματα
783 3197 838 3250 δὲ
891 3200 1015 3260 τοὺς
1065 3199 1306 3263 εὐσεϐεῖς
1354 3198 1664 3269 λογισμούς.
1710 3199 1813 3255 Ἐν

1921 2074 2293 2144 evangelicum
2337 2088 2678 2140 sermonem,
2731 2082 2786 2126 et
2823 2073 3085 2143 repletum
3117 2071 3275 2141 aquis
3311 2068 3480 2124 fuisse

1920 2164 2054 2219 dicit
2083 2182 2095 2218 :
2122 2164 2472 2234 quibusnam,
2504 2163 2609 2218 nisi
2643 2162 2842 2217 divinis
2880 2162 3200 2229 promissis,
3242 2175 3365 2230 qua:
3393 2159 3480 2214 di-

1919 2257 2042 2327 gnis
2092 2271 2258 2325 regno
2297 2258 2557 2311 ctelorum
2603 2253 2875 2323 pollicitus
2906 2252 3026 2307 est?
3059 2251 3331 2306 Promissa
3375 2265 3478 2304 au-

1921 2359 2027 2402 tem
2054 2347 2166 2403 haec
2193 2347 2434 2402 fuerint:
2473 2347 2629 2401 Beati
2668 2363 2923 2417 pauperes
2973 2345 3203 2414 spiritu,
3247 2352 3304 2398 et
3345 2343 3476 2397 reli-~

1918 2454 2038 2509 quae
2065 2438 2424 2493 beatitudines
2453 2440 2516 2491 “.
2549 2437 2769 2491 Parasti
2795 2437 2968 2490 cibum
3001 2437 3234 2490 illorum.
3281 2433 3476 2489 Cibum

1918 2531 2256 2600 spiritualem
2301 2531 2453 2586 dicit.
2517 2529 2785 2597 Quoniam
2820 2539 2944 2585 ante
2980 2530 3168 2585 mttndi
3212 2528 3480 2585 constitu-

1919 2625 2153 2689 tionem,
2193 2623 2469 2678 decretum
2505 2633 2588 2679 est
2625 2623 2942 2694 mysterium
2983 2621 3220 2688 Christi,
3278 2622 3477 2691 quiest

1914 2717 2066 2786 panis
2098 2717 2189 2787 qui
2215 2716 2278 2769 de
2305 2715 2433 2770 celo
2463 2715 2728 2770 descendit
2752 2728 2800 2772 et
2831 2718 2924 2771 dat
2956 2718 3116 2773 vitam
3141 2718 3336 2772 mundo
3357 2717 3424 2770 ¹¹.

1984 3001 2065 3056 Η.
2108 3001 2262 3056 Rivos
2290 3004 2403 3072 ejus
2429 3002 2632 3057 inebria
2653 3043 2668 3067 ,
2719 3003 3018 3071 multiplica
3049 3001 3312 3072 genimina
3333 3001 3468 3070 ejus.

1914 3093 2074 3147 Rivos
2116 3093 2248 3148 dicit
2278 3093 2546 3164 profunda
2578 3095 2824 3150 cordium
2861 3114 2873 3150 :
2902 3095 3196 3165 genimina,
3228 3093 3346 3164 pias
3379 3107 3474 3146 co-

1913 3186 2223 3256 gitationes.
2267 3184 2333 3240 In
2368 3188 2661 3242 stillicidiis
2695 3188 2807 3257 ejus
2841 3188 3114 3243 latabitur
3153 3185 3471 3256 germinans.

230 3283 364 3349 ταῖς
435 3289 732 3356 σταγόσιν
795 3289 984 3357 αὐτῆς
1027 3292 1503 3358 εὐφρανθήσεται
1562 3291 1811 3345 ἀνατέλ-

1914 3279 2274 3345 Quantumvis
2298 3295 2486 3350 parva,
2519 3281 2724 3348 inquit,
2769 3280 2912 3334 dona
2955 3279 3057 3347 ipsi
3089 3279 3281 3332 collata
3303 3318 3317 3341 ,
3349 3293 3468 3331 eam

233 3378 460 3432 λουσα.
501 3378 611 3430 Καὶ
642 3379 708 3432 τὰ
738 3380 929 3453 μικρὰ,
961 3381 1114 3450 φησὶ,
1143 3380 1251 3434 τῶν
1275 3381 1431 3435 θείων
1459 3385 1811 3454 χαρισμάτων

232 3465 343 3519 τῶν
385 3469 682 3540 διδομένων
733 3474 870 3544 αὐτῇ
922 3473 1233 3544 εὐφραίνειν
1277 3474 1474 3544 αὐτὴν,
1537 3476 1629 3528 καὶ
1685 3477 1812 3529 ἀνα-

232 3557 442 3614 τίλλειν
477 3564 900 3634 παρασκευάζει,
938 3567 1028 3618 τὸν
1069 3566 1257 3637 νοητὸν
1297 3564 1535 3637 δηλονότι
1580 3568 1810 3639 καρπόν.

233 3649 476 3722 Νοήσεις
497 3653 552 3707 δὲ
584 3654 681 3718 τὰς
710 3657 978 3724 σταγόνας
1021 3657 1193 3726 αὐτῆς
1233 3658 1342 3711 άπὸ
1378 3658 1470 3711 τοῦ
1520 3660 1810 3730 εἰρημένου

235 3747 364 3816 περὶ
391 3746 630 3817 Χριστοῦ
651 3763 666 3778 ο
694 3749 1098 3816 Καταϐήσεται
1139 3749 1219 3815 ὡς
1245 3747 1415 3815 ὑετὸς
1444 3749 1544 3802 ἐπὶ
1567 3751 1808 3814 κόκκον,

235 3838 334 3891 καὶ
367 3840 452 3906 ὡς
484 3842 522 3909 ἠ
549 3839 787 3911 σταγὼν
810 3843 849 3911 ἠ
891 3841 1194 3904 στάζουσα
1222 3842 1320 3897 ἐπὶ
1352 3843 1466 3912 τὴν
1496 3841 1631 3913 γῆν.

305 3952 685 4023 Εὐλογήσεις
733 3955 840 4009 τὸν
859 3954 1165 4025 στέφανον
1215 3956 1321 4011 τοῦ
1372 3954 1647 4011 ἐνιαυτοῦ
1696 3954 1809 4023 τῆς

235 4044 650 4110 χρηστότητός
681 4061 819 4102 σου.
862 4046 1133 4100 Ἐνιαυτόν
1163 4063 1296 4118 φησι
1335 4049 1425 4099 τὸν
1462 4047 1555 4100 τοῦ
1588 4045 1805 4118 μέλλον-

233 4146 323 4194 τος
350 4131 548 4196 αἰῶνος
575 4133 786 4204 καιρὸν,
823 4135 916 4187 καὶ
960 4135 1221 4205 στέφανον
1257 4137 1619 4208 χρηστότητος
1670 4139 1805 4190 ἀπο-

235 4221 409 4286 καλεῖ,
462 4222 550 4276 διὰ
581 4223 644 4276 τὸ
686 4227 745 4278 ὲν
777 4224 944 4296 πολλῇ
987 4227 1312 4297 χρηστότητι
1359 4228 1485 4290 τοὺς
1517 4226 1702 4295 ἁγίους
1749 4227 1805 4277 ὲν

235 4314 381 4385 αὐτῷ
402 4315 817 4386 στεφανοῦσθαι.
851 4317 958 4372 Kal
992 4318 1061 4372 τὰ
1083 4319 1258 4372 πεδία
1275 4333 1390 4374 σου
1420 4318 1805 4386 πλησθήσον-

234 4421 325 4460 ται
345 4409 647 4476 πιότητος.
681 4409 845 4461 Πεδία
880 4408 1039 4463 πάλιν
1071 4409 1169 4472 τὰς
1193 4409 1299 4463 τῶν
1342 4412 1421 4473 εἰς
1453 4410 1612 4463 αὐτὸν
1645 4425 1804 4461 πεπι-

238 4501 541 4553 στευκότων
589 4499 766 4569 ψυχὰς
795 4500 970 4554 καλεῖ.
1031 4500 1471 4570 Πιανθήσονται
1510 4502 1582 4555 τὰ
1622 4501 1804 4569 ὡραῖα

236 4588 343 4658 τῆς
372 4590 620 4660 ἐρήμου.
649 4593 784 4665 Ὀρη
826 4593 926 4664 μὲν
957 4596 1084 4657 τοὺς
1117 4594 1304 4662 ἁγίους
1335 4594 1660 4656 ἀποστόλους
1707 4594 1800 4646 καὶ

237 4683 629 4754 εὐαγγελιστάς
674 4703 841 4758 φησι,
897 4689 1023 4751 τούς
1071 4689 1357 4760 εὐτραφεῖς
1405 4689 1798 4758 γεγενημένους

236 4779 344 4840 τοῖς
389 4782 776 4849 πνευματικοῖς
827 4779 1190 4850 χαρίσμασιν·
1242 4779 1445 4851 ἔρημον
1491 4779 1548 4833 δὲ
1589 4778 1686 4850 τὴν
1741 4779 1799 4843 ἐξ

237 4863 403 4921 ἐθνῶν
444 4867 764 4939 Ἐκκλησίαν
783 4869 1067 4933 ἀποκαλεῖ,
1093 4869 1189 4941 τὴν
1215 4869 1378 4924 πάλαι
1401 4870 1605 4941 ἔρημον
1632 4864 1796 4924 οὖσαν

1915 3372 2080 3425 laetari
2115 3387 2178 3426 aa
2217 3372 2522 3442 germinare
2576 3373 2824 3438 faciunt,
2884 3371 3220 3442 Spiritualem
3266 3370 3473 3426 scilicet

1911 3461 2168 3517 fructum.
2204 3460 2484 3518 Stillicidia
2518 3480 2680 3533 porro
2713 3467 2832 3534 ejus
2857 3466 3121 3535 intelliges
3145 3480 3210 3519 ex
3233 3479 3299 3519 eo
3322 3461 3470 3533 quod

1910 3553 1978 3608 de
2015 3554 2236 3608 Christo
2283 3554 2483 3609 dicitur
2512 3572 2526 3609 :
2568 3553 2852 3608 Descendet
2897 3557 3034 3607 sicut
3066 3555 3242 3623 pluvia
3267 3556 3324 3606 in
3360 3553 3471 3607 uel-

1911 3642 2016 3708 lus,
2052 3654 2102 3697 et
2128 3646 2266 3698 sicut
2301 3643 2583 3699 stillicidia
2613 3645 2878 3699 stillantia
2913 3660 3064 3714 super
3090 3655 3288 3698 terram
3313 3643 3378 3700 ⁸³.

1981 3943 2066 4008 12,
2102 3945 2186 3998 15.
2221 3943 2498 4000 Benedices
2536 3963 2742 4002 corona:
2775 3948 2902 4002 anni
2948 3947 3285 4019 benignitatis
3338 3961 3463 4006 tua.

1906 4035 2121 4090 Annum
2147 4038 2280 4093 dicit
2309 4038 2475 4094 futuri
2503 4043 2685 4095 saeculi
2714 4051 2958 4111 tempus,
3004 4052 3058 4096 et
3086 4057 3340 4097 coronam
3375 4043 3467 4098 be-

1907 4129 2183 4198 nignitatis
2214 4142 2390 4196 vocat,
2425 4133 2551 4202 quia
2575 4135 2744 4188 multa
2783 4151 2904 4188 cum
2936 4135 3263 4204 benignitate
3292 4136 3464 4191 saneti

1906 4223 1959 4276 in
1992 4221 2110 4292 ipso
2145 4232 2498 4278 coronantur.
2546 4223 2612 4277 Et
2639 4227 2810 4295 campi
2835 4228 2914 4280 tui
2944 4226 3271 4294 replcbttntur
3307 4227 3460 4280 uber-

1906 4321 2032 4366 tate.
2093 4311 2359 4384 Campum
2404 4314 2600 4369 iterum
2630 4317 2843 4372 animas
2875 4318 2928 4370 in
2970 4317 3144 4387 ipsum
3183 4317 3462 4372 credentes

1905 4412 2080 4458 vocat.
2140 4403 2488 4474 Pinguescant
2533 4409 2766 4476 speciosa
2803 4410 3013 4464 deserti.
3077 4408 3284 4465 Montes
3331 4410 3464 4466 dicit

1904 4507 2121 4551 sanctos
2160 4500 2434 4567 apostolos
2456 4508 2508 4552 et
2538 4501 2929 4569 evangelistas,
2965 4501 3063 4570 qui
3089 4502 3462 4570 spiritualibus

1902 4587 2062 4643 donis
2092 4591 2317 4660 pingues
2351 4591 2524 4646 etl'ecti
2562 4602 2706 4647 sunt.
2751 4591 3031 4649 Desertum
3058 4609 3187 4648 vero
3220 4596 3460 4666 gentium

1902 4680 2199 4738 Ecclesiam
2237 4691 2417 4746 vocat,
2453 4700 2574 4754 qua:
2603 4685 2816 4739 deserta
2847 4685 2974 4740 olim
3004 4695 3119 4744 erat
3150 4685 3239 4741 Dei
3272 4688 3460 4756 cogni-

1903 4774 2068 4830 tione.
2105 4774 2174 4827 Et
2208 4775 2561 4829 exsultatione
2587 4775 2743 4831 colles
2772 4782 3125 4849 accingentur.
3153 4779 3333 4834 Colles
3361 4792 3456 4834 vo—

1899 4875 1987 4924 cat
2013 4867 2269 4938 praesides
2300 4865 2684 4924 Ecclesiarum.

236 4959 332 5029 τῆς
390 4960 520 5030 περ)⁵
573 4960 706 5013 Θεοῦ
767 4959 1038 5030 γνώσεως.
1088 4963 1197 5017 Καὶ
1242 4962 1603 5031 ἁγαλλίασιν
1651 4964 1705 5016 οἱ
1751 4959 1966 5027 ,ϐουνοί
2025 4956 2457 5027 περιζῶσονται.
2509 4960 2736 5023 Βουνούς
2789 4962 2915 5025 τούς
2963 4960 3072 5014 τῶν
3125 4963 3457 5032 Ἐκκλησιῶν

238 5051 534 5123 προέδρους
566 5051 749 5121 φησίν.

314 5143 707 5199 Ἑνεδύσαντο
737 5149 790 5200 οἱ
815 5145 967 5214 κριοὶ
989 5145 1110 5199 τῶν
1128 5146 1448 5216 προϐάτων.
1470 5147 1672 5218 Κριούς
1698 5145 1797 5216 μὲν

235 5237 336 5291 τῶν
354 5235 642 5308 προϐάτων
654 5238 780 5301 τοὺς
793 5239 1056 5310 ἄρχοντας
1068 5237 1175 5292 τῶν
1189 5240 1332 5294 λαῶν
1347 5239 1568 5308 φησι.Τί
1584 5238 1636 5292 δὲ
1648 5239 1796 5292 ἐνδύ-

237 5339 416 5377 σονται
450 5323 485 5396 ἢ
505 5325 568 5377 τὸ
581 5324 680 5395 τῆς
690 5326 996 5399 ἀφθαρσίας
1013 5328 1226 5399 ἱμάτιον
1267 5329 1469 5384 καὶτὸν
1483 5331 1580 5401 τῆς
1600 5331 1795 5401 εὐφρο-

237 5419 400 5487 σύνης
429 5415 668 5486 χιτῶνας
699 5419 901 5489 Κριούς
928 5418 1182 5492 ὀνομάζει
1216 5421 1498 5492 προϐάτων
1542 5421 1636 5474 καὶ
1667 5425 1793 5485 τοὺς

237 5510 420 5578 ἁγίους
444 5509 788 5575 ἀποστόλους,
815 5512 890 5576 ὡς
905 5513 1286 5583 προκύψαντας
1307 5516 1402 5566 καὶ
1422 5514 1548 5577 τοὺς
1571 5513 1794 5585 ἐχθροὺς

237 5601 541 5670 κερατίζειν
585 5602 903 5669 ἰσχύοντας.
937 5608 1116 5670 καθὼς
1157 5607 1187 5658 ό
1226 5604 1430 5675 Κύριος
1461 5605 1592 5677 ἔφη·
1650 5606 1793 5661 Ἰδοὺ

233 5694 346 5766 ἐγὼ
375 5692 691 5748 ἀποστελῶ
716 5694 868 5766 ὑμᾶς
885 5697 966 5762 ὡς
1001 5699 1261 5766 πρόϐατα
1281 5696 1535 5768 ἐνμέσῳ
1569 5699 1788 5752 λύκων.

1973 5152 2058 5206 Η.
2092 5151 2277 5207 Induti
2315 5164 2436 5206 sunt
2473 5154 2664 5208 arietes
2691 5153 2884 5209 ouium.
2918 5154 3127 5209 Arietes
3149 5157 3333 5212 ovium
3357 5172 3455 5212 vo-

1901 5255 1989 5299 cat
2022 5246 2291 5315 principes
2342 5246 2684 5316 populorum.
2737 5244 2858 5313 Quo
2906 5255 3082 5301 autem
3122 5248 3413 5305 induentur
3439 5291 3453 5318 ,

1900 5335 2004 5389 nisi
2040 5336 2366 5391 vestimento
2412 5336 2973 5407 incorruptibilitatis,
3009 5347 3065 5394 et
3107 5339 3288 5394 tunica
3321 5341 3455 5396 laeti-

1898 5426 2021 5481 tiae?
2054 5427 2263 5481 Arietes
2291 5427 2472 5481 ovium
2493 5465 2508 5490 ,
2551 5437 2768 5483 sanctos
2812 5427 2939 5483 item
2973 5429 3246 5499 apostolos
3276 5441 3451 5500 vocat,

1901 5526 2085 5585 utpote
2125 5518 2216 5589 qui
2246 5516 2485 5572 demisso
2523 5518 2695 5589 capite
2738 5519 3073 5592 irrumpant,
3118 5531 3170 5576 et
3205 5522 3452 5579 inimicos

1898 5623 2070 5664 cornu
2099 5617 2280 5678 petere
2311 5610 2545 5673 valeant,
2574 5610 3028 5679 quemadmodum
3055 5612 3131 5668 ait
3153 5612 3448 5668 Dominus:

1903 5698 2037 5752 Ecce
2073 5715 2165 5768 ego
2189 5701 2342 5752 mitto
2373 5714 2465 5752 eos
2497 5700 2635 5752 sicut
2665 5715 2780 5755 oves
2820 5700 2872 5754 in
2911 5700 3082 5756 medio
3115 5700 3360 5770 luporum
3380 5699 3447 5754 “.

305 5893 344 5927 "
379 5891 570 5950 Matth.
605 5910 668 5963 ν,
699 5893 733 5950 3
760 5908 910 5966 seqq.
991 5898 1032 5929 ⁸³
1074 5895 1229 5954 Joan.
1266 5913 1349 5967 vt,
1395 5899 1482 5957 53.
1561 5897 1602 5932 ¹³
1637 5895 1779 5955 Psal.

1914 5913 1974 5962 rt,
2019 5898 2071 5954 ὃ.
2155 5897 2406 5956 “Matth.
2443 5913 2517 5969 χι,
2555 5897 2638 5953 l6.
