4108 6518
633 443 742 501 287

1469 439 1525 492 ὃ.
1564 434 1935 491 ATHANASII
1972 434 2122 491 OPP.
2165 433 2344 489 PARS
2384 432 2469 489 Ill.
2508 463 2579 475 ——
2611 431 3021 489 EXEGETICA.

3751 427 3853 483 288

635 556 703 611 Ει
732 556 893 612 valles
934 557 1277 612 abundabunt
1309 557 1591 624 frumento.
1627 554 1734 608 lllre
1759 592 1774 617 ,
1812 553 2021 623 inquit,
2063 553 2190 607 olim
2222 594 2232 616 ε

2309 551 2401 605 Kal
2430 553 2489 603 αἱ
2523 548 2797 615 κοιλάδες
2819 545 3199 615 πληθυνοῦσι
3223 545 3412 601 σῖτον.
3440 545 3507 599 Αἱ
3534 544 3723 609 πάλαι,
3757 563 3857 617 φη-

634 645 997 716 pauperrimre
1028 662 1092 701 ac
1125 647 1340 703 steriles
1369 648 1608 718 gentium
1632 646 1849 709 animai,
1886 644 2189 714 spirituali-

635 737 739 793 bus
765 736 1030 792 fructibus
1064 738 1435 807 replebuntur.
1494 738 1845 804 Clamabunt,
1875 739 2066 792 etenim
2103 741 2195 808 hy-

636 844 817 882 mnum
860 829 1055 884 dicent.
1107 829 1188 884 Ad
1220 831 1529 893 meliorem,
1578 830 1773 898 inquit,
1815 830 2060 885 deducta:
2085 839 2195 885 sta-

636 927 776 982 tum,
810 918 996 985 valles,
1025 934 1087 974 ac
1109 921 1326 990 repleta:
1357 920 1730 989 spiritualibus
1766 919 2066 989 fructibus,
2092 921 2194 991 hy-

638 1022 797 1063 mnos
828 1008 924 1063 tibi
964 1010 1089 1065 totis
1115 1010 1321 1065 viribus
1355 1009 1603 1065 oﬂ‘erent.

641 1099 692 1154 1.
717 1097 781 1153 In
810 1081 967 1167 ﬁnem
996 1101 1257 1155 canticum
1280 1099 1551 1156 ρεΑωιι
1571 1099 2000 1156 Rcsurrcctionis.
2022 1099 2118 1154 LX
2133 1100 2193 1156 V.

1218 1192 1360 1263 Argu
1370 1202 1619 1247 mentum.

642 1279 987 1338 Vocationem
1017 1283 1257 1351 gentium
1288 1299 1385 1353 per
1408 1285 1552 1339 hunc
1592 1286 1860 1354 psalmum
1904 1283 2194 1355 signiﬁcat,

710 1372 1107 1442 annuntiatque
1155 1372 1393 1426 futuram
1468 1374 1773 1428 animarum
1845 1372 2200 1428 resurrectio-

709 1477 856 1528 nem,
878 1463 1034 1532 juxta
1078 1464 1283 1518 dictum
1320 1464 1448 1517 illud
1484 1484 1495 1519 :
1533 1463 1804 1519 Suscitans
1836 1482 1867 1517 a
1904 1474 2042 1519 terra
2086 1466 2201 1519 ino-

712 1574 827 1621 pem
873 1560 938 1615 ¹⁸.
1015 1558 1313 1615 Personam
1356 1560 1485 1615 item
1538 1559 1745 1614 inducit
1795 1560 2199 1629 apostolorum,

715 1651 1086 1705 enarrantium
1116 1663 1317 1720 quanta
1345 1651 1455 1705 sint
1477 1666 1573 1721 pro
1605 1651 1915 1721 evangelica
1944 1651 2201 1721 prmdica-

711 1744 860 1799 tione
886 1745 1159 1814 perpessi,
1193 1754 1247 1799 et
1276 1752 1411 1814 quot
1438 1744 1697 1799 aerumnis
1731 1744 1797 1798 ad
1832 1753 2029 1799 aeterna
2070 1759 2201 1813 gau-

712 1833 801 1889 dia
833 1834 1047 1891 deducti
1091 1836 1220 1889 sint.
1262 1834 1593 1904 lnsuperque
1641 1832 1852 1889 Judaici
1892 1834 2074 1905 populi
2118 1851 2197 1890 reo

712 1924 964 1995 probatio
991 1926 1079 1980 hic
1102 1923 1453 1996 signiﬁcatur.

712 2119 828 2173 '24.
868 2119 1107 2174 Jubilate
1136 2119 1277 2187 Deo,
1320 2123 1486 2175 ontnis
1528 2131 1702 2188 terra,
1744 2122 2008 2191 psalmum
2046 2123 2206 2179 dicite

642 2210 841 2264 nomini
860 2211 994 2279 ejus.
1029 2211 1290 2266 Jubilatio
1316 2224 1402 2267 est
1429 2214 1667 2267 victoriae
1697 2215 1972 2270 canticum
1997 2254 2012 2275 ,
2058 2217 2206 2285 quod

643 2300 859 2355 canitur
886 2299 1180 2371 proﬂigatis
1203 2301 1462 2357 inimicis.
1493 2301 1660 2357 Caesis
1694 2303 1878 2373 itaque
1918 2319 2012 2374 per
2041 2303 2205 2358 Chri-

643 2392 715 2448 sti
761 2393 1047 2448 adventum
1084 2393 1244 2463 hujus
1303 2394 1487 2449 szeculi
1532 2395 1901 2465 principibus,
1952 2396 2208 2465 jubentur

643 2501 835 2541 omnes
903 2496 1089 2557 gentes
1141 2487 1381 2541 victoriae
1443 2489 1655 2542 cantica
1719 2488 1988 2541 modulari
2068 2488 2202 2558 (28).

645 2576 819 2631 Dicite
840 2577 974 2632 Deo:
1006 2576 1175 2642 Quam
1204 2577 1458 2631 terribilia
1489 2588 1781 2646 suntopera
1805 2587 1917 2641 tua,
1952 2577 2207 2631 Domine!

644 2666 963 2739 Cuiusmodi
1001 2684 1188 2738 opera,
1228 2668 1336 2722 nisi
1367 2669 1546 2722 divina
1578 2670 1753 2738 signa,
1783 2669 2003 2738 etquod
2031 2669 2208 2738 impu-

644 2780 829 2819 rorum
857 2766 1161 2819 daemonum
1194 2774 1425 2820 caterva:
1458 2764 1756 2835 profligatae
1784 2764 1932 2819 sint?
1976 2762 2042 2816 In
2071 2763 2208 2815 mul-

645 2856 870 2911 tiludine
893 2858 1103 2911 virtutis
1141 2868 1243 2911 tua:
1272 2859 1587 2912 mentiantur
1629 2858 1721 2910 tibi
1744 2857 1946 2908 inimici
1981 2857 2078 2907 tui.
2116 2853 2209 2909 Ju-

644 2946 889 3002 dteorum
920 2948 1011 3004 hic
1035 2960 1312 3019 stuporem
1342 2950 1623 3019 coarguit,
1670 2947 1765 3016 qui
1802 2962 1907 2999 non
1954 2946 2079 3000 sivit
2114 2960 2208 2999 eos

644 3038 1034 3093 miraculorum
1056 3038 1413 3107 magnitudini
1438 3038 1829 3105 obtemperare.
1857 3035 2039 3088 Omnis
2070 3046 2209 3088 terra

646 3130 830 3183 adoret
874 3138 921 3183 te
962 3138 1013 3183 et
1047 3129 1241 3199 psallat
1274 3130 1389 3185 tibi.
1429 3129 1737 3196 Quoniam,
1773 3127 1981 3197 inquit,
2013 3125 2207 3190 Judmi,

2298 642 2400 705 σὶν,
2435 638 2771 711 ἀπορώτατοι
2800 640 2892 693 καὶ
2923 638 3106 706 ἄγονοι
3138 636 3246 691 τῶν
3288 636 3453 690 ἐθνῶν
3484 637 3657 707 ψυχαὶ
3699 654 3858 692 πνευ-

2299 731 2542 804 ματικῶν
2595 730 2821 803 καρπῶν
2872 730 3082 784 ἔσονται
3139 729 3383 799 πλήρεις.
3420 727 3855 797 Κεκράξονται’

2296 826 2394 879 καὶ
2418 826 2527 895 γὰρ
2544 823 2947 893 ὑμνήσουσιν.
2986 822 3109 875 Ἐπὶ
3128 823 3188 876 τὸ
3211 822 3415 892 βέλτιον
3437 819 3858 892 μεταϐαλοῦσαι,

2297 918 2479 989 φησὶν,
2507 918 2561 971 al
2590 916 2832 980 κοιλάδες
2860 916 2953 970 καὶ
2970 914 3354 985 πληθυνθείσαι
3376 913 3581 984 νοητῶν
3610 912 3858 984 καρπῶν,

2296 1010 2529 1071 ἐκτενῶς
2560 1026 2640 1062 σοι
2664 1010 2789 1072 τοὺς
2818 1008 3019 1079 ὕμνους
3056 1006 3487 1076 ἀναπέμψουσιν.

2330 1105 2432 1169 Εὶς
2464 1104 2527 1157 τὸ
2559 1102 2730 1167 τέλος
2749 1100 2872 1170 ᾠδὴ
2916 1101 3231 1155 ΨΑΛΜΟΥ
3256 1098 3668 1165 ἀναστάσεως.
3696 1097 3825 1152 ΞΒ.

2927 1193 3249 1256 Ὑπόθεσις.

2298 1286 2409 1356 Τὴν
2439 1286 2627 1355 κλῆσιν
2660 1285 2767 1338 τῶν
2801 1284 2971 1338 ἐθνῶν
3002 1283 3089 1337 διά
3115 1281 3209 1335 τοῦ
3234 1281 3495 1353 παρόντος
3526 1279 3745 1351 ψαλμοῦ
3767 1298 3865 1334 κα-

2368 1377 2711 1447 τασημαίνει,
2761 1378 2855 1431 καὶ
2904 1376 3003 1446 τὴν
3039 1377 3336 1430 ἀνάστασιν
3367 1374 3466 1447 τὴν
3494 1375 3864 1445 γενησομένην

2369 1468 2478 1520 τῶν
2501 1468 2684 1539 ψυχῶν
2706 1467 2882 1522 αὐτῶν
2904 1466 3335 1535 εὐαγγελίζεται,
3372 1465 3513 1520 κατά
3541 1466 3604 1519 τὸ
3641 1466 3866 1537 εἰρημέ-

2374 1575 2464 1611 νον
2483 1576 2496 1590 ·
2541 1560 2602 1612 Ὀ
2632 1558 2893 1613 ἀνιστῶν
2921 1558 3039 1613 ἀπὸ
3068 1556 3181 1628 γῆς
3213 1559 3471 1626 πτωχόν.
3504 1559 3615 1611 Καὶ
3651 1559 3760 1628 μὴν
3779 1558 3868 1610 καὶ

2372 1649 2477 1703 τῶν
2507 1652 2818 1705 ἀποστόλων
2848 1650 3089 1722 εἰσφέρει
3118 1649 3179 1702 τὸ
3216 1650 3508 1720 πρόσωπον
3528 1689 3542 1712 ,
3589 1649 3840 1703 διδασκὸν

2370 1758 2477 1794 των
2505 1743 2605 1795 ὃσα
2634 1742 2773 1813 ὑπὲρ
2801 1743 2893 1796 τοῦ
2915 1742 3267 1814 κηρύγματος
3285 1740 3583 1794 πεπόνθασι
3598 1740 3695 1794 τοῦ
3716 1742 3869 1808 εὐαγ-

2374 1830 2608 1899 γε).ικοῦ,
2642 1832 2735 1885 καὶ
2768 1833 2887 1885 ὅσαι
2918 1831 3122 1901 θλίψεις
3139 1832 3218 1895 εἰς
3258 1830 3507 1893 αἰωνίους
3538 1830 3871 1902 εὐφροσύνας

2237 1909 2277 1961 Β
2375 1922 2638 1993 ἐξήγαγον
2656 1923 2870 1986 αὐτούς.
2897 1924 3017 1975 Ἔτι
3052 1924 3157 1995 μὴν
3191 1924 3285 1976 καὶ
3310 1920 3404 1975 τοῦ
3447 1924 3719 1977 Ἰουδαίων
3744 1923 3869 1977 λαοῦ

2380 2015 2700 2085 σημαίνεται
2732 2018 2763 2085 ἡ
2793 2014 3053 2085 ἀποϐολή.

2385 2133 2741 2197 Ἀλαλιὶξατε
2766 2132 2845 2197 τῷ
2866 2131 2988 2197 Θεῷ
3016 2129 3183 2184 πᾶσα
3211 2132 3249 2200 ἠ
3286 2129 3384 2201 γῆ,
3424 2130 3661 2198 gadium
3689 2128 3767 2198 δὴ
3799 2129 3875 2196 τῷ

2305 2228 2543 2294 ὀνόματι
2576 2225 2783 2279 αὐτοῦ.
2827 2222 3165 2293 ’Λλαλαγμός
3196 2224 3343 2275 ἐστιν
3384 2223 3648 2286 ὲπινέκιος
3687 2221 3871 2293 ὕμνος,

2304 2319 2559 2388 ᾀδόμενος
2596 2316 2687 2368 ἐπὶ
2713 2315 3058 2367 πεπτωκόσιν
3088 2313 3321 2383 ἐχθροῖς.
3364 2313 3449 2376 Ὠς
3477 2309 3571 2367 οὖν
3595 2315 3875 2387 ἀνῃρημέο

2304 2429 2409 2464 νων
2440 2409 2549 2463 τῶν
2581 2410 2853 2480 ἀρχόντων
2882 2406 2977 2460 τοῦ
3008 2406 3201 2469 αἰῶνος
3228 2406 3440 2469 τούτου,
3476 2406 3563 2461 διὰ
3601 2407 3702 2477 τῆς
3737 2424 3876 2478 παρ-

2305 2503 2492 2563 ουσίας
2519 2500 2757 2571 δηλονότι
2792 2499 3048 2566 Χριστοῦ,
3092 2498 3269 2552 πάντα
3301 2499 3370 2552 τά
3390 2498 3515 2569 ἔθνη
3542 2499 3670 2562 τοὺς
3709 2500 3877 2553 ἐπινι-

2308 2596 2459 2657 κίους
2489 2593 2689 2662 ὕμνους
2717 2591 3060 2661 ἀναπέμπειν
3116 2590 3601 2660 παρακελεύονται.
3654 2592 3877 2644 Εἴπατε

2307 2685 2387 2751 τῷ
2419 2684 2567 2750 Θεῷ·
2616 2685 2711 2748 Ὠς
2760 2681 2980 2750 φοϐερὰ
3006 2681 3076 2735 τὰ
3102 2682 3245 2750 ἔργα
3270 2698 3406 2735 σου.
3436 2682 3546 2735 Καὶ
3584 2685 3711 2734 ποῖα
3741 2682 3874 2752 ἔργα

2308 2777 2340 2847 ἢ
2366 2777 2462 2839 τὰς
2490 2775 2813 2845 θεοσημείας
2843 2776 2996 2844 φησὶ.
3025 2773 3195 2827 καὶτὸ
3223 2773 3462 2827 ἐκποδὼν
3489 2774 3743 2844 γενέσθαι
3770 2774 3874 2827 τῶν

2309 2869 2630 2939 ἀκαθάρτων
2667 2867 2932 2937 δαιμόνων
2952 2865 3020 2919 τὰ
3050 2865 3227 2938 πλήθη
3253 2883 3267 2932 ;
3307 2867 3400 2919 Ἑν
3422 2865 3502 2933 τῷ
3526 2867 3743 2934 πλήθει
3768 2866 3876 2935 τῆς

2308 2959 2613 3029 δυνάμεώς
2639 2974 2753 3013 σου
2788 2959 3121 3027 ψεύσονταί
3151 2974 3224 3012 σε
3252 2960 3304 3012 οὶ
3344 2957 3544 3027 ἐχθροί
3591 2974 3731 3013 σου.
3769 2958 3878 3027 Τῆς

2323 3054 2585 3107 Ἰουδαίων
2609 3051 2949 3122 ἀποπληξίας
2981 3048 3213 3103 ἐνταῦθα
3256 3051 3588 3119 κατηγορείδ,
3628 3048 3705 3113 ὡς
3747 3049 3878 3119 μηδὲ

2308 3147 2417 3201 τῶν
2440 3146 2727 3215 θαυμάτων
2754 3145 2850 3214 τῆς
2873 3141 3176 3212 ὑπερϐολῆς
3202 3140 3645 3213 παρενεγκούσης
3685 3140 3877 3203 αὐτοὺς

645 3220 865 3276 etiamsi
910 3220 1149 3292 ingentia
1190 3238 1286 3293 per
1332 3232 1383 3277 te
1411 3222 1555 3277 edita
1596 3222 1750 3291 signa
1792 3229 2207 3290 conspexerant,

2310 3240 2389 3302 εἱς
2420 3237 2481 3291 τὸ
2531 3235 2828 3289 πείθεσθαι.
2868 3232 3043 3289 Πᾶσα
3081 3234 3118 3302 ἡ
3158 3231 3233 3302 γῆ
3276 3229 3879 3302 προσκυησάτωσὰν

646 3314 855 3368 mentiti
902 3324 1081 3371 tamen
1115 3325 1241 3370 sunt
1265 3316 1383 3371 tibi.
1434 3316 1712 3371 Ateorum
1756 3314 1876 3370 loco
1918 3321 1968 3368 te
2016 3313 2210 3368 adora-

646 3401 730 3459 tit
754 3404 995 3463 omnium
1021 3408 1261 3476 gentium
1287 3407 1603 3463 multitudo.

719 3708 774 3762 5.
822 3706 1000 3763 Venite
1049 3717 1099 3763 et
1156 3709 1326 3764 videte
1355 3726 1514 3779 opera
1545 3708 1661 3762 Dei.
1706 3710 2093 3779 Apostolorum
2126 3710 2214 3766 hic

647 3814 933 3873 [ersonam
966 3801 1203 3869 inducit,
1251 3803 1343 3873 qui
1368 3814 1552 3875 gentes
1583 3803 1813 3868 docent,
1861 3818 1987 3858 eum
2027 3802 2119 3873 qui
2158 3802 2215 3857 in

649 3910 752 3950 suo
778 3894 1073 3949 secundum
1100 3909 1320 3949 carnem
1359 3896 1595 3951 adventu
1625 3895 1808 3949 divina
1838 3894 1993 3965 signa
2023 3894 2211 3960 edidit,

649 3983 828 4055 ipsum
870 3998 995 4039 esse
1034 3985 1126 4053 qui
1168 3984 1415 4039 Rubrum
1465 3987 1593 4040 olim
1627 4002 1777 4041 mare
1807 3985 2136 4047 exsiccavit,
2163 3994 2217 4040 et

650 4074 746 4145 qui
791 4072 1046 4131 Iordanis
1075 4075 1277 4132 ﬂuenta
1304 4078 1531 4146 divisit,
1567 4090 1623 4133 ut
1655 4077 1747 4132 lilii
1777 4076 1945 4133 Israel
1989 4075 2216 4147 pedibus

652 4165 1103 4223 transmitterem.

721 4367 774 4422 6.
812 4365 917 4431 Qui
944 4368 1193 4422 convertit
1223 4382 1366 4421 mare
1392 4367 1445 4419 in
1478 4367 1709 4422 aridam.
1742 4368 1981 4438 Hujusce
2018 4369 2093 4425 rei
2132 4384 2217 4423 ar-

652 4468 967 4530 gumentum
1001 4468 1085 4513 est
1116 4459 1262 4528 quod
1289 4458 1417 4512 olim
1446 4468 1655 4528 gestum
1692 4459 1957 4525 fuit,cum
1994 4477 2219 4517 conver-

652 4549 721 4603 tit
757 4562 904 4603 mare
947 4548 1003 4602 in
1037 4548 1267 4603 aridam.
1328 4547 1404 4604 lta
1438 4548 1801 4621 Symmachus
1834 4552 1952 4607 ait:
1992 4552 2217 4607 Mutavit

2244 4594 2295 4652 D

2314 3348 2411 3386 σοι
2443 3330 2539 3385 καὶ
2568 3327 2941 3399 ψαλάτωσάν
2966 3340 3083 3381 σοι.
3134 3327 3350 3396 Ἐπειδὴ
3411 3325 3686 3391 Ἰουδαῖοι,
3725 3325 3877 3397 φησὶ,

2313 3422 2490 3476 καίτοι
2544 3408 2843 3491 ὑπερϐολὰς
2886 3416 3121 3487 ὁρῶντες
3169 3417 3549 3487 πραττομένας
3613 3417 3877 3488 σημείων,

2312 3511 2651 3582 ἐψεύσθησαν
2680 3525 2783 3561 σοι.
2823 3507 2963 3559 Ἀλλ’
2993 3501 3085 3559 οὖν
3111 3506 3225 3560 ἀντ’
3254 3505 3477 3560 ἐκείνων
3512 3508 3879 3579 προσκυνήσει

2314 3616 2393 3652 σοι
2422 3599 2568 3651 πᾶσα
2589 3596 2696 3649 τῶν
2726 3594 2893 3648 ὲθνῶν
2919 3595 2953 3665 ἡ
2990 3592 3216 3658 πληθύς.

2383 3708 2557 3763 Δεῦτε
2590 3706 2685 3761 καὶ
2714 3704 2868 3758 ἴδετε
2894 3708 2965 3758 τὰ
2992 3704 3137 3774 ἔργα
3164 3704 3270 3759 τοῦ
3302 3704 3472 3759 Θεοῦ.
3505 3704 3626 3757 Τῶν
3651 3706 3882 3760 ἀποστό-

2313 3801 2419 3855 λων
2443 3799 2676 3855 ὲνταῦθα
2704 3796 2982 3865 εἰσάγεται
3010 3796 3071 3850 τὸ
3093 3795 3402 3867 πρόσωπον,
3424 3795 3784 3852 διδασκόντων
3814 3796 3883 3852 τὰ

2314 3894 2464 3963 ἔθνη,
2489 3892 2565 3955 ὡς
2596 3892 2703 3962 ἄρα
2728 3889 2890 3953 αὐτὸς
2926 3882 3077 3951 οὗτος
3104 3889 3132 3941 ό
3165 3888 3222 3941 ἐν
3258 3889 3325 3959 τῇ
3375 3887 3514 3942 κατὰ
3538 3888 3717 3959 σάρκα
3744 3908 3881 3960 παρ-

2314 3985 2471 4056 ουσία
2498 3984 2597 4046 τὰς
2629 3980 2953 4051 θεοσημείας
2993 3976 3359 4049 ἐργαςόμενος
3389 3980 3552 4044 αὐτός
3579 3981 3696 4034 ἐστι
3726 3981 3818 4035 καὶ
3852 3982 3883 4034 ὁ

2316 4077 2482 4131 πάλαι
2508 4074 2607 4144 τὴν
2648 4070 2910 4143 Ἐρυθρὰν
2940 4069 3179 4142 ξηράνας
3202 4069 3493 4135 θάλασσαν,
3529 4072 3625 4126 καὶ
3656 4073 3762 4144 μὴν
3788 4074 3883 4125 καὶ

2313 4166 2408 4219 τοῦ
2451 4163 2710 4237 Ἰορδάνου
2742 4159 2989 4232 ποταμοῦ
3048 4160 3325 4231 ἀνακύψας
3382 4160 3450 4214 τὰ
3501 4161 3769 4234 ῥεύματαν
3808 4163 3883 4227 ὡς

2318 4259 2439 4314 ποδὶ
2471 4254 2757 4328 παρελθεῖν
2788 4254 2911 4319 τοὺς
2935 4253 3084 4317 υἱοὺς
3123 4253 3357 4323 Ἰσραήλ.

2402 4361 2454 4415 '0
2479 4362 2903 4434 μεταστρέφων
2923 4365 3038 4431 τὴν
3065 4362 3385 4419 θάλασσαν
3406 4365 3494 4429 εἰς
3528 4363 3741 4432 ξηράν.
3775 4363 3886 4419 Καὶ

2316 4456 2508 4509 τούτου
2531 4457 2803 4522 ἀπόδειξις
2835 4458 2903 4509 τὰ
2931 4455 3032 4526 ἤδη
3058 4454 3346 4525 γενόμενα,
3380 4455 3529 4519 ὅπως
3561 4456 3658 4527 τὴν
3690 4455 3887 4511 θάλασ-

2321 4566 2419 4603 σαν
2452 4550 2744 4621 μετέϐαλεν
2792 4552 2871 4612 είς
2922 4548 3112 4619 ξηράν.
3146 4548 3441 4620 Σύμμαχος
3496 4549 3669 4614 οὕτως
3700 4550 3846 4619 λέγει
3870 4569 3885 4582 ο

653 4656 799 4695 mare
829 4642 885 4695 in
932 4641 1175 4694 aridam:
1216 4641 1411 4711 ﬂumen
1447 4644 1867 4711 pertransierunt
1916 4645 2063 4713 pede.
2120 4643 2217 4701 Hic

2320 4642 2619 4698 Μετέόαλε
2658 4644 2979 4698 θάλασσαν
3015 4645 3103 4708 εὶς
3132 4641 3353 4710 ξηράν·
3403 4642 3671 4711 ποταμὸν
3696 4642 3889 4712 διέϐη-

653 4733 821 4797 enim,
858 4732 1055 4803 inquit,
1089 4732 1234 4788 Deus
1264 4742 1348 4788 est
1377 4734 1471 4804 qui
1495 4736 1724 4789 reditum
1748 4734 1906 4790 nobis
1926 4736 2213 4803 concessit,

654 4833 707 4878 et
739 4822 965 4879 salutem
1007 4825 1191 4880 dedit:
1221 4824 1313 4895 qui
1347 4825 1476 4879 olim
1505 4841 1654 4881 mare
1697 4836 1749 4881 et
1776 4827 1977 4883 ﬂumen
2012 4830 2213 4895 divisit,

653 4923 708 4968 et
736 4927 966 4985 proavos
994 4924 1212 4970 nostros
1236 4916 1441 4986 absque
1467 4917 1709 4986 periculo
1739 4918 1989 4988 trajicere
2030 4919 2214 4990 jussit.

654 5001 1068 5058 Ibilwtabimur
1112 5004 1166 5057 in
1189 5005 1324 5073 ipso.
1362 5004 1521 5072 illud,
1578 5007 1674 5072 ibi,
1725 5016 1939 5077 tempus
1988 5009 2211 5064 indicat.

651 5093 746 5152 Ait
782 5093 947 5165 igitur
976 5093 1134 5162 :Quo
1182 5104 1422 5167 tempore
1481 5097 1569 5152 ille
1602 5098 1659 5152 in
1698 5114 1900 5155 novum
1955 5102 2212 5157 saxulum

658 5185 938 5256 regnabit,
986 5204 1088 5244 nos
1118 5203 1227 5244 una
1253 5204 1378 5244 cum
1409 5190 1527 5263 ipso
1556 5191 1907 5261 regnabimus
1936 5202 1991 5246 et
2025 5192 2213 5248 ineﬂa-

655 5278 748 5333 bili
777 5277 976 5347 gaudio
1002 5279 1412 5349 perfundemur.

2321 4750 2443 4790 σαν
2491 4734 2648 4789 ποδί.
2708 4728 2875 4798 Οὗτος
2929 4734 3037 4806 γάρ
3080 4736 3227 4787 ἐστιν
3255 4735 3284 4787 ὁ
3332 4732 3483 4797 Θεὸς,
3516 4734 3701 4804 φησὶν,
3735 4734 3765 4786 ὁ
3794 4736 3889 4788 καλ⁵

2321 4828 2452 4896 ἡμῖν
2478 4828 2573 4898 τὴν
2600 4825 2852 4879 ἐπάνοδον
2882 4827 2976 4881 καὶ
3011 4828 3142 4897 ἡμῖν
3169 4824 3440 4895 σωτηρίαν
3464 4822 3803 4895 δωρούμενος
3820 4842 3835 4857 ο
3858 4826 3888 4879 ὁ

2323 4919 2487 4973 πάλαι
2519 4918 2614 4972 καὶ
2633 4917 2901 4971 Θάλατταν
2923 4919 3015 4973 καί
3043 4918 3282 4989 ποταμὸν
3305 4917 3617 4988 διαστήσας,
3646 4918 3887 4982 καὶτοὺς

2320 5010 2621 5082 ἡμετέρους
2656 5008 2953 5080 προγόνους
2989 5008 3283 5072 ἀκινδύνως
3316 5006 3565 5077 διαϐῆναι
3600 5007 3883 5073 κελεύσας.

2333 5099 2494 5152 Ἐκεῖ
2518 5099 3047 5167 εὐφρανθησόμεθα
3093 5098 3183 5151 ἐπ’
3216 5096 3395 5163 αὐτῷ.
3429 5096 3502 5150 Τὸ
3543 5096 3672 5151 ἐκεῖ
3693 5099 3887 5168 χρόνου

2321 5190 2439 5243 ἐστὶ
2474 5189 2823 5260 σημαντικόν.
2884 5190 3040 5258 Λέγει
3077 5184 3191 5254 οὖν,
3227 5191 3308 5244 ὅτι
3360 5189 3501 5243 κατά
3554 5190 3646 5244 τὸν
3696 5191 3887 5265 καιρὸγ

2315 5282 2520 5336 ἐκεῖνον
2557 5278 2677 5333 καθ’
2700 5278 2759 5332 δν
2793 5278 2884 5333 τοῦ
2911 5278 3029 5334 νέου
3070 5280 3265 5345 αἰῶνος
3297 5279 3623 5351 βασιλεύσει,
3643 5282 3761 5336 ἐκεῖ
3790 5283 3887 5337 σὺν

655 5371 803 5443 αὐτῷ
847 5372 1363 5446 συμϐασιλεύσομεν,
1406 5379 1500 5431 καὶ
1524 5380 1590 5449 τῇ
1626 5380 1766 5449 χαρᾷ
1792 5383 1855 5451 τῇ
1892 5379 2239 5450 ἀνεκλαλήτῳ
2269 5374 2776 5447 εὐφρανθησόμεθα.

726 5484 785 5538 7.
823 5484 977 5541 Oculi
1002 5486 1114 5558 ejus
1150 5505 1306 5558 super
1341 5502 1513 5561 gentes
1547 5492 1831 5561 respiciunt
1855 5492 1987 5564 (29).
2037 5492 2216 5547 Inten-

663 5583 750 5631 tus
775 5586 861 5632 est
884 5580 1161 5647 omnibus,
1198 5583 1381 5638 omnia
1407 5595 1556 5656 gesta
1585 5585 1803 5655 inspicit
1834 5596 1890 5643 et
1915 5586 2211 5642 examinat.

738 5690 779 5722 ¹³
814 5687 957 5743 Psal.
986 5706 1119 5758 cm,
1146 5692 1200 5747 7.

2388 5491 2452 5543 Ol
2477 5489 2769 5559 ὀφθαλμοὶ
2825 5487 3010 5542 αὐτοῦ
3055 5489 3155 5544 ἐπὶ
3182 5490 3253 5545 τὰ
3288 5492 3431 5560 ἔθνη
3469 5491 3880 5553 ἐπιϐλέπουσι.

2322 5583 2464 5636 nam
2501 5582 2779 5653 προσέχει,
2814 5583 2906 5636 καὶ
2933 5582 3112 5639 πάντα
3140 5584 3381 5651 ἐξετάζει
3402 5586 3469 5640 τὰ
3499 5588 3788 5660 γενόμενα.
3821 5593 3883 5645 οι

740 5786 853 5854 (28)
891 5782 1034 5854 ,Quze
1076 5787 1236 5843 habet
1266 5790 1557 5851 Corderius
1584 5794 1650 5851 ad
1695 5793 1839 5852 hunc
1880 5795 2060 5851 locum
2101 5798 2225 5850 sunt
2265 5793 2553 5853 Theodori.

739 5856 853 5927 (29)
882 5853 1005 5912 Hoc
1036 5867 1159 5913 sunt
1192 5857 1479 5917 Theodori.
