4108 6494
191 436 288 494 289

1278 434 1635 492 EXPOSITIO
1674 433 1739 490 IN
1776 433 2109 492 PSALMUM
2151 432 2311 489 LXV.

3289 435 3397 495 290

192 550 758 621 παραπικραίνοντες
770 550 850 619 μὴ
874 549 1277 618 ὐψούσθωσαν
1289 551 1359 603 ἐν
1372 548 1621 616 ἑαυτοῖς.
1642 549 1749 603 Καὶ

1853 548 1957 613 Qui
1976 557 2287 619 exasperant
2322 565 2423 603 non
2448 549 2747 605 excitentur
2774 552 2829 605 in
2856 550 3169 621 semetipsis.
3195 549 3396 623 Ecqui-

192 646 321 707 τίνες
346 642 411 696 ἂν
441 637 557 695 εἷεν
609 643 658 695 οἰ
694 640 1216 712 παραπικραίνοντες
1254 640 1452 711 ῆ”περί
1492 632 1566 692 ὧν
1596 640 1743 710 είρη-

190 750 273 785 ται
296 772 311 797 ,
347 731 444 786 Υἱὲ
464 730 803 798 ἀνθρώπου,
829 730 1143 797 πορεύθητι
1160 728 1307 799 πρὸς
1329 728 1436 783 τὸν
1458 725 1625 783 οἷκον
1643 728 1745 783 τόν

190 821 734 892 ,ταραπικραίνοντὰ
750 836 855 891 pe;
886 821 994 875 Kal
1015 820 1141 890 μὴν
1166 821 1609 888 παρεπίκραναν
1635 820 1743 873 αὐ-

195 914 287 969 τὸν
316 915 385 967 ἐν
404 911 481 981 τῇ
505 911 706 981 ἐρήμῳ
723 929 737 945 ο
771 912 863 965 καὶ
887 910 1046 965 πάλιν
1064 928 1078 940 ·
1117 910 1213 978 Μὴ
1240 911 1617 979 σκληρύνητε
1640 910 1741 976 τὰς

191 1004 426 1072 καρδίας
460 1002 635 1071 ὑμῶν
658 1003 739 1068 ὡς
764 1003 833 1056 ἐν
851 1000 931 1067 τῷ
975 999 1461 1070 παραπικρασμῷ.

258 1093 599 1162 Εὑλογεῖτε,
629 1096 795 1163 ἔθνη,
821 1094 927 1148 τὸν
955 1096 1121 1148 Θεόν.
1148 1095 1352 1157 Πάντες
1376 1093 1433 1146 δὲ
1455 1093 1595 1147 κατὰ
1624 1110 1745 1147 ταυ-

190 1184 272 1237 τὸν
299 1185 605 1256 γενόμενοι,
646 1183 843 1256 μᾶλλον
890 1184 1052 1238 αὐτὸν
1099 1185 1366 1237 ἐπαινεῖτε
1414 1183 1506 1237 καὶ
1533 1182 1743 1253 Θαυμά-

190 1276 325 1338 (ere.

258 1364 390 1438 [Τοῦ
422 1366 681 1434 θεμένου
706 1365 818 1434 τὴν
840 1365 1051 1435 ψυχήν
1064 1382 1181 1435 μου
1208 1366 1294 1430 είς
1316 1362 1482 1429 ζωήν.
1502 1364 1745 1435 Εὐφραν-

192 1455 418 1524 οήσομαι
464 1455 525 1509 δὲ
556 1458 616 1509 ὲν
653 1458 767 1519 τοῖς
813 1454 1071 1517 τοιούτοις
1124 1452 1462 1523 θαυμασίοις,
1522 1454 1616 1505 καὶ
1668 1450 1745 1521 τῷ

192 1544 351 1598 ταῦτα
387 1547 735 1617 πεποιηκότι,
769 1545 847 1611 ὃς,
880 1547 973 1599 ἅτε
1022 1546 1293 1615 Δεσπότης
1318 1544 1412 1597 καὶ
1441 1544 1617 1597 πάντα
1653 1545 1747 1611 ἐφ-

190 1634 344 1707 οῷιν,
376 1637 654 1708 διάκρισιν
682 1639 911 1690 ποιεῖται
931 1636 1038 1689 τῶν
1070 1636 1160 1688 ἐπὶ
1180 1634 1303 1705 γῆς,
1328 1634 1421 1687 καὶ
1450 1631 1740 1704 τιμωρίαις

190 1729 497 1801 περιϐάλλει
529 1730 655 1793 τοὺς
687 1728 955 1794 ἀναξίους.
1002 1726 1336 1798 Ὀφθαλμοὺς
1362 1727 1488 1791 τοὺς
1517 1724 1746 1779 ἀποστό-

191 1820 307 1884 λους
337 1819 539 1893 λέγει.]

260 1912 383 1965 Ὀτι
410 1911 781 1981 ἐδοκίμασας
807 1910 981 1982 ἡμᾶς,
1016 1912 1191 1976 Θεύς,
1230 1911 1544 1979 ἑπύρωσας
1574 1908 1749 1979 ἡμᾶς.
1786 1907 1826 1961 Β

192 2003 295 2068 Τὰς
320 2003 532 2073 θλίψεις
564 2004 663 2068 τὰς
692 2004 1059 2074 γενησομένας
1091 2002 1180 2056 διὰ
1219 2002 1281 2055 τὸ
1330 2002 1589 2072 κήρυγμα
1636 2003 1748 2064 τοῖς

192 2094 503 2157 ἀποστόλοις
533 2096 910 2164 προαναφωνεῖ
931 2094 993 2145 τὸ
1024 2091 1244 2161 Πνεῦμα
1276 2090 1335 2143 τὸ
1378 2091 1749 2162 προφητικόν·

192 2189 251 2239 ἐκ
297 2184 595 2257 προσώπου
630 2184 806 2240 αὐτῶν
866 2184 1160 2252 καταλέγον
1217 2183 1312 2237 καὶ
1340 2183 1440 2246 τὰς
1496 2182 1749 2251 παγίδας,

192 2278 303 2349 ήτοι
332 2278 401 2331 τὰ
434 2278 807 2349 δεσμωτήρια,
836 2276 959 2339 τούς
1015 2292 1073 2327 τε
1126 2274 1463 2346 πειρασμοὺς
1490 2275 1617 2337 τοὺς
1664 2273 1752 2326 διά

194 2367 354 2439 πυρὸς
377 2368 472 2422 καὶ
506 2367 699 2431 ὓδατος
729 2366 1142 2437 κατασημαίνει.

255 2457 689 2525 Ε’ίσενιεύσομαι
713 2458 799 2522 εἰς
827 2455 931 2510 τὸν
960 2450 1130 2510 οἶκόν
1157 2470 1274 2508 σου
1311 2454 1381 2507 ἐν
1420 2452 1751 2507 ὁλοκαυτώ-

188 2560 352 2615 μασι.
379 2544 485 2596 Τὸν
526 2544 843 2613 ἐπουράνιον
876 2543 1113 2614 δηλονότι
1137 2559 1152 2573 ’
1198 2542 1351 2604 ὅλους
1396 2540 1505 2612 γὰρ
1530 2540 1753 2604 ἑαυτοὺς

195 2633 457 2705 ἀνέθηκαν
499 2635 577 2705 τῷ
608 2634 725 2706 Θεῷ
753 2636 810 2688 ἐν
860 2635 1006 2701 τάξει
1040 2636 1523 2705 ὁλοκαυτωμάτων.
1572 2632 1754 2704 [Ὀλο-

197 2725 511 2799 καυτὼμασι
549 2726 605 2780 δὲ
636 2728 866 2798 νοητοῖς.
904 2726 1064 2783 Ἀλλὰ
1086 2727 1155 2782 τὰ
1198 2726 1295 2798 μὲν
1336 2724 1437 2789 σὰ,
1465 2724 1619 2796 φησὶ,
1655 2724 1753 2776 Δέ-

199 2831 382 2880 σποτα,
414 2815 671 2869 τοιαῦτω
704 2816 770 2869 τὰ
793 2816 850 2869 δὲ
877 2817 1141 2888 ἡμέτερα,
1176 2816 1239 2868 τὸ
1266 2811 1355 2868 οἷα
1382 2813 1642 2865 εἰσελθεῖν
1674 2812 1754 2875 εἰς

195 2905 280 2959 τὸν
312 2906 438 2959 ναόν
464 2905 562 2959 καὶ
586 2903 743 2957 θῦσαί
769 2921 850 2957 σοι
882 2905 1229 2975 χαριστήρια,
1268 2901 1328 2956 τὸ
1355 2902 1485 2956 αὐτὸ
1526 2901 1581 2955 δὲ
1610 2900 1755 2970 λέγει

196 2992 480 3047 διέστειλε
502 2991 595 3046 καὶ
622 2990 866 3063 ἐλάλησε.
893 2990 1061 3046 Τοῦτο
1083 2990 1139 3045 δὲ
1170 2990 1316 3060 λέγει
1340 2992 1436 3044 ὅσα
1461 2990 1755 3064 ηὑξάμην.]

209 3084 511 3140 ’Λποδὼσω
543 3098 641 3139 σοι
669 3084 774 3149 τὰς
801 3081 986 3153 εὐχάς
1007 3100 1147 3153 μου.
1185 3083 1247 3134 "A
1282 3081 1551 3153 ηὐξάμην,
1601 3084 1752 3154 φησὶ,

201 3175 508 3248 ολιὸόμενος
540 3175 803 3230 ἀποδώσω
832 3191 935 3228 σοι.
969 3173 1230 3244 Ηύξάμην
1270 3174 1346 3239 δὲ,
1380 3174 1454 3238 ὡς
1502 3174 1601 3246 τῆς
1640 3176 1754 3230 ολι-

198 3266 335 3335 ψεως
364 3269 464 3337 τῆς
496 3267 772 3339 παρούσης
797 3264 1013 3336 ρυσθεὶς
1038 3264 1325 3327 διαπαντὸς
1345 3264 1648 3334 ἀναπέμψω
1674 3282 1755 3319 σοι

200 3356 290 3419 τὰς
320 3357 575 3419 αἱνέσεις.

275 3444 763 3514 Ὀλοκαυτώματα
797 3444 1229 3513 μεμυαλωμένα
1253 3442 1479 3497 ἀνοίσω
1511 3460 1630 3499 σοι.
1673 3446 1756 3499 Ὀ-

202 3537 336 3591 πόσα
363 3553 446 3589 σοι
463 3534 791 3607 προσφέρειν
818 3533 1172 3607 προσέταξας,
1197 3532 1426 3605 ἱερεύσω
1444 3533 1755 3607 προθύμως.

202 3623 640 3695 Μεμυαλωμένα
677 3624 733 3678 δὲ
758 3623 994 3695 κέκληκε
1038 3622 1107 3677 τὰ
1139 3623 1386 3694 εὐτραφῆ
1439 3625 1533 3677 καὶ¹
1565 3625 1754 3679 πίονα·

201 3714 335 3769 οὕτω
369 3715 479 3787 γὰρ
506 3716 601 3769 καὶ
626 3716 655 3769 δ
683 3716 846 3786 νόμος
875 3716 1202 3785 προσφέρειν
1228 3713 1512 3769 ἐκέλευσεν
1553 3716 1758 3786 άμωμά

201 3822 256 3859 τε
282 3809 381 3861 -καί
408 3789 593 3881 άρτια.
656 3807 955 3877 Ἐπαρᾶται
984 3805 1040 3858 δὲ
1079 3805 1171 3860 καὶ
1199 3806 1227 3859 ό
1257 3805 1538 3876 προφήτης
1569 3805 1757 3859 Μαλα-

202 3898 316 3968 χίας
342 3904 455 3964 τοῖς
485 3903 555 3954 τὰ
584 3898 803 3952 τοιαῦτα
835 3899 932 3969 μὲν
959 3897 1195 3969 ἔχουσιν,
1222 3898 1479 3970 ἀνάπηρα
1500 3896 1557 3952 δὲ
1587 3914 1757 3970 προσ-

203 3991 469 4062 φέρουσιν.
494 3990 641 4063 Αὕτη
684 3990 741 4045 δὲ
780 3992 873 4045 καί⁸
922 3990 1001 4061 τῷ
1025 3991 1161 4045 Κάῖν
1183 3990 1397 4059 ἐγένετο
1436 3991 1541 4045 τῶν
1570 3989 1756 4045 κακῶν

201 4080 415 4136 ἐκείνων
440 4084 475 4152 ή
497 4083 660 4154 ἀρχή.
678 4081 1045 4152 Διδασκόμεοα
1063 4082 1118 4136 δὲ
1145 4082 1238 4136 καὶ
1255 4084 1414 4153 ήμεῖς
1436 4085 1547 4145 τοῖς
1562 4099 1755 4153 τιμιω-

201 4168 370 4240 τέροις
394 4163 472 4225 ὧν
514 4170 706 4242 ἔχομεν
743 4171 804 4225 τὸ
853 4171 993 4224 θεῖον
1045 4172 1337 4243 γεραίρειν.
1390 4172 1629 4225 Ἀνοίσω
1658 4186 1755 4225 σοι

197 4258 344 4326 ,βόας
358 4259 512 4330 μετὰ
533 4259 811 4329 χιμάρων.
839 4260 1186 4331 Πνευματικά
1205 4260 1262 4315 δὲ
1284 4260 1475 4326 πάντα,
1502 4257 1575 4324 ὥς
1599 4258 1753 4331 ἔφην,

204 4350 291 4403 καὶ
315 4351 383 4405 τὰ
417 4350 841 4423 ὁλοκαυτώματα
860 4353 952 4405 καὶ
980 4353 1028 4405 οἰ
1058 4351 1179 4424 βόες
1203 4354 1297 4407 καὶ
1318 4354 1366 4406 οἰ
1398 4352 1641 4424 χίμαροι,
1663 4351 1757 4417 οὓς

204 4446 494 4502 ἀποδώσειν
520 4445 931 4515 ἐπαγγέλλεται.

264 4538 459 4602 Δεῦτε,
500 4537 597 4590 καί
627 4537 942 4601 ἀκούσατε,
977 4535 1074 4589 καί
1099 4535 1472 4606 διηγήσομαι.
1502 4536 1611 4589 Kal
1635 4535 1754 4588 τίνα

203 4626 355 4701 ἔτερα
381 4627 706 4700 διηγεῖταιή
735 4627 772 4682 ἃ
805 4627 1015 4698 φθάσας
1040 4627 1359 4699 ἐξηγήσατο,
1381 4627 1462 4692 τὸ,
1495 4627 1577 4680 ὅτι
1611 4625 1755 4681 Ἐδο-

203 4716 458 4786 κίμασας
492 4715 668 4786 ἡμᾶς,
697 4718 793 4771 καὶ
828 4717 897 4771 τὰ
920 4716 1120 4785 λοιπάς

279 4808 535 4863 Ἀδικίαν
568 4810 621 4863 εἰ
647 4806 937 4877 ἐθεώρουν
974 4808 1043 4862 ἐν
1090 4807 1301 4877 καρδίᾳ
1337 4826 1455 4878 μου
1480 4849 1493 4870 ,
1521 4807 1607 4877 μὴ
1632 4810 1755 4863 εἰσ-

204 4902 513 4957 ακουσάτω
532 4919 651 4972 μου
676 4902 907 4971 Κύριος.
940 4901 1123 4971 ᾚδειν
1151 4900 1227 4967 δὲ,
1252 4900 1330 4953 ὃτι
1361 4900 1459 4953 οὐκ
1487 4899 1573 4965 ἂν,
1621 4899 1751 4973 ἐμοῦ

206 4994 327 5065 ἰτερί⁵
350 4993 564 5048 ἀδικίαν
595 4992 825 5063 ἔχοντος,
852 4990 1078 5045 ἀκοῦσαί
1110 5007 1211 5063 μου
1244 4992 1343 5062 τῆς
1373 4992 1680 5064 προσευχῆς
1725 4993 1754 5047 ό

208 5082 329 5149 Θεὸς
353 5086 615 5155 ἀνέχοιτο.
650 5084 906 5148 Ἀκύλας·
943 5082 1260 5153 Ἆνωφελὲς
1292 5081 1432 5137 ίδὼν
1456 5083 1755 5153 ἐνκαρδίᾳ

206 5193 335 5243 μου,
363 5177 475 5233 οὐκ
508 5178 922 5231 εἰσακούσεται
949 5176 1183 5245 Κύριος.
1205 5173 1461 5229 Βούλεται
1482 5173 1538 5226 δὲ
1561 5176 1751 5239 εἰπεῖν,

210 5268 303 5333 ὅτι,
329 5269 428 5335 τὰς
470 5271 712 5341 αἰτήσεις
744 5269 821 5340 τῷ
849 5268 967 5339 Θεῷ
1015 5266 1326 5339 προσάγων,
1379 5266 1754 5337 ἐπεμελούμην

210 5357 295 5412 τοῦ
322 5360 643 5433 πρέποντος,
678 5359 833 5423 εἰδὼς
855 5401 870 5426 ,
896 5357 971 5423 ὡς
1006 5357 1155 5412 οὐδέν
1213 5374 1303 5427 μοι
1359 5356 1459 5425 τῆς
1492 5357 1755 5425 αἰτήσεως

210 5446 406 5517 δφελος,
443 5451 518 5523 μὴ
544 5449 782 5505 ποιοῦντι
809 5449 877 5503 τά
909 5449 1111 5503 δέοντα.
1147 5448 1257 5502 Καὶ
1288 5448 1470 5519 ἕτερόν
1517 5464 1569 5499 τι
1620 5444 1752 5501 καύ-

1782 4579 1829 4638 D

1852 652 1975 691 nam
2011 635 2210 692 fuerint
2251 638 2288 691 ii
2316 639 2408 707 qui
2434 649 2789 710 exasperant,
2834 641 2941 697 nisi
2980 641 3048 697 de
3074 641 3275 712 quibus
3309 643 3396 699 di-

1850 728 2025 783 citur:
2062 727 2171 783 Fili
2193 730 2447 793 hominis,
2484 730 2611 783 uade
2642 731 2710 786 ad
2756 732 2969 785 domum
3004 746 3397 803 exasperantem

1849 836 1928 875 me
1959 821 2041 876 “‘i
2081 821 2149 876 Et
2183 822 2315 877 illud
2344 840 2359 877 :
2392 820 2461 876 Et
2496 824 2934 877 exacerbaverunt
2971 841 3087 880 eum
3129 828 3183 880 in
3226 827 3397 882 deser.

1850 924 1902 967 to
1936 915 1979 945 ¹⁷
2015 932 2029 968 :
2076 924 2131 969 et
2170 930 2385 970 rursum
2430 934 2442 969 :
2504 913 2685 969 Nolite
2721 915 2981 970 obdurare
3034 920 3194 973 corda
3224 928 3395 974 vestra

1848 1007 1984 1060 sicut
2020 1008 2074 1059 in
2103 1006 2500 1061 exacerbatione
2534 1008 2597 1064 “'.

1916 1097 1970 1151 8.
2008 1096 2323 1165 Benedicite,
2373 1108 2567 1169 gentes,
2595 1099 2758 1153 Deum
2790 1112 3044 1156 nostrum.
3093 1101 3295 1161 Omnes
3342 1103 3399 1160 in

1848 1203 2017 1244 unum
2041 1190 2212 1245 coacti
2242 1190 2417 1260 ipsum
2442 1191 2654 1246 laudate
2681 1206 2744 1246 ac
2770 1193 3052 1262 suspicite.

1922 1341 1996 1414 [9.
2018 1343 2119 1408 Qui
2139 1344 2311 1411 posuit
2326 1344 2555 1397 animam
2576 1361 2739 1397 meam
2764 1346 2831 1397 ad
2847 1346 3027 1399 vitam.
3056 1345 3309 1403 Gaudebo
3334 1347 3401 1404 de

1853 1430 2164 1502 bujnsmodi
2206 1432 2566 1499 mirabilibus,
2594 1432 2768 1503 deque
2806 1448 2994 1487 eorum
3024 1434 3254 1504 opiﬁce;
3283 1436 3401 1507 qui,

1852 1531 2034 1594 utpote
2062 1524 2323 1580 Dominus
2371 1525 2723 1596 omniumque
2753 1525 3048 1597 inspector,
3078 1527 3146 1583 de
3174 1530 3404 1585 terrenis

1851 1618 2108 1675 discernit
2136 1627 2190 1674 et
2214 1618 2441 1688 iudicat,
2472 1618 2829 1690 indignosque
2856 1620 3108 1675 homines
3129 1621 3405 1692 suppliciis

1852 1711 2224 1767 circumvenit.
2249 1709 2448 1767 Oculos
2473 1725 2629 1767 vocat
2650 1711 2973 1785 apostolos.]

1928 1866 2012 1921 10.
2048 1866 2306 1933 Quoniam
2330 1868 2564 1937 probasti
2585 1883 2700 1933 nos,
2741 1867 2902 1935 Deus,
2937 1870 3053 1940 igne
3086 1887 3178 1925 nos
3206 1871 3407 1928 exami-

1853 1960 2028 2023 nasti,
2076 1968 2181 2013 etc.
2243 1957 2538 2014 Erumnas
2573 1958 2834 2028 apostolis
2868 1959 2938 2013 ob
2971 1960 3403 2029 prmdicationcm

1851 2050 2062 2105 futuras
2088 2050 2416 2121 praenuntiat
2451 2051 2687 2121 Spiritus
2725 2052 3117 2121 propheticus:
3154 2065 3314 2124 atque
3338 2068 3405 2109 ex

1850 2156 2081 2212 persona
2120 2156 2310 2196 eorum
2360 2152 2602 2197 recenset
2648 2142 2907 2213 laqueos.
2964 2144 3080 2199 sive
3123 2160 3403 2213 carceres;

1851 2235 2283 2306 tentationesque
2322 2250 2418 2306 per
2453 2235 2630 2307 ignem
2663 2243 2717 2290 et
2749 2250 2943 2306 aquam
2976 2236 3243 2307 signiﬁcat
3270 2238 3404 2310 (50).

1922 2404 2009 2458 15.
2040 2402 2279 2458 Introibo
2312 2405 2367 2457 in
2404 2405 2618 2458 domum
2658 2414 2801 2459 luam
2830 2407 2885 2459 in
2912 2407 3253 2463 holocaustis.
3285 2409 3406 2465 Cm-

1850 2494 2038 2549 lestem
2062 2494 2351 2549 videlicet:
2384 2510 2507 2548 nam
2536 2509 2595 2550 se
2628 2503 2773 2550 totos
2806 2494 2915 2551 Deo
2954 2511 3051 2552 ceu
3088 2496 3407 2554 holocausta

1852 2586 2183 2642 obtulerunt.
2234 2584 2597 2658 [l‘lolocaustis
2627 2586 2833 2643 scilicet
2858 2586 3253 2657 spiritualibus.
3302 2586 3406 2644 Sed

1852 2690 1973 2745 qua:
2000 2683 2089 2729 tua
2124 2684 2290 2740 sunt,
2324 2674 2584 2739 Domine,
2624 2675 2939 2744 hujusmodi
2971 2694 2984 2731 :
3020 2686 3205 2733 nostra
3227 2687 3406 2732 autem

1853 2766 2076 2831 isthace,
2130 2764 2339 2835 ingredi
2391 2765 2446 2819 in
2493 2766 2751 2835 templum
2799 2766 3007 2836 tibique
3038 2767 3319 2823 immolare
3349 2768 3406 2823 in

1853 2858 2143 2928 gratiarum
2174 2856 2470 2924 actionem,
2511 2856 2746 2927 idipsum
2786 2864 2963 2913 autem
3002 2858 3269 2929 signiﬁcat
3293 2860 3409 2913 dis-

1856 2952 2121 3005 tinxerunt
2152 2948 2318 3020 (labia
2360 2948 2496 3020 mea)
2537 2957 2700 3020 atque
2742 2949 2919 3004 locuta
2966 2958 3111 3005 sunt.
3139 2948 3282 3015 “me,
3323 2950 3409 3005 in-

1854 3042 1991 3112 quit,
2017 3050 2269 3111 precatus
2301 3041 2468 3112 sum]
2490 3040 2723 3095 Reddam
2746 3042 2840 3095 tibi
2869 3050 2987 3096 tota
3013 3058 3146 3096 mea.
3171 3040 3410 3098 Reddam

1855 3133 1973 3197 tibi,
2016 3132 2212 3202 inquit,
2250 3146 2314 3185 ea
2344 3147 2465 3201 qua:
2495 3132 2613 3185 vovi
2642 3131 2770 3186 dum
2809 3131 2863 3186 in
2895 3133 3199 3187 calamitate
3220 3147 3411 3188 versa-

1780 3243 1822 3300 c
1855 3238 1963 3278 rer.
1995 3222 2131 3279 Vovi
2154 3234 2334 3279 autem
2361 3240 2447 3279 me
2467 3266 2482 3291 ,
2512 3240 2636 3280 eum
2672 3224 3026 3295 praesentibus
3063 3224 3320 3280 aerumnis
3342 3223 3410 3279 li-

1853 3315 2074 3371 beratus
2103 3331 2218 3383 ero,
2246 3316 2435 3373 laudes
2463 3332 2674 3387 semper
2698 3315 3031 3372 redditurum
3069 3316 3190 3373 tibi.

1924 3409 2013 3464 15.
2048 3408 2376 3463 Holocausta
2408 3409 2697 3463 medullula
2726 3409 2945 3477 offeram
2977 3410 3093 3462 tibi.
3154 3406 3288 3473 ρυω
3325 3405 3411 3462 oi-

1854 3500 1982 3556 ferri
2005 3500 2103 3555 tibi
2127 3500 2339 3570 jussisti
2370 3498 2961 3555 alacriterimmclabo.
2992 3496 3290 3552 Hedultata
3317 3510 3384 3552 au

1852 3604 1959 3650 tem
1986 3638 2001 3662 ,
2053 3608 2238 3649 crassa
2275 3604 2331 3649 et
2362 3594 2582 3664 pinguia
2621 3603 2812 3659 vocat;
2856 3592 2929 3646 ita
2962 3590 3107 3646 enim
3138 3589 3221 3644 lex
3246 3588 3411 3659 jussit

1854 3685 2035 3742 oﬂerri
2069 3684 2416 3739 immaculata
2459 3692 2513 3737 et
2548 3682 2807 3753 perfecta.
2857 3680 3186 3736 Exsecratur
3226 3688 3409 3735 autem

1853 3776 2145 3832 Malachias
2188 3775 2447 3845 propheta
2475 3788 2568 3829 eos
2598 3774 2691 3843 qui
2724 3788 2847 3829 cum
2872 3772 2999 3827 talia
3026 3785 3192 3842 penes
3226 3784 3286 3826 se
3313 3769 3404 3825 ba-

1852 3867 2034 3932 beant,
2080 3865 2268 3921 mutila
2301 3863 2625 3919 otl‘erunt".
2667 3862 2781 3919 Hoc
2832 3862 3010 3933 ipsum
3061 3860 3190 3917 olim
3235 3859 3407 3915 Caine

1854 3956 2243 4015 fuitmalorum
2280 3956 2584 4012 exordium.
2648 3953 2759 4011 Nos
2802 3963 2984 4010 autem
3023 3953 3315 4009 edocemur
3342 3965 3409 4007 ea

1852 4066 1973 4122 qum
2001 4050 2322 4121 pretiosiora
2357 4058 2485 4104 sunt
2519 4047 2732 4102 numini
2777 4045 2991 4101 oh‘crre.
3044 4042 3275 4113 Olferam
3310 4040 3409 4098 tibi

1855 4143 2001 4196 boves
2037 4156 2154 4194 cum
2196 4139 2377 4194 hircis.
2434 4136 2748 4209 Spiritualia
2773 4138 2957 4192 omnia
2991 4142 3152 4199 sunt,
3213 4140 3270 4187 ut
3292 4132 3406 4202 jam

1852 4234 1986 4299 dixi,
2016 4233 2330 4289 holocausta
2350 4274 2365 4302 ,
2402 4232 2602 4302 boves,
2634 4230 2814 4299 hirci,
2843 4243 2981 4302 quos
3009 4226 3316 4282 oblaturum
3348 4236 3411 4281 se

1852 4324 2159 4396 pollicetur.

1925 4527 2012 4585 16.
2054 4524 2253 4588 Venite,
2283 4533 2331 4577 et
2363 4520 2561 4588 audite,
2587 4526 2637 4573 et
2660 4516 2904 4572 narrabo.
2937 4515 3121 4588 Ecqua
3151 4516 3258 4573 alia
3284 4530 3411 4574 nar-

1857 4629 2076 4675 raturus
2106 4624 2211 4680 est,
2241 4614 2348 4668 nisi
2381 4629 2444 4669 ea
2466 4628 2587 4683 qua:
2612 4610 2866 4679 superius
2896 4608 3205 4674 enarravit,
3243 4607 3408 4664 nimi-

1858 4726 1977 4766 rum
2008 4727 2020 4762 :
2056 4706 2304 4761 Probasti
2336 4719 2450 4767 nos,
2485 4701 2648 4765 Deus,
2675 4700 2821 4756 etc.?

1931 4799 2017 4855 18.
2054 4797 2080 4852 1
2088 4798 2391 4869 niquitatem
2414 4794 2460 4847 si
2487 4796 2667 4863 aspexi
2699 4792 2756 4846 in
2780 4790 2935 4846 corde
2963 4805 3096 4853 meo,
3119 4804 3223 4843 non
3248 4802 3404 4844 exan-

1858 4896 1969 4949 diat
1998 4908 2077 4947 me
2109 4891 2384 4945 Dominus.
2416 4886 2665 4942 Sciebam
2690 4883 2964 4954 equidem,
2996 4879 3042 4937 si
3076 4895 3176 4952 ego
3207 4880 3409 4950 iniqui-

1857 4986 1952 5042 tati
1986 4985 2217 5039 hzereain
2241 5022 2259 5051 ,
2299 4995 2410 5036 non
2437 4976 2836 5036 cxandiendam
2862 4990 2893 5031 a
2923 4973 3034 5029 Deo
3072 4972 3188 5029 fore
3217 4972 3408 5043 depre-

1855 5079 2127 5136 cationem
2167 5090 2365 5131 meam.
2426 5071 2620 5143 Aquila
2650 5088 2667 5128 :
2696 5069 2897 5125 Inutile
2937 5066 3112 5122 uidens
3156 5067 3213 5119 in
3255 5063 3407 5119 corde

1856 5186 1987 5234 meo,
2022 5184 2125 5222 non
2151 5166 2394 5223 exaudiet
2426 5162 2705 5222 Dominus.
2744 5159 2858 5215 Hoc
2894 5166 3074 5214 autem
3109 5156 3211 5212 sibi
3243 5154 3403 5211 vult:

1853 5259 2144 5333 petitiones
2169 5256 2281 5312 Deo
2308 5254 2542 5311 offerens
2564 5295 2581 5319 ,
2614 5260 2674 5308 ut
2695 5251 2762 5307 de
2783 5248 2955 5321 probo
2984 5262 3047 5304 ac
3079 5246 3278 5303 decoro
3302 5260 3401 5301 cu-

1851 5367 1967 5409 rem
2004 5364 2225 5406 necesse
2270 5356 2376 5413 est,
2433 5359 2635 5418 gnarus
2684 5341 2819 5398 nihil
2858 5339 2994 5397 mihi
3036 5338 3289 5397 utilitatis
3336 5352 3405 5393 cr.

1854 5441 2113 5516 petitione
2142 5440 2525 5506 obventurum,
2555 5434 2659 5492 nisi
2684 5449 2806 5507 qua:
2835 5432 3027 5489 decent
3070 5444 3246 5503 agam.
3277 5425 3407 5485 Glo-

275 5646 317 5679 “
352 5646 552 5706 Ezecb.
582 5664 730 5717 sur,
756 5647 809 5704 6.
889 5650 931 5680 "
956 5646 1099 5704 Psal.
1140 5662 1343 5711 uxvu,
1373 5645 1460 5700 10.
1533 5644 1575 5677 ’⁸
1600 5642 1745 5701 Psal.
1771 5658 1915 5712 xcw,
1951 5643 2006 5702 8.
2078 5645 2120 5678 "
2150 5641 2380 5700 Halach.
2409 5658 2447 5709 ι,
2471 5640 2525 5694 7.

276 5807 381 5881 (39)
408 5808 509 5870 Hic
539 5812 648 5869 alia
686 5805 1155 5870 babct'Corderius
1177 5826 1297 5881 qua!
1318 5819 1443 5867 sunt
1460 5809 1747 5867 Theodori.
