4108 6484
720 417 822 475 29!

1577 415 1633 469 S.
1672 409 2039 468 ATHANASII
2079 409 2226 467 OPP.
2266 408 2443 465 PARS
2480 409 2654 465 111.-
2692 408 3098 467 EXECETICA.

3837 409 3939 464 292

721 543 900 599 riatur
921 540 1322 612 quodammodo
1368 536 1509 608 apud
1538 535 1744 599 Deum,
1784 535 1928 606 quod
1969 545 2120 589 extra
2170 532 2264 588 ini-

2372 549 2526 604 χημα
2547 531 2842 604 προσφέρει
2865 531 2941 602 τῷ
2965 531 3084 602 est},
3113 529 3174 584 τὸ
3200 529 3303 596 ἔξω
3337 529 3517 602 πάσης
3541 527 3757 593 ἀδικίας
3787 528 3938 598 γενέ-

723 633 984 701 quitatem
1029 644 1245 685 omnem
1293 636 1573 692 versetur,
1632 627 1990 696 quamobrem
2036 640 2092 680 se
2121 639 2281 681 exau-

723 721 982 777 diendum
1012 719 1128 775 fore
1159 718 1404 774 conﬁdit.

862 814 913 868 Ι.
943 811 1024 868 ’1η
1063 813 1241 882 finem,
1286 808 1628 865 PSALMUS
1672 811 1727 864 in
1762 810 1992 877 hymnis,
2040 808 2140 876 ipsi

1275 901 1468 956 David.
1511 900 1605 954 LX
1623 900 1719 955 Vl.

1309 994 1708 1065 Argumentum.

723 1091 961 1147 Rursum
999 1090 1092 1147 hic
1135 1090 1507 1160 apostolorum
1556 1101 1845 1158 personam
1900 1086 2126 1150 inducit,
2185 1085 2279 1156 qui

791 1183 1035 1238 doctrina
1064 1190 1250 1252 gentes
1307 1180 1588 1241 imbuuut,
1627 1188 1678 1232 et
1712 1187 1903 1246 rogant
1954 1177 2169 1231 liberari
2213 1178 2280 1231 ab

791 1276 862 1332 iis
892 1277 984 1347 qui
1015 1274 1275 1330 doctrinae
1302 1289 1414 1330 sum
1440 1272 1840 1327 contradicunt.
1890 1270 2012 1343 [llic
2038 1271 2280 1340 psalmus

790 1368 1112 1439 praecedenti
1142 1376 1538 1422 consentaneus
1565 1375 1646 1419 est
1688 1383 1701 1418 :
1755 1365 1966 1434 proprie
1996 1363 2138 1416 enim
2171 1363 2280 1431 agit

788 1457 854 1509 de
889 1454 1261 1510 benedictione
1288 1468 1592 1520 sacrorum,
1646 1461 1807 1522 atque
1853 1462 1960 1506 tota
1991 1467 2127 1522 pene
2156 1467 2280 1504 ora-

787 1546 864 1600 tio
891 1545 943 1598 in
969 1545 1108 1599 libro
1141 1541 1393 1600 iudicum
1423 1543 1588 1614 jacet.
1631 1545 1708 1597 Ac
1735 1544 1780 1598 si
1823 1543 1984 1610 igitur
2033 1541 2274 1596 futurum

786 1640 863 1695 sit
885 1648 945 1692 ut
967 1638 1071 1693 hoc
1096 1637 1329 1701 eveniat,
1364 1647 1650 1708 postquam
1688 1636 1919 1689 reditum
1950 1635 2277 1689 vaticinatus

787 1742 901 1797 est,
941 1729 1197 1800 prmdicat
1239 1730 1479 1785 divinam
1517 1729 1948 1784 incarnationem
1995 1738 2049 1783 et
2075 1729 2278 1782 adven-

787 1831 927 1887 tum,
956 1831 1116 1890 atque
1141 1820 1377 1876 futuram
1420 1820 1658 1892 gentium
1689 1821 1942 1874 salutem.
1980 1819 2276 1889 inscriptus

789 1922 971 1968 autem
998 1921 1100 1978 est,
1133 1909 1199 1966 In
1230 1911 1458 1980 hymnis,
1494 1911 1622 1980 quia
1649 1911 1740 1966 Dei
1776 1921 1856 1967 est
1887 1911 2100 1982 hymnis
2135 1911 2273 1964 cele-

789 2005 958 2070 brari,
998 2004 1279 2059 hominum
1315 2013 1494 2057 autem
1525 2012 1610 2058 est
1637 2003 1888 2057 laudibus
1913 2001 2146 2072 ornari.]

789 2183 844 2239 2.
884 2181 1021 2236 Deut
1058 2185 1361 2237 misereatur
1387 2183 1552 2235 nostri
1593 2190 1642 2234 et
1679 2179 1944 2234 benedicat
1976 2177 2143 2241 nobis,
2165 2185 2270 2230 etc.

717 2275 914 2339 Tuam,
949 2275 1147 2343 inquit,
1173 2272 1581 2328 miserationem
1613 2272 1986 2332 obsecramus.
2026 2269 2268 2331 Domine,

716 2378 1082 2435 r0gamusque
1123 2370 1184 2416 ut
1223 2361 1484 2416 exhibeas
1531 2363 1738 2415 vultum
1789 2369 1940 2415 tuum
1973 2360 2163 2421 nobis,
2214 2367 2272 2411 ut

715 2455 860 2510 viam
891 2452 1064 2507 sancti
1093 2450 1369 2520 Evangelii
1400 2451 1475 2505 tui
1510 2454 1761 2522 gentibus
1793 2450 2047 2504 omnibus
2084 2449 2273 2522 praedi-

717 2560 841 2601 care
880 2543 1173 2614 possimus.
1237 2539 1485 2595 Salutare
1521 2520 1714 2605 enim,
1771 2540 1943 2609 ipsius
1981 2520 2269 2592 adventum

715 2637 917 2705 ubique
944 2633 1229 2704 signiﬁcat.

784 2726 839 2779 4.
871 2725 1233 2794 Conﬁteautur
1265 2723 1358 2777 tibi
1385 2721 1583 2792 populi,
1622 2718 1777 2774 Deus.
1825 2717 2073 2774 Praedicit
2113 2719 2270 2776 Chri-

713 2817 785 2872 sti
818 2815 1212 2872 confessionem
1239 2815 1305 2870 ab
1334 2814 1588 2869 omnibus
1621 2813 1871 2882 gentibus
1915 2811 2266 2866 emittendam

713 2909 851 2965 fore.
881 2908 1144 2964 Lwtentur
1175 2918 1223 2962 et
1247 2907 1505 2962 exsultent
1535 2913 1726 2974 gentes.
1762 2903 1896 2956 Cum
1922 2904 2269 2972 propheticus

715 3001 952 3072 Spiritus
977 3002 1042 3056 de
1068 3001 1240 3055 salute
1266 2999 1415 3054 orbis
1448 3011 1792 3066 summopere
1817 2995 2130 3062 delectetur,
2161 2999 2269 3069 ple-

712 3108 944 3162 rumque
972 3092 1158 3147 eadem
1192 3093 1304 3160 ipsa
1338 3091 1548 3160 repetit,
1573 3105 1640 3144 ex
1667 3088 1934 3157 frequenti
1954 3091 2268 3146 narratione

712 3186 911 3258 gaudio
938 3183 1183 3240 aﬂ'ectus.

785 3277 836 3333 6.
871 3277 1231 3346 Con/iteantur
1256 3275 1357 3328 tibi
1374 3273 1572 3343 populi,
1603 3272 1762 3338 Deus,
1793 3272 2143 3341 conﬁteantur
2170 3274 2265 3327 tibi

709 3371 891 3446 populi
921 3386 1095 3426 omnes
1121 3370 1254 3438 (51).
1304 3366 1422 3421 Νοη
1467 3368 1584 3422 sine
1614 3381 1778 3420 causa
1817 3365 2043 3435 repetit,
2091 3366 2184 3420 sed
2209 3376 2267 3420 ut

2388 623 2537 677 σθαι·
2572 622 2651 675 διὸ
2675 623 2768 676 καὶ
2793 621 3168 676 είσακούεσθαι
3195 621 3409 694 θαρρεῖ.

2380 808 2485 873 Εἰς
2510 804 2578 859 τὸ
2602 804 2794 871 τέλος,
2823 804 2892 858 ἐν
2916 804 3124 875 ὕμνοις
3143 802 3463 867 ΨΑΛΜΟΣ,
3481 800 3561 868 τῷ
3583 800 3784 856 Δαυΐό.
3804 799 3940 868 EG".

3003 935 3017 955 '
3029 935 3334 1002 Υπόθεσις.

2380 1072 2546 1127 Πάλιν
2572 1070 2846 1125 κάνταῦθα
2865 1069 2973 1124 τῶν
2998 1072 3308 1126 ἀποστόλων
3335 1070 3396 1124 τὸ
3421 1070 3713 1141 πρόσωπον
3735 1068 3944 1138 είσάγε-

2448 1166 2536 1217 ται
2558 1204 2571 1224 ,
2602 1162 2943 1216 διδασκαλίαν
2976 1161 3294 1233 ποιούμενον
3343 1161 3450 1214 τῶν
3496 1161 3665 1214 ἐθνῶν
3689 1200 3704 1224 ,
3742 1160 3943 1232 ῥυσθῆ-

2450 1255 2540 1308 ναί
2597 1271 2656 1306 τε
2709 1254 2997 1325 εὐχόμενον
3024 1254 3132 1306 τῶν
3164 1252 3550 1320 ἀντιλεγόντων
3594 1255 3660 1322 τῇ
3692 1251 3944 1304 διδασκα-

2445 1346 2535 1419 λίᾳ
2568 1347 2763 1400 αὐτῶν.
2811 1345 2830 1418 [
2865 1345 3180 1410 ’Λκόλουθος
3205 1345 3298 1398 καὶ
3325 1340 3477 1408 οὗτος
3502 1343 3577 1413 τῷ
3607 1344 3715 1414 πρὸ
3748 1343 3940 1395 αὐτοῦ·

2449 1440 2642 1509 ἰδίωμα
2668 1439 2776 1512 γὰρ
2802 1439 2914 1509 ἔχει
2934 1438 3033 1510 τῆς
3054 1439 3160 1492 τῶν
3186 1439 3343 1509 ἱερῶν
3364 1436 3631 1505 εὐλογίας,
3655 1436 3751 1488 καὶ
3774 1438 3942 1489 κεῖται

2448 1535 2504 1587 ἐν
2542 1535 2652 1597 τοῖς
2681 1535 2910 1605 Κριταῖς
2937 1532 2968 1602 ὴ
2995 1531 3127 1603 εὐχὴ
3161 1532 3307 1584 πᾶσα
3333 1529 3535 1600 σχεδόν.
3582 1530 3670 1591 Ὠς
3697 1524 3792 1582 οὖν
3825 1528 3944 1598 μέλ-

2445 1624 2626 1688 λοντος
2674 1626 2767 1678 καὶ
2819 1623 3009 1677 τούτου
3053 1621 3336 1691 γίνεσθαι,
3392 1620 3528 1691 μετὰ
3555 1621 3654 1690 τὴν
3687 1619 3944 1672 ἐπάνοδον

2452 1715 2861 1788 προεφητεύθη,
2905 1714 3164 1786 κηρύττει
3206 1713 3262 1767 δὲ
3302 1712 3397 1765 καί
3424 1712 3521 1784 τὴν
3549 1710 3697 1763 θείαν
3733 1709 3941 1779 ἀνθρώ-

2444 1822 2608 1875 πησιν
2644 1807 2736 1858 καὶ
2780 1805 3113 1872 ἐπιφάνειαν,
3152 1804 3246 1857 καὶ
3288 1805 3384 1873 τὴν
3428 1803 3535 1854 τῶν
3568 1800 3739 1854 ἐθνῶν
3776 1816 3942 1868 σωτη-

2452 1901 2590 1971 ρίαν.
2637 1900 2732 1953 Ἐν
2758 1899 2966 1968 ὕμνοις
2991 1898 3047 1952 δὲ
3072 1897 3472 1968 ἐπιγέγραπται
3497 1936 3511 1959 ,
3562 1895 3684 1947 ἐπεὶ
3717 1893 3854 1946 Θεοῦ
3886 1894 3942 1945 τὸ

2447 1991 2728 2062 ὑμνεῖσθαι
2747 2033 2762 2056 ,
2805 1989 3107 2063 ἀνθρώπων
3132 1990 3189 2044 δὲ
3221 1989 3282 2042 τὸ
3308 1989 3373 2042 δι’
3400 1988 3634 2042 ἐπαίνων
3668 1987 3942 2056 ἐγκωμιά-

2305 2074 2349 2131 Β
2445 2082 2691 2154 {action}

2459 2173 2513 2222 Ὀ
2586 2172 2728 2238 Θεὸς
2799 2172 3158 2243 οἰκτειρήσω
3215 2172 3372 2242 ⁴ὴμοῑς
3441 2171 3538 2226 καί
3616 2170 3940 2241 εὐλογῆσαι

2376 2263 2552 2333 ἡμᾶς.
2585 2265 2704 2316 Τῶν
2739 2263 2845 2317 σῶν
2870 2265 3164 2335 οἰκτιρμῶν
3190 2263 3418 2334 δεόμεθα
3437 2303 3451 2326 ,
3483 2265 3613 2333 φησὶ
3633 2303 3648 2326 ,
3675 2263 3937 2323 Δέσποτα,

2377 2357 2467 2410 καὶ
2495 2355 2594 2426 τῆς
2625 2356 2939 2424 ἐπιφανείας
2962 2355 3054 2408 τοῦ
3093 2353 3387 2427 προσώπου
3420 2371 3534 2418 σου,
3603 2356 3740 2426 πρὸς
3767 2355 3828 2408 τὸ
3854 2355 3939 2407 δῦ-

2375 2446 2567 2500 νασθαι
2612 2446 2846 2518 φανερὰν
2886 2447 2987 2518 τὴν
3022 2446 3140 2501 ὁδὸν
3169 2445 3261 2500 τοῦ
3288 2446 3442 2514 ἁγίου
3474 2463 3565 2500 σου
3612 2447 3939 2517 Εὐαγγελίου

2377 2539 2510 2590 πᾶσι
2541 2540 2651 2600 τοῖς
2697 2537 2872 2590 ἔθνεσι
2909 2538 3159 2609 κηρύξαι.
3204 2536 3503 2606 Σωτήρων
3529 2537 3638 2609 γὰρ
3664 2537 3938 2610 πανταχοῦ

2374 2629 2471 2698 τὴν
2502 2629 2800 2700 παρουσίαν
2827 2629 2990 2682 αὐτοῦ
3021 2646 3207 2700 φησιν.

2460 2721 3152 2791 Ἑξομολογησάσθωσάν
3169 2738 3265 2776 σοι
3296 2721 3452 2785 λαοί,
3476 2724 3509 2775 ό
3536 2723 3695 2788 Θεός.
3717 2721 3940 2776 Πάντων

2373 2813 2478 2866 τῶν
2522 2813 2691 2867 ἐθνῶν
2740 2813 2835 2885 τὴν
2866 2815 2945 2877 είς
2990 2813 3222 2886 Χριστὸν
3252 2814 3540 2885 ὁμολογίαν
3587 2815 3937 2886 προφητεύει.

2373 2906 2892 2976 Εὐφρανθήτωσαν
2915 2907 3012 2960 καὶ
3040 2892 3545 2977 ἁγαλλιάσθωσαν
3579 2909 3743 2977 ἔθνη.
3791 2907 3940 2963 1166-

2375 3016 2533 3070 μενον
2589 2998 2650 3051 τὸ
2710 2999 3045 3070 προφητικὸν
3113 2999 3339 3070 Πνεῦμα
3399 3003 3462 3070 τῇ
3534 3001 3777 3073 σωτηρία
3840 3001 3939 3072 τῆς

2372 3090 2726 3161 οἰκουμένης,
2778 3089 3032 3153 πολλάκις
3078 3089 3144 3142 τὰ
3183 3090 3320 3143 αὐτὰ
3352 3091 3664 3160 φθέγγεται,
3696 3094 3766 3163 τῇ
3813 3109 3938 3146 συν-

2371 3187 2484 3254 εχεῖ
2514 3185 2756 3255 διηγήσει
2789 3183 3121 3256 εὐφροσύνης
3145 3183 3432 3238 ἀπολαῦον.

2452 3273 3145 3346 Ἐξομολογησὰο-θαηάν
3169 3291 3266 3329 σοι
3294 3274 3428 3329 ,λαοί
3457 3315 3472 3340 ,
3517 3278 3552 3329 ὁ
3612 3275 3757 3343 Θεὸς
3778 3317 3794 3341 ,
3837 3276 3937 3342 ἐξ·

2371 3363 2956 3437 ομολογ-ησάσθωσάν
2992 3380 3089 3418 σοι
3133 3363 3268 3418 λαοὶ
3323 3362 3561 3429 πάντες.
3591 3363 3702 3433 Οὐχ
3753 3363 3940 3428 ἁπλῶς

710 3429 1004 3521 alacriores
1046 3429 1237 3517 reddat
1285 3459 1582 3514 auditores.
1642 3456 1804 3510 Terra
1852 3429 1994 3509 dedit
2035 3457 2264 3526 fructum

2369 3429 2463 3527 την
2495 3429 2840 3524 ταυτολογίαν
2866 3454 3138 3518 τέθεικεν,
3169 3453 3303 3507 ἀλλὰ
3338 3429 3781 3526 προθυμοτέῥδυς
3811 3456 3939 3518 τοὺς

710 3571 889 3610 suum.
945 3551 1256 3622 Spiritualis
1303 3549 1573 3602 videlicet.
1631 3546 1862 3600 Fructus
1911 3555 2092 3600 autem
2142 3557 2270 3600 sunt

708 3648 830 3718 ejus
861 3647 916 3700 in
941 3645 1140 3714 pietate
1164 3640 1462 3711 profectus.

778 3822 1164 3897 [Conﬁteantur
1207 3822 1300 3875 tibi
1350 3822 1552 3892 populi,
1605 3819 1764 3874 Deus.
1798 3817 2264 3887 Quemadmodum

705 3916 791 3971 bis
813 3924 998 3985 gentes
1040 3913 1106 3966 ad
1157 3912 1388 3983 hymnos
1439 3910 1808 3965 concinendos
1860 3909 2150 3973 excitavit,
2191 3909 2265 3964 ita

705 4007 791 4062 bis
822 4006 970 4075 ipsas
995 4003 1062 4058 ad
1088 4001 1520 4058 benedictionem
1551 4001 1798 4071 quaesivit
1829 4019 1842 4054 :
1877 4016 2000 4055 cum
2036 3999 2120 4054 bis
2158 3999 2265 4054 sci-

705 4097 832 4152 licet
871 4111 989 4151 eam
1033 4095 1464 4150 benedictionem
1495 4093 1814 4163 accepisset.
1865 4095 1972 4147 Aut
2007 4091 2134 4163 quia
2161 4092 2264 4147 illa!

702 4189 1077 4246 benedictione
1103 4187 1316 4257 repleta
1337 4201 1444 4240 non
1479 4186 1729 4255 ignorant
1761 4183 1930 4239 Deum
1977 4183 2069 4254 qui
2099 4199 2262 4254 super

703 4282 889 4337 omnia
924 4288 1038 4344 est.
1082 4279 1175 4335 sed
1213 4277 1593 4334 dulcissimum
1639 4277 1741 4346 ipsi
1781 4276 2014 4330 oﬁ‘crunt
2046 4276 2260 4346 pietatis

701 4373 939 4429 fructum
971 4392 984 4427 :
1013 4389 1174 4442 quem
1227 4372 1272 4426 si
1322 4371 1416 4425 tibi
1473 4370 1763 4424 oﬁ'eramus
1790 4410 1803 4432 ,
1859 4369 1908 4422 id
1936 4379 2019 4424 est
2046 4369 2259 4423 virtutis

703 4465 942 4520 studium
989 4473 1332 4528 accuratum,
1386 4477 1415 4516 a
1457 4471 1508 4517 te
1559 4461 1986 4516 benedictionem
2029 4461 2259 4529 accipie-

702 4554 1079 4724 m‘EzeJnedicnt
1126 4663 1217 4701 nos
1262 4645 1416 4700 Deus.
1474 4644 1765 4701 Sciendum
1798 4645 2050 4700 homines
2084 4643 2254 4698 Deum

2370 3545 2663 3608 ἀκούοντας
2691 3543 3068 3616 ἐργαζόμενος.
3102 3542 3190 3611 Γῆ
3231 3543 3414 3598 ἔδωκε
3440 3543 3548 3597 τὸν
3570 3543 3803 3613 καρπὸν
3828 3545 3936 3599 σὺ·

2369 3637 2497 3706 τῆς.
2550 3637 2612 3689 Ἦ
2665 3635 2828 3707 νοητὴ
2850 3635 3108 3705 δηλονότι.
3174 3635 3399 3706 Καρπὸς
3433 3637 3491 3690 δὲ
3519 3636 3687 3707 αὐτῆς
3717 3638 3777 3692 αί
3815 3635 3936 3691 κατ’

2367 3725 2647 3780 εὐσέϐειαν
2676 3727 2968 3795 προκοπαί.

2428 3818 2448 3890 [
2465 3818 3157 3888 Ἐξομολοτησάσθωσάν
3166 3832 3263 3873 σοι
3276 3822 3328 3873 οι
3338 3819 3495 3884 λαοὶ,
3507 3823 3542 3875 ό
3553 3823 3713 3889 Bede.
3723 3824 3936 3898 Ὠσπερ

2363 3909 2447 3974 δὶς
2467 3910 2533 3963 τὰ
2555 3910 2680 3981 ἔθνη
2708 3910 2841 3984 πρὸς
2864 3911 3133 3982 ὑμνῳδίαν
3159 3910 3448 3984 διήγειρεν,
3477 3912 3617 3968 οὕτω
3641 3915 3722 3979 δὶς
3749 3917 3936 3982 αὐτοῖς

2364 4004 2464 4074 τὴν
2499 4002 2743 4073 εὐλογίαν
2787 4001 3073 4075 ἐζήτησεψ
3113 4003 3491 4059 ἀπολαύσαντα
3541 4005 3787 4077 δηλονότι
3837 4009 3936 4064 καὶ

2364 4094 2532 4165 αὐτῆς
2562 4094 2829 4162 εὐλογίας.
2861 4096 2930 4148 Ἢ
2956 4095 3038 4148 ὅτι
3065 4095 3186 4148 ἐπεὶ
3218 4096 3319 4148 οὐκ
3348 4095 3632 4164 ἀγνοοῦσιν
3663 4101 3712 4152 oi
3749 4100 3809 4167 ἐξ
3836 4101 3935 4156 αὐ-

2361 4185 2460 4257 τῆς
2500 4186 2589 4240 τὸν
2622 4188 2714 4240 ἐπὶ
2760 4187 2976 4241 πάντων
3005 4188 3161 4252 Θεὸν,
3212 4189 3348 4244 ἀλλά
3394 4189 3485 4244 τὸν
3535 4191 3751 4262 ἥδιστον
3782 4193 3933 4267 αὐτῷ

2362 4277 2725 4350 προσφέρουσι
2748 4279 2846 4365 τῆς
2875 4280 3151 4345 εὐσεϐείας
3180 4281 3389 4353 καρπόν
3407 4300 3420 4314 ·
3456 4282 3514 4337 ὃν
3543 4286 3592 4338 εί
3625 4286 3928 4360 προσφέρο-

2363 4371 2463 4441 μέν
2494 4387 2610 4437 σοι,
2646 4373 2764 4442 ἦτοι
2789 4372 2886 4444 τὴν
2911 4373 3009 4444 τῆς
3038 4375 3236 4446 ἀρετῆς
3268 4375 3608 4448 ἐπιτήδευσιν
3628 4417 3644 4443 ,
3679 4379 3931 4450 εὐλογοῦ-

2362 4463 2498 4532 μεθα
2528 4463 2676 4535 παρὰ
2706 4463 2845 4537 σοῦ]

2428 4645 2796 4719 [Εὑλογήσαι
2831 4643 2987 4718 ἡμᾶς
3015 4650 3048 4703 ό
3074 4647 3237 4714 Θεός.
3278 4649 3484 4705 Είδέναι
3511 4650 3611 4723 μὲν
3635 4656 3926 4729 προσήκει,

700 4741 1100 4802 benedicentes.
1128 4739 1229 4809 ipsi
1258 4737 1421 4792 verba
1449 4738 1624 4791 solum
1657 4736 1898 4805 proferre
1918 4775 1932 4798 ,
1976 4736 2068 4791 sed
2093 4749 2256 4804 opere

2369 4736 2454 4802 ὥς,
2466 4738 2810 4808 εὐλογοῦντες
2829 4739 2924 4794 ἄνθ
2932 4757 3098 4811 ρωποι
3124 4741 3213 4794 τὸν
3223 4740 3372 4808 Θεὸν,
3388 4741 3576 4811 λόγους
3595 4745 3743 4817 αὐτῷ
3767 4765 3928 4820 προσο

699 4832 804 4904 ipsi
843 4831 1098 4886 beneﬁcia
1127 4829 1436 4899 impendere
1471 4845 1576 4883 non
1616 4843 1797 4899 posse.
1837 4829 1905 4883 At
1944 4827 2087 4884 Deus
2129 4843 2252 4883 cum

2369 4832 2581 4904 φέρουσι
2630 4831 2822 4902 μόνους
2847 4871 2861 4894 ,
2911 4832 3056 4903 ἔργῳ
3078 4831 3135 4885 δέ
3165 4832 3326 4887 αὐτὸν
3355 4833 3707 4906 εὐεργετῆσαι
3733 4837 3796 4890 οὐ
3830 4837 3925 4893 es-

699 4922 972 4980 benedicit
993 4961 1008 4986 ,
1045 4921 1301 4991 operibus
1335 4919 1494 4975 verba
1523 4921 1845 4985 conﬁrmat,
1896 4934 1960 4974 ac
1984 4918 2250 4974 bonorum

701 5018 943 5070 omnium
1010 5013 1220 5084 copiam
1276 5014 1344 5069 iis
1395 5013 1594 5084 Quibus
1644 5012 1913 5068 benedicit
1964 5011 2247 5083 elargitur.

701 5104 903 5162 Deinde
916 5105 1073 5160 docet
1106 5101 1430 5175 quomodo.]

852 5197 904 5249 1.
976 5195 1041 5250 In
1090 5197 1279 5267 ﬁnem,
1329 5193 1666 5250 PSALMUS
1713 5195 1942 5256 cantici,
1993 5193 2093 5262 ipsi

1230 5285 1422 5340 David.
1479 5285 1570 5338 LX
1591 5284 1720 5340 γιι.

1271 5379 1672 5448 Argumentum.

699 5471 752 5524 in
782 5472 882 5526 hoc
908 5471 1119 5542 psalmo
1155 5470 1443 5524 adventum
1476 5469 1683 5525 Domini
1722 5468 2009 5538 signiﬁcat,
2036 5482 2246 5522 necnon

764 5563 1121 5632 spiritualium
1150 5560 1386 5617 hostium
1416 5563 1807 5632 depulsionem.
1840 5559 2246 5632 spiritualisque

762 5655 1085 5726 captivitatis
1121 5655 1462 5710 solutionem.
1509 5653 1673 5710 Docet
1701 5655 1922 5723 insuper
1973 5667 2031 5707 se
2065 5653 2241 5721 ipsum

761 5821 873 5895 (3i)
910 5821 965 5878 In
994 5819 1061 5877 Β.
1093 5837 1174 5886 ιιι,
1211 5821 1326 5879 hac
1349 5821 1602 5877 dicuntur
1629 5817 1973 5876 Theodoreti.

2359 4941 2565 4978 νανται.
2641 4924 2698 4976 '0
2725 4923 2783 4976 δὲ
2811 4923 2940 4988 Θεὸς
2965 4964 2980 4988 ,
3021 4924 3256 4994 εὐλογῶν
3276 4965 3291 4989 ,
3329 4925 3536 4996 βεϐαιοῖ
3569 4930 3696 4992 τοὺς
3732 4928 3927 4999 λόγους

2356 5013 2433 5085 τῷ
2464 5014 2630 5085 ἔργῳ,
2658 5014 2750 5067 καὶ
2771 5015 3120 5069 παντοδαπῶν
3143 5017 3361 5085 ἀγαθῶν
3385 5020 3608 5093 παρέχει
3631 5023 3742 5087 τοῖς
3768 5020 3921 5077 εὐλο-

2355 5106 2638 5177 γουμένοις
2673 5107 2861 5179 φοράν.
2894 5103 3024 5162 Εἶτα
3048 5108 3284 5162 διδάσκει
3307 5110 3441 5173 πῶς.
3466 5109 3486 5182 ]

2408 5247 2510 5308 Εἰς
2540 5245 2605 5295 τὸ
2630 5249 2820 5309 τέλος,
2862 5244 2967 5312 τῆς
2991 5243 3151 5313 ᾠδῆς
3180 5245 3359 5300 Δαυῒδ
3394 5247 3716 5302 ΨΑΑΜΟΣ.
3750 5247 3891 5304 εἷ’.

2977 5353 3072 5409 Ὑπ
3078 5358 3294 5422 όθεσις.

2361 5466 2448 5520 Ἐν
2481 5465 2653 5537 τούτῳ
2679 5466 2755 5538 τῷ
2781 5466 2978 5540 ψαλμῷ
3002 5467 3099 5538 τὴν
3132 5468 3429 5541 παρουσίαν
3457 5466 3549 5521 τοῦ
3576 5469 3784 5540 Κυρίου
3823 5487 3918 5542 ση-

2427 5558 2637 5628 μαίνει,
2684 5561 2776 5613 καὶ
2815 5562 2922 5614 τῶν
2954 5559 3156 5632 νοητῶν
3202 5559 3410 5633 ἐχθρῶν
3438 5559 3790 5632 καθαίρεσιν,
3822 5562 3918 5617 καὶ

2423 5649 2522 5721 τῆς
2545 5650 2738 5722 νοητῆς
2762 5651 3131 5723 αἰχμαλωσίας
3158 5652 3254 5724 τὴν
3273 5651 3546 5708 ἀπόλυσιν.
3576 5652 3696 5706 Ἔτι
3720 5670 3784 5722 γε
3810 5653 3916 5726 μὴν
