4108 6496
200 462 296 520 295

1297 449 1655 509 EXPOSITIO
1695 448 1762 504 IN
1800 447 2129 504 PSALMUM
2164 447 2351 503 LXVI.

3314 442 3421 500 295

260 582 519 645 διδάσκει,
581 580 657 643 ὡς
684 579 845 643 αὐτὸς
873 578 959 651 εἴη
1019 578 1049 630 δ
1101 589 1192 630 και
1225 575 1393 631 πάλαι
1443 576 1568 637 τοὺς
1614 574 1756 635 υἱοὺς

1931 586 2074 635 esse,
2109 569 2202 640 qui
2243 569 2374 623 olim
2406 567 2547 623 tilios
2582 565 2747 622 Israel
2774 582 2841 622 ex
2875 564 3111 638 Egypto
3145 563 3416 621 eduxerit.

270 670 483 743 Ἰσραὴλ
522 670 583 735 ἐξ
623 669 899 737 Αἰγύπτου
938 666 1239 737 ἐξαγαγών.
1274 666 1415 737 Πρὸς
1446 664 1503 717 δέ
1532 663 1760 728 τούτοις,

261 753 681 833 ὑποδεξαμένοις
707 762 767 815 τὸ
805 762 1084 832 κήρυγμα,
1111 757 1424 828 Πνεύματος
1446 755 1598 825 ἁγίου
1622 754 1765 807 δόσιν

262 855 677 925 ἐπαγγέλλεται.
712 855 822 907 Καὶ
844 854 948 925 μὴν
969 854 1064 905 καὶ
1085 853 1195 914 τοῖς
1219 849 1533 910 ἀποστόλοις
1556 846 1765 914 είσάγει

260 948 608 1021 παράκλησιν
632 987 646 1013 ,
682 950 746 1000 ἐκ
780 947 959 1016 πάσης
994 944 1223 1013 θλίψεως
1254 941 1473 1012 ῥύεσθαι
1498 939 1766 1007 ἐπαγγελ-

258 1043 504 1114 λόμενος,
538 1040 642 1112 τῆς
668 1041 963 1111 γενομένης
996 1036 1234 1110 δηλονότι
1262 1034 1351 1088 διά
1385 1034 1447 1087 τὸ
1483 1034 1762 1104 κήρυγμα.

273 1134 431 1187 Ἀλλὰ
462 1134 573 1206 μὴν
605 1135 699 1187 καὶ
744 1129 1093 1203 ἐπιστρέφειν
1122 1129 1184 1181 ἐκ
1230 1128 1336 1181 τῶν
1385 1141 1765 1197 παραπικραι-

251 1244 445 1282 νοντων
494 1227 832 1297 ὑπισχνεῖται
866 1223 1118 1287 πολλοὺς,
1150 1221 1243 1275 καὶ
1273 1220 1379 1291 μὴν
1412 1218 1505 1273 καὶ
1551 1219 1616 1270 ἐκ
1659 1216 1765 1271 τῶν

256 1316 677 1370 καταπεσόντων
727 1315 805 1379 είς
828 1313 888 1368 τὸ
914 1312 1023 1367 τῶν
1048 1310 1248 1384 ἡδονῶν
1281 1310 1533 1378 πέλαγος.
1602 1306 1764 1360 Οὐδὲν

255 1410 309 1463 δέ
335 1404 498 1481 ἦττον
533 1407 633 1462 καὶ
659 1406 766 1460 τῶν
802 1404 1108 1460 ἀποστόλων
1134 1402 1390 1475 κηρύττει
1420 1402 1517 1472 τὴν
1551 1398 1763 1453 ἀνάδει-

254 1500 355 1568 ξιν,
378 1500 472 1554 καὶ
488 1500 641 1562 τίνες
658 1498 753 1552 καὶ
769 1498 930 1551 πόθεν
951 1493 1109 1569 ἦσαν.
1132 1496 1357 1550 Πάντων
1379 1510 1437 1545 τε
1465 1491 1572 1543 τῶν
1597 1489 1764 1543 ἐθνῶν

254 1592 348 1664 τὴν
370 1594 451 1655 εἰς
472 1591 571 1647 τὸν
594 1590 795 1663 Κύριον
816 1589 995 1644 πίστιν
1018 1586 1445 1656 εὐαγγελίζεται.
1483 1582 1598 1651 Ἐφ’
1625 1582 1763 1635 ᾶπα-

254 1701 305 1736 σι
334 1684 391 1736 δέ
422 1682 641 1747 τούτοις
659 1681 755 1753 τὴν
782 1682 862 1745 εἰς
890 1681 1153 1753 οὐρανοὺς
1190 1677 1375 1733 ἄνοδον
1424 1674 1518 1728 τοῦ
1556 1673 1761 1745 Κυρίου

252 1773 562 1828 ἐκδιδάσκει
592 1772 798 1843 σαφῶς.
860 1769 1074 1835 Ἔξεστι
1102 1768 1158 1822 δὲ
1190 1766 1361 1821 ταῦτα
1405 1764 1584 1818 πάντα
1620 1761 1763 1815 κατὰ

256 1864 417 1934 μέρος
457 1865 575 1926 τοῖς
600 1863 802 1933 στίχοις
831 1860 1155 1914 ἐπιϐαλόντα
1186 1859 1431 1931 θεωρεῖν.

1934 663 2013 717 Ad
2047 665 2161 717 luce
2191 661 2372 717 omnia
2403 661 2470 715 iis
2501 660 2593 730 qui
2628 657 3066 729 praedicationem
3114 655 3422 727 acceperint

1936 751 2173 822 Spiritus
2194 750 2364 805 sancti
2398 750 2601 804 donum
2635 748 2938 817 pollicetur.
2965 746 3257 815 Apostolos
3291 748 3421 801 item

1933 844 2268 908 consolatur,
2304 842 2577 911 pollicitus
2593 854 2810 894 omnem
2835 837 3236 909 praedicationis
3256 852 3422 892 causa

1933 945 2239 1004 susceptam
2270 933 2677 987 tribulationem
2708 929 3090 985 removendam
3122 928 3258 985 fore.
3290 927 3425 983 Pro-

1933 1026 2204 1095 mittitque
2225 1025 2519 1078 multorum
2548 1037 2613 1077 ex
2646 1022 2714 1077 iis
2744 1020 2837 1091 qui
2876 1028 3001 1075 ante
3034 1019 3101 1074 ad
3136 1020 3271 1074 iram
3293 1034 3425 1075 eon-

1933 1118 2174 1173 citabant
2218 1115 2455 1170 futuram
2504 1113 2939 1176 conversionem.
2975 1126 3187 1167 necnon
3234 1126 3424 1165 eorum

1934 1210 2027 1280 qui
2062 1209 2114 1262 in
2147 1208 2476 1278 profundum
2502 1205 2795 1274 voluptatis
2842 1205 3063 1275 pelagus
3091 1205 3321 1259 demersi
3347 1219 3428 1258 es-

1932 1312 2074 1357 sent.
2120 1299 2487 1355 Nihilominus
2520 1309 2699 1353 autem
2749 1297 3120 1363 apostolorum
3159 1296 3423 1351 delectum

1931 1400 2172 1457 enarrat,
2217 1402 2270 1446 ct
2298 1392 2520 1461 quinam
2564 1389 2816 1457 undeque
2846 1387 3093 1461 fuerint._
3124 1386 3427 1440 Annuntiat

1932 1482 2062 1538 item
2117 1459 2357 1535 futuram
2399 1479 2643 1533 omnium
2675 1477 2919 1548 gentium
2958 1476 3009 1530 in
3038 1459 3326 1529 Dominum
3362 1475 3425 1529 ll-

1934 1577 2079 1631 dcm.
2116 1574 2196 1628 Ad
2230 1574 2343 1628 haec
2372 1572 2554 1626 omnia
2586 1570 2798 1635 Domini
2833 1570 2883 1624 in
2919 1568 3088 1624 caelos
3131 1584 3419 1623 ascensum

1936 1668 2115 1738 palam
2156 1666 2365 1720 edocet.
2400 1662 2549 1717 Licet
2587 1671 2768 1716 autem
2810 1661 2922 1716 lucc
2969 1662 3151 1714 oniiiia
3185 1659 3424 1726 cuilibet,

1932 1760 2186 1817 versibus
2212 1758 2440 1825 singulis
2471 1754 2774 1818 iusistenti,
2812 1753 3262 1808 animadvertere.

264 1910 609 2021 ῗᾶνλστήέω
639 1957 671 2008 ό
689 1910 872 2019 “Bede,
906 1952 1003 2006 καὶ
1036 1910 1679 2018 διασκορέτισθήτωσαν
1708 1947 1756 1998 oi

1928 1940 1985 1995 2.
2038 1939 2301 2007 Exsurgat
2354 1935 2513 2001 Deus,
2559 1943 2609 1989 et
2654 1934 2981 2002 dissipentur
3035 1932 3243 1985 inimici
3288 1931 3423 2000 ejus.

189 2046 381 2115 ἐχθροὶ
410 2046 623 2101 αὐτοῦ.
676 2044 788 2117 Τὴν
810 2046 888 2107 είς
919 2044 980 2097 τὸ
1023 2043 1225 2113 κρίνειν
1270 2042 1394 2103 τοὺς
1422 2037 1761 2109 ἀκαθάρτους

189 2138 437 2209 δαίμονας
466 2136 760 2208 παρορμὴν
790 2134 884 2188 τοῦ
911 2133 1043 2187 Θεοῦ
1086 2135 1115 2187 ὁ
1157 2131 1312 2202 λόγος
1341 2132 1611 2204 σημαίνει.
1679 2130 1757 2201 Τῇ

190 2230 292 2299 γάρ
320 2227 487 2282 αὐτοῦ
526 2226 795 2299 παρουσίᾳ
820 2225 919 2297 τῆς
965 2225 1072 2279 τῶν
1105 2222 1405 2296 ἀνθρώπων
1445 2222 1760 2297 τυραννίδος

190 2316 546 2389 ἐξηλάθησαν.

266 2407 692 2475 Ὀδοποιήσατε
720 2407 798 2473 τῷ
823 2407 1191 2475 ἐπιϐεϐηκότι
1213 2407 1309 2461 ἐπὶ
1344 2405 1610 2476 δυσμῶν.
1655 2406 1760 2459 Εὐ-

188 2504 407 2573 πρεπεῖς
445 2500 672 2569 γένεσθε
697 2544 710 2565 ,
747 2500 941 2570 φησιν,
978 2501 1058 2563 εἰς
1110 2499 1174 2553 τὸ
1225 2502 1343 2562 ταῖς
1383 2499 1522 2562 ὁδοῖς
1552 2497 1758 2552 ἐκείνου

189 2592 545 2662 πορεύεσθαι,
577 2590 671 2644 τοῦ
704 2590 790 2643 ἐπ’
824 2590 1053 2661 ἐσχάτου
1097 2590 1206 2643 τῶν
1254 2591 1459 2662 χρόνων
1510 2591 1761 2659 ὀφθέντος

189 2685 243 2736 ἐν
266 2685 426 2757 σαρκὶ
453 2685 568 2747 τοῖς
596 2683 686 2735 ἐπὶ
716 2682 845 2752 γῆς.
884 2682 954 2735 Ἦ
978 2722 993 2747 ,
1026 2679 1104 2747 τῷ
1129 2682 1496 2749 ἐπιϐεϐηκότι
1527 2681 1625 2735 ἐπὶ
1658 2682 1760 2736 δυ-

189 2775 369 2845 σμῶν,
403 2775 483 2846 τῷ
516 2775 707 2847 μέχρις
739 2774 865 2845 ᾅδου
894 2774 1246 2845 πεποιημένῳ
1277 2772 1373 2845 τὴν
1396 2773 1638 2827 κάθοδον,
1666 2778 1761 2827 Ta-

183 2868 580 2937 ραχθήτωσαν
605 2866 723 2920 ἀπὸ
748 2864 1071 2932 προσώπου
1110 2863 1315 2919 αὐτοῦ.
1382 2866 1464 2918 Τὰ
1492 2864 1619 2934 ἐθνη
1652 2864 1761 2916 τῶν

186 2953 445 3025 δαιμόνων
492 2953 755 3025 δηλονότι.
813 2952 921 3005 Τοῦ
949 2952 1172 3019 πατρὸς
1200 2951 1477 3022 ὀρφανῶν
1505 2953 1601 3007 καὶ
1637 2970 1756 3021 κρι-

186 3046 287 3100 τοῦ
316 3045 437 3099 τῶν
464 3044 687 3115 χηρῶν.
733 3043 1011 3116 Ὀρφανῶν
1042 3044 1141 3115 μὲν
1173 3044 1281 3097 τῶν
1312 3044 1761 3116 άπροστατεύτων

186 3137 345 3206 λέγει,
368 3137 557 3210 χηρῶν
582 3137 640 3191 δὲ
664 3136 770 3190 τῶν
792 3136 997 3208 ψυχῶν,
1021 3135 1129 3191 τῶν
1156 3136 1229 3208 μὴ
1254 3136 1489 3208 ἐχουσῶν
1513 3136 1603 3189 τὸν
1633 3153 1693 3189 νυ
1702 3154 1761 3209 μ-

189 3229 300 3298 φίον
331 3231 527 3299 Λόγον.
585 3230 901 3303 Προστάτης
942 3230 1050 3303 γάρ
1092 3231 1208 3284 ἐστι
1256 3229 1364 3283 τῶν
1392 3228 1632 3283 ἀσθενῶν
1666 3230 1755 3282 καὶ

186 3318 278 3389 τὴν
306 3319 784 3391 ἀνθρωπίνηνούκ
814 3320 1044 3391 ἐχόντων
1085 3318 1369 3391 βοήθειαν,
1418 3314 1530 3370 οἷον
1577 3320 1756 3387 ἡμεῖς.

192 3407 283 3473 Τίς
306 3408 363 3463 δέ
394 3402 554 3473 οὗτος
586 3409 680 3463 καὶ
706 3403 852 3474 οἶοςς

264 3500 325 3554 Ὀ
348 3501 493 3566 Θεὸς
522 3502 591 3554 ἐν
619 3501 776 3565 τόπῳ
802 3500 945 3569 ἁγίῳ
974 3496 1184 3553 αὐτοῦ.
1229 3496 1446 3569 Ἐπειδὴ
1479 3495 1629 3552 εἶπεν
1662 3496 1758 3551 αύ-

188 3590 273 3644 τδν
304 3591 671 3660 ἐπιϐεϐηκότα
713 3592 832 3652 ταῖς
863 3588 1125 3660 δυσμαῖς,
1168 3590 1414 3643 τουτέστι
1449 3589 1610 3662 μέχρι
1652 3590 1759 3643 τῶν

188 3680 309 3752 ᾅδου
346 3681 536 3762 μυχῶν
558 3723 573 3745 ,
612 3681 849 3735 διδάσκει
882 3680 1077 3747 πάλιν,
1107 3680 1183 3746 ὡς
1226 3680 1461 3735 ἀνελθὼν
1486 3682 1566 3744 εἰς
1596 3680 1760 3753 οὐρα⁴

188 3771 304 3835 νοὺς
332 3772 391 3825 ἐν
418 3773 534 3835 τοῖς
565 3769 714 3834 ἰδίοις
748 3771 932 3840 γέγονε
962 3771 1179 3835 τόποιςο
1213 3773 1260 3825 si
1307 3770 1400 3825 καὶ
1430 3770 1497 3824 τὰ
1528 3770 1759 3842 μάλιστα

188 3858 432 3915 οὐδέποτε
479 3863 798 3934 ἀφειστήκει
828 3863 1006 3917 αὐτῶν
1034 3865 1101 3934 τῇ
1130 3863 1229 3933 τῆς
1275 3861 1527 3933 θεότητος
1576 3860 1751 3931 φύσει.

197 3949 258 4002 '0
288 3951 432 4018 Θεὸς
478 3951 787 4012 κατοικίζει
814 3952 1223 4021 μονοτρόπους
1252 3951 1322 4005 ἐν
1351 3951 1511 4016 οἴκῳ.
1581 3952 1755 4005 Μονο-

187 4044 411 4115 τρόπους
434 4044 573 4115 φησὶ
592 4044 713 4108 τοὺς
734 4043 880 4116 αύτῷ
901 4046 993 4099 καὶ
1018 4044 1163 4116 μόνῳ
1184 4044 1475 4109 ἀναθέντας
1497 4042 1595 4115 τὴν
1622 4042 1756 4097 ἰδίαν

190 4138 347 4210 ζωὴν,
377 4140 473 4192 καὶ
503 4138 682 4209 πάσης
712 4138 1025 4210 διχοψυχίας
1050 4140 1142 4191 καὶ
1175 4138 1445 4210 κοσμικῆς
1465 4135 1754 4208 ἐπιθυμίας

190 4229 347 4301 αὐτὴν
364 4228 851 4301 ἀλλοτριώσαντας.
875 4229 1103 4295 Τούτους
1124 4229 1187 4302 δὴ
1211 4224 1304 4284 οὖν
1331 4230 1424 4283 καὶ
1446 4231 1503 4283 ἐν
1527 4228 1604 4300 τῷ
1624 4228 1755 4301 οἴκῳ

190 4322 344 4374 αὑτοῦ
377 4326 445 4393 τῇ
480 4322 784 4393 ἐπουρανίῳ
811 4320 961 4374 πόλει
987 4320 1314 4385 κατοικίζειν
1338 4319 1752 4389 ἐπαγγέλλεται.

202 4414 458 4482 Ἔξάγων
498 4412 943 4483 πεπεδημένους
986 4413 1056 4466 ὲν
1097 4412 1355 4481 ἀνδρείᾳ.
1422 4414 1645 4482 Ὅμοιον
1676 4409 1754 4480 τῷ

192 4507 456 4576 εἰρημένῳ
477 4524 491 4537 ·
536 4504 660 4571 Τοῖς
687 4505 755 4557 ἐν
777 4503 1016 4574 δεσμοῖς
1037 4544 1051 4569 ,
1080 4503 1350 4568 ἐξέλθετε
1369 4521 1382 4534 ·
1412 4502 1509 4557 καὶ
1534 4501 1656 4568 τοῖς
1685 4502 1755 4555 ὲν

1862 2034 1955 2088 Dei
1986 2033 2052 2088 ad
2095 2028 2423 2101 iudicandos
2458 2028 2701 2095 impuros
2730 2029 3004 2079 daemones
3042 2032 3221 2078 motus
3254 2023 3424 2092 signi-

1860 2126 2073 2180 licatur.
2103 2118 2238 2175 Nam
2264 2118 2383 2189 ejus
2407 2117 2640 2171 adventu
2672 2132 2700 2170 a
2732 2115 3017 2187 tyrannide
3042 2131 3149 2186 qua
3178 2115 3426 2170 homines

1859 2213 2241 2288 opprimebant
2274 2209 2487 2282 expulsi
2514 2218 2662 2264 sunt.

1930 2392 1983 2457 5,
2013 2390 2065 2445 6.
2123 2388 2235 2443 Iter
2267 2389 2427 2458 facite
2472 2390 2520 2442 ei
2563 2390 2653 2457 qui
2684 2387 2919 2441 ascendit
2969 2403 3125 2456 super
3161 2402 3420 2441 occasum.

1859 2482 2053 2546 Probe,
2086 2481 2282 2551 inquit,
2315 2479 2489 2551 parati
2531 2487 2738 2543 estote,
2777 2489 2834 2533 ut
2866 2481 2918 2533 in
2958 2481 3058 2535 viis
3078 2480 3198 2548 ejus
3232 2481 3425 2532 amhu-

1860 2575 2004 2637 letis,
2036 2572 2130 2644 qui
2164 2574 2219 2627 in
2256 2571 2556 2627 novissimo
2600 2581 2904 2639 temporum
2940 2570 3007 2626 iis
3036 2572 3129 2640 qui
3171 2571 3225 2623 in
3278 2580 3421 2623 terra

1859 2665 2123 2736 degebant
2147 2665 2300 2718 visus
2343 2672 2427 2718 est
2467 2663 2520 2716 in
2556 2677 2742 2716 carne.
2799 2661 2944 2726 Aut,
2992 2661 3041 2715 ei
3071 2662 3162 2731 qui
3188 2660 3423 2713 ascendit

1860 2772 2013 2826 super
2053 2771 2331 2816 occasum,
2383 2753 2474 2823 qui
2506 2768 2677 2821 usque
2721 2754 2785 2805 ad
2820 2752 3093 2806 infernum
3133 2751 3426 2805 descende-

1862 2854 1965 2898 rat.
2002 2842 2300 2896 Turbmtur
2322 2858 2354 2893 a
2380 2842 2516 2910 [acie
2540 2840 2673 2910 ejus.
2733 2839 3046 2895 chmonum
3076 2842 3282 2896 scilicet
3306 2851 3425 2895 tur-

1862 2937 1961 2991 bm.
2002 2936 2179 2990 Patris
2202 2935 2556 3003 orpliauorum
2587 2942 2635 2986 et
2657 2933 2858 3001 judicis
2883 2933 3181 2986 viduarum.
3212 2930 3425 3002 Orpha—

1862 3042 2055 3082 norum
2077 3066 2091 3093 ,
2123 3026 2173 3081 id
2198 3038 2311 3092 est,
2334 3039 2522 3079 eorum
2552 3025 2752 3093 quibus
2785 3025 2992 3077 nullum
3024 3025 3420 3093 patrocinium;

1861 3119 2143 3174 viduarum
2172 3129 2350 3172 autem
2376 3162 2388 3179 ,
2425 3116 2473 3169 id
2511 3124 2597 3170 cst
2649 3116 2989 3177 animarum,
3036 3114 3235 3183 quibus
3293 3116 3421 3168 \‘er—

1783 3242 1825 3297 C
1864 3210 1990 3263 hum
2026 3224 2261 3279 sponsus
2295 3223 2401 3260 non
2427 3215 2543 3264 est.
2578 3205 2847 3260 Patronus
2876 3207 3020 3261 enim
3063 3214 3148 3260 est
3177 3204 3421 3259 inﬁrmo-

1862 3314 1980 3353 rum
2002 3338 2017 3362 ,
2057 3301 2148 3369 qui
2183 3299 2473 3351 humanum
2502 3297 2765 3350 auxilium
2806 3312 2912 3351 non
2945 3298 3181 3362 habent,
3234 3298 3422 3368 quales

1860 3408 1960 3448 nos
1993 3407 2203 3445 sumus.
2238 3391 2371 3456 Quis
2400 3400 2580 3445 autem
2605 3400 2659 3444 et
2687 3390 2863 3457 qualis
2891 3397 2974 3443 est
3014 3388 3142 3443 hic?

1931 3483 1981 3536 7.
2024 3481 2158 3535 Deus
2185 3482 2239 3535 iu
2268 3482 2379 3534 loco
2402 3491 2583 3534 sancto
2610 3496 2725 3535 suo.
2750 3477 3046 3549 Postquam
3066 3479 3204 3533 dixit
3243 3478 3417 3548 ipsum

1857 3575 2147 3631 ascendere
2196 3589 2361 3642 super
2396 3587 2648 3627 occasum
2677 3610 2691 3633 ,
2743 3570 2796 3624 id
2839 3579 2924 3624 est
2957 3585 3131 3640 usque
3160 3572 3225 3625 ad
3258 3580 3420 3626 antra

1860 3664 2054 3719 inferni
2083 3679 2099 3718 :
2131 3664 2286 3717 docet
2316 3665 2531 3725 iterum,
2582 3676 2706 3714 eum
2747 3674 2869 3714 cum
2913 3662 2967 3714 in
3014 3661 3181 3716 caelos
3223 3677 3419 3716 ascen-

1856 3754 2027 3809 disset
2066 3753 2119 3805 in
2161 3753 2400 3822 propriis
2442 3750 2577 3804 locis
2630 3748 2835 3813 fuisse,
2893 3750 3107 3805 etiamsi
3139 3768 3418 3822 nunquam

1857 3844 1927 3900 ab
1957 3845 2063 3898 illis
2094 3855 2333 3897 remonus
2366 3841 2467 3895 fuit
2489 3848 2683 3895 natura
2726 3840 3047 3897 divinitatis.
3090 3841 3227 3896 Deus
3264 3843 3419 3896 iulia-

1858 3937 2025 3990 bitare
2052 3933 2182 4004 facit
2204 3933 2360 3987 unius
2386 3931 2547 3985 moris
2575 3930 2631 3984 in
2652 3930 2827 3984 domo.
2871 3928 3037 3984 Unius
3067 3931 3227 3985 moris
3263 3940 3419 3987 vocat

1855 4042 1949 4084 eos
1973 4029 2067 4100 qui
2099 4027 2202 4098 ipsi
2233 4026 2333 4081 soli
2362 4026 2526 4079 vitam
2557 4039 2712 4080 suam
2757 4024 3110 4088 obtulerunt,
3143 4033 3197 4077 et
3221 4040 3417 4094 quam-

1856 4119 1987 4176 libet
2026 4119 2225 4174 meutis
2264 4117 2633 4187 duplicitatem
2674 4124 2732 4170 et
2784 4116 3111 4170 mundanam
3153 4118 3417 4186 concupi-

1854 4213 2116 4271 scentiam
2162 4210 2497 4279 abiecerunt.
2544 4206 2940 4276 Polliceturque
2985 4206 3229 4261 futurum
3274 4216 3333 4261 ut
3375 4207 3414 4262 ii

1853 4305 1908 4359 in
1937 4306 2100 4358 domo
2136 4301 2342 4371 ipsius,
2394 4298 2449 4354 id
2492 4305 2577 4353 est
2610 4296 2663 4350 in
2689 4295 2898 4351 cmlesti
2945 4296 3164 4350 civitate
3194 4294 3413 4349 inhabi-

1853 4403 1985 4451 tent.
2030 4393 2133 4461 Qui
2172 4393 2349 4447 educit
2390 4392 2587 4445 vinctos
2614 4390 2669 4443 iu
2723 4388 3064 4458 fortitudine.
3120 4386 3306 4441 Simile
3329 4395 3417 4442 est

1853 4488 1980 4542 huic
2003 4486 2150 4540 dicto
2177 4502 2189 4539 :
2218 4482 2295 4538 Iis
2326 4483 2414 4553 qui
2440 4482 2599 4536 vincti
2634 4489 2757 4535 sunt
2776 4521 2791 4545 ,
2835 4481 2975 4533 exite
2996 4495 3016 4532 :
3044 4488 3094 4533 et
3125 4478 3205 4533 his
3240 4480 3330 4549 qui
3356 4482 3412 4534 in

190 4567 264 4659 τῶ
292 4567 517 4657 σκότει,
548 4567 1044 4663 ἁνέικαλύφάητε.
1082 4592 1323 4663 Δεσμοὺς
1349 4590 1405 4643 δὲ
1440 4590 1531 4643 καὶ
1566 4567 1752 4652 σκότος

1854 4576 2074 4631 tenebris
2098 4615 2113 4641 ,
2156 4571 2456 4628 revelamiui
2494 4570 2561 4624 ".
2602 4567 2829 4623 Vincula
2865 4578 3045 4623 autem
3074 4576 3129 4623 et
3160 4568 3414 4624 tenebras

190 4685 280 4756 τὴν
310 4684 418 4738 τῶν
450 4684 719 4755 δαιμόνων
764 4684 1017 4757 λατρείαν
1070 4684 1255 4755 φησίν.
1336 4682 1570 4752 Ὁμοίως
1617 4680 1758 4747 τοὺς

193 4777 761 4845 παραπικραίνοντας
788 4774 928 4843 τοὺς
969 4774 1394 4841 κατοικοῦντας
1422 4772 1493 4827 ἐν
1527 4771 1753 4841 τάφοις.

194 4865 352 4919 Τοῦτό
383 4884 548 4938 φησιν
567 4906 583 4930 ,
636 4866 715 4919 δτι
736 4905 749 4929 ,
801 4866 895 4920 καὶ
924 4865 983 4919 ἐν
1015 4864 1142 4937 ᾅδου
1179 4863 1491 4936 πορευθεὶς,
1525 4862 1619 4916 καὶ
1646 4863 1757 4926 τοῖς

195 4957 301 5010 ἐκεῖ
333 4959 635 5028 πνεύμασιν
665 4956 948 5029 ἐκήρυξεν.
976 4956 1304 5029 ἀπειθήσασί
1335 4973 1481 5009 ποτε.
1520 4955 1593 5008 Τὸ
1624 4953 1752 5026 γὰρ,

197 5052 768 5119 παραπικραίνοντας
792 5087 807 5113 ,
852 5049 971 5103 ἀντὶ
1022 5047 1114 5102 τοῦ
1138 5087 1154 5112 ,
1210 5046 1748 5118 παραπικράναντας,

197 5144 446 5198 τέθεικεν.

274 5239 332 5292 '0
360 5240 506 5305 Οεῖτς
524 5282 538 5298 .
589 5238 658 5290 ἐν
689 5236 764 5302 τῷ
792 5233 1215 5303 ἐκπορεύεσθαι
1250 5246 1323 5285 σε
1350 5230 1599 5285 ἐνώπιον
1645 5229 1751 5285 τοῦ

199 5330 340 5382 λαοῦ
372 5348 511 5393 σου,
534 5330 605 5382 ἐν
628 5328 707 5393 τῷ
729 5327 1049 5381 διαϐαίνειν
1073 5340 1144 5377 σε
1174 5325 1240 5377 ὲν
1267 5322 1339 5393 τῇ
1371 5322 1583 5392 ἐρήμῳ.
1635 5321 1752 5374 Δεί-

201 5436 374 5473 κνυσιν
396 5464 410 5486 ,
460 5423 536 5485 ὡς
560 5421 653 5474 κεῖ
679 5421 707 5472 ὁ
742 5419 931 5489 μέχρις
959 5418 1083 5489 ᾅδου
1111 5413 1351 5479 καταϐάς
1370 5454 1384 5475 ,
1416 5413 1577 5477 αὐτός
1605 5413 1750 5465 ἐστιν

201 5510 228 5562 ὁ
255 5511 343 5564 καὶ
368 5510 532 5563 πάλαι
559 5510 647 5563 διὰ
674 5508 912 5569 Μωσέως
939 5504 1223 5575 ἐξαγαγὼν
1270 5504 1326 5569 ἐξ
1357 5500 1627 5572 Αἰγύπτου
1658 5500 1750 5553 τὸν

214 5601 436 5673 Ἰσραήλ.
473 5600 633 5667 Λέγει
660 5596 771 5661 οὖν,
800 5598 901 5658 ὅτι,
932 5598 989 5650 ἐν
1017 5598 1094 5669 τῷ
1120 5593 1547 5674 προπορεύεσθαί
1574 5610 1632 5646 σε
1658 5590 1750 5646 τοῦ

206 5693 567 5766 ἐξεληλυθότος
586 5708 677 5745 σου
693 5692 751 5758 ἐξ
773 5690 1043 5760 Αἰγύπτου
1069 5688 1220 5757 λαοῦ,
1238 5687 1309 5758 γῆ
1336 5686 1574 5757 ἐσείσθη,
1602 5701 1753 5739 τουτ-

276 5882 321 5917 ³⁸
349 5883 449 5939 lsa.
478 5900 625 5950 nu,
658 5881 710 5936 9.

1856 4668 2159 4725 demonum
2193 4665 2397 4721 cultum
2425 4671 2603 4718 vocat.
2656 4660 2916 4717 Similiter
2955 4676 3041 4715 eos
3066 4661 3157 4729 qui
3195 4674 3415 4731 exaspe-

1857 4769 2012 4826 rant,
2063 4759 2153 4829 qui
2184 4757 2423 4810 habitant
2460 4756 2516 4809 iu
2542 4754 2815 4823 sepulcris.
2846 4751 2960 4807 Hoc
2986 4751 3063 4806 ait
3086 4752 3215 4823 quia
3242 4751 3297 4806 in
3324 4751 3412 4807 in-

1855 4849 2067 4905 ternum
2098 4844 2389 4917 profectus,
2423 4844 2707 4915 spiritibus
2738 4842 2862 4897 istic
2900 4842 3414 4912 versantibuser-

1854 4943 2053 5000 dicavit
2077 4939 2170 5011 qui
2202 4938 2464 4994 increduli
2505 4936 2634 4990 olim
2664 4933 2895 4989 fuerant.
2936 4934 3069 4988 Illud
3104 4934 3284 4998 enim,
3320 4931 3411 5001 qui

1855 5046 2188 5106 exasperant,
2224 5032 2459 5104 positum
2489 5037 2571 5085 est
2592 5042 2719 5098 pro,
2753 5027 2845 5098 qui
2874 5033 3355 5096 exasperaveruut.

1925 5215 1980 5279 8,
2011 5210 2064 5269 9.
2101 5210 2270 5275 Deus,
2318 5222 2437 5261 cum
2477 5203 2790 5276 egredereris
2834 5203 2889 5256 iu
2930 5209 3203 5270 conspectu
3231 5200 3411 5269 populi

1855 5309 1954 5374 tui,
1988 5320 2105 5360 cum
2126 5300 2471 5372 pertransires
2502 5299 2556 5352 in
2586 5296 2810 5352 deserto.
2843 5294 3088 5349 Declarat
3112 5333 3127 5357 .
3168 5310 3290 5348 eum
3317 5293 3412 5363 qui

1854 5400 1920 5456 ad
1961 5396 2226 5453 infernum
2254 5406 2427 5464 usque
2469 5388 2743 5446 descendit
2766 5428 2781 5449 .
2813 5388 3059 5443 eumdem
3094 5386 3265 5457 ipsum
3290 5400 3412 5441 esse

1850 5492 1943 5562 qui
1982 5489 2110 5544 olim
2156 5502 2251 5557 per
2292 5484 2493 5538 Mosem
2545 5480 2732 5536 eduxit
2777 5478 3026 5534 lsraelem
3063 5492 3129 5532 ex
3153 5474 3407 5548 Egypto.

1850 5584 1939 5638 Ait
1968 5581 2131 5654 igitur
2159 5598 2172 5634 :
2204 5578 2339 5633 Cum
2370 5574 2627 5647 populum
2669 5580 2819 5627 tuum
2859 5585 2922 5627 es
2949 5568 3182 5641 IEgypto
3221 5583 3407 5640 egres-

1854 5690 1974 5733 sum
2007 5671 2357 5736 oraeccderes,
2390 5678 2534 5725 terra
2577 5673 2720 5721 mota
2752 5674 2854 5731 est,
2878 5663 2931 5719 id
2956 5671 3057 5729 est,
3078 5677 3170 5734 per
3190 5676 3406 5718 omnem
