4108 6490
1524 432 1579 487 S.
1622 428 1989 486 ATHANASII
2025 425 2175 485 OPP.
2209 428 2386 486 PARS
2421 429 2506 485 ΙΙΙ.
2547 459 2615 470 -
2650 429 3055 487 EXEGETICA.

3827 439 3933 496 296

712 558 909 603 terram
933 547 1164 618 pervasit
1192 545 1335 602 fama
1361 547 1539 602 exitus
1558 561 1769 603 eorum.
1815 545 1978 601 Terra
2000 556 2141 601 mota
2162 556 2253 614 est,

2362 547 2509 600 ἐστιν
2557 548 2638 611 εἰς
2687 551 2866 603 πᾶσαν
2896 550 2995 621 τὴν
3020 552 3123 621 γῆν
3145 550 3467 616 ἐξάκουστος
3493 554 3528 623 ή
3563 554 3743 621 ἔξοδος
3769 556 3933 609 αὑτοῦ

713 640 904 695 etenim
932 640 1046 694 caeli
1066 640 1478 695 distillaverunt.
1525 638 1928 695 Distillaverunt
1960 638 2079 694 caeli
2105 640 2263 706 spiri-

716 730 914 785 tualem
941 746 1120 786 escam
1145 731 1429 794 videlicet,
1473 730 1525 785 id
1553 740 1638 786 est
1666 746 1885 786 manna.
1928 730 1970 782 Α
2010 731 2143 798 faeie
2167 730 2264 783 Dei

715 819 889 876 Sinni.
918 820 975 876 ld
1004 831 1089 877 est
1109 862 1126 889 ,
1175 821 1270 877 Dei
1306 822 1399 893 qui
1433 825 1486 877 in
1523 833 1707 879 monte
1738 822 1867 877 Sina
1897 823 2065 893 legem
2095 822 2258 876 dedit.

714 911 758 965 Α
786 912 919 982 facie
950 911 1049 967 Dei
1077 910 1272 967 Israel.
1296 910 1460 970 Israel
1485 923 1571 971 est
1604 929 1759 969 meus
1786 912 1950 968 Deum
1976 914 2186 969 videns.

777 1164 866 1220 10.
904 1163 1149 1221 Pluviant
1195 1166 1545 1222 voluntariam
1574 1169 1895 1241 segregabis,
1937 1169 2075 1224 Deus
2098 1211 2113 1235 ,
2154 1170 2260 1224 litv-

707 1256 925 1311 reditati
951 1267 1077 1311 tute.
1140 1255 1380 1312 Pluviam
1414 1259 1567 1317 dicit.
1613 1260 1978 1331 evangelicum
2012 1262 2256 1323 verbum,

700 1348 854 1417 juxta
884 1349 1048 1404 illud:
1084 1349 1371 1405 Descendet
1398 1352 1533 1404 sicut
1560 1352 1736 1420 pluvia
1771 1354 1822 1405 in
1854 1352 2016 1406 vellus
2046 1353 2111 1405 ".
2161 1350 2257 1404 γο-

705 1438 996 1493 luntariam
1022 1452 1200 1496 autem
1226 1481 1240 1505 ,
1279 1441 1346 1495 ad
1378 1441 1669 1497 discrimen
1714 1442 1902 1513 legalis
1932 1443 2131 1497 cultus.
2169 1441 2259 1497 Ille

704 1529 849 1584 enim
880 1545 987 1584 non
1017 1532 1355 1588 voluntarius
1380 1542 1496 1587 erat
1519 1534 1672 1602 juxta
1714 1533 1816 1588 hoc
1852 1532 2053 1587 dictum
2082 1553 2094 1587 :
2129 1533 2256 1599 Quis

703 1621 840 1675 enim
868 1623 1137 1693 requisivit
1174 1624 1288 1693 ipsa
1324 1625 1387 1679 de
1416 1627 1655 1679 manibus
1692 1626 1877 1679 vestris
1896 1625 1977 1677 ”?
2006 1636 2059 1680 et
2083 1626 2210 1680 illud
2240 1644 2253 1680 :

704 1709 1035 1766 Holocausta
1086 1724 1255 1768 vestra
1304 1731 1404 1768 non
1449 1724 1571 1767 sunt
1622 1726 1859 1784 accepta,
1904 1725 1952 1768 et
1990 1717 2256 1785 sacriﬁcia

2362 637 2668 706 γεγένηται.
2761 639 2852 705 Γῆ
2911 638 3188 708 ἐσείσθη·
3253 641 3351 695 καὶ
3408 642 3519 711 γὰρ
3576 646 3631 696 oi
3689 647 3933 713 οὐρανοὶ

2361 724 2643 787 ἕστιιίξιιν.
2680 726 2947 793 Ἔσταξαν
2970 729 3019 780 οἱ
3048 728 3262 799 οὐρανοὶ
3283 727 3380 800 τὴν
3412 731 3786 801 πνευματικὴν
3814 749 3936 801 τρο-

2361 814 2465 885 φὴν
2498 816 2736 886 δηλονότι
2760 833 2775 849 ο
2806 818 2955 885 λέγει
2986 818 3044 871 δὲ
3078 820 3171 871 καὶ
3226 820 3286 872 τὸ
3323 820 3518 890 μάννα.
3569 822 3703 874 Ἀπὸ
3746 839 3935 891 προσ-

2358 904 2523 959 ώπου
2547 907 2652 960 τοῦ
2692 908 2837 961 Θεοῦ
2877 907 2984 961 τοῦ
3009 906 3173 962 Σινά.
3221 910 3364 963 ’Λντὶ
3409 910 3502 964 τοῦ
3524 952 3539 977 ,
3574 913 3630 964 ἐν
3658 912 3777 983 ὄρει
3806 914 3933 967 Σινὰ

2360 996 2449 1048 τὸν
2494 996 2657 1067 νόμον
2720 998 3021 1070 ὁρίσαντος.
3062 1000 3205 1054 Ἀπὸ
3257 1001 3579 1069 προσώπου
3628 1002 3738 1057 τοῦ
3784 1005 3929 1059 Θεοῦ

2372 1086 2625 1156 Ἰσραήλ.
2679 1089 2892 1162 Ἰσραὴλ
2917 1090 3040 1155 νοῦς
3071 1092 3211 1162 ὁρῶν
3243 1092 3395 1149 ϐιόν.

2427 1179 2662 1248 Βροχὴν
2684 1180 2971 1236 ἑκουσίαν
3002 1184 3283 1254 ἀφοριεῖς,
3322 1188 3355 1239 ό
3387 1186 3529 1253 Θεὸς
3551 1226 3564 1251 ,
3596 1187 3672 1256 τῆ
3713 1191 3929 1257 κληρο-

2358 1271 2531 1337 νομίᾳ.
2559 1284 2695 1325 σου.
2724 1272 2939 1343 Βροχὴεί
2964 1275 3061 1345 μὲν
3090 1278 3178 1329 τὸν
3206 1277 3555 1346 εὖαγγελικὸν
3587 1278 3748 1348 λόγον
3772 1281 3925 1351 φησι.

2359 1361 2498 1413 κατὰ
2523 1362 2584 1413 τό
2602 1378 2614 1390 ·
2639 1363 3043 1432 Κατασήσεται
3074 1367 3153 1434 ὡς
3178 1370 3349 1434 ὑετὸς
3368 1370 3465 1423 ἐπὶ
3487 1372 3694 1424 πόκον.
3732 1373 3927 1426 Ἔκού-

2356 1467 2494 1506 σιον
2530 1454 2586 1507 δὲ
2618 1456 2753 1525 πρὸς
2802 1458 3203 1530 ἁντιδιαστολὶςν
3247 1461 3348 1531 τῆς
3378 1462 3608 1533 νομικῆς
3650 1463 3923 1535 λατρείας.

2369 1542 2579 1596 Ἐκεῖνα
2612 1547 2717 1616 γὰρ
2749 1547 2848 1600 οὐκ
2875 1543 2942 1617 ἦν
2994 1550 3141 1621 αὐτῷ
3170 1552 3390 1607 ἑκούσια
3423 1553 3564 1607 κατὰ
3610 1555 3672 1607 τι
3706 1559 3928 1627 εἰρημέ-

2355 1652 2477 1688 νον*
2536 1637 2630 1702 τίς
2680 1637 2787 1708 γὰρ
2835 1638 3191 1709 ἐξεζήτησεν
3232 1644 3383 1697 αὐτὰ
3431 1647 3499 1699 ἐκ
3546 1646 3665 1699 τῶν
3715 1647 3929 1717 χειρῶν

2354 1724 2558 1793 ὑμῶνε
2598 1727 2691 1779 καὶ
2717 1728 2776 1781 τό
2799 1745 2812 1759 ⁸
2872 1733 2948 1783 Τὰ
2999 1734 3457 1803 ὁλοκαυτώματίὶ
3499 1752 3613 1790 σου
3667 1742 3779 1791 οὐκ
3811 1738 3923 1791 εἰσὶ

700 1812 873 1857 vestra
905 1820 1004 1857 non
1021 1805 1333 1874 placuerunt
1357 1805 1479 1859 miln
1501 1807 1567 1861 ³³.
1599 1837 1667 1845 -
1690 1805 1753 1860 Et
1782 1808 2049 1877 inﬁrmata
2078 1818 2175 1872 est,
2199 1819 2253 1862 tu

2353 1813 2549 1877 δεκτὰ,
2569 1816 2664 1869 καὶ
2696 1820 2755 1870 αἱ
2785 1820 2987 1874 θυσίαι
3019 1822 3183 1891 ὑμῶν
3215 1828 3326 1895 οὐχ
3358 1826 3590 1893 ἦδυνάν
3609 1833 3921 1897 you—Kal

700 1911 819 1949 vero
868 1898 1133 1966 perfecisti
1184 1915 1322 1953 eant.
1384 1898 1694 1963 lnlirmata,
1751 1899 1945 1970 inquit.
1993 1910 2076 1955 est
2126 1902 2253 1955 olim

2353 1904 2678 1974 ἠσθένησε,
2704 1908 2785 1962 σὺ
2816 1911 2882 1962 δὲ
2906 1916 3233 1981 κατηρτίσω
3257 1891 3465 1985 ἀυτήν.
3506 1891 3801 1990 Ἰἰσδὲνησε
3830 1922 3927 1991 μὲν

700 2001 824 2042 cum
869 1989 1010 2044 idola
1053 1991 1268 2045 coleret.
1292 1989 1570 2047 Perlecisli
1614 2008 1776 2062 porro
1798 2008 1941 2060 eam,
1967 2009 2062 2063 per
2088 2010 2257 2049 evan-

700 2077 929 2145 gelicum
962 2080 1185 2133 verbum
1226 2082 1467 2135 vocando
1490 2082 1684 2150 ipsam.

771 2169 860 2223 11.
892 2169 1161 2224 Animalia
1192 2180 1281 2227 tua
1308 2172 1615 2226 habitabant
1651 2176 1703 2226 in
1732 2190 1813 2226 ea.
1864 2174 2130 2228 Animalia
2170 2175 2259 2230 hic

698 2267 857 2314 vocat
887 2275 980 2316 eos
1005 2262 1096 2331 qui
1124 2263 1390 2317 viviticam
1423 2277 1601 2317 escam
1652 2264 2025 2331 degustarunt.
2068 2263 2135 2317 In
2171 2282 2253 2329 ra,

702 2349 754 2403 in
786 2366 916 2420 qua,
950 2353 1056 2409 nisi
1089 2353 1143 2407 in
1172 2354 1485 2408 hmreditate
1518 2354 1726 2420 ipsius?
1757 2355 1977 2409 Parasti
2006 2357 2061 2408 in
2079 2355 2256 2409 dulce-

697 2440 818 2495 dine
848 2451 936 2494 tua
965 2445 1204 2512 pauperi,
1244 2443 1402 2499 Dens.
1437 2444 1638 2515 Ecquid
1682 2446 1926 2516 paravit,
1978 2446 2079 2501 nisi
2117 2447 2254 2516 quod

698 2531 880 2583 oculus
908 2548 1008 2585 non
1037 2532 1187 2597 vidit,
1218 2552 1306 2589 nec
1342 2540 1486 2590 auris
1516 2537 1816 2590 audivit“?
1866 2535 1998 2602 Quis
2031 2552 2252 2606 pauper,

697 2620 803 2676 nisi
831 2622 897 2680 de
936 2639 1044 2694 quo
1078 2627 1215 2680 dixit
1241 2645 1254 2681 :
1287 2627 1437 2679 Beati
1473 2642 1723 2696 pauperes
1752 2626 1941 2697 spiritu
1962 2668 1976 2695 ,
2008 2630 2250 2698 quoniant

696 2716 928 2784 ipsorum
955 2727 1032 2771 est
1058 2733 1269 2787 regnum
1295 2717 1537 2771 calorum
1563 2720 1605 2750 ⁴²⁵
1630 2719 1652 2772 ?

767 2899 855 2954 12.
900 2900 1154 2956 Dominus
1182 2902 1327 2956 dabit
1378 2904 1583 2956 verbum
1612 2904 2085 2973 evangelizantibus
2149 2905 2250 2957 vir-

698 2998 806 3044 tute
834 2992 1020 3046 multa.
1052 2991 1190 3062 Ipse,
1222 2994 1416 3061 inquit,
1448 2993 1651 3046 sanctis
1684 2993 1943 3061 apostolis
1966 2993 2079 3047 suis
2106 2993 2250 3047 dabit

694 3084 928 3146 verbum,
969 3093 1028 3138 ut
1057 3084 1261 3152 possint
1290 3081 1642 3151 Evangeliutn
1692 3083 2004 3152 prtedicare.
2064 3082 2251 3137 Simile

2358 1998 2559 2062 πάλαι,
2602 2001 2690 2053 ὅτε
2738 2001 3106 2075 εἰδωλολάτρει
3128 2022 3141 2034 ο
3184 2008 3494 2077 κατηρτίσω
3520 2011 3574 2062 δὲ
3606 2013 3807 2083 αὐτὴν,
3840 2013 3927 2065 διὰ

2354 2084 2447 2138 τοῦ
2477 2087 2826 2156 εὐαγγελικοῦ
2860 2091 3094 2155 καλέσας
3126 2096 3498 2166 κηρύγματος.

2431 2176 2505 2231 Τὰ
2532 2176 2642 2236 ζ’ῶά
2667 2196 2783 2233 σου
2813 2184 3194 2238 κατοικοῦσιν
3218 2187 3288 2240 ἐν
3317 2188 3489 2261 αὐτῇ.
3533 2191 3654 2244 liba
3685 2193 3925 2249 ἐνταῦθὰ

2355 2284 2484 2336 φησι
2516 2267 2640 2332 τοὺς
2670 2268 2771 2339 τῆς
2815 2271 3075 2334 ζωοποιοῦ
3107 2277 3309 2348 τροφῆς
3338 2280 3745 2351 μετειληφότας.
3826 2288 3927 2339 Ἐν

2351 2358 2505 2427 αὐτῇ
2530 2359 2607 2421 δὲ,
2662 2362 2827 2433 τίνιῆ
2862 2366 2928 2435 τῇ
2962 2364 3293 2439 κληρονομίᾳ
3329 2370 3525 2434 abso-3;
3565 2372 3918 2443 Ἡτοιζμασας

2350 2450 2421 2502 ἐν
2445 2449 2518 2517 τῇ
2543 2453 2907 2519 χρηστότητι
2938 2471 3053 2508 σου
3077 2455 3158 2521 τῷ
3189 2459 3419 2528 πτωχῷ,
3454 2464 3486 2513 ό
3517 2462 3678 2527 Θεός.
3738 2465 3851 2517 Καὶ
3874 2467 3924 2518 τί

2353 2540 2644 2610 ἡτοίμασεν
2703 2542 2737 2611 ἢ
2777 2542 2816 2595 ἂ
2849 2544 3153 2614 ὀφθαλμὸς
3185 2551 3294 2602 οὐκ
3351 2546 3472 2604 εἶδε
3521 2554 3619 2606 καὶ
3651 2549 3763 2621 οὖς
3812 2559 3923 2609 οὐκ

2352 2628 2612 2696 ἤκουε-εξ
2642 2631 2736 2696 Τίς
2763 2632 2819 2687 δὲ
2841 2635 2869 2686 ὁ
2890 2634 3103 2705 πτωχὸς
3130 2636 3163 2709 ἢ
3192 2639 3321 2709 περὶ
3371 2632 3446 2695 ὧν
3471 2641 3657 2714 εἴρηκε
3677 2682 3695 2708 ,
3718 2646 3923 2699 Μακά-

2344 2737 2462 2787 ριοι
2493 2724 2547 2775 οἱ
2574 2723 2795 2791 πτωχοί
2828 2723 2909 2790 τῷ
2954 2728 3241 2797 πνεύματι
3262 2769 3276 2794 ,
3333 2732 3423 2784 ὅτι
3450 2733 3648 2788 αὐτῶν
3676 2737 3717 2804 ἠ
3743 2737 3925 2800 βασι-

2348 2812 2482 2865 λεία
2507 2810 2624 2865 τῶν
2652 2813 2957 2883 οὐρανῶν;

2420 2905 2635 2971 Κύριος
2663 2904 2841 2959 δώσει
2872 2907 3038 2977 ῥῆμα
3068 2909 3191 2977 τοῖς
3238 2914 3787 2988 εὐαγγελιζομένως
3820 2920 3923 2976 δυ-

2349 2992 2519 3063 νάμει
2546 2995 2763 3065 πολλῇ.
2812 2998 2983 3063 Αὐτὸς
3002 3042 3018 3068 ,
3060 3003 3192 3072 φησι
3216 3042 3231 3067 ,
3262 3007 3372 3069 τοῖς
3401 3007 3576 3075 ἁγίοις
3604 3010 3925 3077 ἀποστόλοις

2350 3083 2512 3174 αὐτοῦ
2534 3084 2709 3139 δώσει
2735 3086 2919 3157 ῥῆμα,
2948 3093 3027 3151 εἰς
3049 3092 3109 3145 τὸ
3133 3093 3388 3150 δύνασθαι
3413 3098 3643 3171 κηρύξαι
3663 3102 3726 3155 τὸ
3746 3104 3925 3174 Εὐαγ-

695 3183 877 3227 autem
911 3184 996 3228 est
1026 3174 1156 3227 illud
1187 3190 1202 3227 :
1238 3172 1416 3227 Nolite
1457 3174 1690 3244 cogitare
1718 3177 1975 3245 quomodo
2009 3185 2099 3228 aut
2126 3176 2249 3245 quid

2353 3173 2549 3277 γέλιον.
2583 3177 2803 3277 ’(λμοιον
2828 3180 2883 3234 δὲ
2907 3184 2997 3236 τό·
3045 3184 3139 3253 Μὴ
3167 3190 3573 3258 μεριμνήσητε
3603 3195 3662 3247 τί
3691 3172 3922 3265 εἴπητε,

696 3264 985 3332 loquamini
1012 3279 1031 3318 :
1059 3264 1274 3319 dabitur
1301 3268 1437 3321 enim
1464 3270 1604 3322 vobis
1634 3270 1691 3321 in
1723 3267 1821 3323 illa
1850 3269 1980 3322 liora
2011 3268 2135 3339 quid
2166 3269 2249 3320 lo-

695 3354 949 3422 quamini.
983 3353 1105 3409 Non
1129 3357 1263 3409 enim
1292 3372 1377 3410 vos
1408 3356 1535 3411 estis
1563 3358 1652 3425 qui
1684 3356 1978 3427 loquimini,
2012 3360 2102 3412 sed
2133 3357 2253 3429 Spi-

696 3446 832 3501 ritus
860 3446 1040 3501 Patris
1066 3448 1167 3501 τιιεί
1199 3450 1287 3518 qui
1318 3448 1550 3519 loquitur
1588 3450 1641 3502 in
1667 3450 1806 3503 vobis
1823 3450 1888 3504 ³⁸.
1943 3451 2074 3505 Illud
2096 3492 2110 3516 ε
2147 3454 2251 3506 rir-

697 3545 805 3592 tute
831 3537 998 3590 multa
1019 3581 1033 3601 ,
1087 3537 1319 3593 refertur
1344 3540 1410 3593 ad
1454 3541 1566 3595 [nec
1596 3541 1757 3594 verba
1777 3581 1793 3607 ,
1825 3540 2077 3595 Dominus
2106 3545 2254 3597 dabit

695 3627 906 3681 verbum
926 3668 941 3693 ,
987 3643 1095 3682 non
1119 3637 1299 3684 autem
1327 3630 1392 3685 ad
1428 3630 1557 3685 illud
1580 3671 1595 3695 ,
1646 3632 2117 3701 evangelizantibus
2144 3676 2158 3700 ,
2195 3643 2255 3690 ut

694 3720 913 3789 quidam
943 3720 1298 3777 testimarunt.
1353 3721 1633 3793 Signiﬁcat
1660 3724 1801 3780 enim
1822 3765 1837 3791 ,
1881 3726 2026 3797 quod
2058 3741 2252 3798 magna

695 3810 893 3865 vit-tute
922 3806 1065 3864 Deus
1089 3810 1310 3866 verbum
1356 3812 1581 3868 daturus
1627 3813 1698 3868 sit
1739 3815 2250 3886 evangelizantibus,

696 3899 749 3955 id
781 3910 895 3965 est,
946 3900 1014 3957 iis
1061 3900 1155 3972 qui
1192 3902 1463 3958 voluerint
1495 3904 1637 3958 bona
1679 3913 1864 3960 nostra
1910 3908 2250 3972 annuntiare,

696 3991 813 4061 ipse
843 4006 1149 4048 sermonem
1176 3993 1410 4063 prabet,
1450 3996 1545 4065 qui
1577 3996 1979 4066 evangelizandi
2009 3999 2251 4053 occasio-

695 4098 819 4138 nem
848 4083 1016 4139 dedit.

765 4173 852 4229 15.
895 4172 1007 4228 Rea:
1029 4174 1282 4229 virtutum
1326 4172 1525 4231 dilecti.
1590 4176 1705 4247 Ipse
1751 4176 1956 4233 scilicet
1991 4177 2253 4234 Dominus

696 4264 790 4335 qui
817 4264 965 4320 dedit
986 4265 1208 4322 verbum
1241 4267 1579 4323 initiantibus
1606 4287 1618 4323 :
1653 4269 1767 4338 ipse
1795 4284 2028 4339 namque
2048 4280 2132 4325 est
2158 4286 2249 4327 rex

697 4355 880 4412 dilecti
929 4356 1152 4427 p0puli:
1195 4358 1310 4426 ipse
1348 4357 1475 4411 item
1507 4368 1591 4412 est
1636 4358 1808 4413 virtus
1850 4358 1987 4428 ejus.
2053 4359 2253 4428 Specici

697 4445 884 4500 domus
916 4445 1146 4501 dividere
1175 4447 1364 4515 spolia.
1392 4448 1595 4504 Domus
1626 4458 1754 4505 sunt
1777 4465 1872 4521 qut
1895 4451 1948 4505 in
1972 4450 2249 4506 Christum

2352 3263 2388 3359 ᾗ
2412 3266 2470 3318 τί
2498 3267 2809 3338 λαλήσητε
2829 3290 2841 3302 ·
2875 3272 3193 3341 δοθήσεται
3215 3278 3325 3347 γὰρ
3352 3283 3494 3350 ὑμῖν
3521 3286 3591 3338 ἐν
3619 3263 3831 3358 ἐκεινῇ
3850 3289 3925 3359 τῇ

2350 3355 2470 3427 ὥρᾳ
2493 3361 2550 3413 τί
2581 3361 2802 3430 εἴπητε.
2834 3366 2940 3419 Kal
2970 3367 3081 3436 οὐχ
3116 3368 3286 3437 ὑμεῖς
3316 3372 3456 3425 ἐστε
3482 3376 3536 3427 al
3566 3355 3923 3447 λαλοῦντες.

2351 3450 2509 3503 ἀλλὰ
2537 3450 2603 3503 τὸ
2633 3453 2873 3522 Πνεῦμα
2919 3456 3024 3510 τοῦ
3056 3461 3285 3529 Πατρός
3310 3479 3429 3531 μου
3470 3463 3537 3517 τὸ
3573 3469 3811 3523 λαλοῦν
3856 3472 3925 3525 ἐν

2351 3537 2510 3606 ὑμῖν.
2551 3540 2655 3604 Τὸ,
2689 3541 2934 3605 δυνάμει
2962 3548 3185 3618 πολλῇ,
3211 3551 3346 3622 πρὸς
3371 3553 3453 3619 τὸ,
3485 3555 3700 3624 Κύριος
3747 3558 3924 3614 δώσει

2344 3627 2529 3698 ῥῆμα,
2563 3631 2625 3683 οὐ
2655 3633 2788 3702 πρὸς
2812 3634 2892 3701 τὸ,
2933 3639 3494 3713 εὐαγγελιζομένοις,
3528 3646 3603 3712 ὥς
3632 3666 3782 3715 τινες
3806 3654 3920 3706 ενό-

2354 3738 2536 3791 μισαν.
2561 3723 2816 3779 Βούλεται
2848 3726 2956 3799 γὰρ
2983 3730 3175 3795 εἰπεῖν,
3205 3733 3287 3786 ὅτι
3311 3736 3446 3804 μετὰ
3480 3738 3755 3809 πολλῆς’6
3792 3743 3924 3807 Θεὸς

2351 3812 2449 3889 τῆς
2484 3814 2664 3884 ἰσχύος
2692 3815 2850 3870 δώσει
2880 3819 3028 3889 ῥῆμα
3056 3823 3167 3886 τοῖς
3198 3822 3729 3898 εὐαγγελιζομένοις,
3765 3849 3922 3887 τουτ-

2352 3902 2489 3995 έστι,
2523 3903 2616 3957 τοῦ
2646 3905 2980 3977 διαγγέλλειν
3006 3910 3073 3965 τὰ
3090 3912 3328 3986 ἡμέτερα
3349 3916 3531 3987 ἀγαθά
3549 3919 3920 3995 βουλομένοις,

2352 3992 2512 4087 αὐτος
2534 3995 2761 4087 παρέχει
2782 3998 2874 4051 τὸν
2894 3998 3067 4070 λόγον,
3086 4005 3114 4057 ὁ
3134 4004 3228 4059 καὶ
3254 4005 3351 4078 τὴν
3371 4007 3625 4084 ἀφορμὴν
3642 3992 3739 4068 tot":
3763 4016 3923 4087 εὐαγ-

2351 4084 2690 4153 γελίσασθαι.

2432 4176 2494 4229 ’0
2513 4177 2813 4245 βασιλεὺς
2836 4180 2953 4236 τῶν
2970 4183 3279 4254 δυνάμεων
3303 4188 3409 4242 τοῦ
3435 4191 3766 4261 ἀγαπητοῦ.
3812 4198 3920 4251 Αὑ-

2350 4268 2439 4332 τὸς
2470 4269 2673 4341 Κύριος
2700 4273 2729 4324 ὁ
2757 4273 2931 4337 διδοὺς
2965 4276 3113 4347 ῥῆμα
3148 4281 3261 4341 τοῖς
3295 4288 3706 4353 μυσταγωγοίς⁶
3758 4289 3919 4355 αὐτὸς

2351 4360 2457 4432 γάρ
2504 4363 2647 4416 ἐστιν
2675 4364 2703 4417 ὁ
2737 4363 2986 4435 βασιλεὺς
3014 4368 3107 4422 τοῦ
3133 4371 3419 4443 ἀγαπητοῦ
3447 4374 3576 4428 λαοῦ
3597 4392 3612 4407 ’
3666 4378 3831 4445 αὐτὸς
3860 4380 3918 4435 δέ

2351 4454 2465 4506 ἐστι
2482 4452 2693 4527 πάλινὴ
2719 4455 2946 4527 δύναμις
2966 4459 3150 4513 αὐτοῦ.
3186 4462 3266 4531 Τῇ
3286 4465 3589 4533 ὼραιότητι
3617 4468 3723 4523 τοῦ
3747 4472 3938 4528 οἴκου

696 4538 1040 4594 crediderunt
1069 4559 1083 4594 :
1119 4540 1325 4609 species
1348 4547 1528 4594 autem
1566 4541 1760 4599 domus
1779 4581 1794 4607 ,
1827 4542 1998 4599 sancti
2022 4542 2141 4613 ejus
2167 4542 2249 4596 di-

2353 4543 2651 4601 διελέσθαι
2696 4550 2917 4605 σκύλα.
2964 4547 3127 4615 Οἶκος
3176 4554 3275 4623 μὲν
3313 4557 3362 4609 ot
3402 4556 3787 4625 πιστεύσαντες
3840 4565 3919 4628 εἰς

698 4629 890 4699 scipuli
920 4637 975 4683 et
1002 4631 1251 4701 apostoli.
1289 4630 1380 4684 Ait
1412 4630 1595 4701 igitur,
1628 4648 1754 4689 eum
1781 4634 2129 4706 cvangelistis
2153 4634 2251 4689 da-

698 4728 879 4774 turum
905 4735 1026 4776 esse
1064 4719 1322 4783 verbum,
1376 4731 1437 4776 ut
1472 4722 1711 4777 dividant
1736 4726 1909 4794 Spolia
1933 4763 1946 4788 ,
2000 4725 2052 4779 id
2078 4732 2163 4780 est
2194 4732 2253 4779 ιιι

698 4810 915 4866 trahant
939 4820 1124 4879 gentes
1152 4812 1217 4867 ad
1246 4812 1424 4877 lidcm,
1464 4820 1519 4868 et
1541 4815 1837 4884 cxspolient
1860 4815 2137 4872 Satanam.

770 5078 855 5133 14.
898 5077 957 5133 Si
981 5078 1253 5133 dormiatis
1291 5083 1424 5133 inter
1460 5085 1657 5138 medios
1686 5085 1873 5140 cteros.
1924 5087 2000 5139 Ad
2034 5097 2251 5143 sanctos

698 5170 973 5240 apostolos
997 5184 1177 5225 sermo
1204 5170 1332 5227 reici
1347 5182 1453 5229 tur.
1504 5175 1595 5242 Si,
1625 5176 1799 5247 inquit
1817 5218 1831 5242 ,
1865 5192 1963 5231 vos
1986 5179 2252 5248 accipiant

698 5259 850 5314 cieri.
879 5257 1065 5315 Cleros
1090 5269 1269 5317 autem
1293 5273 1447 5317 vocat
1470 5280 1565 5319 eos
1605 5267 1699 5335 qui
1733 5283 1800 5321 ex
1826 5267 2038 5323 duobus
2075 5284 2249 5338 popu-

700 5352 769 5407 lis
786 5349 1061 5408 credidere
1088 5368 1101 5403 :
1133 5352 1179 5406 si
1214 5354 1265 5408 in
1304 5354 1437 5423 ipsis
1466 5356 1706 5426 requiem
1736 5357 1976 5413 habeatis
1996 5400 2011 5423 ,
2035 5360 2249 5415 dabun-

702 5450 790 5495 tur
814 5444 892 5498 eis
912 5456 1093 5509 penna:
1122 5442 1397 5510 columba,
1429 5445 1577 5515 cuius
1598 5448 1890 5517 posteriora
1924 5450 2069 5505 dorsi
2094 5450 2254 5505 deau-

702 5540 821 5585 rata
851 5544 1023 5586 erunt.
1056 5531 1147 5587 Ait
1183 5542 1358 5588 autem
1399 5536 1660 5607 Spiritum
1702 5549 1953 5595 sanctum
2002 5552 2254 5613 acceptu-

702 5636 793 5678 ros
814 5636 932 5678 esse
956 5625 1047 5694 qui
1073 5625 1348 5695 apostolos
1374 5629 1691 5698 receperint.
1740 5630 2068 5702 Μετάφρενα
2104 5648 2251 5700 vero,

770 5808 810 5838 “
843 5804 1156 5871 Psal.r.xxr,
1200 5808 1252 5865 6.
1312 5812 1356 5843 υ
1384 5809 1489 5865 lsa.
1532 5826 1571 5877 ι,
1601 5813 1688 5868 12.
1757 5815 1800 5846 υ
1828 5813 2025 5873 larem.
2064 5833 2137 5885 vr,
2178 5818 2270 5894 20.

2349 4636 2608 4707 Χριστόν·
2653 4638 2919 4711 ὼραιότης
2952 4640 3009 4694 δὲ
3034 4642 3131 4696 τοῦ
3164 4645 3309 4700 οἴκου
3340 4649 3387 4700 οἱ
3421 4646 3562 4717 ἅγιοι
3595 4652 3762 4707 αὑτοῦ
3816 4672 3919 4723 μα-

2350 4726 2509 4799 θηταὶ
2534 4730 2630 4783 καὶ
2651 4731 2955 4787 ἀπόστολοι.
2984 4734 3146 4805 Λέγει
3173 4732 3286 4802 οὖν,
3305 4740 3386 4793 ὅτι
3411 4744 3475 4813 τῇ
3502 4743 3795 4816 ὡραιότητι
3821 4748 3917 4802 τοῦ

2350 4818 2499 4873 οἴκου
2521 4859 2537 4885 ,
2587 4821 2830 4875 τουτέστι
2857 4826 2969 4889 τοῖς
3001 4828 3429 4896 εὐαγγελισταίς,
3455 4832 3614 4897 αὐτὸς
3634 4834 3795 4890 δώσει
3823 4838 3919 4910 pi,-

2356 4928 2460 4980 μα,
2497 4911 2625 4982 πρὸς
2657 4912 2717 4965 τὺ
2766 4914 3031 4972 διελέσθαι
3065 4919 3233 4974 σκύλα
3253 4961 3267 4982 ,
3300 4925 3575 4978 τουτέστιν
3602 4925 3822 4984 ἑλκῦσαι
3849 4931 3916 4984 τὰ

2352 5001 2477 5072 ἔθνη
2503 5006 2568 5075 τῇ
2600 5004 2799 5071 πίστει,
2828 5009 2921 5062 καὶ
2952 5010 3239 5067 σκυλεῦσαι
3269 5015 3360 5069 τὸν
3390 5017 3654 5073 Σατανᾶν.

2434 5094 2575 5148 Ἐὰν
2604 5099 2924 5168 κοιμηθῆτε
2948 5103 3063 5157 ἀνὰ
3087 5106 3283 5173 μέσον
3310 5106 3427 5160 τῶν
3449 5108 3705 5177 κλήρων.
3774 5113 3918 5182 Πρὸς

2348 5184 2475 5249 τοὺς
2502 5186 2687 5255 ἁγίους
2707 5191 3031 5257 ἀποστόλους
3060 5197 3088 5249 ὀ
3111 5195 3285 5265 λόγος.
3315 5197 3458 5264 Ἐὰν,
3489 5202 3642 5273 φησὶ,
3662 5203 3917 5268 δέξωνται

2352 5277 2494 5346 ὑμᾶς
2523 5279 2573 5331 oi
2604 5280 2814 5352 κλῆροι.
2873 5284 3121 5357 κλήρους
3161 5287 3216 5340 δὲ
3245 5289 3370 5352 τοὺς
3414 5292 3477 5344 ὲκ
3513 5292 3621 5345 τῶν
3652 5292 3745 5346 δύο
3772 5293 3917 5348 λαῶν

2351 5368 2740 5435 πιστεύσαντας
2768 5370 2893 5444 ἔφη.
2931 5376 3054 5429 Ἐὰν
3086 5372 3198 5440 οὖν,
3232 5381 3414 5449 φησιν,
3445 5381 3828 5453 ἀναπαύσησθε
3859 5387 3918 5439 ἐν

2350 5458 2550 5522 αὐτοις,
2583 5459 2893 5531 δοθήσονται
2919 5467 3097 5530 αὐτοῖς
3138 5467 3424 5540 πτέρυγες
3451 5473 3820 5543 περιστερᾶς,
3847 5477 3919 5531 τὰ

2344 5547 2677 5619 μετάφρενα
2710 5552 2972 5622 ἐχούσης
3014 5560 3590 5629 περικεχρυσωμένιι.
3642 5565 3915 5642 Λέγειρὲ,

2350 5638 2422 5701 ὡς
2440 5640 2752 5712 Πνεῦματος
2774 5645 2924 5715 ἁγίου
2949 5646 3333 5721 ὰξιωθήσονται
3359 5654 3406 5705 οἱ
3429 5656 3551 5719 τοὺς
3574 5658 3761 5726 ἁγίους
3784 5638 3919 5714 diu»

2370 5822 2447 5877 "l
2473 5823 2597 5881 Cor.
2630 5842 2685 5888 ιι.
2719 5823 2771 5883 9.
2841 5832 2886 5863 ’³
2921 5831 3103 5889 Matth.
3139 5851 3189 5899 ν,
3218 5836 3269 5891 5.
3343 5838 3389 5870 “
3417 5838 3599 5896 Matth.
3636 5842 3915 5903 1.19.20.
