4108 6500
176 434 266 487 297
1228 429 1589 486 EXPOSITIO
1628 429 1691 483 IN
1732 427 2062 483 PSALMUM
2106 426 2308 481 LXV".

3301 424 3405 481 298

179 547 373 613 στόλους
423 546 733 619 δεξάμενοι.
790 550 1115 621 Μετάφρενα
1153 550 1209 603 δι
1262 550 1358 621 τῆς
1408 552 1735 621 περιστερᾶς

1837 551 1969 615 sive,
2026 550 2322 618 posteriora
2375 547 2525 603 dorsi
2580 547 2887 614 columba,
2943 548 3201 603 deaurata
3250 549 3403 611 dicit,

178 638 549 707 κεχρυσωμένα
570 638 724 708 φησι,
752 637 885 690 διότι
917 639 1106 708 τιμίας
1128 640 1246 709 ήτοι
1281 638 1447 708 σοφὰς
1476 639 1573 703 τὰς
1608 640 1736 709 φρέ-

176 746 256 791 νας
283 729 384 780 τῶν
414 727 726 800 δεξαμένων
754 732 915 784 ποιεῖ.

247 821 342 874 Ἐν
372 819 451 885 τῷ
479 821 867 875 διαστέλλειν
898 822 1006 875 τὸν
1053 822 1413 893 ἐπουράνιον
1454 824 1739 890 ,βασιλεῖς

173 910 253 962 ἐπ’
280 911 484 979 αὐτῆς.
546 912 796 977 Βασιλεῖς
826 913 927 984 μὲν
956 914 1081 976 τοὺς
1110 914 1381 984 ἄρξαντας
1407 915 1737 980 ἀποστόλους

172 1001 260 1071 τῆς
305 1001 671 1074 κληρονομίας
711 1004 873 1058 αὐτοῦ
926 1020 1078 1075 φησι.
1130 1006 1609 1073 Χιονωθήσονται
1656 1007 1736 1070 δὲ,

175 1092 280 1143 ἀντὶ
303 1092 412 1155 τοῦ,
428 1094 993 1165 ἀποκαθαρθήσονται.
1035 1096 1136 1149 Ἐν
1154 1096 1399 1164 Σελμὼν
1423 1097 1501 1160 δὲ,
1528 1100 1585 1151 ὲν
1610 1098 1738 1150 ἀντ-

174 1187 424 1252 αποδόσει,
484 1188 866 1259 ἑρμηνεύεται.
920 1188 1081 1255 Λέγει
1109 1185 1222 1251 οὖν,
1258 1190 1339 1241 ὃτι
1374 1191 1423 1241 οἱ
1453 1190 1736 1261 δεξάμενοι

174 1285 282 1346 τοὺς
310 1285 496 1351 ἁγίους
542 1284 872 1348 ἀποστόλους
916 1283 1014 1345 τὰς
1067 1284 1218 1353 παρά
1267 1283 1362 1337 τοῦ
1418 1285 1736 1356 ἐπουρανίου

176 1378 415 1446 βασιλέως
440 1378 859 1441 ἀνταποδόσεις,
897 1379 1014 1449 ἢτοι
1056 1376 1291 1448 ἀμοιϐἀς
1313 1418 1328 1442 ,
1372 1376 1609 1444 δέξονται
1640 1378 1737 1448 τῆς

175 1470 440 1539 ὑποδοχῆς,
475 1470 567 1522 τὸν
601 1470 882 1541 καθαρμὸν
911 1469 1020 1524 τῶν
1046 1470 1347 1543 ἁμαρτιῶν.

236 1562 403 1628 Ὄρος
443 1560 551 1615 τοῦ
587 1561 737 1615 Θεοῦ
770 1561 909 1629 ὄρος
942 1562 1099 1616 πῖον.
1139 1564 1301 1633 Ὀρος
1338 1563 1434 1633 μὲν
1466 1562 1566 1633 τὴν
1612 1562 1735 1615 Ἐκ-

172 1652 380 1723 κλησίαν
403 1652 693 1723 ὀνομάζει,
727 1657 845 1707 πῖον
882 1654 939 1707 δὲ
960 1694 974 1716 ,
1001 1656 1082 1708 ὃτι
1125 1655 1417 1726 εὐτραφεῖς
1446 1656 1541 1708 καὶ
1566 1654 1732 1708 λιπα-

173 1744 261 1812 ράς
282 1743 386 1796 τῶν
414 1746 473 1796 ἐν
498 1746 635 1816 αὐτῇ
664 1745 761 1805 τὰς
784 1745 960 1815 ψυχὰς
990 1746 1384 1818 ἀπεργάζεται.
1438 1750 1615 1815 Ὅρος
1640 1764 1731 1801 τε-

172 1835 521 1904 τυρωμένον;
557 1836 693 1905 ὄρος
721 1836 890 1890 πῖον
923 1838 1023 1891 ἵνα
1060 1840 1118 1891 τί
1148 1839 1597 1907 ὑπολαμϐάνετε
1628 1840 1732 1907 ὄρη

1840 642 1968 709 quia
1998 640 2263 710 pretiosas
2301 649 2357 693 et
2401 640 2671 709 sapientes
2698 638 2898 709 φρένας
2935 654 3032 695 seu
3074 650 3283 695 mentes
3310 656 3397 693 eo-

1843 747 1963 785 rum
1993 731 2087 800 qui
2114 731 2421 801 acceperint
2462 730 2723 786 elliciunt.

1902 824 1989 879 i5.
2029 824 2167 877 Dum
2196 825 2441 878 discernit
2467 825 2687 877 cmleslis
2722 838 2861 891 reges
2894 838 3048 891 super
3068 838 3207 875 eam.
3236 820 3407 891 Reges

1836 926 1996 972 vocat
2032 918 2309 986 apostolos
2367 917 2667 971 haereditati
2710 932 2825 971 sua:
2875 916 3221 984 imperantes.
3276 913 3409 968 Nive

1838 1009 2243 1073 dealbabuntur,
2280 1012 2435 1079 quasi
2469 1010 2614 1065 dicat
2646 1008 3022 1079 purgabuntur
3052 1028 3066 1063 :
3100 1006 3165 1062 In
3195 1006 3404 1063 Selmon

1840 1103 2223 1171 interpretttur
2248 1104 2302 1154 in
2336 1102 2697 1155 retributione.
2718 1100 2809 1153 Ait
2841 1100 3003 1170 igitur
3024 1115 3119 1154 eos
3153 1100 3245 1169 qui
3282 1115 3407 1155 san-

1839 1203 1956 1247 ctos
1986 1195 2263 1262 apostolos
2288 1194 2609 1264 receperint,
2652 1209 2683 1248 a
2708 1193 2915 1247 cmlesti
2949 1209 3072 1264 rege
3094 1193 3404 1248 retributio-

1840 1298 1958 1348 nes,
1988 1284 2103 1339 sive
2148 1286 2369 1353 praemia
2412 1296 2750 1355 accepturos,
2794 1285 3001 1340 scilicet
3035 1286 3404 1355 purgationem

1840 1390 2207 1445 peccatorum.

1911 1559 1996 1613 16.
2038 1560 2186 1613 Mons
2221 1559 2347 1625 Dei,
2380 1576 2527 1612 mons
2573 1561 2807 1629 pinguis.
2842 1558 3076 1613 Montem
3122 1568 3279 1613 vocat
3306 1555 3403 1612 Ec-

1838 1650 2055 1705 clesiam
2079 1670 2091 1704 :
2124 1650 2377 1722 pinguem
2398 1651 2550 1716 dicit,
2583 1652 2713 1719 quia
2736 1651 2961 1720 pingues
2980 1662 3031 1703 et
3054 1650 3263 1718 opimas
3286 1650 3406 1703 red-

1838 1741 1918 1796 dit
1954 1741 2166 1796 animas
2198 1757 2319 1812 qua:
2359 1742 2410 1795 in
2460 1743 2549 1796 illa
2590 1742 2810 1812 degunt.
2861 1741 3015 1794 Mons
3061 1742 3402 1811 coagulatus.

1840 1848 1988 1887 mons
2044 1835 2273 1903 pinguis,
2304 1834 2489 1903 utquid
2535 1835 2871 1904 suspicamini
2918 1844 3114 1887 montes
3160 1835 3401 1905 coagula-

171 1927 555 1998 τετυρωμένας
618 1930 727 1982 Καὶ
777 1929 882 2001 μὴν
931 1930 1025 1984 καὶ
1053 1931 1463 2002 τετυρωμένον,
1488 1932 1732 1983 τουτέστι

1837 1928 1957 1979 tos?
1983 1924 2363 1995 Coagulatum,
2390 1934 2475 1980 est
2518 1926 2657 1980 lacte
2685 1927 2924 1996 plenum,
2951 1926 3285 1995 simpliciore
3325 1932 3402 1977 vi-

170 2019 418 2086 γάλακτος
468 2021 666 2090 μεστὸν
685 2060 698 2083 ,
729 2020 1097 2093 ἀπλουστέρου
1126 2021 1325 2093 δηλαδὴ
1355 2022 1511 2089 λόγου
1533 2063 1547 2087 ,
1588 2022 1731 2076 κατά

170 2110 249 2162 τόο
279 2108 443 2163 Γάλα
466 2109 624 2178 ὑμᾶς
659 2110 940 2171 ἐπότισα,
970 2112 1041 2163 οὑ
1064 2108 1295 2180 βρῶμα.
1356 2111 1613 2181 Ἐπιτιμᾷ
1640 2107 1733 2164 οὖν

170 2204 267 2263 tot;
294 2200 389 2263 τὰς
428 2200 539 2253 τῶν
590 2200 877 2269 αἱρετικῶν
933 2201 1228 2271 ἐκκλησίας
1263 2201 1734 2272 ὑπολαμϐάνουσιν

170 2288 293 2347 εἶναι
322 2293 725 2363 τετυρωμένας.
777 2292 941 2346 Οὐδὲν
973 2293 1083 2363 γὰρ
1108 2293 1166 2345 ὲν
1197 2294 1386 2355 αὐταῖς
1416 2294 1476 2346 τὸ
1498 2293 1732 2363 δυνάμε-

171 2396 249 2432 νον
276 2381 487 2451 τρέφειν
515 2384 596 2445 εἰς
616 2380 726 2447 ἕξιν
748 2384 1144 2455 πνευματικήν.
1179 2384 1296 2436 Ἵνα
1324 2385 1373 2435 τί
1398 2384 1575 2435 τοίνυν
1604 2384 1736 2435 ὐπο-

170 2470 477 2542 λαμϐἀνετε,
499 2465 545 2525 ὦ
575 2465 742 2537 οὗτοι,
772 2474 935 2544 ἕτερα
957 2472 1055 2544 ὅρη
1086 2469 1225 2526 εἷναι
1253 2472 1356 2538 ἔξω
1378 2472 1474 2541 τῆς
1507 2470 1733 2541 Ἐκκλη-

171 2564 277 2627 σίας
297 2564 664 2635 τετυρωμένα,
690 2566 784 2617 καὶ
809 2564 883 2635 μὴ
912 2565 1110 2635 μᾶλλον
1138 2562 1293 2616 τοῦτο
1318 2563 1478 2633 μόνον
1501 2562 1562 2617 τὸ
1587 2563 1732 2633 ὅρος,

168 2656 231 2706 ἐν
272 2649 318 2722 ᾧ
366 2660 398 2710 ό
435 2655 583 2721 Θεὸς
632 2655 977 2724 ηὐδόκησεν
1012 2653 1370 2722 κατοικῆσαι
1418 2656 1489 2708 ἐν
1539 2653 1737 2720 aucti);

174 2748 279 2800 Ὅτι
302 2748 406 2819 γὰρ
442 2750 499 2802 ὲν
527 2751 594 2820 τῇ
640 2746 936 2819 Ἐκκλησία
968 2749 1231 2811 κατοικεῖ,
1266 2746 1424 2816 δῆλον
1450 2747 1508 2813 ἐξ
1537 2738 1612 2800 ὧν
1638 2747 1735 2799 αὐ·-

169 2839 250 2903 τδς
283 2839 381 2909 ἔφη
402 2856 416 2871 ·
442 2833 584 2893 Ὧδε
612 2838 948 2905 κατοικήσω
970 2879 985 2904 ,
1014 2838 1105 2891 ὅτι
1136 2835 1500 2906 ῄρετισάμην
1523 2837 1734 2902 αὐτήν.

238 2933 302 2986 Τὸ
327 2932 481 3002 ἅρμα
504 2931 612 2985 τοῦ
646 2931 793 2985 Θεοῦ
819 2930 1269 3001 μυριοπλάσιον
1292 2969 1306 2992 ,
1339 2927 1603 2997 χιλιάδες
1640 2930 1737 2981 εὐ-

172 3026 518 3091 θηνούντων.
593 3024 782 3095 Ἅρμα
820 3021 912 3075 τοῦ
939 3021 1075 3075 Θεοῦ
1102 3021 1200 3085 τάς
1246 3020 1597 3091 ἐπουρανίους
1642 3019 1735 3071 καὶ

170 3116 348 3187 νοητὰς
368 3115 627 3187 δυνάμεις
650 3115 835 3186 φησιν,
866 3111 953 3177 αἷς
979 3116 1253 3185 ἐποχεῖται
1270 3115 1298 3166 ὁ
1322 3111 1474 3175 Θεὸς.
1509 3113 1732 3182 Ὅμοιον

169 3208 217 3261 δὲ
236 3209 308 3280 τῷ
327 3210 630 3282 εἰρημένῳο
660 3210 855 3262 Χίλιαι
878 3206 1144 3277 χιλιάδες
1172 3206 1595 3274 ἐλειτούργουν
1628 3206 1732 3257 αὐ-

1836 2016 2033 2070 delicet
2070 2030 2343 2079 sermone,
2368 2014 2524 2083 juxta
2568 2015 2699 2069 illud
2730 2034 2744 2069 ε
2774 2013 2935 2067 Lacte
2958 2030 3043 2067 vos
3075 2014 3274 2081 potavi,
3305 2028 3407 2065 non

1834 2108 1947 2163 cibo
1969 2108 2036 2162 ".
2062 2106 2323 2177 Obiurgat
2362 2107 2543 2176 itaque
2571 2121 2667 2161 eos
2703 2108 2797 2177 qui
2832 2107 3213 2161 haereticorum
3240 2106 3408 2161 eccle-

1836 2203 1947 2255 sias
1970 2200 2284 2269 coagulatas
2314 2214 2433 2253 esse
2458 2197 2829 2267 suspicantur.
2857 2196 3001 2251 Nihil
3029 2199 3227 2268 quippe
3268 2199 3412 2252 inest

1835 2294 1915 2345 eis
1954 2292 2099 2361 quod
2148 2292 2291 2345 alere
2338 2291 2512 2360 possit
2542 2290 2607 2343 ad
2655 2290 2991 2358 spiritualem
3037 2290 3225 2343 vitam.
3264 2287 3411 2341 Heus

1838 2397 1953 2444 vos,
1973 2381 2104 2450 quid
2136 2381 2490 2449 suspicamini
2512 2380 2649 2435 alios
2675 2390 2829 2434 extra
2863 2379 3161 2435 Ecclesiam
3195 2390 3410 2435 montes

1836 2488 1959 2527 esse
1981 2473 2318 2543 coagulatos,
2351 2483 2403 2527 et
2438 2486 2543 2526 non
2576 2472 2755 2543 potius
2777 2482 3018 2527 montem
3054 2473 3203 2528 illum
3230 2473 3403 2528 solum

1840 2564 2117 2632 suspicitis
2138 2603 2153 2629 ,
2191 2566 2245 2617 in
2282 2580 2384 2633 quo
2429 2563 2808 2633 beneplucitum
2840 2571 2917 2615 est
2955 2562 3062 2615 Deo
3090 2564 3327 2617 habitare
3356 2564 3412 2615 in

1838 2657 1935 2709 eo?
1961 2656 2114 2721 Quod
2132 2657 2275 2709 enim
2299 2658 2350 2709 in
2378 2656 2615 2709 Ecclesia
2642 2654 2865 2718 habitet,
2898 2654 3070 2722 palam
3100 2664 3263 2707 estex
3291 2651 3411 2721 ejus

1841 2746 2021 2800 verbis
2048 2764 2061 2800 :
2092 2746 2195 2799 llic
2226 2747 2475 2798 habixabo
2502 2747 2749 2815 quoniant
2781 2747 2911 2815 elegi
2940 2762 3055 2798 eam
3080 2745 3145 2799 ".

1919 2928 2005 2993 18,
2036 2929 2120 2983 l9.
2146 2926 2346 2983 Currus
2377 2928 2470 2983 Dei
2495 2928 2669 2982 decem
2700 2927 2930 2981 millibus
2960 2927 3255 2996 multiplex,
3286 2928 3409 2979 mil~

1836 3020 1911 3074 lia
1955 3021 2272 3083 lwtantium,
2302 3031 2405 3077 etc.
2444 3020 2677 3075 Currum
2716 3019 2810 3075 Dei
2856 3029 3013 3074 vocat
3057 3020 3310 3073 caelestes
3340 3034 3403 3072 ac

1838 3114 2148 3182 spirituales
2172 3115 2419 3179 virtutes,
2454 3114 2654 3183 quibus
2683 3114 2896 3167 vehitur
2921 3111 3082 3167 Deus.
3110 3110 3297 3164 Simile
3320 3122 3403 3164 est

1839 3206 1915 3261 illi
1946 3224 1959 3259 :
1996 3205 2171 3259 Millia
2196 3205 2424 3257 millium
2454 3204 2827 3257 ministrabant
2852 3205 2919 3264 ei,
2948 3214 2995 3257 et
3028 3206 3195 3257 decies
3218 3203 3405 3256 millies

168 3268 291 3364 τῷ..
312 3268 407 3355 καὶ
435 3268 656 3372 ’μύριαι
682 3268 967 3371 μυριάδες
1012 3296 1521 3367 παρειστήκεισαν
1550 3294 1731 3360 αὐτῷ.

1837 3302 1972 3355 dena
2002 3302 2173 3355 millia
2225 3302 2543 3355 assistebant
2576 3301 2623 3353 ei
2650 3300 2717 3353 ”.
2757 3298 2820 3352 lli
2856 3310 2984 3354 sunt
3026 3301 3115 3369 qui
3159 3301 3410 3355 lcetantur

170 3387 313 3445 Οὗτοι
340 3392 394 3446 δέ
420 3394 527 3447 εἰσι
561 3393 653 3446 καὶ
680 3391 1051 3463 εὐθηνοῦντες,
1082 3391 1177 3443 ac:
1204 3387 1609 3459 ἀπηλλαγμένοι
1636 3390 1733 3458 τῆς

170 3485 446 3555 ἁμαρτίας.
500 3486 559 3539 '0
601 3474 658 3537 ἓν
683 3484 855 3552 τούτῳ
882 3478 975 3535 οὖν
1017 3481 1095 3552 τῷ
1130 3481 1337 3552 ἀρματι
1370 3480 1735 3551 ἐποχούμενος

171 3573 267 3625 τῶν
301 3574 575 3645 μυριάδων
611 3572 771 3635 αὑτός
815 3574 961 3625 ἐστιν
992 3573 1020 3625 ὁ
1063 3572 1298 3643 Κύριος,
1344 3573 1372 3624 ό
1422 3572 1516 3625 καὶ
1570 3573 1627 3623 ὲν
1656 3568 1735 3640 τῷ

172 3664 290 3736 Σινᾷ
315 3665 391 3736 τῷ
415 3665 557 3735 ἁγίῳ
590 3664 703 3736 ὄρει
735 3663 827 3717 τὸν
853 3664 1016 3736 νόμον
1044 3663 1187 3727 δούς.
1238 3664 1411 3727 Αὐτὸς
1438 3663 1492 3715 δὲ
1520 3662 1680 3716 πάλιν
1707 3666 1735 3716 ό

170 3758 240 3819 είς
265 3756 392 3827 ὕψος
418 3756 647 3820 ἀναϐὰς,
670 3756 817 3823 λέγει
844 3755 901 3809 δὲ
928 3754 989 3809 τὸ
1011 3754 1105 3809 τοῦ
1133 3754 1387 3825 σταυροῦ,
1417 3755 1511 3807 καὶ
1535 3756 1735 3823 αἰχμα-

171 3851 428 3915 ιωτεύσας
451 3849 845 3921 αἰχμαλωσίαν,
876 3848 1121 3901 τουτέστι
1148 3847 1246 3911 τὰς
1276 3846 1725 3916 αῖχμαλωτισθείυ

171 3955 259 4003 σας
310 3939 487 4011 ψυχὰς
542 3937 695 4008 παρά
738 3937 831 3990 τοῦ
883 3936 1129 3990 διαϐόλου
1160 3934 1731 4006 ἀνταιχμαλωτεύσας.

171 4030 326 4083 Τοῦτο
345 4032 453 4101 γάρ
472 4029 635 4093 αὐτὸς
663 4028 1028 4100 ἐπηγγέλλετο
1050 4027 1223 4095 λέγων
1249 4044 1263 4059 ο
1292 4029 1408 4081 Ὀτ’
1438 4026 1503 4081 ἂν
1535 4025 1735 4096 ὑψωθῶ

171 4122 226 4173 ἑκ
256 4122 349 4192 τῆς
376 4121 505 4193 γῆς,
536 4124 743 4183 πάντας
766 4120 976 4172 ἑλκύσω
1008 4119 1144 4190 πρὸς
1177 4119 1433 4189 ἐμαυτόν.
1487 4118 1736 4184 Ἕλαϐες

169 4210 379 4282 δόματα
398 4213 470 4267 ἐν
487 4213 838 4280 ἀνθρώποις.
874 4213 984 4265 Καὶ
1013 4209 1163 4282 παρά
1184 4211 1326 4274 τινος
1350 4209 1507 4264 ἔλαϐε
1529 4209 1737 4280 δόματα

170 4304 455 4375 ἀνθρώπων
481 4306 515 4375 ἢ
549 4304 701 4375 παρά
721 4304 816 4357 τοῦ
845 4303 1055 4375 [ἰατρὸς
1088 4301 1181 4355 τοῦ
1214 4303 1495 4375 εἰρηκότος
1514 4317 1529 4330 ⁸
1564 4301 1736 4367 Αἴτη-

168 4405 263 4444 σαι
284 4392 415 4463 παρ’
444 4391 593 4462 ἐμοῦ
614 4430 631 4458 ,
658 4391 754 4445 καὶ
780 4390 951 4445 δώσω
987 4405 1085 4445 σοι
1118 4390 1261 4460 ἔθνη
1290 4392 1404 4460 τὴν
1440 4395 1733 4460 κληρονο-

166 4486 300 4552 μίαν
329 4502 447 4541 σου
468 4501 488 4551 ;

232 4579 334 4632 Καὶ
362 4580 473 4647 γὰρ
504 4578 900 4643 ἀπειθοῦντας
946 4576 1052 4630 τοῦ
1098 4574 1581 4642 maerrem-(30m.
1626 4567 1717 4627 Οὖο
1768 4608 1809 4661 D

1834 3402 2019 3463 utpote
2050 3408 2080 3448 a
2113 3406 2334 3464 peccato
2366 3392 2604 3446 liberati.
2629 3391 2731 3457 Qui
2764 3393 2863 3445 hoc
2889 3392 3151 3445 denorum
3180 3392 3407 3445 millium

1836 3501 2001 3539 curru
2028 3486 2264 3552 vehitur,
2304 3484 2570 3539 Dominus
2597 3494 2700 3551 est,
2726 3484 2819 3554 qui
2846 3492 2900 3538 et
2927 3483 2978 3537 in
3009 3493 3191 3539 monte
3220 3494 3410 3538 saneto

1838 3580 1992 3635 Sinai
2029 3580 2199 3651 legem
2246 3580 2417 3634 dedit.
2461 3580 2514 3633 ls
2556 3578 2673 3649 ipse
2706 3578 2831 3632 item
2877 3586 2959 3631 est
2996 3578 3088 3647 qui
3125 3579 3176 3631 in
3218 3578 3405 3641 altum,

1838 3672 1954 3727 sive
1981 3672 2033 3724 in
2071 3686 2287 3726 crucem
2322 3670 2655 3732 ascendens,
2690 3670 2956 3737 captivam
2995 3668 3149 3722 duxit
3184 3669 3408 3737 captivi-

1838 3774 2003 3818 tatem
2032 3765 2099 3828 ³⁸,
2136 3762 2187 3815 id
2228 3770 2313 3816 est
2354 3764 2567 3817 animas
2619 3778 2648 3815 a
2677 3761 2891 3815 diabolo
2940 3762 2991 3815 in
3040 3762 3405 3830 captivitatem

1837 3856 2029 3911 ductas
2056 3856 2169 3925 ipse
2202 3855 2396 3909 iterum
2441 3854 2603 3924 cepit.
2630 3852 2683 3907 Id
2710 3852 3002 3922 eninripse
3034 3854 3303 3922 pollicitus
3326 3864 3409 3907 est

1836 3950 2056 4019 quando
2099 3946 2237 4001 dixit
2267 3965 2281 4001 ε
2317 3944 2449 3999 Cum
2491 3946 2755 3999 exaltatus
2793 3944 2941 4014 fuero
2971 3962 3003 3996 a
3035 3952 3195 4007 terra,
3224 3945 3405 3997 omnia

1839 4033 2048 4087 trahant
2073 4032 2142 4085 ad
2173 4034 2423 4101 meipsum
2450 4033 2514 4085 ³¹.
2540 4034 2801 4102 Accepisti
2830 4034 2967 4086 dona
3001 4034 3056 4085 in
3089 4034 3404 4087 hominibus.
3454 4070 3455 4073 η

1834 4126 1880 4179 Δ
1906 4140 2145 4193 quonam
2183 4125 2390 4191 accepit
2423 4124 2563 4177 dona
2601 4125 2913 4178 hominibus
2960 4124 3267 4193 praebenda,
3297 4126 3404 4179 nisi

1835 4232 1865 4270 a
1892 4214 2050 4270 Patre
2078 4216 2170 4286 qui
2202 4215 2337 4270 dixit
2362 4216 2410 4247 "
2437 4235 2449 4270 :
2482 4215 2704 4269 Postula
2723 4234 2753 4269 a
2782 4233 2858 4269 me
2886 4227 2934 4269 et
2953 4218 3087 4270 dabo
3116 4218 3211 4272 tibi
3232 4230 3405 4273 nentes

1836 4308 2193 4362 ha'reditatent
2231 4318 2374 4361 tuam
2402 4310 2425 4361 ?

1910 4562 2002 4617 το.
2036 4562 2241 4616 Etenim
2288 4578 2391 4614 non
2433 4562 2695 4615 credentes
2738 4563 3050 4619 inhabitare.
3086 4564 3173 4633 lli,
3209 4566 3406 4638 inquit,

171 4685 270 4734 τοι,
296 4671 493 4743 φησιν,
531 4672 581 4723 οι
618 4669 924 4741 ἄνθρωποι,
952 4668 1045 4731 οὒς
1072 4668 1262 4733 ἔλαϐες
1285 4668 1492 4739 δόματα
1514 4706 1529 4730 ,
1566 4665 1733 4719 πάλαι

1840 4656 2108 4719 homines,
2155 4669 2293 4722 quos
2336 4653 2593 4722 accepisti
2633 4654 2685 4707 in
2716 4653 2881 4717 dona,
2926 4657 3054 4711 olim
3093 4668 3249 4713 erant
3292 4675 3400 4714 non

170 4758 294 4833 ἦσαν
312 4761 680 4826 ἀπειθοῦντες.
718 4761 877 4815 Ἀλλά
904 4761 998 4815 καὶ
1024 4760 1255 4826 τούτοις,
1286 4760 1438 4829 φησι,
1468 4760 1736 4829 κατεσκή-

172 4865 351 4913 νωσας.
390 4852 549 4905 Ἐστι
580 4851 636 4904 δὲ
674 4850 740 4903 δι’
776 4848 1086 4921 ὑπερϐατοῦ
1121 4852 1153 4919 ὴ
1188 4848 1415 4902 διάνοια.
1480 4849 1734 4914 Ἕλαϐες

169 4936 378 5008 δόματα
416 4944 491 4997 ἐν
517 4942 876 5016 ἀνθρώποις,
913 4942 1055 4997 ὥστε
1091 4941 1512 5013 κατασκηνῶσαι
1548 4942 1606 4993 ὲν
1636 4942 1734 4994 αὑ-

171 5035 288 5096 τοῖς,
312 5034 555 5105 δηλονότι
586 5039 696 5099 τοῖς
721 5034 1036 5105 διδομένοις.
1072 5034 1234 5087 Αὐτοὶ
1264 5033 1323 5086 δὲ
1344 5024 1513 5095 οὗτοι,
1547 5033 1731 5103 φησιν,

172 5122 254 5188 οὓς
280 5124 465 5190 ἔλαϐες
483 5165 498 5189 ,
537 5126 702 5180 πάλαι
737 5121 873 5196 ἦσαν
897 5124 1161 5187 ἀπειθεῖς.
1189 5122 1356 5194 Δῆλον
1380 5121 1434 5173 δὲ
1451 5161 1466 5187 ,
1493 5122 1573 5175 ὅτι
1596 5163 1611 5188 ,
1645 5122 1733 5175 ὅτε

172 5216 230 5286 τῇ
255 5216 421 5270 κτίσει
455 5215 608 5287 παρά
637 5216 729 5268 τὸν
763 5214 1024 5269 κτίσαντα
1047 5212 1357 5285 ὲλάτρευον.

233 5394 434 5463 Κύριος
462 5398 497 5450 ό
552 5392 697 5458 Θεὸς
744 5391 1074 5464 εὐλογητὸς
1098 5430 1113 5454 ,
1146 5390 1474 5461 εὐλογητὸς
1521 5390 1735 5459 Κύριος

174 5482 382 5552 ἡμέραν
416 5487 548 5541 καθ’
581 5485 832 5555 ἡμέραν.
904 5484 1029 5538 Ἐπὶ
1082 5482 1305 5553 μεγάλῳ
1351 5479 1735 5551 κατορθώματι

174 5570 327 5642 ὕμνον
354 5576 669 5646 ἀναπέμπει
704 5574 792 5647 τῷ
827 5576 945 5646 Θεῷ
967 5616 982 5637 ,
1022 5577 1052 5628 ό
1083 5575 1243 5647 χορὸς
1274 5575 1331 5629 δὲ
1359 5573 1599 5645 δηλονότι
1628 5571 1736 5625 τῶν

173 5663 465 5722 ἀποστόλων
535 5665 942 5721 Κατευοδώσει
974 5666 1120 5734 ἡμῖν
1149 5668 1183 5721 ὀ
1223 5664 1367 5733 Θεὸς
1396 5667 1516 5718 τῶν
1543 5676 1737 5734 σωτη-

1835 4748 2136 4800 credentes.
2158 4744 2262 4798 Sed
2293 4743 2345 4798 in
2372 4745 2497 4812 illis,
2520 4746 2614 4811 ait,
2634 4747 2969 4803 inhabitasti.
2997 4750 3151 4817 Quod
3183 4766 3277 4822 per
3308 4752 3407 4822 hy-

1837 4839 2116 4909 perbaton,
2136 4838 2250 4892 sive
2278 4838 2766 4909 transgressionem
2789 4840 3077 4894 verborum
3106 4841 3410 4908 intelligen-

1837 4932 1988 4985 dum.
2029 4930 2280 4997 Accepisti
2313 4929 2455 4981 dona
2496 4929 2552 4980 in
2594 4927 2913 4995 hominibus,
2942 4930 3011 4983 ita
3048 4939 3107 4983 ut
3137 4931 3408 4987 inhabiles

1839 5024 1893 5077 in
1920 5023 2021 5086 eis,
2046 5020 2293 5075 videlicet
2338 5018 2389 5071 in
2421 5018 2502 5073 eis
2533 5020 2626 5089 qui
2653 5018 2768 5075 dati
2808 5032 2954 5075 sunt.
2991 5022 3030 5075 li
3071 5032 3250 5078 autem
3283 5025 3407 5095 ipsi,

1840 5114 1934 5177 ait,
1965 5128 2105 5183 quos
2153 5110 2433 5181 accepisti,
2464 5112 2595 5166 olim
2632 5128 2739 5166 non
2780 5114 3062 5169 credentes
3088 5128 3243 5171 erant
3268 5134 3283 5171 :
3313 5133 3409 5187 pa-

1841 5206 1947 5259 lam
1980 5213 2159 5259 autem
2189 5214 2272 5258 est
2313 5203 2366 5258 id
2403 5213 2515 5259 tum
2554 5206 2818 5269 evenisse,
2853 5206 3071 5275 quando
3102 5216 3406 5265 creaturam

1842 5297 2020 5366 potius
2046 5311 2209 5365 quam
2238 5293 2549 5350 Creatorem
2582 5296 2827 5351 colebant
2849 5297 2912 5349 ³³.

1923 5389 2171 5441 Dominus
2210 5387 2345 5440 Deus
2374 5386 2692 5453 benedictus,
2729 5388 3026 5444 benedictus
3052 5388 3300 5446 Dominus
3325 5393 3410 5447 die

1842 5480 2093 5553 quotidie.
2138 5479 2222 5535 Ob
2258 5494 2372 5533 rem
2417 5482 2674 5551 prteclare
2711 5492 2918 5552 gestam
2948 5485 3206 5554 hymnum
3254 5486 3413 5541 oﬂ'ert

1845 5574 1954 5628 Deo
1979 5572 2199 5637 chorus,
2233 5581 2291 5624 ut
2325 5573 2501 5641 palam
2529 5581 2631 5636 est,
2659 5576 3051 5643 apostolorum.
3090 5575 3411 5646 Prosperum

1844 5666 1944 5718 iter
1997 5664 2153 5733 faciet
2198 5662 2345 5715 nobis
2402 5664 2538 5717 Deus
2573 5665 2893 5719 salutarium
2938 5678 3256 5722 nostrorum.
3307 5668 3413 5731 Tu,

236 5784 276 5813 "
301 5783 316 5837 l
344 5784 470 5841 Cor.
508 5801 590 5846 ιιι.
622 5782 677 5837 2.
744 5784 788 5815 ³⁸
820 5783 1175 5848 Psal.cxnt,
1203 5783 1289 5841 ιι.
1371 5785 1413 5817 ’⁸
1446 5782 1578 5837 Dan.
1614 5799 1705 5850 vn,

1837 5830 1838 5837 η
1916 5783 1958 5815 ³⁰
1982 5780 2181 5853 Ephcs.
2218 5796 2289 5843 tv,
2319 5780 2371 5833 8.
2460 5781 2499 5811 "
2531 5778 2688 5835 Joan.
2718 5797 2833 5849 xm,
2862 5782 2951 5837 5‘3.
3036 5783 3080 5815 "
3108 5781 3246 5836 Psal.
3274 5797 3332 5846 ll,
3358 5780 3409 5839 8.

179 5850 216 5883 ’³
242 5853 389 5911 Rern.
424 5871 463 5920 t,
490 5856 584 5910 25.

601 5949 868 6005 PATBOL.
903 5945 1022 6007 Gn.
1054 5946 1313 6006 XXVII.

3062 5946 3131 6006 10
