4108 6496
153 431 236 488 301

1164 424 1526 485 Εχβοειτιο
1564 428 1632 485 ΙΝ
1670 428 1996 488 PSALMUM
2035 434 2238 494 LXVII.

3266 410 3372 469 302

153 566 269 619 ματι
290 548 383 602 καὶ
415 546 650 619 ἀληθείᾳ
680 545 953 617 λατρείας,
985 543 1083 615 τῆς
1112 541 1471 612 εύαΠελικῆς
1522 538 1708 609 δηλον-

1826 567 1862 611 :t
1882 557 2109 612 veritate
2126 557 2192 620 ³³,
2238 556 2286 609 id
2308 565 2392 610 est
2421 552 2805 616 evangelicae).
2832 551 2897 606 In
2927 552 3095 606 medio
3116 566 3371 621 juventu-

149 645 238 697 ότι.
282 641 376 693 Ἐν
398 637 577 708 μέσῳ
603 638 891 693 νεανίδων
911 632 1408 706 τυμπανιστριῶν.
1448 630 1707 691 Νεὰνιδὰς

152 749 270 801 φησι
288 732 383 793 τὰς
410 731 500 785 διὰ
523 732 622 785 τοῦ
645 730 799 799 ἁγίου
820 726 1131 798 Πνεύματος
1163 724 1388 796 ἰσχυρὰς
1414 722 1710 792 γενομένας

151 825 246 877 τῶν
285 822 701 877 πιστευσάντων
748 820 922 890 ψυχὰς
944 857 959 880 ,
1005 817 1101 881 τὰς
1147 814 1600 877 κατακτυπούσας
1633 811 1712 882 τῷ

152 914 477 985 εὖαγγελικῷ
508 912 825 984 κηρύγματι
848 910 944 981 τὴν
968 910 1057 963 ὑπ’
1081 908 1324 977 οὐρανόν.
1357 902 1456 959 Ὧν
1482 907 1539 959 ὲν
1564 904 1712 973 μέσῳ

151 1008 423 1075 γεγόνασιν
460 1008 512 1060 oi
546 1007 691 1074 ᾶγιοι
723 1003 1007 1059 ἀπόστολοι
1027 1042 1043 1065 ,
1082 999 1318 1071 δηλονότι
1339 998 1437 1068 τῆς
1461 995 1713 1069 λατρείας

152 1099 478 1168 ἐξάρχοντες.

223 1187 321 1241 Ἔν
349 1184 710 1252 ἐκκλησίαις
749 1178 1051 1249 εὐλογεῖτε
1084 1178 1192 1232 τὸν
1225 1177 1373 1233 Θεὸν
1402 1177 1619 1245 Κύριον
1644 1175 1713 1229 ἐκ

154 1275 343 1346 πηγῶν
377 1273 646 1342 Ἰσραήλ.
698 1274 875 1344 Πηγαὶ
908 1272 1006 1343 μὲν
1027 1270 1123 1324 τοῦ
1164 1268 1379 1340 Ἰσραὴλ
1403 1264 1511 1322 εἷεν
1559 1262 1624 1320 ἂν
1664 1267 1712 1318 οἱ

157 1366 400 1439 μακάριοι
421 1364 719 1434 προφῆται,
736 1363 829 1417 καὶ
848 1362 953 1433 πρό
974 1378 1039 1430 γε
1060 1359 1262 1413 τούτων
1286 1362 1314 1412 ὁ
1342 1359 1522 1429 νόμος.
1552 1357 1714 1424 Λέγει

154 1455 255 1521 οὖν,
281 1458 355 1520 ὡς
382 1456 608 1511 ἄλλοθεν
628 1455 686 1509 οὐ
710 1453 982 1525 προσῆκεν
1007 1453 1136 1523 ἡμῖν
1162 1451 1252 1503 τὸν
1277 1450 1409 1504 Θεὸν
1438 1448 1471 1522 ἢ
1504 1450 1569 1502 ὲκ
1595 1446 1717 1501 τού-

155 1566 253 1603 των
299 1546 479 1601 αὐτῶν
533 1545 866 1617 ἅρυομένους
901 1541 1233 1613 ὑμνολογεῖν.
1293 1539 1463 1593 Τοῦτο
1494 1539 1550 1592 δέ
1585 1554 1716 1607 φησι

153 1640 235 1693 διὰ
263 1638 329 1692 τὰ
357 1636 647 1709 ὲτερὸὁοξα
672 1636 783 1688 τῶν
814 1633 1105 1705 αἱρετικῶν
1140 1632 1559 1703 συγγράμματα.
1623 1630 1718 1682 Ἐκ

156 1730 383 1801 γὶρ¹τῶν
426 1727 668 1799 νομικῶν
701 1727 792 1780 καὶ
833 1722 1182 1796 προφητικῶν
1212 1721 1442 1793 Γραφῶν
1466 1722 1494 1774 ὁ
1520 1720 1718 1791 Κύριος

157 1822 445 1889 εὐλογεῖται
495 1818 632 1891 πρὸς
676 1817 783 1870 τῶν
822 1814 1131 1885 δυναμένων
1173 1812 1382 1868 ἀντλεῖν
1434 1812 1494 1876 ἐξ
1540 1810 1718 1864 αὐτῶν

1807 652 1981 703 larum
2006 649 2514 717 tympanistriarum.
2531 644 2858 699 Juvcnculas
2874 643 3005 698 dicit
3030 642 3365 698 credentium

1808 739 2040 802 animas,
2082 753 2201 807 qua
2243 752 2337 806 per
2379 734 2639 805 Spiritum
2693 741 2941 788 sanctum
2976 734 3140 787 fortes
3171 730 3371 786 effectae

1809 838 1957 894 sunt,
1985 844 2105 899 quae
2131 843 2266 883 sono
2295 828 2617 897 evangelica!
2644 823 3044 895 praedicationis
3077 823 3261 876 orbem
3295 835 3371 873 re-

1810 923 2108 992 pleverunt.
2145 920 2201 974 In
2238 934 2470 988 quarum
2510 918 2691 972 medio
2733 914 2885 970 fuere
2921 914 3091 968 sancti
3122 910 3368 980 apostoli,

1814 1021 1999 1082 utpote
2026 1009 2362 1065 adorationis
2391 1008 2686 1079 principes.

1890 1189 1979 1244 27.
2012 1186 2079 1242 In
2101 1187 2329 1242 ecclesiis
2361 1185 2641 1240 benedicite
2668 1182 2774 1236 Deo
2803 1182 3022 1236 Domino
3050 1181 3113 1234 de
3142 1177 3372 1249 fontibus

1817 1280 2005 1337 Israel.
2028 1279 2229 1334 Fontes
2261 1279 2423 1333 lsrael
2449 1276 2649 1332 fuerint
2678 1274 2818 1329 beati
2851 1277 3145 1344 prophetar,
3169 1280 3221 1324 et
3252 1279 3375 1323 ante

1814 1389 1909 1429 eos
1942 1374 2048 1427 lex.
2089 1372 2224 1425 Dicit
2254 1370 2437 1439 igitur,
2473 1380 2816 1435 nequaquam
2857 1380 2955 1434 par
2990 1378 3108 1416 esse
3147 1366 3375 1431 hymnus

1815 1462 2033 1518 aliunde
2064 1475 2225 1530 quam
2268 1474 2333 1512 ex
2368 1458 2435 1511 iis
2464 1458 2687 1509 haustos
2738 1452 2931 1507 oll'erre
2958 1450 3090 1506 Deo.
3133 1448 3245 1504 Hoc
3274 1464 3372 1501 au-

1818 1566 1927 1613 tem
1973 1556 2047 1608 ait
2094 1562 2311 1623 propter
2361 1548 2687 1604 hcterodosa
2737 1546 3115 1601 haereticorum
3152 1543 3372 1611 scripta.

1818 1646 1893 1700 Ex
1928 1644 2190 1715 legalibus
2226 1643 2424 1711 quippe
2469 1638 2907 1709 propheticisque
2938 1633 3236 1702 Seripturis
3272 1632 3377 1684 Do-

1816 1738 1965 1792 mino
1990 1734 2406 1791 benediciturah
2432 1730 2498 1784 iis
2522 1728 2613 1799 qui
2640 1735 2866 1798 possunt
2891 1741 2957 1780 ex
2986 1726 3091 1778 illis
3111 1740 3232 1793 qua:
3252 1732 3377 1776 sunt

1808 1801 1943 1883 'l'ons
1974 1826 2185 1886 salutis,
2230 1836 2423 1891 aquam
2470 1834 2593 1876 cum
2649 1818 2833 1872 laetitia
2880 1816 3119 1876 haurire,
3155 1814 3222 1866 de
3268 1826 3374 1881 qua

160 1909 413 1979 σωτηρίου
447 1889 631 1977 πηγὴν
663 1905 835 1959 οὐσῶν
864 1905 980 1975 μετ’
1009 1903 1341 1974 εὐφροσύνης
1377 1900 1518 1973 ὕδωρ
1540 1940 1555 1961 ,
1590 1901 1718 1970 περὶ

1826 1919 1951 1975 dicit
1989 1916 2235 1970 Salvator
2267 1889 2311 1945 ’μ’
2338 1932 2351 1967 :
2388 1911 2493 1977 Qui
2526 1909 2707 1963 biberit
2733 1924 2797 1961 ea:
2840 1922 2979 1975 aqua
3005 1918 3161 1973 quam
3194 1919 3286 1973 ego
3309 1902 3377 1953 do

158 1995 211 2054 οὗ
241 2000 422 2067 ἔλεγεν
460 2001 490 2051 ὁ
531 1997 718 2067 Σωτήρ
738 2012 751 2026 ο
809 1997 912 2060 ⁸ος
936 1993 987 2045 δ’
1018 1993 1094 2047 ἂν
1128 1994 1231 2060 πίῃ
1265 1993 1333 2045 ἐκ
1367 1990 1472 2044 τοῦ
1503 1990 1718 2056 ὓδατος

158 2088 223 2147 εὖ
252 2090 364 2160 ἐγὼ
390 2088 603 2155 δίδωμι
628 2083 805 2148 αὐτῷ,
834 2085 955 2149 ἕξει
977 2085 1046 2138 ἐν
1065 2080 1254 2145 ἑαυτῷ
1278 2079 1480 2150 πηγήν
1502 2078 1719 2143 ὕδατος

160 2178 491 2248 ἁλλομένου
536 2178 624 2241 εὶς
657 2173 807 2240 ζωὴν
832 2173 1089 2226 αἰώνιον.
1158 2168 1469 2236 Ἐλεγκτέον
1509 2167 1565 2221 δὲ
1596 2167 1722 2232 τοὺς

162 2267 491 2338 διαιροῦντας
532 2265 631 2335 τὴν
672 2262 914 2316 Παλαιὰν
941 2261 1034 2314 καὶ
1078 2260 1221 2313 Νέαν
1255 2258 1510 2332 Γραφὴν,
1549 2257 1625 2320 ὡς
1659 2256 1721 2309 ού

162 2359 401 2411 δύνανται
428 2357 490 2408 ὲν
534 2353 846 2423 ἐκκλησίαις
873 2353 1112 2421 εὐλογεῖν
1142 2351 1231 2405 τὸν
1258 2349 1419 2413 Θεὸν,
1446 2348 1545 2402 οὐκ
1573 2347 1722 2419 ἔχον-

160 2468 244 2513 τες
274 2449 371 2513 τὰς
401 2448 501 2502 τοῦ
535 2445 749 2517 Ἰσραὴλ
776 2443 977 2514 πηγὰς,
1010 2443 1128 2497 οὐδὲ
1150 2443 1241 2496 τὸν
1275 2442 1477 2515 Κύριον
1508 2439 1717 2494 αὐτῶν

162 2544 249 2597 ἅτε
280 2542 374 2595 καὶ
408 2540 513 2610 τὴν
547 2538 771 2608 θεύτητα
802 2537 1025 2608 διαιρεῖν
1048 2535 1371 2607 τολμῶντες.

219 2625 366 2686 ’Ἐκεῖ
385 2630 673 2698 Βενιαμὶν
690 2626 965 2695 νεώτερος
986 2627 1055 2679 ὲν
1076 2623 1379 2680 ἐκστάσει.
1396 2622 1573 2686 Ἐκεῖ,
1598 2620 1723 2687 ποῦ,

162 2724 193 2795 ἦ
219 2725 271 2776 ὲν
302 2722 453 2795 μέσῳ
472 2720 585 2774 τῶν
608 2719 946 2789 ψαλλόντων;
989 2716 1072 2781 Γίς
1096 2715 1154 2769 δὲ
1174 2716 1208 2768 ὁ
1232 2712 1541 2785 Βενιαμὶνῆ
1570 2715 1598 2765 ὁ
1626 2725 1726 2781 μα-

166 2815 343 2885 κάριος
376 2810 675 2873 ἀπόστολος
699 2808 936 2873 Παῦλος,
961 2810 990 2860 ὁ
1019 2809 1082 2860 ἑκ
1119 2806 1289 2876 φυλῆς
1320 2803 1604 2873 Βενιαμίν;
1654 2802 1727 2855 Τὸ

165 2906 217 2958 δὲ
246 2904 563 2971 νεώτερος.
602 2901 690 2952 διὰ
729 2899 790 2951 τὸ
832 2897 1054 2967 ὕστερον
1101 2895 1249 2966 αὐτῷ
1276 2894 1383 2948 τῶν
1417 2892 1725 2948 ἀποστόλων

164 2997 387 3066 ἀρθῆναι
405 2994 505 3046 τὸν
532 2990 750 3060 Κύριον.
810 2990 914 3043 Ἐν
934 2986 1216 3041 ἐκστάσει
1245 2986 1302 3040 δὲ
1328 2986 1416 3039 διὰ
1436 2985 1533 3050 τὰς
1559 2987 1725 3058 ὑπερ-

164 3087 319 3149 ϐολὰς
346 3085 454 3137 τῶν
487 3078 876 3148 ἀποκαλύψεων
923 3095 1087 3149 φησι,
1138 3077 1277 3131 κατὰ
1307 3078 1368 3130 τὸ
1405 3078 1531 3149 παρ’
1563 3075 1747 3143 αὑτοῦΔ

1819 2010 1889 2071 ei,
1922 2007 2125 2060 [rubebit
2166 2006 2223 2058 iu
2255 2004 2422 2072 seipso
2463 2002 2657 2071 fontem
2702 2000 2822 2053 vita!
2861 1996 3100 2051 satientis
3137 1996 3191 2048 in
3218 1994 3377 2048 vitam

1820 2110 2090 2155 teteruam.
2144 2094 2481 2164 Coarguendi
2546 2101 2725 2147 autem
2791 2097 2919 2145 sunt
2983 2088 3076 2158 qui
3133 2085 3379 2142 dividunt

1823 2201 2052 2246 veterem
2089 2188 2420 2256 Scripturam
2477 2199 2506 2237 a
2548 2197 2722 2246 nova,
2767 2179 2911 2250 quod
2949 2194 3055 2232 non
3085 2178 3295 2248 possint
3325 2177 3376 2229 iu

1821 2280 2065 2339 ecclesiis
2102 2276 2419 2333 benedicere
2457 2273 2585 2338 Deo,
2627 2286 2749 2326 cum
2786 2284 2893 2324 non
2936 2268 3167 2322 habeant
3204 2265 3378 2319 fontes

1821 2372 2061 2438 Israelis,
2078 2384 2254 2442 neque
2269 2366 2558 2423 Dominum
2578 2376 2786 2428 eorum,
2810 2369 2992 2430 utpote
3017 2359 3108 2428 qui
3125 2357 3376 2412 deitatcvn

1821 2463 2061 2521 dividere
2089 2476 2195 2517 non
2224 2459 2477 2515 audeant.

1894 2643 1984 2699 28.
2017 2642 2045 2696 ι
2051 2644 2101 2696 bi
2121 2641 2397 2711 Benjamin
2417 2634 2835 2691 adolescentulus
2856 2634 2912 2688 in
2941 2631 3127 2687 mentis
3147 2646 3379 2686 excessu.

1826 2731 1932 2796 Ibi,
1961 2731 2180 2786 ubinam
2206 2728 2311 2783 nisi
2342 2727 2395 2780 in
2415 2726 2591 2780 medio
2616 2721 3004 2795 psallentium?
3025 2721 3159 2787 Quis
3184 2729 3265 2775 est
3287 2735 3384 2774 au-

1823 2833 1929 2878 tem
1956 2819 2254 2890 Beniamin,
2278 2816 2383 2872 nisi
2408 2816 2598 2869 beatus
2629 2812 2830 2866 Paulus
2850 2812 2942 2881 qui
2969 2826 3034 2864 ex
3065 2811 3206 2864 tribu
3238 2808 3383 2864 Ben—

1818 2911 1991 2983 jamin
2040 2910 2195 2964 erat?
2242 2906 2375 2962 Illud
2418 2915 2620 2969 autem,
2667 2901 3105 2965 adolescentulus,
3161 2900 3379 2959 dicitur,

1825 3004 1953 3074 quia
1980 3002 2078 3072 ipsi
2102 3008 2224 3071 post
2246 2998 2382 3055 alios
2406 2995 2679 3067 apostolos
2709 2994 2861 3049 visus
2886 2999 2969 3047 est
2998 2992 3284 3047 Dominus.
3316 2988 3381 3046 In

1824 3110 2035 3149 excessu
2055 3102 2231 3146 autem
2255 3090 2472 3151 dicitur,
2491 3088 2560 3141 ob
2577 3085 2958 3141 revelatiomtm
2985 3084 3380 3147 excellentiam,

168 3177 475 3249 εὶρημένον·
514 3173 652 3226 Εἴτε
694 3170 1023 3240 ἐξέστημεν
1050 3168 1205 3235 Θεῷ,
1233 3169 1352 3223 εἴτε
1389 3166 1726 3237 σωφρονοῦ-

1826 3186 1977 3255 juxta
2004 3182 2132 3237 illud
2158 3182 2226 3235 ab
2248 3195 2315 3235 eo
2330 3179 2532 3235 dictum
2555 3196 2569 3232 :
2597 3175 2714 3230 Sive
2746 3185 2911 3230 mente
2936 3176 3231 3229 excedimus
3252 3173 3380 3238 Deo,

164 3287 271 3339 μεν
293 3268 453 3338 ὑμῖν.
483 3266 717 3327 Εἰκότως
739 3263 795 3317 δὲ
822 3261 983 3315 αὑτοῦ
1012 3261 1223 3333 πρώτου
1244 3260 1350 3313 τῶν
1376 3259 1547 3314 ἄλλων
1567 3258 1730 3327 ἐμνη-

171 3360 417 3430 μάνευσεν
435 3398 451 3421 ,
482 3356 576 3410 ass
604 3351 982 3424 περισσότερον
1008 3350 1117 3401 τῶν
1147 3349 1319 3402 ἄλλων
1349 3346 1727 3407 κοπιάσαντος.

174 3453 480 3517 Ἄρχοντες
518 3445 703 3500 Ἰούδα
724 3443 1009 3511 ἡγεμόνες
1031 3436 1248 3493 αὐτῶν.
1282 3438 1570 3506 Ἄρχοντες
1603 3435 1731 3489 Ἰού-

168 3539 229 3594 δα
247 3540 423 3594 αὐτῶν
449 3538 559 3590 τῶν
583 3534 890 3605 ψαλλόντων
921 3529 1203 3601 ἡγεμόνες,
1234 3529 1384 3599 φησὶ,
1413 3528 1507 3581 καὶ
1533 3527 1729 3599 ἄρχον-

171 3651 254 3697 τες
281 3626 786 3703 ἐχειροτονήθησαν.
824 3623 928 3675 Ἕκ
958 3637 1017 3674 τε
1038 3620 1136 3691 τῆς
1172 3617 1339 3673 Ἰούδα
1360 3617 1531 3687 φυλῆς
1550 3658 1565 3683 ,
1588 3616 1650 3669 εκ
1670 3632 1729 3670 τε

171 3726 263 3794 τῆς
285 3718 593 3781 Ζαϐουλὼν,
626 3716 690 3769 ἐκ
719 3732 779 3768 τε
801 3714 899 3785 τῆς
922 3710 1252 3782 Νεφθαλείμ.
1282 3710 1393 3763 Καὶ
1414 3711 1480 3763 ὲκ
1500 3708 1598 3778 μὶν
1628 3708 1728 3760 Ζα-

172 3815 370 3870 ϐουλὼν
397 3812 495 3867 καὶ
521 3804 833 3878 Νεφθαλεὶμ
866 3804 1067 3875 Πέτρος
1098 3803 1191 3855 καί
1224 3799 1471 3871 Ἀνδρέας
1500 3800 1591 3852 καὶ
1623 3798 1729 3851 Ἰά-

171 3907 337 3970 κωὸος
365 3905 464 3959 καὶ
502 3901 752 3970 Ἰωάννης
772 3937 787 3959 ,
827 3894 962 3950 καθὸ
987 3894 1050 3947 τὸ
1095 3891 1423 3961 Εὐαγγὲλιον
1458 3889 1637 3960 δηλοῖ·
1666 3891 1731 3943 ἐκ

170 3998 223 4053 δὲ
252 3996 421 4051 Ἰούδα
453 3996 484 4048 ὁ
512 3991 641 4047 Λευῖ
661 4030 677 4055 ,
728 3989 845 4060 ἦτοι
894 3983 1186 4048 Ματθαῖος,
1217 3983 1310 4036 καὶ
1338 3982 1388 4034 οἱ
1419 3980 1594 4055 ῑτεροι
1623 3980 1730 4034 τῶν

169 4088 501 4146 ἀποστόλων.

1828 3284 1934 3336 sive
1960 3281 2215 3349 sapientes
2244 3291 2423 3330 sumus
2446 3272 2586 3327 vobis
2610 3272 2677 3324 ".
2701 3268 2830 3325 Jure
2852 3282 3030 3324 autem
3054 3269 3204 3323 illum
3235 3270 3385 3337 prius

1829 3389 1989 3446 quam
2029 3372 2166 3427 alios
2213 3373 2498 3427 memorat,
2533 3363 2661 3434 quia
2700 3359 3065 3416 abundantius
3092 3373 3257 3430 quam
3292 3360 3382 3413 alii

1827 3445 2111 3519 laboravit.
2162 3456 2430 3522 Principes
2474 3451 2621 3505 Iuda
2666 3451 2823 3503 duces
2868 3464 3069 3502 eorum.
3104 3445 3384 3516 Principes

1828 3553 1985 3614 Juda,
2018 3547 2360 3622 psallentium
2402 3544 2589 3603 duces,
2624 3542 2820 3609 inquit,
2850 3541 2905 3593 et
2945 3538 3215 3607 principes
3252 3552 3385 3592 con-

1832 3648 2008 3705 stituti
2040 3653 2186 3699 sunt.
2216 3640 2296 3694 Ex
2320 3637 2462 3693 tribu
2498 3634 2659 3699 Juda,
2690 3648 2756 3687 ex
2793 3632 2935 3685 tribu
2969 3629 3208 3683 Zabulon
3242 3638 3296 3683 et
3319 3645 3386 3685 ex

1834 3740 1976 3796 tribu
2021 3731 2327 3804 Nephthali.
2379 3725 2445 3782 Et
2490 3742 2557 3782 ex
2596 3724 2739 3779 tribu
2784 3722 3000 3791 quidem
3055 3718 3294 3774 Zabulon
3334 3731 3386 3775 et

1832 3827 2078 3901 Nephtali
2101 3835 2253 3881 erant
2273 3822 2483 3885 Petrus,
2506 3818 2771 3883 Andreas,
2798 3814 3033 3870 Jacohus
3057 3823 3111 3867 et
3128 3810 3384 3870 Joannes.

1834 3900 1975 3979 sicut
1998 3916 2342 3987 Evangelium
2387 3910 2628 3966 declarat
2658 3908 2723 3961 “.
2754 3905 2827 3960 Ex
2865 3904 3009 3960 tribu
3041 3902 3202 3967 Juda,
3235 3900 3384 3965 Levi,

1834 4013 1950 4069 sive
1972 4009 2276 4067 Mattheus,
2303 4012 2358 4057 et
2384 4002 2474 4055 alii
2509 3998 2762 4069 apostoli.

242 4139 567 4236 έέῆέιλαι,
589 4174 622 4226 ό
648 4169 811 4237 Θεὸς,
839 4166 912 4236 τῇ
941 4164 1185 4236 δυνάμει
1210 4180 1344 4219 σου.
1374 4163 1611 4235 Δύναμιν
1637 4166 1726 4221 τοῦ

1899 4165 1991 4220 ‘29.
2017 4159 2237 4216 Munda.
2270 4154 2430 4218 Deus,
2453 4150 2635 4207 virtuti
2666 4158 2788 4202 tute.
2808 4144 3074 4199 Virtutem
3094 4141 3271 4197 Patris
3292 4139 3355 4195 Fi

176 4271 379 4342 Πετρδς
433 4268 528 4320 τὴν
574 4264 699 4319 Υῐὸν
732 4279 899 4335 φησι,
947 4260 1086 4315 κατὰ
1131 4260 1213 4313 τόο
1272 4259 1524 4328 Χριστὸς
1579 4261 1726 4316 Θεοῦ

176 4361 419 4431 δύναμις
466 4356 566 4413 καὶ
601 4355 747 4411 Θεοῦ
798 4354 1002 4423 caspia.
1058 4349 1373 4421 Παρακαλεϊ
1420 4352 1600 4404 τοίνυν
1636 4350 1728 4405 τδν

179 4454 386 4524 Πατέρα
408 4455 438 4506 6
464 4447 818 4509 ἅποστολικδς
849 4444 1026 4517 χορὸς,
1063 4444 1149 4497 ἵνα
1189 4441 1480 4513 δυναμώσῃ
1529 4443 1735 4507 αὐτοῖς,

179 4544 209 4597 ὃ
238 4543 597 4612 κατήρτισεν
617 4537 838 4603 αὐτοῖς.
890 4536 953 4589 Τί
975 4536 1030 4588 δὲ
1058 4535 1383 4605 κατήρτισεν
1408 4533 1589 4597 αὐτοῖς
1620 4533 1653 4603 ἦ
1679 4533 1740 4587 τὸ

181 4635 359 4705 σῶμας
420 4629 672 4685 Αἱτοῦσιν
703 4624 795 4682 οὖν
858 4626 955 4695 τῆς
986 4624 1189 4696 φθορᾶς
1219 4623 1603 4689 ἀπαλλάξαντα
1642 4626 1741 4695 τὴν

180 4724 481 4798 ἀφθαρσίαν
509 4719 743 4781 ἐνδῦσαι,
769 4715 798 4768 ὂ
828 4716 919 4769 καὶ
941 4715 1151 4784 ποιήσει
1186 4717 1215 4768 6
1256 4715 1457 4787 Κύριος
1503 4714 1591 4767 ὅτε
1640 4729 1739 4768 κα-

179 4815 468 4885 ταϐήσεται
499 4812 557 4879 ἑξ
587 4806 835 4881 ούρανοῦ,
890 4806 983 4860 καὶ
1038 4805 1087 4857 0i
1129 4807 1311 4876 νεκροὶ
1355 4804 1740 4877 ἐγερθήσονται

178 4907 455 4978 ιᾳθαρτοι.

255 4996 389 5051 Ἀπὸ
409 4994 517 5048 τοῦ
537 4991 687 5047 ναοῦ
714 5007 829 5046 σου
848 4988 943 5043 ἐπὶ
972 4986 1353 5057 Ἰερουσαλήμ
1377 5002 1476 5042 σοι
1498 4983 1740 5039 οἴσουσι

180 5086 453 5154 βασιλεῖς
485 5082 661 5151 δῶρα.
711 5082 856 5136 Ναὸν
913 5081 1012 5151 μὲν
1043 5076 1205 5132 αὐτοῦ
1260 5077 1359 5142 τὴν
1416 5074 1739 5145 Ἐκκλησίαν

184 5183 329 5251 φησι,
363 5175 621 5250 βασιλέας
671 5174 729 5228 δὲ
769 5174 894 5235 τοὺς
939 5168 1329 5231 πιστεύσαντας
1373 5170 1453 5232 εἰς
1510 5165 1739 5236 Χριστὸν

180 5271 336 5339 λέγει,
366 5268 510 5325 κατὰ
534 5264 597 5319 τὸ
622 5263 905 5336 εἰρημένον
938 5263 1119 5324 αὐτοῖς
1148 5277 1162 5291 ·
1209 5258 1405 5327 Ὑμεῖς
1459 5258 1528 5312 δὲ
1557 5256 1741 5322 ,βασι-

182 5365 341 5416 λειον
363 5359 694 5429 ἱεράτευμα.
727 5353 891 5424 Φησὶν
914 5348 1026 5415 οὖν,
1073 5350 1148 5415 ὡς
1180 5350 1227 5402 οἱ
1274 5347 1595 5419 κεκλημένοι
1650 5343 1738 5398 διὰ

183 5454 274 5524 τῆς
302 5452 541 5515 πίστεως
586 5447 693 5504 ἀπὸ
739 5444 831 5498 τοῦ
876 5443 1111 5511 ἐπιγείου
1163 5438 1311 5501 ναοῦ,
1373 5438 1611 5493 τουτέστι
1642 5437 1739 5506 τῆς

194 5541 533 5617 Ἐκκλησεας,
565 5542 644 5603 εἰς
697 5538 794 5610 τὴν
846 5536 955 5590 ἄνω
999 5530 1348 5606 Ἰερουσαλὴμ
1401 5530 1546 5602 δῶρα
1592 5525 1740 5597 αὐτῷ

186 5634 620 5706 πρῡσκομίσουσι·
655 5630 810 5699 δῆλον
830 5627 908 5691 δὲ,
930 5626 1010 5680 ὅτι
1030 5624 1212 5697 νοητά.

256 5764 296 5798 ⁸³
324 5766 479 5824 Joan.
512 5780 591 5825 tv.
624 5763 715 5817 Ἠ.
823 5765 865 5797 ⁸⁸
892 5763 1020 5818 ibid.
1052 5762 1137 5829 13,
1172 5762 1252 5818 ιι.

186 5835 260 5891 59.
320 5838 357 5869 δ’
384 5837 401 5889 ι
433 5835 582 5890 Petr.
628 5849 685 5899 tt,
720 5832 774 5887 9.

1357 5761 1396 5793 "
1428 5759 1465 5813 ll
1494 5760 1619 5815 Cor.
1644 5755 1806 5823 v.15.
1892 5753 1936 5787 ³⁸
1972 5749 2163 5805 Matth.
2204 5764 2278 5811 Iv,
2309 5747 2395 5801 13.

1833 4263 1966 4317 lium
2022 4255 2174 4318 dicit,
2196 4253 2350 4323 juxta
2394 4246 2563 4303 illud:
2599 4244 2837 4301 Christus
2884 4240 2979 4293 Dei
3004 4240 3166 4293 virtus
3195 4246 3242 4291 et
3289 4234 3382 4290 De'

1832 4351 2091 4423 sapientia
2115 4348 2182 4400 ”.
2223 4343 2396 4413 Rogat
2427 4342 2608 4409 itaque
2642 4337 2851 4390 Patrem
2886 4330 3218 4402 apostolicus
3254 4326 3386 4383 cho-

1839 4419 1936 4498 rus
1977 4448 2038 4494 ut
2082 4434 2364 4491 confirmet
2415 4431 2468 4485 in
2520 4429 2621 4492 eis,
2651 4423 2787 4495 quod
2822 4431 3063 4491 operatus
3092 4430 3169 4473 est
3204 4420 3259 4473 in
3290 4419 3386 4473 eis.

1839 4531 1977 4601 Quid
2004 4536 2259 4599 operatus
2298 4530 2381 4578 est
2412 4520 2525 4575 sive
2550 4515 2777 4588 perfecit
2808 4514 2864 4567 in
2889 4513 2990 4575 eis,
3017 4511 3119 4565 nisi
3153 4508 3391 4580 corpus?

1839 4622 2117 4679 Postulant
2150 4618 2331 4686 itaque
2375 4620 2437 4665 ut
2462 4608 2656 4664 liberet
2710 4606 2857 4675 ipsos
2886 4618 2915 4658 a
2946 4601 3307 4670 corruptione,
3339 4613 3391 4653 et

1840 4714 2029 4769 induat
2058 4702 2537 4774 incorruptionem,
2562 4696 2707 4767 quod
2740 4695 2979 4749 facturus
3014 4690 3277 4746 Dominus
3309 4699 3392 4741 est

1842 4820 1964 4862 eum
1989 4798 2279 4857 descendet
2316 4809 2384 4850 ex
2411 4792 2549 4848 caelo
2575 4799 2629 4845 et
2657 4787 2855 4843 mortui
2885 4792 3169 4853 resurgent
3213 4782 3390 4838 incor-

1840 4895 1988 4966 rupti
2008 4894 2072 4946 δ’.

1913 4986 2001 5041 30.
2032 4984 2075 5038 Α
2111 4980 2301 5051 templo
2335 4988 2423 5031 tuo
2467 4977 2521 5028 in
2559 4970 2851 5027 Jerusalem
2887 4969 2980 5022 tibi
3010 4967 3140 5036 oﬂ'er
3169 4975 3223 5019 ut
3253 4981 3390 5033 reges

1840 5093 2075 5134 munera.
2115 5072 2395 5142 Templum
2445 5082 2602 5121 suum
2657 5062 2788 5118 dicit
2842 5059 3187 5123 Ecclesiam;
3240 5070 3391 5126 reges

1840 5182 1990 5229 vero,
2031 5178 2127 5218 eos
2160 5162 2253 5227 qui
2293 5156 2641 5214 crediderunt
2686 5153 2740 5206 in
2783 5149 3100 5211 Christum;
3150 5146 3305 5216 juxta
3342 5147 3389 5196 id

1839 5257 1983 5328 quod
2014 5255 2216 5309 dictum
2247 5260 2330 5307 est
2355 5249 2461 5303 illis
2483 5247 2561 5299 δίε
2601 5244 2701 5298 Vos
2733 5252 2907 5297 autem
2941 5240 3114 5311 regale
3149 5237 3389 5291 sacerdo—

1843 5353 1993 5404 tium.
2022 5346 2111 5400 Ait
2139 5344 2304 5415 igitur
2324 5357 2419 5397 eos
2443 5340 2533 5410 qui
2559 5353 2655 5409 per
2680 5337 2838 5391 tidem
2862 5332 3036 5388 vocati
3068 5340 3192 5386 sunt
3222 5345 3251 5383 a
3282 5339 3390 5381 ter-

1841 5455 1973 5495 reno
1996 5437 2215 5507 templo,
2234 5434 2285 5489 id
2308 5441 2391 5488 est
2412 5429 2669 5492 Ecclesia,
2690 5426 2754 5480 ad
2784 5437 3073 5494 supernam
3094 5417 3388 5475 Jerusalem

1840 5529 1984 5585 dona
2016 5526 2119 5596 ipsi
2146 5524 2430 5580 oblaturos
2455 5534 2597 5575 esse.
2628 5516 2884 5570 nimirum
2919 5508 3242 5580 spiritualia.

2515 5741 2556 5773 "
2586 5738 2751 5794 lCor.
2786 5754 2823 5801 ι,
2866 5732 2936 5789 28
3008 5731 3055 5761 δ’
3096 5726 3115 5780 ι
3146 5729 3271 5787 Ger.
3303 5739 3393 5792 xv.
