4108 6498
736 418 842 476 303

1565 412 1620 465 S.
1663 411 2028 466 ATilANASll
2069 411 2215 466 OPP.
2261 412 2437 466 PARS
2476 413 2560 469 Ill.
2607 445 2670 454 -—
2710 413 3116 469 EXEGETICA.

3859 449 3958 501 304

817 518 1199 588 Ἐπιτίμησον
1225 522 1348 588 τοῖς
1378 525 1604 593 θηρίοις
1653 527 1757 580 τοῦ
1784 527 2077 596 καλάμου.
2123 530 2298 583 Ἐπει-

2470 532 2558 587 3i.
2592 531 2808 604 Increpa
2840 537 2980 605 feras
3006 539 3301 592 arundinis.
3334 537 3603 606 Quaniam
3650 539 3806 592 multi
3838 551 3959 594 sunt

733 608 797 680 δὴ
824 609 1002 664 πολλοὶ
1025 613 1074 666 οἱ
1105 617 1170 684 τῇ
1201 618 1339 668 κατὰ
1364 617 1497 670 Θεὸν
1541 619 1783 691 πολιτείᾳ
1836 620 1945 675 τῶν
1973 623 2299 690 ἁγίωνοδυσ-

739 703 1094 770 μεναίνοντες,
1141 708 1233 760 καὶ
1287 709 1517 780 μάλιστα
1571 714 1619 765 οἱ
1677 713 1974 785 ἀκάθαρτοι
2029 715 2294 792 δαίμονες,

733 793 918 847 τούτου
977 797 1135 868 χάριν
1187 799 1402 870 εὔχεται
1448 803 1833 874 ἐπιτιμηθῆναι
1885 806 2082 868 αὐτοὺς
2138 805 2299 873 θηρία

733 884 886 950 ὕντας
905 889 1170 959 καλάμου.
1204 893 1460 963 Κάλαμος
1482 895 1535 948 δὲ
1585 897 1748 959 τόπος
1810 897 1956 949 ἐστὶν
1984 898 2041 949 ἐν
2091 900 2156 965 τῇ
2192 897 2300 949 Πα-

732 973 1072 1049 λαιστίνῃ,ὂν
1124 980 1371 1035 διώδευον
1421 985 1470 1036 oi
1504 985 1745 1049 ἀνιόντες
1793 989 1871 1049 εἰς
1921 986 2294 1058 Ἰερουσαλήμ.

731 1060 899 1131 Οὗτος
923 1069 978 1120 δὲ
1026 1069 1089 1141 δὴ
1139 1073 1166 1122 ὁ
1206 1073 1446 1144 κάλαμος
1495 1077 1588 1129 καὶ
1647 1077 1842 1146 μεστὸς
1887 1077 2112 1130 λεόντων
2153 1078 2298 1130 ἐστὶν

730 1158 1152 1227 ἐμφωλευὸντων
1182 1164 1328 1234 παρὰ
1352 1165 1413 1216 τὸ
1436 1166 1574 1228 ἕλος·
1601 1167 1648 1218 οἳ
1681 1168 1778 1221 καὶ
1816 1168 2167 1221 ἐπεϐούλευον
2187 1171 2298 1231 τοῖς

730 1249 968 1302 ἀνιοῦσιν
999 1252 1079 1312 εἰς
1141 1253 1515 1326 Ἰερουσαλήμ.
1576 1259 1782 1330 Ὥσπερ
1833 1255 1924 1312 οὖν
1965 1262 2077 1322 τοῖς
2113 1261 2169 1312 ἐν
2229 1263 2293 1330 τῇ

742 1340 1088 1412 Ἰερουσαλὴμ
1110 1345 1348 1398 ἀνιοῦσιν
1390 1348 1741 1402 ἐπεεούλευον
1768 1352 1816 1403 οἰ
1867 1351 2097 1415 λέοντες.
2128 1350 2297 1414 οὕτως

730 1434 825 1485 καὶ
875 1436 985 1498 τοῖς
1013 1436 1068 1487 ἐν
1099 1439 1164 1506 τῇ
1199 1442 1360 1509 νοητῇ
1421 1440 1766 1513 Ἰερουσαλὴμ
1810 1443 2049 1496 ἀνιοῦσιν
2083 1443 2298 1496 ἐπιϐου-

727 1520 970 1576 λεύουσιν
999 1526 1046 1578 οἰ
1077 1529 1256 1596 νοητοὶ
1305 1529 1531 1593 λέοντες.
1581 1532 1641 1585 Ἡ
1668 1532 1987 1601 συναγωγὴ
2017 1531 2135 1584 τῶν
2161 1534 2299 1585 ταύ-

723 1632 842 1682 ρων
871 1616 1089 1683 ἐνταῖς
1136 1618 1426 1687 δαμάλεσι
1461 1622 1580 1675 τῶν
1622 1623 1806 1678 λαῶν.
1858 1624 2106 1695 Ἐτὲρους
2139 1627 2293 1677 ἐναν-

723 1706 873 1771 τίους
892 1709 970 1780 τῷ
1005 1712 1319 1782 κηρύγματί
1346 1731 1496 1784 φησι.
1551 1715 1706 1778 Τίνες
1758 1715 1812 1768 δὲ
1853 1712 2016 1778 οὗτοι.
2051 1717 2083 1786 ἢ
2119 1718 2167 1769 οἰ
2200 1717 2297 1786 ἆρ-

722 1813 906 1867 χοντες
935 1799 1028 1854 τοῦ
1059 1801 1166 1854 τῶν
1195 1803 1458 1857 Ἰουδαίων
1483 1805 1545 1874 δή
1557 1822 1677 1876 μου,
1704 1806 1752 1858 οἳ
1785 1806 1879 1859 καὶ
1907 1806 2096 1878 ταῦροι
2124 1824 2292 1878 προσ-

721 1889 1094 1961 ηγορεύθησαν
1115 1909 1130 1957 ;

725 1977 846 2032 Ὀτι
869 1979 925 2033 δὲ
956 1982 1147 2054 ταῦροι
1173 1986 1708 2058 προσηγορεύθησαν,
1743 1990 1899 2061 δῆλον
1921 1991 1984 2043 ἐκ
2035 1989 2151 2044 τοῦ·
2186 1995 2294 2044 Πε-

719 2072 1134 2136 ριεκύκλωσάν
1176 2092 1254 2145 με
1297 2079 1517 2146 μόσχοι
1565 2080 1805 2144 πολλοὶ,
1863 2081 2063 2147 ταῦροι
2091 2081 2293 2148 πίονες

719 2159 1045 2231 περιέσχον
1063 2182 1161 2232 με,
1217 2167 1410 2231 οἵτινες
1439 2170 1533 2222 καὶ
1560 2169 1619 2223 τὸ
1678 2169 1876 2240 πλῆθος
1904 2173 1983 2234 εἰς
2011 2172 2101 2224 τὸν
2149 2173 2291 2226 κατὰ

717 2251 826 2304 τῶν
849 2253 1104 2323 κηρύκων
1135 2255 1352 2328 ἔγειραν
1383 2259 1635 2330 πόλεμον.
1695 2263 1802 2316 Τοῦ
1867 2263 2291 2334 ἐκκλεισθῆττιι

718 2342 861 2408 τοὺς
887 2341 1431 2416 δεδοκιμασμένους
1451 2350 1530 2416 τῷ
1550 2352 1826 2420 ἀργυρίῳ.
1863 2355 2149 2426 Ἀργύριον
2193 2359 2290 2427 μὲν

716 2435 786 2488 τὰ
817 2433 934 2488 θεῖα
979 2436 1151 2505 λόγια.
1207 2440 1370 2508 Λέγει
1397 2441 1471 2494 δέ·
1498 2443 1596 2496 Διὰ
1622 2444 1778 2496 τοῦτο
1819 2447 2139 2517 ἐπιτίμησον
2183 2452 2293 2512 τοῖς

716 2529 923 2598 νοητοῖς
949 2530 1041 2582 καί
1073 2530 1348 2600 αἰσθητοῖς
1399 2533 1632 2604 ἐχθροῖς,
1682 2537 1830 2599 ὅπως
1859 2535 1924 2589 ἂν
1986 2538 2058 2609 μὴ
2101 2542 2148 2592 οἰ
2198 2541 2289 2593 τοῦ

715 2617 1047 2689 εὐαγγελίου
1071 2624 1311 2692 κήρυκες
1357 2624 1744 2692 συγκλεισθῶσι
1768 2627 1860 2681 τοῦ
1898 2628 1972 2700 μὴ
2003 2630 2290 2702 κηρύττειν

714 2708 815 2763 In.
855 2710 1046 2764 Ἣκαί
1091 2712 1278 2777 οὕτως·
1345 2716 1716 2788 Ἐπιτίμησον,
1768 2721 1922 2789 φησὶ,
1970 2723 2178 2786 τούτοις
2230 2742 2288 2778 τε

713 2801 1009 2866 κάκείνοις
1039 2803 1187 2867 ὅπως
1219 2805 1286 2858 ἂν
1311 2807 1384 2877 μὴ
1415 2807 1769 2863 ἐκκλεισθῶσι
1799 2811 1892 2864 τοῦ
1921 2813 2209 2883 κηρύττειν
2238 2817 2287 2870 οἰ

712 2895 971 2967 κήρυκες.
1013 2899 1460 2964 Διασκόρπισον
1498 2900 1643 2967 ἔθνη
1690 2901 1761 2953 τὰ
1794 2901 1936 2965 τοὺς
1990 2905 2289 2974 πολέμους

714 2984 990 3042 θέλοντα.
1045 2987 1127 3040 Τὰ
1165 2987 1332 3059 νοητὰ
1386 2989 1646 3060 δηλονότιο
1711 2991 2016 3062 πολέμους
2064 2995 2122 3047 δὲ
2163 2999 2288 3060 τοὺς

712 3076 852 3129 κατὰ
883 3077 990 3130 τῶν
1009 3077 1196 3146 ἁγίων.

786 3167 1029 3232 Ἡξουσι
1060 3169 1338 3237 πρέσϐεις
1379 3170 1448 3236 ἐξ
1485 3173 1804 3240 Αἰγύπτου,
1836 3177 2110 3231 Αἰθιοπία
2141 3193 2285 3246 προ-

2397 623 2470 687 ei,
2503 625 2647 694 quod
2687 629 2985 682 secundum
3030 629 3196 683 Deum
3239 640 3343 697 est,
3368 642 3682 686 sanctorum
3711 632 3956 686 instituto

2399 716 2635 780 inimici.
2680 719 3024 790 maximeque
3066 722 3262 790 impuri
3309 723 3620 785 daemones;
3652 720 3777 774 ideo
3813 732 3959 791 rogat

2397 825 2492 863 eos
2539 824 2634 863 ceu
2681 810 2822 866 feras
2866 813 3134 882 increpari
3179 815 3464 868 arundine.
3494 815 3756 868 Calamus
3786 823 3956 866 autem

2399 900 2513 953 sive
2560 902 2789 963 arundo,
2819 902 2969 956 locus
3001 912 3084 958 est
3115 903 3166 957 in
3195 902 3496 965 Palmstina,
3547 919 3651 973 qua
3691 912 3960 971 pertrans-

2399 990 2549 1044 ibant
2600 993 2692 1060 qui
2747 994 3110 1048 ascendebant
3145 995 3196 1047 in
3243 992 3566 1048 Jerusalem.
3600 991 3737 1060 lpsze
3785 1003 3958 1046 autem

2398 1081 2694 1138 arundines
2725 1084 2896 1152 plena:
2922 1085 3169 1141 leonibus
3195 1095 3368 1148 erant,
3405 1087 3497 1153 qui
3533 1086 3760 1138 latibula
3794 1086 3847 1138 in
3873 1100 3960 1154 pa-

2399 1173 2615 1228 ludibus
2662 1176 2950 1240 habebant,
2987 1176 3078 1245 qui
3111 1177 3530 1231 ascendentibus
3574 1177 3628 1230 in
3660 1175 3956 1229 Jerusalem

2399 1265 2809 1320 insidiabantur.
2843 1267 3306 1334 Quemadmodum
3345 1270 3506 1339 igitur
3540 1269 3959 1322 ascendentibus

2398 1355 2452 1409 in
2484 1354 2785 1411 Jerusalem
2819 1359 3001 1413 leones
3035 1359 3474 1423 insidiabantur;
3511 1359 3584 1410 ita
3621 1357 3960 1411 ascendenti-

2395 1447 2497 1502 bus
2509 1448 2669 1502 etiam
2694 1449 2746 1502 in
2770 1449 3417 1518 spiritualemJerusalem
3443 1449 3757 1519 spirituales
3783 1450 3960 1502 leones

2397 1537 2741 1592 insidiantur.
2773 1537 3115 1609 Congregatio
3158 1536 3430 1593 taurorum
3463 1540 3513 1592 in
3546 1539 3717 1591 vaccis
3745 1538 3958 1606 populo-

2397 1648 2533 1684 rum.
2577 1632 2726 1687 Alios
2774 1633 3144 1702 praadicationi
3175 1633 3526 1687 adversantes
3571 1632 3798 1686 indicat.
3827 1633 3957 1697 Qni-

2396 1736 2521 1774 nam
2547 1721 2622 1774 illi
2654 1723 2757 1777 nisi
2787 1723 3059 1794 principes
3082 1722 3290 1779 Judaici
3315 1724 3516 1793 populi,
3536 1728 3630 1792 qui
3652 1723 3798 1778 tauri
3826 1739 3961 1775 nun-

2396 1812 2578 1881 Cupati
2600 1814 2762 1867 sunt?
2784 1829 2961 1869 vacca:
2990 1824 3170 1869 autem
3197 1814 3390 1884 plebeji
3420 1815 3785 1883 appellantur.
3807 1813 3956 1880 Quod

1221 1893 1505 1964 δαμάλεων
1551 1897 1948 1968 ὠνομασμένων
1992 1898 2086 1951 τοῦ
2141 1898 2291 1956 λαοῦ.

2395 1913 2575 1958 autem
2609 1904 2682 1958 illi
2716 1905 2855 1959 tauri
2887 1906 3178 1975 nuncupati
3210 1905 3430 1969 iuerint,
3461 1905 3638 1974 palam
3668 1913 3754 1958 est
3783 1920 3847 1957 es
3873 1903 3956 1958 di-

2393 2005 2479 2050 cto
2512 1995 2602 2050 illo
2629 2015 2640 2050 :
2674 1996 3143 2052 Circumdederunt
3171 2015 3251 2053 me
3276 1999 3426 2053 vituli
3465 1998 3640 2062 mulli,
3671 2002 3818 2054 tauri
3845 2002 3958 2069 pin-

2391 2093 2513 2152 gues
2559 2086 2864 2141 obsederunt
2893 2103 2972 2142 me
3001 2089 3066 2153 θ’,
3093 2090 3185 2160 qui
3221 2091 3624 2145 multitudinem
3658 2091 3843 2161 populi
3893 2091 3956 2144 ad

2393 2175 2587 2230 bellum
2613 2187 2801 2232 contra
2827 2181 3208 2248 prmdicatores
3227 2182 3552 2238 excitarunt.
3581 2182 3649 2238 Ut
3670 2183 3954 2238 excludant

2390 2282 2475 2318 eos
2505 2268 2594 2336 qui
2619 2267 2828 2336 probati
2861 2279 2982 2322 sunt
3011 2281 3245 2341 argento.
3296 2273 3592 2342 Argentum
3626 2273 3814 2328 divina
3845 2275 3957 2328 elo-

2390 2357 2516 2422 quia
2549 2367 2695 2412 sunt.
2723 2358 2813 2413 Ait
2843 2367 3058 2414 autem:
3088 2359 3308 2430 lncrepa
3335 2371 3449 2416 tum
3475 2363 3811 2432 spirituales,
3842 2375 3953 2419 tum

2391 2449 2673 2504 sensibiles
2701 2450 2970 2517 inimicos,
3001 2463 3059 2508 ut
3085 2471 3152 2511 ne
3183 2471 3458 2526 praecones
3481 2455 3760 2526 Evangelii
3793 2456 3958 2509 inter-

2389 2539 2677 2594 cludantur
2699 2556 2727 2595 a
2753 2543 3150 2611 praedicatione.
3176 2549 3283 2600 Aut
3305 2548 3407 2602 hoc
3429 2546 3594 2602 modo
3617 2566 3631 2600 :
3657 2544 3771 2602 Hos
3796 2558 3958 2616 atque

2389 2630 2532 2697 illos,
2573 2633 2669 2698 ait,
2718 2635 2968 2705 increpa;
3003 2652 3069 2691 ne
3121 2639 3553 2694 intercludantur
3601 2656 3885 2710 prteconcs
3925 2657 3954 2695 a

2387 2725 2790 2793 prmdicatione.
2822 2726 3036 2796 Dissipa
3063 2741 3232 2800 gentes
3265 2747 3381 2801 qua
3417 2731 3551 2784 bella
3590 2732 3797 2787 rolunt.
3835 2731 3955 2803 Spi-

2388 2815 2612 2871 rituales
2645 2819 2871 2884 scilicet,
2910 2819 3102 2874 bellum
3148 2832 3329 2878 autem
3374 2832 3565 2878 contra
3601 2835 3826 2880 sanctos
3857 2842 3953 2880 ex-

2386 2905 2609 2961 citatum
2645 2907 2976 2980 intelligitur.

2465 3162 2552 3216 32.
2598 3162 2806 3218 Vcnient
2847 3164 3007 3235 legati
3038 3183 3103 3220 ex
3135 3168 3365 3238 Egypto
3385 3213 3400 3237 ,
3430 3173 3712 3244 xEt/eiopia
3753 3196 3952 3248 prme-

710 3256 924 3327 φθάσει
952 3259 1121 3328 χεῖρα
1149 3260 1340 3329 αὐτῆς
1371 3260 1452 3326 τῷ
1508 3261 1648 3328 Θεῷ.
1698 3265 1785 3329 Ὠς
1835 3267 2283 3339 διασκορπισθέν-

2387 3255 2489 3307 niet
2516 3272 2725 3308 manuni
2746 3257 2857 3325 ejus
2884 3259 3007 3311 Deo.
3042 3257 3235 3327 Utpote
3267 3262 3545 3332 dissipatis
3575 3246 3953 3342 atqueiljgatis

709 3363 816 3400 των
839 3348 932 3400 καὶ
969 3347 1228 3401 δεθέντων
1274 3349 1380 3402 τῶν
1413 3351 1621 3422 ἐχθρῶν
1673 3353 1780 3406 τῶν
1821 3356 2048 3426 νοητῶν,
2098 3357 2282 3412 λοιπὸν

709 3435 803 3487 ἐπὶ
839 3434 900 3487 τὸ
953 3437 1212 3508 κήρυγμα
1269 3439 1596 3510 δραμοῦνται
1655 3445 1940 3512 Αἰγύπτιοί
1982 3466 2038 3501 τε
2072 3451 2165 3503 καὶ
2194 3453 2284 3503 Αἰ-

709 3526 914 3589 θίοπες.
976 3528 1236 3598 Σημαίνει
1281 3531 1338 3582 δὲ
1367 3531 1453 3584 διὰ
1504 3534 1601 3602 μὲν
1651 3535 1762 3588 τῶν
1795 3539 2105 3605 Αἰγυπτίων
2158 3542 2284 3605 τοὺς

702 3618 846 3685 ἄγαν
884 3617 1272 3692 εἰδωλολάτρας
1323 3623 1419 3676 καὶ
1476 3625 1750 3689 ἐναντίους
1781 3631 1847 3698 τῇ
1895 3630 2138 3702 πολιτείᾳ
2187 3633 2282 3686 τοῦ

714 3710 954 3782 Ἰσραὴλ,
988 3710 1074 3765 διὰ
1125 3712 1180 3766 δὲ
1215 3713 1323 3767 τῶν
1350 3715 1622 3772 Αἰθιόπων
1673 3719 1742 3772 τὰ
1776 3721 1987 3792 πέρατα
2025 3725 2124 3796 τῆς
2155 3726 2278 3796 γῆς.

705 3802 831 3867 Πῶς
861 3802 917 3857 δὲ
973 3805 1350 3878 προσέδραμεν
1398 3809 1431 3878 ἡ
1479 3809 1733 3864 Αἰθιοπία
1781 3815 1862 3877 εἰς
1913 3815 1971 3868 τὸ
2000 3817 2278 3889 κηρυγμα,

701 3894 911 3960 ἔξεστιν
936 3897 1045 3949 ἀπὺ
1065 3897 1158 3949 τοῦ
1185 3898 1439 3968 εὐνούχου
1463 3901 1716 3966 Αἰθίοπος
1745 3905 1888 3959 ἰδεῖν.

775 3989 844 4039 Al
866 3987 1172 4050 ,βασιλεῖαι
1223 3987 1333 4056 τῆς
1378 3989 1509 4060 γῆς,
1566 3992 1754 4060 ᾇσατε
1798 3996 1879 4062 τῷ
1918 3996 2057 4063 Θεῷ.
2088 4001 2278 4071 Δηλοῖ,

707 4075 784 4140 ὡς
812 4078 904 4131 καὶ
951 4079 1020 4131 τὰ
1047 4077 1183 4132 ἄλλα
1209 4079 1424 4135 ἅπαντα
1463 4082 1590 4155 ἔθνη
1643 4086 1781 4156 μετὰ
1809 4088 1919 4142 τῶν
1954 4090 2098 4144 ἰδίων
2127 4091 2281 4163 βασι-

702 4165 840 4223 λέων
870 4169 1246 4224 πιστεύσουσιν
1270 4173 1349 4235 εἰς
1377 4174 1628 4245 Χριστόν.

780 4259 1018 4315 Ψάλατε
1077 4260 1157 4326 τῷ
1215 4264 1409 4330 Κυρίῳ
1462 4265 1542 4331 τῷ
1611 4270 1975 4339 ἐπιϐεϐηκότι
2028 4273 2128 4326 ἐπὶ
2174 4275 2280 4330 τὸν

695 4354 962 4422 ὀὐρανὸν
985 4353 1091 4408 τοῦ
1122 4356 1401 4422 οὐρανοῦ.
1457 4358 1671 4433 Ἐπειδὴ
1703 4361 1764 4413 τὸ
1812 4362 1981 4426 πάθος
2013 4365 2278 4436 ἐκήρυξεν

705 4449 764 4501 ἐν
783 4450 894 4513 τοῖς
925 4449 1098 4502 ὀπίσω
1125 4449 1218 4503 τοῦ
1243 4451 1481 4522 Χριστοῦ
1511 4453 1606 4506 καὶ
1632 4453 1733 4525 τὴν
1764 4453 1955 4528 μέχρις
1999 4457 2124 4529 ᾅδου
2176 4476 2275 4512 κα-

701 4539 948 4604 τάϐασιν,
983 4541 1172 4594 τούτου
1206 4542 1364 4616 χάριν
1385 4544 1480 4599 καὶ
1529 4545 1628 4618 τὴν
1683 4546 1763 4610 εἰς
1816 4549 2076 4620 οὐρανοὺς
2109 4550 2272 4605 αὐτοῦ

700 4631 960 4702 κηρύττει
987 4633 1360 4704 ἀναφοίτησιν.
1393 4636 1436 4689 Τ
1439 4636 1467 4689 ὸ
1493 4635 1572 4698 δὲ.
1613 4640 1741 4692 κατ’
1760 4639 2077 4707 ἀνατολὰς,
2105 4659 2273 4712 παρα-

701 4721 913 4776 δολικόν
941 4725 1108 4779 ἐστιν.
1137 4724 1348 4798 Ὥσπερ
1397 4727 1506 4799 γὰρ
1539 4728 1567 4780 6
1601 4728 1748 4800 ἥλιος
1795 4731 1903 4784 ἀπὸ
1932 4731 2152 4805 δυσμῶν
2184 4735 2269 4788 ἐπ’

700 4813 961 4879 ἀνατολὰς
1012 4818 1206 4881 ἄνεισι,
1245 4819 1335 4873 τὸν
1383 4819 1546 4875 αὐτὸν
1594 4819 1794 4893 τρόπον
1842 4823 1936 4877 καὶ
1994 4826 2023 4877 ὁ
2067 4822 2270 4896 Κύριος

698 4908 858 4963 οἱονεὶ
886 4909 993 4962 ἀπὸ
1009 4912 1113 4963 τῶν
1142 4909 1237 4964 τοῦ
1267 4913 1392 4983 ᾅδου
1449 4912 1637 4985 μυχῶν
1690 4914 1861 4987 ἐπέϐη
1913 4915 2006 4969 τοῦ
2041 4918 2267 4988 οὐρανοῦ

699 5001 790 5053 τὸν
817 4999 1062 5072 οὐρανόν.
1106 5002 1258 5056 Ἰδοὺ
1306 5003 1481 5060 δώσει
1515 5003 1590 5073 τῇ
1625 5004 1795 5076 φωνῇ
1841 5009 2026 5062 αὐτοῦ
2062 5010 2272 5078 φωνὴν

699 5089 1022 5162 δυνάμεως.
1049 5094 1233 5166 Φωνὴν
1273 5095 1549 5166 δυνάμεώς
1608 5115 1739 5169 φησι
1794 5100 1894 5171 τὴν
1953 5101 2268 5172 ἐγείρουσαν

700 5181 903 5246 πάντας
961 5185 1087 5247 τοὺς
1133 5186 1391 5259 νεκρούς·
1439 5187 1574 5242 καθὸ
1611 5191 1669 5244 ἐν
1722 5190 2052 5261 κελεύσματι
2103 5194 2266 5248 αὐτοῦ

699 5273 1106 5344 ἀναστήσονται.

768 5366 908 5419 Δότε
933 5366 1120 5433 δόξαν
1151 5368 1229 5434 τῷ
1273 5368 1416 5436 Θεῷ.
1474 5368 1629 5424 Οὕτω
1681 5370 1774 5425 καὶ
1821 5372 2050 5438 Παῦλοςο
2083 5372 2264 5437 405d-

696 5471 860 5518 σατε,
889 5458 1039 5526 φησι,
1085 5458 1191 5512 τὸν
1218 5459 1364 5512 Θεὸν
1415 5461 1482 5514 ἑν
1539 5460 1617 5525 τῷ
1668 5459 1893 5529 σώματι
1940 5462 2126 5531 ὑμῶν,
2172 5467 2268 5518 καὶ

694 5548 764 5600 ἐν
793 5546 873 5613 τῷ
916 5551 1201 5619 πνεύματι
1231 5549 1398 5620 ὑμῶν
1429 5570 1442 5584 ·
1477 5554 1637 5607 ἅτινα
1661 5556 1808 5606 ἐστιν
1837 5554 2024 5609 αὑτοῦ.
2051 5556 2265 5610 Δίκαιον

695 5640 803 5714 γὰρ
825 5641 914 5693 τὸν
932 5641 1220 5714 εὐεργέτην
1251 5643 1340 5696 διὰ
1399 5645 1619 5698 πάντων
1669 5645 1933 5712 δοξάζειν.
1984 5647 2114 5702 Ἐπὶ
2162 5648 2266 5704 τὸν

2385 3345 2618 3402 inimicis
2647 3347 3034 3416 spiritualibus,
3063 3352 3278 3406 demum
3304 3355 3368 3407 ad
3391 3359 3833 3424 przetlicationem
3863 3380 3954 3420 ac-

2384 3449 2610 3491 currunt
2642 3439 2876 3511 Egyptii
2909 3452 2964 3496 et
2999 3441 3303 3514 Ethiopes.
3329 3445 3612 3518 Signiﬁcat
3638 3466 3823 3510 autem
3859 3473 3954 3526 per

2384 3527 2685 3600 1Egyptios.
2724 3547 2819 3587 cos
2846 3535 2938 3603 qui
2970 3535 3238 3592 idolorum
3268 3541 3438 3594 cultui
3471 3558 3821 3615 summopere
3855 3551 3953 3605 tle-

2383 3619 2479 3674 diti
2525 3632 2652 3676 sunt
2685 3623 3088 3696 adversar-iique
3127 3629 3375 3686 instituto
3406 3632 3818 3701 lsraelitarum;
3856 3657 3954 3711 νενι-

2382 3707 2667 3782 ᾸΞιΙιὶοροε
2691 3725 2894 3781 autem,
2923 3719 3184 3776 terminos
3211 3730 3386 3779 terrae.
3412 3723 3703 3791 Quomodo
3730 3707 3952 3788 Ethio-

2380 3803 2464 3873 pia
2481 3808 2545 3858 ad
2566 3808 2994 3876 prtedicationem
3014 3815 3326 3881 accnrrerit,
3345 3832 3409 3872 ex
3426 3823 3677 3876 eunucho
3694 3822 3953 3896 Ethiope

2379 3899 2690 3966 conspicere
2722 3899 2843 3954 licet
2863 3901 2928 3953 ".

2433 3987 2521 4041 35.
2540 3986 2715 4058 Regna
2742 4000 2912 4056 term,
2945 4002 3151 4048 cantate
3179 3996 3303 4052 Deo.
3330 3997 3572 4056 Declarat
3597 4003 3734 4060 alias
3761 4022 3952 4066 omnes

2379 4090 2563 4148 gentes
2613 4095 2739 4135 cum
2794 4084 3011 4154 regibus
3060 4086 3177 4143 suis
3224 4089 3278 4143 in
3314 4088 3594 4148 Christum
3642 4098 3951 4155 crediturus

2378 4183 2517 4224 esse.

2455 4263 2544 4316 ⁸54.
2572 4261 2797 4318 Psallite
2842 4264 2950 4320 Deo
2985 4269 3074 4336 qui
3117 4274 3352 4327 ascendit
3373 4291 3530 4344 super
3567 4279 3758 4333 cmlum
3808 4285 3946 4338 cali.

2378 4350 2644 4418 Quoniam
2676 4356 2726 4410 in
2759 4361 3130 4427 superioribus
3159 4363 3363 4420 Christi
3408 4369 3718 4436 passionem
3752 4376 3950 4442 praedi-

2376 4445 2538 4508 cavit,
2571 4455 2624 4499 ct
2654 4447 2972 4504 descensum
3010 4452 3075 4505 ad
3122 4454 3415 4520 infernum,
3453 4458 3573 4514 idco
3596 4459 3709 4529 jam
3733 4465 3856 4532 ejus
3881 4470 3947 4519 ad

2380 4535 2546 4589 cmlos
2573 4551 2856 4593 ascensum
2883 4545 3154 4611 praedicat.
3174 4545 3304 4601 Illud
3326 4560 3502 4605 autem
3531 4556 3948 4620 :Admientent.

2378 4625 2748 4694 parabolicum
2791 4642 2893 4686 est.
2931 4637 3402 4700 Quemadmodum
3445 4643 3588 4696 enim
3627 4647 3708 4699 sol
3746 4648 3816 4702 ab
3849 4664 3946 4704 oc—

2377 4717 2587 4774 cidente
2613 4722 2678 4774 ad
2706 4722 2966 4779 orientem
2991 4730 3254 4796 ascendit,
3284 4733 3355 4786 ita
3380 4742 3433 4787 ct
3458 4733 3723 4793 Dominus
3747 4756 3844 4794 ceu
3879 4749 3948 4796 ab

2379 4807 2574 4864 inferni
2607 4814 2913 4872 recessibus
2943 4819 3188 4874 ascendit
3220 4839 3382 4892 super
3408 4828 3605 4880 cmlum
3637 4833 3780 4886 cceli.
3811 4833 3949 4889 Ecce

2376 4903 2521 4958 dabit
2545 4907 2655 4958 voci
2681 4923 2790 4961 sum
2820 4925 2992 4963 vorent
3019 4914 3248 4969 virtutis.
3279 4913 3475 4971 Vocem
3511 4920 3725 4979 virtutis
3760 4930 3948 4997 appel-

2375 4993 2451 5049 lat
2489 5010 2610 5050 eam
2648 5013 2769 5068 quae
2806 5013 3052 5060 mortuos
3095 5022 3286 5064 omnes
3327 5010 3627 5070 excitabit:
3664 4993 3948 5089 cum'ejus

2371 5087 2531 5158 jussu
2563 5092 2988 5152 suscitabuntur.
3793 5112 3795 5115 ’

2447 5377 2534 5430 55.
2568 5375 2699 5432 Date
2727 5379 2949 5450 gloriam
2978 5381 3102 5436 Deo.
3142 5383 3216 5441 Ita
3246 5396 3299 5441 et
3327 5385 3527 5442 Paulus
3555 5407 3569 5444 :
3604 5388 3940 5464 Cloriﬁcatc.

2376 5470 2550 5541 inquit
2569 5472 2636 5538 “,
2665 5473 2826 5528 Deum
2856 5476 2910 5528 in
2936 5493 3148 5546 corpore
3178 5489 3344 5533 vestro
3371 5493 3416 5534 et
3446 5483 3499 5535 in
3529 5485 3721 5554 spiritu
3747 5507 3940 5556 reum,

2374 5577 2495 5631 qua:
2525 5574 2652 5619 sunt
2684 5566 2823 5634 ejus.
2859 5565 3097 5638 Equum
3132 5573 3275 5626 enim
3306 5581 3388 5627 est
3415 5573 3819 5637 bent-factorem
3851 5603 3942 5654 per

2373 5660 2552 5714 omnia
2586 5659 2908 5731 gloriﬁcare.
2941 5661 3107 5733 Supcr
3156 5663 3325 5721 Israel
3369 5672 3758 5739 magniﬁcentia
3801 5679 3944 5746 ejus.

783 5782 824 5810 δ’
854 5780 996 5837 Psai.
1027 5797 1135 5845 χχι.
1165 5787 1247 5840 l5.
1333 5787 1383 5819 δ’
1413 5788 1527 5841 Act.
1565 5803 1681 5852 \‘lll.
1705 5789 1759 5850 2,
1788 5805 1940 5854 seqq.
1983 5789 2026 5823 “
2058 5789 2077 5844 l
2113 5793 2237 5849 Cor.
2271 5812 2341 5881 ν.
2376 5794 2464 5851 το.
