4108 6518
158 481 249 536 5οὸ
1186 487 1547 545 EXPOSITIO
1588 486 1653 542 IN
1691 487 2023 547 I’SALIUM
2060 490 2287 545 LXVIII.
3271 493 3373 546 306

169 600 305 665 ‘lapa
313 598 385 666 ὴ.ι
406 599 445 665 ἡ
465 603 950 670 μεγαλοπρέπεια
962 604 1168 670 αὑτοῦ,
1191 606 1293 660 καί
1308 608 1346 675 ὴ
1362 606 1613 677 δύναμις
1627 608 1720 661 αὐ-

1823 617 1872 660 et
1902 609 2064 661 virtus
2092 608 2204 678 ejus
2245 609 2296 662 in
2339 608 2581 663 nubibus.
2612 608 2875 663 Mirabilis
2922 607 3056 664 Deus
3092 610 3147 663 in
3180 612 3379 664 sanctis

158 690 251 745 τοῦ
281 692 349 744 ὲν
376 692 507 759 ταῖς
542 694 843 762 νεφέλαις.
877 698 1226 766 Θαυμαστὸς
1255 703 1288 753 ὀ
1320 700 1463 765 Θεὸς
1499 700 1569 753 ἐν
1597 698 1720 765 τοῖς

1818 698 1955 766 ejus,
1986 697 2120 752 Deus
2158 697 2329 753 Israel
2354 701 2462 769 ipse
2496 700 2639 753 dabit
2677 702 2920 754 virtutem
2944 709 2993 754 et
3019 701 3381 769 fortitudinem

158 781 327 850 ἁγίοις
344 785 559 845 αὑτοῦ,
588 789 622 839 ό
652 786 796 851 Θεὸς
819 787 1052 856 Ἰσραὴλ
1074 789 1253 855 αὐτὸς
1270 790 1447 845 δώσει
1467 791 1719 860 δύναμιν

1818 785 1952 855 plebi
1980 802 2110 849 sure,
2155 788 2447 840 benedictus
2501 787 2656 841 Deus.
2684 787 2955 853 Quoniam
3001 788 3221 843 secundi
3261 788 3379 856 ejus

158 875 241 928 καί
266 878 631 943 κραταίωσιν
652 876 732 943 τῷ
758 878 884 943 ,1αῷ
904 881 1110 945 αὐτοῦ,
1149 884 1474 951 εὐλογητὸς
1489 888 1521 937 ὀ
1545 886 1703 949 Θεός.

167 967 364 1038 Ἐπειδὴ
378 969 478 1037 τῆς
490 969 753 1040 δευτέρας
771 970 933 1023 αὐτοῦ
954 974 1255 1043 παρουσίας
1281 976 1498 1046 μνήμην
1517 978 1545 1029 ὁ
1560 975 1716 1044 λόγος

156 1058 449 1127 πεποίηται,
484 1059 612 1113 καθ’
658 1062 723 1130 ἣν
770 1062 973 1125 πάντας
1000 1064 1290 1136 ἀναστήσει
1314 1067 1439 1128 τοὺς
1468 1069 1714 1136 νεκροὺς,

155 1149 323 1202 τούτου
351 1150 512 1222 χάριν
546 1152 642 1203 καὶ
675 1153 773 1216 τὰς
814 1153 1082 1224 διαφόρως
1106 1155 1581 1226 ἀποδοθησομένας
1602 1160 1715 1220 τοῖς

156 1242 310 1307 ἁγίοις
368 1243 538 1312 τιμάς
592 1246 739 1313 ἡμᾶς
783 1245 1043 1309 διδάσκει,
1101 1246 1191 1299 καὶ
1237 1246 1305 1299 τὰ
1355 1247 1584 1319 διάφορα
1608 1248 1715 1300 τῶν

156 1332 306 1398 ἁγίων
354 1334 639 1403 τάγματα.
694 1337 803 1388 Καὶ
851 1336 920 1388 τὰ
961 1337 1057 1407 μὲν
1116 1337 1372 1409 τάγματα
1403 1338 1494 1391 διά
1537 1339 1712 1391 τετοῦ

166 1426 380 1495 Ἰσραὴλ.
416 1427 508 1480 διά
530 1444 591 1479 τε
615 1427 720 1479 τῶν
748 1428 1005 1496 νεφελῶν,
1038 1428 1127 1482 διά
1166 1446 1225 1482 τε
1271 1430 1378 1483 τῶν
1406 1431 1596 1497 ἁγίων,
1624 1430 1711 1482 διά

154 1531 204 1567 τε
230 1516 316 1568 τοῦ
341 1517 471 1570 λαοῦ
504 1519 927 1587 κατασημαενει·
989 1520 1087 1582 τὰς
1115 1521 1171 1574 δέ
1204 1522 1370 1591 τιμὰς
1399 1520 1487 1573 διά
1526 1536 1583 1572 τε
1610 1519 1711 1588 τῆς

157 1609 634 1679 μεγαλοπρεπείας,
658 1610 745 1663 διά
777 1627 835 1663 τε
864 1610 963 1680 τῆς
1004 1612 1302 1683 δυνάμεως,
1360 1612 1449 1665 διά
1505 1628 1565 1665 τε
1614 1610 1708 1664 τοῦ

156 1699 426 1769 θαύματος.
474 1700 568 1753 διά
618 1718 677 1754 τε
727 1703 821 1755 τοῦ
869 1704 1101 1777 κράτους
1152 1703 1527 1758 διαδείκνυσιν.
1590 1702 1711 1756 Ἐπὶ

154 1795 272 1845 πᾶει
301 1793 355 1845 δὲ
378 1794 593 1857 τούτοις
642 1794 927 1865 εύλογητὺν
952 1797 1042 1848 τὸν
1067 1795 1198 1849 θεόν
1224 1814 1387 1868 φησιν
1412 1792 1571 1850 εἶναι.
1602 1795 1709 1865 Δῆ-

1819 877 2081 931 adventus
2099 877 2300 930 mentio
2324 876 2465 931 facta
2497 886 2601 940 est,
2632 893 2741 947 quo
2770 887 3011 947 tempore
3030 892 3220 932 omnes
3242 892 3381 931 mort

1816 978 1940 1023 tuos
1985 968 2289 1031 suscitabit,
2323 968 2444 1022 ideo
2490 969 2726 1024 honores
2771 969 2973 1024 sanctis
3019 968 3174 1022 vario
3215 968 3378 1022 modo

1814 1060 2187 1117 concedendos
2240 1077 2339 1115 nos
2384 1060 2603 1126 edocet,
2654 1072 2816 1131 atque
2866 1062 3106 1115 diversos
3158 1069 3377 1115 sancto-

1814 1169 1933 1209 rum
1964 1154 2200 1208 ordines.
2235 1152 2346 1207 Hos
2371 1164 2552 1207 autem
2584 1154 2825 1215 ordines,
2862 1169 2957 1223 per
2988 1153 3256 1217 Israelem,
3283 1167 3377 1221 per

1814 1246 2008 1307 nubes,
2039 1260 2134 1316 per
2163 1254 2381 1299 sanctos
2407 1253 2461 1299 et
2492 1260 2587 1314 per
2630 1245 2886 1313 populum
2939 1245 3225 1313 significat.
3264 1241 3377 1296 IIo-

1814 1352 1975 1392 nores
2003 1346 2181 1390 autem
2212 1351 2307 1405 per
2341 1335 2819 1405 magnificentiam,
2845 1350 2939 1404 per
2972 1336 3249 1399 virtutem,
3282 1349 3380 1403 per

1815 1428 2140 1482 miraculum
2168 1436 2220 1481 et
2248 1443 2342 1497 per
2374 1426 2745 1481 fortitudinem
2782 1427 3003 1481 indicat.
3034 1428 3114 1481 Ad
3141 1429 3254 1483 haec
3276 1444 3378 1481 au-

1818 1530 1924 1574 tem
1979 1520 2197 1585 omnia,
2244 1519 2585 1574 benedictum
2629 1520 2762 1575 dicit
2808 1518 2997 1574 Deum.
3028 1518 3378 1573 Manifestum

1816 1610 1961 1665 enim
2001 1619 2083 1665 est
2140 1620 2357 1666 sanctos
2395 1610 2448 1663 in
2498 1610 2811 1666 coelesdbus
2849 1611 2954 1668 illis
2999 1610 3378 1664 mansionibus

1818 1700 2165 1763 constitutos,
2205 1702 2322 1756 sine
2351 1700 2455 1756 fine
2499 1701 2877 1756 benedicturos
2907 1716 3027 1755 esse
3068 1699 3257 1763 Deum,
3286 1715 3379 1752 sn-

1818 1808 2103 1861 pernorum
2130 1793 2411 1861 spirituum
2449 1794 2694 1849 ordinem
2728 1793 2987 1847 imitatos.

154 1882 231 1935 λον
288 1883 414 1955 γὰρ,
463 1885 549 1937 ὅτι
599 1887 657 1938 ἐν
706 1886 938 1949 ἐκείναις
998 1886 1275 1957 γενόμενοι
1326 1888 1375 1939 οί
1437 1886 1580 1955 ἆγιοι
1629 1886 1749 1947 ταῖς
1790 1883 2005 1953 μοναῖς,
2058 1883 2177 1945 ταῖς
2224 1882 2563 1955 ἐπουρανίοις
2617 1882 2673 1935 δὲ
2727 1880 2986 1951 δηλονότι,
3025 1879 3378 1942 ἀδιαλείπτως

154 1975 479 2048 εὐλογήσουσι
503 1979 598 2031 τὸν
629 1979 780 2043 Θεὸν,
814 1979 909 2050 τὴν
934 1980 1039 2032 τῶν
1062 1981 1172 2034 ἄνω
1198 1982 1520 2050 πνευμάτων
1554 1979 1706 2045 τάξιν
1748 1976 2086 2048 μιμούμενοι.

155 2073 244 2138 Eli;
300 2074 365 2125 τὸ
408 2073 589 2139 τέλος
634 2075 785 2142 ὑπὲρ
836 2075 952 2127 τῶν
974 2074 1569 2144 ἀλλοιωθησομένων,
1626 2072 1705 2139 τῷ

1809 2072 1857 2125 I.
1888 2074 1954 2125 ln
1982 2072 2136 2140 ﬁnem
2166 2087 2260 2140 pro
2300 2072 2367 2125 iis
2400 2072 2491 2142 qui
2531 2071 3011 2137 commutabantur,
3048 2070 3149 2139 ipsi
3187 2067 3377 2124 David.

541 2163 744 2217 Δαυΐὸ.
806 2166 1111 2219 ΨΑΛΜΟΣ
1160 2165 1291 2219 EH’.

774 2254 787 2272 '
800 2256 1103 2320 Υπόθεσις.

156 2339 384 2412 Περιεχει
414 2346 443 2397 ό
494 2344 709 2416 ψαλμὸς
755 2346 1058 2417 προσευχὴν
1105 2346 1254 2416 παρὰ
1310 2345 1403 2399 τοῦ
1460 2345 1710 2417 Σωτῆρος

216 2432 273 2482 ἐκ
302 2433 593 2501 προσώπου
626 2436 725 2503 τῆς
766 2435 1179 2507 ἁνθρωπότητος
1237 2436 1707 2509 προσφερομένην,

215 2522 303 2585 τάς
333 2541 390 2575 τε
419 2526 603 2589 αἰτίας
658 2526 724 2577 δι’
776 2527 842 2589 ἃς
894 2527 1041 2598 αὐτῷ
1080 2529 1172 2581 τὸν
1200 2530 1294 2583 ἐπὶ
1351 2528 1445 2582 τοῦ
1477 2528 1708 2600 σταυροῦ

219 2619 587 2686 προσήνεγκαν
632 2617 877 2671 θάνατον.
940 2619 1059 2671 Ἔτι
1111 2636 1171 2671 τε
1227 2619 1357 2671 αὑτὸ
1421 2618 1481 2671 τὸ
1541 2620 1710 2681 πάθος

215 2704 467 2776 διηγεῖται
531 2709 741 2777 σαφῶς,
797 2710 891 2763 καὶ
951 2710 1050 2774 τὰς
1102 2708 1241 2781 μετὰ
1278 2711 1339 2763 τὸ
1398 2708 1567 2773 πάθος
1599 2715 1710 2772 τοῖς

232 2796 490 2863 Ἰουδαίοις
524 2800 941 2871 συμϐησομένας
976 2802 1277 2873 συμφοράς’
1334 2801 1471 2871 πρὸς
1501 2799 1557 2852 δὲ
1584 2797 1707 2853 τού-

221 2904 321 2951 τοις
338 2891 429 2942 καὶ
456 2892 762 2961 εἰσαγωγὴν
781 2892 881 2961 τῆς
907 2892 1267 2962 εύαγγελικῆς
1298 2892 1589 2955 πολιτείας,
1611 2891 1710 2963 τῆς

218 2993 273 3030 τε
302 2981 356 3032 ἐν
383 2981 656 3050 πνεύματι
690 2984 782 3033 καὶ
804 2981 1030 3052 ἀληθείᾳ
1059 2982 1307 3053 λατρείας
1337 2982 1433 3051 τὴν
1466 2982 1712 3035 διδασκαο

218 3066 345 3133 λίαν,
372 3074 451 3133 είς
495 3075 562 3142 ἡν
590 3072 684 3124 καὶ
708 3073 1037 3143 περιγράφει
1076 3072 1164 3125 τὸν
1212 3072 1446 3143 ψαλμὸν.
1483 3073 1604 3126 Ὅτι
1650 3072 1707 3125 δὲ

220 3163 387 3215 πᾶσαν
410 3164 475 3233 ἦν
501 3162 702 3234 ηὔξατο
720 3167 747 3217 ό
769 3164 955 3236 Σωτὴρ
981 3166 1303 3236 προσευχὴν,
1329 3167 1393 3219 ὲκ
1419 3164 1708 3235 προσώπου

220 3253 308 3322 τῆς
337 3254 622 3326 ἀνθρώπου
659 3256 873 3326 φύσεως
903 3257 1125 3327 ηὔξατο,
1152 3256 1311 3310 τοῦτο
1360 3257 1708 3328 ἐπισημαίνει

222 3344 305 3396 ἐπὶ
348 3345 423 3416 τῷ
470 3348 616 3400 τέλει
656 3347 748 3401 τοῦ
789 3348 1033 3419 ψαλμοῦ,
1083 3350 1175 3403 καί
1209 3366 1389 3419 φησιν,
1424 3351 1553 3402 ’Ὁτι
1596 3349 1704 3419 ἐεή

222 3451 393 3490 κουσε
426 3437 545 3492 τῶν
573 3438 843 3505 πενήτων
862 3442 1137 3506 ὀΚύριος,
1160 3441 1255 3493 καὶ
1283 3439 1421 3505 τοὺς
1449 3439 1705 3509 πεπεδη-
1733 3420 1777 3478 (ἶ

215 3524 420 3594 μένους
443 3530 633 3583 αὑτοῦ
670 3534 781 3584 οὐκ
830 3531 1252 3593 ἐξουδένωσεν.

224 3616 419 3671 Σῶσόν
432 3637 528 3688 με,
574 3624 607 3673 ὀ
641 3621 804 3685 Θεὸς,
856 3622 943 3674 ὅτι
975 3623 1347 3689 εὶσήλθοσαν
1372 3622 1559 3676 ὕδατα
1600 3624 1710 3690 ἕως

166 3706 351 3775 ψυχῆς
390 3728 528 3779 μου.
577 3712 789 3783 Ἐπειδὴ
834 3712 929 3776 τὰς
962 3713 1234 3783 ἁμαρτίας
1276 3714 1433 3783 ἡμῶν
1459 3714 1706 3779 ἀνέλαϐε,

166 3798 276 3868 περὶ
336 3802 487 3871 ἡμῶν
546 3803 828 3857 ὀδυνᾶταν
897 3804 1117 3867 εἰκότως
1187 3804 1279 3855 καὶ
1350 3804 1709 3874 προσεύχεται

168 3888 402 3960 ρυσθῆναι
424 3896 486 3948 ἐκ
511 3894 622 3948 τῶν
650 3894 991 3967 πειρασμῶν,
1010 3895 1308 3968 χειμάρρου
1333 3895 1486 3965 δίκην
1508 3896 1709 3950 κυκλω-

169 3977 352 4035 σάντων
370 3985 531 4039 αύτοῦ
560 3986 659 4057 τὴν
691 3986 889 4058 ψυχήν.

235 4072 555 4145 Ἐνεπὰγην
573 4080 661 4142 εις
680 4078 836 4145 ὕλην
851 4078 1067 4142 βυθοῦ,
1095 4078 1193 4131 καὶ
1219 4080 1328 4133 οὐκ
1356 4080 1528 4133 ἐστιν
1558 4083 1707 4135 ὑπό-

167 4172 375 4228 στασις.
400 4165 585 4218 Ταῦτα
614 4166 720 4237 γὰρ
750 4168 783 4237 ἡ
842 4166 1153 4237 ἀνθρωπεία
1180 4166 1339 4235 φύσις
1393 4168 1704 4233 ἐπεπόνθει,

168 4255 518 4323 κατενεχθεῖσα
558 4257 659 4310 ὑπὸ
685 4258 782 4329 τῆς
812 4259 1082 4331 ἁμαρτίας
1133 4260 1211 4324 εἰς
1236 4259 1482 4327 θάνατον,
1514 4262 1605 4315 καὶ
1628 4264 1708 4325 είς

168 4342 305 4397 αὐτὸν
333 4346 417 4399 τὸν
446 4349 543 4402 τοῦ
600 4350 725 4421 ᾅδου
749 4350 941 4422 χῶρον·
977 4352 1037 4404 ὃν
1087 4352 1178 4404 καὶ
1236 4351 1366 4422 ὓλην
1421 4352 1582 4423 βυθοῦ
1612 4355 1707 4406 καὶ

168 4432 410 4511 θαλάσσης
434 4441 597 4513 βάθος
619 4444 676 4495 ἐν
706 4445 817 4506 τοῖς
850 4442 1113 4513 παροῦσιν
1132 4442 1404 4515 ὀνομάζει.

238 4530 550 4588 Ἐκοπίασα
622 4533 867 4603 κράζων,
928 4537 1324 4604 ἐϐραγχίασεν
1379 4540 1412 4591 ό
1474 4535 1703 4607 λάρυγξ

166 4635 279 4687 μου.
304 4623 427 4677 Τίνα
455 4622 523 4697 ἦν
556 4624 591 4679 ἃ
624 4625 840 4697 ἕκραξε,
870 4628 963 4679 καὶ
989 4627 1081 4679 ἐπὶ
1136 4629 1300 4691 τίσιν,
1344 4631 1402 4682 ὲν
1428 4633 1541 4693 τοῖς
1574 4630 1703 4699 ἑξῆς

170 4713 327 4781 σαφῶς
350 4716 597 4783 ἐδίδαξεν,
627 4717 814 4770 εἰπών’
864 4719 1169 4785 Ῥυσθείην
1202 4720 1269 4772 ἐκ
1303 4720 1423 4773 τῶν
1453 4723 1701 4790 μισούν-

169 4816 267 4855 των
288 4824 376 4873 με,
399 4810 493 4862 καὶ
522 4810 591 4861 ἐκ
613 4808 718 4862 τοῦ
743 4809 973 4876 βάθους
1012 4810 1127 4863 τῶν
1152 4810 1401 4876 ὑδάτων,
1435 4814 1547 4875 καὶ,
1600 4815 1655 4865 Μ
1663 4812 1696 4879 ή

165 4906 229 4957 με
249 4899 716 4954 καταποηισάτω
762 4900 1027 4970 καταιγὶς
1070 4901 1305 4967 ὓδατος,
1339 4904 1432 4955 καὶ
1473 4904 1538 4955 τὰ
1574 4900 1698 4972 ἐξῆς

170 4982 509 5058 ἐπιλεγόμενα.
552 4989 759 5061 Ηύχετο
814 4990 941 5062 γὰρ,
994 4992 1069 5055 ὡς
1102 4993 1256 5063 ἔφην,
1298 4994 1433 5064 ὑπὲρ
1469 4995 1565 5064 τῆς
1604 4995 1699 5046 ἀν-

172 5072 354 5144 θρώπου
410 5084 642 5151 φύσεως·
708 5086 852 5147 ὅπως
907 5084 1225 5155 καταργηθῇ
1251 5085 1342 5137 τοῦ
1382 5085 1609 5139 θανάτου
1636 5086 1699 5139 τὸ

172 5168 355 5235 κράτος.
403 5176 473 5246 μὴ
533 5176 905 5244 συγκλείοντος
942 5179 1061 5229 κατ’
1102 5177 1273 5247 αὐτῆς
1304 5176 1363 5229 τὸ
1395 5179 1566 5248 στόμα
1603 5176 1696 5230 τοῦ

170 5253 293 5321 ᾅδω·
319 5263 391 5317 διὸ
420 5265 512 5320 καὶ
546 5266 711 5335 λέγει’
763 5266 929 5335 Μηδὲ
946 5268 1226 5335 συσχέτω
1265 5268 1357 5320 ἐπ’
1390 5268 1493 5337 ἐμὲ
1518 5268 1700 5337 φρέαρ

171 5346 222 5397 τὸ
245 5357 417 5423 στόμα
439 5357 647 5412 αὑτοῦ.

236 5442 713 5517 Ἐπληθὺνθησαν
748 5449 899 5517 ὑπὲρ
921 5452 1027 5517 τὰς
1066 5452 1272 5521 τρίχας
1299 5449 1407 5517 τῆς
1432 5451 1702 5520 κεφαλῆς

168 5538 332 5593 pauci
354 5539 676 5607 μισοῦντές
719 5556 796 5609 με
855 5539 1100 5606 δωρεάν.
1150 5540 1342 5595 Πολλοὶ
1386 5542 1494 5611 γὰρ
1521 5543 1569 5595 οἱ
1601 5543 1699 5612 τῆς

173 5617 469 5693 ἀνθρωπείας
536 5629 753 5697 φύσεως
810 5628 1083 5683 ἐπίϐουλοι
1130 5631 1401 5702 δαίμονες,
1436 5634 1483 5684 οἰ
1535 5632 1697 5703 μηδὲν

172 5708 441 5784 ὴδικημὲνοι
496 5720 627 5793 παρ’
674 5720 866 5791 ήμῶν,
926 5723 1019 5775 καὶ
1092 5722 1408 5787 σπεύδοντες
1469 5724 1692 5776 ἀνελεῖν.

2282 2161 2613 2217 PSALMUS
2659 2160 2937 2214 LXVIII.

2400 2254 2796 2324 Argumentum.

1807 2343 2062 2404 Contmet
2100 2347 2345 2416 psalmus
2394 2346 2759 2417 precationem
2804 2342 3122 2407 Salvatoris,
3156 2357 3219 2396 ex
3252 2357 3377 2413 per-

1881 2454 2013 2492 sona
2067 2439 2425 2494 humanitatis
2466 2440 2726 2503 oblatam,
2757 2447 2811 2493 et
2842 2446 3024 2491 narrat
3050 2451 3170 2506 qua:
3200 2450 3380 2491 causa

1881 2527 2081 2584 fuerint
2104 2531 2250 2600 quod
2274 2532 2323 2585 ei
2350 2539 2579 2586 mortem
2604 2529 2783 2585 crucis
2808 2527 3124 2583 obtulerim.
3156 2526 3380 2597 Insuper

1880 2620 2052 2688 ipsam
2080 2622 2387 2690 passionem
2413 2622 2558 2675 clare
2579 2628 2783 2686 narrat,
2808 2634 3015 2674 necnon
3043 2618 3379 2673 calamitates

1880 2726 2021 2779 quas
2053 2719 2175 2777 post
2212 2713 2517 2781 passionem
2558 2709 2757 2766 Iudaeis
2792 2711 3105 2780 contingere
3135 2707 3375 2763 futurum

1878 2808 1980 2855 est.
2018 2800 2099 2854 Ad
2135 2800 2250 2855 base
2295 2801 2460 2855 etiam
2498 2800 2952 2854 introducendum
2996 2814 3116 2854 esse
3140 2813 3377 2870 evange-

1881 2892 2045 2947 licum
2086 2892 2416 2957 institutum,
2450 2900 2612 2961 atque
2648 2892 2953 2945 doctrinam
2994 2892 3176 2946 cultus
3200 2892 3375 2961 quiin

1880 2983 2071 3053 spiritu
2094 2990 2144 3038 et
2174 2985 2399 3037 veritate
2424 2983 2546 3046 erit,
2576 2982 2627 3036 in
2655 2982 2810 3052 cujus
2831 2983 2906 3036 rei
2936 2981 3198 3035 limitibus
3229 2982 3374 3051 psal-

1880 3088 2029 3127 mum
2060 3073 2475 3129 circumscribit.
2495 3072 2649 3139 Quod
2668 3084 2846 3127 autem
2872 3073 3173 3127 orationem
3202 3080 3372 3125 totam

1884 3163 2137 3219 Salvator
2181 3179 2247 3218 ex
2278 3164 2531 3218 humanae
2580 3175 2789 3219 naturae
2838 3178 3065 3237 persona
3099 3163 3371 3227 obtulerit,

1888 3254 1940 3307 id
1976 3253 2028 3307 in
2061 3254 2166 3308 fine
2194 3254 2385 3323 psalmi
2416 3253 2706 3323 significat,
2737 3254 2955 3322 aitque:
2992 3255 3251 3318 Quoniam
3280 3270 3373 3307 ea:-

1882 3343 2079 3396 audivit
2104 3359 2357 3414 pauperes
2388 3343 2666 3409 Dominus,
2702 3354 2748 3396 et
2775 3345 2969 3397 vinctos
2997 3362 3117 3398 suos
3152 3362 3254 3397 non
3285 3346 3374 3397 de-

1880 3437 2068 3505 spexit.

1880 3616 1933 3669 2.
1954 3615 2173 3670 Salvum
2197 3631 2274 3668 me
2298 3615 2405 3681 fac,
2430 3612 2592 3678 Deus,
2610 3612 2855 3682 quoniam
2882 3612 3205 3664 intraverunt
3226 3625 3374 3679 aqua

1810 3722 1969 3775 usque
2017 3706 2085 3757 ad
2124 3708 2357 3757 anfmam
2392 3719 2579 3757 meam.
2621 3702 2889 3767 Quoniam
2934 3710 3154 3771 peccata
3186 3710 3373 3756 nostra

1809 3798 2065 3865 suscepit,
2101 3810 2198 3862 pro
2226 3795 2383 3848 nobis
2408 3796 2680 3848 cruciatur
2704 3793 2749 3823 “
2773 3810 2786 3845 :
2816 3808 2880 3846 ac
2905 3793 3029 3859 jure
3063 3802 3213 3861 rogat
3237 3792 3372 3860 eripi

1808 3902 1867 3947 se
1916 3903 1945 3941 a
2000 3886 2410 3951 tentationibus,
2442 3900 2563 3954 qua:
2612 3884 2869 3938 torrentis
2916 3884 3090 3937 instar
3135 3885 3371 3936 animam

1809 3976 1929 4045 ejus
1962 3976 2453 4030 circumdederunt.

1878 4072 1933 4127 5.
1964 4070 2169 4139 Inﬁxus
2198 4085 2313 4122 sum
2341 4070 2394 4121 in
2426 4068 2553 4121 limo
2577 4066 2858 4137 profundi,
2900 4073 2950 4119 et
2998 4081 3097 4119 non
3130 4076 3207 4119 est
3252 4066 3373 4119 sub-

1810 4163 2030 4227 stantia,
2063 4170 2169 4215 etc.
2217 4158 2337 4213 Hzec
2365 4160 2508 4212 enim
2546 4159 2850 4225 patiebatur
2886 4158 3120 4210 humana
3156 4166 3371 4219 natura,

1808 4256 2043 4309 deducta
2084 4270 2177 4323 per
2220 4261 2499 4323 peccatum
2542 4252 2593 4305 in
2625 4262 2872 4314 mortem,
2899 4252 3033 4305 etin
3074 4252 3249 4319 ipsum
3289 4250 3372 4303 in-

1806 4346 1945 4401 ferni
1970 4347 2171 4409 locum,
2200 4360 2361 4415 quem
2394 4345 2581 4397 limum
2612 4341 2862 4412 profundi
2900 4350 2955 4395 et
2988 4341 3157 4395 maris
3186 4339 3369 4395 altitu»

1807 4437 1987 4492 dinem
2023 4437 2109 4491 hic
2141 4445 2318 4490 vocat.

1878 4532 1930 4586 4.
1954 4530 2216 4585 Laboravi
2238 4533 2497 4594 clamans,
2514 4546 2686 4583 rauca'
2706 4530 2862 4597 facta:
2883 4537 3003 4581 sunt
3026 4528 3201 4595 fauces
3220 4542 3366 4581 metu.

1807 4621 2063 4690 Quaenam
2100 4622 2385 4675 clamando
2422 4622 2620 4675 dixerit
2665 4631 2717 4674 et
2752 4620 2951 4689 quibus
2980 4619 3046 4671 de
3075 4618 3279 4681 causis,
3313 4618 3369 4670 in

1806 4716 2158 4788 sequentibus
2194 4725 2376 4786 aperte
2404 4719 2561 4769 docet
2589 4716 2817 4770 dicendo
2844 4732 2857 4768 :
2891 4713 3080 4767 Libera
3114 4730 3195 4766 me
3214 4712 3278 4766 ab
3301 4712 3367 4766 iis

1803 4816 1891 4885 qui
1914 4815 2129 4867 oderunt
2144 4830 2222 4867 me
2245 4814 2377 4867 etde
2394 4814 2667 4883 profundis
2688 4811 3119 4883 aquarnm“,et:
3151 4810 3268 4864 Non
3291 4828 3369 4863 me

1803 4912 2067 4977 dcmergat
2096 4917 2369 4976 tempestas
2399 4924 2547 4977 aqum
2574 4908 2640 4968 ⁸⁷,
2668 4916 2772 4959 etc.
2805 4905 3050 4975 Ilogabat
3076 4904 3365 4972 siquidem,

1806 4999 1884 5051 uti
1930 4998 2042 5067 jam
2094 4997 2232 5061 dixi,
2260 5012 2357 5067 pro
2389 4996 2624 5049 hominis
2660 5005 2875 5056 natura,
2908 5005 2967 5048 ut
3001 4994 3366 5047 destrueretur

1806 5090 1997 5144 mortis
2034 5089 2345 5159 imperium,
2375 5088 2587 5142 inferno
2610 5102 2671 5140 os
2698 5102 2856 5141 suum
2890 5095 3011 5157 post
3051 5086 3225 5153 ipsum
3260 5100 3363 5139 non

1806 5181 2120 5247 claudente,
2173 5180 2527 5251 quamobrem
2554 5178 2718 5246 dicit,
2751 5194 2910 5248 neque
2947 5175 3163 5230 claudat
3214 5191 3365 5245 super

1806 5289 1885 5326 me
1907 5282 2090 5341 puteus
2118 5289 2173 5326 os
2200 5289 2352 5326 suum
2386 5271 2450 5325 “'.

1876 5448 1928 5502 5.
1962 5446 2308 5518 Multiplicati
2334 5457 2460 5501 sunt
2487 5464 2643 5517 super
2674 5446 2894 5516 capillos
2924 5445 3112 5514 capitis
3140 5444 3241 5496 mei
3275 5446 3362 5514 qui

1807 5541 2027 5593 oderunt
2055 5556 2133 5593 me
2160 5541 2348 5610 gratis.
2380 5538 2530 5594 Multi
2555 5555 2788 5609 namque
2812 5539 3082 5593 daemones
3116 5536 3362 5591 humanm

1803 5642 2006 5686 natura:
2046 5631 2390 5695 insidiantur,
2428 5631 2520 5701 qui
2568 5630 2702 5684 nihil
2736 5646 2765 5682 a
2801 5629 2957 5683 nobis
2985 5629 3095 5684 lassi
3128 5627 3361 5691 fuerant,

1798 5733 1852 5778 et
1877 5734 2055 5779 tamen
2106 5738 2292 5780 necem
2343 5724 2642 5779 moliuntur
2684 5722 2857 5777 nobis.
2900 5720 3198 5795 Confortati
3244 5729 3360 5773 sunt

235 5851 268 5881 “
292 5855 379 5912 ἐκ.
414 5879 527 5929 LIII,
551 5864 585 5919 4
621 5880 733 5934 seq.
793 5865 839 5897 “
870 5865 1020 5921 νει-ε.
1054 5868 1135 5921 l5.
1200 5870 1242 5899 ⁸⁷
1272 5867 1424 5923 Vcrs.
1468 5868 1547 5923 l6.
1614 5868 1659 5900 ⁸³
1684 5864 1818 5923 Ibid.
