4108 6490
701 463 804 522 307

1513 461 1569 516 S.
1610 461 1979 517 ATHANASII
2020 459 2170 516 ΟΡΡ.
2214 459 2395 516 PARS
2433 461 2522 518 ΙΙΙ.
2548 489 2616 502 --
2657 457 3068 515 EXEGETICA.

3843 453 3945 509 308

699 586 790 653 qui
824 579 1084 650 persecuti
1115 589 1238 634 sunt
1284 595 1363 634 me
1396 580 1599 634 inimici
1645 583 1744 634 mei
1778 581 1992 652 injuste.
2028 579 2272 636 Declarat

2386 576 2896 648 Ἐκριιταιὼθησαν
2937 581 2993 632 οι
3039 577 3244 646 ἐχθροί
3286 593 3426 644 μευ,
3476 577 3532 630 οι
3565 571 3948 645 summie

699 689 865 742 quam
889 671 1092 742 injuste
1118 672 1384 727 sententia
1415 683 1602 726 contra
1633 689 1758 728 eum
1780 672 1889 729 lata
1919 675 2010 729 sit.

777 827 832 881 6.
863 826 1024 890 Deus,
1057 838 1114 882 tu
1141 828 1244 882 sris
1281 829 1642 898 insipientiam
1682 845 1870 885 meam.
1898 829 2269 900 lnsipientiam

703 919 857 986 dicit,
891 935 1013 975 eam
1050 936 1172 990 qua:
1205 921 1329 976 talis
1363 923 1579 978 videtur
1611 925 1945 988 nominibus,
1981 925 2266 980 stultitiam

703 1012 827 1068 dico
858 1013 1152 1082 passionis.
1189 1011 1352 1070 Facta
1389 1016 1534 1071 enim
1560 1025 1658 1079 est,
1686 1016 1840 1085 juxta
1877 1031 2092 1071 sacrum
2123 1017 2269 1086 Apo-

703 1105 903 1158 stoluin
931 1104 998 1169 δ’,
1025 1120 1163 1162 crux
1199 1109 1412 1162 Domini
1443 1106 1642 1163 Iudaeis
1677 1108 1895 1174 quidem
1927 1109 2267 1174 scandalum,

703 1197 955 1270 gentibus
983 1211 1164 1255 autem
1195 1200 1444 1255 stultitia.
1476 1200 1555 1253 Tn
1589 1201 1773 1270 igitur,
1799 1216 1832 1256 ο
1857 1201 2034 1268 Pater,
2064 1203 2266 1272 inquit.

704 1294 846 1348 nosti
875 1295 1240 1350 (BCOIIOllliJm
1284 1295 1481 1350 crucis.
1517 1292 1632 1349 Hoc
1671 1305 1851 1350 autem
1887 1296 1962 1348 ait
1996 1295 2122 1365 quia
2170 1294 2272 1349 fuit

703 1386 963 1442 obediens
993 1385 1137 1442 Patri
1191 1403 1365 1458 usque
1409 1387 1475 1443 ad
1522 1399 1788 1453 mortem,
1825 1397 2053 1442 mortem
2088 1398 2268 1441 autem

702 1478 904 1533 crucis.
940 1478 1008 1533 Et
1040 1479 1231 1533 detirta
1255 1495 1368 1532 mea
1394 1496 1426 1532 a
1461 1489 1508 1532 te
1533 1496 1640 1533 non
1671 1489 1792 1533 sunt
1822 1480 2155 1534 abscondita.
2184 1479 2270 1534 Si-

703 1571 830 1626 mile
876 1580 962 1628 est
1007 1571 1168 1627 huic:
1196 1569 1300 1637 Qui
1344 1589 1447 1626 non
1489 1575 1632 1626 norit
1673 1581 1967 1642 peccatum,
1998 1581 2267 1642 peccatum

2366 688 2444 740 με
2472 670 2710 735 ἀδίκως.
2725 669 3033 732 οΔείκνυσιν,
3058 667 3134 732 ὡς
3158 665 3357 730 ἀδίκως
3378 667 3412 737 ἠ
3441 664 3562 719 κατ’
3584 662 3754 730 αὕτοῦ
3775 662 3949 736 ψῆφος

2371 760 2736 831 ἐξενήνεκται.

2451 850 2516 906 '0
2549 851 2712 917 Θεὸς,
2735 850 2816 906 σὺ
2843 851 3030 920 ἔγνως
3059 848 3175 917 τὴν
3204 847 3563 918 ἀφροσύνην
3580 862 3722 915 μου·
3766 846 3942 917 mare

2371 945 2537 1016 σύνην
2577 944 2711 1016 φησὶ
2743 944 2842 1015 τὴν
2870 943 3218 1014 νομισθεῖσαν
3273 939 3424 1012 παρὰ
3467 942 3585 1003 τοῖς
3643 937 3947 1010 ἀνθρώποις

2373 1037 2601 1110 μωρίαν,
2633 1035 2731 1107 τὴν
2755 1035 2848 1090 τοῦ
2876 1035 3081 1100 πάθους
3101 1034 3264 1106 φημί.
3290 1033 3485 1101 Γέγονε
3512 1031 3640 1103 γὰρ,
3685 1030 3830 1084 κατὰ
3859 1032 3948 1084 τὸν

2371 1133 2512 1204 ἱερὸν
2558 1130 2896 1194 Ἀπόστολον,
2931 1133 2960 1184 ὁ
3005 1129 3100 1182 τοῦ
3144 1128 3352 1200 Κυρίου
3385 1125 3616 1198 σταυρὸς
3675 1124 3948 1190 Ἰουδαίοις

2372 1226 2470 1296 μὲν
2500 1222 2816 1287 σκάνδαλον,
2853 1221 3029 1275 ἐθνεσι
3063 1220 3122 1274 δὲ
3157 1218 3358 1291 μωρία.
3400 1219 3473 1272 Σὺ
3495 1214 3611 1283 οῦν,
3661 1211 3708 1270 ὧ
3742 1217 3944 1288 Πάτερ,

2369 1315 2553 1386 φησὶν,
2587 1312 2759 1382 ἔγνως
2788 1313 2890 1385 τὴν
2918 1312 3004 1365 διὰ
3030 1311 3126 1364 τοῦ
3151 1309 3387 1382 σταυροῦ
3417 1308 3752 1380 οἰκονομίαν.
3779 1307 3948 1362 Τοῦτο

2367 1406 2424 1459 δὲ
2460 1405 2628 1475 λέγει,
2683 1404 2870 1476 ἐπειδὴ
2902 1403 3124 1472 γέγονεν
3157 1403 3396 1473 ὑπήκοος
3433 1401 3511 1472 τῷ
3563 1401 3740 1473 Ila-:91
3789 1400 3944 1471 μέχρι

2369 1499 2622 1562 Θανάτου,
2651 1498 2878 1552 θανάτου
2911 1497 2968 1550 δὲ
2998 1494 3253 1567 σταυροῦ.
3299 1495 3406 1549 Καὶ
3455 1497 3516 1548 αἱ
3545 1493 3948 1564 πλημμέλειαι

2361 1608 2482 1659 μου
2512 1588 2630 1644 ἀπὸ
2657 1587 2774 1642 σοῦ
2806 1591 2918 1643 οὐκ
2969 1588 3412 1655 (inexperti-near.
3451 1588 3673 1656 Ὅμοιον
3696 1584 3798 1656 τῷ·
3839 1586 3949 1638 Τὸν

703 1680 795 1734 pro
819 1665 968 1720 nobis
989 1665 1112 1734 fecit
1128 1665 1210 1732 '°.;
1245 1675 1407 1738 atque
1445 1667 1549 1724 hoc
1579 1673 1664 1722 est
1693 1667 1842 1737 quod
1870 1665 2069 1721 dicitur
2098 1684 2112 1720 :
2146 1666 2188 1720 Α
2222 1675 2270 1719 te

2370 1679 2448 1749 μὴ
2470 1681 2691 1751 γνόντα
2711 1680 3001 1751 ἁμαρτίαν
3014 1679 3301 1749 ἁμαρτίαν
3316 1676 3465 1746 ὑπὲρ
3485 1676 3654 1747 ἡμῶν
3671 1677 3945 1746 ἐποίησε.

702 1770 805 1808 non
829 1763 952 1808 sunt
980 1755 1310 1811 abscondita.

769 1847 823 1901 7.
847 1845 967 1901 Non
996 1849 1302 1903 erubescant
1325 1849 1477 1903 inme
1501 1849 1592 1921 qui
1608 1859 1906 1921 exspectant
1930 1859 1998 1917 te,
2028 1846 2264 1911 Domine,

2366 1774 2477 1832 Καὶ
2506 1771 2662 1826 τοῦτὸ
2694 1773 2809 1825 ἐστι
2832 1772 2912 1825 τό·
2939 1762 3092 1825 ’Ἀπὸ
3120 1769 3236 1824 σοῦ
3263 1772 3373 1824 οὐκ
3395 1769 3761 1839 ἐκρύὅησαν.

2438 1870 2497 1926 Μ
2502 1869 2534 1935 il
2584 1866 3064 1934 αἰσχυνθείησαν
3095 1863 3189 1917 ἐπ’
3213 1863 3318 1934 ἐμὲ
3346 1867 3402 1918 οι
3427 1863 3833 1935 ὑπομένοντάς
3849 1881 3944 1930 σε,

703 1938 922 1993 Domine
952 1941 1220 1994 virtutum.
1250 1938 1408 2006 Illud,
1439 1942 1496 1995 in
1526 1959 1625 2007 me,
1659 1942 1712 1996 id
1747 1951 1850 2006 est,
1885 1957 1981 2012 per
2015 1955 2120 2003 me,
2150 1941 2262 1996 sive

2370 1961 2560 2030 Κύριε,
2599 1961 2774 2028 Κύριε
2796 1956 2916 2011 τῶν
2950 1955 3281 2028 δυνάμεων.
3312 1956 3386 2009 Τὸ
3415 1957 3532 2027 μὲν,
3562 1957 3654 2010 ἐπ’
3686 1955 3809 2026 spe.
3849 1957 3944 2010 ἀν-

703 2047 798 2099 per
819 2047 993 2094 meum
1020 2049 1118 2102 pro
1142 2032 1209 2088 iis
1237 2032 1569 2104 passionem.
1601 2031 1735 2088 Illud
1761 2046 1964 2094 autem,
1995 2031 2114 2086 Non
2137 2050 2261 2087 eru-

2361 2054 2417 2106 τὶ
2434 2051 2552 2117 τοῦ,
2577 2051 2646 2105 δι’
2665 2050 2787 2122 ἐμὲ,
2803 2051 2923 2123 ἦτοι
2949 2049 3037 2105 διὰ
3054 2048 3150 2104 τοῦ
3178 2048 3312 2121 ἐμοῦ
3341 2049 3480 2122 ὑπὲρ
3512 2048 3692 2103 αὐτῶν
3716 2047 3944 2113 πάθους

703 2125 933 2188 bescaut,
961 2123 1119 2194 quasi
1152 2124 1324 2186 dicas,
1354 2139 1419 2179 ne
1445 2123 1586 2178 ultra
1616 2123 1941 2178 erubescant
1967 2123 2106 2178 sicut
2132 2123 2262 2177 olim

2370 2143 2423 2197 τὺ
2453 2143 2532 2205 δὲ,
2584 2143 2681 2212 Μὴ
2731 2143 3235 2212 αισχυνθείησαν,
3287 2141 3408 2195 ἀντὶ
3443 2140 3562 2206 τοῦ,
3621 2141 3820 2212 μηκέτι
3859 2143 3947 2194 αἰ-

701 2219 922 2287 quando
955 2223 1026 2274 ob
1055 2219 1458 2290 corruptionem
1493 2235 1655 2290 quam
1681 2219 2028 2289 patiebantur
2057 2219 2264 2289 pudore

702 2310 879 2367 allecti
906 2321 1082 2367 erant.
1116 2309 1242 2366 Haec
1263 2321 1442 2367 autem
1463 2311 1731 2367 sententia
1757 2329 1771 2365 :
1803 2309 2052 2377 Quando,
2069 2310 2263 2380 inquit,

700 2419 800 2472 ego
827 2402 878 2456 id
913 2402 966 2455 in
995 2417 1081 2457 me
1115 2401 1352 2472 suscepi,
1373 2410 1432 2456 ut
1454 2419 1552 2472 pro
1586 2403 1693 2458 illis
1718 2413 1942 2458 mortem
1965 2411 2263 2472 gustarem,

700 2495 983 2552 abolentur
1013 2497 1101 2551 illa
1135 2513 1232 2568 per
1270 2508 1500 2553 mortem
1529 2499 1661 2568 ipsis
1690 2497 1819 2552 olim
1849 2498 1995 2551 illata
2020 2497 2262 2552 infamia.

699 2587 834 2645 Nam
873 2605 1023 2646 mors
1062 2606 1189 2647 vere
1214 2589 1440 2646 infamia
1469 2600 1608 2652 erat.
1643 2591 1698 2645 in
1728 2591 2004 2646 hominem
2030 2591 2096 2645 ad
2126 2591 2262 2644 ima-

699 2683 878 2752 ginem
910 2683 1007 2738 Dei
1024 2690 1266 2738 creatum
1303 2698 1532 2753 regnum
1562 2683 1837 2738 obtinens.
1865 2681 2146 2749 Significat
2171 2682 2267 2735 ita-

698 2788 804 2842 que
821 2789 919 2848 per
932 2774 1051 2843 ejus
1072 2774 1525 2830 resurrectionem
1550 2775 1616 2829 de
1638 2774 1814 2828 medio
1837 2775 2126 2829 tollendam
2147 2789 2267 2828 esse

698 2875 950 2926 mortem.
982 2865 1120 2924 Huic
1151 2867 1582 2938 interpretationi
1615 2867 1928 2938 adiungitur
1957 2883 2148 2922 versus
2179 2868 2266 2922 isti

697 2962 1044 3018 consimilis:
1078 2961 1202 3017 Non
1239 2961 1634 3029 confundantur
1673 2978 1830 3030 super
1863 2978 1941 3015 me
1979 2961 2070 3032 qui
2119 2979 2266 3032 qua--

699 3064 822 3106 runt
843 3053 1160 3115 te.,Pulcln-e
1186 3053 1440 3123 superius
1471 3063 1526 3132 et
1551 3052 1653 3108 hoc
1679 3052 1804 3107 item
1843 3054 1961 3108 loco
1992 3054 2148 3119 dixit,
2177 3071 2267 3108 su-

697 3161 790 3212 per
815 3160 915 3200 me.
946 3143 1094 3212 Quia.
1116 3145 1263 3201 enim
1301 3146 1415 3214 ipse
1445 3153 1564 3200 erat
1603 3145 1698 3215 qui
1730 3145 2078 3210 concitabat;
2111 3145 2156 3200 si
2188 3146 2265 3199 vi-

697 3248 819 3293 ctus
854 3235 1069 3300 fuisset.
1102 3237 1365 3309 pudorem
1389 3237 1655 3292 allaturus
1683 3246 1800 3292 erat
1822 3236 1889 3291 iis
1917 3237 2010 3306 qui
2039 3236 2143 3290 sibi
2169 3235 2266 3290 ob-

699 3335 1112 3400 temperassent,
1142 3337 1327 3400 utpote
1351 3328 1444 3399 qui
1474 3343 1570 3399 per
1598 3326 1844 3382 fraudem
1875 3336 1928 3384 et
1950 3327 2265 3384 facilitatem

697 3418 866 3473 animi
890 3419 1130 3488 pericula
1160 3419 1444 3474 adiissent.

773 3507 829 3574 8,
853 3507 906 3564 9.
927 3507 1190 3582 Quoniam
1209 3519 1423 3579 propter
1446 3517 1496 3561 te
1523 3507 1755 3561 sustinui
1777 3505 2133 3576 opprobrium.
2161 3505 2268 3561 Po-

699 3602 866 3669 stulo,
901 3601 1098 3672 inquit,
1127 3611 1186 3657 ut
1227 3617 1376 3657 mors
1402 3601 1468 3657 de
1498 3599 1680 3655 medio
1725 3599 1978 3666 tollatur,
2007 3600 2265 3670 quoniam

698 3691 958 3748 ubediens
989 3691 1084 3748 tibi
1113 3689 1293 3748 factus
1321 3692 1492 3764 ipsam
1520 3691 1727 3761 accepi.
1762 3689 2063 3745 Extratteus
2095 3691 2267 3761 factus

698 3801 817 3842 sum
841 3782 1098 3861 [ratribus
1134 3785 1282 3843 meis.
1315 3782 1428 3840 lloc
1461 3783 1537 3840 ait
1565 3783 1695 3854 quia
1727 3790 1969 3854 tempore
1997 3783 2270 3855 passionis

699 3883 769 3935 ab
793 3878 1051 3935 omni-bus
1081 3878 1371 3936 derelictus
1397 3885 1498 3933 est.

773 4055 858 4110 ιο.
886 4055 1148 4128 Quoniam
1174 4058 1317 4112 zelus
1342 4057 1529 4112 domus
1556 4065 1661 4112 tute
1690 4057 1912 4112 comedit
1936 4074 2034 4113 me.
2067 4056 2148 4114 Me
2167 4057 2267 4112 ab-

701 4161 986 4224 negarunt,
1017 4150 1219 4222 inquit,
1247 4151 1375 4222 quia
1403 4151 1765 4220 coarguebat!)
1796 4165 1892 4208 eos
1932 4151 2079 4223 quod
2114 4152 2269 4224 impii

699 4244 753 4300 in
783 4246 1006 4302 domum
1043 4254 1192 4301 tuam
1241 4255 1446 4300 essent.
1485 4243 1719 4299 Enarrat
1757 4254 1940 4300 autem
1979 4245 2272 4300 historiam

697 4337 899 4392 diserte
916 4333 1179 4400 Joannes,
1197 4336 1342 4406 quod
1373 4335 1585 4404 ﬂagello
1623 4336 1844 4406 ejecerit
1879 4351 1975 4393 eos
2019 4337 2087 4392 de
2133 4346 2270 4392 tem-

699 4428 787 4498 pio
800 4429 864 4480 ⁵⁸.
879 4426 949 4482 Et
963 4427 1238 4498 opprobria
1253 4427 1682 4499 exprobrantium
1699 4428 1793 4482 tibi
1810 4428 2103 4483 ceciderunt
2116 4445 2270 4498 super

701 4537 801 4576 me.
838 4517 956 4576 Non
983 4519 1171 4586 modo,
1201 4520 1400 4592 inquit,
1421 4529 1712 4576 extraneus
1741 4519 1920 4577 factus
1945 4538 2066 4577 sum
2091 4531 2144 4576 et
2174 4536 2268 4591 pe-

698 4611 972 4682 regrinus,
995 4613 1088 4668 sed
1118 4611 1286 4669 etiam
1311 4611 1599 4684 opprobria
1626 4610 1965 4668 sustinebam
1989 4612 2058 4668 ab
2085 4612 2150 4668 iis
2174 4613 2268 4682 qui
2305 4639 2345 4694 υ

695 4720 794 4776 per
822 4705 964 4760 mala
989 4721 1150 4776 opera
1187 4705 1590 4775 exprobrabant
1621 4705 1742 4760 tibi.
1767 4703 1924 4760 Nulla
1954 4716 2136 4761 autem
2161 4705 2266 4760 alia

695 4800 763 4856 de
798 4813 967 4856 causa
1013 4797 1070 4853 id
1124 4797 1391 4870 patiebar,
1443 4798 1547 4854 nisi
1579 4808 1800 4870 propter
1846 4797 2023 4854 zelum
2071 4798 2268 4855 domus

697 4901 825 4945 tuae.

774 4983 960 5040 il-l3.
995 4981 1064 5039 Et
1093 4981 1278 5053 operui
1307 4983 1363 5036 in
1404 4981 1612 5054 jejunio
1663 4983 1896 5038 animum
1938 4998 2128 5046 meam,
2159 4990 2263 5037 etc.

697 5073 922 5139 Dolens,
943 5074 1142 5146 inquit,
1170 5079 1238 5128 de
1263 5070 1445 5128 futura
1463 5072 1767 5128 animarum
1787 5087 1974 5128 eorum
2012 5071 2270 5144 pernicie,

698 5167 806 5219 hoc
829 5172 994 5234 atque
1037 5163 1173 5219 illud
1217 5163 1465 5234 agebam.
1492 5162 1573 5217 Illi
1602 5179 1729 5221 vero
1756 5178 1852 5233 pro
1892 5149 2094 5232 quibus
2121 5161 2271 5231 ejus-

698 5256 842 5311 modi
895 5271 982 5311 res
1029 5253 1352 5318 eﬂlciebam,
1382 5253 1530 5308 omni
1575 5261 1817 5324 tempore
1854 5262 1908 5306 et
1945 5252 2067 5308 loco
2101 5265 2188 5305 me
2211 5251 2267 5305 in

697 5361 794 5402 ore
823 5345 1136 5411 versabant,
1167 5342 1562 5414 exprobrantes
1608 5344 1744 5398 mihi
1776 5343 2170 5399 macerationes
2203 5342 2267 5396 il-

697 5441 779 5493 las
807 5453 945 5508 quas
968 5451 1156 5492 eorum
1185 5450 1351 5492 censa
1375 5435 1737 5490 sustinebam.

777 5527 861 5582 14.
914 5525 1024 5598 Ego
1070 5541 1188 5582 vero
1239 5527 1532 5580 orationem
1585 5541 1755 5580 meam
1799 5525 1868 5579 ad
1917 5535 1983 5594 te,
2022 5525 2265 5583 Domine.

703 5619 950 5686 Etiamsi,
981 5619 1177 5690 inquit,
1215 5617 1583 5676 retribuerunt
1630 5617 1762 5672 mihi
1786 5617 1923 5671 mala
1963 5632 2061 5688 pro
2088 5617 2267 5684 bonis,

699 5722 752 5762 at
779 5723 880 5780 ego
908 5725 1018 5765 non
1059 5711 1222 5765 tinctu
1245 5707 1388 5762 facio
1412 5721 1602 5779 preces
1636 5722 1734 5777 pro
1781 5705 1847 5762 iis
1876 5705 2158 5761 olicrcmli.
2205 5705 2270 5759 Et

693 5896 706 5961 ξ
737 5888 850 5963 νει
885 5888 1010 5947 Cor.
1048 5903 1086 5954 ι,
1115 5886 1201 5942 95.
1288 5885 1332 5915 ⁸⁸
1361 5884 1382 5940 ι
1408 5887 1533 5942 Cor.
1569 5901 1616 5952 ι’,
1643 5885 1741 5972 21.
1804 5886 1845 5917 θ’
1880 5881 2034 5938 Jnan.
2074 5898 2131 5948 ιι,
2161 5882 2244 5940 15.

2365 2233 2742 2306 σχυνθείησαν,
2793 2234 2870 2298 ὡς
2917 2234 3084 2288 πάλαι
3134 2233 3312 2287 σῦτῶν
3361 2233 3744 2304 ᾐσχυνομένων
3768 2233 3835 2287 δι’
3881 2236 3951 2302 ἦν

2365 2325 2661 2397 ὑπέμειναν
2698 2324 2924 2396 φθοράν.
2962 2325 3020 2379 '0
3058 2325 3114 2379 δὲ
3155 2323 3281 2386 νοῦς
3315 2317 3490 2388 οὗτος·
3539 2323 3756 2395 Ἐπειδὴ
3812 2323 3946 2394 ἐγὼ,

2366 2420 2518 2491 φησὶ,
2542 2417 2910 2489 κατεδεξάμην
2947 2417 3086 2489 ὑπὲρ
3121 2416 3301 2470 αὐτῶν
3338 2415 3635 2486 γεύσασθαι
3687 2415 3946 2481 θανάτου,

2367 2508 2675 2580 ἀναιρεθείη
2727 2510 2761 2580 ἡ
2807 2508 2974 2563 πάλαι
3029 2511 3150 2562 κατ’
3183 2507 3362 2562 αὐτῶν
3413 2507 3676 2579 γενομένη
3723 2506 3813 2560 διὰ
3857 2507 3949 2561 τὶν

2367 2601 2595 2656 θάνατον
2632 2599 2884 2673 αἰσχύνη.
2931 2601 3171 2673 Αίσχύνη
3229 2599 3339 2672 γὰρ
3367 2595 3436 2672 ἦν
3467 2600 3562 2655 τοῦ
3616 2602 3736 2656 κατ’
3763 2601 3949 2654 εἰκόνα

2366 2691 2500 2745 Θεοῦ
2523 2693 2834 2755 κτισθέντος
2862 2692 3151 2764 ἀνθρώπου
3184 2691 3484 2762 βασιλεύων
3506 2693 3534 2744 6
3562 2691 3812 2755 θάνατος.
3843 2691 3949 2762 £1;-

2370 2783 2551 2854 μαίνει
2580 2779 2695 2850 οὖν,
2715 2783 2792 2848 ὡς
2821 2783 2909 2837 διὰ
2937 2783 3035 2854 τῆς
3090 2782 3257 2837 αὑτοῦ
3305 2783 3652 2848 ἀναστάσεως
3682 2785 3747 2836 ἐκ
3780 2785 3948 2855 μέσον

2373 2877 2662 2946 γενήσεται
2706 2879 2735 2930 ὀ
2783 2875 3030 2940 θάνατος·
3067 2875 3343 2946 Συνῆπταί
3387 2870 3482 2928 οὖν
3537 2876 3595 2928 ἐν
3649 2874 3827 2948 ταύτῃ
3876 2877 3946 2947 τῇ

2368 2965 2632 3038 ἑρμηνεία
2661 2967 2754 3020 καὶ
2795 2969 2824 3021 ὁ
2865 2966 3050 3038 ἐτερος
3076 2967 3277 3038 στίχος,
3325 2967 3354 3019 ό
3378 2965 3567 3021 τούτου
3625 2967 3944 3040 παρόμοιος·

2369 3057 2532 3123 Μηδὲ
2577 3059 3020 3128 ἐντραπείησαν
3070 3059 3162 3112 ἐπ’
3219 3057 3325 3128 ἐμὲ
3378 3061 3435 3113 οι
3486 3057 3806 3125 ζητοῦντές
3850 3075 3946 3114 σε.

2369 3148 2564 3213 Καλῶς
2587 3151 2681 3204 καὶ
2707 3148 2818 3204 ἄνω
2845 3146 2964 3204 εἷπε
3014 3152 3095 3214 τὸ,
3123 3150 3216 3204 ἐπ’
3245 3148 3375 3220 ἐμὲ,
3430 3149 3524 3203 καὶ
3553 3142 3678 3204 ὧδε.
3726 3150 3948 3221 Ἐπειδὴ

2370 3243 2478 3316 γὰρ
2533 3243 2696 3307 αὐτὸς
2740 3239 2808 3315 ἦν
2869 3244 2899 3296 ὀ
2963 3242 3308 3317 προτρέψας,
3367 3241 3620 3314 ἡττηθεὶς
3675 3241 3946 3314 αἰσχύνην

2372 3335 2534 3406 ἔφερε
2564 3335 2676 3397 τοῖς
2730 3332 3050 3398 πεισθεῖσιν,
3099 3333 3176 3398 ὡς
3222 3333 3406 3404 ἀπάτῃ
3454 3334 3548 3386 uel.
3583 3331 3807 3404 εὐκολία
3857 3331 3951 3386 τὸν

2372 3423 2612 3477 κίνδυνον
2639 3421 2931 3492 ἑλομένοις.

2445 3513 2572 3567 Ὅτι
2604 3512 2783 3568 ἕνεκά
2829 3529 2946 3566 σου
2998 3512 3310 3580 ὑπήνεγκα
3365 3511 3734 3582 όνειδισμόν.
3777 3508 3947 3573 Λῒξῶ,

2373 3605 2556 3676 φησὶν,
2600 3602 2842 3657 ἐκποδὼν
2884 3604 3137 3673 γενέσθαι
3185 3603 3276 3657 τὸν
3338 3602 3590 3657 θάνατον’
3635 3603 3827 3676 ἐπειδὴ
3854 3602 3950 3657 καί

2375 3713 2456 3750 σοι
2481 3695 2722 3767 γεγονὼς
2754 3696 3013 3770 ὑπήκοος,
3046 3696 3208 3750 αὑτὸν
3232 3695 3631 3768 ἀναδέδειγμαι.
3658 3697 3956 3765 Ἀπηλλα-

2376 3787 2690 3859 τριωμένος
2727 3787 3025 3858 ἐγενήθην
3082 3786 3207 3854 τοῖς
3251 3785 3535 3856 ἀδελφοῖς
3582 3806 3727 3857 μου.
3779 3788 3956 3843 Τοῦτό

2374 3897 2507 3950 φησι
2535 3879 2622 3933 διὰ
2644 3880 2742 3950 τὴν
2771 3879 3068 3950 γενομένην
3097 3877 3246 3948 αύτῷ
3293 3878 3384 3930 ἐπὶ
3412 3877 3508 3931 τοῦ
3542 3878 3752 3942 πάθους
3802 3881 3953 3952 παρὰ

2374 3971 2589 4029 πάντων
2621 3972 2786 4038 ἐγκατ
2795 3969 3023 4040 ἀλειψιν.

2446 4063 2574 4117 Ὅτι
2601 4065 2634 4116 d
2660 4059 2836 4129 ζῆλος
2868 4060 2973 4114 τοῦ
2995 4061 3165 4116 οἴκου
3187 4077 3302 4117 σου
3325 4061 3618 4132 κατέφαγέ
3635 4079 3732 4132 με.
3762 4061 3957 4135 Ἦρνή-

2377 4153 2537 4208 σαντό
2567 4170 2655 4224 με,
2682 4154 2866 4226 φησιν,
2893 4153 3081 4225 ἐπειδὴ
3111 4154 3337 4226 ἤλεγχον
3389 4156 3605 4219 ἀσεϐεῖς
3632 4154 3832 4218 αὐτοὺς
3860 4171 3955 4224 γε·

2374 4244 2631 4316 νομένους
2675 4245 2803 4317 περὶ
2847 4244 2938 4297 τὸν
2981 4239 3128 4297 οἷκον
3159 4245 3250 4299 τὸν
3299 4246 3408 4299 σόν.
3442 4246 3720 4314 Διηγετται
3768 4243 3828 4298 δὲ
3853 4243 3952 4314 τὴν

2377 4335 2616 4408 ἱστορίαν
2648 4333 2836 4406 σαφῶς
2867 4336 2895 4388 ὁ
2931 4335 3201 4406 Ἰωάννης·
3230 4337 3318 4389 ὅτε
3366 4335 3584 4402 ἐξέϐαλε
3617 4335 3756 4407 μετὰ
3784 4352 3956 4408 φραγ·

2374 4429 2555 4497 γελίου
2591 4429 2655 4481 ἐκ
2675 4427 2768 4481 τοῦ
2794 4427 2958 4498 ίεροῦ.
2988 4428 3095 4482 Καὶ
3149 4430 3203 4481 oi
3243 4427 3570 4497 ὀνειδισμοὶ
3637 4427 3760 4480 τῶν
3797 4429 3953 4482 ὀνει-

2373 4519 2652 4582 διζόντων
2691 4535 2766 4574 σε
2806 4520 3110 4576 ἐπέπεσον
3152 4519 3245 4573 ἐπ’
3277 4519 3399 4589 ἐμέ.
3455 4520 3530 4574 Ob
3577 4519 3738 4592 μόνον
3801 4519 3952 4586 ξένος

2374 4611 2657 4682 ἐγενήθην,
2710 4612 2867 4683 ιρησὶ,
2922 4613 3016 4666 καὶ
3070 4611 3602 4685 ἀπηλλοτριωμένος,
3657 4609 3800 4664 ἀλλὰ
3859 4612 3953 4665 καὶ

2373 4702 2727 4776 ὼνειδιζόμην
2753 4704 2811 4770 ἐξ
2843 4704 3069 4759 ἐκείνων
3130 4703 3228 4758 ιῶν
3279 4704 3387 4758 ἀπὸ
3415 4701 3665 4776 πονηρῶν
3695 4701 3952 4773 πράξεων

2372 4794 2732 4860 ὀνειδιζόντων
2797 4811 2877 4850 σε.
2928 4797 3004 4850 Δι’
3033 4795 3186 4850 οὐδὲν
3242 4795 3299 4849 δὲ
3350 4795 3535 4866 ἓτερον
3603 4792 3671 4845 τὰ
3725 4791 3953 4846 τοιαῦτα

2373 4886 2660 4958 ἔπασχονῆ
2684 4885 2774 4939 διὰ
2809 4885 2900 4939 τὸν
2924 4886 3087 4959 ζῆλον
3130 4887 3226 4941 τοῦ
3254 4886 3402 4941 οἴκου
3431 4901 3545 4940 σου.

2445 4979 2556 5032 Καὶ
2583 4979 2983 5049 συνεκάλυψα
3015 4980 3085 5032 ἐν
3124 4979 3371 5047 νηστείᾳ
3395 4975 3509 5044 τὴν
3556 4975 3772 5046 ψυχήν
3808 4992 3950 5043 μου.

2384 5070 2608 5140 Ἀλγῶν,
2665 5071 2819 5144 φησὶ,
2877 5070 2963 5125 διὰ
2998 5073 3097 5143 τὴν
3131 5071 3392 5140 ἐσομένην
3436 5067 3618 5122 αὐτῶν
3673 5065 3953 5120 ἀπώλειαν

2368 5158 2476 5212 τῶν
2495 5160 2706 5232 ψυχῶν,
2733 5161 2794 5215 τὸ
2850 5161 2945 5215 καὶ
2977 5161 3038 5214 τὸ
3077 5160 3315 5214 ἐποίουν.
3365 5160 3427 5214 Οἱ
3476 5159 3534 5212 δὲ
3576 5157 3718 5228 ὑπὲρ
3759 5149 3836 5210 ὧν
3884 5157 3955 5211 τὰ

2368 5250 2596 5304 τοιαῦτα
2629 5252 2891 5324 ἔδρων,ὲν
2919 5251 3082 5305 παντὶ
3115 5249 3293 5321 καιρῷ
3325 5251 3420 5304 καὶ
3448 5249 3596 5319 τόπῳ
3623 5247 3716 5299 ἐπὶ
3749 5247 3950 5318 στόμα-

2368 5360 2458 5406 τος
2490 5342 2590 5412 ἐμὲ
2625 5343 2934 5415 ἔφερον,,ἆς
2977 5343 3115 5416 ὑπὲρ
3147 5342 3327 5396 αὐτῶν
3375 5339 3671 5410 ἐποιούμην
3704 5355 3956 5392 κακοπα-

2374 5433 2523 5497 θείας
2554 5434 2901 5499 ὀνειδίζοντές
2936 5453 3024 5506 με.

2458 5526 2606 5597 Ἐγὼ
2627 5527 2693 5579 δὲ
2731 5525 2800 5595 τῇ
2827 5528 3140 5599 προσευχῇ
3194 5545 3312 5598 μου
3340 5525 3491 5593 πρὸς
3534 5523 3630 5588 σὲ,
3663 5522 3864 5592 Κύριε.
3892 5519 3952 5574 Ei

2378 5617 2469 5672 καὶ
2499 5618 2728 5691 πονηρὰ,
2758 5620 2942 5690 φησὶν,
2970 5618 3388 5672 ἁνταπεδίδοσάν
3423 5633 3512 5688 μοι
3548 5614 3669 5670 ἀντὶ
3709 5613 3950 5683 ἀγαθῶν,

2378 5711 2490 5764 ἀλλ’
2517 5707 2608 5766 οῦν
2631 5711 2730 5775 τὰς
2759 5712 2898 5784 ὑπὲρ
2929 5712 3110 5767 αὐτῶν
3151 5711 3261 5781 ἐγὼ
3308 5710 3368 5766 ού
3406 5712 3652 5780 παύομαι
3693 5706 3949 5778 ποιοῦμαι
