4108 6496
144 471 234 526 309

1191 468 1551 526 EXPOSITIO
1590 468 1652 521 IN
1694 463 2020 521 PSALMUM
2062 459 2290 517 LXVIII.

3252 444 3360 501 310

145 594 223 640 νος
253 580 581 650 προσευχάς.
631 582 740 635 Καὶ
770 577 924 634 τοῦτο
979 579 1134 647 δῆλον
1184 579 1243 645 ἐξ
1277 574 1352 633 ὧν
1390 577 1701 650 παρέθηκεν

1824 591 1906 631 ioc
1956 574 2302 629 manifestum
2345 578 2457 631 est.
2487 567 2631 639 quod
2684 563 3012 637 evangelista
3036 574 3160 615 eum
3200 557 3361 612 nobis

143 669 285 722 αὑτὸν
315 671 788 743 ὀεύαγγελιστὴς,
837 673 928 724 καὶ
972 671 1120 741 παρὰ
1186 670 1262 740 τῷ
1313 669 1528 741 σταυρῷ
1556 669 1695 739 ὑπὲρ

145 760 236 813 τῶν
255 765 632 833 σταυρούντων
660 764 966 835 εὐχόμενον.
1001 762 1211 831 Καιρὸς
1254 764 1548 827 εὐδοκίας.
1569 763 1698 814 Ὅτε

143 848 272 920 ἦλθε
302 853 366 905 τὸ
399 853 700 922 πλήρωμα
752 855 858 908 τοῦ
911 857 1156 924 χρόνου,
1193 853 1621 918 ἐξαπέστειλεν
1665 855 1697 905 ό

147 943 273 1008 Θεὸς
291 945 395 996 τὸν
431 946 575 998 Υίύν
603 946 788 1000 αὑτοῦ
833 947 1156 1014 γενόμενον
1178 945 1246 997 ἐκ
1272 946 1576 1013 γυναικὸς,
1607 961 1699 1014 γει

143 1037 380 1102 νόμενον
405 1036 528 1090 ὑπὸ
563 1039 771 1106 νόμον,
804 1039 902 1089 ἵνα
957 1037 1099 1103 τοὺς
1128 1036 1243 1091 ὑπὸ
1282 1038 1470 1104 νόμον
1496 1036 1702 1105 ἐξαγο-

143 1124 304 1190 ράσῃ.
344 1125 402 1178 '0
436 1128 519 1189 εἰς
546 1125 706 1179 τοῦτο
762 1124 929 1179 ἐλθών
976 1141 1128 1197 φησι·
1160 1125 1375 1194 Καιρὸς
1402 1125 1697 1189 εὐδοκίας,

146 1218 172 1267 ὀ
199 1217 351 1280 θεός.

206 1305 408 1360 Σὼσόν
424 1325 504 1377 με
530 1308 650 1362 ἀπὸ
705 1308 922 1375 πηλοῦ,
953 1309 1054 1361 ἵνα
1085 1307 1171 1376 μὴ
1219 1306 1478 1377 ἐμπαγῶ.
1518 1308 1704 1361 Ταῦτα

145 1393 202 1468 ἦν
228 1398 258 1451 ἃ
314 1401 403 1453 καὶ
449 1402 884 1472 προσευχόμενος
941 1402 1077 1472 ὑπὲρ
1125 1402 1225 1471 τῆς
1289 1400 1704 1472 ἀνθρωπότητος

151 1489 384 1558 ἔκραξεν,
425 1493 504 1556 ώς
556 1494 652 1546 καὶ
696 1493 872 1561 λέγειν
933 1493 1124 1546 αὐτόν·
1191 1494 1619 1562 Ἐὄραγχίασεν
1672 1496 1706 1546 ὀ

146 1581 360 1651 λάρυγξ
409 1602 556 1652 μου.
591 1586 664 1638 Τὸ
712 1587 790 1648 δὲ,
835 1586 1294 1656 ὲὸραγχίασε,τὸ
1345 1587 1560 1650 ἐκτενὲς
1607 1587 1706 1657 τῆς

151 1677 437 1746 προσευχῆς
476 1693 691 1748 καταση
701 1678 896 1749 μαίνει.

211 1766 300 1835 Μή
323 1785 401 1836 με
429 1771 924 1825 καταποντισιὴω
973 1769 1238 1839 καταιγὶς
1264 1769 1500 1837 ὕδατος,
1553 1770 1709 1840 μηδὲ

149 1858 463 1912 καταπιέτω
496 1879 577 1930 με
618 1861 831 1928 βυθός.
861 1861 1026 1934 Ὀρου
1064 1862 1160 1915 καὶ
1201 1863 1443 1932 κατάρας
1476 1863 1706 1932 φρικτῆς

150 1920 528 2020 προκειμένης,
561 1920 648 2005 ἵνα
681 1920 1041 2020 κᾶνσάγγελος
1066 1920 1590 2021 εὐαγγελίσηται,”ἢ
1626 1920 1705 2004 δέξ
1743 1920 1781 1972 Β

287 2045 436 2135 ημᾶς
461 2047 596 2116 παρ’
629 2045 656 2098 6
689 2048 718 2098 6
745 2046 950 2110 Παῦλος
983 2045 1236 2111 ἐδίδαξεν,
1270 2043 1517 2113 ἀνάθεμα
1547 2043 1705 2096 ἔστω.

153 2132 238 2195 Τίς
260 2132 404 2186 ἐστιν
445 2136 476 2186 6
512 2135 958 2207 ὑπερκεφαλῆσαι
992 2135 1221 2198 Παῦλον,
1270 2133 1468 2205 μᾶλλον
1516 2134 1573 2186 δὲ
1618 2134 1710 2186 τὸν

155 2226 368 2296 ὲναύτῷ
389 2226 660 2282 λαλοῦντα
715 2228 944 2299 Χριστὸν
1004 2227 1324 2298 ὁυνάμενοςς
1385 2226 1592 2280 Ούκοῦν
1620 2227 1714 2279 καὶ

155 2317 226 2380 εἰς
263 2319 451 2372 ἑαυτὸν
485 2321 588 2390 τὴν
609 2320 861 2391 τοιαύτην
920 2320 1082 2390 εὐχὴν
1133 2319 1410 2388 ἀναφέρει,
1439 2319 1532 2370 καὶ
1573 2334 1714 2387 μαρ-

153 2407 296 2474 τυρεῖ
322 2407 592 2476 ).ἐγων,έν
643 2411 706 2480 τῇ
751 2409 889 2480 πρὸς
944 2408 1222 2480 Ἐϐραίους
1279 2408 1584 2477 Ἐπιστολῇ,
1633 2408 1714 2460 ὅτι

154 2493 217 2547 ἐν
239 2497 363 2562 ταῖς
398 2499 650 2566 ἡμέραις
673 2500 780 2569 τῆς
812 2499 1035 2568 σαρκὸς
1066 2497 1273 2561 αὑτοῦ,
1325 2499 1599 2552 τουτέστιν
1624 2497 1716 2550 ἐπὶ

156 2586 238 2638 τὸν
270 2589 500 2658 σταυρὸν
536 2590 846 2660 ἐρχόμενος,
897 2591 1137 2659 δεήσεις
1175 2607 1237 2643 τε
1288 2590 1385 2643 καὶ
1423 2591 1718 2659 ικετηρίας

158 2676 281 2746 πρὸς
310 2679 400 2732 τὸν
431 2680 729 2752 δυνάμενον
751 2681 939 2746 σώζειν
963 2684 1124 2736 αὑτὸν
1184 2685 1249 2736 ὲκ
1294 2682 1544 2746 θανάτου,
1567 2699 1721 2733 τουτ-

159 2767 264 2821 έστι
293 2772 427 2842 πρὸς
473 2772 567 2825 τὸν
602 2773 837 2844 Πατέρα,
863 2773 1010 2843 μετὰ
1043 2773 1308 2842 κραυγῆς
1342 2769 1595 2840 ἰσχυρᾶς
1621 2770 1719 2823 καὶ

159 2859 418 2931 δακρύων
451 2867 813 2938 προσήνεγκε,
853 2868 948 2923 καὶ
1005 2867 1419 2931 εἰσακουσθεὶς
1465 2865 1582 2918 ἀπὸ
1614 2863 1722 2932 τῆς

161 2958 491 3024 εὐλαϐείαςο
529 2959 732 3030 καίπερ
771 2958 845 3010 ὢν
905 2959 1050 3022 Υἱὸς,
1098 2959 1295 3029 ἔμαθεν
1331 2957 1422 3025 ἀφ’
1454 2950 1527 3010 ὧν
1553 2956 1719 3010 ἔπαθε

165 3046 256 3122 τὴν
276 3048 546 3118 ὑπακοήν.
581 3048 845 3103 Ἐνταῦθα
874 3049 1102 3114 Παῦλος,
1131 3049 1328 3120 μᾶλλον
1361 3048 1417 3102 δὲ
1439 3050 1468 3101 6
1489 3050 1547 3102 ὲν
1577 3047 1723 3118 αύτῷ

165 3131 330 3186 λαλῶν
363 3136 622 3206 Χριστὸς.
648 3138 742 3190 καὶ
769 3137 840 3191 τὰ
869 3139 1198 3210 σεσιγημένα
1222 3139 1315 3192 καὶ
1338 3139 1589 3193 λείποντα
1612 3141 1723 3201 τοῖς

1799 671 1853 723 in
1899 682 2059 723 cruce
2099 681 2197 737 pro
2240 661 2680 732 cruciﬁgentibus
2722 667 2965 714 orantem
2995 657 3359 723 repraesentet.

1801 762 2022 832 Tempus
2059 757 2384 828 beneplaciti,
2413 756 2569 808 Deus.
2613 751 2709 806 Ubi
2748 751 2880 806 venit
2922 744 3192 817 plenitudo
3233 752 3364 794 tem-

1797 855 1964 923 poris,
1993 853 2136 905 misit
2176 851 2310 904 Deus
2366 847 2563 901 Filium
2608 860 2762 898 suum
2807 843 3006 911 factum
3033 851 3096 891 ex
3125 831 3360 892 muliere,

1800 921 2003 1017 factum
2053 944 2147 997 sub
2193 944 2335 1012 lege,
2385 949 2440 993 ut
2483 954 2568 992 eos
2613 937 2702 1006 qui
2753 933 2846 988 sub
2887 932 2994 1002 lege
3030 934 3179 982 erant
3225 921 3365 976 redi—

1801 1013 1958 1087 meret
1987 1035 2053 1086 ".
2091 1032 2191 1098 Qui
2227 1032 2291 1085 ad
2321 1032 2421 1084 hoc
2452 1028 2596 1084 venit
2624 1025 2698 1080 ait
2733 1043 2746 1078 :
2781 1024 3000 1089 Tempus
3032 1013 3364 1085 beneplaciti,

1801 1123 1961 1177 Deus.

1872 1296 1958 1350 15.
1991 1293 2148 1355 Eripe
2180 1309 2259 1346 me
2281 1293 2344 1347 de
2368 1292 2478 1345 luto
2522 1298 2578 1343 ut
2612 1305 2715 1342 non
2755 1287 2964 1355 inﬁgar.
3011 1279 3136 1334 Haec
3161 1278 3367 1332 clama-

1802 1387 1896 1441 bat
1923 1402 2046 1442 cum
2079 1401 2177 1455 pro
2207 1387 2440 1438 humana
2470 1391 2660 1436 natura
2691 1385 3028 1448 precaretur,
3065 1373 3138 1425 ita
3183 1378 3243 1422 ut
3281 1369 3366 1422 tli-

1804 1490 1949 1536 ceret
1989 1497 2002 1533 :
2036 1478 2228 1531 Raucae
2273 1477 2427 1546 facta:
2455 1485 2576 1528 sunt
2617 1473 2793 1542 fauces
2819 1484 2964 1522 mete.
2998 1464 3130 1518 illud
3164 1470 3366 1520 autem,

1805 1571 1999 1628 Raucae
2045 1571 2200 1641 facile
2244 1577 2387 1636 sunt,
2451 1564 2844 1621 vehementiam
2895 1556 3158 1614 orationis
3204 1551 3370 1622 signi-

1804 1657 1946 1716 fleat.

1879 1753 1962 1819 f6,
1997 1752 2081 1806 17.
2123 1749 2244 1805 Non
2273 1765 2353 1803 me
2393 1749 2656 1816 demergat
2699 1752 2978 1813 tempestas
3019 1752 3188 1810 aqua,
3213 1748 3375 1804 neque

1808 1842 2080 1898 absorbent
2107 1857 2186 1895 me
2205 1838 2548 1910 profundum.
2575 1835 2711 1890 Cum
2750 1834 3024 1888 decretum
3057 1837 3111 1884 et
3151 1825 3377 1880 maledi-

1810 1935 1916 1989 ctio
1947 1931 2222 2002 proposita
2253 1930 2382 1995 sint,
2406 1937 2466 1982 ut
2491 1927 2538 1982 si
2564 1926 2645 1980 vel
2677 1923 2902 1993 angelus
2926 1916 3260 1989 evangelizet
3281 1923 3377 1968 aut

1810 2029 2003 2080 doceat
2031 2038 2130 2077 nos
2169 2029 2360 2092 praeter
2388 2034 2450 2074 ea
2472 2033 2588 2090 quae
2608 2015 2812 2070 Paulus
2844 2010 3051 2074 docuit,
3088 2006 3375 2062 anathema

1813 2116 1904 2180 sit,
1937 2115 2062 2186 quis
2085 2123 2170 2170 est
2197 2112 2288 2182 qui
2309 2110 2480 2165 Paulo
2514 2109 2627 2165 sive
2653 2107 2835 2177 potius
2857 2104 3077 2160 Christo
3110 2102 3164 2155 in
3193 2114 3258 2155 eo
3294 2098 3376 2152 lo-

1814 2208 1999 2278 quenti
2035 2206 2282 2276 superior
2327 2218 2448 2257 esse
2493 2198 2702 2270 possit?
2725 2195 2803 2251 Ad
2845 2211 2966 2251 sese
3000 2193 3164 2264 igitur
3194 2189 3376 2256 (Chri-

1815 2299 1952 2369 stus)
1981 2299 2118 2350 hanc
2168 2291 2533 2364 precationem
2565 2287 2750 2352 refert,
2784 2295 2843 2340 ut
2883 2284 3201 2339 testificatur
3235 2281 3378 2348 Apo-

1817 2391 1988 2446 stolus
2016 2390 2070 2442 in
2102 2384 2342 2456 Epistola
2373 2383 2441 2437 ad
2479 2380 2755 2444 Hebraeos,
2787 2377 2931 2450 quod
2963 2377 3016 2429 in
3042 2376 3224 2429 diebus
3264 2388 3381 2425 car-

1817 2487 1898 2539 nis
1925 2499 2056 2544 suos,
2092 2481 2196 2535 hoc
2225 2485 2308 2532 est
2336 2491 2460 2531 cum
2491 2474 2570 2529 ad.
2587 2488 2803 2527 crucem
2837 2471 3110 2532 venisset,
3145 2470 3383 2522 obsecra-

1821 2579 1984 2630 tiones
2014 2583 2063 2628 et
2087 2569 2492 2642 supplicationes
2517 2582 2634 2620 cum
2657 2562 2832 2618 valido
2874 2562 3101 2615 clamore
3129 2571 3280 2628 atque
3303 2557 3384 2611 la-

1819 2666 2009 2736 crymis
2060 2662 2310 2731 offerebat
2355 2659 2405 2714 ei
2455 2657 2550 2727 qui
2607 2663 2818 2725 poterat
2861 2653 3038 2722 ipsum
3089 2650 3319 2703 liberare
3354 2663 3383 2700 a

1821 2767 2014 2817 morte,
2048 2754 2099 2808 id
2150 2761 2234 2808 est
2262 2750 2428 2816 Patri,
2455 2758 2509 2804 et
2547 2747 2833 2802 exauditus
2868 2756 2946 2798 est
2973 2759 3066 2814 pro
3107 2758 3202 2795 sua
3250 2755 3386 2792 reve-

1821 2851 1992 2906 rentia
2012 2849 2088 2902 "z
2118 2847 2242 2901 licet
2266 2843 2438 2897 Filius
2467 2850 2629 2903 esset,
2661 2837 2883 2893 edidicit
2909 2852 2975 2891 ex
3000 2835 3260 2905 passione
3289 2847 3386 2886 sua

1822 2940 2208 2999 obedientiam.
2244 2935 2342 2989 llic
2382 2932 2612 2995 Paulus,
2649 2929 2758 2984 imo
2803 2929 2985 2999 potius
3034 2925 3126 2994 qui
3181 2925 3234 2978 in
3270 2923 3388 2992 ipso

1824 3035 2143 3106 loquebatur
2166 3029 2435 3092 Christus,
2461 3041 2582 3096 quae
2608 3024 2661 3078 in
2685 3020 2988 3092 Erangeliis
3019 3017 3234 3073 silentio
3255 3028 3392 3085 prte-

1825 3127 2076 3184 termissa
2106 3132 2255 3190 sunt,
2293 3135 2393 3175 nos
2426 3118 2660 3180 edocuit,
2695 3115 2917 3186 quando
2944 3113 3104 3178 dixit,
3137 3126 3255 3164 eum
3283 3107 3394 3162 ela-

165 3205 565 3292 ιύαγγελισταῖς
591 3229 736 3297 ἡμᾶς
765 3205 1158 3299 ἐδίδαξα-μετὰ
1181 3229 1444 3299 κραυγῆς
1475 3229 1724 3298 ἰσχυρᾶς

1831 3235 1970 3275 more
2010 3217 2183 3273 valido
2215 3226 2264 3270 et
2294 3212 2543 3283 lacrymis
2588 3210 2847 3266 emissam
2893 3207 3063 3262 fuisse
3089 3205 3393 3260 orationem

167 3313 258 3366 καὶ
292 3313 570 3386 δακρύων
613 3319 785 3388 λέγων
813 3322 1062 3390 γενέσθαι
1091 3321 1189 3391 τὴν
1243 3321 1568 3391 προσευχὴν,
1607 3319 1724 3382 τοῦ,

169 3405 365 3477 Πάτερ,
405 3411 748 3479 παρελθέτω
805 3413 900 3467 ἀπ’
937 3411 1081 3481 ἐμοῦ
1106 3411 1172 3465 τὸ
1195 3412 1478 3481 ποτήριον
1531 3412 1726 3477 τοῦτο,

169 3498 259 3553 οὐκ
279 3503 336 3554 ὲν
365 3503 674 3575 ὑποκρίσει,
699 3504 798 3556 οὐκ
829 3504 918 3557 ἐπὶ
949 3504 1012 3557 τὸ
1040 3504 1288 3558 δελεάσαι
1327 3504 1417 3558 τὸν
1463 3505 1727 3568 Σατανᾶν,

170 3590 226 3642 οὐ
256 3590 314 3644 τὸ
345 3593 438 3647 τοῦ
457 3593 662 3664 κόσμου
690 3593 1052 3666 οἰκειούμενος
1073 3594 1300 3670 θέλημα·
1317 3595 1428 3649 ἀλλ’
1448 3595 1505 3662 ἐξ
1531 3597 1730 3650 οἰκείου

173 3682 452 3750 προσώπου
511 3687 540 3738 6
571 3685 803 3756 Χριστὸς
825 3687 1177 3758 οἰκονομικῶς
1207 3687 1467 3750 ἑκουσίως
1497 3690 1729 3758 προσεύο

174 3788 314 3842 χεται
345 3776 487 3846 μετὰ
515 3777 780 3848 κραυγῆς,
815 3778 952 3850 μετὰ
997 3778 1268 3849 δακρύων,
1326 3777 1466 3849 μετὰ
1493 3777 1730 3850 ἱδρώτων

175 3865 260 3918 καὶ
284 3866 522 3940 θρόμσου
555 3870 805 3942 αἵματος,
835 3870 972 3941 μετὰ
995 3870 1226 3940 ἀγγέλου
1251 3869 1604 3942 ὲνισχύοντος,
1638 3871 1733 3925 καὶ

175 3963 326 4016 οἱονεὶ
355 3965 797 4036 παρακαλοῦντος
824 3966 916 4018 καὶ
948 3964 1384 4039 παρηγοροῦντος
1406 3965 1586 4029 αὐτὸν,
1610 3966 1732 4020 καί-

177 4069 276 4126 περ
324 4055 453 4120 Υἱὸς
509 4054 642 4109 Θεοῦ
707 4056 920 4127 άληθῶς
988 4059 1273 4131 ὑπάρχων.
1316 4059 1476 4113 Ἀλλά
1522 4061 1617 4114 καὶ
1665 4061 1736 4114 ἐν

178 4144 390 4215 ἀγωνίᾳ
423 4147 745 4218 γενόμενος
777 4149 1136 4222 προσηύχετο,
1186 4149 1262 4214 ὦς
1313 4153 1526 4222 φησινό
1577 4153 1737 4221 εὐαγ-

178 4236 443 4310 γελιστὴς,
481 4238 614 4292 ἀλλὰ
637 4241 731 4293 καὶ
752 4240 1185 4310 ἐκτενέστερον,
1209 4241 1344 4295 ἀλλὰ
1372 4243 1462 4295 καὶ
1495 4243 1596 4305 δὶς.
1644 4244 1739 4295 καὶ

179 4327 288 4396 τρὶς
309 4331 407 4400 τὴν
439 4330 604 4402 εὐχὴν
635 4329 714 4400 τῷ
744 4331 916 4404 Πατρὶ
944 4333 1227 4403 προσάγει.
1260 4333 1364 4386 Τοῦ
1387 4329 1476 4387 οὖν
1503 4333 1737 4399 Παύλου,

184 4418 372 4487 μᾶλλον
404 4422 464 4474 δὲ
490 4421 650 4476 πάλιν
670 4421 812 4492 λέγω
833 4421 926 4475 τοῦ
948 4424 1202 4495 Χριστοῦ,
1238 4423 1332 4477 τοῦ
1382 4427 1439 4478 ὲν
1493 4423 1639 4494 αὐτῷ
1669 4423 1748 4494 τῷ

1829 3315 1973 3370 illam
2004 3332 2017 3366 :
2053 3308 2233 3370 Pater,
2261 3315 2493 3360 transeat
2521 3322 2553 3358 ιι
2583 3319 2664 3358 me
2701 3301 2844 3356 calix
2868 3301 2964 3354 iste
2986 3297 3053 3363 “,
3082 3311 3190 3352 non
3216 3295 3271 3349 in
3301 3293 3398 3364 hy-

1829 3405 2052 3478 pocrisi,
2078 3417 2187 3457 non
2217 3408 2275 3454 ut
2304 3397 2562 3452 Satanam
2589 3397 2857 3451 inescaret
2888 3403 2942 3448 et
2967 3389 3258 3458 deciperet,
3290 3399 3399 3439 non

1829 3477 1974 3568 quod
2010 3494 2198 3549 mundi
2243 3492 2578 3546 voluntatem
2625 3495 2685 3541 ut
2736 3484 3010 3555 propriam
3039 3481 3272 3544 etl'erret,
3304 3477 3400 3533 sed

1831 3605 1899 3645 ex
1942 3585 2160 3658 propria
2207 3595 2440 3653 persona
2485 3578 2760 3640 Christus,
2792 3591 2886 3645 per
2918 3568 3400 3642 dispensationem,

1838 3688 2028 3750 sponte
2051 3685 2319 3747 precatur,
2354 3686 2479 3728 cum
2516 3669 2776 3732 clamore,
2818 3680 2940 3721 cum
2971 3659 3247 3733 lacrytnis,
3274 3672 3398 3713 cum

1838 3771 2036 3828 sudore
2077 3776 2131 3824 et
2175 3775 2326 3837 gutta
2380 3760 2686 3833 sanguinis,
2715 3755 3057 3813 confortaute
3103 3751 3316 3822 angelo,
3351 3755 3404 3802 et

1837 3865 1996 3937 quasi
2019 3859 2337 3918 consolante
2384 3857 2559 3921 illum,
2589 3851 2802 3910 etiamsi
2837 3863 2964 3903 vere
2993 3845 3161 3900 Filius
3195 3842 3287 3896 Dei
3316 3855 3404 3896 es-

1839 3931 1940 4013 set.
1971 3952 2076 4009 Sed
2115 3951 2278 4008 etiam
2328 3949 2500 4016 {actus
2535 3947 2587 3999 in
2619 3943 2806 4013 agonia
2845 3937 3196 4009 precabatur,
3231 3940 3291 3986 ut
3331 3931 3408 3986 ait

1838 4044 2167 4115 evangelista
2191 4042 2260 4105 ",
2289 4039 2401 4093 imo
2421 4051 2551 4092 vero
2585 4033 2866 4103 prolixius,
2897 4038 2950 4084 et
2987 4041 3159 4096 usque
3184 4025 3268 4079 bis
3296 4033 3405 4078 ter-

1842 4156 1949 4213 que
1977 4137 2284 4194 orationetn
2321 4131 2467 4188 Patri
2501 4128 2679 4183 oliert.
2714 4124 2880 4180 Paulo
2926 4123 3129 4191 itaque,
3162 4117 3272 4172 imo
3307 4129 3407 4185 po-

1843 4237 1954 4291 tius
1980 4234 2100 4303 ipso
2127 4228 2346 4285 Christo
2375 4224 2467 4292 qui
2496 4223 2549 4275 in
2582 4219 2752 4274 Paulo
2777 4215 3120 4286 loquebatur,
3140 4224 3259 4264 eam
3283 4221 3410 4262 ora-

1847 4301 2050 4380 tionem
2089 4319 2159 4375 ad
2195 4332 2253 4372 se
2289 4313 2598 4370 referente:
2629 4310 2753 4380 quis
2779 4317 2861 4362 est
2894 4303 2988 4376 qui
3014 4318 3076 4358 ea
3107 4301 3411 4356 adulterare

1850 4415 2166 4488 possitquae
2200 4410 2314 4478 ipse
2333 4405 2583 4462 Christus
2600 4401 2667 4455 de
2689 4413 2748 4454 se
2771 4395 3094 4451 testiﬁcatus
3120 4393 3241 4446 est?

182 4511 369 4583 Παύλῳ
412 4513 721 4578 λαλοῦντος,
743 4479 834 4578 ἐἰς
886 4479 1074 4570 ἑαυτὸν
1115 4479 1475 4587 ἀναφέροντος
1506 4479 1622 4587 ,τὴύ
1671 4479 1928 4580 adrade-qv
1971 4479 2277 4579 προσευχήν
2309 4514 2322 4529 ο
2395 4496 2478 4559 τίς
2543 4497 2688 4546 ἐστιν
2729 4492 2756 4544 6
2811 4485 3190 4561 παραχαράξαι
3255 4479 3414 4535 δυνάο

187 4618 362 4703 μενος,
399 4603 461 4703 Αᾶ.
509 4603 670 4703 αὐτὸς
711 4607 740 4657 6
780 4605 1012 4676 Χριστὸς
1073 4605 1202 4677 περὶ
1242 4604 1434 4658 ἑαυτοῦ
1494 4604 1900 4677 ἐμαρτύρησενς

240 4666 357 4765 Μὴν
379 4666 774 4766 ἀεέοστρέψῃς
822 4666 887 4752 τὸ
944 4666 1264 4768 πρόσωπόν
1312 4714 1428 4752 σου
1477 4666 1619 4752 ἀπὸ.
1640 4666 1725 4753 eoi

1888 4666 1892 4667 ί
1925 4691 2011 4747 18.
2036 4686 2116 4740 Ne
2142 4691 2345 4739 avertas
2369 4678 2557 4749 faciem
2579 4685 2720 4729 tuam
2741 4689 2771 4726 α
2788 4687 2946 4742 puero
2979 4681 3087 4723 tuo.
3112 4667 3249 4736 Quia
3273 4666 3415 4722 Deus

185 4788 385 4856 ¹παιδός
414 4804 554 4843 σου.
602 4789 817 4861 Ἐπειδὴ
869 4791 1237 4860 ἀποστραφεὶς
1297 4785 1364 4860 ἧν
1402 4791 1430 4842 6
1466 4789 1597 4854 Θεὸς
1654 4793 1750 4845 καὶ

187 4879 365 4954 Πατὴρ
390 4881 483 4935 διὰ
507 4881 606 4952 τὴν
644 4883 701 4935 έν
759 4881 929 4952 Ἀδὰμ
977 4881 1282 4953 παράϐασιν
1332 4882 1430 4953 τὴν
1463 4881 1751 4954 ἀνθρώπου

188 4969 358 5038 φύσιν,
411 4972 605 5026 τούτου
653 4973 810 5044 χάριν
841 4972 1000 5025 πάλιν
1043 4973 1198 5026 αὑτὸν
1261 4972 1584 5044 ἐπιστρέψαι
1618 4971 1752 5042 πρὸς

189 5060 346 5133 αὐτὴν
369 5062 434 5115 τὸ
475 5062 760 5133 πρόσωπον
785 5063 1111 5132 παρακαλεῖ.

253 5156 524 5224 Πρόσχες
578 5153 653 5223 τῇ
697 5153 869 5224 ψυχῇ
887 5173 1027 5224 μου,
1068 5154 1166 5208 καὶ
1195 5156 1492 5223 λύτρωσαι
1538 5154 1752 5223 αὑτήν

190 5247 247 5299 ὲκ
268 5247 360 5302 τοῦ
386 5248 772 5318 κατασχόντος,
823 5248 1064 5319 δηλονότι
1126 5247 1220 5301 τοῦ
1262 5248 1509 5302 Θανάτου.
1537 5249 1758 5302 Ἕνεκα

191 5339 300 5392 τῶν
323 5340 558 5412 ἐχθρῶν
600 5358 720 5410 μου
764 5340 954 5408 ῥῦσαί
1011 5358 1108 5410 με.
1171 5339 1262 5405 Ἐξ
1302 5337 1369 5413 ἦς
1412 5339 1756 5409 πεπόνθαμεν

191 5431 392 5499 ἀδικίας
419 5433 572 5504 παρὰ
605 5433 716 5485 τῶν
745 5432 951 5504 νοητῶν
1001 5431 1231 5505 ἐχθρῶν,
1275 5433 1382 5485 ἀπὸ
1423 5431 1621 5502 ταύτης
1662 5431 1758 5484 ἐπὶ

190 5525 272 5580 τὸν
299 5527 446 5580 ἔλεον
471 5527 564 5580 τὸν
586 5525 854 5598 ἡμέτερον
880 5524 1130 5596 διεγείρει
1155 5524 1245 5576 τὸν
1271 5525 1510 5594 Πατέρα.

257 5619 335 5672 Σὺ
368 5617 477 5688 γὰρ
511 5616 822 5688 γινώσκεις
860 5615 965 5668 τὸν
997 5614 1336 5682 ὀνειδισμώίο
1370 5631 1508 5682 μου.
1535 5613 1757 5683 Ὅμοιον

195 5707 264 5778 τῷ
308 5707 603 5780 εἰρημένῳ·
650 5709 770 5760 Ὀτι
825 5705 1033 5759 ἕνεκέν
1068 5719 1184 5758 σου
1233 5703 1542 5770 ὑπήνεγκα
1604 5706 1756 5756 ὀνει-

1845 4796 1899 4840 et
1923 4783 2102 4844 Pater,
2138 4783 2356 4848 propter
2381 4770 2509 4824 Adae
2553 4765 3044 4837 transgressionem
3064 4801 3079 4826 ,
3117 4763 3413 4816 humanam

1848 4887 2098 4933 naturam
2125 4865 2498 4928 aversabatur,
2523 4862 2644 4916 ideo
2670 4868 2824 4930 rogat
2845 4866 2902 4912 ut
2919 4863 3201 4912 convertat
3224 4853 3417 4909 faciem

1850 4983 2005 5026 suam
2035 4966 2102 5020 ad
2131 4977 2273 5018 eam.

1924 5146 2010 5202 19.
2045 5141 2261 5199 Intende
2293 5139 2485 5192 anima:
2509 5150 2637 5188 mea:
2659 5143 2706 5189 et
2731 5131 2900 5186 libera
2929 5145 3066 5195 eam,
3094 5143 3121 5181 a
3149 5135 3323 5181 morte
3345 5126 3404 5180 vi-

1857 5239 2051 5293 delicet
2077 5239 2395 5302 occupante.
2443 5231 2663 5294 Propter
2703 5225 2944 5278 inimicos
2984 5235 3121 5274 meos
3151 5218 3292 5286 eripe
3321 5232 3413 5272 me.

1862 5332 1934 5386 Ex
1968 5328 2168 5397 injuria
2213 5324 2367 5378 nobis
2396 5337 2489 5392 per
2513 5318 2770 5373 inimicos
2804 5313 3116 5384 spirituales
3154 5311 3326 5370 illata,
3357 5307 3426 5362 ad

1862 5415 2291 5476 misericordiam
2321 5410 2492 5466 nostri
2526 5409 2739 5482 Patrem
2772 5405 2992 5460 excitat.

1934 5599 2128 5655 ﬁll-2’2.
2192 5595 2269 5648 Tu
2313 5594 2417 5647 scis
2464 5588 2833 5657 impmperitnn
2879 5598 3068 5636 meum.
3121 5577 3308 5633 Simile
3347 5584 3430 5629 cst

1861 5693 2006 5748 dicto
2029 5689 2104 5742 illi
2127 5706 2140 5742 ι
2168 5684 2434 5752 Quoniam
2457 5687 2668 5747 propter
2691 5684 2739 5730 te
2754 5673 2984 5730 sustinui
3008 5666 3344 5741 opprobrium
3361 5666 3430 5719 ⁸⁸.

267 5867 309 5900 ⁸³
342 5867 518 5923 Galat.
550 5881 624 5932 tv,
657 5865 711 5922 5.
785 5865 830 5897 ⁸³
859 5862 1020 5919 Hebr.
1051 5880 1100 5928 ν,
1167 5861 1218 5916 7".
1291 5863 1333 5894 ³⁵
1361 5860 1547 5916 Matth.
1587 5874 1725 5926 tum1

1824 5857 1850 5910 ἱ.
1939 5855 1981 5886 ⁵⁸
2014 5851 2146 5908 Luc.
2170 5865 2306 5914 χχιι,
2336 5845 2418 5900 45.
2501 5843 2546 5875 ³⁵
2581 5837 2734 5894 Vers.
2777 5835 2830 5890 8.
