4108 6494
724 447 815 501 311

1547 445 1602 498 S.
1637 442 2004 496 ATHANASII
2042 441 2190 498 OPP.
2233 441 2412 496 PARS
2451 444 2535 495 Ill.
2571 474 2636 484 —-
2675 442 3079 500 EXEGETICA.

3862 446 3960 500 312

725 563 1106 629 lmproperium
1131 560 1440 628 exspectat-it
1471 575 1562 612 cor
1591 575 1762 611 meum
1784 570 1832 610 et
1849 560 2134 612 miseriam.
2163 557 2285 612 Hinc

2398 558 2632 627 δισμόν.
2682 559 3045 627 Ὀνειδισμὸν
3065 560 3515 628 προσεδόκησεν
3550 562 3588 626 ἠ
3622 561 3794 630 ψυχή
3820 579 3958 631 μου.

729 652 883 705 nobis
906 653 1212 720 passionem
1241 667 1394 704 suam
1422 660 1665 705 recenset
1691 669 1704 705 :
1729 666 1894 718 quam
1919 660 2099 720 aperte
2127 666 2290 705 evan-

726 744 930 813 gelista:
958 748 1336 798 narra'veruut.

789 832 879 897 23,
904 833 992 887 2i.
1017 833 1138 886 Fiat
1165 851 1340 887 mensa
1368 850 1547 888 eorum
1574 850 1751 887 coram
1783 835 1909 902 ipsis
1940 836 1993 887 in
2023 836 2285 905 laqueum.

728 920 820 978 llis
859 908 1122 993 signiﬁcat
1165 939 1227 978 ea
1271 941 1392 992 quae
1436 923 1637 980 ludatis
1674 936 1794 994 post
1843 926 2146 994 passionem
2194 926 2290 979 ob-

729 1026 950 1069 ventura
997 1027 1173 1070 erant.
1228 1016 1455 1072 Perinde
1506 1029 1687 1073 autem
1741 1029 1821 1073 est
1867 1035 1928 1074 ac
1978 1019 2022 1072 si
2051 1020 2285 1074 diceret:

729 1102 934 1157 Similia
963 1106 1266 1159 sustineant
1303 1107 1365 1160 iis
1387 1124 1507 1176 qua:
1539 1124 1624 1162 me
1654 1109 1885 1176 experiri
1911 1108 2290 1163 eurarnntJ’a:

723 1197 865 1248 ruim
897 1196 1163 1264 improbo,
1195 1199 1322 1266 quia
1352 1199 1494 1250 mala
1522 1198 1621 1268 ipsi
1658 1198 1953 1252 secundum
1987 1214 2150 1267 opera
2176 1215 2289 1252 ma-

725 1302 892 1341 nuum
917 1288 1036 1356 ejus
1068 1290 1335 1344 evenient.
1371 1289 1728 1344 Obscurentur
1756 1291 1894 1346 oculi
1925 1309 2103 1344 eorum
2127 1309 2188 1344 ne
2211 1294 2284 1344 ri-

728 1378 910 1433 deant.
941 1377 1228 1445 Quomodo
1257 1381 1402 1435 enim
1441 1398 1546 1434 non
1593 1383 1828 1436 tenebris
1869 1382 2026 1436 oﬂ'usi
2069 1381 2286 1447 fuerint,

727 1486 851 1525 eum
877 1471 1103 1540 justitite
1131 1473 1302 1526 solem
1347 1489 1453 1526 non
1485 1473 1916 1543 acceperint?Et
1949 1474 2162 1525 darsunt
2203 1490 2288 1527 eo-

727 1578 841 1615 rum
883 1579 1082 1632 sentper
1112 1565 1347 1618 incurva.
1382 1561 1499 1618 Non
1530 1567 1674 1619 enim
1711 1567 2032 1635 temporaria
2077 1581 2288 1633 eorum,

723 1656 1178 1723 quemadmodum
1205 1655 1551 1728 Babylonica,
1574 1659 1859 1728 captivitas
1890 1658 2038 1723 fuit.:

786 1832 878 1887 26.
913 1833 1040 1887 Fiat
1067 1835 1327 1891 habitatio
1356 1853 1537 1890 eorum
1569 1837 1794 1892 deserta.
1824 1837 1938 1892 Hoc
1970 1841 2043 1893 ait
2073 1849 2290 1911 propter

2407 649 2680 702 Ἐντεῦθεν
2707 653 2838 718 ἡμῖν
2861 651 2918 702 τὸ
2956 651 3124 714 πάθος
3155 651 3441 723 διηγεῖται·
3492 654 3520 706 ὁ
3576 654 3762 720 σαφῶς
3796 656 3889 708 καὶ
3913 657 3959 708 οἱ

2391 738 2770 806 εὐαγγελισταὶ
2798 739 3144 808 διηγήσαντο.

2464 829 2780 898 Γενηθήτω
2827 832 2864 896 ἡ
2918 829 3168 896 τράπεζα
3229 829 3425 884 αὐτῶν
3473 833 3730 888 ἐνώπιον
3768 833 3962 888 αὐτῶν

2390 923 2476 985 εἰς
2503 923 2741 990 παγίδα.
2790 924 3066 977 Ἐντεῦθεν
3118 926 3185 978 τὰ
3232 926 3620 997 συμϐησόμενα
3668 929 3782 989 τοῖς
3832 927 3960 979 ἰου-

2389 1011 2556 1074 δαξοις
2593 1014 2726 1081 μετα
2756 1014 2816 1065 τὸ
2850 1015 3018 1079 πάθος
3045 1017 3459 1085 κατασημαὶνει.
3497 1016 3720 1085 Ὅμοιον
3746 1016 3802 1068 δὲ
3833 1016 3962 1068 ὡσεὶ

2394 1103 2670 1172 λέγοντα
2729 1107 3077 1177 παραπλήσια
3107 1109 3445 1178 ὑπομείνοιεν
3481 1101 3556 1161 ὧν
3606 1112 3802 1179 πεῖραν
3830 1126 3963 1179 παρ-

2390 1194 2688 1247 εσκεύασαν
2744 1213 2809 1266 με
2859 1196 3060 1249 λαϐεῖν.
3113 1198 3246 1250 Οὐαὶ
3293 1198 3399 1266 γὰρ
3447 1198 3686 1268 πονηρῷ,
3729 1199 3813 1250 ὃτι
3872 1215 3962 1250 πο-

2389 1285 2526 1356 νηρὰ
2563 1287 2702 1338 κατὰ
2741 1287 2808 1338 τὰ
2844 1287 2978 1356 ἔργα
3023 1287 3128 1340 τῶν
3176 1289 3372 1359 χειρῶν
3416 1289 3579 1342 αὑτοῦ
3624 1290 3961 1360 συμϐήσεται

2388 1377 2553 1446 αὐτῷ.
2583 1381 3078 1446 Σκοτισθιξτωσαν
3102 1386 3154 1434 οὶ
3189 1382 3479 1449 ὀφθαλμοὶ
3517 1382 3717 1436 αὐτῶν
3747 1383 3854 1437 τοῦ
3878 1383 3959 1452 μὴ

2383 1469 2658 1532 βλέπειν.
2690 1470 2811 1532 Πῶς
2846 1471 2953 1542 γὰρ
2985 1472 3084 1524 οὐκ
3118 1472 3528 1544 ἐσκοτίσθησαν,
3572 1475 3645 1542 μὴ
3682 1452 3960 1543 δεξάμενοι

2396 1561 2485 1612 τὸν
2513 1561 2610 1630 τῆς
2637 1561 2978 1631 δικαιοσύνης
3012 1563 3194 1632 ἧλιον;
3221 1565 3324 1617 Kal
3378 1564 3485 1617 τὸν
3537 1563 3729 1618 νῶτον
3769 1564 3962 1618 αὐτῶν

2390 1652 2712 1718 διακαντὲς
2737 1657 3120 1722 σύγκαμψον.
3152 1657 3226 1709 Οὐ
3256 1657 3365 1727 γὰρ
3396 1658 3729 1728 πρόσκαιρος
3757 1659 3959 1720 αὐτοῖς,

2389 1743 2534 1796 ὥσπε
2544 1763 2574 1814 ρ
2597 1747 2687 1798 ἐπὶ
2736 1747 3106 1809 Βαϐυλωνίων,
3136 1749 3353 1816 γέγονεν
3381 1751 3412 1818 ἠ
3455 1749 3822 1819 αἱχμαλωσία.

2463 1834 2774 1900 Γενηθήτω
2808 1837 2844 1902 ἡ
2871 1837 3124 1902 ἔπαυλις
3151 1836 3345 1892 αὐτῶν
3379 1839 3758 1908 ἠρημωμένη,
3797 1839 3963 1892 Τοῦτό

721 1925 1076 1980 vastationem
1099 1942 1221 1996 qua:
1252 1927 1636 1998 Hierosolyma:
1668 1929 1910 1998 contigit.
1941 1927 2007 1981 Et
2030 1930 2081 1982 in
2112 1931 2284 1984 taber-

2389 1941 2516 1995 τησι
2555 1926 2642 1978 διὰ
2664 1925 2760 1996 τὴν
2791 1927 3047 1997 πόρθησιν
3086 1927 3182 1999 τὴν
3242 1929 3532 1998 συμϐᾶσαν
3577 1933 3643 2000 τῇ
3688 1930 3958 2001 Ἰερουσα-

720 2017 923 2070 naculis
951 2033 1127 2072 eorum
1161 2035 1258 2071 non
1291 2020 1358 2072 sit
1393 2022 1483 2090 qui
1526 2022 1795 2075 inhabitet.
1841 2021 1914 2074 Ex
1946 2024 2078 2091 ipsis
2107 2024 2289 2078 videli-

718 2119 803 2162 cet
831 2108 1062 2176 Judteis;
1088 2127 1246 2164 nemo
1274 2113 1416 2166 enim
1451 2129 1639 2168 eorum
1665 2115 1773 2184 jam
1795 2115 2181 2188 Hierosolyma:
2205 2124 2287 2170 ta-

721 2201 1009 2255 bernacula
1040 2202 1320 2256 inhabitat.

791 2288 880 2340 27.
913 2290 1174 2353 Quoniam
1213 2309 1364 2360 quem
1408 2302 1462 2344 tu
1499 2295 1801 2357 percussisti
1839 2297 2094 2363 persecuti
2141 2306 2284 2352 sunt.

718 2379 952 2434 Causam
995 2380 1148 2435 atl'ert
1183 2399 1280 2435 cur
1311 2383 1436 2436 talia
1485 2387 1699 2452 passuri
1731 2387 1858 2438 sint.
1896 2386 2085 2440 Simile
2105 2397 2281 2441 autem

718 2481 800 2526 cst
827 2473 982 2528 huic:
1005 2473 1307 2530 Percutiam
1329 2488 1614 2544 pastorem,
1637 2487 1684 2531 et
1701 2478 2063 2546 dispergentur
2085 2495 2198 2532 ores
2214 2479 2281 2536 ⁸⁷.

724 2562 876 2618 llunc
908 2564 1090 2634 igitur,
1122 2568 1218 2632 ait,
1245 2569 1338 2636 qui
1377 2568 1532 2637 juxta
1568 2571 1824 2638 placitum
1865 2579 2013 2622 tuutn
2057 2570 2109 2625 in
2157 2585 2282 2638 pas-

719 2659 874 2714 sione
908 2674 1198 2728 pereussus
1234 2669 1338 2724 est,
1364 2660 1466 2729 ipsi
1502 2675 1607 2714 non
1639 2659 1959 2728 recipientes
1981 2671 2131 2715 extra
2167 2676 2286 2730 pro-

719 2754 893 2821 priam
923 2751 1150 2806 salutem
1202 2767 1322 2808 sese
1353 2754 1696 2822 expulerunt.
1733 2751 1801 2806 Et
1852 2768 2004 2820 super
2049 2754 2283 2807 dolorem

721 2842 990 2896 vulnerum
1033 2860 1264 2898 meorum
1308 2845 1647 2899 addiderunt.
1696 2845 1808 2900 Hoc
1855 2847 1950 2910 ait,
1996 2846 2123 2915 quia
2169 2847 2283 2915 ipse

720 2937 938 3003 quidem
975 2935 1278 2991 humiliavit
1311 2938 1683 3007 semetipsum,
1719 2937 1796 2990 illi
1827 2950 1957 2990 vero
1987 2936 2148 2989 morti
2175 2945 2284 2989 tra-

718 3027 990 3082 ditlerunt.

791 3118 883 3173 28.
926 3121 1135 3189 Appone
1162 3121 1488 3190 iniquitatem
1536 3138 1689 3191 super
1725 3122 2051 3190 iniquitatem
2081 3137 2279 3176 eorum.

722 3209 835 3265 Hoc
886 3214 982 3274 ait,
1033 3215 1289 3282 quoniam
1340 3223 1462 3282 post
1489 3229 1705 3268 crucem
1736 3223 1788 3268 et
1829 3215 2278 3268 resurrectionem

720 3304 897 3373 ipsum
920 3305 1207 3358 calumniis
1243 3305 1585 3374 impetierunt
1617 3305 1750 3373 ('52).
1781 3303 1845 3355 Et
1870 3320 1969 3355 non
2007 3304 2196 3355 intrent
2227 3305 2277 3355 in

712 3395 979 3465 justitiam
1003 3407 1169 3449 tuam.
1196 3395 1389 3452 Procul
1416 3407 1575 3451 erunt
1603 3398 1793 3451 remoti
1819 3411 1847 3448 a
1880 3396 2152 3464 voluptate
2174 3411 2278 3463 qua

715 3489 848 3558 justi
884 3488 1250 3541 donabantur.

750 3639 753 3643 ,
785 3580 877 3634 29.
905 3579 1191 3633 Deleantur
1212 3581 1274 3633 de
1300 3581 1432 3633 libro
1457 3581 1755 3634 virentium.
1791 3581 1903 3634 Etsi
1926 3580 2069 3633 enim
2096 3580 2282 3634 inscri-

722 3673 800 3742 pti
831 3671 1052 3737 fuerint,
1081 3674 1175 3735 ait,
1209 3675 1334 3742 quia
1363 3672 1425 3724 ad
1451 3672 1596 3741 ipsos
1623 3673 2016 3742 promissiones
2045 3673 2281 3742 pertine-

722 3766 886 3833 bant;
930 3767 1024 3821 sed
1064 3767 1322 3836 quoniam
1371 3766 1484 3820 haec
1534 3771 1694 3835 atque
1734 3765 1823 3820 illa
1881 3775 2280 3836 perpetrarunt,

719 3859 914 3914 merito
947 3859 1288 3917 delebuntur.

788 3951 973 4005 50-32.
1001 3951 1112 4020 Ego
1142 3967 1256 4002 sum
1285 3966 1483 4019 pauper
1501 3959 1549 4003 et
1573 3949 1778 4013 dolens,
1806 3949 1950 4004 salus
1981 3961 2092 4014 tua,
2123 3953 2281 4009 Deus,

720 4044 943 4110 suscepit
961 4060 1059 4111 me,
1081 4053 1183 4099 etc.
1209 4041 1368 4099 Hisce
1385 4044 1750 4115 evangelicum
1773 4044 2074 4098 institutum
2101 4044 2286 4112 prtetli-

724 4147 898 4202 catur,
923 4138 1008 4192 cui
1033 4139 1315 4204 imperavit
1340 4138 1428 4192 ille
1452 4139 1542 4206 qni
1569 4137 1865 4191 secundum
1893 4136 2057 4191 Deum
2085 4154 2284 4208 pauper

725 4231 930 4295 ρει,ευὶ
949 4231 1152 4285 dictum
1183 4230 1324 4284 est”
1369 4248 1380 4282 :
1429 4229 1582 4282 Beati
1606 4245 1856 4298 pauperes
1879 4231 2086 4298 spiritu.
2112 4232 2287 4300 Ingre-

719 4324 864 4378 ditur
881 4331 1059 4378 autem
1080 4323 1166 4376 ille
1193 4337 1395 4392 pauper
1411 4321 1610 4376 chorus
1627 4322 1828 4391 gratias
1852 4338 2016 4391 agens
2033 4321 2097 4375 de
2115 4323 2286 4375 salute

716 4413 821 4468 sibi
845 4423 997 4484 parta
1024 4414 1092 4466 ab
1121 4411 1430 4484 Unigenito.
1465 4410 1585 4480 Ipse
1628 4427 1861 4480 namque
1889 4423 1970 4465 est
1997 4411 2160 4467 facies
2177 4411 2283 4466 Pa-

714 4505 833 4560 tris.
864 4503 1136 4558 Promittit
1163 4519 1325 4574 porro
1355 4519 1412 4558 se
1442 4518 1548 4556 non
1581 4502 1808 4556 ulterius
1831 4511 2053 4556 eruenta
2078 4502 2281 4556 sacriﬁ-

2387 2019 2516 2086 λήμ.
2545 2018 2654 2071 Καὶ
2683 2020 2752 2070 ἐν
2795 2020 2918 2085 τοῖς
2951 2019 3342 2089 σκηνώμασιν
3373 2020 3571 2074 αὐτῶν
3590 2022 3674 2090 μὴ
3718 2023 3876 2076 ἔστω
3931 2027 3960 2077 d

2385 2105 2689 2162 κατοικῶν.
2734 2110 2820 2175 ἘΞ
2854 2110 3030 2163 αὐτῶν
3059 2112 3318 2180 δηλονότι⁸
3355 2112 3414 2164 οὐ
3438 2113 3543 2183 γάρ
3570 2129 3653 2177 τις
3685 2112 3797 2164 τῶν
3837 2115 3962 2166 Ἰου‹

2383 2198 2546 2249 δαίων
2570 2199 2648 2251 ἔτι
2677 2201 2774 2262 τας
2801 2203 2857 2253 ὲν
2890 2201 3240 2272 Ἰερουσαλὴμ
3268 2207 3510 2257 κατοικεῖ
3543 2205 3769 2274 σκηνάς.

2457 2291 2582 2344 ’Ὁτι
2615 2292 2686 2344 ὃν
2709 2294 2789 2345 σὺ
2817 2293 3120 2360 ἐπάταξας
3146 2296 3314 2349 αὐτοὶ
3345 2296 3726 2360 κατεδίωξαν.
3764 2297 3951 2360 Aleia;

2384 2380 2683 2452 παράθεσις
2703 2382 2769 2434 δι’
2792 2383 2857 2452 ἢν
2881 2382 2946 2436 τὰ
2971 2382 3194 2436 τοιαῦτα
3223 2386 3516 2438 πείσονται.
3541 2387 3764 2455 Ὅμοιον
3787 2387 3844 2438 δὲ
3863 2387 3956 2456 τῷο

2385 2471 2632 2535 Πατάξω
2661 2474 2765 2526 τὸν
2825 2475 3096 2544 ποιμένα,
3146 2477 3242 2529 καὶ
3301 2476 3959 2545 διασκορπισθήσονται

2383 2563 2453 2616 τὰ
2478 2565 2757 2630 πρόϐατα.
2777 2565 2974 2619 Τοῦτον
2997 2563 3108 2632 οὖν,
3139 2569 3290 2636 φησι,
3312 2568 3403 2621 τὸν
3425 2570 3563 2623 κατὰ
3589 2571 3686 2642 σὴν
3713 2571 3961 2626 εὐδοκίαν

2384 2656 2441 2706 ὲν
2477 2655 2751 2726 παταγμῴ
2782 2655 2868 2708 διὰ
2898 2657 2959 2709 τὸ
2989 2658 3158 2721 πάθος
3188 2660 3472 2728 γενόμενον
3510 2660 3663 2713 αὐτοὶ
3695 2661 3758 2713 οὐ
3789 2680 3960 2731 παρα-

2381 2747 2682 2817 δεξάμενοι,
2731 2747 2835 2812 ἔξω
2861 2765 2962 2801 που
2987 2749 3081 2818 τῆς
3107 2749 3315 2802 ἑαυτῶν
3351 2751 3624 2820 σωτηρίας
3645 2752 3956 2822 ἀπήλασαν.

2383 2844 2488 2896 Καὶ
2519 2842 2615 2894 ἐπὶ
2638 2842 2702 2895 τὸ
2731 2843 2915 2910 ἄλγος
2939 2841 3056 2895 τῶν
3077 2843 3420 2912 τραυμάτων
3443 2862 3560 2914 μου
3588 2845 3958 2914 παρέθηκαν.

2383 2932 2550 2984 Τοῦτό
2574 2951 2757 3003 φησιν,
2790 2936 2973 3007 ἐπειδὴ
2998 2937 3157 2998 αὐτὸς
3205 2937 3304 3006 μὲν
3359 2937 3721 2990 ἐταπείνωσεν
3743 2938 3958 3000 ἑαυτὸν,

2382 3026 2428 3075 οἱ
2459 3025 2512 3076 δὲ
2537 3027 2626 3077 καὶ
2654 3026 2865 3096 θανάτῳ
2902 3028 3238 3097 περιέῦαλον.

2454 3116 2717 3181 Πρόσθες
2767 3115 3024 3184 ἀνομίαν
3083 3116 3180 3168 ἐπὶ
3251 3115 3364 3182 τὴν
3427 3118 3685 3185 ἀνομίαν
3737 3118 3953 3172 αὐτῶν.

2385 3207 2492 3258 Καὶ
2516 3205 2670 3258 τοῦτο
2699 3206 2863 3274 λέγει,
2907 3207 3093 3278 ἐπειδὴ
3145 3209 3280 3278 μετὰ
3312 3209 3402 3260 τὸν
3467 3209 3695 3280 σταυρὸν
3727 3211 3823 3263 καὶ
3863 3209 3956 3280 τὴν

2381 3298 2670 3350 ἀνάστασιν
2728 3300 2888 3354 αὑτὸν
2941 3301 3405 3370 ὲσυκοιράντησαν.
3461 3302 3568 3354 Καὶ
3613 3301 3702 3370 μὴ
3758 3305 3952 3355 εἰσελ-

2381 3389 2646 3444 θέτωσαν
2695 3393 2764 3443 ἐν
2821 3391 3173 3458 δικαιοσύνῃ
3207 3409 3342 3447 σου.
3386 3394 3584 3465 ΙΙόρρω
3615 3395 3952 3467 γενήσονται,

2382 3485 2533 3552 φησι,
2571 3487 2668 3553 τῆς
2695 3487 2803 3546 τοῖς
2833 3483 3056 3547 δικαίοις
3089 3484 3559 3554 ἀποδοθησομένης
3581 3485 3816 3556 τρυφῆς.

2467 3573 3018 3641 Ἑξαλειρθήτωσαν
3073 3574 3140 3626 ἐκ
3173 3575 3394 3638 ,ϐίϐλου
3450 3573 3697 3635 ζώντων.
3758 3578 3823 3632 Εἰ
3866 3575 3954 3629 καὶ

2383 3667 2776 3738 ἐνεγράφησαν,
2809 3668 2960 3737 φησὶ,
3015 3667 3154 3722 κατὰ
3182 3667 3242 3720 τὸ
3275 3667 3448 3721 αὐτῶν
3481 3664 3618 3723 εἶναι
3647 3671 3750 3734 τὰς
3783 3674 3949 3743 ἐπαγ-

2382 3760 2584 3828 γελίας,
2631 3760 2741 3812 ἀλλ’
2774 3759 2962 3832 ἐπειδὴ
3019 3759 3088 3812 τὰ
3124 3761 3218 3812 καὶ
3272 3760 3342 3812 τὰ
3386 3760 3666 3830 ἐποίησαν,
3735 3767 3955 3830 εἰκότως

2384 3852 2876 3922 ὲξαλειφθήσονται.

2453 3943 2693 4011 Πτωχὸς
2721 3943 2818 3995 καὶ
2846 3940 3047 4010 ἀλγῶν
3075 3943 3190 4010 ειμι
3225 3940 3360 4011 ἐγὼ,
3390 3945 3428 4011 ἠ
3463 3946 3730 4013 σωτηρία
3756 3963 3894 4011 σου,
3923 3953 3953 4000 ὁ

2387 4033 2550 4098 Θεὸς,
2571 4031 3073 4100 ἀντελάϐετόμου.
3093 4034 3257 4086 κ.τ.λ.
3277 4033 3603 4104 Ἐντεῦθενή
3625 4035 3952 4108 εὐαγγελικὴ

2385 4127 2623 4179 πολιτεία
2654 4122 3081 4197 κηρύττεται,ἦς
3111 4121 3274 4197 ἦρξεν
3307 4129 3335 4178 ὁ
3372 4127 3510 4180 κατὰ
3552 4129 3685 4180 Θεὸν
3723 4129 3952 4199 πτωχός·

2383 4210 2427 4284 ᾧ
2455 4219 2545 4269 καὶ
2575 4219 2811 4288 sip-near
2832 4215 3118 4284 Μακάριοι
3148 4220 3200 4270 οι
3251 4217 3470 4286 πτωχοὶ
3505 4216 3585 4282 τῷ
3638 4221 3952 4289 πνεύματι.

2386 4307 2699 4376 Εξσὲρχεται
2750 4306 2805 4358 δὲ
2831 4300 2982 4369 οὗτος
3008 4308 3036 4359 ὁ
3065 4305 3280 4376 πτωχὸς
3305 4306 3463 4377 χορὸς
3492 4307 3831 4378 εὐχαριστῶν
3862 4309 3954 4360 ἐπὶ

2384 4403 2449 4469 τῇ
2478 4400 2742 4470 γενομένῃ
2779 4397 2926 4468 αὐτῷ
2958 4397 3201 4469 σωτηρία
3240 4397 3392 4468 παρὰ
3447 4397 3541 4451 τοῦ
3593 4398 3950 4466 Μονογενοῦς.

2387 4491 2554 4554 Αὐτὸς
2589 4492 2695 4560 γάρ
2741 4491 2854 4542 ἐστι
2910 4490 2967 4542 τὸ
3025 4487 3310 4560 πρόσωπον
3333 4488 3429 4542 τοῦ
3478 4490 3707 4559 Πατρός.
3758 4491 3954 4558 Ἐπαγ-

713 4598 796 4653 cia
831 4597 1160 4658 oblaturum,
1193 4596 1283 4650 sed
1319 4597 1496 4668 potius
1542 4596 1866 4650 saerilicium
1893 4595 2067 4649 laudis
2104 4594 2285 4663 etspi-

2389 4583 2634 4650 γέλλεται
2663 4582 2718 4634 δὲ
2757 4581 2949 4650 μηκέτι
2986 4580 3084 4643 τὰς
3113 4580 3178 4633 δι’
3204 4581 3451 4652 αἱμάτων
3498 4581 3827 4653 προσφέρειν
3856 4581 3949 4633 θυι

711 4689 924 4745 ritualis
955 4690 1173 4748 cantici.

779 4859 866 4913 35.
923 4855 1147 4909 Videant
1179 4871 1431 4924 pauperes
1459 4864 1508 4908 et
1545 4855 1809 4918 laetentur,
1845 4862 1950 4909 etc.
1998 4853 2120 4909 llaec
2151 4869 2274 4908 t-utn

712 4953 888 5006 norint
946 4951 980 5005 ii
1033 4951 1126 5019 qui
1185 4961 1309 5004 sunt
1360 4963 1623 5019 pauperes
1657 4949 1874 5016 spiritu,
1907 4947 2274 5001 exsultabunt.

710 5044 834 5098 llaec
866 5053 1044 5098 autem
1075 5043 1264 5097 dicunt
1295 5042 1522 5109 apostoli
1550 5048 1767 5111 propter
1789 5057 1884 5095 eos
1909 5040 2001 5109 qui
2032 5040 2272 5108 ipsorum

709 5151 873 5206 opera
906 5136 958 5189 in
986 5137 1264 5190 Christum
1308 5134 1677 5187 crediderunt.

778 5227 866 5280 34.
917 5227 1174 5290 Quoniam
1224 5225 1495 5279 exaudirit
1541 5239 1794 5292 pauperes
1841 5221 2118 5276 Dominus.
2175 5219 2276 5276 Ec-

708 5332 872 5387 quam
905 5317 1208 5371 orationem
1253 5316 1531 5369 exaudivit
1563 5316 1665 5369 nisi
1716 5329 1835 5368 eam
1863 5329 2024 5384 quam
2066 5328 2164 5382 pro
2211 5313 2276 5368 iis

707 5411 966 5467 oﬂerebat
1002 5407 1374 5476 Unigenitus?
1412 5406 1551 5475 Quid
1596 5405 1907 5475 postulabat
1947 5416 2126 5460 autem
2169 5405 2270 5458 nisi

709 5513 766 5556 ut
792 5503 890 5570 ipsi
920 5504 1279 5556 liberarentur
1298 5516 1363 5552 ex
1397 5499 1631 5553 vinculis
1662 5500 1885 5554 mortis"
1908 5497 2270 5566 Quamobrem

786 5683 824 5710 "
847 5679 1013 5735 Zaeh.
1041 5697 1157 5745 xm,
1190 5679 1250 5748 'l;
1284 5677 1470 5735 Matth.
1496 5698 1640 5748 χιι-ι,
1662 5681 1751 5736 5|.
1784 5682 1830 5712 ³³
1858 5679 2047 5735 Matth.
2069 5695 2124 5741 τ,
2149 5679 2201 5733 '5.

783 5834 892 5917 (52)
914 5835 1011 5893 Hie
1031 5839 1272 5913 quadam
1296 5841 1451 5896 habet
1467 5837 1760 5896 Corderius
1783 5856 1902 5909 qua
1925 5849 2050 5894 sunt
2077 5837 2368 5893 Theodori.

2388 4675 2526 4736 σίας·
2571 4674 2667 4734 τὰς
2705 4673 2770 4725 δι’
2808 4673 3063 4735 αἰνέσεως
3100 4673 3157 4726 δὲ
3195 4672 3392 4742 μᾶλλον
3443 4674 3536 4728 καὶ
3579 4676 3950 4745 πνευματικῆς

2381 4768 2541 4839 ᾠδῆς.

2465 4857 2766 4911 Ὶδέτωσαν
2793 4857 3034 4925 πτωχοὶ,
3070 4857 3167 4910 καὶ
3214 4855 3720 4924 εὐφρανθήτωσαν
3739 4873 3795 4911 κ.
3817 4872 3868 4910 τ.
3897 4857 3945 4909 λ.

2379 4952 2562 5005 Ταῦτα
2581 4953 2815 5019 γνόντες,
2842 4952 3024 5020 φησιν,
3052 4955 3100 5005 οἱ
3138 4952 3214 5022 τῷ
3235 4952 3504 5023 πνεύματι
3538 4953 3759 5022 πτωχοὶ,
3783 4954 3948 5021 ἀγαλ-

2376 5045 2566 5112 λιασθή
2613 5061 2812 5097 σονται.
2852 5045 3085 5112 Λέγουσι
3127 5044 3183 5096 δὲ
3217 5042 3390 5097 ταῦτα
3433 5045 3482 5096 οι
3527 5043 3816 5098 ἀπόστολοι
3862 5045 3948 5099 διὰ

2376 5140 2501 5200 τοὺς
2529 5137 2592 5188 δι’
2624 5137 2800 5190 αὐτῶν
2828 5137 3218 5202 πιστεύσαντας
3243 5141 3322 5198 εὶς
3349 5137 3598 5208 Χριστόν.

2457 5231 2581 5281 Ὀτι
2637 5227 2960 5294 εἰσήκουσε
2995 5227 3114 5283 τῶν
3163 5228 3435 5292 πενήτων
3480 5231 3512 5282 ὀ
3556 5229 3789 5296 Κύριος.
3841 5231 3946 5282 Καὶ

2381 5322 2537 5382 ποίας
2563 5320 2748 5389 εὐχῆς,
2773 5320 2804 5389 ἢ
2837 5315 2902 5391 ἦς
2937 5321 3074 5390 ὑπὲρ
3100 5321 3277 5374 αὐτῶν
3331 5319 3525 5389 ηὔχετο
3546 5322 3574 5372 ὁ
3600 5321 3942 5387 Μονογενης;

2382 5412 2513 5482 Περὶ
2542 5411 2684 5474 τίνος
2711 5411 2766 5463 δὲ
2795 5411 3013 5482 ηὔχετο,
3039 5412 3070 5482 ἢ
3103 5411 3360 5482 ρυσθῆναι
3394 5413 3589 5475 αὐτοὺς
3616 5414 3678 5464 ὲκ
3705 5413 3816 5466 τῶν
3854 5413 3944 5465 τοῦ

2381 5500 2608 5554 θανάτου
2643 5501 2852 5570 δεσμῶν
2875 5519 2889 5567 ;
2916 5502 3003 5555 Διό
3029 5519 3180 5572 φησιο
3203 5503 3308 5557 Καὶ
3331 5504 3472 5570 τοὺς
3501 5501 3944 5575 πεπεδημένους
