4108 6496
227 465 323 520 313
1268 466 1631 522 EXPOSITIO
1664 465 1731 520 IN
1771 466 1785 519 l

1881 467 2094 526 iLMUM
2136 471 2320 527 LXIX.
3325 500 3429 555 3,4

223 580 402 635 αὐτοῦ
447 585 564 636 οὐκ
594 582 981 647 ἐξουδέγωσε.
1024 584 1282 657 Διέρῤηξε
1319 586 1427 657 γὰρ
1467 585 1682 638 πάντων
1713 583 1782 637 τὰ

1882 587 1994 641 ait:
2031 587 2098 641 Et
2146 593 2343 647 vinctos
2394 612 2514 649 suos
2565 615 2668 653 non
2714 603 2969 671 despexit.
3013 605 3242 678 Diripuit
3284 616 3425 670 enim

224 671 410 742 δεσμὰ,
441 673 686 744 εἰρηκὼς
725 676 838 741 τοῖς
889 677 958 728 ἐν
997 675 1259 745 δεσμοῖς,
1321 677 1636 741 Ἐεέλθετεο
1686 679 1781 730 καὶ

1883 681 2125 736 omnium
2170 684 2385 741 vincula
2437 704 2560 744 cum
2609 693 2746 749 dixit
2790 696 2857 751 iis
2907 701 2995 766 qui
3052 704 3211 757 vincti
3284 724 3427 766 sunt.

227 762 341 828 τοῖς
381 764 452 816 ἐν
504 765 589 828 τῷ
631 768 866 831 σκότει,
917 769 1414 836 Ἀνακαλύερθητε.
1475 770 1585 823 Καὶ
1645 769 1785 835 τοὺς

1886 771 2038 827 Exite
2132 786 2181 830 et
2230 779 2295 830 iis
2353 782 2442 848 qui
2487 783 2542 836 in
2586 785 2846 851 tenebris,
2902 762 3222 850 Reuelamini
3260 798 3325 850 ⁸⁸.
3359 799 3425 853 Et

226 854 673 924 αεπεδημένους
719 858 902 912 αὑτοῦ
950 862 1061 913 οὐκ
1114 859 1500 924 ἐξουδένωσε.
1563 861 1673 914 Καὶ
1722 861 1782 913 οὑ

223 945 500 1001 διέπτυσεν
535 951 680 1020 ἡμᾶς
711 951 768 1002 ὲν
797 955 1098 1022 συμφοραῖς
1146 953 1320 1016 ὄντας,
1375 952 1554 1017 καλῶς
1598 954 1653 1006 δὲ
1686 954 1783 1007 αύ-

223 1040 341 1100 τοὺς
363 1040 776 1111 πεπεδημένους
813 1039 931 1095 εἶπε
966 1044 1030 1096 δι’
1052 1039 1125 1096 ὧν
1177 1044 1409 1115 ἔπασχον
1433 1044 1622 1098 ταῦτα.

289 1131 719 1184 Αὶνεσὰτωσαν
746 1133 931 1186 αὐτὸν
958 1136 1011 1186 οἱ
1038 1136 1280 1202 οὐρανοὶ
1333 1137 1429 1188 καὶ
1483 1136 1521 1203 ὴ
1583 1136 1678 1204 γῆ.
1722 1137 1784 1189 Et

225 1220 359 1290 χαρὰ
408 1223 625 1288 γίνεται
670 1225 728 1275 ὲν
779 1224 990 1295 οὐρανῷ
1044 1226 1135 1278 ἐπὶ
1185 1227 1265 1280 ένὶ
1297 1227 1598 1298 ἁμαρτωλῷ
1629 1245 1786 1298 μετα-

224 1308 446 1370 νοοῦντι,
489 1311 674 1382 πολλῷ
703 1313 858 1366 πλέον
888 1315 1215 1385 χαρήσονται
1241 1318 1530 1388 συμπάσης
1579 1318 1786 1370 ἐλευθε-

227 1400 487 1473 ρωθείσης
516 1403 617 1473 τῆς
645 1405 767 1475 γῆς.
828 1407 890 1458 Εἰ
941 1407 996 1458 δὲ
1041 1408 1262 1477 οὐρανὸς
1309 1409 1400 1460 ἐπὶ
1455 1411 1519 1478 τῇ
1561 1407 1666 1460 τῶν
1695 1410 1785 1460 ἁν-

223 1491 450 1560 θρώπων
483 1496 668 1565 χαίρει
723 1498 997 1568 σωτηρία,
1044 1499 1135 1550 καὶ
1165 1501 1303 1551 αἰνεῖ
1341 1500 1430 1550 ἐπὶ
1466 1499 1637 1568 τούτῳ
1697 1499 1783 1550 τὸν

220 1584 368 1637 θεόν·
405 1586 591 1656 πολλῷ
627 1589 823 1658 μᾶλλον
857 1591 949 1642 καὶ
990 1590 1140 1642 αὐτοὶ
1166 1592 1213 1644 οἱ
1265 1589 1521 1652 σωθέντες
1548 1592 1638 1642 ἐπὶ
1686 1591 1784 1659 τῆς

221 1675 319 1744 γῆς
340 1679 617 1731 αἱνέσουσι
639 1681 730 1732 τὸν
761 1680 1025 1734 σώσαντασ
1048 1681 1127 1734 διὸ
1154 1681 1477 1752 προσέθηκε
1498 1681 1784 1734 Θάλασσα

224 1767 313 1821 καὶ
337 1768 541 1822 πάντα
588 1771 661 1822 τὰ
695 1771 951 1838 ἕρπον-τα
999 1773 1068 1824 ἐν
1113 1772 1332 1838 αὐτοῖς.
1387 1772 1556 1825 Τοῦτό
1601 1789 1779 1843 φησιν,

221 1860 398 1930 ἐπειδὴ
425 1861 527 1914 καὶ
563 1863 618 1913 ὲν
657 1866 775 1925 ταῖς
813 1863 994 1931 νήσοις
1024 1863 1245 1933 ἔμελλον
1272 1864 1334 1917 τὸ
1375 1866 1634 1936 σωτήριον
1689 1863 1782 1916 τοῦ

221 1951 352 2004 θεοῦ
380 1923 806 2022 παραδέχεσθαι.
839 1923 911 2006 ’έὸ
938 1923 1016 2019 δέ,
1047 1923 1117 2007 έν
1140 1955 1362 2022 αὐτοῖς,
1398 1923 1595 2008 καὶυὲν
1621 1957 1686 2025 τῇ
1712 1957 1782 2024 γῇ
1816 1923 1858 1979 Β

222 2040 309 2090 καὶ
338 2042 394 2092 ὲν
422 2043 492 2109 τῇ
528 2041 790 2112 θαλάσσῃ.

288 2128 414 2180 Ὅτι
461 2131 497 2182 ὁ
552 2128 694 2194 Θεὸς
740 2128 924 2183 σώσει
953 2131 1066 2196 τὴν
1107 2131 1276 2193 Σιὼν,
1320 2132 1416 2184 καὶ
1475 2130 1783 2199 οῖκοδομηυ

220 2219 509 2288 θήσονται
556 2224 614 2274 αὶ
681 2224 885 2288 πόλεις
950 2221 1057 2287 τῆς
1099 2223 1398 2288 Ἰουδαίας.
1447 2224 1578 2276 Τίνα
1624 2225 1785 2295 φησὶν

221 2309 351 2364 ε’ναι
376 2311 478 2383 τὴν
532 2311 729 2381 Σιὼνῆ
769 2313 866 2382 τὴν
892 2311 1052 2379 ἁγίαν
1092 2313 1431 2382 Ἐκκλησίαν,
1471 2307 1538 2380 ἧς
1584 2313 1677 2364 καὶ
1730 2313 1785 2363 αι

221 2402 396 2466 πόλεις
427 2402 876 2473 ᾠκοδομήθησαν,
907 2405 962 2456 αἱ
989 2402 1400 2474 διεγηγερμέναι
1424 2401 1658 2471 δηλονότι
1679 2401 1784 2454 τῶν

221 2489 522 2559 ἀνθρώπιον
559 2489 763 2558 ψυχαί;
805 2489 1070 2543 Πεσοῦσαι
1113 2492 1219 2561 γὰρ
1277 2487 1415 2562 ἦσαν
1447 2491 1532 2543 ὅτε
1560 2490 1786 2560 ἠγνόουν

219 2579 306 2633 τὸν
330 2581 488 2633 Θεόν.
532 2575 696 2632 Αὗται
724 2580 781 2633 δέ
825 2583 960 2633 εἰσιν
999 2583 1053 2633 αἱ
1082 2580 1169 2633 διὰ
1210 2582 1306 2651 τῆς
1352 2581 1786 2651 ὲξομολογήσεως

221 2668 615 2740 ἀνεγερθεῖσαι.
698 2668 924 2721 Ἰουδαία
991 2669 1096 2740 γὰρ
1168 2667 1547 2739 ἐξομολόγησις
1614 2669 1786 2739 ἑρμη-

221 2759 452 2813 γεύεται.

288 2853 399 2906 Καὶ
436 2851 910 2918 κατοικήσουσιν
936 2850 1078 2914 ἐκεῖ,
1103 2850 1196 2902 καὶ
1227 2848 1788 2918 κληρονομήσουσιν

220 2941 428 3006 αὐτήν.
484 2942 546 2992 Οἱ
600 2940 713 3002 νῦν,
748 2941 928 3009 φησὶν,
986 2938 1339 3009 αἰχμάλωτοι,
1374 2939 1468 3008 τῆς
1530 2939 1784 2991 ἐπανόδου

221 3030 492 3098 τυχόντες,
532 3030 625 3080 καὶ
656 3027 751 3090 τὰς
775 3028 977 3089 οἰκείας
1014 3027 1422 3097 οἰκοδομήσουσι
1457 3027 1657 3090 πόλεις,
1693 3029 1786 3081 καὶ

223 3125 636 3192 κατοικήσουσιν
666 3121 852 3184 αὑτάς.
883 3120 997 3172 Uine
1024 3120 1177 3172 αὐτοὶ
1228 3119 1285 3172 δὲ
1317 3119 1486 3190 μόνοι,
1515 3118 1650 3172 ἀλλὰ
1691 3119 1785 3171 καὶ

219 3216 266 3265 οἱ
291 3213 498 3266 τούτων
549 3213 734 3275 παῖδες
772 3211 866 3265 καὶ
922 3210 973 3263 οἱ
1038 3209 1267 3278 ἔκγονοι·
1323 3211 1480 3265 τοῦτο
1525 3213 1634 3282 γὰρ
1685 3211 1783 3262 ὲκ-

221 3306 440 3374 ἠγαγεν.

287 3397 396 3448 Καὶ
432 3395 497 3448 τὸ
523 3395 758 3464 σπέρμα
782 3391 898 3448 τῶν
921 3393 1155 3446 δούλων
1203 3391 1385 3444 αὐτοῦ
1430 3391 1786 3455 καθέξουσιν

221 3485 432 3552 αὐτὴν,
467 3486 562 3538 καὶ
607 3489 658 3539 οὶ
717 3483 1059 3555 ἀγαπῶντες
1111 3483 1174 3536 τὸ
1213 3481 1399 3552 ἕνεμὰ
1445 3499 1559 3534 σαι·
1609 3499 1784 3535 κατα-

221 3575 646 3641 σκηνώσουσιν
693 3578 761 3629 ἐν
792 3576 964 3643 αὐτῇ.
1001 3575 1184 3628 Δοῦλοι
1227 3575 1323 3646 μὲν
1353 3574 1515 3627 αὑτοῦ
1562 3576 1608 3626 οἱ
1643 3573 1784 3642 ἆγιοι

221 3667 523 3726 ἀπόστολοι,
586 3665 661 3728 ὡς
733 3666 976 3729 Παῦλος,
1040 3665 1224 3728 δοῦλος
1299 3665 1468 3733 Ίησοῦ
1529 3664 1780 3736 Χριστοῦ·

224 3757 440 3826 σπέρμα
471 3755 528 3808 δὲ
563 3755 738 3808 αὐτῶν
764 3757 813 3808 οἱ
835 3755 901 3809 δι’
955 3754 1132 3809 αὐτῶν
1179 3755 1257 3816 εἰς
1285 3754 1512 3826 Χριστὸν
1562 3755 1780 3807 πιστεύ-

223 3863 428 3912 σαντες.

419 3941 524 4005 Εις
555 3938 745 4005 τέλος.
784 3940 1090 3992 ΨΑΛΜΟΣ
1113 3935 1192 4003 τῷ
1219 3936 1417 3999 Δαυῖδ,
1449 3937 1575 3993 ΞΘν.

348 4029 454 4090 Εἰς
497 4027 838 4096 ἀνάμνησιν
861 4030 949 4093 εἰς
976 4026 1040 4081 τὸ
1076 4026 1272 4080 σῶσαι
1303 4043 1380 4096 με
1409 4028 1643 4094 Κύριον.

837 4208 1154 4274 Ὑπόθεσις.

222 4297 415 4350 Τοῦτον
447 4297 562 4368 ᾅδει
585 4298 672 4349 τὸν
689 4296 898 4366 ψαλμὸν
922 4299 984 4350 ἐκ
1014 4297 1299 4367 προσώπου
1318 4295 1415 4365 τῆς
1431 4292 1778 4364 ἀνθρωπότη-

284 4404 397 4450 τος,
425 4385 681 4457 ἀξιούσης
715 4388 792 4449 εἰς
819 4386 880 4438 τὺ
914 4385 1125 4456 βοηθεῖν
1169 4387 1301 4456 αὐτῇ
1326 4385 1670 4453 διαναστῆναι
1691 4383 1779 4434 τὸν

284 4480 437 4533 Θεόν.
475 4479 630 4532 Οὕτω
658 4480 766 4550 γὰρ
787 4479 1095 4532 συνέϐαινεν
1128 4478 1457 4548 ὲντραπῆναι
1519 4477 1617 4546 μὲν
1656 4475 1779 4537 τοὺς

283 4573 688 4642 ἀντικειμένους
725 4572 859 4641 αὐτῇ
903 4569 1188 4639 πολεμίους
1226 4569 1499 4639 δαίμονας,
1549 4568 1779 4638 εύφραν-
1811 4583 1853 4634 ι)

285 4664 441 4735 θῆναι
461 4664 516 4717 δὲ
537 4665 659 4726 τοὺς
687 4664 798 4716 ὅσοι
830 4663 1106 4733 χαίρουσιν
1130 4662 1220 4714 ἐπὶ
1243 4665 1308 4732 τῇ
1332 4661 1570 4731 σωτηρίᾳ
1591 4661 1777 4730 αὐτῆς.

295 4757 356 4809 ⁸ο
379 4756 546 4819 Θεὸς,
567 4758 653 4819 εἰς
682 4753 794 4820 τὴν
813 4752 1105 4820 βοήθειάν
1129 4771 1247 4822 μου
1275 4754 1557 4821 πρόσχες,
1578 4771 1631 4806 κ.
1654 4770 1705 4806 τ.
1726 4752 1773 4804 λ.

284 4844 796 4916 Αἰσχυνθήτωσαν
852 4844 947 4898 καὶ
999 4843 1478 4912 ἐντραπήτωσαν.
1539 4844 1779 4914 Διαμαρ-

216 4955 375 5003 τοιεν,
412 4938 595 5006 φησὶν,
620 4937 670 4988 οἱ
699 4937 795 5006 τῆς
838 4936 975 5006 ἐμῆς
1002 4936 1215 5005 σφαγῆς
1241 4935 1534 5006 ἐφιέμενοι,
1560 4937 1651 4988 καὶ
1679 4935 1776 5005 τὴν

217 5028 459 5082 ἐντεῦθεν
489 5027 746 5098 αἰσχύνην
782 5026 1180 5097 καρπώσαιντο.

291 5117 867 5186 Ἀποστραφήτωσαν
877 5121 1040 5183 εις-τὰ
1062 5117 1273 5179 ὀπίσω,
1287 5133 1398 5170 κ.τ.
1416 5117 1466 5171 λ.
1482 5118 1592 5171 Καὶ
1614 5117 1770 5170 πάλιν

214 5211 486 5265 κάνταῦθα
516 5213 573 5264 ἐν
606 5214 716 5272 τοῖς
739 5211 970 5282 παροῦσι
1009 5212 1208 5281 στίχοις
1233 5212 1502 5282 ἐπαρᾶται
1539 5211 1635 5279 μὲν
1661 5213 1770 5274 τοῖς

212 5304 369 5356 αὑτὸν
403 5302 832 5365 ἐπιϐουλεύουσι,
868 5305 960 5356 καὶ
999 5303 1237 5357 θέλουσιν
1267 5303 1425 5356 αὐτὸν
1453 5302 1638 5364 κακῶς
1669 5321 1770 5354 πα-

214 5396 337 5447 Θεῖνο
375 5394 471 5447 καὶ
514 5393 661 5460 λέγει
692 5394 823 5464 πρὸς
856 5396 1065 5459 αὐτούς’
1099 5398 1163 5448 0i
1211 5399 1320 5458 τοῖς
1376 5397 1528 5466 ἐμοῖς
1584 5398 1770 5458 κακοῖς

212 5487 528 5557 ἐφηδόμενοι
553 5485 844 5557 τράποιντο
885 5489 964 5552 εἰς
994 5487 1169 5558 φυγὴν
1201 5486 1338 5556 μετὰ
1367 5487 1644 5557 αἰσχύνης,
1675 5487 1768 5557 τὴν

215 5581 346 5649 ἐμὴν
380 5577 613 5649 ὁρῶντες
641 5579 958 5649 μεταϐολήν.
1009 5579 1578 5647 Ἁποστραρήτωσαν
1626 5593 1772 5647 παρ-

215 5671 420 5723 ιιιντίκα
472 5671 913 5738 αἰσχυνόμενοι.
946 5672 1006 5722 Oi
1034 5670 1124 5723 ἐπὶ
1143 5668 1220 5739 τῷ
1238 5669 1511 5740 γενομένῳ
1540 5686 1628 5739 μοι
1663 5669 1764 5722 πά-

1882 867 2078 920 vinctos
2125 885 2248 923 suos
2287 886 2388 924 non
2423 873 2678 943 despexit.
2731 879 2798 933 Et
2839 897 2944 937 nou
2992 889 3196 954 respuit
3244 907 3342 947 nos
3375 894 3427 946 in

1883 959 2276 1017 calamitatibus
2317 967 2818 1039 constitutos;jure
2864 985 3040 1031 autem
3084 995 3178 1036 eos
3222 983 3429 1039 vinctos

1885 1052 2117 1120 appellat
2145 1056 2286 1122 quod
2318 1058 2443 1112 talia
2472 1069 2805 1128 paterentur.

1952 1143 2040 1196 55.
2086 1143 2325 1200 Laudent
2366 1148 2514 1202 illum
2549 1152 2661 1206 ειείὶ
2689 1162 2736 1206 et
2771 1163 2928 1208 terra.
2963 1153 3018 1208 Si
3055 1158 3306 1227 gaudium
3350 1171 3432 1215 est

1884 1235 1937 1289 in
1969 1236 2107 1290 cmlo
2143 1254 2304 1308 super
2335 1257 2443 1295 uno
2488 1254 2773 1312 peccatore
2814 1248 3182 1314 pmnitentiam
3217 1262 3426 1323 agente.

1884 1328 2055 1382 multo
2092 1330 2261 1400 magis
2306 1333 2616 1403 gaudebunt
2651 1336 2724 1390 illi
2760 1354 2881 1392 cum
2912 1350 3054 1394 totus
3082 1343 3230 1397 orbis
3261 1355 3431 1399 terra-

1883 1436 2001 1474 rum
2056 1421 2315 1480 liberatus
2366 1425 2549 1483 fuerit.
2600 1427 2754 1494 Quod
2802 1432 2846 1486 si
2891 1435 3088 1487 coelum
3139 1437 3335 1505 gaudet
3364 1439 3430 1490 de

1885 1514 2162 1571 hominum
2197 1518 2391 1582 salute,
2424 1522 2562 1577 etde
2597 1524 2696 1579 hac
2731 1541 2788 1580 re
2814 1528 2995 1581 laudat
3028 1528 3235 1597 Deum;
3262 1531 3430 1585 multo

1884 1609 2054 1676 magis
2092 1610 2127 1662 ii
2173 1611 2270 1681 ipsi
2313 1612 2403 1682 qui
2439 1615 2666 1669 salutem
2712 1629 3114 1688 consequuntur
3163 1623 3214 1676 in
3264 1633 3429 1687 terra,

1881 1699 2175 1756 laudabunt
2219 1719 2342 1758 eum
2414 1707 2507 1776 qui
2563 1709 2788 1763 salutem
2855 1711 2997 1766 dedit
3039 1732 3055 1764 :
3104 1723 3432 1786 quapropter

1881 1793 2031 1847 addit
2063 1813 2075 1848 :
2109 1794 2253 1850 Mare
2295 1811 2345 1852 et
2376 1802 2551 1853 omnia
2579 1802 2782 1870 reptilia
2815 1805 2868 1857 in
2907 1807 3002 1858 eis.
3047 1804 3159 1861 Hoc
3201 1807 3274 1861 ait
3305 1808 3432 1876 quia

1884 1880 2124 1936 futurum
2160 1897 2275 1940 erat
2310 1896 2368 1940 ut
2401 1890 2560 1943 etiam
2603 1890 2654 1943 in
2694 1891 2884 1946 insulis
2929 1895 3259 1963 reciperetur
3287 1897 3432 1950 salu-

1885 1982 1998 2027 tare
2031 1974 2145 2030 Dei.
2180 1977 2313 2034 lilud
2346 1990 2549 2046 autem,
2587 1985 2640 2037 in
2674 1986 2768 2046 eis.
2799 1985 2848 2039 id
2888 1995 2972 2040 est
3001 1987 3054 2040 in
3095 1995 3240 2041 terra
3281 1997 3336 2042 et
3377 1989 3428 2041 in

1886 2067 2041 2120 mari.

1953 2160 2040 2214 ⁸56.
2089 2159 2348 2225 Quoniam
2387 2163 2527 2218 Deus
2566 2166 2765 2219 salvam
2799 2167 2956 2236 faciet
2995 2166 3150 2230 Sion.
3183 2180 3228 2223 et
3259 2171 3430 2239 (edi/i-

1884 2249 2140 2302 cabuntur
2181 2251 2413 2306 civitates
2444 2253 2609 2306 Juda.
2645 2251 2816 2320 Quam
2853 2270 2972 2310 esse
3013 2258 3088 2310 ait
3130 2257 3282 2323 Sion,
3327 2261 3432 2314 nisi

1882 2349 2125 2393 sanctam
2158 2340 2475 2404 Ecclesiam,
2508 2343 2663 2413 cujus
2697 2345 2943 2400 civitates
2973 2347 3248 2402 aediﬁcatae
3281 2355 3430 2411 sunt.

1882 2430 2127 2484 excitata:
2181 2431 2386 2486 scilicet
2455 2433 2734 2488 hominum
2806 2436 3057 2491 animae?
3117 2437 3431 2494 Ceciderant

1884 2520 2025 2572 enim
2071 2521 2290 2588 quando
2347 2523 2665 2592 ignorabant
2722 2523 3034 2582 Dominum.
3090 2530 3222 2599 ipsa!
3267 2546 3432 2602 porro

1883 2624 1979 2678 per
2017 2610 2413 2666 confessionem
2462 2614 2706 2671 excitata:
2756 2627 2902 2673 sunt.
2957 2617 3140 2675 Judaea
3199 2639 3431 2694 namque

1883 2699 2140 2769 confessio
2167 2701 2569 2772 interpretatur.

1953 2872 2041 2928 57.
2100 2873 2166 2928 Et
2212 2875 2578 2932 inhabitabant
2611 2881 2704 2945 ibi,
2745 2891 2793 2935 et
2829 2881 3130 2939 htcreditate
3162 2889 3430 2956 acquirent

1881 2980 2018 3019 eam.
2056 2965 2287 3036 Captivi,
2329 2967 2524 3038 inquit,
2569 2972 2661 3042 qui
2707 2988 2851 3028 nunc
2909 2975 3139 3029 reditum
3183 2978 3430 3033 obtinue-

1884 3062 2027 3119 runt,
2061 3056 2305 3125 proprias
2363 3059 2525 3114 urbes
2568 3061 2910 3117 aediﬁcabunt
2955 3074 3009 3118 et
3051 3065 3428 3122 inhabitabunt

1883 3158 1996 3199 eas.
2025 3143 2133 3200 Nec
2158 3146 2259 3215 ipsi
2290 3148 2411 3214 soli,
2447 3151 2538 3204 sed
2564 3160 2619 3206 et
2649 3166 2838 3208 eorum
2876 3155 2970 3209 lilii
3000 3165 3053 3210 et
3079 3166 3299 3227 nepotes
3332 3176 3349 3227 ;
3377 3159 3428 3213 id

1810 3257 1854 3314 ο
1886 3236 2028 3290 enim
2056 3237 2351 3308 subiungit.

1953 3407 2021 3462 Et
2044 3425 2214 3465 semen
2242 3427 2505 3467 servorum
2526 3415 2640 3485 ejus
2663 3418 2942 3488 possidebit
2966 3436 3102 3489 eam,
3125 3433 3172 3477 ct
3192 3427 3281 3494 qui
3304 3427 3428 3481 dili-

1883 3511 2007 3571 gunt
2029 3518 2213 3556 nomen
2247 3503 2358 3570 ejus
2396 3504 2704 3562 habitabant
2735 3509 2791 3562 in
2836 3525 2917 3567 ea.
2965 3510 3113 3568 Servi
3151 3515 3268 3584 ejus
3305 3529 3422 3570 sum

1883 3593 2054 3648 sancti
2100 3594 2350 3663 apostoli.
2384 3603 2444 3648 ut
2489 3593 2709 3662 Paulus,
2761 3613 2952 3656 servus
3005 3601 3131 3657 Jesu
3185 3606 3426 3663 Christi:

1883 3698 2061 3738 semen
2088 3693 2268 3738 autem
2290 3699 2480 3740 eorum
2509 3696 2636 3742 sunt
2662 3688 2698 3742 ii
2727 3690 2819 3760 qui
2850 3705 2945 3761 per
2974 3691 3121 3762 ipsos
3177 3694 3231 3749 in
3265 3699 3428 3754 Chri-

1882 3784 2024 3828 stum
2051 3776 2412 3832 crediderunt.

2076 3937 2141 3989 In
2184 3937 2358 4008 finem,
2414 3937 2747 3998 PSALMUS
2794 3942 2986 4011 David,
3029 3945 3235 4002 LXIX.

1987 4033 2037 4086 i.
2082 4033 2144 4088 In
2185 4039 2662 4093 rememorationem
2706 4042 2846 4111 quod
2887 4044 3087 4098 salvum
3136 4047 3312 4116 fecerit

2460 4144 2539 4182 me
2567 4129 2843 4188 Dominus.

2453 4221 2850 4292 Argumentum.

1882 4301 2036 4360 Hunc
2063 4307 2212 4360 canit
2236 4308 2504 4376 psalmum
2539 4328 2605 4366 ex
2635 4329 2864 4383 persona
2908 4316 3158 4373 humanae
3199 4328 3426 4384 naturae,

1949 4396 2188 4462 rogantis
2224 4395 2388 4451 Deum
2426 4409 2484 4454 ut
2513 4411 2762 4473 exsurgat
2793 4404 2859 4458 ad
2893 4407 3153 4462 auxilium
3197 4409 3319 4479 ipsi.
3354 4409 3428 4465 Ita

1948 4486 2094 4541 enim
2156 4489 2378 4559 contigit
2439 4491 2643 4561 pudore
2707 4493 2845 4550 allici
2901 4496 3241 4556 adversarios
3310 4503 3427 4574 ejus

1946 4578 2220 4636 diemones
2261 4583 2329 4636 ad
2369 4583 2564 4640 bellum
2626 4586 2917 4644 instructos
2957 4608 2972 4656 ;
3028 4590 3194 4647 laetari
3244 4606 3424 4650 autem

1944 4682 2039 4724 eos
2067 4671 2158 4739 qui
2183 4673 2415 4742 gaudent
2436 4676 2502 4730 de
2523 4676 2696 4732 salute
2721 4679 2912 4747 ipsius.

1945 4759 2000 4812 2.
2037 4758 2200 4827 Deus,
2223 4763 2278 4816 in
2306 4764 2630 4833 adiutorium
2663 4785 2832 4824 meum
2855 4773 3078 4836 intende,
3110 4784 3210 4831 etc.

1945 4851 1998 4904 3.
2031 4851 2439 4922 Confundantur
2460 4867 2508 4911 et
2525 4871 2876 4916 revereantur.
2902 4861 3005 4929 Qui
3036 4880 3210 4920 meam
3240 4883 3425 4923 necem

1873 4951 2128 5012 exoptant
2173 4949 2449 5016 proposito
2481 4949 2762 5018 _labantur,
2804 4962 2964 5024 atque
3011 4955 3138 5010 hinc
3167 4958 3427 5026 pudorem

1876 5044 2299 5101 consequantur.

1942 5122 2354 5194 4.;Avertantur
2384 5139 2669 5184 retrorsum
2708 5141 2756 5185 et
2799 5133 3124 5203 erubescant,
3151 5147 3252 5193 etc.
3283 5139 3424 5192 Rur-

1869 5228 1995 5284 sum
2035 5214 2089 5269 in
2133 5221 2492 5286 prementibus
2529 5221 2814 5278 versiculis
2844 5236 3157 5281 exsecratur
3201 5243 3294 5282 eos
3334 5229 3423 5296 qui

1876 5303 2099 5360 insidias
2139 5308 2238 5377 ipsi
2285 5318 2499 5379 parant,
2538 5321 2594 5365 et
2634 5314 2822 5367 volunt
2863 5330 2987 5369 eum
3045 5317 3204 5372 malis
3249 5317 3382 5373 attici
3408 5359 3422 5380 ,

1873 5405 1927 5449 et
1958 5396 2033 5450 ait
2061 5396 2200 5452 illis:
2230 5396 2331 5465 Qui
2356 5401 2421 5455 de
2447 5401 2605 5456 malis
2633 5404 2768 5458 meis
2793 5406 3028 5475 gaudent
3057 5416 3335 5462 vertantur
3369 5411 3424 5464 in

1875 5487 2054 5558 fugam
2086 5507 2208 5546 cum
2228 5495 2453 5563 pudore,
2471 5504 2751 5552 cernentes
2779 5497 3205 5552 immutationem
3225 5513 3418 5553 meam.

1877 5583 2194 5637 Avertantur
2229 5589 2406 5639 statim
2455 5591 2826 5644 erubescentes.
2873 5587 2976 5657 Qui
3021 5589 3088 5644 de
3130 5605 3248 5647 mea
3295 5592 3420 5643 olim

1873 5674 2113 5742 pernicie
2131 5687 2184 5732 et
2213 5678 2277 5733 de
2307 5679 2593 5738 maledicto
2625 5682 2811 5740 mortis
2840 5682 3159 5757 gaudebant.

215 5763 297 5820 λαι
328 5765 577 5835 πτώματι
631 5766 716 5820 διὰ
769 5770 863 5841 τὴν
893 5769 982 5822 τοῦ
1019 5769 1242 5822 θανάτου
1289 5767 1529 5838 κατάραν
1577 5768 1926 5838 ἐπιχαρέντες

281 5861 323 5891 ⁵⁸
363 5862 467 5916 tsa.
502 5876 651 5927 χιιι,
683 5862 735 5914 9.
