4108 6524
629 478 739 535 515

632 683 776 736 dicat
806 677 1056 733 :Justitia
1082 694 1267 733 eorum
1299 680 1390 747 qui
1427 679 1578 747 prius
1604 681 1887 733 memorati
1916 689 2042 735 sunt
2075 679 2185 748 pri-

634 784 791 825 vatus
815 787 957 831 sum,
1006 784 1068 823 ac
1092 770 1145 822 in
1172 779 1482 839 paupertate
1514 770 1724 838 vivens,
1753 769 2061 824 divitiarum
2089 771 2183 839 ju-

636 863 797 917 stitia:
819 877 1011 931 expers
1039 876 1158 916 sum
1190 880 1202 915 :
1239 870 1561 930 quapropter
1581 871 1730 915 tuum
1772 863 2001 931 imploro
2027 863 2183 917 auxi-

638 956 791 1008 lium.
823 953 1049 1021 Adjutor
1080 970 1219 1007 meus
1246 964 1293 1007 et
1326 954 1576 1009 liberator
1598 972 1737 1009 meus
1767 972 1819 1008 es
1844 967 1920 1021 tu,
1948 955 2186 1021 Domine,

637 1060 699 1097 ne
734 1043 968 1095 moreris.
1007 1040 1179 1095 Tuam
1223 1044 1366 1096 enim
1420 1045 1813 1113 providentiam
1865 1054 2188 1100 consecutus

639 1151 780 1189 sum.
817 1133 1018 1187 Exaudi
1054 1150 1213 1202 quam
1248 1135 1532 1201 citissime,
1568 1145 1621 1190 et
1646 1152 1713 1191 ne
1746 1134 1964 1190 diﬂeras
1998 1145 2188 1205 postu-

642 1228 806 1279 latum
840 1227 1155 1279 ronccilere.

647 1319 694 1371 l.
741 1315 975 1370 I’SAI.M
989 1314 1073 1368 US
1098 1315 1303 1381 Davidi,
1330 1317 1381 1368 in
1402 1316 1578 1385 ﬁnem,
1612 1318 1845 1386 ﬁliarum
1869 1316 2113 1372 Ionadab
2143 1328 2192 1373 et

709 1408 941 1476 priorum
969 1409 1313 1474 captivorum.
1345 1406 1501 1463 Caret
1536 1411 1875 1480 inscriptione
1912 1411 2051 1481 apud
2082 1409 2192 1465 lle-

714 1498 902 1552 brteos.
933 1497 1105 1552 LXX.

1225 1591 1615 1660 Argumentum.

643 1675 767 1730 l-‘ilii
794 1674 1039 1731 Jonadab
1074 1678 1172 1731 viri
1199 1676 1347 1733 fuere
1382 1680 1453 1748 pii
1476 1691 1529 1733 et
1552 1678 1703 1748 justi,
1738 1680 1829 1747 qui
1865 1680 2033 1749 patris
2058 1694 2195 1749 pra:-

716 1776 868 1837 cepta
915 1781 1162 1822 accurate
1202 1770 1512 1834 servabant,
1561 1779 1722 1839 atque
1762 1770 1835 1823 ita
1874 1771 2110 1840 religiosi
2144 1779 2198 1825 et

720 1859 962 1912 moribus
993 1860 1281 1923 mansueti,
1315 1869 1374 1913 ut
1410 1875 1597 1914 eorum
1637 1861 1849 1916 virtutis
1894 1862 2047 1915 testis
2085 1860 2197 1930 ipse

716 1946 879 2012 Deus,
911 1950 1223 2018 prophetam
1260 1947 1548 2003 Jeremiam
1582 1950 1885 2019 alloquens,
1932 1925 2193 2004 fuerit—“ﬂ
2229 1925 2270 1980 Β

722 2038 921 2093 Eorum
971 2048 1211 2108 tempore
1250 2040 1398 2109 prior
1441 2040 1726 2109 captivitas
1759 2038 2058 2094 Jerusalem
2098 2041 2200 2095 sub

720 2131 989 2184 Chaldaeis
1017 2129 1136 2184 fuit.
1169 2128 1232 2183 lli
1264 2130 1498 2185 fortasse
1524 2146 1807 2200 personam
1851 2140 2039 2201 gerant
2070 2146 2201 2200 apo-

728 2223 992 2277 stolorum
1028 2223 1203 2289 chori,
1232 2224 1323 2292 qui
1365 2224 1572 2277 naviter
1601 2223 1835 2277 cmlestis
1866 2223 2038 2277 Patris
2068 2239 2204 2292 prte-

723 2326 874 2384 cepta
920 2314 1187 2377 servavit,
1229 2322 1283 2367 et
1328 2313 1579 2367 laudibus
1625 2314 1929 2369 celebratus
1982 2326 2066 2368 est
2109 2330 2203 2384 per

724 2405 1083 2459 beatitudines
1115 2420 1249 2474 quas
1282 2404 1591 2459 audierunt.
1628 2404 1889 2460 Similiter
1910 2414 1963 2460 et
1992 2414 2206 2475 aposto—
2309 2406 2314 2411 ’

722 2500 895 2553 lorum
922 2508 1158 2567 tempore
1188 2498 1333 2566 prior
1372 2496 1754 2568 Hierosolyma:
1793 2500 2075 2566 captivitas
2104 2499 2206 2553 sub

727 2587 986 2643 Romanis
1012 2588 1225 2644 accidit.
1259 2587 1679 2641 lntroducuntur
1713 2590 1895 2658 itaque
1934 2590 2035 2658 ipsi
2081 2590 2207 2644 relic

716 2681 855 2752 giosi
890 2681 1012 2744 viri,
1039 2680 1245 2733 scilicet
1285 2678 1654 2748 apostolorum
1717 2680 1937 2743 chorus,
1977 2682 2067 2751 qui
2111 2696 2207 2750 per

730 2781 1044 2841 prasentem
1064 2771 1327 2841 psalmum
1349 2772 1644 2828 orationem
1663 2783 1714 2827 et
1729 2774 2021 2841 gratiarum
2040 2774 2207 2828 actio-

728 2878 849 2917 nem
882 2877 979 2933 pro
999 2863 1189 2932 seipsis
1208 2862 1313 2917 Deo
1344 2862 1599 2928 offerunt,
1624 2863 1769 2931 quod
1807 2878 1865 2916 se
1894 2876 2205 2931 oppressos,

728 2971 906 3010 cuma
942 2956 1376 3025 persecutoribus
1422 2956 1492 3009 ob
1536 2953 1900 3022 evangelicam
1950 2952 2209 3022 praedica-

732 3048 951 3111 tionem,
984 3055 1093 3099 tum
1127 3062 1155 3098 a
1180 3045 1551 3115 spiritualibns
1575 3042 1979 3097 insidiatoribus
2006 3042 2208 3096 daemo-

730 3139 913 3201 nibus,
948 3136 1210 3190 liberarii.
1240 3134 1570 3205 lusuperque
1600 3134 1920 3204 promittunt
1954 3149 2011 3187 se
2044 3134 2212 3187 sacri-

1457 474 1512 530 S.
1556 472 1925 529 ATHANASII
1963 470 2112 529 OPP.
2146 470 2326 526 PARS
2364 472 2449 525 ill.
2479 503 2548 514 —
2578 471 2980 528 EXECETICA.

701 594 754 649 6.
796 592 905 662 Ego
947 601 1119 645 autem
1168 590 1430 645 mendicus
1482 607 1598 645 sunt
1648 600 1695 645 et
1751 607 1963 660 pauper.
2015 588 2179 655 Quasi
2209 592 2255 650 Α

3740 475 3842 530 316

2367 588 2504 656 Ἐγὼ
2525 585 2591 640 δὲ
2619 588 2851 655 πτωχός
2870 588 2985 655 εἰμι
3021 586 3117 638 καὶ
3158 583 3363 652 πένης.
3414 586 3556 639 Ἀντλ
3579 585 3695 647 τοῦ.
3734 588 3847 657 Τῆς

2284 681 2389 734 τῶν
2415 678 2823 750 προειρημένων
2864 676 3207 747 δικαιοσύνης
3237 678 3553 748 ἐστέρημαι,
3589 678 3682 730 ml.
3713 694 3851 731 πτω-

2286 769 2376 840 χίᾳ
2410 770 2601 833 συζῶν,
2650 769 2749 839 τῆς
2796 768 3138 839 δικαιοσύνης
3169 770 3267 822 ούκ
3320 768 3426 837 ἔχω
3477 770 3566 821 τὸν
3597 768 3847 822 πλοῦτον·

2285 860 2364 913 διὸ
2384 862 2481 930 τῆς
2512 862 2609 931 σῆς
2639 861 2955 931 ἐπικουρίας
2987 860 3211 913 ἱκετεύω
3246 864 3446 931 τυχεῖν.
3477 863 3706 927 Βοηθός
3732 878 3851 929 μου

2288 952 2383 1005 καὶ
2400 953 2632 1019 ρύστης
2652 970 2768 1020 μου
2794 949 2852 1006 εἷ
2899 952 3001 1015 σὺ,
3034 954 3226 1022 Κύριε,
3264 953 3348 1021 μὴ
3396 954 3707 1020 χρονίσῃς.
3742 953 3852 1020 Τῆς

2289 1045 2388 1115 σῆς
2415 1044 2523 1115 γὰρ
2552 1045 2891 1115 προμηθείας
2923 1046 3213 1117 τετύχηκα.
3268 1047 3597 1100 Ἔπάκουσον
3646 1047 3731 1099 ὅτι
3761 1046 3855 1099 τά-

2288 1155 2465 1207 χιστα,
2501 1138 2592 1191 καὶ
2630 1138 2702 1209 μὴ
2733 1138 2972 1211 ἁναδάλη
2992 1138 3088 1209 τὴν
3139 1138 3370 1207 αἴτησιν.

2297 1308 2380 1374 Τῷ
2406 1309 2585 1363 Διιυίδ
2618 1312 2942 1373 ΨΑΛΜΟΣ,
2963 1310 3050 1375 είς
3092 1308 3157 1361 τὸ
3185 1306 3377 1373 τέλος,
3414 1308 3533 1361 τῶν
3568 1307 3715 1361 υἱῶν
3749 1310 3857 1361 Ἰω-

2364 1399 2572 1462 ναδὰϐ,
2636 1400 2732 1452 καὶ
2790 1398 2907 1451 τῶν
2956 1399 3198 1465 πρώτων
3245 1398 3857 1467 αὶγμαλωτισθέντων.

2377 1491 2798 1560 ’.ἀνεπίγραφος
2843 1490 2978 1556 παρ’
3024 1489 3324 1556 Ἑϐραίοις.
3361 1492 3438 1541 0'.

2931 1580 3253 1645 Ὑπόθεσις.

2294 1676 2356 1727 οι
2384 1675 2489 1727 υίοὶ
2518 1675 2611 1727 τοῦ
2658 1673 2910 1727 Ἰωναδὶϐ
2940 1674 3224 1741 γεγόνασιν
3271 1673 3459 1744 ἄνδρες
3504 1673 3756 1737 εὐλαϐεῖς
3804 1690 3863 1725 τε

2366 1768 2459 1820 καὶ
2483 1767 2696 1831 δίκαιοι,
2725 1766 2819 1818 καὶ
2848 1766 2955 1817 τῶν
2987 1765 3080 1818 τοῦ
3128 1766 3331 1836 πατρὸς
3377 1765 3603 1818 ἐντολῶν
3629 1766 3863 1833 φύλακες

2374 1859 2637 1931 ἀκριϐεῖς,
2664 1860 2757 1911 καὶ
2786 1858 2925 1910 οὕτω
2951 1857 3219 1920 θεοσεϐεῖς
3261 1858 3353 1910 καὶ
3382 1857 3441 1910 τὸ
3466 1853 3593 1929 ἦθος
3616 1858 3865 1928 χρηστοὶ,

2367 1953 2441 2014 ὼς
2463 1950 2556 2003 καὶ
2585 1950 2831 2021 μάρτυρα
2852 1950 2949 2020 τῆς
2991 1950 3168 2001 αὐτῶν
3206 1949 3406 2021 ἀρετῆς
3451 1950 3703 2017 γενέσθαι
3736 1948 3867 2001 Θεὸν

2367 2042 2444 2113 τῷ
2464 2042 2716 2114 προφήτῃ
2749 2042 3126 2111 διαλεγόμενον
3176 2040 3430 2111 Ἱερεμίᾳ.
3497 2040 3617 2093 Ἐπὶ
3667 2041 3868 2095 τούτων

2368 2136 2424 2188 δὲ
2452 2136 2545 2187 καὶ
2576 2134 2826 2204 ἡπρώτη
2879 2135 2976 2203 τῆς
3038 2132 3386 2203 Ἰερουσαλὴμ
3440 2132 3545 2185 ὑπὸ
3588 2131 3871 2184 Χαλδαίων

2369 2226 2713 2297 αἱχμαλωσία
2744 2225 3053 2298 γεγένηται.
3091 2226 3273 2294 Σχοῖεν
3328 2224 3371 2276 δ’
3417 2223 3482 2277 ἂν
3518 2220 3663 2279 οὗτοι
3705 2224 3870 2295 πράσα

2369 2335 2516 2371 ωπον
2540 2315 2632 2369 τοῦ
2685 2315 3041 2369 ἀποστολικοῦ
3068 2314 3250 2387 χοροῦ,
3279 2314 3370 2369 τοῦ
3399 2316 3492 2368 καὶ
3531 2315 3735 2386 σφόδρα
3775 2316 3872 2378 τὰς

2370 2407 2463 2461 τοῦ
2497 2407 2816 2476 ἐπουρανίου
2858 2405 3069 2476 Πατρός
3108 2406 3439 2474 φυλάξαντος
3487 2407 3725 2470 ἐντολὰς,
3781 2409 3873 2459 καὶ

2369 2500 2496 2562 τοὺς
2524 2498 2775 2560 ἐπαίνους
2810 2497 3089 2568 εἰληφότος
3115 2497 3201 2549 διά
3256 2497 3361 2550 τῶν
3391 2499 3525 2569 πρὸς
3568 2500 3765 2562 αύτοὺς
3796 2501 3873 2551 εἰ·

2376 2590 2624 2663 ρημάνων
2655 2589 3034 2660 μακαρισμῶν.
3096 2587 3325 2659 Ὁμοίως
3353 2590 3481 2657 γοῦν
3506 2590 3598 2643 καὶ
3632 2592 3725 2642 ἐπὶ
3756 2590 3872 2643 τούο

2371 2701 2481 2737 των
2512 2682 2620 2735 τῶν
2644 2681 2973 2743 ἀποστόλων,
3018 2682 3179 2751 φημὶ,
3232 2682 3265 2751 ὴ
3323 2680 3509 2751 πρώτη
3540 2682 3637 2751 τῆς
3676 2683 3875 2752 Ἱερου-

2377 2775 2557 2845 σαλὴμ
2593 2772 2935 2843 αἱχμαλωσία
2989 2772 3093 2824 ὑπὸ
3142 2773 3424 2842 Ῥωμαίων
3466 2772 3698 2839 ἐγένετο.
3753 2773 3875 2826 Eia-

2376 2868 2595 2934 ἀγονται
2627 2859 2716 2917 οὖν
2742 2858 2883 2917 οὗτοι
2906 2864 2953 2915 οἱ
2984 2860 3265 2930 θεοφιλεῖς,
3286 2862 3558 2915 τουτέστιν
3585 2864 3613 2915 ό
3644 2864 3874 2916 ἀποστο-

2376 2956 2523 3019 λικδς
2554 2955 2731 3026 χορὸς,
2795 2954 2881 3008 διὰ
2913 2952 3006 3007 τοῦ
3043 2953 3403 3024 προκειμένου
3464 2953 3680 3023 ψαλμοῦ
3711 2955 3876 3025 εὐχήν

2376 3067 2435 3102 τε
2472 3049 2565 3102 καὶ
2595 3047 2939 3118 εὐχαριστίαν
2974 3046 3112 3115 ὑπὲρ
3160 3045 3365 3101 ἑαυτῶν
3390 3045 3753 3117 ἀναφέροντες
3789 3045 3877 3117 ’τῷ

2373 3138 2511 3208 Θεῷ,
2562 3139 2643 3205 ἐφ’
2675 3131 2756 3199 οἷς
2782 3135 3128 3205 θλιϐομένους
3155 3136 3348 3198 αὐτούς
3397 3136 3504 3188 ἀπό
3529 3153 3587 3187 τε
3620 3137 3731 3188 τῶν
3764 3136 3867 3190 διω

727 3231 845 3283 licia
873 3229 1049 3284 laudis
1074 3229 1248 3284 solum
1274 3229 1571 3292 oblaturos,
1608 3227 1764 3297 legali
1796 3226 2041 3281 videlicet
2062 3227 2207 3282 cultu

2384 3230 2588 3283 κόντων
2628 3227 2715 3281 διὰ
2753 3227 2844 3280 τοῦ
2866 3226 3213 3294 εύαγγελικού
3256 3226 3626 3297 κηρύγματος,
3661 3227 3769 3280 ἀπό
3820 3243 3877 3280 τε

731 3322 1004 3376 liberatos.

2382 3322 2489 3375 τῶν
2516 3320 2720 3390 νοητῶν
2751 3318 3048 3373 ἐπιϐούλων
3075 3318 3175 3387 τῆς
3200 3318 3376 3371 αὐτῶν
3413 3318 3590 3388 ψυχῆς
3612 3319 3879 3391 δαιμόνων

725 3414 999 3470 διέσωσεν·
1049 3412 1128 3466 ἐτι
1164 3429 1224 3465 τε
1253 3410 1662 3482 ὑπισχνούμενοι
1705 3410 1868 3481 μόνας
1903 3412 2001 3474 τὰς
2026 3412 2092 3465 δι’
2131 3416 2385 3478 αἰνέσεως
2416 3414 2757 3483 ἀναπέμπειν
2798 3412 3018 3475 Θυσίας,
3067 3409 3469 3481 ἀπηλλαγμένοι
3508 3410 3748 3480 δηλονότι
3782 3413 3878 3481 τῆς

730 3503 872 3558 κατά
900 3503 1061 3573 νόμον
1090 3502 1360 3573 λατρείας.

728 3598 785 3654 2.
822 3596 889 3652 In
911 3606 977 3663 te,
1012 3597 1250 3661 Domine,
1269 3597 1491 3665 sperari,
1517 3611 1618 3649 non
1648 3596 1943 3665 confundar
1975 3598 2027 3649 in
2054 3608 2210 3651 teter-

662 3706 808 3745 uum.
845 3688 1113 3758 Ingentem
1165 3687 1413 3742 liduciam
1462 3688 1697 3749 exhibet,
1735 3703 1925 3756 nempe
1956 3703 2105 3757 spem
2158 3690 2211 3742 in

666 3784 855 3837 Deum.
885 3779 951 3833 In
972 3780 1188 3850 justitia
1218 3790 1309 3833 tua
1345 3778 1508 3832 libera
1543 3795 1641 3832 me.
1670 3776 1885 3833 Justitia
1921 3769 2099 3833 Patris
2133 3789 2214 3834 est

663 3872 854 3938 Filius,
883 3886 977 3941 per
1011 3886 1171 3940 quem
1205 3871 1416 3925 liberati
1450 3885 1639 3925 sumus
1668 3885 1698 3923 a
1738 3878 1978 3939 peccato,
2019 3885 2127 3939 quo
2161 3870 2212 3923 in

663 3966 1009 4035 corruptione
1031 3961 1428 4019 detinebamur.

732 4142 788 4196 3.
838 4138 963 4194 Esto
988 4140 1114 4193 mihi
1158 4138 1212 4191 in
1250 4137 1410 4191 Deum
1451 4146 1809 4207 protectorem.
1844 4136 2054 4193 Gnarus
2091 4152 2218 4207 apo—

666 4232 891 4288 stolicus
918 4232 1116 4286 chorus
1144 4230 1441 4300 pollicitum
1474 4245 1594 4284 esse
1620 4227 1809 4291 Deum,
1841 4229 1981 4297 quod
2011 4230 2125 4298 ipse
2163 4230 2217 4282 in

669 4338 882 4377 murum
916 4322 1056 4393 ignis
1086 4321 1137 4373 in
1163 4320 1391 4374 circuitu
1426 4317 1637 4373 iuturus
1666 4318 1737 4372 sit
1768 4317 1834 4372 iis
1867 4317 1958 4385 qui
1983 4318 2221 4371 credide-

670 4413 847 4467 rintin
878 4414 1077 4481 ipsum.
1105 4419 1261 4479 rogat
1297 4425 1414 4464 eam
1442 4409 1860 4477 promissionem
1913 4422 1970 4460 re
2009 4408 2121 4477 jam
2163 4408 2218 4462 in

669 4518 729 4558 se
757 4502 1033 4571 compleri.
1069 4501 1329 4565 Quoniam
1361 4501 1749 4569 ﬁrmamentum
1790 4513 1959 4551 meum
1998 4507 2045 4550 et
2075 4496 2217 4567 refu-

668 4593 809 4663 gium
836 4607 999 4644 meum
1029 4607 1081 4645 es
1109 4601 1183 4644 tu.
1216 4588 1331 4660 Ipse
1358 4603 1590 4658 namque
1607 4597 1688 4642 est
1715 4597 1860 4656 petra
1878 4603 2040 4657 supra
2056 4603 2218 4657 quam

670 4682 917 4739 aediﬁcati
946 4682 1354 4737 fundamentum
1391 4681 1690 4745 habemus;
1718 4688 1773 4733 et
1793 4680 1905 4750 ipse
1934 4694 2123 4733 murus
2138 4687 2220 4734 est

670 4776 765 4845 qui
798 4775 1038 4829 continet
1067 4789 1185 4833 nos.
1229 4782 1287 4827 ut
1318 4773 1451 4825 nihil
1472 4788 1536 4826 ex
1568 4772 1786 4826 incursu
1836 4770 2097 4826 malorum
2125 4771 2218 4822 lae-

2396 3594 2521 3649 Ἐπί
2561 3593 2679 3658 σοὶ,
2718 3593 2910 3661 Κύριε,
2952 3590 3203 3659 ἤλπισα,
3243 3589 3328 3660 μὴ
3374 3593 3879 3659 καταισχυνθείηγ

2311 3694 2397 3755 εις
2428 3690 2532 3741 τὸν
2555 3685 2757 3739 αἰῶνα.
2802 3686 2958 3752 Μέγα
2983 3684 3182 3754 θάρσος
3204 3684 3302 3753 τῆς
3326 3684 3700 3754 πεποιθήσεως
3734 3684 3880 3754 αὐτῷ

2315 3778 2694 3849 προϐάλλεται,
2723 3776 2819 3846 τὴν
2843 3776 2934 3827 ἐπὶ
2976 3774 3054 3844 τῷ
3092 3773 3209 3843 Θεῷ
3262 3774 3469 3828 ἐλπίδα.
3524 3777 3626 3829 Ἐν
3665 3775 3739 3845 τῇ
3799 3776 3876 3835 διο

2316 3870 2607 3936 καιοσὺνῃ
2633 3884 2748 3921 σου
2773 3866 2962 3933 ῥῦσαί
2980 3884 3074 3936 με.
3134 3866 3448 3937 Δικαιοσύνη
3478 3867 3571 3919 τοῦ
3616 3867 3830 3937 Πατρὸς
3856 3869 3883 3921 ό

2317 3963 2461 4029 Υἱὸς,
2494 3962 2558 4015 δι’
2596 3953 2655 4014 οὗ
2684 3959 3023 4033 ἐρρύσθημεν
3052 3960 3149 4029 τῆς
3174 3958 3507 4029 κατεχούσης
3528 3958 3677 4028 ἡμᾶς
3707 3960 3883 4030 ἀμαρ-

2315 4055 2432 4118 τίας
2489 4056 2569 4116 εἰς
2611 4053 2832 4125 φθοράν.

2388 4144 2575 4197 Γενοῦ
2632 4160 2731 4211 μοι
2785 4143 2871 4207 εις
2914 4140 3060 4194 Θεὸν
3114 4135 3591 4208 ὑπερασπιστήν.
3638 4137 3811 4202 Εἰδὼς
3858 4140 3886 4191 ό

2320 4234 2672 4296 ἀποστολικδς
2698 4232 2876 4303 χορὸς,
2922 4231 2997 4294 ὡς
3036 4230 3197 4293 αὐτὸς
3260 4229 3592 4299 ἐπήγγελται
3644 4232 3758 4293 τοῖς
3811 4233 3885 4294 είς

2321 4328 2479 4383 αὐτὸν
2510 4324 2854 4379 πιστεύουσιν
2902 4321 3118 4375 ἔσεσθαι
3165 4324 3343 4391 τεῖχος
3400 4321 3569 4391 πυρὸς
3602 4320 3885 4386 κυκλόθεν,

2320 4419 2415 4490 τὴν
2446 4416 2693 4479 τοιαύτην
2721 4414 3009 4483 ὑπόσχεσιν
3043 4412 3186 4484 ἔργῳ
3220 4414 3299 4476 είς
3329 4412 3516 4465 ἑαυτὸν
3547 4410 3887 4482 πληροῦσθαι

2324 4508 2646 4580 παρακαλεῖ.
2711 4501 3164 4570 Ὀτιστερέωμά
3235 4519 3353 4570 μου
3419 4502 3517 4555 καὶ
3576 4501 3886 4571 καταφυγή

2318 4617 2434 4670 μου
2472 4594 2529 4651 εἴ
2556 4597 2656 4650 σύ.
2706 4595 2875 4658 Αὐτὸς
2903 4593 3010 4663 γάρ
3044 4594 3188 4645 ἐστιν
3216 4596 3248 4664 ἡ
3288 4593 3479 4663 πέτρα,
3526 4593 3609 4661 ἐφ’
3636 4593 3701 4663 ἢν
3732 4595 3785 4649 οι
3811 4595 3888 4645 oi-

2324 4689 2709 4760 κοδομηθέντες
2738 4687 2827 4739 τὸν
2850 4685 3095 4755 θεμέλιον
3126 4685 3339 4756 ἔχομεν·
3379 4686 3474 4737 καὶ
3506 4684 3666 4747 αὐτὸς
3689 4684 3751 4737 τὸ
3780 4688 3889 4737 τεῖ-

2324 4800 2415 4854 χος
2442 4784 2501 4835 τὸ
2533 4780 2747 4849 συνέ-χον
2781 4778 2946 4848 ἡμᾶς,
2978 4777 3113 4846 πρὸς
3159 4776 3219 4828 τὸ
3250 4775 3415 4847 μηδὲν
3446 4774 3633 4827 παθεῖν
3686 4773 3744 4839 ἐξ
3775 4777 3889 4828 ἐπι-

670 4869 885 4924 damur.
934 4866 1125 4920 Libera
1172 4881 1275 4929 me,
1324 4864 1520 4933 inquit,
1567 4862 1633 4916 ab
1662 4862 1728 4915 iis
1773 4860 2086 4915 hominibus
2126 4860 2216 4929 qui

2322 4875 2528 4946 δρομῆς
2581 4870 2783 4926 κακῶν.
2835 4867 3162 4932 Ἀπάλλαξόν
3219 4885 3307 4937 με,
3370 4867 3524 4938 φησὶ,
3546 4866 3751 4920 τούτων
3782 4869 3890 4920 τῶν

673 4961 958 5030 imperium
997 4958 1262 5019 obtinent,
1298 4967 1351 5011 et
1396 4971 1494 5011 ceu
1541 4969 1704 5008 manu
1750 4951 1985 5022 quadam
2021 4966 2120 5005 nos
2166 4951 2219 5005 iu

674 5053 987 5108 servitutem
1028 5058 1211 5119 agunt,
1239 5050 1370 5105 viris
1407 5048 1612 5104 scilicet
1647 5054 1995 5115 peccatorum
2023 5042 2219 5112 plenis,

675 5144 897 5214 iniquis.
924 5141 1162 5208 iujustis.

743 5234 796 5289 4.
844 5233 981 5287 Deus
1015 5247 1177 5295 meus,
1208 5230 1346 5297 eripe
1373 5243 1449 5279 me
1476 5226 1539 5279 de
1568 5242 1724 5280 manu
1748 5225 2056 5295 peccatoris,
2086 5229 2135 5276 et
2161 5222 2223 5275 de
2242 5276 2255 5289 ,

676 5343 835 5379 manu
868 5334 1049 5377 contra
1083 5322 1245 5376 leaem
1274 5320 1473 5390 agentis
1496 5329 1543 5372 et
1573 5319 1759 5386 iniqui.
1792 5315 2098 5371 Peccatoris
2132 5329 2224 5366 no-

678 5416 822 5469 mine
860 5414 1076 5468 Judzeos
1108 5412 1371 5480 tuteiligit,
1416 5410 1516 5478 ipsi
1569 5408 1710 5461 enim
1756 5414 1904 5460 erant
1948 5412 2002 5458 et
2034 5411 2223 5458 contra

680 5506 847 5575 legem
896 5514 1108 5575 agentes
1159 5514 1213 5558 et
1266 5504 1467 5573 iniqui:
1512 5514 1700 5556 contra
1755 5501 1923 5571 legem
1984 5507 2221 5570 agentes,

679 5598 805 5666 quia
834 5596 1080 5651 innoxios
1108 5595 1437 5649 damnabant
1470 5613 1483 5655 ς
1519 5591 1691 5661 iniqui
1722 5600 1925 5654 autem,
1958 5590 2085 5657 quia
2114 5586 2228 5639 nul-

682 5692 786 5744 lam
826 5688 1085 5741 baberent
1122 5686 1381 5741 adversus
1426 5685 1549 5741 illos
1590 5681 1781 5738 rationi
1816 5687 2226 5737 ccnsentaneani

682 5780 1040 5837 occasionem.

755 5895 798 5926 "
830 5892 938 5947 Jer.
968 5906 1125 5955 xxxv,
1157 5890 1312 5946 5-19'

2326 4966 2685 5039 κρατούντων,
2714 4964 2807 5016 καὶ
2853 4962 2957 5015 ὑπὸ
3007 4961 3103 5031 τὴν
3125 4960 3363 5013 δουλείαν
3391 4959 3577 5030 ὥσπερ
3617 4960 3761 5032 χειρί
3789 4978 3889 5013 τινι

2326 5059 2564 5126 ἀγόντων
2618 5054 2843 5125 ἀνδρῶν,
2869 5053 3140 5124 ἁμαρτίας
3181 5050 3647 5121 πεπληρωμένων,
3675 5051 3891 5123 ἀνόμων

2326 5166 2385 5201 τε
2418 5149 2508 5200 καὶ
2526 5147 2743 5199 ἀδίκων.

2410 5238 2469 5290 '0
2505 5238 2645 5301 Θεός
2682 5251 2819 5303 μου,
2848 5233 3037 5301 ῥῦσαί
3062 5250 3139 5301 με
3166 5231 3234 5285 ἐκ
3268 5230 3457 5299 χειρὸς
3522 5230 3889 5299 ἀμαρτωλοῦ,

2328 5330 2423 5384 καὶ
2479 5330 2547 5382 ἐκ
2598 5326 2790 5397 χειρὸς
2845 5324 3325 5394 παρανομοῦντος
3374 5323 3471 5376 καὶ
3525 5322 3888 5386 ἀδικοῦντος.

2330 5420 2431 5473 Τοῦ
2471 5417 2816 5490 ἀμαρτωλοῦ,
2876 5416 2984 5469 τῶν
3027 5416 3290 5470 Ἰουδαίων
3337 5430 3520 5483 φησιν’
3581 5412 3743 5475 αὐτὸς
3786 5414 3891 5483 γὰρ

2328 5510 2393 5584 ἦν
2414 5515 2441 5565 ό
2463 5514 2555 5565 καὶ
2583 5510 2895 5583 παράνομος
2924 5508 3016 5561 καὶ
3061 5508 3259 5570 ἄδικος·
3311 5505 3623 5575 παράνομος
3665 5504 3784 5574 μὲν,
3813 5505 3890 5556 ὅτι

2327 5605 2455 5665 τοὺς
2479 5602 2685 5664 domu;
2720 5600 3055 5669 κατέκρινεν·
3083 5597 3263 5658 ἄδικος
3294 5595 3369 5661 δὲ,
3410 5594 3492 5649 ὃτι
3531 5592 3785 5665 οὐδεμίαν
3815 5594 3891 5655 είς

2337 5695 2529 5756 αὐτοὺς
2557 5688 2695 5763 εἶχεν
2722 5689 2938 5758 εὔλογον
2972 5688 3258 5761 πρόφασιν.
