4108 6494
202 462 296 517 517

1275 464 1638 520 EXPOSITIO
1669 463 1733 517 IN
1769 458 2102 519 PSALMUM
2144 464 2304 520 LXX.

3326 457 3431 512 3l8

269 581 390 635 ὀτι
409 582 493 636 σὺ
519 579 579 636 εἴ
601 584 642 650 ὴ
672 584 940 653 ὑπομονή
959 601 1100 654 μου,
1144 586 1337 651 Κύριε,
1366 585 1561 652 Κύριε,
1592 584 1628 650 ἡ
1659 583 1758 635 £31-

1939 582 1987 634 5.
2024 581 2286 646 Quoniam
2306 592 2359 636 tu
2385 600 2438 637 es
2463 581 2720 649 patientia
2749 596 2884 644 mea,
2919 577 3154 640 Domine,
3193 574 3429 628 Domine.

202 674 292 738 xit;
318 691 432 742 μου
480 672 554 727 ἐκ
607 675 889 741 νεότητός
949 693 1087 743 μου.
1131 673 1315 727 Ῥὖσαί
1361 692 1449 744 με,
1492 675 1673 742 φησὶν,
1706 671 1763 737 ἐξ

203 760 353 814 αὑτοῦ
386 761 480 814 τοῦ
513 764 831 833 παρανόμου
863 763 1014 826 λαοῦ,
1049 764 1180 816 διότι
1225 765 1318 816 καὶ
1349 763 1435 816 διά
1461 765 1518 816 σὲ
1551 765 1620 814 τὰ
1650 779 1762 814 10t-

203 854 329 907 εὖτα
353 855 612 923 ὑπομένω
636 857 728 907 καὶ
748 855 834 908 διὰ
859 854 954 926 τὴν
982 857 1061 918 είς
1091 857 1149 908 σὲ
1179 855 1387 912 ἐλπίδα.
1407 856 1474 924 ἢν
1501 854 1765 923 ἐδεξάμην

202 945 260 999 ἐκ
283 946 376 1016 τῆς
401 946 630 1017 πρώτης
659 948 752 999 καὶ
784 947 840 1012 ἐξ
863 947 1034 1018 ἀρχῆς
1066 964 1166 1015 μου
1204 945 1290 1000 διὰ
1314 946 1407 999 σοῦ
1443 948 1762 1014 γεννήσεως,

204 1039 331 1090 κατᾶ
383 1039 444 1090 τὸ
494 1038 805 1109 εἰρημένον·
844 1037 1016 1090 Ὅσοι
1049 1038 1268 1091 ἐλασον
1310 1037 1514 1099 αὑτὸν,
1546 1034 1768 1089 ἔδωκεν

203 1127 391 1193 αὐτοῖς
422 1127 720 1191 ἐξουσίαν
749 1127 930 1181 τέκνα
977 1127 1124 1181 Θεοῦ
1154 1126 1446 1197 γενέσθαι.

277 1219 402 1271 Ἑπί
440 1217 516 1270 σὲ
566 1217 1011 1285 ὲπεστηρίχθην
1061 1217 1176 1269 ἀπὸ
1225 1218 1501 1284 γαστρός.
1551 1216 1761 1269 Δείκνυο

206 1327 301 1371 σιν,
325 1311 397 1372 ὼς
431 1312 458 1362 ό
485 1309 722 1379 Χριστὸς
746 1308 810 1360 δι’
841 1309 898 1361 ὃν
927 1309 993 1362 τά
1032 1307 1256 1362 τοιαῦτα
1289 1309 1575 1379 ὑπέμενον,
1608 1309 1767 1372 αὑτός

205 1399 339 1450 ἐστιν
369 1396 396 1447 ὀ
430 1396 526 1447 καὶ
572 1395 655 1448 ἔτι
698 1395 990 1466 κυομένους
1023 1396 1216 1460 αὐτοὺς
1250 1399 1307 1449 ἐν
1336 1399 1534 1468 γαστρὶ
1558 1402 1620 1468 τῇ
1672 1397 1766 1467 δη-

209 1489 486 1557 μιουργικῇ
539 1486 733 1539 ἑαυτοῦ
773 1486 994 1557 προνοίᾳ
1033 1486 1310 1555 ἐξαγαγὼν
1362 1491 1441 1551 εἰς
1485 1487 1618 1558 φῶς.
1673 1489 1767 1542 Ἐκ

206 1579 424 1643 κοιλίας
449 1582 678 1647 μητρός
703 1595 821 1645 μου
851 1580 930 1632 σύ
953 1595 1072 1648 μου
1094 1576 1151 1632 εἴ
1175 1579 1547 1648 σκεπαστής.
1592 1581 1769 1632 Ἐπει-

205 1668 284 1740 δὴ,
309 1670 456 1740 φησι,
516 1671 583 1722 σὺ
633 1669 793 1732 αὑτὸς
845 1673 874 1723 ό
902 1670 1121 1742 Κύριος,
1158 1671 1249 1724 καὶ
1279 1672 1336 1724 ἐν
1367 1675 1432 1742 τῇ
1471 1671 1644 1742 κοιλίᾳ.
1669 1673 1768 1741 τῆς

211 1762 400 1831 μητρός
429 1779 532 1832 μου
560 1762 642 1815 ἔτι
698 1764 826 1815 ὄντα
861 1763 1090 1825 ἐσκεπες
1131 1766 1195 1834 τῇ
1243 1764 1362 1835 θεία
1394 1781 1487 1817 σου
1523 1765 1766 1835 δυνάμει,

207 1855 292 1908 καὶ
321 1856 537 1926 ipsum
564 1859 628 1910 ἐκ
649 1857 744 1910 τοῦ
776 1856 1213 1929 παρανομοῦντος
1270 1856 1417 1909 λαοῦ·
1456 1857 1642 1910 τούτου
1673 1858 1770 1926 χά-

1871 689 1983 739 δρει
2015 689 2127 725 mea
2152 690 2183 726 a
2215 674 2484 741 juventute
2515 690 2647 726 mea.
2679 671 2868 724 Libera
2912 684 3016 732 me,
3055 667 3248 734 inquit,
3279 682 3306 718 a
3332 680 3432 734 po-

1871 765 1996 832 pulo
2043 764 2148 816 isto
2203 763 2333 833 legis
2377 773 2800 830 transgressore,
2843 758 2968 826 quia
3023 766 3237 824 propter
3261 763 3331 817 te,
3380 761 3433 804 et

1872 861 2088 922 propter
2114 868 2262 921 spem
2301 867 2462 921 quam
2503 852 2556 904 in
2600 859 2651 903 te
2688 848 2847 902 habui
2875 848 2942 899 ah
2973 845 3148 906 initio,
3177 852 3228 896 rt
3261 857 3288 894 a
3314 858 3429 894 mea

1875 959 1967 1012 per
1999 955 2049 996 ια·
2072 942 2433 1011 generatione,
2466 941 2553 992 illa
2587 938 2852 998 sustineo,
2877 937 3027 1004 juxta
3065 935 3192 987 illud
3219 951 3232 986 :
3265 932 3430 995 Quot-

1871 1044 1996 1106 quot
2028 1042 2322 1103 receperunt
2364 1048 2477 1084 enm
2519 1030 2660 1083 dedit
2703 1030 2776 1082 eis
2818 1037 3125 1096 potestatem
3167 1024 3306 1094 [ilius
3340 1021 3432 1076 Dei

1874 1127 1986 1193 ﬁeri
2019 1125 2081 1177 σι.

1944 1216 1997 1267 6.
2051 1211 2116 1266 In
2146 1221 2191 1264 te
2216 1212 2560 1279 confirmatus
2585 1225 2696 1262 sum
2728 1223 2795 1262 ea:
2816 1217 2980 1260 utero.
3008 1204 3250 1258 Ditclarat
3280 1202 3436 1256 Chri-

1874 1322 2016 1365 stum
2051 1317 2269 1377 propter
2289 1321 2449 1373 quem
2484 1304 2572 1356 illa
2599 1303 2961 1362 sustinebant,
2992 1300 3166 1368 ipsum
3193 1311 3313 1350 esse
3343 1295 3434 1363 qui

1874 1403 2049 1456 adhuc
2087 1413 2181 1453 eos
2207 1397 2258 1450 in
2292 1406 2446 1449 utero
2473 1404 2710 1462 gestatus
2737 1393 2934 1445 virtute
2964 1406 3059 1444 sua
3093 1388 3354 1442 creatrice
3383 1386 3436 1438 in

1875 1494 2047 1546 lucem
2080 1490 2283 1543 eduxit.
2313 1487 2386 1540 De
2414 1499 2589 1540 ventre
2618 1487 2806 1538 matris
2839 1499 2964 1537 mea:
2999 1492 3052 1533 tu
3084 1497 3136 1533 es
3179 1488 3440 1548 protector

1875 1600 2036 1637 meus.
2086 1579 2555 1649 Quandoquidem,
2612 1578 2708 1643 ait,
2758 1587 2812 1630 tu
2871 1578 2986 1645 ipse
3035 1573 3296 1626 Dominus
3331 1585 3437 1632 me,

1875 1678 2003 1731 dum
2031 1675 2207 1728 adhuc
2246 1675 2297 1725 in
2327 1679 2511 1724 ventre
2550 1671 2739 1724 matris
2767 1683 2968 1728 essem,
2997 1663 3317 1735 protegebas
3352 1659 3437 1712 di-

1875 1769 1999 1822 vina
2037 1776 2127 1820 tua
2146 1765 2366 1830 virtute,
2412 1775 2466 1817 et
2507 1761 2749 1816 liberasti
2796 1774 2882 1812 me
2912 1774 2975 1811 ex
3015 1755 3215 1827 populo
3251 1761 3440 1808 contra

1879 1862 2048 1930 legero
2075 1869 2303 1929 agente;
2333 1859 2452 1911 ideo
2476 1873 2600 1927 ego,
2641 1861 2824 1922 utpote
2857 1851 2947 1920 qui
2981 1860 3089 1903 tam
3135 1847 3442 1915 frequenter

211 1964 287 2018 ριν
310 1947 402 2000 καὶ
431 1949 597 2012 αὑτὸς
625 1947 755 2017 ἐγὼ,
776 1950 868 2003 am
892 1949 992 2019 τῆς
1025 1947 1166 2002 οὕτω
1193 1947 1449 2018 συνεχοῦς
1474 1949 1773 2019 ᾐσθημένος

1882 1960 1967 2005 tua
2027 1951 2290 2004 senserim
2340 1949 2619 2014 beneﬁcia,
2694 1959 2970 2016 nunquam
3017 1956 3171 1997 cesso
3211 1941 3441 2010 hymnos

208 2040 532 2110 εὐεργεσίας,
553 2042 617 2094 οὑ
661 2040 907 2112 παύομαι
943 2042 1068 2105 τοὺς
1101 2041 1182 2103 εἰς
1213 2040 1271 2093 σὲ
1296 2038 1498 2110 ὕμνους
1524 2042 1773 2112 ἀναπέμ-

209 2149 314 2185 πων
341 2130 626 2204 διηνεκῶς.

283 2224 380 2276 Ἐν
427 2225 528 2278 σοι
565 2226 603 2294 ἡ
651 2224 912 2294 ὕμνησίς
949 2240 1062 2290 μου
1111 2222 1451 2290 διαπαντός.
1494 2224 1562 2277 Σὲ
1593 2225 1777 2296 ὑμνῶν

210 2315 295 2368 καὶ
332 2314 576 2381 δοξάζων
605 2315 853 2379 διατελῶ,
881 2317 975 2370 καὶ
1003 2317 1091 2369 διὰ
1117 2317 1215 2387 τῆς
1247 2316 1346 2387 σῆς
1376 2317 1629 2387 προνοίας
1657 2319 1780 2384 ἐγε-

210 2409 368 2479 νόμην
395 2410 780 2478 περίϐλεπτος.
798 2410 950 2463 Ὠσεί
982 2409 1155 2477 τέρας
1181 2409 1474 2478 ἐγενήθην
1495 2409 1616 2474 τοῖς
1635 2411 1779 2462 πολ-

210 2500 350 2567 λοῖς.
384 2502 564 2572 Τέρας
599 2502 697 2572 μὲν
723 2501 785 2554 τὸ
817 2501 1116 2572 παράδοξον
1147 2503 1241 2554 καὶ
1276 2502 1418 2572 μέγα
1446 2518 1498 2553 τι
1528 2500 1719 2570 φησιν’
1750 2499 1778 2552 ὃ

211 2594 262 2645 δὲ
293 2594 437 2663 λέγει
488 2593 732 2648 τοιοῦτόν
783 2597 959 2648 ἐστιν’
993 2595 1056 2649 Εἰ
1084 2596 1178 2649 καὶ
1221 2594 1393 2666 ἧρθην
1435 2594 1592 2664 ὑψοῦ,
1623 2594 1776 2663 φησὶ,

213 2683 298 2735 καὶ
333 2683 504 2753 μέγας
526 2700 610 2746 τις
636 2684 728 2736 καὶ
751 2682 1027 2756 ἐξαίρετος
1049 2684 1106 2738 ἐν
1133 2686 1245 2748 τοῖς
1278 2683 1492 2748 πολλοῖς
1515 2683 1780 2755 τεθάρση-

217 2792 306 2844 μαι
360 2773 606 2828 ἑθνεσινο
658 2774 770 2828 ἀλλ’
799 2775 899 2828 οὑκ
947 2777 1122 2848 οἰκείᾳ
1164 2775 1386 2847 δυνάμει
1438 2776 1498 2828 τὸ
1543 2775 1778 2828 τοιοῦτον

213 2867 360 2936 ἔσχον
391 2867 617 2935 ἀγαθόν.
653 2867 726 2919 Σὺ
755 2866 864 2938 γάρ
891 2863 958 2938 ἦς
984 2868 1146 2931 αὐτὸς
1183 2870 1211 2920 ό
1243 2867 1530 2939 κράτιστόν
1576 2885 1642 2936 με
1686 2866 1779 2919 καὶ

214 2960 446 3024 γενναῖον
475 2956 567 3010 διὰ
594 2957 692 3027 τῆς
721 2956 917 3010 σαυτοῦ
950 2956 1204 3029 βοηθείας
1234 2957 1424 3011 ποιῶν.

277 3132 646 3201 Πληρωθήτω
705 3133 770 3186 τὸ
830 3132 1024 3202 στόμα
1073 3149 1192 3202 μου
1246 3132 1565 3196 αἰνέσεως,
1619 3129 1779 3196 ὅπως

215 3225 456 3296 ὑμνήσω
514 3225 631 3294 τὴν
696 3225 885 3289 δόξαν
933 3243 1073 3281 σου.
1113 3225 1328 3297 Ἐπειδὴ
1371 3225 1478 3278 τῶν
1524 3223 1778 3277 τοιούτων

216 3317 592 3390 ὑπαρχθεισῶν
623 3334 710 3388 μοι
731 3319 818 3371 εὐε
829 3316 1080 3388 ριιοεσιῶν,
1111 3316 1394 3384 ἄνθρωπος
1415 3314 1512 3378 ὢν,
1532 3317 1591 3366 οὑ
1619 3315 1777 3366 δύνα-

220 3427 310 3477 μαι
357 3410 458 3474 τάς
500 3409 659 3475 ἀξίας
689 3407 976 3462 ἀποδοῦναι
1009 3406 1241 3477 ἀμοιϐάς
1261 3423 1273 3436 ’
1306 3405 1494 3459 τούτου
1528 3406 1684 3476 χάριν
1716 3407 1778 3458 ἐκ

215 3499 309 3570 τῆς
341 3501 438 3567 σῆς
473 3499 667 3569 σοφίας
707 3497 962 3560 αἱνέσεώς
1006 3514 1106 3568 μου
1136 3496 1198 3549 τὸ
1231 3497 1404 3566 στόμα
1431 3497 1780 3567 πληρωθῆναι

216 3591 368 3658 ἀξιῶο
403 3592 552 3645 οὕτω
581 3592 691 3661 γὰρ
731 3591 826 3644 καὶ
861 3589 1011 3660 μόλις
1056 3589 1155 3661 τὴν
1203 3589 1300 3661 σὴν
1343 3588 1499 3655 δόξαν
1543 3588 1781 3659 ὑμνῆσαι

214 3683 715 3754 δυνήσομαι.”ολην
736 3680 851 3748 τὴν
877 3679 1106 3748 ἡμέραν
1134 3677 1251 3747 τὴν
1265 3678 1783 3749 μεγαλοπρέπειάν

215 3789 342 3830 σου.
360 3773 633 3837 Ἐπειδὰν,
670 3772 1047 3843 πληρωθέντος
1089 3789 1190 3842 μου
1223 3770 1316 3824 τοῦ
1347 3770 1610 3841 στόματος
1642 3770 1784 3823 αἰνέ-

218 3882 366 3930 σεως,
397 3865 557 3937 φησὶ,
592 3866 692 3936 τὴν
720 3865 816 3935 σὴν
849 3863 1006 3929 δόξαν
1050 3863 1298 3936 ἄρξωμαι
1319 3863 1527 3932 ὑμνεῖν,
1561 3863 1783 3933 ὑμνήσω

219 3957 303 4009 καὶ
324 3957 412 4010 διὰ
445 3956 628 4026 πάσης
659 3955 872 4026 ἡμέρας
894 3954 991 4024 τὴν
1021 3950 1498 4024 μεγαλοπρέπειαν
1533 3966 1646 4003 σου.
1689 3951 1784 4002 Δό-

220 4045 308 4109 ξαν
335 4046 391 4099 δὲ
424 4045 496 4115 ἠν
529 4045 621 4098 ἐπὶ
653 4045 753 4113 γῆς
785 4046 1076 4114 ἐποιήσατο
1099 4042 1411 4113 οἰκονομίαν
1441 4040 1594 4112 φησὶ,
1627 4040 1692 4093 δι’
1718 4036 1786 4113 ἦς

218 4137 500 4208 ἐπλήρωσε
527 4136 625 4204 τὴν
653 4136 756 4204 γῆν
779 4136 877 4206 τῆς
899 4135 1056 4204 δόξης
1081 4133 1269 4186 αὑτοῦ.
1293 4133 1785 4204 Μεγαλοπρέπειαν

217 4230 270 4282 δὲ
301 4230 396 4302 τὴν
432 4228 662 4299 θεότητα
693 4227 861 4298 λέγει,
895 4228 958 4281 δι’
988 4221 1055 4298 ἧς
1088 4227 1262 4280 πάντα
1290 4227 1472 4278 ἐκεῖνα
1503 4225 1786 4295 άνομαλῶς

221 4325 530 4408 εἰργάσατο.

285 4414 678 4490 [Πληρωοήτω
710 4414 775 4468 τὸ
818 4414 1012 4483 στόμα
1048 4430 1168 4482 μου
1212 4413 1515 4478 αἰνέσεως.
1557 4408 1788 4463 Δυνατδν

225 4510 316 4579 μὲν
352 4507 645 4571 διαπαντὸς
670 4509 838 4560 αἰνεῖν
861 4505 952 4558 τὸν
985 4505 1138 4567 Θεὸν,
1180 4507 1274 4559 καὶ
1318 4505 1608 4566 διαπαντὸς
1640 4503 1790 4554 εὑλο-

1878 2043 1972 2097 tibi
2007 2041 2223 2096 oll'erre.

1951 2223 2003 2275 ’1.
2046 2220 2111 2274 1η
2139 2229 2187 2273 te
2216 2215 2453 2270 cuntatio
2487 2228 2600 2266 mea
2627 2225 2844 2278 semper.
2885 2206 2942 2261 In
2984 2208 3202 2278 hymnis
3229 2217 3281 2260 et
3323 2206 3443 2259 lau-

1879 2316 2041 2371 dibus
2065 2313 2172 2366 tuis
2208 2308 2552 2381 proferendis
2598 2314 2902 2373 persevera.
2937 2308 2989 2353 et
3026 2313 3120 2368 per
3160 2298 3444 2366 providen-

1877 2410 2006 2463 tiam
2048 2416 2194 2460 tuam
2241 2401 2538 2472 praeclarus
2600 2396 2772 2450 evasi.
2832 2391 3106 2461 Tanquam
3146 2388 3443 2458 prodigium

1879 2503 2052 2570 [actus
2091 2513 2207 2550 sum
2246 2493 2453 2546 multis.
2495 2487 2833 2557 Prodigium,
2867 2480 3361 2551 ohstupescendum
3390 2491 3444 2532 et

1879 2605 2134 2661 magnum
2190 2584 2393 2656 aliquid
2445 2581 2736 2652 signiﬁcat.
2785 2572 3110 2644 llnjusmodi
3156 2583 3335 2625 autem
3363 2581 3445 2625 est

1878 2684 2020 2755 quod
2055 2682 2132 2735 ait
2161 2699 2173 2734 :
2207 2677 2430 2732 Etiamsi
2465 2677 2518 2729 in
2543 2672 2774 2728 sublime
2806 2669 3045 2723 elevatus
3072 2679 3215 2726 sum,
3248 2662 3444 2732 inquit,

1876 2785 1929 2830 et
1962 2787 2191 2842 magnus
2219 2769 2642 2839 przeclarusque,
2671 2762 2812 2831 apud
2851 2759 3050 2813 multas
3087 2765 3274 2828 gentes
3308 2755 3446 2808 ﬁdu-

1878 2869 1962 2924 cia
1993 2868 2186 2939 plenus
2213 2880 2334 2920 sum
2365 2883 2376 2917 :
2407 2863 2500 2917 sed
2539 2876 2644 2914 non
2692 2859 2910 2928 pr0pria
2950 2871 3068 2910 mea
3102 2859 3301 2908 \‘irtutc
3327 2861 3446 2906 tan-

1879 2971 1992 3015 tum
2034 2959 2161 3013 boni
2207 2958 2433 3026 adrptus
2467 2969 2610 3008 sum.
2647 2951 2726 3005 Tn
2769 2951 2911 3003 enim
2942 2964 3066 3002 eras
3113 2947 3204 3016 qui
3241 2960 3326 2998 me
3350 2953 3447 2998 tuo

1879 3052 2081 3108 auxilio
2110 3061 2164 3105 et
2193 3049 2553 3104 fortissimum
2577 3053 2630 3100 et
2660 3057 2979 3115 generosum
3015 3037 3281 3093 t-ﬁlciebas

1951 3143 2004 3197 8.
2058 3141 2339 3211 Replealur
2385 3157 2442 3193 οι
2490 3153 2664 3192 meum
2705 3135 2861 3189 laude
2900 3144 2956 3188 ut
2987 3143 3190 3186 cantem
3223 3128 3447 3200 gloriam

1882 3244 2046 3285 tuam.
2098 3230 2366 3296 Quoniam
2416 3228 2584 3282 tantis
2628 3223 2905 3279 beneﬁciis
2964 3221 3232 3284 allectus,
3281 3221 3444 3272 homo

1880 3339 2003 3379 cum
2028 3323 2153 3388 sim,
2195 3336 2300 3376 non
2345 3333 2564 3389 possum
2600 3317 2797 3388 dignas
2825 3313 3213 3368 retributiones
3253 3325 3448 3378 repen-

1879 3414 2005 3468 dere
2039 3431 2054 3480 ;
2100 3412 2218 3466 ideo
2243 3426 2310 3465 ex
2347 3419 2434 3463 tua
2471 3407 2740 3478 sapientia
2781 3419 2913 3474 rogo
2963 3417 3025 3457 os
3065 3416 3244 3454 meum
3290 3398 3448 3451 laude

1881 3503 2100 3574 repleri,
2121 3513 2279 3572 atque
2300 3502 2373 3554 ita
2399 3499 2486 3553 vi).
2511 3508 2696 3568 potero
2720 3495 2945 3566 gloriam
2974 3492 3246 3547 celebrare
3276 3498 3444 3542 tuam.

1885 3599 2015 3655 Tota
2048 3599 2130 3651 die
2154 3594 2599 3665 magniﬁcentiam
2645 3603 2810 3645 tuam.
2841 3588 3158 3658 Postquam,
3192 3600 3286 3640 ore
3321 3598 3445 3639 meo

1883 3689 2042 3743 laude
2086 3689 2309 3758 repleto,
2359 3696 2508 3741 tuam
2563 3684 2837 3738 celebrare
2879 3681 3105 3752 gloriam
3153 3680 3444 3747 int-cepero,

1884 3791 1992 3835 tota
2021 3780 2108 3834 die
2150 3776 2606 3848 magniﬁcentiam
2649 3786 2868 3842 quoque
2901 3781 3049 3824 tuam
3099 3769 3400 3824 decanlaho
3433 3786 3444 3795 ·

1883 3874 2108 3947 gloriam
2134 3881 2314 3926 autem
2344 3879 2520 3931 vocat,
2551 3866 2907 3922 oeconomiam
2937 3880 3100 3935 quam
3128 3863 3373 3918 exhibuit
3394 3861 3446 3913 in

1887 3975 2049 4026 tm'ra,
2095 3979 2200 4034 qua
2254 3972 2451 4015 terram
2500 3959 2668 4028 gloria
2696 3973 2792 4012 sua
2831 3955 3071 4026 replevit.
3110 3953 3448 4034 Magniﬁcen-

1886 4058 2016 4112 tiam
2058 4067 2240 4110 autem
2279 4065 2435 4108 vocat
2477 4053 2753 4116 deitatem,
2790 4066 2886 4120 per
2927 4063 3089 4118 quam
3134 4029 3315 4101 omnia
3358 4045 3449 4099 illa

1886 4150 2052 4203 Variis
2081 4147 2258 4201 modis
2289 4145 2483 4200 eﬁ'ecit.

1962 4404 2282 4479 [Περίβοιαν
2330 4419 2387 4456 οι
2441 4417 2612 4455 meum
2660 4397 2832 4452 laude.
2889 4396 3187 4452 Possumus
3233 4395 3449 4466 quidem

1891 4502 2113 4555 laudare
2145 4511 2358 4566 semper
2394 4493 2584 4555 Deum,
2623 4504 2837 4558 semper
2866 4488 3205 4552 benedicere,
3242 4502 3454 4554 semper

222 4603 348 4666 γεῖν,
379 4598 478 4652 καὶ
505 4596 794 4660 διαπαντὸς
825 4598 1120 4667 σωφρονεῖν
1139 4612 1153 4626 ·
1192 4595 1309 4658 πῶς
1341 4595 1396 4648 δὲ
1427 4594 1647 4648 δυνατὸν
1674 4593 1778 4646 δια-

1896 4598 2258 4661 temperanter
2290 4601 2387 4641 nos
2435 4601 2620 4656 gerere
2659 4603 2672 4638 :
2700 4593 2756 4637 at
2785 4579 2879 4651 qui
2911 4580 3164 4651 possibile
3194 4591 3276 4633 est
3312 4594 3454 4632 sem-

227 4689 414 4752 παντὸς
460 4684 736 4748 ἐλπίζεινς
783 4683 842 4737 '0
883 4684 990 4755 γὰρ
1038 4683 1272 4749 ἐλπίζων
1295 4683 1608 4747 διαπαντὸς,
1634 4681 1785 4735 οὑδέ-

225 4795 343 4833 ποτε
386 4777 650 4848 τυγχάνει
694 4773 787 4828 τοῦ
829 4775 1150 4846 πράγματος
1193 4775 1424 4838 ἐκείνου,
1469 4770 1530 4829 οὗ
1581 4774 1786 4838 ἐλπίζει

223 4875 417 4943 τυχεῖν.
447 4873 556 4925 Καὶ
600 4871 628 4923 ό
677 4869 775 4939 μὲν
802 4871 917 4939 ἐρεῖ
939 4867 1021 4933 τὸ,
1051 4867 1395 4935 διαπαντὸς,
1427 4871 1487 4923 οὑ
1518 4869 1656 4922 κατὰ
1691 4867 1784 4920 τοῦ

226 4963 453 5025 πλάτους
483 4961 592 5014 τῶν
624 4959 833 5014 αἰώνων
863 4958 1154 5021 τεθεῖσθαι,
1178 4959 1313 5012 άλλά
1346 4960 1486 5014 κατὰ
1513 4959 1613 5030 τῆς
1642 4958 1787 5029 ζωῆς

224 5054 312 5123 τῆς
337 5051 608 5122 αἰσθητῆς
631 5068 645 5082 ·
677 5051 862 5120 ἕτερος
892 5049 948 5102 δὲ
983 5050 1075 5103 καὶ
1102 5048 1242 5102 κατὰ
1281 5049 1373 5102 τοῦ
1420 5049 1652 5111 πλάτους
1679 5049 1788 5102 τῶν

224 5147 426 5200 αἰώνων
455 5145 520 5198 τὸ
554 5143 844 5207 διαπαντὸς
869 5142 1181 5214 ἑκλήψεται,
1210 5142 1295 5196 ἶνα
1387 5145 1448 5196 τὸ
1477 5144 1648 5215 πέρας
1691 5142 1791 5212 τῆς

226 5238 428 5302 ἐλπίδος
459 5237 493 5306 ἡ
518 5235 718 5303 γνῶσις
742 5235 842 5305 τῆς
867 5234 1028 5302 ἁγίας
1056 5233 1336 5306 Τριάδος.]

286 5331 380 5400 Μὴ
409 5329 755 5398 ἀπορῤίψης
788 5346 865 5397 με
905 5331 992 5394 εὶς
1024 5326 1231 5394 καιρὸν
1252 5327 1459 5396 γήρως.
1492 5327 1672 5398 Γῆρας
1707 5327 1791 5378 ἐν-

225 5422 388 5477 ταῦθα
409 5423 510 5494 τὴν
537 5420 818 5476 ἀσθένειάν
839 5438 992 5490 φησι.
1022 5420 1183 5488 Λέγει
1207 5414 1318 5483 οὖν,
1340 5421 1420 5472 ὅτι
1444 5418 1532 5492 Μὴ
1557 5420 1786 5487 γένοιτο,

228 5508 267 5564 ὦ
288 5513 551 5576 Δέσποτα,
585 5513 775 5582 καιρὸς
795 5512 915 5565 καθ’
945 5511 1004 5564 δν
1031 5510 1261 5582 ἀσθενὴς
1293 5510 1367 5563 ὣν
1396 5511 1749 5581 ἐπιδειχθείην
1773 5513 1784 5563 !

232 5603 454 5676 Εὖχεται
479 5599 573 5656 οὖν
609 5602 873 5674 μηδέποτε
899 5601 1000 5671 τῆς
1032 5602 1111 5664 εἰς
1140 5599 1372 5672 Χριστὸν
1393 5599 1600 5662 ἐλπίδος
1627 5600 1789 5650 ἐκπε-

232 5701 352 5751 σεῖν.
380 5695 552 5758 Αὐτὸς
589 5694 698 5764 γάρ
734 5695 880 5747 ἐστιν
915 5695 949 5765 ὴ
985 5694 1134 5763 ἰσχὺς
1169 5692 1454 5763 imbui-Ir
1496 5690 1574 5756 τῷ
1603 5693 1791 5746 ἐκλεί-

294 5881 330 5910 ⁶¹
364 5877 522 5936 Joan.
553 5879 698 5946 1,12.

1894 4701 1987 4756 per
2031 4680 2289 4752 sperare?
2340 4676 2473 4732 Nam
2523 4678 2615 4746 qui
2670 4689 2885 4744 semper
2929 4682 3129 4742 sperat,
3176 4685 3450 4741 nunquam

1895 4789 2008 4829 rem
2043 4786 2206 4842 quam
2254 4777 2435 4840 sperat
2484 4767 2855 4835 consequitur.
2905 4763 3058 4817 Alius
3108 4762 3324 4832 quidem
3355 4763 3449 4824 ait,

1895 4867 2022 4924 illud
2055 4881 2274 4934 semper,
2306 4878 2412 4916 non
2447 4861 2765 4915 szeculorum
2799 4858 3029 4927 spatium
3056 4865 3318 4924 spectare,
3359 4857 3450 4908 sed

1894 4963 2057 5016 vitam
2084 4959 2257 5014 solum
2287 4958 2443 5009 istam
2489 4952 2797 5008 sensibilem
2829 4966 2841 5002 :
2881 4948 3014 5002 alter
3042 4947 3274 5016 spatium
3318 4961 3454 5014 quo-

1891 5067 1999 5121 que
2045 5048 2365 5101 saeculorum
2408 5042 2537 5096 illud
2573 5055 2771 5107 semper
2814 5047 3056 5108 spectare
3100 5037 3212 5098 ait,
3244 5042 3301 5089 ut
3341 5035 3452 5104 spei

1891 5139 2156 5195 terminus
2179 5135 2249 5191 sit
2274 5133 2512 5203 cognitio
2535 5140 2734 5185 sancta:
2768 5123 3097 5196 Trinitatis]

1967 5318 2020 5372 9.
2075 5315 2158 5370 Ne
2204 5312 2452 5383 projicias
2498 5326 2577 5363 me
2612 5311 2667 5363 in
2703 5316 2928 5373 tempore
2956 5300 3250 5356 senectutis.
3289 5297 3456 5352 Sene-

1895 5419 2097 5464 ctntem
2137 5407 2223 5460 hic
2257 5413 2414 5458 \ocat
2454 5401 2845 5455 inﬁrmitatem.
2900 5397 2989 5448 Ait
3036 5395 3237 5464 igitur:
3279 5391 3452 5454 Absit,

1897 5502 2146 5565 Domine,
2169 5509 2378 5565 tempus
2400 5496 2530 5550 illud
2562 5509 2668 5564 quo
2707 5491 2954 5545 inﬁrmus
2983 5501 3268 5557 appaream
3297 5485 3310 5537 !
3345 5484 3456 5536 lto-

1897 5603 1987 5665 gat
2013 5594 2176 5663 igitur
2196 5599 2252 5644 ut
2280 5603 2557 5659 nunquam
2586 5600 2683 5640 sua
2714 5586 2768 5638 in
2798 5581 3075 5636 Christum
3105 5593 3200 5646 spe
3223 5576 3452 5630 labatur.

1898 5687 2017 5758 Ipse
2051 5699 2283 5754 namque
2314 5691 2396 5739 est
2422 5683 2594 5738 virtus
2625 5689 2828 5734 nostra.
2862 5675 2993 5731 Cum
3022 5671 3269 5738 defecerit
3292 5669 3456 5724 rirtus
