4108 6514
663 447 768 502 519

1466 447 1522 502 8.
1569 447 1934 504 ATHANASH
1973 450 2122 505 OPP.
2163 451 2340 504 PARS
2378 449 2465 504 Ill.
2507 479 2574 495 --
2614 448 3024 504 EXEGETICA.

3781 445 3881 500 520

666 578 778 616 mea
802 579 862 616 ne
897 561 1223 628 derelinquas
1264 576 1360 613 me.
1401 557 1623 615 Etiamsi
1652 561 1938 632 contigerit
1975 563 2105 616 mihi
2134 572 2213 626 ut,

2320 577 2448 615 πειν
2490 560 2600 630 τὴν
2637 563 2820 630 ἰσχύν
2855 579 2973 631 μου
3013 559 3098 630 μὴ
3145 559 3548 629 ἐγκαταλίπῃς
3566 576 3662 626 με.
3698 559 3764 612 Εἰ
3795 557 3885 612 καὶ

666 656 827 706 homo
853 667 975 707 cum
999 651 1124 713 sim,
1157 653 1208 704 in
1248 661 1526 721 peceatum
1554 654 1762 717 cadam,
1794 668 1860 706 ne
1886 668 1970 705 me
1999 664 2220 722 propter

665 752 940 812 peccatum
981 743 1221 804 deseras,
1258 740 1501 807 Domine,
1537 743 1630 796 sed
1654 759 1739 796 me
1770 744 1964 796 iterum
2002 757 2217 808 revoca,

663 834 900 888 clemens
931 848 1052 886 cum
1085 831 1177 886 sis.

733 926 821 979 10.
846 925 980 990 Quia
1010 924 1257 977 dixerunt
1295 922 1497 974 inimici
1531 922 1630 974 mei
1663 921 1810 974 milii.
1851 921 1986 975 Illud
2022 941 2033 974 :
2080 921 2219 987 Quia

665 1018 932 1080 dixerunt,
989 1017 1227 1086 positum
1276 1030 1372 1083 pro
1419 1035 1431 1068 :
1479 1013 1552 1068 Nc
1602 1014 1739 1069 forte
1789 1015 1973 1069 dicant
2016 1015 2219 1068 inimici

667 1110 768 1162 mei
802 1127 814 1160 :
841 1107 1210 1176 lrrumpamus
1234 1107 1284 1157 in
1307 1122 1454 1170 eum,
1478 1106 1579 1160 erit
1601 1108 1796 1176 quippe
1829 1106 1986 1160 nobis
2011 1106 2063 1158 in
2090 1120 2220 1174 prte-

663 1199 808 1261 dam,
837 1197 941 1251 Deo
973 1213 1078 1249 non
1104 1198 1424 1264 opitulante.

733 1289 819 1343 1‘2.
865 1286 998 1340 Deus
1024 1301 1184 1348 meus,
1228 1302 1288 1337 ne
1327 1283 1582 1351 elongeris
1624 1300 1654 1334 a
1689 1299 1786 1336 me.
1820 1283 2086 1348 Quoniam
2121 1285 2220 1354 igi-

661 1385 749 1430 tur
778 1377 827 1429 id
853 1375 925 1428 illi
954 1375 1160 1434 dicunt,
1197 1390 1262 1428 ne
1291 1373 1494 1425 diutius
1527 1371 1742 1427 differas
1766 1375 2048 1428 auxilium.
2083 1374 2219 1428 Deus

663 1487 828 1534 mens,
860 1471 914 1522 in
940 1468 1197 1521 auxilium
1230 1483 1398 1520 meum
1428 1466 1637 1535 respice.

735 1641 817 1694 l3.
869 1640 1270 1708 Confundantur
1309 1649 1357 1691 et
1389 1640 1633 1707 deficiant
1665 1641 1992 1695 detrahentes
2031 1644 2222 1696 animle

663 1744 808 1782 mete.
856 1726 1302 1797 Quandoquidem
1346 1728 1470 1797 ipsi,
1511 1729 1708 1798 inquit,
1746 1729 2004 1799 impetum
2054 1732 2105 1784 in
2138 1747 2223 1784 me

663 1819 924 1885 fecerunt,
961 1819 1061 1874 rati
1106 1836 1189 1874 me
1236 1835 1264 1873 a
1299 1830 1349 1874 te
1384 1821 1696 1874 derelictum
1734 1839 1748 1888 ;
1789 1826 1832 1876 si
1872 1824 2130 1877 auxilium
2150 1823 2225 1877 af-

2323 651 2516 724 συνέὄη
2550 653 2831 723 ἄνθρωπον
2861 653 3010 715 ὄντα,
3047 651 3198 720 φησι,
3226 651 3353 703 ποτὲ
3385 652 3669 722 ἁμαρτεῖν,
3705 649 3782 720 μὴ
3801 649 3887 703 διὰ

2318 742 2416 813 τὴν
2445 743 2718 814 ἁμαρτίαν
2756 743 3126 815 ἐγκαταλίπῃς
3161 762 3248 814 με,
3272 742 3445 814 Κύριε
3467 759 3480 772 ο
3513 741 3652 795 ἀλλὰ
3678 743 3885 795 ἀνακά-

2320 834 2471 887 λεσαι
2500 835 2661 888 πάλιν
2687 836 2761 898 ὡς
2787 836 3180 907 φιλάνθρωπος.

2393 929 2509 980 Ὅτι
2542 923 2715 980 εἷπον
2745 931 2799 980 oi
2829 928 3027 996 ἐχθροί
3065 945 3183 996 μου
3238 927 3388 996 ἐμοί.
3423 928 3651 990 ’1”δ,⁹Ὀτι
3692 920 3884 986 εἶπον,

2319 1017 2439 1070 ἀντὶ
2462 1016 2555 1069 τοῦ
2576 1035 2587 1046 °
2617 1018 2841 1087 Μήποτε
2875 1017 3078 1071 εἴποιεν
3107 1019 3155 1071 οί
3186 1017 3367 1088 ἐχθροί
3404 1034 3522 1087 μου,
3541 1015 3888 1086 Ἐπιθὼμεθα

2320 1111 2469 1180 αύτῷ
2491 1128 2503 1141 ο
2530 1111 2680 1164 ἔσται
2710 1111 2818 1181 γὰρ
2841 1113 2969 1180 ἡμῖν
2995 1112 3074 1173 είς
3104 1111 3400 1182 προνομὴν,
3434 1109 3507 1179 μὴ
3531 1107 3888 1178 ἐπικουροῦν-

2319 1220 2409 1266 τος
2433 1203 2587 1256 Θεοῦ.

2400 1295 2463 1345 '0
2503 1294 2644 1358 Θεός
2688 1311 2830 1361 μου,
2873 1294 2958 1361 μὴ
3003 1293 3314 1360 μσκρύνῃς
3355 1292 3454 1345 ἀπ’
3488 1289 3631 1359 ἐμοῦ
3673 1288 3888 1358 Ἐπειδὴ

2318 1384 2495 1437 τοίνυν
2531 1387 2726 1437 ἐκεῖνοι
2750 1384 2921 1437 ταῦτά
2946 1401 3098 1452 φασι,
3143 1383 3216 1453 μὴ
3259 1383 3612 1451 ἐπιμήκιστον
3645 1379 3889 1450 ύπερθῇς

2319 1473 2416 1544 τὴν
2450 1473 2720 1544 βοήθειαν.
2738 1474 2791 1525 '0
2836 1475 2978 1539 Θεός
3017 1490 3157 1541 μου,
3196 1474 3282 1537 είς
3311 1471 3422 1538 τὴν
3445 1468 3737 1538 ,ϐοήθειάν
3771 1487 3888 1538 μου

2321 1568 2600 1633 πρόσχες.

2392 1656 2901 1724 Αίσχυνθήτωσαν
2926 1653 3020 1707 καὶ
3049 1651 3487 1705 ἐκλειπέτωσαν
3505 1654 3558 1704 οι
3578 1649 3890 1704 ἐνδιαϐάλ-

2319 1751 2530 1812 donec
2560 1746 2672 1813 τὴν
2701 1745 2911 1813 ψυχήν
2939 1761 3078 1812 μου.
3097 1742 3363 1804 Ἐπειδὰν,
3399 1742 3618 1795 ἐκείνων
3651 1742 3889 1795 ἐπιτιθε-

2325 1837 2523 1908 μένων,
2557 1837 2709 1906 φησὶ,
2735 1835 2822 1888 διὰ
2845 1834 2906 1887 τὸ
2930 1834 3076 1899 δόξαι
3112 1851 3176 1904 με
3215 1833 3706 1902 ἐγκαταλειφθῆναι
3739 1834 3889 1904 παρὰ

663 1910 958 1980 feras,pr:e
995 1911 1199 1979 pudore
1257 1911 1358 1980 ipsi
1406 1911 1704 1978 discedent,
1755 1930 1880 1968 cum
1931 1930 2097 1969 vanas
2121 1915 2216 1969 de-

2323 1906 2439 1988 σοῦ,
2473 1928 2521 1978 εἱ
2545 1927 2817 1997 βοηθήσεις
2842 1924 3023 1986 αὐτὸς,
3044 1924 3195 1978 αὐτοὶ
3220 1926 3298 1987 είς
3330 1923 3587 1994 αἰσχύνην
3613 1925 3885 1995 ἀποστρα-

663 2002 1046 2070 prehenderint
1084 2003 1389 2056 calumnias
1411 2002 1463 2056 in
1494 2005 1727 2058 animam
1761 2021 1933 2060 meam
1960 2016 2217 2062 structas.

661 2093 791 2158 Quae
813 2106 989 2148 autem
1020 2095 1122 2148 illa:
1156 2096 1443 2150 calumnia:
1492 2108 1636 2160 sunt,
1675 2098 1779 2152 nisi
1813 2114 1934 2168 qua:
1969 2098 2222 2152 dicebant

662 2186 737 2239 illi
763 2204 776 2239 :
807 2184 943 2239 Deus
963 2188 1236 2256 dereliquit
1268 2204 1384 2240 eum
1416 2191 1439 2242 ?

744 2277 831 2332 Η.
876 2277 983 2347 Ego
1006 2288 1180 2330 autem
1207 2295 1405 2347 semper
1449 2277 1665 2346 sperabo
1685 2278 1738 2330 in
1770 2288 1834 2331 te.
1863 2277 1976 2332 Non
2007 2289 2222 2333 cessant

661 2370 804 2423 enim
846 2385 938 2439 per
985 2372 1182 2439 scriptu
1228 2387 1322 2424 sua
1366 2388 1513 2440 spem
1577 2387 1702 2442 erga
1745 2370 2021 2424 Christum
2063 2387 2216 2424 suam

660 2460 925 2513 conﬁteri.
968 2459 1034 2513 Et
1074 2461 1319 2530 adjiciunt
1368 2478 1523 2531 super
1563 2478 1766 2515 omnem
1805 2460 2014 2515 laudent
2049 2469 2215 2513 tuam.

662 2553 762 2606 Per
803 2553 1031 2623 hymnos
1080 2568 1268 2608 eorum
1328 2555 1419 2624 qui
1473 2556 1714 2624 ipsorum
1775 2567 1936 2620 opera
1991 2551 2216 2603 salutem

660 2645 939 2700 consecuti
973 2653 1121 2698 sunt.

732 2732 820 2786 15.
870 2731 941 2787 Os
999 2749 1167 2785 meum
1212 2731 1549 2784 annuntiabit
1590 2729 1861 2799 justitiam
1895 2739 2060 2783 tuum.
2101 2729 2216 2783 Non

660 2837 836 2888 cesso,
887 2821 1083 2891 inquit,
1138 2823 1380 2885 Domine,
1415 2837 1627 2892 semper
1682 2821 1950 2890 justitiam
1983 2833 2129 2875 tuam
2164 2823 2215 2876 in

659 2931 754 2969 ore
789 2930 1025 2969 versare.
1071 2914 1278 2968 Etenim
1315 2915 1526 2984 jnStitia
1566 2912 1742 2967 Patris
1777 2923 1859 2966 est
1897 2912 2218 2982 Uuigenitus

658 3005 797 3074 ejus.
828 3005 958 3058 Nam
982 3007 1159 3077 genita
1195 3006 1350 3058 nobis
1378 3015 1460 3058 est
1487 3004 1696 3072 juslitia
1733 3019 1762 3055 a
1805 3002 1911 3056 Deo
1946 3004 2100 3072 juxta
2133 3019 2221 3056 sa-

659 3113 810 3149 crum
851 3097 1166 3165 Apostolnm
1199 3098 1264 3148 ⁶².
1307 3095 1437 3148 Tota
1475 3096 1559 3148 die
1589 3095 1824 3148 salutare
1859 3105 2028 3148 tuum.
2061 3093 2217 3148 Sem-

661 3202 774 3255 per,
806 3187 999 3256 inquit,
1028 3204 1233 3242 ntemor
1267 3203 1361 3241 ero
1403 3187 1719 3242 meonomiae
1747 3202 1854 3256 qua
1881 3187 2037 3239 nobis
2072 3187 2217 3240 salu-

661 3288 765 3333 tem
804 3279 1059 3350 clargitus
1097 3296 1176 3335 cs.
1224 3281 1485 3347 Quoniam
1542 3297 1642 3333 non
1693 3279 1905 3349 cognovi
1948 3280 2214 3332 litteratu-

659 3387 793 3423 ram.
825 3369 923 3425 Per
947 3372 1304 3426 litteraturam
1355 3382 1449 3427 aut
1478 3389 1644 3426 vanas
1676 3383 1731 3427 et
1766 3372 2070 3440 implicatas
2095 3370 2217 3424 vita:

658 3461 1037 3517 distractiones
1083 3463 1355 3532 intelligit,
1399 3471 1494 3516 aut
1538 3463 1686 3516 varia
1737 3477 1856 3531 quae
1913 3462 1995 3515 lex
2024 3459 2218 3514 offerre

654 3551 879 3620 jubebat
911 3552 1201 3606 sacriﬁcia.
1228 3553 1477 3629 Quando,
1518 3552 1712 3622 inquit,
1741 3568 1834 3607 eas
1861 3567 2049 3619 omnes
2071 3551 2219 3620 abie-

659 3644 730 3709 ci,
776 3642 831 3696 in
875 3657 1137 3712 supernas
1179 3644 1415 3697 introibo
1447 3644 1779 3706 mansiones,
1849 3643 2077 3697 Domino
2117 3643 2219 3694 vir-

659 3740 830 3786 tutem
876 3734 1007 3787 mihi
1049 3735 1116 3789 ad
1153 3750 1272 3788 eam
1317 3751 1427 3789 rem
1467 3737 1756 3806 praebente.
1807 3735 1993 3789 Simile
2035 3743 2215 3789 autem

658 3836 740 3880 cst
762 3825 907 3880 dicto
947 3826 1073 3883 huic
1111 3848 1124 3883 :
1166 3828 1298 3883 Ecce
1347 3847 1436 3882 nos
1472 3831 1775 3900 reliquimus
1821 3831 2015 3893 omnia,
2049 3838 2098 3881 et
2138 3843 2217 3882 se-

660 3921 771 3972 cuti
813 3936 996 3974 sumus
1043 3932 1109 3984 te,
1138 3923 1262 3989 quid
1287 3938 1404 3990 ergo
1421 3922 1518 3974 erit
1549 3923 1697 3974 nobis
1717 3921 1760 3951 "
1781 3922 1802 3972 ?
1821 3921 1955 3974 Cum
1989 3921 2217 3987 hujusce

659 4010 735 4065 rei
764 4024 928 4063 causa
958 4011 1370 4079 promissionem
1399 4011 1545 4081 regni
1572 4010 1834 4064 caelorum
1870 4018 2212 4078 acceperunt.

727 4291 812 4346 16.
857 4288 1092 4345 lntroibo
1124 4289 1178 4341 in
1211 4291 1472 4356 potentias
1520 4287 1750 4343 Domini.
1799 4289 1912 4344 Tua
1940 4291 2134 4346 virtute
2163 4302 2223 4348 et

657 4383 858 4436 auxilio
881 4384 1183 4459 ingressum
1205 4383 1476 4437 inveniam
1505 4382 1570 4433 ad
1595 4389 1790 4433 terram
1817 4383 2214 4449 promissionis.

658 4473 901 4537 Domine,
930 4473 1257 4528 memorabor
1285 4471 1514 4540 justitia:
1557 4479 1661 4522 tua:
1708 4471 1894 4523 solius.
1941 4469 2217 4526 Praedictis

2322 2021 2604 2087 φήσονται,
2633 2017 2728 2070 ἆτε
2766 2017 2998 2087 ματαίας
3024 2016 3300 2087 εὑρόντες,
3327 2015 3391 2079 ἃς
3425 2017 3565 2069 κατὰ
3587 2017 3685 2086 τῆς
3709 2015 3888 2084 ψυχῆς

2324 2126 2424 2178 μου
2468 2110 2790 2178 ἐποιήσαντο
2820 2106 3086 2170 διαδολάς.
3119 2107 3274 2169 Τίνες
3305 2107 3363 2158 δὲ
3406 2108 3460 2158 αἱ
3503 2105 3746 2158 διαϐολαὶ
3771 2105 3804 2176 ἢ
3833 2119 3888 2157 αι

2321 2199 2604 2267 λέγουσαι·
2651 2199 2702 2248 '0
2735 2197 2877 2262 Θεὸς
2901 2196 3287 2266 ἐγκατέλιπεν
3312 2197 3532 2257 auctir;

2404 2287 2543 2356 Ἐγὼ
2589 2286 2655 2338 δὲ
2700 2284 3025 2350 διαπαντὸς
3049 2284 3233 2338 ἐλπιῶ
3263 2285 3363 2338 ἐπὶ
3389 2284 3481 2338 σέ.
3514 2285 3588 2337 Ού
3621 2283 3887 2338 παύονται

2318 2379 2426 2450 γάρ
2451 2377 2538 2431 διὰ
2576 2377 2681 2430 τῶν
2730 2377 2873 2429 [δίων
2908 2375 3353 2447 συγγραμμάτων
3377 2373 3763 2444 ὁμολογοῦντες
3791 2374 3889 2443 τὴν

2321 2471 2506 2523 ἐλπίδα
2531 2470 2626 2539 τὴν
2657 2471 2735 2532 είς
2766 2469 3020 2539 Χριστόν.
3059 2468 3169 2521 Kal
3195 2466 3519 2535 προσθήσω
3550 2466 3650 2518 ἐπὶ
3683 2465 3891 2521 πᾶσαν

2320 2563 2433 2630 τὴν
2455 2561 2692 2612 αἵνεσίν
2719 2575 2854 2614 σου,
2886 2561 2984 2614 Διὰ
3013 2562 3110 2633 τῆς
3137 2559 3458 2630 ύμνολογίας
3485 2558 3591 2612 τῶν
3615 2559 3683 2611 δι’
3709 2559 3890 2611 αὐτῶν

2322 2653 2658 2723 σωζομένων.

2397 2746 2462 2797 Τὸ
2494 2745 2685 2811 στόμα
2702 2761 2820 2811 μου
2851 2739 3171 2810 ἀναγγελεῖ
3196 2739 3308 2806 τὴν
3333 2739 3729 2808 δικαιοσύνην
3749 2755 3887 2796 σου.

2332 2834 2451 2886 Ἐπὶ
2495 2835 2755 2903 στόματος
2783 2832 2890 2894 ἀεὶ,
2924 2832 3109 2901 φησὶν,
3139 2824 3184 2883 ὦ
3208 2830 3473 2891 Δέσποτα,
3505 2830 3604 2900 τὴν
3653 2830 3752 2900 σὴν
3795 2831 3892 2899 ιρὲο

2321 2943 2433 2996 ρειν
2466 2925 2809 2996 δικαιοσύνην
2863 2925 2924 2976 ού
2975 2924 3237 2994 παύομαι.
3273 2922 3594 2993 Δικαιοσύνη
3643 2923 3750 2992 γὰρ
3797 2919 3887 2976 τοί

2320 3014 2530 3088 Πατρός
2553 3018 2580 3068 ό
2606 3014 2916 3085 Μονογενὴς
2965 3014 3149 3066 αὑτοῦ.
3169 3011 3458 3083 Ἐγεννήθη
3491 3013 3597 3084 γάρ
3637 3014 3767 3082 ἡμῖν
3811 3011 3889 3064 δι-

2320 3106 2576 3175 καιοσύνη
2607 3107 2713 3158 ἀπὸ
2742 3107 2875 3159 Θεοῦ
2903 3106 3043 3158 κατὰ
3067 3106 3157 3158 τὸν
3191 3105 3333 3176 ἱερὸν
3362 3105 3891 3171 Ἀπόστολον.⁹ολην

2319 3196 2432 3262 τὴν
2464 3197 2690 3265 ἡμέραν
2738 3196 2851 3263 τὴν
2884 3197 3188 3264 σωτηρίαν
3236 3211 3370 3249 σου.
3422 3198 3721 3259 Διαπαντὸς
3751 3214 3888 3267 μνη-

2320 3283 2608 3354 σθήσομαι,
2641 3281 2794 3352 φησὶ,
2829 3281 2927 3351 τῆς
2961 3282 3269 3352 οἰκονομίας
3302 3280 3368 3333 δι’
3397 3274 3463 3351 ἦς
3488 3282 3616 3350 ἡμῖν
3647 3279 3745 3350 τὴν
3788 3297 3890 3334 σω-

2316 3373 2509 3444 τηρίαν
2575 3372 2980 3443 ἐχαρίσω.”οτι
3043 3372 3153 3424 οὐκ
3217 3371 3411 3440 ἔγνων
3472 3371 3885 3440 γραμματείας.

2317 3465 2702 3536 Γραμματείας
2733 3464 2766 3534 ἢ
2798 3465 2923 3527 τοὺς
2960 3463 3219 3534 ματαίους
3251 3464 3342 3516 καὶ
3388 3463 3758 3524 πολυπλόκους
3798 3461 3888 3514 τοῦ

2319 3557 2436 3626 βίου
2481 3555 2898 3625 περισπασμούς
2943 3571 3127 3624 φησιν,
3158 3554 3191 3624 ἦ
3224 3553 3320 3617 τὰς
3348 3553 3435 3606 διὰ
3465 3552 3559 3606 τοῦ
3594 3553 3760 3624 νόμου
3799 3570 3891 3606 κε-

2318 3649 2677 3718 κελευσμένας
2700 3647 3068 3719 πολυτρόπους
3096 3644 3459 3718 προσάγεσθαι
3484 3644 3694 3708 θυσίας.
3714 3647 3890 3699 Ἐπει-

2315 3741 2378 3811 δὴ
2422 3741 2622 3804 ταύτας
2677 3741 2987 3810 συμπάσας,
3021 3740 3204 3809 φησὶν,
3247 3737 3610 3808 ἐπεϐαλόμην,
3663 3740 3742 3801 εἰς
3792 3739 3889 3799 τάς

2316 3832 2427 3885 ἄνω
2469 3831 2845 3903 είσελεύσομαι
2899 3833 3085 3902 μονὰς.
3120 3833 3198 3894 είς
3225 3829 3380 3882 τοῦτο
3404 3828 3630 3900 δύναμίν
3669 3844 3759 3898 μοι
3797 3829 3888 3882 τοῦ

2318 3922 2522 3993 Κυρίου
2569 3924 3151 3993 παρέχοντος.”ομοιον
3189 3919 3244 3972 δὲ
3287 3919 3365 3991 τῷ
3401 3919 3710 3991 εἰρημένῳο
3747 3917 3891 3972 Ἰδοὺ

2315 4015 2486 4082 ἡμεῖς
2512 4013 2825 4081 ἀφήκαμεν
2854 4010 3069 4074 πάντα,
3104 4014 3202 4065 καὶ
3232 4009 3735 4078 ἠκολουθήσαμέν
3755 4024 3886 4064 σο.’

2316 4106 2371 4158 τί
2397 4104 2540 4173 ἡμῖν
2564 4104 2767 4168 cacat;
2794 4105 2921 4156 Ὅτε
2953 4103 3046 4156 καὶ
3079 4105 3175 4174 τῆς
3203 4104 3308 4156 τῶν
3342 4101 3584 4174 οὐρανῶν
3612 4101 3890 4172 βασιλείας

2316 4195 2414 4265 τὴν
2443 4194 2737 4263 ὑπόσχεσιν
2764 4191 2853 4246 διὰ
2876 4192 3048 4244 ταῦτα
3087 4192 3368 4261 ἐδέχοντον

2387 4286 2817 4353 Εἱσελεύσομαι
2855 4284 2924 4334 ἐν
2950 4282 3276 4350 δυναστείᾳ
3309 4283 3548 4350 Κυρίου.
3578 4282 3656 4352 Τῇ
3688 4283 3755 4353 σῇ
3794 4281 3886 4334 δυ-

2315 4379 2476 4449 νάμει
2514 4379 2608 4431 καὶ
2640 4376 2861 4447 βοηθείᾳ⁵
2892 4375 3150 4446 τεύξομαι
3178 4375 3277 4445 τῆς
3312 4375 3522 4428 εἰσόδου
3557 4375 3656 4445 τῆς
3688 4377 3768 4438 εἰς
3794 4361 3888 4446 τὴν

2316 4471 2418 4540 γῆν
2443 4469 2542 4538 τῆς
2571 4466 2918 4535 ἐπαγγελίας.
2954 4469 3147 4534 Κύριε,
3167 4465 3593 4536 μνησθήσομαι
3640 4465 3751 4533 τῆς
3792 4464 3889 4518 δι-

656 4565 909 4619 omnibus
935 4565 1202 4628 dimissis,
1232 4565 1429 4634 inquit,
1448 4561 1855 4630 soliusjustitia:
1880 4570 1982 4616 tute
2009 4579 2215 4616 memor

2320 4563 2644 4628 καιοσύνης
2678 4576 2793 4614 σου
2820 4560 3034 4628 μόνου.
3076 4558 3258 4614 Πάντα
3303 4557 3369 4611 τά
3409 4556 3672 4629 εἰρημένα
3711 4557 3887 4626 ἀφεὶς,

654 4671 770 4722 ero,
803 4671 907 4726 qua
939 4671 1037 4711 nos
1072 4671 1101 4709 a
1129 4667 1348 4725 peccato
1371 4653 1632 4709 liberasti.

727 4834 813 4888 17.
850 4832 989 4887 Deus
1020 4851 1184 4898 meus,
1218 4851 1333 4905 quae
1360 4833 1588 4887 docuisti
1619 4851 1698 4887 me
1726 4851 1758 4887 a
1779 4835 2049 4904 jurentutc
2080 4851 2213 4890 mea.

655 4926 699 4982 Α
728 4926 921 4996 prima,
960 4936 1016 4980 ut
1055 4928 1126 4982 ita
1156 4926 1354 4993 dicam,
1385 4926 1473 4980 die
1508 4940 1612 4995 qua
1657 4927 1804 4995 ipsos
1847 4926 2029 4994 elegit,
2069 4928 2216 4980 dedit

657 5018 764 5071 illis
796 5032 856 5070 ea
892 5032 1013 5086 quae
1047 5033 1270 5089 regnum
1317 5019 1578 5072 caelorum
1631 5025 1892 5087 spectant.
1942 5017 2011 5070 Et
2057 5034 2217 5088 usque

657 5125 793 5164 nunc
811 5109 1160 5176 pronuntiabo
1190 5110 1456 5162 mirabilia
1494 5121 1606 5163 tua.
1649 5108 1762 5164 Non
1797 5112 2102 5171 immemor,
2137 5111 2219 5162 in-

657 5198 796 5265 quit,
828 5197 1002 5253 factus
1038 5213 1156 5252 sum
1185 5213 1372 5252 eorum
1412 5213 1531 5266 quae
1554 5197 1748 5252 doctus
1774 5196 1850 5250 fui
1882 5213 1895 5249 :
1933 5197 2024 5251 sed
2054 5194 2218 5250 etiam

657 5306 720 5344 ea
751 5306 871 5361 quas
899 5290 1086 5356 didici,
1116 5290 1238 5345 aliis
1265 5290 1604 5343 annuntiavi.

732 5466 818 5532 18,
839 5467 924 5523 19.
955 5467 1024 5522 Et
1054 5486 1213 5540 usque
1247 5472 1301 5524 in
1326 5479 1588 5524 senectam
1620 5479 1667 5522 et
1699 5469 1923 5523 senium.
1948 5466 2217 5532 Quoniam

662 5556 776 5626 ipse
805 5559 1057 5616 Christus
1091 5572 1378 5633 postquam
1407 5560 1706 5616 resurrexit
1751 5577 1781 5614 a
1828 5561 2057 5615 mortuis
2091 5575 2217 5630 pro-

663 5648 811 5708 misit
835 5652 917 5705 eis
939 5653 1125 5709 dicens
1155 5653 1221 5708 “.
1256 5653 1385 5707 Ecce
1408 5653 1670 5706 vobiscum
1709 5668 1824 5705 sum
1850 5651 2086 5706 omnibus
2107 5652 2219 5704 die-

2327 4653 2478 4724 φησὶ,
2499 4652 2664 4724 μόνης
2688 4649 3046 4722 μνημονεύσω
3069 4649 3177 4721 ei];
3190 4648 3554 4718 δικαιοσύνης,
3576 4648 3639 4702 δι’
3659 4643 3727 4720 ἧς
3745 4649 3888 4719 ἡμᾶς

2325 4744 2419 4811 τῆς
2445 4742 2718 4813 ἁμαρτίας
2743 4741 3135 4812 ὴλευθὲρωσας.

2407 4833 2458 4884 '0
2495 4835 2636 4897 Θεός
2659 4850 2798 4902 μου,
2831 4833 2869 4887 ἂ
2908 4829 3188 4896 ἐδίδαξάς
3221 4847 3320 4900 μοι
3350 4830 3416 4882 ἐκ
3447 4829 3728 4894 νεότητός
3750 4846 3885 4899 μου.

2336 4925 2466 4978 Ἀπὸ
2495 4925 2602 4996 γὰρ
2632 4924 2874 4996 πρώτης,
2903 4925 2977 4988 ὡς
3001 4926 3195 4987 εἰπεῖν,
3224 4923 3456 4994 ἡμέρας,
3481 4919 3549 4992 ἧς
3577 4921 3774 4985 αὐτοὺς
3815 4921 3892 4985 ἐξ-

2324 5016 2883 5087 ελέξατο,παρέδωκεν
2911 5018 3089 5079 αὐτοῖς
3118 5015 3186 5068 τὰ
3217 5015 3343 5085 περὶ
3371 5013 3469 5083 τῆς
3493 5012 3767 5083 βασιλείας
3788 5014 3889 5065 τῶν

2322 5106 2584 5179 οὐρανῶν.
2618 5109 2726 5162 Kal
2757 5107 2933 5178 μέχρι
2967 5108 3071 5162 τοῦ
3095 5107 3211 5161 νῦν
3242 5105 3555 5176 ἀπαγγελῶ
3583 5106 3655 5158 τὰ
3680 5103 3892 5172 θαυμά-

2323 5197 2428 5251 σιά
2458 5214 2594 5252 σου.
2632 5199 2745 5251 Οὐκ
2775 5200 3064 5269 ἀμνήμων,
3105 5199 3289 5268 φησὶν,
3323 5191 3397 5250 ὧν
3431 5195 3711 5266 ἐδιδάχθην
3738 5193 3890 5262 γεγὲ-
3987 5263 3996 5267 _

2323 5307 2521 5359 νημαι·
2574 5289 2688 5342 ἀλλ’
2720 5289 2861 5360 άπερ
2890 5290 3049 5352 αὐτὸς
3085 5289 3305 5360 ἔμαθον,
3335 5288 3508 5342 ταῦτα
3541 5290 3633 5342 καὶ
3660 5290 3773 5351 τοῖς
3801 5287 3892 5340 ἄ).-

2323 5378 2435 5443 λοις
2461 5380 2788 5450 ἀπήγγειλα.

2397 5473 2503 5526 Kal
2537 5473 2645 5538 ἕως
2685 5471 2877 5540 γήρως
2917 5473 3013 5526 καὶ
3063 5472 3398 5542 πρεσϐείου.
3420 5468 3633 5540 Ἐπειδὴ
3676 5468 3837 5531 αὐτὸς
3860 5467 3889 5520 5

2328 5564 2564 5634 Χριστὸς
2593 5564 2726 5631 μετὰ
2759 5564 2854 5634 τὴν
2875 5568 2939 5618 ὲκ
2963 5565 3170 5638 νεκρῶν
3202 5563 3493 5619 ἀναόίωσιν
3522 5563 3787 5630 ὑπέσχετο
3814 5558 3891 5613 λέ·

2328 5671 2438 5722 γων
2471 5656 2653 5718 αὐτοῖς
2675 5673 2686 5684 ·
2724 5655 2876 5709 Ἰδοὺ
2899 5658 3024 5725 μεθ’
3047 5657 3212 5725 ὑμῶν
3232 5658 3346 5724 είμι
3382 5652 3583 5720 πάσας
3612 5653 3716 5718 τὰς
3754 5649 3888 5720 ἡμέ·

733 5813 824 5866 ⁸³1
860 5814 1150 5871 Cor.i.30.
1229 5815 1271 5845 “
1328 5812 1513 5868 Matth.
1575 5830 1684 5877 xu,
1709 5814 1792 5867 Q7.
1874 5813 1917 5843 “
1975 5811 2161 5867 Matth.
2197 5828 2381 5871 xxviii.
2410 5815 2495 5871 20.
