4108 6496
208 442 294 498 321
1222 443 1590 500 EXPOSITIO
1630 443 1697 497 IN
1738 440 2065 496 PSALSlL’M
2107 440 2266 495 LXX.

3323 432 3430 488 39%

201 572 303 623 ρας
325 553 429 617 ἕως
460 551 568 620 τῆς
589 557 944 622 συντελείας
973 556 1078 610 τοῦ
1106 555 1318 625 αἰῶνος
1336 576 1349 589 ο
1378 560 1565 612 τούτου
1605 560 1762 630 χάριν

1873 559 1956 612 bus
1986 574 2143 627 usque
2183 559 2251 610 ad
2297 557 2798 610 consummationem
2841 555 3063 620 seculi,
3107 553 3228 608 ideo
3275 564 3432 622 rogat

207 649 337 699 αἰτεῖ
383 647 591 718 ταύτην
652 647 801 718 αὐτῷ
843 648 1194 720 πληρωθῆναι
1244 650 1342 721 τὴν
1381 651 1760 720 ὑπόσχεσιν.¹0

209 739 340 803 Θεός
365 757 504 807 μου,
536 739 621 807 μὴ
651 740 1089 808 ἐγκαταλείπῃς
1114 758 1210 809 με,
1241 742 1349 807 ἕως
1374 741 1451 794 ἂν
1487 743 1766 810 ἀπαγγεί-

204 835 282 884 λω
327 830 430 884 τὸν
471 831 775 900 βραχίονὰ
820 834 1097 887 σου.Ἐὰν
1131 834 1205 904 μὴ
1238 835 1634 906 ὲγκαταλείπῃς
1675 852 1762 904 με,

206 923 347 991 φησί,
377 924 516 976 κατὰ
546 925 647 992 τὴν
676 925 772 994 σὴν
795 926 1105 995 ὑπόσχεσιν,
1150 921 1194 978 ὦ
1224 928 1490 989 Δέσποτα,
1515 929 1635 980 τότε
1675 945 1766 994 γε·

203 1016 412 1082 νήσεται
452 1015 682 1068 δυνατὸν
711 1015 798 1067 τὸν
831 1016 922 1068 σὺν
961 1018 1291 1084 ἀπαγγεῖλαι
1324 1018 1582 1088 βραχίονα
1611 1021 1675 1089 τῇ
1708 1018 1767 1084 ἐξ

204 1103 359 1156 ἐθνῶν
389 1107 628 1177 ἐσομένη
673 1109 835 1177 πιστῇ
868 1110 1048 1178 γενεᾷ.
1076 1110 1172 1171 Τίς
1205 1109 1261 1161 δὲ
1302 1110 1330 1161 δ
1371 1109 1609 1180 βραχίων
1647 1111 1768 1162 ἐπι-

205 1196 347 1267 φέρει
372 1197 543 1264 λέγων
566 1216 578 1227 ο
620 1198 738 1264 Τὴν
766 1199 1127 1254 δυναστείαν
1153 1216 1269 1254 σου
1298 1203 1393 1254 καὶ
1422 1203 1534 1268 τὴν
1559 1202 1770 1255 δικαιο-

205 1291 390 1355 σύνην
418 1305 557 1342 σου.
590 1290 701 1343 Καὶ
743 1290 1056 1343 δυναστείαν
1099 1292 1215 1360 μὲν,
1263 1291 1348 1344 διὰ
1381 1293 1442 1344 τὸ
1472 1292 1629 1361 δῆσαι
1677 1293 1768 1344 τὸν

209 1381 414 1449 ἰσχυρόν
440 1397 600 1450 φησι,
629 1383 722 1432 καὶ
745 1381 1038 1452 διαρπάσαι
1062 1381 1130 1436 τὰ
1158 1382 1325 1453 σκεύη
1348 1382 1511 1436 αὑτοῦ
1533 1383 1771 1437 ὀδικαιο-

207 1475 357 1542 σύνην
380 1473 457 1535 δὲ,
490 1475 574 1526 ὃτι
607 1473 804 1536 ἀδίκως
830 1475 976 1544 ἡμᾶς
1003 1475 1348 1547 αἰχμαλωσίᾳ
1377 1477 1769 1545 κατεχομένους

205 1563 544 1637 λελύτρωται.
564 1567 617 1616 Ὀ
655 1565 797 1632 Θεὸς
832 1566 942 1632 ἕως
974 1566 1092 1619 τῶν
1114 1568 1405 1634 ὐψίστων.
1425 1569 1767 1636 Ἀπαγγελῶ,

207 1658 379 1726 φησὶν,
414 1659 496 1710 ὃτι
533 1659 595 1710 οὺ
627 1659 783 1728 μόνον
817 1660 883 1713 τὰ
915 1661 1007 1712 ἐπὶ
1046 1659 1170 1728 γῆς,
1203 1659 1340 1713 ἀλλὰ
1372 1661 1464 1713 καὶ
1494 1663 1561 1714 τὰ
1586 1664 1643 1714 ὲν
1678 1664 1770 1715 οὑ-

211 1751 375 1816 ρανοῖς
426 1748 514 1801 διὰ
562 1749 658 1801 τοῦ
711 1750 836 1803 ἰδίου
877 1749 1163 1821 ἐλυτρώσω
1209 1753 1686 1823 αἴματος,”ομοιον
1714 1755 1770 1807 δὲ

205 1836 304 1904 uir
341 1838 454 1890 ’Ότι
487 1839 584 1891 καί
618 1839 769 1906 αὐτὴ
810 1843 846 1908 ὴ
877 1841 1069 1907 κτίσις
1095 1843 1624 1910 ἐλευθερωθήσεται
1653 1844 1769 1898 ἀπὸ

1864 665 1982 703 eam
2011 649 2425 718 promissionem
2456 664 2583 716 erga
2628 663 2687 703 se
2716 647 2947 717 impleri.
2998 645 3133 700 Deus
3175 661 3339 708 meus,
3367 661 3430 696 ne

1865 739 2195 808 derelinquas
2230 756 2328 800 me,
2356 740 2517 792 donec
2541 740 2844 792 annuntiem
2875 737 3144 792 brachium
3174 747 3343 790 tuum.
3371 737 3427 789 Si

1866 849 1973 898 me,
2002 834 2195 902 inquit,
2221 832 2373 902 juxta
2401 833 2817 901 promissionem
2860 842 3008 884 tuam
3049 846 3155 883 non
3189 828 3426 883 derelin.

1867 940 2023 994 quas,
2051 924 2294 989 Domine,
2329 936 2458 979 tunc
2487 923 2730 978 futurum
2767 932 2848 978 est
2891 933 2948 976 ut
2982 921 3298 976 annuntietn
3335 934 3427 972 -ο-

1869 1018 2085 1071 bustum
2118 1017 2400 1072 brachium
2436 1027 2584 1070 tuum
2630 1016 2770 1070 lldeli
2805 1015 3135 1086 generationi
3165 1029 3230 1069 es
3253 1012 3427 1081 genti-

1869 1109 1971 1164 bus
1994 1109 2205 1163 futura).
2241 1107 2380 1175 Quid
2411 1116 2589 1162 autem
2625 1108 2695 1162 sit
2727 1107 3009 1162 brachium
3043 1105 3313 1161 subinfert
3343 1105 3429 1158 his

1869 1202 2085 1256 verbis:
2115 1200 2414 1254 Potentiam
2463 1210 2605 1254 tuam
2643 1209 2691 1254 et
2729 1201 2994 1269 justitiam
3029 1209 3194 1253 tuam.
3230 1197 3430 1252 Poten—

1868 1294 1998 1349 tiam
2021 1295 2173 1359 dicit,
2199 1294 2326 1364 quia
2360 1293 2543 1362 ligavit
2567 1293 2758 1348 l'ortem
2785 1293 2935 1346 illum
2968 1301 3022 1346 et
3049 1291 3276 1360 diripuit
3302 1306 3426 1344 vasa

1868 1388 1987 1456 ejus
2020 1405 2034 1454 ;
2062 1388 2328 1456 justitiam
2368 1401 2518 1453 vero,
2567 1387 2692 1456 quia
2740 1402 2838 1440 nos
2872 1384 3181 1454 captivitate
3227 1384 3429 1453 injuste

1869 1481 2114 1536 detcntos
2149 1479 2394 1534 redemit.
2429 1479 2564 1533 Deus
2601 1497 2760 1549 usque
2795 1480 2848 1531 in
2893 1478 3177 1531 altissima.
3205 1478 3432 1530 Annuu-

1870 1572 2038 1633 tiabo,
2083 1573 2281 1641 inquit,
2324 1571 2465 1641 quod
2508 1587 2613 1624 non
2649 1570 2810 1625 modo
2859 1579 3092 1633 terrena,
3127 1569 3220 1623 sed
3265 1569 3427 1622 etiam

1872 1665 2110 1720 caelestia
2129 1679 2221 1733 per
2244 1664 2521 1734 proprium
2551 1663 2867 1733 sanguinem
2903 1662 3220 1716 redemeris.
3246 1661 3431 1714 Simile

1872 1768 2050 1812 autem
2083 1768 2164 1811 est
2194 1758 2269 1810 illi
2300 1776 2312 1810 :
2347 1756 2610 1821 Quoniam
2631 1766 2677 1810 et
2702 1757 2817 1824 ipsa
2847 1765 3089 1808 creatura
3123 1753 3433 1808 liberabitur

1875 1867 1906 1901 a
1948 1851 2192 1903 servitute
2232 1849 2577 1917 corruptionis
2615 1849 2679 1903 ⁸⁸.
2731 1841 2867 1902 υὶνιισ
2909 1850 3024 1918 quis
3061 1848 3251 1902 similis
3289 1848 3433 1902 tibi?

208 1927 308 1994 τῆς
325 1927 610 1996 δουλείας
640 1930 746 1998 τῆς
771 1932 1013 1999 φθορᾶς.
1033 1934 1095 1986 '0
1117 1935 1280 2000 Θεὸς,
1309 1936 1398 2000 τίς
1426 1936 1623 2005 ὅμοιός
1653 1954 1771 2000 σου

1875 1940 2088 1994 Gratias
2104 1941 2233 2010 agit,
2253 1939 2420 2010 quod,
2437 1940 2648 1994 etiamsi
2671 1940 2799 1993 olim
2828 1940 3021 1993 merito
3040 1939 3244 2008 peccati
3266 1955 3430 1993 causa

209 2022 526 2092 Εὐχαριστεῖ
566 2023 651 2090 ἐφ’
681 2019 781 2087 οἷς,
818 2026 992 2076 καίτοι
1020 2025 1188 2079 πάλαι
1231 2027 1317 2080 διὰ
1364 2027 1460 2099 τὴν
1504 2030 1772 2100 ἁμαρτίαν

208 2115 418 2180 δικαίως
463 2117 991 2188 καταδεδικασμένος
1029 2119 1262 2191 θανάτῳ,
1292 2123 1391 2176 οὐκ
1419 2123 1774 2194 ὲναπέμεινεν

209 2207 279 2277 τῷ
310 2207 553 2278 θανάτῳο
580 2209 715 2262 άλλὰ
745 2213 808 2280 τῇ
833 2209 926 2262 τοῦ
953 2210 1088 2264 Θεοῦ
1121 2211 1496 2285 φιλανθρωπίᾳ
1517 2214 1774 2268 ἀπολέλυ-

211 2316 290 2351 ται
313 2299 397 2352 διὰ
419 2301 659 2371 Χριστοῦ
687 2301 784 2372 τῆς
808 2302 1034 2373 φθορᾶς.

303 2398 461 2459 Οσας
501 2394 740 2460 ἑδειξάς
770 2413 871 2464 μοι
919 2397 1156 2464 θλίψεις
1198 2397 1468 2463 stolide;
1497 2399 1637 2451 Οἴων
1665 2400 1772 2470 γάρ

213 2501 272 2553 με
321 2487 411 2538 καὶ
460 2487 602 2538 ὅσων
654 2489 844 2556 πεῖραν
893 2487 1077 2540 λαϐεῖν
1121 2489 1378 2559 ἐποίησας
1411 2491 1629 2555 κακῶν;
1662 2492 1770 2545 Kal

211 2575 566 2644 ἐπιστρέψας
593 2577 991 2644 ἐζωοπωήσὰς
1009 2595 1106 2647 με,
1143 2580 1240 2633 καί
1259 2581 1328 2633 ἐκ
1348 2580 1463 2634 τῶν
1489 2583 1773 2637 ἀϐύσσων

211 2662 313 2730 τῆς
349 2664 460 2733 γῆς
503 2664 801 2736 ἀνήγαγές
844 2684 940 2735 με.
960 2667 1364 2734 Ἑπλεόνασας
1392 2668 1482 2720 ἐπ’
1512 2668 1615 2737 ἐμὲ
1660 2669 1774 2737 τὴν

208 2758 625 2825 μεταλοσὺνην
658 2774 792 2819 σου,
829 2759 927 2812 καί
959 2759 1326 2827 ἐπιστρέψας
1360 2759 1772 2828 παρεκάλεσάς

207 2863 292 2914 με.
311 2849 364 2900 ’0
387 2848 784 2918 διπλασιασμὸς
815 2849 956 2902 ἔοικε
987 2851 1269 2919 σημαίνειν
1297 2851 1392 2921 τὴν
1423 2852 1513 2904 ἐπὶ
1540 2855 1651 2915 τοῖς
1679 2869 1762 2922 με·

212 2938 274 2992 τὰ
302 2941 358 2992 τὸ
389 2939 673 3010 βάπτισμα
705 2941 1134 3012 πλημμελήμασι
1169 2944 1458 3015 γινομένην
1487 2945 1773 3014 μετάνοιαν

211 3028 392 3101 δεχτὴν
433 3033 701 3101 ὑπάρχειν
755 3033 850 3103 τῷ,
892 3034 966 3096 ὠς
1013 3035 1252 3105 εἴρηται,
1287 3035 1635 3088 πλεονάσαντι
1687 3038 1770 3104 ἐφ’

214 3125 349 3193 ἡμᾶς
386 3125 484 3196 τὴν
519 3126 684 3178 αὑτοῦ
715 3127 1022 3197 ἀγαθότητά
1061 3145 1118 3180 τε
1159 3129 1252 3180 καὶ
1289 3129 1648 3200 δικαιοσύνην.
1683 3129 1773 3181 Διὸ

1875 2042 2049 2087 morte
2082 2032 2376 2087 damnatus
2410 2034 2500 2099 sit,
2524 2048 2629 2086 non
2659 2033 2711 2085 in
2738 2037 2909 2086 morte
2939 2032 3262 2086 remanserit
3292 2047 3306 2095 ;
3339 2036 3430 2086 sed

1873 2125 1968 2179 Dei
1997 2126 2279 2180 clementia
2311 2141 2406 2196 per
2437 2125 2714 2179 Christum
2750 2124 3010 2179 liberatus
3051 2123 3123 2180 sit
3171 2139 3203 2178 a
3244 2139 3435 2179 corru—

1872 2217 2075 2286 ptione.

1941 2391 2030 2456 20,
2056 2392 2141 2446 2|.
2186 2391 2422 2457 Quantas
2445 2393 2718 2444 ostendisti
2746 2393 2873 2444 mihi
2905 2391 3269 2444 tribulationes
3292 2390 3431 2445 mul-

1873 2494 1954 2538 tas
1983 2487 2006 2539 .9
2031 2486 2285 2552 Qualium
2324 2501 2409 2540 me
2447 2495 2888 2555 quantorumque
2910 2486 3180 2539 malorum
3211 2487 3430 2555 experi-

1874 2587 2113 2632 mentum
2172 2593 2385 2631 sumere
2435 2575 2664 2632 fecisti?
2706 2575 2774 2629 Et
2833 2593 3107 2630 conversus
3154 2577 3432 2645 viviﬁcasti

1875 2684 1974 2731 me,
2003 2677 2053 2722 et
2085 2668 2146 2720 de
2183 2667 2383 2736 abyssis
2415 2678 2568 2720 terra:
2603 2668 2793 2720 iterum
2820 2665 3075 2719 reduxisti
3113 2683 3211 2720 me.
3247 2665 3434 2719 Multi-

1874 2761 2082 2830 plicasti
2112 2759 2556 2829 magniﬁcentiam
2591 2769 2759 2822 tuam,
2791 2769 2839 2813 et
2875 2776 3150 2815 conversus
3189 2759 3430 2814 consola-

1875 2862 1958 2906 tus
1983 2869 2036 2906 es
2064 2868 2162 2906 me.
2194 2851 2459 2921 llopctitio
2480 2851 2691 2905 videtur
2712 2851 3032 2920 signiﬁcare,
3060 2852 3434 2921 pmuitentiam

1872 2944 1937 2997 de
1969 2947 2200 3013 peccatis
2233 2953 2355 3012 post
2397 2943 2722 3013 baptismum
2770 2943 3022 2998 admissis
3073 2954 3348 3014 acceptam
3383 2945 3432 2998 ei

1872 3051 2012 3097 esse,
2052 3037 2166 3105 qui,
2216 3045 2274 3089 ut
2312 3037 2515 3090 dictum
2543 3045 2645 3096 est,
2697 3036 3076 3104 multiplicavit
3120 3053 3282 3106 super
3331 3051 3433 3092 nos

1873 3128 2164 3181 bonitatem
2215 3139 2267 3181 et
2316 3127 2580 3196 justitiam
2627 3143 2802 3182 suam.
2864 3127 3202 3197 Quapropter
3256 3127 3430 3197 prius,

216 3217 467 3288 πρότερον
502 3220 602 3288 μὲν
631 3218 711 3280 τὸ,
738 3216 1141 3284 ἐζωοποίησὰς
1168 3236 1264 3286 με,
1309 3220 1382 3283 ὡς
1421 3221 1511 3272 ἐπὶ
1543 3220 1770 3286 ἀναγενι

1876 3221 2151 3289 riviﬁcasti
2186 3236 2285 3279 me.
2323 3221 2477 3290 quasi
2513 3221 2579 3274 de
2621 3220 3029 3291 regeneratione
3074 3220 3278 3274 dictum
3305 3230 3386 3275 est
3416 3239 3429 3274 :

214 3310 408 3378 νήσεως
454 3313 668 3381 εἴρηται
694 3327 705 3338 ·
743 3309 993 3378 δεύτερον
1029 3310 1085 3362 δὲ
1129 3315 1210 3368 τὸ.
1237 3311 1671 3377 πιιρεχιὶλεσας,
1698 3311 1771 3373 t'o;

1876 3313 2116 3367 secundo
2144 3322 2346 3378 autem,
2386 3313 2684 3366 consolatus
2727 3330 2778 3366 es
2817 3330 2914 3377 me,
2954 3315 3111 3382 quasi
3138 3313 3206 3367 de
3248 3329 3315 3367 eo
3351 3313 3434 3368 di-

215 3400 298 3451 ἐπὶ
341 3401 816 3471 καταπονουμένου
867 3403 932 3471 τῇ
963 3400 1073 3455 τῶν
1106 3401 1512 3472 ἁμαρτημάτων
1545 3400 1770 3470 ἀθυμίᾳ.

219 3492 359 3544 Ἔστι
389 3493 573 3562 μέντοι
596 3494 688 3545 καὶ
717 3494 808 3545 ἐπὶ
835 3493 930 3563 τῆς
952 3493 1012 3556 ἐξ
1036 3493 1306 3559 Αἰγύπτου
1335 3492 1430 3563 μὲν
1455 3490 1774 3562 λυτρώσεως

213 3584 274 3635 τα
302 3585 539 3655 πρότερα
584 3585 680 3654 μὲν
717 3585 1052 3650 ἐκδέξασθαι,
1083 3587 1174 3638 ἐπὶ
1211 3587 1306 3656 τῆς
1339 3585 1430 3638 τοῦ
1475 3585 1677 3656 Κυρίου
1718 3584 1775 3638 δὲ

215 3675 506 3745 παρουσίας
551 3676 618 3728 τὰ
663 3676 888 3748 δεύτερα
929 3677 1138 3745 νοῆσαι,
1173 3678 1258 3729 ὅτε
1299 3678 1392 3729 καὶ
1433 3679 1464 3746 ἠ
1507 3677 1774 3747 παντελὴς

215 3768 334 3836 ἡμῖν
365 3769 554 3836 γέγονε
592 3769 952 3840 παράκλησις.
981 3771 1044 3821 Οί
1072 3768 1178 3841 γάρ
1207 3767 1264 3830 ἐξ
1291 3769 1562 3836 Αἰγύπτου
1591 3768 1772 3838 ἐξελη-

215 3858 441 3925 λυθότες,
472 3865 521 3916 εἰ
557 3864 652 3915 καὶ
678 3862 1020 3934 ὲρρύσθησαν
1041 3861 1134 3915 τοῦ
1163 3861 1494 3932 προσκαίρου
1521 3859 1771 3922 θανάτου,

215 3953 318 4006 ἀλλ’
345 3955 651 4008 ὑπέπιπτον
685 3955 764 4026 τῷ
796 3957 1018 4027 αἰωνίῳ,
1048 3955 1122 4019 ὡς
1159 3954 1380 4026 μηδέπω
1420 3953 1516 4024 τῆς
1542 3954 1774 4007 ἀναστά-

217 4062 342 4109 σεως
372 4048 778 4118 δεδωρημένης.

277 4139 380 4190 Kal
415 4137 526 4206 γὰρ
562 4136 676 4208 ἐγὼ
713 4136 1228 4207 ἐξομολογήσομαί
1277 4153 1374 4191 σοι
1415 4137 1483 4189 ἐν
1528 4139 1774 4191 σκεύεσι

215 4229 446 4298 ψαλμοῦ
475 4229 594 4296 τὴν
624 4230 913 4296 ἀλήθειάν
954 4248 1091 4292 σου,
1130 4234 1161 4284 ό
1190 4232 1353 4297 Θεός.
1383 4229 1557 4293 Οὕτω,
1590 4231 1772 4298 φησὶν,

215 4322 435 4390 ἐμαυτὸν
483 4326 890 4394 παρασκευάσω
919 4323 1008 4377 διὰ
1050 4325 1146 4395 τῆς
1184 4323 1616 4394 ὲξομολογήσεως
1657 4324 1776 4373 ὲπι-

214 4414 406 4483 τήδειον
429 4417 725 4486 γενηθῆναι
755 4417 889 4487 πρὸς
919 4415 980 4468 τὸ
1014 4415 1202 4478 σκεῦος
1227 4413 1544 4484 ὑμνολογίας
1573 4411 1773 4482 κληθῆ-

215 4522 312 4560 ναι.
345 4509 403 4562 Εἰ
429 4509 486 4561 δὲ
522 4509 714 4573 σκεῦος
746 4509 1007 4580 κληθῆναι
1039 4507 1267 4578 ἐκλογῆς
1295 4507 1560 4567 λέλεκται,
1586 4506 1770 4575 δηλονο

1878 3414 2024 3458 cttnn
2055 3417 2138 3459 est
2166 3407 2257 3474 qui
2295 3406 2517 3459 admissi
2555 3407 2758 3474 peccati
2790 3406 3005 3460 tristitia
3031 3406 3261 3459 laborat.
3298 3404 3433 3460 Pos-

1881 3506 2010 3552 sunt
2034 3498 2195 3550 etiam
2221 3496 2400 3566 priora
2425 3497 2491 3550 de
2521 3495 2842 3550 liberatione
2863 3512 2928 3550 ex
2967 3494 3200 3567 Egypto
3231 3497 3432 3552 intelli-

1877 3590 1950 3660 gi,
1981 3599 2034 3643 ct
2055 3589 2290 3644 secunda
2315 3589 2378 3642 de
2413 3587 2622 3641 Domini
2653 3588 2883 3642 adventu
2905 3589 3184 3658 explicari,
3215 3589 3433 3658 quando

1876 3681 2033 3734 nobis
2057 3681 2210 3750 plena
2251 3679 2552 3733 consolatio
2593 3677 2716 3731 fuit.
2747 3679 2850 3743 Qui
2895 3681 3040 3734 enim
3086 3695 3154 3735 ex
3197 3678 3433 3752 Egypto

1874 3773 2076 3842 egressi
2126 3779 2286 3832 sunt.
2347 3771 2446 3824 etsi
2504 3770 2714 3823 liberati
2754 3770 2972 3824 fuerunt
3015 3787 3044 3824 a
3087 3782 3431 3840 temporanea

1875 3875 2069 3928 morte,
2099 3874 2154 3918 at
2177 3864 2486 3919 inciderunt
2517 3863 2570 3918 in
2600 3875 2881 3930 mternam,
2915 3880 3039 3919 cum
3073 3866 3314 3920 nondum
3348 3881 3430 3919 re.

1875 3961 2227 4015 surrectionis
2253 3960 2420 4029 gratia
2449 3959 2570 4014 data
2593 3967 2737 4013 esset

1942 4138 2032 4192 2‘2.
2079 4135 2220 4189 Nam
2270 4145 2318 4189 et
2363 4150 2454 4203 ego
2499 4132 2783 4201 conﬁtebor
2835 4131 2930 4184 tibi
2970 4133 3024 4184 in
3064 4131 3202 4184 vasis
3239 4133 3432 4200 psalmi

1873 4234 2142 4284 ceritatem
2176 4239 2343 4290 tuam,
2375 4225 2535 4281 Deus.
2565 4225 2667 4290 Me,
2693 4225 2888 4295 inquit,
2915 4239 3008 4294 per
3034 4222 3432 4278 confessionem

1875 4325 1946 4378 ita
1991 4323 2289 4387 adornabo,
2332 4329 2391 4374 ut
2443 4331 2600 4389 aptus
2641 4319 2742 4374 sim
2791 4319 2882 4388 qui
2924 4333 3020 4373 vas
3079 4317 3435 4389 hymnologire

1874 4417 2128 4488 appeller.
2176 4414 2329 4481 Quod
2375 4414 2419 4467 si
2450 4414 2628 4466 dictus
2663 4420 2745 4466 est
2782 4427 2876 4466 vas
2905 4413 3205 4477 electionis,
3257 4411 3434 4467 dictus

1874 4519 1957 4563 est
1988 4508 2152 4561 etiam
2185 4523 2278 4560 sas
2305 4505 2683 4577 hymnologite.
2719 4504 2958 4558 Psallam
2991 4505 3086 4556 tibi
3123 4505 3174 4556 in
3202 4504 3429 4559 cithara.

213 4600 288 4652 δτι
312 4601 402 4654 καὶ
434 4601 628 4665 σκεῦος
660 4601 998 4673 ὑμνολογίας.
1024 4599 1202 4655 Ψαλῶ
1232 4617 1329 4654 σοι
1356 4600 1425 4652 ἐν
1451 4598 1771 4668 κιθάρᾳ.Τῇ

1876 4601 2102 4660 Anime,
2136 4597 2336 4666 inquit,
2362 4606 2647 4651 concentu.
2692 4594 2829 4648 Cum
2864 4595 3005 4650 enim
3041 4593 3126 4646 illa
3163 4593 3296 4646 nihil
3329 4593 3433 4646 sibi

216 4692 305 4763 τῆς
346 4695 523 4766 ψυχῆς
575 4696 805 4765 ἁρμονίᾳ
851 4695 1043 4766 φησίν⁶
1087 4695 1253 4747 ὀταν
1285 4693 1391 4765 γὰρ
1424 4693 1588 4763 μηδὲν
1623 4693 1774 4744 ἐναν-

215 4785 314 4838 τίον
341 4789 503 4859 ἑαυτῇ
539 4787 674 4857 μήτε
703 4786 844 4840 κατὰ
875 4787 965 4840 τὸν
988 4786 1098 4858 βίον
1127 4787 1261 4857 μήτε
1288 4787 1416 4857 περὶ
1441 4786 1509 4837 τὰ
1532 4785 1771 4854 δόγματα

217 4878 332 4945 τωιῇ
378 4878 628 4949 ἢπάσχῃ
659 4879 692 4947 ἡ
725 4876 892 4949 ψυχὴ,
927 4877 1046 4931 τότε
1091 4879 1156 4949 δὴ
1201 4879 1320 4932 τότε
1369 4877 1530 4947 νοητὴ
1571 4874 1772 4946 κιθάρα

217 4966 424 5040 κληθείη
452 4970 698 5034 δικαίως.

289 5060 772 5130 Ἀγαλλιὰσονται
804 5062 875 5116 τὰ
899 5063 1072 5132 χείλη
1094 5081 1233 5132 μου,
1274 5061 1419 5115 ὅταν
1453 5060 1628 5130 ψαλῶ
1651 5079 1769 5116 σοι.

217 5150 371 5206 Τοῦτο
413 5155 553 5225 πρὸς
585 5155 986 5226 ἀντιδιαστολὴν
1019 5155 1112 5208 τοῦ
1160 5155 1325 5225 νόμου
1368 5153 1644 5206 λέλεκται⁸
1692 5155 1776 5206 ὅτι

217 5242 384 5300 ἐκεῖνα
408 5248 507 5318 μὲν
533 5247 601 5300 τὰ
629 5247 975 5318 ιπιτάγματα
1003 5243 1071 5320 ῆν
1101 5247 1351 5318 φορτικὰ,
1385 5246 1460 5309 ὡς
1489 5247 1776 5317 δυσκατόρ-

219 5334 368 5400 θωτα,
397 5340 570 5394 ταῦτα
594 5339 650 5393 δὲ
684 5341 898 5412 χρηστά
928 5358 986 5394 τε
1029 5341 1120 5394 καὶ
1162 5339 1388 5411 ἐλαφρὰ,
1421 5338 1494 5402 ὡς
1539 5339 1632 5393 καὶ
1657 5338 1775 5408 ἠδο-

219 5429 304 5498 νῆς
348 5432 769 5504 ἀποπληροῦντα
813 5433 938 5496 τοὺς
975 5432 1301 5500 ἀξιωθέντας
1349 5431 1546 5486 αὐτῶν.
1600 5431 1707 5485 Kal
1735 5431 1773 5498 ἡ

222 5523 374 5590 ὶίύκή
406 5543 526 5592 μου
578 5523 660 5592 ἦν
708 5523 1055 5590 έιῖυτρώσω.
1082 5525 1181 5595 τῆς
1219 5525 1488 5595 ἁμαρτίας
1522 5523 1621 5591 τῆς
1650 5522 1776 5591 φθο-

223 5615 333 5683 ρᾶς,
362 5618 456 5688 τῆς
483 5618 727 5681 δουλείας
753 5617 844 5671 τοῦ
881 5619 1114 5684 Σατανᾶ,
1143 5617 1236 5672 τοῦ
1262 5616 1490 5670 θανάτου
1517 5613 1700 5669 αὐτοῦ.

283 5887 326 5922 ⁶⁶
371 5889 520 5948 Rom.
557 5903 747 5952 IH'III,
776 5887 864 5942 ΩΙ.

1876 4693 2233 4755 contrarium,
2279 4690 2391 4744 sive
2423 4689 2719 4744 secundum
2761 4689 2948 4750 vitam,
2987 4689 3100 4742 sive
3134 4687 3433 4743 secundum

1877 4785 2175 4840 doctrinam
2201 4781 2390 4836 fecerit
2417 4790 2510 4835 aut
2541 4797 2700 4852 passa
2733 4780 2918 4846 fuerit,
2955 4789 3084 4836 tunc
3113 4797 3248 4836 sane
3274 4780 3436 4851 spiri-

1879 4877 2038 4931 tualis
2067 4875 2271 4930 cithara
2300 4873 2420 4944 jure
2447 4873 2766 4943 appelletur.

1947 5055 2036 5109 25.
2083 5053 2437 5108 Εεειιιιαὸιιηι
2488 5053 2630 5106 labia
2669 5069 2784 5107 mea
2827 5069 2944 5107 cum
2995 5061 3273 5106 cantauero
3319 5055 3433 5110 tibi.

1881 5146 1992 5201 lloc
2017 5147 2092 5201 ait
2116 5146 2183 5200 ad
2214 5145 2506 5200 discrimen
2538 5144 2692 5216 legis,
2729 5143 2856 5213 quia
2889 5143 3010 5212 ejus
3049 5143 3266 5211 quidem
3300 5158 3432 5213 prae-

1879 5250 2032 5310 cepta
2079 5254 2308 5294 onerosa
2356 5249 2511 5292 erant
2554 5245 2608 5292 et
2656 5237 2947 5292 observatu
2999 5233 3253 5291 dilllcilia.
3314 5234 3434 5292 llaec

1881 5342 2060 5389 autem
2093 5339 2378 5385 mansueta
2407 5345 2471 5384 ac
2509 5330 2645 5385 levia
2668 5337 2814 5394 sunt,
2854 5329 2927 5384 ita
2967 5339 3027 5383 ut
3071 5343 3165 5383 eos
3195 5329 3286 5398 qui
3329 5328 3435 5382 illis

1881 5426 2083 5496 dignati
2118 5435 2246 5480 sunt
2265 5427 2536 5492 voluptate
2567 5423 2825 5492 repleam.
2851 5424 2916 5479 Et
2939 5423 3117 5477 anima
3138 5439 3250 5477 mea
3279 5437 3434 5490 quam

1882 5519 2166 5584 redemisti,
2196 5533 2224 5572 a
2257 5527 2476 5588 peccato
2508 5516 2894 5588 corruptionis,
2922 5530 2952 5570 a
2986 5516 3243 5572 servitute
3283 5513 3432 5570 Sata-

1883 5627 1985 5671 nte.
2013 5611 2080 5666 ab
2107 5611 2220 5682 ipsa
2253 5620 2440 5667 morte.
