4108 6496
207 440 305 495 525

1242 440 1607 499 EXPOSITIO
1646 442 1711 498 IN
1752 440 2083 498 PSALMUM
2122 440 2309 499 LXXI.

3330 444 3438 501 326

214 556 480 628 τερμάτων
530 557 637 628 τῆς
684 557 1028 630 οίκουμένης.
1046 559 1265 631 Ἐπειδὴ
1297 561 1408 633 γὰρ
1458 562 1631 634 πέραν
1676 561 1769 631 τῆς

1878 559 2020 614 ultra
2067 560 2202 615 lines
2254 568 2413 615 terra;
2444 575 2641 631 magna
2668 569 2723 616 et
2768 560 3036 615 im'mensa
3091 561 3263 616 maria
3290 570 3438 629 sunt,

216 648 301 717 (ἧς
346 648 415 702 τὰ
466 649 685 719 μεγάλα
735 650 829 703 καὶ
886 651 1093 705 ἄπλετα
1139 652 1372 723 πλάγη,
1429 654 1587 709 ἅτινά
1636 670 1779 717 τινες

216 736 528 791 Ἀτλαντικὰ
580 739 857 804 καλοῦσιν,
875 741 1143 807 Ὠκεανὸν,
1187 744 1439 814 ἑσπέριον
1470 746 1564 797 καὶ
1610 743 1775 816 ἑῷον

209 829 417 893 εἰκότως
451 830 554 900 τῆς
589 832 915 904 οἰκουμένης
958 834 1019 887 τὸ
1061 835 1263 906 κράτος
1304 839 1423 900 ταῖς
1457 837 1653 904 ἔξωθεν
1680 856 1778 891 κυ-

208 921 449 986 κλούσαις
479 923 786 989 θαλάσσαις
827 926 1058 997 ἐδήλωσε
1079 945 1092 957 ·
1128 929 1223 982 καὶ
1257 928 1416 983 τοῦτο
1448 930 1777 1003 σαφέστερον

206 1013 229 1064 ὁ
257 1014 389 1083 μετὰ
417 1015 629 1070 τούτων
656 1018 877 1088 ἐποίησε
906 1019 1105 1090 στίχος.

264 1102 376 1157 Kal
404 1108 462 1159 oi
487 1106 695 1174 ἐχθροί
717 1106 899 1161 αὑτοῦ
920 1110 1076 1178 χοῦν
1097 1111 1194 1163 λεί
1198 1110 1394 1175 ξουσι.
1422 1113 1630 1186 Σφόδρα
1653 1114 1779 1167 ὑπο-

203 1200 523 1267 ταγήσονται
563 1200 617 1251 οἱ
658 1200 919 1271 πολέμιοι,
954 1201 1030 1265 ὡς
1062 1202 1137 1274 μὴ
1171 1204 1396 1275 δρᾶσθαι
1429 1207 1607 1279 μάχην
1639 1208 1777 1279 πρὸς

202 1288 372 1352 αὑτὸν,
397 1293 464 1343 ἐκ
492 1295 808 1363 μεταφορᾶς
835 1294 944 1347 τῶν
966 1295 1060 1348 ἐπὶ
1090 1296 1195 1368 γῆς
1220 1299 1525 1353 πιπτόντων
1555 1301 1650 1354 καὶ
1677 1301 1775 1373 τὴν

203 1380 474 1454 ὑποταγὴν
503 1386 901 1455 σημαινόντων.

271 1474 401 1528 Ὀτι
429 1476 728 1544 ἐρρύσατο
752 1476 987 1546 πτωχὸν
1005 1478 1073 1533 ἐκ
1091 1478 1415 1536 δυνάστου.
1434 1482 1553 1537 Ἀπ’
1567 1483 1771 1556 ἄκρων,

204 1564 351 1633 φησὶ,
385 1569 641 1638 περάτων
681 1568 781 1639 τῆς
815 1571 1136 1643 οἰκουμένης
1163 1572 1264 1638 ἓως
1303 1573 1488 1645 ἄκρων
1532 1593 1773 1649 προσκυ-

204 1654 446 1723 νήσουσιν
490 1656 644 1727 αὐτῷ
694 1658 763 1711 τά
810 1675 871 1711 τε
909 1659 1035 1731 ἔθνη
1067 1663 1161 1714 καὶ
1192 1664 1241 1715 oi
1266 1662 1520 1733 βασιλεῖς,
1555 1668 1776 1738 εὐχαρι-

208 1744 447 1809 στοῦντες
480 1748 570 1816 ἐφ’
603 1743 685 1811 οἷς
708 1750 805 1821 τῆς
834 1751 1290 1817 καταδυναστείας
1318 1757 1514 1821 αὐτοὺς
1542 1756 1776 1830 ἐλυτρώ-

208 1850 323 1889 cate
348 1838 439 1892 τοῦ
468 1840 703 1895 Σατανᾶ.
724 1843 823 1898 Ἐκ
855 1846 1035 1897 τόκου
1066 1845 1163 1898 καί
1189 1846 1257 1910 ἐξ
1278 1845 1513 1915 ἀδικίας
1554 1850 1775 1917 λυτρώ-

208 1943 359 1983 uerat
388 1929 499 1997 τὰς
540 1934 749 2002 ψυχὰς
773 1933 988 1990 αὐτῶν.
1009 1933 1333 2006 Ἐξαλείφων
1360 1939 1423 1992 τὸ
1452 1941 1571 1992 κατ’
1596 1941 1775 1996 αὐτῶν

210 2023 561 2095 γειρόγραφον
593 2029 687 2079 καὶ
712 2027 1068 2099 χαριζόμενος
1106 2032 1200 2085 καὶ
1241 2031 1318 2102 τῷ
1344 2032 1411 2085 τὰ
1446 2035 1775 2089 πεντακόσια

209 2116 286 2167 ml
334 2115 405 2187 τῷ
444 2116 517 2171 τὰ
561 2120 899 2191 πεντήκοντα
940 2123 1223 2192 ὀφείλοντι.
1271 2124 1377 2180 Kal
1428 2125 1669 2196 ἔντιμον
1707 2128 1773 2182 τὸ

209 2205 384 2275 ὄνομα
440 2210 653 2265 αὐτοῦ.
689 2212 1010 2285 Σεϐάσμιος,
1052 2216 1236 2289 φησὶν,
1270 2217 1420 2272 ἔσται
1454 2218 1605 2291 παρὰ
1638 2221 1775 2275 πᾶσι

208 2298 293 2351 καὶ
318 2299 545 2367 ἔνδοξος.
1115 2358 1129 2371 .

270 2390 377 2445 Kal
403 2392 667 2461 ζήσεται,
706 2398 801 2453 καὶ
833 2398 1146 2467 δοθήσεται
1174 2402 1334 2470 αὐτῷ
1371 2405 1441 2459 ἐκ
1485 2406 1591 2460 τοῦ
1635 2424 1777 2476 χρυ-

207 2485 337 2537 σίου
356 2486 468 2555 τῆς
503 2488 983 2557 Ἀραϐίας.Ταῦτά
1005 2514 1136 2568 φησι
1156 2497 1245 2551 διὰ
1275 2498 1365 2551 τὸν
1386 2499 1776 2554 ἀποστείλαντα

216 2576 704 2651 Ἦρὼδην’ἁνελε“ίν
730 2584 798 2638 τὰ
834 2584 1028 2658 βρέφη.
1080 2588 1241 2657 Λέγει
1274 2586 1386 2654 οὖν,
1418 2591 1494 2655 ὡς
1535 2593 1596 2645 οὐ
1638 2610 1777 2663 συμ-

206 2667 664 2741 περιληφθήσεται
713 2678 823 2739 τοῖς
869 2678 1282 2750 ἀναιρουμένοις
1311 2683 1563 2747 παιδίοις.
1597 2685 1669 2738 To
1693 2685 1773 2751 δὲ,

209 2759 313 2814 Καὶ
337 2763 661 2831 δοθήσεται
679 2766 836 2833 αὐτῷ
856 2771 1114 2837 χρυσίον
1148 2772 1468 2841 Ἀραϐικὸν,
1497 2775 1647 2846 δηλοῖ
1677 2794 1774 2831 σα-

206 2853 313 2920 φῶς
342 2855 377 2910 ἃ
406 2859 791 2929 προσήνεγκαν
835 2862 885 2915 oi
936 2863 1101 2933 μάγοι
1142 2863 1310 2935 δῶρα.
1352 2864 1463 2920 Καὶ
1514 2872 1773 2937 προσεύο

206 2945 398 3011 {artat
449 2952 585 3018 περὶ
630 2952 811 3007 αὑτοῦ
845 2952 1188 3022 διαπαντός.
1224 2957 1395 3012 Αὐτὸν
1419 2961 1776 3029 ὀνομάζοντες

204 3038 257 3089 ἑν
293 3045 642 3113 προσευχαῖς,
673 3045 766 3098 καὶ
793 3046 858 3099 δι’
892 3046 1056 3101 αὐτοῦ
1085 3047 1266 3103 δοῦναι
1308 3050 1398 3105 τὸν
1424 3052 1644 3126 Πατέρα
1674 3057 1773 3109 αὐ-

204 3133 305 3194 τοῖς
330 3130 609 3196 ἀξιοῦντες
635 3136 743 3189 τῶν
769 3137 987 3206 ἀγαθῶν
1015 3140 1113 3213 τὴν
1143 3142 1313 3198 δόσιν.

274 3224 483 3278 Ἔσται
514 3226 811 3298 στήριγμα
830 3230 899 3284 ἐν
929 3230 1002 3299 τῇ
1026 3232 1120 3302 γῇ.
1146 3235 1257 3307 Τῆς
1297 3236 1643 3309 Ἐκκλησίας,
1671 3257 1774 3312 φη-

206 3314 273 3378 σὶ,
306 3317 397 3368 καὶ
426 3316 528 3387 τῆς
556 3320 895 3390 οἰκουμένης.
914 3324 1039 3377 Ἐπ’
1061 3324 1258 3393 ἄκρων
1290 3327 1407 3380 τῶν
1434 3329 1635 3397 ὀρέων,
1666 3332 1772 3386 τῶν

1877 668 1999 722 qua:
2026 653 2293 708 Atlantica
2323 652 2545 724 quidam
2574 663 2795 722 vocant,
2829 653 3129 722 Oceanum,
3176 655 3435 712 occiden-

1878 744 1984 798 tale
2019 752 2073 798 et
2116 743 2413 809 oricntale;
2455 744 2579 813 jure
2623 744 2775 800 orbis
2833 746 3121 814 imperium
3167 747 3445 801 ambiettte

1876 835 2067 906 pelago
2112 836 2554 891 circumscribit:
2604 838 2751 908 quod
2800 840 3045 908 apertius
3088 831 3445 909 subsequenti

1875 926 2146 982 versiculo
2161 928 2495 984 exolicatur.

1946 1082 1999 1138 9.
2041 1081 2109 1137 Et
2140 1085 2339 1138 inimici
2360 1086 2473 1155 ejus
2523 1095 2719 1141 terram
2747 1087 2968 1159 iingent.
3019 1086 3263 1157 Subjecti
3292 1087 3443 1156 peni-

1877 1183 1965 1229 tus
1997 1174 2049 1230 ei
2081 1184 2241 1230 erunt
2267 1177 2497 1246 inimici,
2524 1188 2585 1234 ut
2614 1181 2751 1235 nihil
2792 1196 2985 1253 pugna:
3024 1182 3285 1236 adversus
3315 1195 3439 1235 eum

1876 1268 2143 1333 videatur,
2171 1285 2237 1323 ex
2266 1272 2577 1341 metaphora
2606 1288 2795 1327 eorum
2842 1273 2937 1343 qui
2975 1270 3029 1327 in
3083 1283 3283 1327 terram
3313 1286 3442 1342 pro-

1875 1360 2066 1415 cidunt
2094 1360 2147 1414 in
2175 1362 2545 1431 obsequentia:
2574 1364 2811 1435 signum.

1946 1451 2135 1507 12-14.
2171 1452 2311 1519 Quit:
2366 1455 2610 1511 liberabit
2658 1474 2935 1526 pauperem
2968 1467 3029 1511 'a
3085 1467 3312 1527 potente.
3357 1457 3442 1513 Ab

1872 1546 2133 1601 extremis
2154 1547 2222 1601 ad
2263 1556 2537 1604 extremos
2577 1565 2752 1619 usque
2780 1552 2912 1605 lines
2950 1560 3107 1605 terrae
3137 1549 3442 1604 adorabunt

1872 1650 1996 1688 eum
2038 1627 2223 1705 génlcs
2254 1646 2417 1707 atque
2455 1654 2626 1708 reges,
2656 1641 2858 1709 gratias
2890 1650 3133 1710 agentes,
3167 1639 3311 1709 quod
3343 1652 3441 1693 eos

1873 1740 1902 1779 a
1934 1729 2213 1797 tyrannide
2246 1728 2459 1785 Satame
2482 1730 2810 1788 liberaverit.
2856 1731 2939 1786 Ex
2967 1734 3141 1787 usuris
3161 1742 3210 1785 et
3242 1730 3440 1802 iniqui-

1876 1827 1983 1874 tate
2022 1823 2238 1875 redimet
2294 1824 2503 1878 animos
2528 1840 2728 1878 eorum.
2764 1824 2962 1879 Delens
3014 1825 3440 1896 chirographum

1809 1921 1848 1979 Β
1876 1912 2138 1968 adversus
2165 1929 2261 1969 eos
2320 1916 2609 1986 scriptum,
2663 1926 2718 1972 et
2749 1919 2919 1987 gratis
2952 1918 3194 1972 debitum
3247 1917 3440 1972 remit-

1879 2013 1999 2059 tens
2033 2007 2082 2060 ei
2129 2006 2223 2076 qui
2273 2009 2569 2079 quingenta
2606 2020 2767 2081 atque
2816 2012 2865 2068 ei
2913 2010 3007 2081 qui
3041 2010 3438 2081 quinquaginta

1875 2096 2126 2153 debebat.
2174 2096 2245 2153 Et
2276 2102 2582 2157 Itonorabile
2610 2119 2798 2157 nomen
2865 2120 3047 2158 eorum
3090 2119 3271 2157 eorum
3323 2103 3439 2157 illo.

1876 2184 2254 2256 Venerandus,
2306 2191 2502 2262 inquit,
2538 2201 2593 2247 et
2624 2193 2899 2264 gloriosus
2935 2194 3078 2265 apud
3109 2194 3441 2250 omneserit.

1951 2365 2042 2420 l5.
2072 2364 2141 2420 Et
2168 2368 2298 2422 vivet
2331 2379 2380 2423 et
2430 2368 2644 2423 dabitur
2680 2373 2728 2425 ei
2776 2372 2842 2426 de
2875 2389 3005 2427 auro
3055 2375 3283 2429 Arabian
3318 2372 3444 2431 limo

1875 2456 1953 2510 ait
1973 2468 2195 2529 propter
2221 2459 2489 2517 Herodem
2547 2462 2641 2533 qui
2695 2464 2847 2519 misit
2892 2464 3138 2520 ocuisum
3181 2465 3439 2523 infantes.

1874 2548 1963 2601 Ait
2003 2550 2170 2620 igitur
2227 2566 2351 2607 eum
2412 2569 2521 2609 non
2568 2570 2677 2609 una
2733 2571 2857 2610 cum
2898 2557 3085 2627 pueris
3138 2559 3434 2615 enecandis

1874 2642 2443 2711 comprehendendum
2473 2645 2610 2703 fore.
2644 2647 2778 2703 illud
2818 2658 2997 2704 autem
3027 2668 3041 2704 :
3098 2648 3166 2704 Et
3231 2650 3442 2705 dabitur

1873 2731 1922 2783 ei
1951 2747 2142 2785 aurum
2171 2734 2479 2801 Arabicum,
2506 2738 2746 2793 declarat
2793 2739 3083 2797 manifeste
3130 2756 3254 2813 quae
3299 2741 3439 2813 Magi

1874 2818 2016 2875 dona
2053 2822 2362 2878 obtulerunt
2393 2826 2457 2879 ".
2501 2824 2572 2879 Et
2618 2828 2915 2883 adorabunt
2960 2832 3023 2885 de
3078 2833 3192 2903 ipso
3218 2849 3433 2904 semper.

1874 2910 2056 2981 Ipsum
2090 2915 2479 2983 compellantes
2512 2918 2567 2972 in
2615 2921 2978 2988 orationibus,
3005 2932 3061 2977 et
3108 2940 3203 2993 per
3252 2941 3378 2980 eum
3409 2940 3439 2979 a

1874 3001 2034 3060 Patre
2059 3003 2178 3061 dari
2211 3008 2316 3062 sibi
2348 3008 2619 3066 bonorum
2648 3028 2878 3069 munera
2911 3026 3187 3086 rogantes.

1946 3228 2159 3286 16.Erit
2183 3233 2574 3301 ﬁrmamentum
2601 3238 2657 3291 in
2695 3248 2854 3295 terra.
2884 3240 3141 3299 Ecclesia:
3172 3254 3226 3300 et
3254 3244 3437 3301 orbis:

1878 3320 1931 3373 in
1952 3324 2170 3377 summis
2207 3328 2463 3380 montium
2483 3370 2497 3394 ,
2530 3331 2904 3399 apostolorum
2933 3343 2988 3389 et
3025 3336 3435 3406 prophetarum.

204 3404 505 3461 ἀποστόλων
533 3410 627 3463 καὶ
654 3413 965 3484 προφητῶν.
985 3415 1474 3487 Ὑπεραρθήσεται
1503 3421 1653 3491 ὑπὲρ
1674 3423 1769 3478 τὸν

1876 3411 2327 3483 Superextolletur
2350 3436 2507 3491 super
2528 3422 2783 3477 Libanum
2805 3416 3008 3495 fruetus
3042 3404 3178 3499 ejus.
3200 3428 3438 3486 Libanus

206 3497 456 3553 Λίϐανον
495 3504 785 3570 ό⁴καρπὸς
811 3507 1016 3563 αὐτοῦ.
1043 3508 1273 3575 Λίὸανος
1305 3510 1403 3583 μὲν
1429 3514 1461 3583 ἠ
1506 3514 1775 3588 Ἰερουσα-

204 3584 335 3677 λῄμ*
370 3594 585 3662 καρπδς
634 3594 691 3647 δὲ
738 3597 902 3651 αὐτοῦ
944 3600 972 3651 δ
1018 3600 1373 3671 εὐαγγελικὸς
1405 3584 1587 3675 λόγος.⁷
1611 3607 1774 3677 Λέγει

204 3674 309 3744 οὖν,
332 3680 407 3745 ὡς
434 3683 579 3755 ὑπὲρ
608 3684 703 3756 τὴν
735 3687 876 3740 κατά
907 3689 1070 3759 νόμον
1103 3691 1358 3762 λατρείαν
1387 3695 1538 3751 ἔσται
1576 3697 1636 3750 τὸ
1675 3699 1776 3769 κή-

209 3786 381 3843 ρυγμα
423 3773 485 3827 τὸ
535 3775 906 3844 εὐαγγελικόν.
940 3779 1051 3834 Kal
1089 3781 1540 3850 ἐξανθήσουσιν
1565 3788 1634 3842 ἐκ
1669 3790 1774 3843 πό-

203 3865 345 3931 λεως
384 3866 530 3921 ὡσεί
578 3868 789 3937 χόρτος
816 3868 927 3940 τῆς
954 3870 1086 3940 γῆς.
1120 3874 1279 3928 Πόλιν
1309 3876 1407 3949 τὴν
1447 3879 1772 3951 Ἐκκλησίαν

206 3954 467 4023 σημαίνει,
505 3960 634 4029 περὶ
658 3954 725 4031 ἧς
747 3959 1083 4031 γέγραπται·
1115 3964 1533 4038 Δεδοξασμένα
1553 3970 1773 4041 ἐλαλή-

204 4046 271 4111 θη
300 4048 428 4115 περὶ
457 4048 598 4111 σοῦ,
622 4052 660 4119 ἡ
692 4053 867 4119 πόλις
891 4052 997 4107 τοῦ
1028 4056 1196 4111 Θεοῦ.

270 4138 384 4207 Πρὸ
408 4139 514 4193 τοῦ
540 4141 717 4208 ἡλίου
745 4141 1002 4213 διαμένει
1031 4148 1097 4201 τὸ
1121 4148 1308 4220 ὄνομα
1332 4152 1536 4208 αὐτοῦ.
1558 4156 1771 4211 Δείκνυ-

205 4241 302 4289 σιν.
334 4230 408 4295 ῶς
440 4228 599 4297 οὗτος
631 4235 660 4288 ὁ
706 4232 779 4306 μὴ
813 4236 1171 4305 ἀποκτανθεὶς
1211 4242 1349 4312 μετὰ
1398 4244 1504 4299 τῶν
1555 4245 1768 4319 βρεφῶν

203 4318 339 4375 ἔστιν
380 4323 409 4376 δ
456 4324 566 4397 πρὸ
612 4325 916 4400 καταόολῆς
965 4330 1170 4402 κόσμου
1204 4334 1461 4407 ὑπάρχων
1497 4318 1634 4410 μετὰ
1672 4339 1766 4393 τοῦ

205 4411 427 4485 Πατρός.

267 4506 611 4576 Εὐλογητὸς
651 4511 685 4562 ό
720 4506 937 4578 Κύριος
967 4510 996 4563 ό
1036 4510 1179 4577 Θεὸς
1212 4514 1470 4583 Ἰσραὴλ,
1505 4520 1539 4571 ό
1579 4516 1767 4574 ποιῶν

202 4596 493 4666 θαυμάσια
513 4599 719 4667 μόνος.
750 4600 1044 4667 Διεξελοὼν
1083 4604 1260 4659 πάντα
1283 4605 1318 4660 ἃ.
1345 4607 1677 4679 κατορθώσει
1704 4612 1761 4663 ἐν

200 4690 260 4759 τῇ
282 4691 564 4762 οἰκονομίᾳ
582 4693 693 4755 τοῖς
718 4694 809 4747 ini.
829 4695 926 4766 τῆς
948 4695 1070 4765 γῆς,
1096 4694 1261 4765 ὕμνον
1278 4699 1592 4771 ἀναπέμπει
1615 4703 1761 4774 αὐτῷ

200 4778 380 4849 λέγων,
404 4783 482 4848 ὡς
521 4782 685 4846 αὐτὸς
731 4784 814 4856 είη
853 4787 881 4838 ό
913 4786 1044 4850 Θεὸς
1085 4787 1316 4858 Ἰσραὴλ,
1358 4793 1387 4845 ό
1416 4792 1575 4862 μόνος
1604 4794 1762 4865 δυνη-

202 4870 302 4937 θεὶς
326 4875 497 4930 ταῦτα
538 4876 760 4947 ποιῆσαι
791 4876 856 4930 τὰ
886 4876 1183 4949 θαυμάσια.
1223 4882 1357 4934 Ποῖα
1381 4885 1437 4937 δὲ
1462 4884 1757 4956 θαυμάσια,

199 4960 229 5031 ἦ
270 4963 329 5015 τὸ
366 4964 709 5036 καταργῆσαι
755 4964 853 5036 τὴν
900 4967 1215 5023 δυναστείαν
1265 4970 1356 5024 τοῦ
1400 4974 1631 5037 Σατανᾶ,
1667 4976 1761 5029 καὶ

200 5051 464 5117 ἐξελέσθαι
490 5057 615 5120 τοὺς
644 5057 1157 5130 ἐπιϐουλευομένους
1200 5062 1303 5133 τῆς
1343 5063 1450 5117 τῶν
1494 5065 1763 5137 δαιμόνων

199 5141 528 5210 τυραννίδοςς
552 5143 747 5198 Σκόπει
766 5146 844 5211 δὲ,
873 5146 949 5209 ῶς
973 5150 1069 5218 οὐχ
1098 5152 1330 5221 ἁρμόσει
1350 5154 1426 5224 τῷ
1455 5154 1761 5227 Σολομῶντι

201 5230 268 5300 τῷ
302 5237 363 5288 ἑκ
389 5236 491 5307 τῆς
538 5234 631 5288 τοῦ
664 5238 862 5311 Οὐρίου
892 5240 1043 5294 οὐδὲν
1076 5242 1181 5297 τῶν
1226 5247 1530 5318 εἰρημένων
1572 5252 1630 5303 ἐν
1680 5252 1758 5323 τῷ

203 5321 381 5398 Ψαλμῷ
401 5345 416 5358 ⁶
446 5325 571 5380 οὕτε
598 5328 659 5381 τό
681 5346 694 5359 ·
732 5333 852 5399 Πρὸ
876 5334 979 5389 τοῦ
1011 5334 1186 5401 ἡλίου
1212 5338 1275 5391 τό
1312 5339 1498 5409 ὄνομα
1536 5321 1753 5395 αὑτοῦὴ·

201 5414 311 5470 οὔτε
330 5421 389 5473 τό
407 5436 421 5450 ·
456 5420 662 5476 Πάντα
690 5423 761 5476 τὰ
789 5424 934 5493 ἔθνη
956 5427 1402 5485 δουλεύσουσιν
1424 5430 1582 5497 αὐτῷ
1598 5450 1610 5462 ·
1638 5434 1758 5487 οὐδὲ

199 5508 283 5562 τό·
316 5514 432 5580 Πρὸ
472 5513 585 5583 τῆς
629 5514 895 5584 σελήνης
928 5522 1135 5588 γενεὰς
1162 5522 1399 5591 γενεῶν.
1417 5525 1510 5578 Ἐκ
1542 5526 1757 5579 πάντων

199 5594 283 5657 οὖν
300 5604 502 5660 τούτων
538 5606 714 5679 δῆλον,
746 5606 827 5661 ὅτι
865 5610 945 5673 είς
982 5612 1071 5665 τὸν
1109 5614 1313 5686 Κύριον
1354 5615 1510 5688 ἡμῶν
1552 5617 1755 5688 Ἰησοῦν

202 5692 417 5764 Χριστὸν
440 5699 705 5757 λέλεκται.

277 5876 530 5936 s“.‘Ilatth.
560 5896 621 5944 tt.
658 5884 737 5940 ll.
831 5885 875 5916 "
902 5884 1041 5942 Psal.
1080 5903 1296 5955 tum,
1326 5889 1379 5943 3.

1874 3512 1957 3557 est
1977 3501 2319 3572 Jerusalem;
2370 3509 2580 3567 fructus
2613 3523 2793 3569 autem
2826 3516 2947 3585 ejus
2971 3521 3437 3591 estevangelicum

1873 3596 2122 3652 verbum.
2160 3600 2251 3654 Ait
2281 3602 2448 3671 igitur
2476 3606 2920 3674 praedicationem
2948 3615 3315 3685 evangelicum
3345 3633 3435 3673 su-

1872 3687 2138 3755 periorem
2176 3689 2291 3745 fore
2320 3692 2475 3762 legali
2503 3694 2671 3750 cultu.
2715 3695 2779 3749 Et
2807 3700 3072 3767 ﬂorebunt
3114 3705 3179 3759 de
3219 3707 3432 3763 civitate

1871 3778 2007 3830 sicut
2043 3780 2220 3849 fenum
2282 3791 2457 3839 terra.
2497 3785 2600 3841 Per
2654 3788 2931 3846 civitatem
2982 3796 3229 3865 designat
3252 3798 3433 3855 Eccle-

1870 3870 2030 3933 siam,
2060 3873 2129 3929 de
2159 3890 2264 3943 qua
2297 3877 2562 3947 scriptum
2591 3891 2708 3937 est:
2739 3883 2984 3940 Gloriosa
3038 3887 3183 3943 dicta
3220 3901 3344 3946 sunt
3370 3894 3435 3946 de

1871 3972 1940 4034 te,
1972 3967 2158 4022 civitas
2190 3966 2285 4023 Dei
2318 3969 2365 4002 ⁷³

1941 4142 2029 4198 17.
2054 4145 2190 4199 Ante
2241 4161 2402 4201 sarem
2455 4162 2725 4219 permanet
2772 4169 2960 4211 nomen
3016 4157 3153 4226 ejus.
3183 4156 3428 4223 Declarat

1866 4247 1991 4287 eum
2018 4236 2112 4304 qui
2148 4251 2255 4291 non
2294 4254 2401 4293 una
2435 4256 2559 4296 cum
2623 4243 2923 4301 infantibus
2977 4248 3296 4307 interfectus
3326 4264 3428 4318 cst,

1865 4327 2119 4383 eumdem
2154 4345 2277 4385 esse
2302 4332 2396 4401 qui
2426 4344 2553 4391 ante
2584 4338 2770 4392 mundi
2818 4342 3270 4397 constitutionem
3302 4360 3425 4401 cun

1864 4413 2023 4472 Patre
2057 4418 2288 4473 exsistit.

1933 4508 2021 4563 18.
2056 4509 2369 4565 Benedictus
2423 4512 2678 4570 Dominus
2725 4516 2865 4573 Deus
2913 4517 3102 4587 Israel,
3158 4526 3248 4590 qui
3296 4526 3427 4597 facit

1864 4601 2355 4661 mirabilia.solus.
2405 4605 2700 4679 Postquam
2756 4616 3033 4669 recensuit
3091 4619 3274 4673 omnia
3305 4635 3427 4689 qua:

1865 4704 2105 4763 tempore
2147 4700 2468 4755 meonomize
2500 4702 2755 4760 beneficia
2825 4708 3114 4777 terrigenis
3159 4713 3423 4779 εΟίιῘυΙῚιί,

1864 4786 2125 4856 hymnum
2160 4789 2316 4843 olli-rt
2344 4790 2477 4856 Deo,
2538 4796 2689 4850 aiens
2720 4813 2840 4851 cum
2872 4815 2994 4854 esse
3034 4792 3206 4857 Deum
3238 4806 3421 4871 lsrael,

1861 4879 1954 4945 qui
1980 4879 2130 4933 solus
2160 4884 2334 4950 potuit
2365 4885 2477 4939 haec
2501 4888 2771 4942 mirabilia
2796 4889 2993 4945 facere.
3061 4892 3194 4959 Qua:
3251 4898 3420 4951 mirao

1863 4971 2013 5037 bilia,
2048 4973 2150 5026 nisi
2182 4974 2462 5031 destruere
2504 4979 2790 5049 imperium
2828 4982 3061 5047 Saluum.
3107 4998 3159 5043 et
3192 4989 3424 5046 liberare

1859 5077 1955 5119 eos
1986 5066 2079 5137 qui
2114 5067 2329 5123 insidiis
2355 5081 2683 5139 appetuntur
2712 5091 2740 5129 τι
2770 5075 3077 5133 daemonum
3101 5085 3423 5152 tyrannide!

1857 5154 2239 5212 Animadverte
2269 5175 2430 5228 porro
2465 5162 2594 5215 nihil
2628 5179 2817 5219 eorum
2849 5182 2969 5234 qua:
3011 5170 3064 5222 in
3098 5172 3309 5239 psalmo
3337 5176 3420 5228 di-

1863 5258 2062 5301 cuntur
2098 5246 2372 5305 Salomoni
2406 5254 2591 5307 uxoris
2640 5254 2781 5311 Uria:
2831 5258 2943 5312 filio
2973 5264 3299 5320 convenire:
3330 5284 3419 5322 nc-

1863 5352 1967 5406 que
1991 5339 2119 5392 illud
2148 5356 2163 5394 :
2197 5341 2331 5395 Ante
2357 5341 2516 5396 solem
2546 5356 2813 5412 permanet
2852 5364 3033 5402 ttomen
3064 5351 3215 5421 ejus;
3247 5372 3421 5424 neque

1861 5428 2029 5483 illud:
2060 5428 2248 5483 Omnes
2278 5442 2450 5503 gentes
2500 5438 2721 5490 servient
2774 5440 2859 5503 ei;
2923 5456 3135 5511 neque:
3173 5447 3305 5500 Ante
3339 5448 3418 5499 Iu-

1861 5537 1985 5575 nam
2024 5521 2077 5574 in
2102 5525 2485 5591 generationem
2516 5537 2564 5582 et
2586 5534 2993 5599 generationem.
3025 5533 3098 5589 Ex
3130 5538 3215 5591 nis
3240 5538 3416 5603 itaque

1862 5614 2118 5667 omnibus
2144 5615 2318 5684 palam
2344 5626 2429 5670 est
2458 5619 2524 5671 de
2558 5618 2788 5676 Domino
2811 5633 3001 5680 nostro
3036 5623 3169 5681 Jesu
3197 5624 3415 5686 Christo

1863 5704 2062 5761 dictum
2097 5705 2267 5763 fuissr
2289 5710 2573 5779 psalmum,
