4108 6492
687 419 793 475 527

763 531 830 585 Et
862 533 1186 588 benedictum
1218 551 1398 588 nomen
1435 535 2011 606 gloriw.Quamobre1n
2051 552 2147 606 par
2164 547 2243 588 γει
2276 550 2318 603 Α

677 637 801 676 eum
823 638 987 692 super
1012 626 1192 678 omnia
1225 625 1441 697 hymnis
1487 628 1783 682 celebrare.
1824 627 2055 681 Etiamsi
2097 629 2242 680 enim

677 715 794 783 ejus
817 727 1088 780 naturam.
1123 729 1307 788 utpote
1337 721 1791 787 inaccessibilem,
1814 722 2148 791 ignoramus,
2194 729 2250 773 at

677 807 916 862 salutare
939 811 1057 878 ejus
1093 826 1290 864 nomen
1338 811 1512 865 edocti
1539 828 1750 867 sumus.

890 899 939 955 1.
965 899 1280 969 Defecerunt
1313 901 1493 954 laudes
1522 902 1695 956 David
1717 902 1817 970 ﬁlii
1841 901 2028 957 leua.

1037 989 1378 1046 psamws
1402 994 1599 1062 Asap/t.
1632 992 1876 1048 LXXII.

1263 1086 1662 1156 Argumentum.

674 1169 729 1225 In
774 1171 878 1227 hoc
920 1174 1130 1243 psalmo
1165 1187 1350 1230 narrat
1383 1193 1548 1247 quam
1577 1178 1686 1232 sint
1715 1177 1948 1246 impares
1995 1177 2242 1232 homines

741 1267 808 1321 ad
832 1268 1089 1335 capienda
1108 1266 1200 1322 Dei
1222 1269 1450 1340 judicia.
1480 1270 1596 1340 Ipsa
1616 1271 1762 1325 enim
1793 1270 2061 1340 profunda
2086 1281 2214 1326 sunt

747 1358 1121 1414 inscrulabilia
1176 1376 1239 1415 ac
1285 1377 1514 1431 prorsus
1568 1363 2218 1432 incomprehensibilia“

745 1449 846 1517 Qui
890 1467 1053 1521 porro
1100 1453 1352 1523 ignorant
1401 1455 1668 1525 cujusque
1704 1457 2026 1512 teconomize
2075 1459 2242 1511 ratio-

742 1558 859 1608 nes,
890 1543 942 1596 in
987 1544 1255 1599 absurdus
1306 1547 1664 1616 cogitationes
1714 1547 1981 1603 incidunt.
2040 1549 2241 1615 Quam-

735 1634 920 1689 obrem
947 1637 1240 1706 propositis
1275 1638 1452 1708 primo
1503 1639 2239 1711 ejusmodicogitationibus.

735 1741 856 1795 quae
889 1742 1112 1797 propter
1144 1731 1517 1798 improborum
1578 1731 1862 1785 hominum
1924 1731 2236 1788 felicitatem

734 1817 1075 1884 acciderant;
1120 1835 1267 1884 nam,
1301 1819 1434 1873 Ecce
1473 1820 1574 1888 ipsi
1619 1833 1913 1888 peccatores
1968 1833 2018 1876 et
2071 1824 2237 1876 abun-

731 1909 948 1970 dantes;
979 1909 1139 1963 docet
1177 1920 1381 1978 postea,
1428 1911 1606 1980 qualis
1657 1912 1900 1981 ipsorum
1946 1913 2233 1982 impiorum
2271 1926 2310 1980 Β

727 1999 851 2052 funis
882 1999 1101 2054 futurus
1125 2001 1228 2067 sit;
1257 2009 1313 2054 ut
1339 2017 1401 2056 ea
1423 2004 1708 2073 perspicue
1747 2005 1948 2070 edocti,
1983 2020 2092 2059 non
2121 2021 2236 2057 mo-

735 2092 868 2144 leste
910 2091 1171 2156 feramus,
1211 2108 1387 2161 neque
1416 2095 1565 2148 anxii
1590 2096 1762 2151 simus
1784 2099 1854 2152 ob
1901 2097 2238 2167 iumqualita-

733 2191 839 2235 tem
869 2197 1048 2236 rerum
1073 2183 1236 2251 hujus
1276 2184 1423 2238 vitae.

729 2358 782 2411 2.
815 2359 987 2423 Quam
1041 2359 1202 2413 bonus
1244 2360 1419 2416 Israei
1460 2363 1598 2417 Deus
1657 2365 1737 2419 his
1796 2366 1888 2432 qui
1928 2375 2067 2418 recto
2111 2374 2234 2416 sunt

659 2450 813 2503 corde
835 2451 855 2502 .'
882 2449 1214 2506 Narraturus
1240 2454 1657 2522 prosperitatem
1707 2455 1990 2508 hominum
2039 2455 2092 2508 in
2132 2455 2233 2508 im-

659 2542 866 2612 pietate
895 2543 1230 2610 degeutium,
1263 2553 1318 2597 et
1347 2545 1604 2597 acerbum
1641 2544 1773 2613 ipsis
1833 2557 2021 2614 postea
2064 2562 2226 2615 para-

660 2644 775 2689 tum
804 2635 1128 2703 supplicium
1155 2653 1168 2700 ;
1203 2637 1480 2705 praemittit
1506 2638 1830 2701 illud,reclis
1845 2640 2009 2695 corde
2027 2641 2227 2696 bonum

661 2741 786 2782 esse
829 2727 1018 2788 Deum,
1057 2737 1110 2780 ut
1143 2738 1478 2797 cognoscant
1511 2729 1603 2799 qui
1645 2731 1861 2800 pietatis
1897 2732 2000 2787 sibi
2050 2744 2229 2801 partes

657 2828 970 2885 assumunt,
1004 2820 1136 2875 solis
1172 2822 1337 2876 rectis
1368 2822 1530 2877 corde
1598 2822 1768 2877 Deum
1826 2823 2074 2878 futurum
2109 2841 2230 2880 esse

657 2911 885 2977 bonum,
915 2911 1009 2966 sed
1063 2926 1172 2965 non
1204 2911 1271 2967 iis
1314 2913 1408 2980 qui
1458 2913 1702 2981 improbe
1754 2923 2000 2983 peccant.
2047 2915 2230 2984 Itaque

657 3002 872 3056 etiamsi
927 3001 1211 3055 videantur
1254 3017 1511 3072 prospere
1566 3019 1764 3074 agere,
1818 3005 2014 3075 inquit,
2066 3022 2227 3060 neum

656 3093 1114 3155 turbetur,secum
1137 3102 1392 3163 reputans
1416 3105 1678 3165 quantum
1700 3096 1821 3153 illos
1846 3099 2009 3168 paulo
2037 3109 2225 3168 postea

657 3182 982 3252 supplicium
1018 3192 1316 3251 exspectet.

730 3367 858 3441 [Mei
882 3378 1060 3422 autem
1097 3385 1223 3438 pene
1264 3371 1393 3424 moti
1424 3380 1546 3425 sunt
1577 3371 1751 3440 pedes.
1802 3370 1999 3428 Narrat
2036 3375 2230 3446 hujus-

655 3460 803 3514 modi
832 3470 1060 3515 mortem
1111 3462 1216 3530 piis
1267 3462 1398 3516 viris
1425 3462 1765 3532 contingere,
1820 3473 1879 3519 ut
1915 3465 1962 3519 si
1991 3468 2112 3535 quis
2139 3483 2226 3522 ro-

655 3563 816 3623 getur
839 3569 908 3606 an
937 3554 1062 3608 velit
1083 3555 1242 3606 talem
1302 3564 1534 3609 mortem
1562 3555 1739 3620 obire,
1788 3557 2108 3628 neutiquam
2134 3559 2228 3614 ab-

655 3655 808 3699 uuat.
835 3645 852 3717 ι

725 3738 834 3791 3-5.
864 3737 1000 3802 Quia
1026 3737 1189 3790 τινιπυὶ
1217 3753 1375 3806 super
1398 3737 1626 3809 iniquos,
1666 3755 1848 3807 pacem
1889 3753 2224 3810 peccatorum

653 3828 853 3895 uidens,
884 3837 988 3883 etc.
1019 3827 1253 3883 Enarrat
1286 3844 1350 3884 ea
1395 3845 1517 3899 quae
1554 3828 1656 3900 ipsi
1709 3831 1908 3884 mentis
1937 3835 2222 3900 perturba-

653 3921 855 3972 tionem
890 3921 1152 3973 excitant.
1193 3919 1315 3974 Haec
1343 3930 1522 3974 autem
1571 3932 1735 3980 sunt.
1767 3923 2024 3991 primum,
2079 3927 2225 3994 quod

661 4009 717 4062 in
751 4011 857 4063 alta
888 4026 1020 4079 pace
1051 4011 1201 4080 impii
1227 4011 1458 4081 degant;
1523 4013 1782 4078 secundo,
1825 4014 1970 4083 quod
2020 4030 2114 4084 per
2143 4027 2224 4070 to-

653 4109 765 4154 tam
799 4100 962 4156 vitam
992 4116 1251 4171 prospere
1274 4109 1475 4172 agant;
1505 4101 1578 4156 ita
1612 4111 1672 4156 ut
1710 4105 1774 4156 ad
1796 4116 2025 4160 mortem
2046 4122 2220 4177 usque

659 4192 897 4249 felicitas
963 4195 1310 4258 extendatur,
1369 4201 1426 4249 et
1485 4194 1591 4247 tale
1618 4209 1788 4264 genus
1828 4197 2019 4252 mortis
2071 4197 2224 4270 impii

653 4286 906 4349 subeant,
941 4285 1102 4353 quale
1125 4300 1286 4339 nemo
1314 4284 1498 4340 subire
1519 4285 1724 4338 abnuat
1745 4286 1791 4338 si
1827 4287 1950 4355 quis
1984 4304 2108 4343 cum
2136 4306 2223 4343 ro-

653 4385 761 4445 get,
795 4391 864 4429 an
886 4377 1015 4430 velit
1083 4375 1394 4446 hujusmodi
1456 4386 1686 4432 mortem
1741 4379 1912 4431 obire.
1959 4380 2036 4432 Ad
2080 4382 2221 4447 haec,

653 4465 798 4533 quod
831 4465 876 4520 si
907 4483 1015 4537 qua
1042 4467 1175 4535 ipsis
1199 4477 1415 4536 propter
1443 4478 1723 4538 peccatum
1763 4467 1976 4537 punitio
2014 4469 2222 4540 inﬂiga-

655 4570 763 4626 tur,
787 4576 893 4630 qua
934 4562 1001 4614 ad
1032 4561 1446 4615 conversionem
1486 4569 1834 4626 revocentur,
1894 4576 1959 4619 ea
2009 4577 2117 4615 non
2151 4564 2222 4617 sit

652 4649 853 4715 gravis,
875 4650 968 4704 sed
1003 4649 1138 4702 levis
1161 4659 1214 4703 et
1243 4650 1563 4703 tolerabilis.
1595 4649 1770 4718 Super
1822 4649 1907 4704 bis
1937 4651 2218 4714 omnibus.

651 4746 793 4814 quod
820 4743 1215 4796 uonhumanos
1240 4742 1451 4796 labores
1481 4742 1857 4811 experiantur,
1890 4758 1989 4796 ure
2017 4743 2220 4797 diurno

651 4843 864 4907 quaestu
889 4845 1078 4904 egeant
1126 4850 1225 4904 pro
1274 4835 1533 4904 parandis
1590 4834 1884 4888 alimentis.
1933 4834 2029 4889 Hic
2072 4836 2216 4888 enim

650 4929 808 4982 labor
837 4941 1119 4990 manuum,
1154 4925 1348 4996 ﬂagelli
1378 4937 1431 4981 et
1474 4927 1776 4997 punitionis
1812 4925 1933 4981 loco
1978 4928 2218 4982 homini-

653 5018 756 5076 bus
785 5018 1103 5088 imponitur.

720 5186 774 5240 6.
815 5185 939 5240 Ideo
972 5187 1136 5240 tenuit
1167 5203 1253 5241 eos
1282 5186 1549 5255 superbia,
1584 5194 1638 5239 et
1668 5195 1886 5241 caetera.
1921 5185 2060 5253 Quia
2093 5202 2215 5241 om-

652 5279 814 5333 nibus
840 5277 1094 5332 iruuutur
1117 5278 1295 5344 bouis,
1321 5278 1470 5332 nullo
1497 5277 1675 5332 all'ecti
1722 5276 1887 5342 malo,
1921 5280 2043 5334 Ideo
2076 5279 2218 5332 into-

651 5367 1017 5422 lerantissitne
1040 5368 1382 5438 superbiunt,
1411 5377 1578 5437 atque
1627 5368 1702 5422 ita
1756 5367 1931 5437 iniqui
1983 5381 2033 5422 et
2061 5368 2216 5437 impii

651 5460 904 5522 evadunt,
937 5467 996 5512 ut
1024 5459 1274 5528 impietas
1303 5474 1492 5512 eorum
1512 5474 1611 5512 ceu
1637 5459 1855 5530 pinguis
1871 5470 1922 5513 et
1939 5460 2103 5513 obesa
2122 5460 2212 5514 sit.

1538 423 1594 477 S.
1637 423 2006 479 ATHANASH
2057 423 2206 479 OPP.
2249 423 2427 476 PARS
2464 422 2548 477 Ill.
2593 424 3076 480 ——EXI£GETICA.

3828 429 3926 482 39.8

2420 533 2466 585 1(
2470 536 2527 587 αὶ
2551 535 2962 604 εὐλογημένον
2981 536 3046 588 τὸ
3075 537 3258 604 ὄνομα
3289 537 3391 604 τῆς
3415 537 3622 604 δόξης.
3646 539 3738 593 Διὸ
3767 559 3928 612 προσ-

2351 629 2468 699 ἥκει
2504 629 2650 697 παρά
2685 630 2900 682 πάντων
2932 628 3093 681 αὐτὸν
3141 629 3447 698 ὑμνεῖσθαι.
3480 632 3542 684 Et
3568 631 3677 704 γὰρ
3705 635 3802 688 καὶ
3834 636 3926 708 τὴν

2351 717 2510 786 φύσιν
2534 717 2697 769 αὐτοῦ
2735 717 2810 781 ὡς
2839 718 3126 786 ἀνέφικτον
3156 719 3476 790 ἀγνοοῦμεν,
3504 722 3637 776 ἀλλά
3663 724 3727 778 τὸ
3754 730 3928 797 σωτὴ-

2351 825 2462 878 ριον
2495 809 2660 861 αὐτοῦ
2692 809 3047 880 ἐδιδάχθημεν
3080 812 3268 881 ὄνομα.

2448 900 2761 964 Ἐξέλιπονν
2781 904 2832 953 οἱ
2858 902 3031 970 ὕμνοι
3063 904 3244 957 Δαιιῒδ
3276 904 3380 957 τοῦ
3406 907 3538 959 υἱοῦ
3578 907 3832 964 Ἰεσσαί.

2718 996 2865 1050 ΨΑΑ
2890 1000 3026 1049 ago:
3060 996 3138 1060 τῷ
3174 997 3378 1066 Ἀσάφ.
3416 1002 3542 1052 013'.

2976 1090 3299 1154 Ὑπόθεσις.

2357 1172 2444 1226 Ἐν
2467 1175 2636 1246 τούτῳ
2666 1178 2740 1248 τῷ
2763 1179 2961 1250 ψαλμῷ
2986 1181 3085 1253 τὴν
3113 1182 3428 1252 ἀνωμαλίαν
3469 1182 3577 1236 τῶν
3618 1185 3919 1255 ἀνθρώπων

2415 1270 2480 1338 ἣν
2507 1267 2689 1338 ἔχουσι
2713 1288 2779 1323 πε
2789 1273 2840 1342 pi
2862 1273 2928 1325 τὰ
2949 1272 3044 1325 τοῦ
3076 1272 3210 1326 Θεοῦ
3237 1273 3479 1345 κρίματα
3501 1275 3800 1346 ἐξηγεῖται.
3821 1281 3921 1332 Αὐ-

2414 1362 2483 1413 τά
2528 1362 2626 1432 μὲν
2667 1364 2775 1434 γάρ
2814 1366 2928 1417 ἐστι
2963 1365 3130 1435 βαθέα
3167 1384 3224 1419 τε
3258 1368 3350 1420 καὶ
3378 1367 3797 1440 ἀνεξερεύνητα,
3834 1371 3923 1426 καὶ

2413 1454 2790 1525 ἀκαταληψίας
2827 1456 3066 1526 γέμοντα
3115 1458 3344 1529 πολλῆςο
3377 1461 3424 1512 oi
3467 1459 3524 1512 δὲ
3556 1461 3684 1524 τοὺς
3733 1462 3921 1530 λόγους

2411 1547 2507 1616 τῆς
2541 1548 2597 1598 ὲν
2626 1548 2841 1618 ἑκάστῳ
2888 1550 3216 1618 γιγνομένης
3257 1551 3567 1620 οἰκονομίας
3603 1551 3715 1622 (54)
3759 1553 3922 1621 ἀγνο-

2411 1634 2594 1695 οῦντες
2637 1638 2716 1698 εἰς
2760 1636 3075 1706 ἀμηχάνους
3113 1638 3437 1691 ἐκπίπτουσι
3477 1637 3795 1707 λογισμούς.
3835 1639 3922 1692 Διὸ

2409 1728 2492 1799 δὴ,
2519 1729 2781 1799 πρότερον
2807 1729 3004 1792 αὐτοὺς
3040 1731 3261 1799 προθεὶς
3294 1732 3424 1801 ἡμῖν
3453 1730 3579 1794 τοὺς
3605 1729 3916 1801 λογισμοὺς.

2411 1811 2556 1870 οὗτοι
2602 1817 2658 1870 δὲ
2700 1813 2839 1888 ἦσαν
2873 1818 2918 1868 oi
2964 1816 3053 1870 διὰ
3089 1817 3186 1888 τὴν
3213 1817 3518 1889 εὐπραγίαν
3557 1817 3667 1870 τῶν
3709 1816 3920 1871 ἀσεϐῶν

2409 1907 2708 1980 ἀνθρώπων
2759 1907 3273 1977 ἐπισυμϐαίνοντες·
3317 1907 3461 1962 Ἰδοὺ
3502 1907 3611 1979 γὰρ
3656 1911 3921 1976 ἁμαρτω·

2410 2003 2530 2063 λοὶ,
2568 2002 2720 2072 φησὶ,
2753 2001 2853 2054 καὶ
2885 2000 3302 2067 εὐθηνοῦντες,
3326 2000 3565 2054 διδάσκει
3595 2000 3732 2070 μετά
3764 2000 3920 2052 τοῦτο

2411 2094 2504 2146 καὶ
2541 2096 2688 2146 ποῖον
2721 2092 2898 2146 αὐτῶν
2918 2091 3024 2145 τῶν
3056 2091 3267 2144 ἀσεϐῶν
3287 2091 3438 2144 ἔσται
3461 2091 3522 2144 τὸ
3550 2091 3704 2155 τέλος
3726 2108 3738 2120 °
3772 2093 3919 2154 ὅπως

2409 2183 2494 2247 ἂν,
2521 2184 2587 2237 τά
2620 2182 2841 2237 τοιαῦτα
2877 2183 3094 2253 γνόντες
3144 2181 3352 2250 σαφῶς,
3390 2181 3465 2252 μὴ
3511 2183 3810 2253 ἀπορῶμεν
3864 2184 3918 2235 ἐν

2407 2277 2524 2336 ταῖς
2560 2276 2894 2344 ἀνωμαλίαις
2917 2274 3024 2327 τῶν
3053 2277 3108 2327 ἐν
3135 2273 3270 2343 τῷδε
3299 2273 3376 2342 τῷ
3405 2273 3505 2343 βίῳ
3548 2275 3913 2345 πραγμάτων.

2417 2363 2509 2429 Ὠς
2548 2365 2766 2432 ἀγαθὸς
2806 2368 2838 2417 ό
2878 2363 3021 2428 Θεὸς
3059 2362 3137 2429 τῷ
3176 2361 3421 2429 Ἰσραὴλ
3461 2360 3585 2427 τοῖς
3615 2360 3821 2416 εῠθέσι
3846 2360 3916 2428 τῇ

2336 2455 2566 2524 καρδίᾳ.
2601 2456 2824 2509 Μέλλων
2861 2455 3161 2527 διηγεῖσθαι
3186 2455 3282 2526 τὴν
3330 2454 3436 2508 τῶν
3487 2456 3544 2506 ἐν
3587 2454 3816 2524 ἀσεϐείᾳ
3842 2455 3916 2507 διο

2334 2548 2571 2616 αγόντων
2586 2546 2884 2618 ἀνθρώπων
2900 2548 3186 2617 γινομένην
3203 2548 3296 2618 εὐη
3308 2547 3430 2618 μερί
3436 2564 3518 2608 αν,
3543 2547 3637 2599 καὶ
3656 2546 3756 2618 τὴν
3779 2548 3915 2617 μετὰ

2331 2639 2504 2693 ταῦτα
2549 2639 2733 2701 αὐτοῖς
2775 2638 3145 2709 ἀποκειμένην
3175 2637 3396 2689 κόλασιν
3431 2636 3652 2706 πικράν,
3683 2639 3916 2706 προτάτ-

2331 2748 2411 2784 τει
2451 2731 2511 2783 τὸ
2538 2734 2649 2794 τοῖς
2678 2730 2891 2784 εὐθέσιν
2920 2729 3124 2798 ἀγαθὸν
3154 2726 3289 2783 εἶναι
3341 2727 3431 2780 τὸν
3474 2728 3635 2780 Θεόν·
3665 2728 3818 2791 ὅπως
3852 2729 3915 2779 ἂν

2331 2826 2506 2892 γνοῖεν
2553 2824 2602 2876 οἱ
2645 2824 2746 2893 τὴν
2789 2822 2987 2894 εὐσεϐῆ
3031 2822 3346 2892 αἱρούμενοι
3378 2819 3689 2894 μερίδα,ὼς
3731 2820 3914 2890 μόνοις

2329 2916 2436 2979 τοῖς
2476 2914 2658 2967 εὐθέσι
2699 2918 2766 2986 τῇ
2821 2915 3020 2986 καρδία
3051 2914 3201 2967 ἔσται
3233 2913 3437 2981 ἀγαθὸς
3464 2914 3492 2965 ὁ
3525 2913 3684 2976 Θεόςο
3712 2913 3774 2965 οὐ
3809 2913 3915 2983 μὴν

2331 3002 2409 3054 ἔτι
2440 3005 2672 3066 καὶτοῖς
2704 3003 3014 3073 φαυλότατα
3061 3003 3677 3074 ἀμαρτάνουσιν.’¹Ωστε,
3726 3004 3775 3054 εί
3820 3003 3914 3054 καὶ

2328 3094 2577 3146 δοκοῦσιν
2626 3096 2936 3164 εὐημερεῖν,
2987 3097 3141 3164 φησι.
3186 3093 3538 3165 ταραττέσθω
3589 3094 3798 3164 μηδεὶς,
3854 3093 3915 3146 τὸ

2333 3185 2526 3255 μικρὸν
2557 3184 2782 3256 ὕστερον
2809 3185 3004 3247 αὐτοὺς
3034 3182 3380 3253 ἐκδεξάμενον
3426 3183 3784 3255 κολαστήριον
3826 3185 3912 3236 ἐν·

2256 3263 2297 3318 C
2333 3276 2486 3329 νοῶν.

2404 3363 2615 3435 [Ὲμοῦ
2639 3363 2706 3418 δὲ
2729 3365 2888 3432 παρὰ
2906 3361 3123 3432 μικρὸν
3156 3363 3581 3430 ἐσαλεύθησαν
3621 3366 3674 3416 ol
3708 3362 3910 3430 πόδες.

2331 3456 2611 3524 Διηγεῖται
2635 3455 2874 3508 τοιοῦτον
2902 3456 3026 3516 τοὺς
3052 3453 3294 3517 εὐσεϐεῖς
3318 3454 3607 3524 ὑπομένειν
3634 3454 3724 3506 τὸν
3748 3454 3911 3507 θάνα-

2329 3563 2440 3612 τον,
2472 3547 2548 3610 ὡς
2582 3549 2654 3618 μή
2689 3564 2811 3600 τινα
2842 3545 3125 3599 ἀνανεύειν
3148 3547 3283 3610 εἴτις
3309 3547 3468 3599 αὐτὸν
3493 3545 3689 3617 ἔροιτο,
3716 3547 3764 3598 εί
3793 3547 3912 3617 βοί-

2329 3639 2470 3691 λοιτο
2502 3640 2744 3693 τοιούτου
2780 3639 3008 3692 θανάτου
3047 3638 3274 3711 τυχεῖν.]

2403 3732 2528 3784 Ὀτι
2560 3730 2828 3796 ἐζήλωσα
2857 3732 2954 3783 ἐπὶ
2991 3731 3112 3796 τοῖς
3147 3732 3411 3799 ἀνόμοις,
3437 3729 3688 3798 εἰρήνην
3729 3730 3913 3798 ἁμαρ-

2327 3824 2531 3878 τωλῶν
2554 3825 2727 3893 ὁρῶν,
2763 3842 2818 3882 κ.
2851 3844 2899 3878 τ.
2928 3824 2977 3878 λ.
2998 3826 3077 3879 Τά
3102 3824 3192 3876 τὸν
3215 3824 3399 3875 κλόνον
3429 3822 3578 3890 αὐτῷ
3608 3822 3910 3891 ποιήσαντα

2326 3916 2425 3986 τῆς
2451 3915 2625 3988 ψυχῆς
2643 3919 2955 3986 ἁφηγεῖται.
2977 3915 3158 3967 Ταῦτα
3180 3915 3236 3967 δέ
3254 3916 3388 3978 ἐστι,
3410 3913 3470 3966 τὸ
3491 3912 3709 3983 πρῶτον
3729 3913 3828 3982 μὲν
3854 3918 3913 3966 ἐν

2325 4009 2513 4079 εἰρήνῃ
2553 4009 2746 4070 αὐτοὺς
2789 4005 2979 4078 βαθείᾳ
3025 4005 3320 4059 διατελεῖνο
3373 4005 3563 4058 ἔπειτα
3614 4005 3912 4072 διαπαντὸς

2323 4100 2614 4170 εὐημερεῖν
2640 4097 2730 4151 τοῦ
2768 4099 2904 4169 βίου,
2937 4097 3012 4160 ὼς
3059 4097 3151 4148 καὶ
3211 4097 3371 4167 μέχρι
3411 4095 3639 4150 Θανάτου
3688 4098 3790 4167 τὴν
3823 4097 3912 4151 εὐ·

2324 4191 2558 4262 ημερίαν
2606 4188 3059 4249 συνεκτείνεσθαι,
3105 4188 3198 4240 καὶ
3238 4187 3475 4240 τοιοῦτον
3523 4188 3648 4252 τοὺς
3692 4187 3907 4250 ἀσεϐεῖς

2324 4284 2612 4355 ὑπομένειν
2647 4282 2830 4347 αὐτὸν,
2858 4279 2932 4343 ὡς
2966 4281 3037 4351 μή
3079 4297 3198 4333 τινα
3244 4279 3525 4333 ἀνανεύειν
3557 4278 3718 4342 εἴτις
3745 4281 3909 4333 αὐτὶν

2323 4375 2517 4446 ἔροιτο,
2541 4377 2588 4426 εί
2618 4373 2861 4444 βούλοιτο
2880 4372 2972 4425 τοῦ
2999 4372 3240 4426 τοιούτου
3263 4372 3491 4424 θανάτου
3520 4374 3703 4440 τυχεῖν
3723 4387 3739 4404 ο
3770 4372 3909 4444 πρὸς

2320 4468 2376 4521 δὲ
2409 4469 2567 4520 τούτο
2611 4468 2704 4520 καὶ
2755 4467 2804 4518 εί
2854 4464 2962 4535 ἀρα
2993 4463 3191 4534 συνέϐη
3225 4463 3317 4516 ἐπὶ
3346 4467 3412 4535 τῇ
3446 4462 3692 4535 ἁμαρτία
3725 4463 3909 4517 αὐτῶν

2328 4558 2521 4630 μάστιξ
2551 4555 2962 4629 ἐπιστρεπτικὴ,
2985 4554 3191 4625 ταύτην
3217 4555 3291 4626 μὴ
3318 4551 3454 4610 εἶναι
3480 4557 3748 4629 χαλεπὴν,
3792 4555 3907 4610 ἀλλ’

2324 4652 2561 4722 ἐλαφράν
2593 4669 2652 4704 τε
2681 4652 2774 4704 καὶ
2811 4649 3314 4720 εὐπαρακόμιστον·
3349 4650 3433 4719 ἐφ’
3464 4651 3634 4704 ἅπασι
3682 4651 3740 4704 δὲ
3780 4651 3910 4705 τού-

2321 4760 2434 4805 τοις
2481 4742 2540 4794 τὸ
2588 4742 2662 4814 μὴ
2706 4741 2814 4794 τῶν
2853 4741 3209 4812 ἀνθρωπίνων
3265 4741 3660 4795 συναπολαύειν
3700 4741 3905 4805 κόπων,

2325 4833 2458 4905 μηδὲ
2485 4832 2700 4886 δέεσθαι
2743 4832 2841 4902 τῆς
2877 4831 3001 4885 καθ’
3031 4832 3244 4904 ἡμέραν
3279 4832 3540 4902 ἐργασίας
3571 4833 3651 4894 εἰς
3687 4832 3909 4903 διατροο

2322 4924 2425 4995 φῆν
2453 4923 2763 4992 ἀναγκαίων
2787 4923 3023 4994 τροφῶν.
3057 4918 3222 4987 Οὗτος
3264 4925 3371 4994 γὰρ
3411 4923 3592 4976 αὐτῶν
3622 4926 3650 4977 ό
3671 4923 3760 4977 διὰ
3789 4941 3908 4993 χει-

2323 5012 2432 5084 ρῶν
2457 5011 2622 5076 κόπος
2652 5008 2763 5065 οἷον
2802 5013 2923 5066 ἀντὶ
2964 5013 3243 5084 μαστίγων
3277 5016 3389 5075 τοῖς
3419 5012 3727 5086 ἀνθρώποις
3755 5013 3907 5066 δέδου

2328 5122 2436 5158 ται.

2397 5189 2496 5242 Διὰ
2523 5191 2697 5244 τοῦτο
2726 5191 3057 5260 ἐκράτησεν
3081 5193 3304 5259 αὐτοὺς
3337 5195 3374 5261 ὴ
3399 5196 3801 5264 ὑπερηφανία.
3827 5195 3907 5257 εἰς

2327 5281 2498 5344 τέλος.
2531 5281 2747 5355 Ἐπειδὴ
2780 5286 2995 5339 πάντων
3029 5286 3125 5356 μὲν
3156 5285 3487 5341 ἀπολαύουσι
3517 5287 3625 5340 τῶν
3655 5286 3904 5355 ἀγαθῶν,

2325 5374 2492 5428 κακοῦ
2520 5376 2576 5428 δὲ
2601 5376 2833 5443 οὐδενὸς,
2871 5377 3060 5430 τούτου
3106 5379 3262 5450 χάριν
3302 5377 3575 5451 περισσῶς
3609 5379 3905 5451 ἐπετήδευ-

2324 5481 2421 5517 σαν
2449 5464 2546 5537 τὴν
2579 5466 2991 5537 ὑπερηφανίαν
3028 5467 3151 5536 ἥτις
3190 5468 3283 5523 καὶ
3319 5469 3535 5532 ἀδίκους
3567 5469 3661 5523 καὶ
3686 5470 3904 5533 ασεϐεζς

649 5553 844 5616 αὐτοὺς
888 5551 1198 5617 ἀπετέλεσε,
1228 5550 1320 5605 καὶ
1362 5551 1453 5602 ἐπὶ
1505 5550 1778 5617 τοσοῦτον,
1828 5550 1902 5615 ὼς
1959 5551 2053 5603 καὶ
2113 5551 2210 5615 τὰς
2244 5552 2497 5620 ἀσεϐείας
2522 5557 2699 5610 αὐτῶν
2735 5561 2922 5629 παχεῖς
2945 5554 3080 5613 εἶναι
3113 5562 3206 5614 καὶ
3227 5560 3389 5614 οίονεὶ
3412 5560 3723 5632 εὐτραφεῖς.

749 5643 795 5672 ⁷⁸
829 5641 988 5697 Rom.
1018 5657 1092 5705 st,
1134 5641 1221 5697 55.

723 5759 993 5838 (ὅθ-’γοα
1022 5758 1294 5829 οἰκονομία
1345 5774 1484 5832 su-pc
1533 5772 1630 5827 pro
1673 5759 2047 5813 im-arnatuue
2095 5775 2192 5813 usu

2337 5762 2393 5818 it.
2433 5763 2714 5836 Vulgatius
2738 5772 2917 5820 autem
2953 5765 3221 5838 signiﬁcat
3248 5774 3414 5821 totam
3470 5763 3669 5820 seriem
3727 5763 3903 5820 actio-

652 5846 780 5886 uuln
804 5829 1026 5886 Christi.
