4108 6496
193 434 280 492 529
1224 412 1589 473 EXPOSITIO
1626 411 1691 468 IN
1730 407 2062 466 PSALMUM
2099 404 2306 464 LXXII.

3272 396 3379 452 350

251 547 577 611 Διήλθοσαν
600 544 687 608 εἰς
712 539 978 594 διάθεσιν
1003 533 1269 605 καρδίας.
1318 533 1380 584 'II
1420 529 1731 602 παράνομος

1903 524 1957 578 7.
1995 521 2334 577 Transierunt
2356 516 2407 569 in
2427 515 2671 584 allectum
2724 509 2917 565 cordis.
2950 507 3137 579 Iniqua
3183 505 3271 560 illa
3304 505 3385 561 fe-

193 636 452 708 s-qupepia,
478 636 667 705 φησὶν,
693 631 806 697 ἕξιν
830 630 1011 690 αὐτοῖς
1032 625 1272 695 πονηρὰν
1292 621 1582 693 εἰργάσατο
1605 617 1733 688 περὶ

192 732 277 800 τὴν
299 729 489 798 ψυχήν.
522 727 629 779 Καὶ
667 724 827 777 πόθεν
852 721 1009 792 δῆλον
1035 719 1069 789 ἧ
1092 719 1155 771 ὲκ
1177 715 1269 770 τοῦ
1285 711 1605 770 διανοεῖσθαι
1635 710 1731 764 αῦ-

191 822 301 883 τοὺς
318 820 405 873 καὶ
430 818 613 872 λαλεῖν
642 815 898 886 πονηρίαν
923 828 938 876 ;

260 930 501 986 Ἀδικίαν
538 931 629 994 είς
656 926 719 981 τὸ
749 926 906 994 ὕψος
946 921 1275 989 ἐλάλησαν.
1329 916 1605 972 Ἐπίτασιν
1636 913 1735 984 τῆς

193 1022 429 1093 πονηρίας
461 1019 643 1074 αὐτῶν
671 1016 938 1088 σημαίνει,
972 1013 1047 1076 ὡς
1080 1010 1266 1064 λοιπὸν
1313 1007 1405 1060 καὶ
1455 1006 1535 1066 είς
1574 1000 1733 1055 αὐτὸν

191 1116 268 1168 τὸν
301 1113 425 1167 Θεὸν
470 1110 760 1182 ἀναφέρειν
805 1106 903 1178 τὴν
946 1101 1307 1175 βλασφημίαν.
1361 1099 1598 1150 Ἕθεντο
1649 1094 1735 1157 εἰς

191 1204 427 1276 οὐρανόν
469 1202 537 1256 τὸ
585 1201 779 1269 στόμα
804 1195 1019 1251 αὐτῶν.
1054 1193 1381 1263 Βλάσφημα,
1414 1187 1566 1259 φησὶ,
1603 1201 1732 1256 προ-

193 1298 365 1366 ἐφερον
393 1292 535 1346 κατὰ
565 1289 662 1343 τοῦ
704 1286 839 1342 Θεοῦ
880 1288 1119 1357 ῥήματα,
1160 1282 1255 1335 καὶ
1293 1277 1465 1333 ταῦτα
1495 1273 1736 1328 ταπεινοὶ

190 1388 324 1449 ὄντες
359 1385 449 1439 καὶ
477 1383 576 1454 τὴν
606 1383 855 1452 γλῶσσαν
884 1379 975 1431 ἐπὶ
1004 1375 1109 1446 γῆς
1129 1374 1360 1444 ἔχοντες.

252 1497 345 1550 Διὰ
358 1496 531 1551 τοῦτο
559 1489 907 1559 ἐπιστρέψει
931 1491 963 1542 ὁ
986 1490 1134 1553 λαός
1154 1503 1290 1555 μου.
1318 1482 1417 1536 Διά
1438 1481 1594 1535 τοῦτο
1620 1479 1736 1551 μέν·

191 1610 259 1645 τοι
290 1589 620 1661 ἐπαρθέντας
667 1584 861 1647 αὐτοὺς
902 1579 1326 1649 καταϐληθῆναι.
1362 1581 1381 1600 ⁴
1422 1576 1480 1629 '0
1520 1575 1577 1627 δὲ
1614 1572 1736 1636 νοῦς

192 1680 377 1743 οὕτως·
425 1678 813 1749 Ὠφέλειά’τις,
856 1674 1005 1744 φησὶ,
1042 1672 1135 1724 καὶ
1166 1667 1466 1740 ἐπιστροφὴ
1508 1666 1585 1736 τῷ
1619 1664 1736 1734 ἐμῷ

192 1771 292 1842 λαῷ
316 1771 621 1841 γενήσεται.
653 1770 686 1840 ἡ
723 1766 923 1820 τούτων
960 1762 1215 1833 τιμωρία.
1262 1758 1594 1830 Ἐωρακότες
1630 1755 1735 1827 γάρ

1832 616 2029 677 licitas.
2066 613 2262 683 inquit,
2297 608 2496 663 malum
2524 605 2658 675 ipsis
2696 602 2937 657 habitum
2988 600 3041 654 in
3074 597 3252 652 anima
3288 610 3380 665 pe-

1832 705 1991 777 perit.
2036 702 2100 755 Et
2153 701 2421 755 uudenam
2460 696 2511 750 id
2565 692 2912 749 manifestum
2959 689 3084 755 erit,
3116 685 3222 742 nisi
3267 687 3386 758 \uia

1833 795 2071 865 cogitant
2104 800 2157 846 et
2184 792 2476 860 loquuntur
2509 784 2890 855 iniquitatem?

1902 908 1956 969 8,
1981 907 2035 963 9.
2062 904 2402 975 Iniquitate»:
2432 902 2485 955 in
2522 898 2725 954 excelso
2758 896 2919 951 locuti
2950 902 3097 948 sunt.
3122 890 3390 961 Augmen-

1834 1008 1946 1053 tum
1978 996 2282 1066 iniquitatis
2309 1007 2496 1047 eorum
2537 988 2829 1061 signiﬁcat,
2883 986 2955 1040 ita
3002 992 3063 1039 ut
3092 982 3175 1038 vel
3204 982 3257 1036 in
3311 982 3389 1049 ip-

1833 1107 1954 1146 sum
1989 1088 2157 1144 Deum
2185 1087 2498 1157 blasphema
2531 1083 2672 1137 dicta
2699 1078 2943 1150 proferre
2983 1075 3239 1130 audeant.
3278 1071 3387 1126 Po-

1834 1191 2049 1237 suerunt
2079 1181 2135 1232 in
2165 1177 2351 1231 cretum
2375 1192 2432 1229 os
2459 1190 2633 1239 suum,
2661 1180 2767 1225 etc.
2806 1166 3147 1236 Blasphema,
3189 1164 3384 1232 inquit,

1834 1258 1996 1327 verba
2058 1270 2110 1324 in
2163 1268 2329 1323 Deum
2364 1264 2725 1337 proferebant,
2780 1260 2903 1313 licet
2954 1257 3084 1311 viles
3127 1264 3307 1311 essent
3334 1262 3391 1307 et

1834 1366 2071 1435 linguam
2108 1363 2162 1416 in
2192 1372 2329 1415 terra
2354 1359 2635 1413 haberent.

1907 1470 1995 1526 10.
2036 1469 2160 1523 Ideo
2196 1475 2517 1521 convertatur
2545 1466 2766 1536 populus
2801 1481 2943 1519 meus
2986 1463 3091 1516 hic.
3136 1460 3261 1514 Ideo
3292 1473 3387 1510 eos

1834 1561 2086 1632 superbia
2123 1560 2294 1613 elatos
2324 1559 2480 1628 dejici
2513 1558 2805 1626 continget.
2854 1554 3059 1611 Sensus
3092 1560 3272 1607 autem
3305 1549 3390 1602 hic

1834 1664 1953 1708 est:
1988 1652 2285 1708 Utilitatem
2316 1649 2601 1719 quamdam
2660 1658 2713 1702 et
2742 1645 3154 1703 conVersionem
3191 1641 3390 1714 populo

1837 1759 1959 1798 meo
1988 1743 2177 1798 all‘erct
2201 1757 2388 1797 eorum
2414 1739 2760 1810 supplicium.
2797 1737 2933 1791 Cum
2970 1735 3202 1789 viderint
3247 1734 3392 1786 enim

192 1856 288 1913 οἷον
328 1862 447 1923 τοὺς
477 1858 699 1921 ἀσεϐεῖς
735 1854 1028 1921 διαδέξεται
1059 1851 1241 1914 τέλος,
1279 1850 1378 1903 οὐκ
1404 1850 1468 1904 ἄν
1497 1864 1623 1903 ποτε
1658 1848 1737 1909 εἰς

1838 1835 1927 1904 qui
1952 1834 2074 1889 linis
2102 1832 2332 1903 excipiet
2360 1831 2577 1900 impios,
2614 1842 2892 1895 nunquam
2944 1826 3010 1879 ad
3042 1824 3172 1894 quid
3214 1821 3391 1876 simile

192 1948 332 2002 τοῦτο
361 1948 584 2011 ἔλθοιεν,
616 1947 818 2016 ὲφορᾷν
845 1944 913 1996 τὰ
941 1939 1251 2012 ἀνθρώπινα
1285 1938 1469 2007 σαφῶς
1499 1935 1734 2005 ἐγνωκὸ⁹

193 2057 271 2103 τες
297 2039 441 2093 Θεόν.
469 2037 580 2092 Kal
604 2036 815 2107 ἡμέραι
836 2032 1083 2102 πλήρεις
1104 2030 1527 2100 εὑρεθήσονται
1547 2027 1615 2080 ἐν
1633 2028 1736 2079 αὑ-

194 2131 317 2197 τοῖς.
349 2131 531 2191 Ὂταν,
567 2129 722 2200 φησὶ,
753 2126 851 2197 τὴν
880 2123 1130 2192 τοιαύτην
1156 2122 1458 2192 κτήσωνται
1491 2117 1733 2189 γνώμην,

193 2222 298 2275 τότε
316 2220 377 2292 δὴ
397 2221 516 2273 τότε
553 2219 655 2288 τῆς
678 2217 821 2287 ζωῆς
849 2213 1027 2269 αὐτῶν
1059 2212 1148 2265 τὸν
1181 2209 1368 2282 χρόνον
1398 2207 1578 2272 καλῶς
1610 2207 1737 2260 ἀνα-

195 2311 553 2381 πληρώσουσι,
604 2306 743 2360 κατὰ
801 2304 862 2357 τὸ
916 2300 1200 2375 εἰρημένον
1250 2300 1364 2352 ὅτι·
1427 2298 1736 2368 Ἐκοιμήοη

193 2400 410 2467 πλήρης
432 2396 703 2467 ιγἰμερι.ῖ›ν⁸
729 2394 972 2449 τουτέστι
998 2393 1224 2464 πλήρεις
1256 2393 1309 2445 σί
1338 2390 1538 2464 ἡμέραι
1563 2389 1738 2444 αὐτῶν

194 2491 374 2553 παντὸς
407 2489 695 2559 γεγόνασιν
726 2485 949 2557 ἀγαθοῦ.
1528 2510 1531 2515 ·

252 2603 352 2657 Kal
372 2600 569 2666 εἶπαν,
597 2599 722 2667 πῶς
749 2599 898 2670 ἔγνω
933 2601 964 2652 d
994 2598 1173 2663 Θεός;
1202 2597 1259 2650 '0
1301 2597 1396 2667 μὲν
1424 2594 1552 2665 ἐμὸς
1589 2592 1734 2657 λαδς,

192 2693 340 2765 φησὶν
362 2732 376 2759 ,
403 2694 467 2746 ὲκ
502 2692 598 2747 τοῦ
630 2691 1025 2761 καταϐληθῆναι
1060 2691 1186 2752 τοὺς
1218 2686 1429 2749 ἀσεϐεῖς
1456 2683 1736 2754 ὠφεληθή-

195 2801 347 2837 σεται.
379 2787 440 2837 Οἱ
471 2784 528 2837 δὲ
556 2781 941 2855 προλεχθέντες
973 2780 1251 2841 δυσσεϐεῖς
1273 2778 1366 2831 καὶ
1388 2775 1535 2829 ἄθεοι
1566 2774 1736 2838 οὕτως

193 2872 427 2943 ἠσέϐουν,
456 2873 531 2936 ὼς
562 2870 853 2924 σκάνδαλον
881 2868 1132 2938 γενέσθαι
1172 2869 1277 2928 τοῖ,
1310 2865 1475 2938 ὁρῶσι
1501 2865 1592 2918 τὸν
1625 2864 1735 2934 βίον

193 2966 373 3027 αὐτῶν,
400 2965 491 3018 καὶ
512 2964 811 3034 ἀμηχανεῖν
838 2961 931 3014 καὶ
964 2959 1143 3028 λέγειν
1172 2974 1186 2989 ο
1218 2959 1281 3011 El
1329 2954 1438 3029 ἆρα
1474 2958 1641 3028 ἐφορᾷ
1671 2955 1738 3009 τὰ

193 3054 486 3126 ανθρὼπινα
522 3057 553 3108 δ
593 3053 754 3118 Θεός;
783 3052 855 3105 Τὸ
900 3051 1031 3121 γὰρ,
1068 3053 1198 3116 Πως
1240 3048 1393 3119 ἔγνω
1415 3090 1429 3113 ,
1460 3048 1578 3101 ἀντὶ
1618 3046 1733 3111 τοῦ,

195 3147 303 3209 Πῶς
334 3145 619 3216 γινώσκειν
661 3144 729 3197 τὰ
775 3142 894 3197 καθ’
924 3144 1069 3214 ἡμᾶς
1102 3142 1195 3195 καὶ
1233 3141 1450 3193 διοικεῖν
1498 3139 1733 3207 λέγεται,

195 3239 275 3291 καί
301 3239 410 3303 πῶς
436 3238 639 3308 γνῶσιν
663 3236 773 3307 ἔχει
800 3235 907 3288 τῶν
933 3232 1211 3303 ἡμετέρων
1233 3248 1247 3294 ;

264 3440 400 3494 Ἰδοὺ
424 3435 594 3496 οὗτοι
618 3432 949 3507 ἁμαρτωλοί
983 3431 1081 3487 καὶ
1117 3426 1511 3497 εὐθηνεῦντες
1526 3427 1611 3491 εὶς
1635 3424 1739 3477 τὸν

194 3530 359 3586 αἰῶνα
378 3530 678 3600 κατέσχον
711 3527 998 3581 πλούτου.
1028 3523 1100 3577 To
1129 3523 1295 3576 αἴτιον
1322 3518 1416 3573 τοῦ
1444 3516 1737 3573 σκανδάλου

194 3622 573 3693 τῶνῠὸρὼντων
620 3617 1042 3690 εὐθηνουμένους
1088 3616 1212 3677 τοὺς
1248 3611 1462 3673 ἀσεϐεῖς
1512 3608 1740 3679 παρατί-

195 3711 347 3767 (terat.
386 3712 557 3766 Τοῦτο
590 3710 647 3764 δέ
675 3711 788 3767 ἐστι
819 3708 879 3761 τὸ
914 3703 1235 3768 διαιωνίζειν
1261 3700 1455 3762 αὐτοὺς
1486 3698 1627 3752 κατά
1648 3698 1740 3752 τὸν

195 3807 417 3877 παρόντα
450 3804 565 3877 βίον
590 3806 657 3876 τῇ
692 3802 978 3875 εὐημερίᾳ.
1004 3796 1111 3855 Καὶ
1132 3791 1301 3850 εἶπαο
1335 3786 1449 3860 ἄρα
1478 3791 1740 3861 ματαίως

193 3896 494 3953 ἐδικαίωσα
538 3895 651 3963 τὴν
688 3895 938 3964 καρδίαν
959 3908 1099 3962 μου.
1134 3884 1304 3957 Κάγὼ
1329 3926 1344 3950 ,
1374 3885 1538 3956 φησὶ,
1569 3881 1737 3935 ταῦτα

193 3986 337 4057 ὀρῶν.
371 3984 741 4058 ἑθορυϐούμην
769 3986 880 4047 τοῖς
912 3980 1208 4050 λογισμοῖς,
1242 3976 1361 4031 κατ’
1388 3973 1621 4046 ἐμαυτὸν
1656 3973 1739 4024 tv-

194 4074 313 4130 νοῶν
336 4119 351 4142 ,
386 4078 583 4149 μήπως
614 4074 720 4146 ἄρα
751 4076 780 4128 ὁ
813 4073 951 4143 ὑπὲρ
1000 4069 1199 4140 ἀρετῆς
1244 4068 1402 4129 πόνος
1450 4064 1601 4118 ἔσται
1650 4080 1738 4134 μοι

197 4166 422 4237 μάταιος.
456 4165 567 4222 Ἦν
603 4166 658 4219 δὲ
698 4167 727 4219 ὁ
755 4165 912 4228 πόνος
942 4164 1003 4217 τὸ
1036 4159 1377 4229 δικαιοσύνην
1405 4158 1611 4219 ἀσκεῖν,
1646 4155 1740 4209 καὶ

195 4258 248 4312 τὸ
272 4259 587 4333 καθαρεύειν
637 4258 820 4312 ἀδίκου
870 4254 1155 4327 πράξεως,
1198 4254 1293 4309 καὶ
1336 4252 1397 4306 τὸ
1447 4248 1586 4320 ὑπὲρ
1628 4245 1737 4299 τῶν

197 4349 456 4420 προτέρων
483 4349 893 4421 ἁμαρτημάτων
926 4346 1115 4400 ἑαυτὸν
1150 4343 1428 4417 μαστίζειν
1459 4344 1524 4414 τῇ
1554 4339 1739 4409 ἐξομο-

196 4439 415 4512 λογήσει,
447 4440 542 4496 καὶ
573 4442 652 4503 είς
675 4439 832 4493 τοῦτο
853 4439 1036 4511 ὥσπερ
1064 4438 1127 4491 ἐκ
1155 4436 1339 4507 κοίτης
1374 4430 1738 4488 διανίστασθαι

198 4532 266 4595 εἰς
285 4531 342 4585 τὸ
368 4532 507 4603 ὑπὲρ
532 4530 638 4585 τῶν
668 4529 1073 4602 ἁμαρτημάτων
1102 4525 1303 4582 κακοῦν
1329 4524 1538 4579 ἑαυτόν.

259 4626 323 4677 ει
357 4623 590 4694 ἔλεγον
629 4620 993 4690 Διηγήσομαι
1025 4620 1244 4685 οὔτως-,ο
1279 4615 1405 4671 ιδοὺ
1445 4613 1521 4683 τῇ
1567 4610 1741 4685 τενεᾷ

198 4713 328 4768 υἱῶν
355 4732 469 4771 σου
521 4712 920 4782 ήσυνθέτηκα.
976 4709 1195 4776 Ταῦτα,
1260 4708 1446 4781 φησιν.
1502 4706 1742 4760 ἐνενόουν

200 4807 304 4859 κατ’
333 4806 590 4879 ιμαυτὸν,
617 4804 712 4869 ὡς,
745 4806 793 4858 εί
820 4802 1040 4866 τούτους
1062 4801 1187 4865 τοὺς
1213 4797 1627 4861 ὐπεισελθόντας
1653 4811 1741 4866 μοι

200 4895 469 4970 λογισμοὺς
520 4897 725 4970 ἑτέροις
771 4895 1081 4965 ὲπαγγείλω
1130 4886 1312 4965 (οὗτοι
1355 4893 1412 4947 δὲ
1455 4888 1596 4963 ἦσαν
1644 4889 1738 4943 τό’

200 4983 327 5059 Ἆρα
344 4990 606 5059 ματαίως
630 4988 947 5043 ἐδικαίωσα
970 4987 1084 5057 τὴν
1100 4985 1350 5057 καρδίαν
1359 4984 1523 5055 μου),
1542 4982 1742 5044 παντὸς

204 5081 479 5135 σκανδάλου
525 5081 711 5140 αὐτοῖς
748 5078 1005 5150 γενοίμην
1051 5079 1240 5142 αἴτιος.
1279 5076 1448 5130 Τοῦτο
1476 5074 1533 5128 δὲ
1576 5073 1743 5127 ποιῶν

204 5172 510 5242 παρέϐαινον
544 5170 650 5225 τῶν
688 5170 794 5225 σῶν
844 5171 976 5224 υίῶν
1021 5168 1120 5233 τὰς
1168 5167 1468 5237 συνθήκας,
1502 5163 1612 5217 τῶν
1663 5163 1743 5217 δι-

206 5261 353 5316 καίων
386 5260 596 5337 ἀνδρῶν
631 5261 851 5334 δηλαδή.
885 5256 1049 5316 Δῦται
1072 5261 1128 5314 δὲ
1153 5256 1291 5331 ἦσαν
1329 5257 1436 5312 τῶν
1474 5256 1643 5324 ἀγίων
1686 5255 1744 5311 αἱ

206 5352 470 5424 συνθῆκαι.
490 5354 556 5427 τὸ
581 5352 655 5426 μὴ
680 5352 925 5424 ἀλλήλοις
953 5350 1245 5406 σκανδάλου
1277 5349 1447 5413 αἴτιος
1476 5345 1741 5417 γίνεσθαι.

267 5445 365 5499 Kal
399 5446 706 5501 ὑπέλαϐον
730 5443 835 5497 τοῦ
868 5442 1088 5512 γνῶναι
1138 5441 1331 5505 τοῦτο,
1354 5442 1542 5505 κόπος
1578 5436 1748 5490 ἐστίν

207 5532 441 5591 ἐνώπιόν
469 5552 609 5605 μου.
675 5534 1046 5607 ’Υπονοήσας,
1086 5532 1253 5605 φησὶ,
1287 5530 1357 5585 τά
1397 5528 1539 5584 οὕτω
1580 5526 1747 5597 βαθέα

209 5622 388 5692 γνῶναι
427 5626 703 5699 κρίματα,
750 5627 808 5680 ἑν
841 5625 994 5695 κόπῳ
1029 5622 1314 5679 ἐνέϐαλλον
1362 5618 1617 5693 unum,
1651 5616 1746 5672 ἅτε

287 5780 329 5813 ’⁸
358 5779 493 5839 Gen.
516 5796 643 5847 xxv,
668 5778 722 5834 8.

427 5873 694 5937 Par-oc.
731 5871 849 5934 Gn.
899 5869 1158 5937 XXVII.

1837 1928 2103 1996 agendum
2158 1923 2507 1986 accesserint,
2535 1920 2686 1991 gnari
2746 1920 2913 1973 Deum
2940 1917 3177 1970 humana
3209 1914 3392 1967 omnia

1838 2018 2170 2087 conspicere.
2201 2013 2265 2068 Et
2291 2014 2404 2067 dies
2460 2012 2604 2081 pleni
2635 2010 2965 2063 invenientur
3018 2007 3071 2059 in
3122 2004 3221 2058 eis.
3248 2002 3384 2058 Cum

1836 2110 1929 2164 tali
1950 2119 2129 2173 erunt,
2191 2107 2387 2176 inquit,
2421 2111 2598 2158 mente
2648 2099 2922 2166 instructi,
2959 2106 3089 2152 tunc
3121 2097 3243 2149 vita:
3280 2109 3393 2148 sua

1839 2212 2050 2272 tempus
2081 2201 2247 2271 probe
2283 2197 2599 2255 conﬁcient.
2622 2195 2775 2265 juxta
2813 2190 2945 2246 illud
2984 2190 3220 2245 dictum:
3255 2185 3391 2240 Dor-

1838 2297 1982 2351 mioit
2014 2294 2196 2363 plenus
2218 2293 2421 2345 dierum
2451 2290 2498 2321 ⁷⁵
2523 2307 2537 2355 ;
2564 2289 2617 2343 id
2654 2298 2761 2353 est,
2791 2298 2983 2342 omnes
3028 2295 3220 2337 eorum
3273 2278 3389 2334 dies

1837 2387 1989 2443 omni
2016 2386 2159 2440 bono
2186 2383 2330 2455 pleni
2353 2380 2525 2436 fuere.

1906 2597 1991 2652 11.
2029 2595 2098 2649 Et
2128 2595 2411 2648 dixerunt:
2466 2592 2735 2658 Quomodo
2782 2591 2879 2644 scit
2945 2586 3120 2642 Deus?
3158 2582 3393 2651 Populus

1836 2705 2010 2753 meus,
2045 2688 2242 2757 inquit,
2275 2702 2398 2742 cum
2430 2685 2622 2754 deject-i
2648 2692 2702 2739 et
2737 2680 3005 2737 deturbati
3061 2679 3262 2733 fuerint
3288 2676 3394 2730 im-

1837 2782 1931 2851 pii,
1952 2781 2074 2834 hinc
2087 2778 2371 2833 utilitatem
2391 2775 2633 2845 accipiet.
2653 2773 2733 2827 Illi
2752 2780 2930 2827 autem
2961 2768 3259 2834 supradicti
3292 2768 3362 2820 im
3379 2797 3394 2806 -

1837 2874 1911 2945 pii
1940 2882 1990 2927 ct
2024 2872 2166 2927 allici
2199 2879 2348 2925 tanta
2387 2868 2659 2938 impietate
2688 2864 2927 2927 fuerunt,
2974 2870 3032 2915 ut
3088 2858 3397 2913 videntibus

1836 2980 2024 3021 eorum
2059 2963 2223 3016 vitam
2251 2960 2575 3015 offendicqu
2602 2965 2803 3018 essent,
2839 2957 2911 3009 ita
2957 2963 3015 3007 ut
3053 2952 3107 3008 hi
3153 2951 3397 3005 dicerent

1837 3056 1981 3110 anxii
2011 3064 2063 3109 et
2086 3053 2270 3108 dubii:
2306 3050 2442 3105 Num
2474 3050 2615 3105 Deus
2666 3047 2887 3117 respicit
2933 3044 3202 3099 humana?
3261 3041 3395 3095 lIlnd

1837 3147 2004 3206 enim.
2036 3142 2306 3209 Quomodo
2340 3144 2460 3206 scit,
2495 3141 2546 3195 id
2572 3148 2675 3206 est,
2698 3139 2808 3193 Cur
2832 3137 3030 3192 dicitur
3053 3150 3114 3188 ea
3144 3148 3266 3204 qua:
3290 3148 3390 3185 nos

1838 3248 2079 3308 spectant
2110 3252 2437 3306 cognoscere
2490 3245 2541 3291 et
2580 3234 2989 3295 administrare,‘
3017 3237 3070 3283 et
3101 3240 3214 3298 quo
3239 3232 3396 3297 pacto

1837 3346 2015 3385 rerum
2046 3344 2353 3385 nosuarum
2383 3327 2665 3383 scientiam
2689 3324 2889 3380 habet?

1908 3441 2019 3496 12-1
2036 3442 2087 3495 4.
2134 3439 2264 3493 Ecce
2298 3439 2399 3507 ipsi
2425 3447 2720 3507 peccatores
2745 3444 2793 3488 et
2834 3431 3159 3487 abundantes
3209 3428 3263 3483 in
3296 3442 3395 3481 sae-

1838 3527 1955 3582 culo
1978 3527 2314 3580 obtinuerunt
2346 3524 2584 3577 diuitias.
2648 3521 2881 3577 Causam
2931 3517 3172 3574 declarat
3220 3513 3391 3568 oﬂen-

1838 3620 2001 3675 diculi
2045 3619 2343 3672 videntium
2397 3617 2595 3685 impios
2642 3615 2695 3668 in
2731 3612 3065 3667 abundantia
3106 3623 3245 3663 esse.
3280 3604 3395 3660 Iloc

1838 3719 2015 3764 autem
2044 3708 2118 3763 ita
2150 3708 2367 3771 dicitttr,
2414 3706 2541 3774 quia
2569 3705 2883 3759 diuturnam
2910 3702 3049 3756 hanc
3071 3700 3235 3753 vitam
3269 3712 3393 3751 cum

1839 3797 2092 3853 felicitate
2112 3797 2338 3851 ducunt.
2361 3795 2427 3849 Et
2452 3794 2566 3847 dixi
2588 3811 2606 3847 :
2634 3791 2771 3862 Ergo
2793 3791 2904 3845 sine
2926 3804 3088 3843 causa
3105 3783 3396 3856 justiﬁcari

1838 3907 1928 3944 cor
1957 3906 2146 3955 meum,
2174 3896 2278 3942 etc.
2300 3886 2432 3957 Ego,
2459 3885 2657 3954 inquit,
2710 3883 2793 3938 bis
2826 3880 3155 3950 conspectis,
3215 3885 3395 3931 mente

1839 3982 2189 4054 perturbatus
2217 3996 2385 4043 cram,
2420 3993 2629 4033 mecum
2675 3984 2933 4043 reputans
2977 3988 3043 4026 ne
3073 3986 3169 4042 pro
3196 3971 3395 4023 virtute

1840 4084 2121 4143 susceptus
2142 4072 2292 4125 labor
2319 4069 2527 4124 inutilis
2544 4076 2690 4122 esset
2739 4065 2895 4119 mihi.
2928 4064 3055 4117 Erat
3099 4068 3281 4115 autem
3310 4058 3394 4113 Ia-

1838 4167 1938 4221 bor
1965 4160 2292 4233 huiusmodi,
2330 4158 2601 4229 justitiam
2652 4170 2941 4221 exercere,
2994 4150 3144 4208 omni
3199 4148 3393 4217 iniquo

1838 4270 2002 4325 apere
2029 4268 2222 4325 purum
2260 4264 2402 4315 esse,
2431 4265 2531 4320 pro
2559 4248 2852 4320 praeteritis
2877 4244 3114 4316 peccatis
3144 4255 3265 4297 sese
3293 4239 3393 4292 ﬂa-

1840 4348 2041 4421 gellare
2063 4346 2114 4399 in
2139 4340 2504 4408 conlessione,
2538 4350 2591 4397 et
2621 4340 2687 4394 ad
2719 4353 2838 4394 eam
2872 4350 2986 4391 rem
3014 4334 3152 4388 lecto
3175 4342 3398 4386 surrere

1841 4451 2020 4499 mane,
2072 4433 2139 4488 ad
2188 4446 2307 4487 sese
2344 4429 2550 4503 peccati
2598 4442 2763 4484 causa
2810 4420 3223 4480 macerandum.

1915 4608 1998 4663 I5.
2028 4604 2086 4661 Si
2114 4604 2349 4659 dicebam
2374 4620 2392 4658 :
2425 4602 2670 4657 Narrabo
2700 4600 2813 4664 sic;
2843 4605 3240 4654 eccenattouem
3263 4593 3399 4664 ﬁlio-

1843 4706 2192 4753 rumtuorum
2228 4694 2515 4765 reprobavi.
2544 4692 2689 4760 Haec,
2742 4691 2939 4762 inquit,
2989 4700 3202 4744 mecum
3246 4682 3395 4751 engi-

1842 4787 2044 4849 tabam,
2099 4784 2145 4841 si
2198 4799 2290 4839 eas
2343 4784 2703 4853 cogitationes
2766 4794 2853 4835 me
2908 4774 3223 4832 invadentes
3278 4771 3399 4825 aliis

1844 4876 2224 4931 renuntiavero
2273 4883 2463 4943 (erant
2511 4886 2688 4929 autem
2721 4873 2827 4927 illa:
2866 4888 2881 4926 :
2915 4868 3053 4939 Ergo
3108 4866 3221 4920 sine
3272 4878 3400 4916 eau-

1843 4982 1903 5020 sa
1937 4966 2323 5034 iustiﬁcaoicor
2353 4966 2568 5037 meum),
2602 4963 2909 5020 ollendiculi
2931 4962 3066 5033 ipsis
3087 4972 3251 5016 causa
3279 4971 3394 5012 ero.

1845 5054 1958 5111 [Ioc
1983 5064 2165 5111 autem
2226 5070 2392 5125 agens
2450 5065 2606 5127 pacta
2650 5055 2884 5109 ﬁliorum
2915 5062 3132 5107 tuorum
3172 5056 3397 5120 preter-

1844 5163 2065 5219 gressus
2086 5163 2227 5213 sum,
2252 5147 2525 5217 iustorum
2548 5146 2797 5202 videlicet
2822 5146 3082 5199 virorum.
3140 5136 3267 5194 Haec
3295 5153 3396 5192 au-

1846 5250 1950 5297 tem
1978 5250 2135 5296 erant
2155 5250 2311 5312 pacta
2343 5252 2680 5305 sanctorum,
2711 5249 2771 5295 ut
2811 5254 2917 5295 non
2951 5236 3053 5295 sibi
3079 5242 3268 5290 mutuo
3316 5232 3404 5287 ol—

1844 5330 2099 5387 lendiculi
2127 5346 2291 5386 causa
2322 5340 2524 5387 essent.

1918 5424 2002 5480 16.
2040 5423 2427 5479 Existimabam
2452 5434 2511 5478 ut
2556 5439 2913 5498 coynosccrem
2963 5420 3080 5482 hoc,
3138 5415 3287 5470 labor
3322 5422 3399 5467 est

1845 5525 1969 5570 ante
1997 5531 2097 5570 me.
2134 5516 2270 5573 Cum
2300 5517 2692 5585 existimarem,
2746 5518 2945 5587 inquit,
2977 5522 3085 5567 tam
3135 5504 3399 5580 profunda

1844 5605 2047 5679 judicia
2098 5624 2186 5666 me
2243 5622 2597 5681 cognoscere,
2646 5608 2702 5665 in
2762 5608 3003 5664 laborent
3051 5615 3138 5658 me
3171 5597 3400 5671 conieci,

3046 5861 3117 5925 11
