4108 6488
698 408 794 461 551

1530 405 1584 457 S.
1627 405 1995 458 ATHANASII
2038 405 2187 459 OPP.
2234 405 2410 459 PARS
2453 405 2540 458 111.
2582 435 2646 446 —-
2688 403 3097 460 EXEGETICA.

3828 409 3930 463 332

698 532 819 569 cum
863 529 924 570 ea
959 515 1064 570 sint
1116 513 1383 584 profunda
1434 525 1488 568 et
1551 516 1941 568 inscrutabilia.
1985 516 2249 569 Caeterum

2357 514 2561 584 βαθέων
2607 515 2773 566 ὄντων
2815 515 2904 566 καὶ
2939 515 3394 586 ἁνεξερευνήτων.
3433 519 3574 587 Πλὴν
3611 519 3704 574 τδν
3743 519 3932 575 δέοντα

697 617 1057 676 opportunum
1090 610 1222 662 mihi
1264 608 1328 662 ad
1355 623 1470 661 eam
1529 607 1891 677 cognitionem
1917 620 2126 676 tempus
2163 624 2250 661 as-

697 699 934 768 signari:
962 707 1241 753 estautem
1296 699 1444 764 illud,
1476 709 1688 768 tempus
1735 699 1900 752 divini
1939 699 2248 762 tribunalis,

696 790 911 857 quando
935 791 1124 844 reddes
1178 792 1467 860 unicuique
1520 791 1815 844 secundum
1865 806 2026 855 opera
2062 793 2248 844 sua”.

766 882 855 944 18,
890 882 973 936 19.
993 881 1357 938 Verumtamen
1380 892 1587 951 propter
1608 883 1753 934 dolos
1792 883 2012 950 posuisti
2040 884 2113 936 eis
2143 899 2252 934 mu-

695 975 768 1035 to,
790 984 892 1028 etc.
920 973 1050 1042 Ego,
1076 974 1650 1042 inquit,opportunum
1676 974 1809 1026 miln
1843 974 1908 1026 ad
1941 984 2249 1026 accuratam

697 1079 880 1117 earum
919 1081 1098 1118 rerum
1155 1066 1520 1135 cognitionem
1577 1065 1846 1134 assignavi
1893 1063 2132 1117 futurum
2173 1066 2248 1116 vi-

695 1157 888 1211 delicet
937 1168 1179 1227 tempus;
1217 1174 1279 1211 ac
1312 1157 1624 1226 prophetico
1661 1157 1853 1227 spiritu
1910 1157 2086 1210 futura
2117 1172 2252 1225 pne-

696 1264 928 1303 noscens
1011 1250 1134 1303 dico
1211 1249 1428 1302 dolosos
1531 1263 1710 1302 mores
1807 1248 2249 1318 gravissimorum

697 1343 830 1411 ipsis
863 1341 1251 1409 suppliciorum
1281 1342 1332 1394 in
1384 1356 1544 1394 causa
1579 1339 1807 1395 futuros.
1851 1339 1966 1392 Erit
2017 1354 2252 1407 namque

697 1435 801 1487 illis
823 1432 1079 1487 exaltatio
1142 1434 1193 1484 in
1247 1433 1478 1485 ruinam.
1530 1432 1704 1502 Atque
1756 1431 1918 1500 hujus
1954 1431 2076 1484 vita:
2111 1430 2251 1484 divi-

696 1527 782 1579 tia:
814 1525 1034 1595 perinde
1087 1525 1195 1578 illis
1220 1524 1627 1594 judicalmntnr,
1657 1536 1819 1593 atque
1855 1524 2250 1579 somniantium

693 1618 842 1680 visa,
886 1616 1068 1670 inania
1118 1625 1170 1670 et
1222 1617 1411 1671 umbra
1458 1619 1573 1687 ipsa
1616 1618 1935 1671 inlirmiora.

757 1708 846 1762 9.0.
890 1708 952 1760 Et
970 1708 1021 1760 in
1061 1709 1265 1761 civitate
1323 1719 1414 1762 tua
1466 1711 1744 1778 imaginem
1788 1707 2020 1777 ipsorum
2075 1708 2143 1759 ad
2171 1708 2253 1758 ni-

694 1800 860 1852 hilum
889 1799 1106 1868 rediges.
1135 1798 1340 1853 Civitas
1369 1799 1576 1852 Domini
1613 1815 1846 1868 superna
1904 1810 1987 1854 est
2040 1797 2254 1852 Jerusa-

689 1892 822 1956 lem,
862 1891 1139 1960 imaginem
1185 1890 1438 1958 ipsorum,
1491 1889 1542 1942 id
1594 1901 1697 1955 est,
1755 1891 1975 1944 terreni.
2018 1887 2141 1943 Haec
2173 1901 2254 1944 est

693 1999 873 2042 autem
903 1987 1191 2043 sententia.
1247 1983 1717 2052 Quandoquidem,
1751 1985 1848 2046 ait,
1885 1983 2082 2035 terreni
2115 1983 2252 2035 ima-

694 2082 871 2149 ginem
900 2088 1201 2150 gestarum,
1234 2085 1286 2132 et
1314 2092 1418 2130 non
1443 2075 1679 2130 cmlestis
1698 2073 1765 2137 ",
1784 2075 1903 2128 ideo
1927 2073 1990 2126 ad
2023 2073 2252 2126 nihilum

697 2173 1023 2242 redigentur,
1042 2171 1263 2225 audient
1283 2170 1426 2224 enim
1451 2183 1515 2221 eo
1535 2178 1774 2236 tempore
1800 2183 1813 2219 :
1840 2164 2031 2219 Nescio
2060 2182 2146 2219 eos
2171 2164 2214 2194 "
2237 2181 2251 2227 ;

697 2273 882 2333 utpote
914 2263 1006 2331 qui
1057 2278 1164 2316 non
1190 2271 1379 2329 gerant
1412 2259 1646 2314 cmlestis
1682 2258 1989 2328 imaginem.

777 2435 954 2489 21-24.
1013 2432 1149 2499 Quia
1178 2435 1564 2500 inﬂammatum
1594 2443 1668 2484 est
1715 2447 1803 2483 cor
1836 2446 2001 2482 meum
2026 2439 2073 2481 et
2110 2446 2253 2482 renes

698 2527 794 2576 mei
818 2524 1122 2576 commutati
1141 2531 1280 2584 sunt,
1307 2533 1354 2573 et
1385 2537 1474 2588 ego
1494 2523 1560 2571 ad
1593 2520 1814 2572 nihilum
1849 2519 2089 2571 reductus
2116 2536 2252 2582 sum,

696 2626 740 2664 et
767 2615 980 2676 nesciri,
1007 2623 1113 2667 etc.
1169 2611 1438 2676 Quoniam
1480 2611 1588 2664 zelo
1629 2611 1828 2662 :elatus
1863 2626 1978 2663 sum
2015 2627 2107 2679 pro
2142 2609 2252 2663 Do~

695 2707 838 2758 mino
872 2704 939 2770 ⁷⁸,
969 2705 1039 2758 ita
1070 2714 1124 2757 ut
1159 2718 1316 2759 renes
1358 2704 1460 2756 mei
1522 2704 1876 2772 implerentur
1918 2704 2033 2756 zelo
2088 2701 2248 2771 ignis,

695 2797 814 2849 ideo
837 2797 1028 2865 dignus
1075 2795 1288 2848 habitus
1340 2809 1460 2848 sum
1522 2795 1614 2863 qui
1647 2793 2006 2854 illuminarer,
2054 2801 2106 2844 et
2158 2806 2251 2842 eo-

695 2904 1007 2958 gnoscerem
1036 2903 1155 2956 quin
1190 2888 1243 2939 in
1301 2888 1518 2939 civitate
1575 2894 1664 2938 tua
1719 2895 2006 2952 geruntur,
2047 2891 2100 2935 et
2136 2897 2255 2951 qua:

694 2977 981 3044 imaginem
1034 2976 1323 3043 impiorum
1378 2983 1644 3040 Spectant.
1702 2971 1804 3027 Sed
1843 2983 2002 3026 antea
2067 2984 2122 3026 ut
2164 2973 2252 3041 ju-

698 3076 936 3119 mentum
967 3065 1227 3133 insipiens
1259 3065 1364 3118 \ixi
1403 3066 1468 3128 τ’,
1509 3081 1630 3118 cum
1664 3081 1769 3117 non
1811 3080 2026 3134 possem
2058 3064 2255 3118 divinat

699 3158 1050 3228 providentiae
1077 3157 1314 3211 rationes
1370 3159 1654 3228 attingere.
1690 3159 1937 3210 Attamen
1975 3171 2080 3209 non
2135 3172 2164 3208 a
2205 3164 2254 3208 te

694 3249 836 3304 Deus
871 3264 1041 3312 meus.
1074 3250 1368 3304 derelictus
1393 3266 1512 3304 sum
1535 3292 1547 3315 ,
1582 3265 1757 3317 neque
1793 3249 1971 3303 excidi
2005 3263 2098 3316 spe
2126 3262 2252 3315 erga

697 3351 748 3395 te
779 3357 920 3404 mea,
945 3342 1037 3395 sed
1061 3358 1260 3410 semper
1285 3351 1451 3395 tecum
1483 3358 1653 3396 erant.
1685 3344 1846 3411 ldqtte
1880 3358 1985 3396 non
2009 3357 2123 3396 mea
2153 3343 2254 3395 vir-

698 3443 829 3496 tute,
865 3433 958 3485 sed
990 3447 1054 3485 ex
1090 3442 1179 3485 tua
1213 3431 1380 3501 gratia
1418 3433 1590 3487 eﬂeci.
1619 3433 1700 3486 Tu
1730 3435 1873 3486 enim
1913 3435 2026 3502 ipse
2056 3451 2120 3487 ex
2148 3435 2255 3487 ele-

698 3515 895 3570 mentia
927 3525 1016 3570 tua
1050 3532 1222 3569 meam
1268 3517 1544 3570 dexteram
1597 3520 2030 3588 apprehendens,
2078 3523 2253 3574 tenui-

695 3607 762 3660 sti
822 3622 888 3662 ne
921 3615 1241 3661 moveantur
1275 3611 1496 3677 vestigia
1532 3625 1672 3674 mea,
1723 3625 1898 3679 neque
1946 3610 2108 3679 pedes
2149 3613 2251 3666 mei

693 3707 903 3762 nutent,
950 3713 1050 3753 nec
1092 3698 1326 3768 amplius
1365 3709 1543 3753 tecum
1589 3699 1889 3754 consistere
1915 3703 2142 3770 possint.

771 3849 861 3912 25,
901 3849 993 3902 26.
1023 3848 1163 3912 Quid
1189 3850 1328 3901 enim
1375 3849 1503 3900 mihi
1524 3859 1598 3900 est
1630 3849 1683 3901 in
1712 3850 1858 3913 coelo,
1907 3859 1955 3904 et
1980 3867 2010 3903 α
2041 3861 2087 3904 te
2130 3855 2252 3921 quia

693 3937 834 3991 votui
881 3953 1038 4005 super
1093 3941 1340 3994 terram?
1370 3947 1473 3992 etc.
1533 3937 1824 4004 Quoniam,
1881 3941 2077 4010 inquit,
2121 3945 2253 3996 nihil

696 4028 826 4081 mihi
853 4030 905 4082 in
941 4030 1081 4084 caelo
1110 4041 1193 4084 est
1224 4040 1418 4099 praeter
1438 4041 1487 4084 te
1519 4031 1718 4093 solum,
1752 4032 1877 4087 hinc
1905 4049 2249 4104 consequen-

695 4127 778 4172 ter
801 4120 947 4173 nolui
973 4119 1248 4188 quidpiam
1278 4129 1611 4174 terrenorum
1653 4124 2255 4194 accipere,utpotequa:

698 4210 1066 4280 corruptibilia
1090 4213 1271 4265 omnia
1289 4213 1397 4264 sint
1424 4222 1478 4265 et
1503 4224 1867 4282 temporanea.
1891 4213 2066 4269 Unum
2082 4219 2254 4273 solum

700 4298 953 4366 consequi
985 4307 1131 4366 OplO,
1151 4299 1308 4367 cujus
1327 4300 1594 4354 desiderio
1613 4303 1986 4373 memetipsum
2021 4322 2256 4362 macera-

699 4389 822 4442 ham
851 4388 904 4441 in
960 4400 1136 4443 terra:
1167 4390 1297 4444 illud
1323 4400 1500 4445 autem
1531 4400 1636 4456 est,
1673 4402 1732 4447 ut
1776 4403 1832 4448 tu
1890 4397 2041 4453 solus
2074 4402 2250 4468 portio

699 4493 816 4532 mea
845 4495 938 4532 SIS.

774 4566 865 4620 28.
899 4567 1038 4633 Quia
1060 4584 1173 4622 ecce
1200 4570 1288 4640 qui
1309 4569 1552 4639 elongant
1597 4585 1652 4624 se
1696 4580 1801 4624 ate
1839 4575 2102 4639 peribunt,
2143 4586 2247 4630 etc.

695 4657 816 4712 Tibi
859 4660 1076 4712 assidue
1117 4662 1518 4728 conjungimur,
1565 4677 1598 4715 ο
1659 4662 1904 4730 Domine,
1959 4667 2120 4737 idque
2158 4670 2249 4738 ju-

695 4765 753 4804 re
800 4764 864 4803 ac
941 4750 1156 4814 merito,
1209 4752 1362 4820 gnari
1407 4753 1613 4807 scilicet
1678 4769 1776 4809 eos
1835 4757 1924 4823 qui
1982 4768 2135 4813 extra
2197 4771 2250 4814 te

692 4839 997 4893 consistunt
1031 4841 1084 4892 in
1121 4842 1412 4909 perniciem
1449 4844 1621 4897 ituros
1652 4845 1706 4897 in
1757 4845 1884 4900 fine.
1917 4847 2021 4913 Qui
2069 4860 2246 4904 autem

694 4940 868 4983 tecum
896 4938 1024 4984 sunt
1053 4931 1249 4984 bonam
1287 4936 1591 5002 portionem
1643 4950 2066 5005 consequentur.
2103 4941 2249 4994 Con-

693 5021 862 5089 tinget
912 5023 1056 5074 enim
1106 5021 1210 5075 illis
1263 5022 1314 5074 in
1359 5022 1562 5079 caelesti
1608 5023 1904 5081 Jerusalem
1953 5032 2234 5098 pulchram

685 5117 990 5184 portionem
1027 5115 1290 5172 obtinere.
1325 5115 1450 5172 Haec
1482 5127 1664 5173 autem
1717 5130 1826 5184 est,
1885 5132 1946 5176 ut
1987 5127 2097 5180 tuis
2157 5144 2251 5183 ca-

692 5205 882 5260 nendis
932 5205 1148 5275 hymnis
1176 5222 1390 5276 semper
1433 5209 1791 5265 delectentur.

1003 5294 1056 5348 1.
1096 5294 1398 5350 Intellectus
1420 5301 1616 5368 Asaph.
1656 5299 1932 5359 LXXIII.

1271 5391 1668 5460 Argumentum.

690 5473 1146 5544 Supplicationem
1188 5478 1336 5532 hisce
1369 5481 1515 5534 canit
1539 5479 1827 5551 Pr0pheta,
1859 5501 2084 5544 cernens
2123 5506 2250 5560 pos-

769 5569 1218 5626 tremamlsraelis
1232 5573 1597 5642 captivitatem
1619 5594 1630 5628 :
1658 5591 1724 5628 ne
1747 5593 1974 5647 prorsus
1989 5597 2082 5636 eos
2100 5600 2128 5637 a
2149 5600 2247 5640 sua

759 5661 1091 5725 protectione
1115 5662 1345 5730 rejieiat,
1369 5665 1460 5717 sed
1498 5665 1774 5734 relinquat
1817 5667 1950 5736 ipsis
2005 5673 2245 5743 aliquam

2281 3205 2320 3259 C

2352 609 2430 669 εἰς
2463 607 2558 674 τὴν
2589 606 2790 658 τούτων
2817 607 3017 673 γνῶσιν
3068 607 3400 677 πεπόρισμαι
3435 609 3654 679 ἐμαυτῷ
3693 612 3889 682 καιρόν
3910 629 3926 644 °

2350 694 2500 760 οὗτος
2527 697 2580 749 δὲ
2613 693 2676 766 ἦν
2704 699 2731 748 ό
2760 697 2852 748 τοῦ
2882 697 3022 749 θείου
3052 698 3401 768 δικαστηρίου
3436 701 3646 772 καιρὸς,
3671 702 3764 754 ὅτε
3799 705 3932 757 ἁπο-

2350 788 2536 850 δὼσεις
2567 788 2778 856 ἑκάστῳ
2799 787 2936 839 κατὰ
2959 788 3026 839 τὰ
3047 788 3180 858 ἔργα
3214 788 3398 842 αὐτοῦ.

2422 879 2592 946 Πλὴν
2633 880 2728 931 διὰ
2771 879 2874 943 τὰς
2917 877 3264 946 δολιότητας
3305 879 3502 932 αὐτῶν
3539 881 3680 934 ἔθου
3726 881 3927 947 αὐτοῖς

2351 971 2528 1036 κακά,
2549 990 2601 1025 κ.
2616 989 2663 1025 τ.
2682 972 2730 1026 λ.
2749 970 2886 1040 Ἐγὼ
2903 970 3019 1040 μὲν,
3035 971 3216 1040 φησὶν,
3236 971 3535 1040 ἐπιτήδειον
3551 972 3650 1042 τῆς
3665 972 3928 1043 ἀκριϐοῦς

2353 1063 2707 1132 περὶτούτων
2751 1064 3000 1132 γνώσεως
3035 1063 3234 1133 ἐθέμην
3278 1063 3499 1133 ἐμαυτῷ
3539 1065 3628 1116 τὸν
3666 1065 3926 1133 μέλὶοντα

2353 1157 2560 1226 καιρόν·
2593 1158 2759 1219 ὅπως,
2793 1157 2868 1226 τῷ
2899 1156 3217 1228 προφητικῷ
3241 1157 3508 1225 πνεύματι
3527 1157 3688 1223 γνοὺς
3719 1157 3785 1206 τὰ
3819 1155 3929 1206 ἐσό-

2355 1270 2507 1321 μενα,
2539 1251 2700 1320 φημὶ,
2727 1251 2800 1312 ὡς
2828 1250 2974 1302 αἰτία
3009 1249 3217 1320 πικρῶν
3252 1250 3521 1302 κολάσεων
3554 1249 3737 1310 αὐτοῖς
3766 1249 3800 1316 ἡ
3829 1247 3923 1300 τοῦ

2351 1344 2550 1413 τρόπου
2596 1342 2836 1410 δολιότης
2887 1342 3194 1411 γενήσεται.
3243 1341 3435 1392 Ἔσται
3479 1339 3586 1410 γὰρ
3635 1339 3817 1393 αὐτῶν
3847 1341 3922 1402 είς

2353 1431 2554 1484 πτῶσιν
2583 1431 2645 1484 τὸ
2673 1431 2892 1500 ὕψωμα.
2916 1424 3192 1493 Καὶοῧτος
3222 1431 3249 1482 ό
3281 1428 3468 1500 παρὼν
3494 1431 3677 1492 αὺτοῖς
3712 1429 3925 1499 κριθείη

2354 1524 2582 1588 πλοῦτος
2611 1524 2794 1595 ῶσπερ
2836 1524 2898 1578 ἂν
2937 1524 3030 1576 καὶ
3075 1524 3181 1575 τῶν
3215 1522 3642 1592 όνειρωττόντων
3685 1524 3754 1574 τὰ
3791 1522 3926 1590 φάσ-

2355 1637 2498 1688 ματα
2531 1619 2874 1671 ἀνυπόστατα.
2905 1620 2996 1670 καὶ
3029 1616 3206 1686 πάσης
3238 1617 3394 1678 σκιᾶς
3420 1615 3806 1685 ἀσθενέστερα.

2421 1709 2532 1762 Καὶ
2564 1709 2632 1760 ἐν
2661 1706 2732 1774 τῇ
2771 1710 2941 1760 πόλει
2975 1722 3089 1759 σου
3121 1705 3232 1772 τὴν
3279 1705 3482 1758 slxo'ra
3527 1705 3727 1758 αὐτῶν
3755 1706 3924 1769 ἐξου-

2352 1801 2652 1866 δενώσεις.
2679 1798 2836 1862 Πόλις
2867 1799 2964 1869 μὲν
2992 1795 3084 1850 τοῦ
3111 1797 3316 1868 Κυρίου
3346 1798 3378 1866 ἡ
3413 1797 3521 1848 ἄνω
3551 1797 3923 1867 Ἰερουσαλὴμ,

2354 1891 2528 1944 εἰκὼν
2566 1891 2621 1942 δέ
2667 1888 2863 1942 αὐτῶν
2894 1891 2926 1958 ἡ
2960 1888 3052 1939 τοῦ
3086 1887 3291 1956 χοϊκοῦ.
3333 1888 3396 1935 "U
3425 1885 3480 1938 δὲ
3509 1885 3655 1953 λέγει
3689 1887 3925 1938 τοιοῦτον

2355 1984 2498 2034 ἐστιν
2519 1997 2533 2012 ο
2578 1979 2793 2047 Ἐπειδὴ
2825 1978 2920 2048 τὴν
2948 1978 3039 2030 τοῦ
3071 1975 3254 2045 χοῖκοῦ
3276 2019 3290 2041 ,
3334 1978 3467 2046 φησὶ
3491 2018 3505 2042 ,
3547 1979 3924 2048 πεφορήκασιν

2355 2071 2571 2133 εἰκόνα,
2606 2070 2696 2122 καὶ
2737 2069 2797 2120 οὐ
2830 2068 2927 2137 τὴν
2969 2066 3062 2118 τοῦ
3107 2068 3444 2138 ἐπουρανίου,
3493 2069 3667 2140 ταύτῃ
3705 2084 3787 2119 τοι
3838 2067 3927 2120 καὶ

2353 2161 2892 2232 ἐξουδενωθήσονται·
2930 2158 3248 2212 ἀκούσονται
3295 2158 3402 2228 γὰρ
3449 2159 3566 2210 κατ’
3607 2162 3784 2212 ἐκεῖνο
3810 2176 3926 2212 και-

2357 2253 2449 2324 ροῦ
2478 2270 2489 2282 '
2525 2254 2643 2304 Οὐκ
2687 2248 2818 2304 οἶδα
2856 2250 3008 2320 ὑμᾶς
3034 2268 3046 2280 ·
3077 2252 3168 2305 ἆτε
3201 2250 3274 2322 μὴ
3303 2249 3593 2320 φοροῦντες
3625 2251 3723 2322 τὴν
3763 2251 3923 2304 αὑτοῦ

2353 2344 2444 2397 τοῦ
2477 2343 2797 2413 ἐπουρανίου
2828 2343 3030 2394 εἰκόνα.

2426 2437 2542 2486 ’Ότι
2565 2433 2856 2498 ἐξεκαύθη
2897 2433 2931 2498 ἡ
2968 2432 3178 2499 καρδία
3192 2449 3330 2500 μου,
3361 2433 3456 2485 καί
3486 2435 3539 2486 ol
3571 2435 3778 2502 νεφροί
3809 2452 3924 2502 μου

2355 2520 2792 2586 ἠλλοιώθησαν,
2826 2521 2983 2588 κάγὼ
3023 2519 3498 2590 ἐξουδενωμένος
3521 2562 3534 2584 ,
3583 2521 3678 2574 καὶ
3706 2525 3818 2576 οὐκ
3834 2524 3924 2590 ἐτ-

2353 2630 2489 2675 νων,
2512 2629 2561 2667 κ.
2577 2611 2687 2666 τ.λ.
2707 2611 2918 2681 Ἐπειδὴ
2931 2610 3122 2678 ζηλῶν
3139 2612 3399 2680 ἐζήλωκα
3420 2613 3720 2682 τῲΚιιρίῳ,
3737 2616 3814 2679 ὡς
3837 2616 3926 2669 καὶ

2352 2703 2449 2773 τὴν
2482 2703 2704 2773 καρδίαν
2732 2703 2825 2754 καὶ
2856 2704 2979 2765 τοὺς
3011 2705 3240 2774 νεφροὺς
3271 2705 3619 2776 πληρωθῆναι
3655 2707 3804 2776 ζήλῳ
3835 2725 3925 2759 πυ-

2357 2793 2468 2863 ρὸς,
2502 2793 2688 2846 τούτου
2737 2794 2893 2863 χάριν
2921 2792 3156 2862 ἠξιώθην
3197 2797 3529 2865 φωτισθῆναι
3581 2799 3673 2850 καὶ
3725 2797 3923 2864 γνῶναι

2356 2883 2420 2936 τὰ
2446 2887 2573 2956 περὶ
2595 2885 2692 2954 τῆς
2721 2886 2816 2955 σῆς
2848 2885 3053 2947 πόλεως
3081 2888 3439 2956 πεποιημένα,
3463 2889 3554 2939 καὶ
3582 2890 3648 2942 τὰ
3673 2905 3738 2942 πε
3748 2891 3804 2960 ρὶ
3831 2891 3924 2956 τῆς

2356 2976 2558 3036 εἰκόνος
2599 2977 2705 3028 τῶν
2756 2977 2988 3030 ἀσεϐῶν.
3034 2977 3193 3028 Ἀλλὰ
3239 2977 3396 3048 δίκην
3452 2981 3681 3048 κτήνους
3731 2981 3924 3045 ἀλόγου

2354 3066 2625 3118 διετέλεσα
2656 3067 2938 3136 πρότερον,
2974 3067 3046 3138 μὴ
3070 3068 3363 3138 δυνάμενος
3390 3069 3666 3122 ἐπιϐαλεῖν
3691 3073 3802 3135 τοῖς
3831 3072 3924 3141 τῆς

2358 3157 2615 3224 Προνοίας
2664 3156 2861 3223 λόγοις.
2917 3158 3104 3227 Ὅμως
3150 3161 3247 3210 οὐκ
3290 3161 3635 3233 ἀπελιπόμην
3691 3163 3787 3216 σοῦ
3833 3164 3923 3221 τοῦ

2355 3245 2509 3307 Θεοῦ,
2539 3247 2657 3299 οὐδὲ
2706 3246 2992 3311 ἐξέπιπτον
3042 3252 3139 3320 τῆς
3181 3250 3274 3303 ἐπὶ
3308 3251 3365 3304 σὲ
3399 3253 3606 3316 ἐλπίδος
3681 3259 3926 3327 συνήμην

2353 3339 2407 3391 δέ
2440 3357 2537 3392 σοι
2567 3339 2911 3405 διαπαντός.
2943 3344 3052 3395 Καὶ
3081 3344 3237 3396 τοῦτο
3262 3344 3527 3414 ἔπραττον
3559 3347 3658 3398 οὐκ
3699 3348 3758 3413 ἐξ
3790 3351 3924 3419 ἐμῆς

2353 3430 2630 3498 δυνάμεως
2656 3473 2670 3494 ,
2706 3432 2818 3483 ἁλλ’
2847 3435 2908 3485 ἐκ
2939 3434 3036 3496 τῆς
3073 3434 3170 3501 σῆς
3215 3437 3453 3506 χάριτος.
3491 3436 3559 3489 Σὺ
3605 3437 3712 3508 γὰρ
3743 3440 3922 3502 αὐτὸς,

2354 3523 2418 3588 τῇ
2454 3521 2645 3572 σαυτοῦ
2682 3521 3055 3594 φιλανθρωπία
3094 3526 3194 3593 τῆς
3224 3528 3360 3597 ἐμῆς
3400 3526 3579 3593 δεξιᾶς
3607 3529 3926 3600 ἐπιλαϐόμε-

2356 3625 2463 3670 νος,
2495 3613 2732 3679 συνεῖχες
2767 3612 2860 3663 καὶ
2891 3615 3237 3685 συνεκράτεις
3261 3618 3393 3686 πρὸς
3424 3618 3484 3669 τὸ
3521 3617 3594 3688 μὴ
3625 3619 3926 3690 διασεισθῆ-

2356 3700 2438 3750 ναί
2482 3718 2581 3769 μου
2615 3702 2678 3753 τὰ
2708 3701 3036 3773 διαδήματα,
3071 3708 3201 3776 μηδέ
3233 3709 3356 3772 τοὺς
3388 3709 3553 3773 πόδας
3577 3728 3680 3780 μου
3705 3713 3926 3767 σαλεύε-

2358 3791 2478 3843 σθαι
2504 3793 2601 3860 τῆς
2629 3795 2778 3862 παρὰ
2806 3796 2887 3845 σοὶ
2918 3797 3178 3861 στάσεως.

2431 3883 2491 3934 Τί
2521 3881 2627 3950 γάρ
2644 3902 2741 3952 μοι
2761 3885 3006 3954 ὑπάρχει
3022 3891 3090 3941 ἐν
3114 3890 3191 3956 τῷ
3209 3893 3459 3960 οὐρανῷ.
3492 3897 3587 3949 xal
3617 3900 3778 3967 παρὰ
3809 3901 3920 3953 σοῦ

2357 3972 2412 4023 τί
2426 3972 2694 4039 ἠθέλησα
2709 3975 2802 4028 ἐπὶ
2836 3975 2961 4045 γῆς,
2981 3997 3032 4032 κ,
3051 3998 3098 4033 τ.
3115 3981 3163 4035 λ.
3198 3984 3395 4056 Επειδὴ
3419 3987 3566 4039 οὐδέν
3599 4006 3709 4059 μοι,
3740 3993 3921 4060 φησὶν,

2357 4065 2586 4135 ὑπάρχει
2621 4068 2676 4119 ἐν
2716 4067 2791 4137 τῷ
2823 4070 3051 4140 οὐρανῷ,
3084 4072 3221 4143 πλὴν
3252 4077 3344 4128 σοῦ
3389 4078 3570 4146 μόνου,
3611 4081 3924 4148 ἀναγκαίως

2355 4156 2472 4208 οὐδέ
2502 4174 2555 4209 τι
2582 4157 2688 4210 τῶν
2720 4161 2811 4212 ἐπὶ
2846 4161 2948 4229 γῆς
2988 4162 3226 4234 ἠθέλησα
3250 4165 3500 4232 δέξασθαι
3532 4170 3625 4223 ἅτε
3667 4172 3922 4244 φθαρτῶν

2356 4248 2520 4300 ὅντων
2564 4249 2814 4302 ἁπάντων
2843 4255 2934 4305 καὶ
2962 4256 3326 4328 προσκαίρων.
3371 4261 3515 4323 Ἐνὸς
3543 4262 3598 4315 δὲ
3638 4265 3801 4332 μόνου
3835 4267 3924 4336 ηὐ-

2358 4338 2526 4408 χόμην
2561 4344 2758 4409 τυχεῖν,
2787 4343 2879 4396 καὶ
2904 4345 2980 4414 τῷ
3005 4345 3191 4398 τούτου
3226 4347 3373 4417 πόθῳ
3404 4352 3733 4422 κατέτρυχον
3759 4357 3922 4425 ἐμαυ-

2355 4428 2445 4480 τὸν
2477 4430 2566 4480 ἐπὶ
2599 4430 2697 4498 τῆς
2723 4431 2854 4499 γῆς’
2890 4433 3044 4486 τοῦτο
3071 4435 3124 4487 δέ
3159 4437 3272 4488 ἐστι
3305 4437 3364 4489 τὸ
3389 4440 3444 4490 σὲ
3481 4441 3672 4511 μερίδα
3709 4460 3799 4511 μοι
3832 4446 3920 4497 καὶ

2287 4535 2328 4588 D
2363 4517 2524 4586 μόνην
2555 4518 2825 4585 γενέσθαι.

2440 4607 2582 4660 Ἰδοὺ
2607 4608 2694 4660 ὅτι
2721 4613 2772 4662 ol
2798 4614 3205 4680 μακρύνοντες
3228 4617 3476 4683 ἑαυτοὺς
3502 4619 3620 4672 ἀπὸ
3658 4621 3775 4674 σοῦ
3822 4622 3924 4674 ἀετ-

2357 4698 2653 4763 ολοῡνται,
2669 4716 2720 4752 κ.
2741 4718 2786 4752 ν.
2806 4701 2852 4756 λ.
2869 4703 2977 4772 Τῆς
2993 4704 3087 4772 σῆς
3102 4706 3418 4778 ἁντεχόμην,
3430 4704 3473 4762 ὦ
3487 4711 3746 4773 Δέσποτα,
3766 4729 3922 4766 συνα-

2360 4792 2535 4858 φείας,
2575 4792 2723 4860 φησί’
2755 4795 2844 4847 καὶ
2871 4795 3025 4848 τοῦτο
3052 4797 3215 4859 καλῶ,
3249 4800 3421 4863 εἰδὼς,
3452 4801 3525 4864 ὡς
3551 4801 3656 4855 τῶν
3689 4802 3794 4866 ἔξω
3828 4805 3921 4858 σοῦ

2357 4883 2725 4948 τυγχανόντων
2760 4883 2976 4956 ὄλεθρος
3005 4887 3153 4942 ἔσται
3190 4889 3249 4940 τὸ
3273 4892 3462 4962 πέρας.
3483 4894 3545 4945 Οἱ
3581 4893 3635 4944 δέ
3671 4896 3923 4959 συνόντες

2359 4968 2566 5036 ἀγαθὴν
2611 4968 2786 5034 ἕξουσι
2842 4974 3052 5042 μερίδα.
3094 4977 3435 5049 Συμὸήσεται
3467 4982 3573 5052 γὰρ
3611 4984 3796 5048 αὐτοῖς
3821 5026 3834 5044 .
3864 4987 3922 5038 ἐν

2360 5057 2422 5124 τῇ
2478 5057 2778 5129 ἐπουρανίῳ
2822 5065 3127 5132 γενομένοις
3170 5068 3552 5141 Ἰερουσαλὴμ,
3605 5073 3702 5143 τὴν
3751 5077 3922 5148 καλὴν

2363 5146 2554 5214 μερίδα
2585 5149 2954 5222 κληρονομεῖν.
2982 5157 3126 5228 Αὕτη
3152 5159 3208 5215 δέ
3233 5161 3349 5213 ἐστι
3375 5163 3433 5216 τὸ
3456 5168 3565 5228 τοῖς
3595 5170 3705 5230 σοῖς
3733 5146 3922 5238 ὕμνοις

2361 5238 2445 5288 ἐντ
2457 5241 2626 5310 ρυφᾷν
2659 5242 2766 5296 ἀεί.

2719 5333 3027 5401 Συνέσεως
3062 5340 3141 5403 τῷ
3183 5342 3386 5411 Ἀσάφ.
3433 5345 3560 5398 οιν.

2976 5427 3295 5495 Ὑπόθεσις.

2368 5509 2664 5580 Ἰκετηρίαν
2707 5514 2763 5566 ἐν
2797 5515 3004 5580 τούτοις
3026 5521 3054 5570 ό
3087 5529 3368 5594 προφήτης
3396 5525 3529 5590 ἄδει,
3566 5528 3663 5599 τὴν
3697 5529 3925 5599 ἔσχατον

2425 5601 2566 5670 ὁρῶν
2590 5604 2960 5674 αἰχμαλωσίαν
2983 5611 3075 5665 τοῦ
3117 5614 3358 5684 Ἰσραήλ’
3388 5617 3534 5681 ὅπως
3557 5618 3622 5672 ἂν
3657 5622 3731 5691 μὴ
3761 5626 3844 5686 εἰς
3865 5626 3926 5674 τὸ

2429 5691 2684 5755 παντελὲς
2704 5695 2898 5760 αὐτοὺς
2921 5698 3074 5773 ἐξέλῃ
3101 5703 3198 5773 τῆς
3226 5704 3360 5774 πρὸς
3389 5707 3548 5760 αὐτὸν
3571 5711 3922 5780 οίκειῶσεως,

770 5788 824 5825 ’⁸
864 5790 1016 5847 Rom.
1059 5810 1120 5859 Il,
1153 5795 1204 5852 6.
1272 5798 1315 5828 ⁷⁸
1343 5797 1361 5851 Ι
1394 5798 1514 5855 Cor.
1549 5817 1635 5866 xv,
1678 5801 1765 5859 49.
1843 5805 1884 5835 ⁷⁷
1925 5805 2114 5864 Matth.
2157 5829 2271 5882 xxv1

2367 5818 2417 5873 0.
2495 5822 2538 5852 ⁷⁸
2570 5822 2632 5879 111
2671 5825 2800 5896 Reg.
2836 5832 3045 5893 xix,10.
3125 5837 3168 5869 ⁷³
3203 5835 3509 5892 Psal.t.xxu
3561 5839 3650 5896 25.
