4108 6496
162 446 261 500 333

1218 442 1579 498 EXPOSITIO
1619 442 1684 496 iN
1724 442 2049 497 PSALMUM
2087 442 2315 496 LXXI".

3292 439 3393 495 ’554

227 556 543 629 καταὶείπῃ
572 556 631 609 δέ
673 572 793 608 τινα
837 555 1018 613 αὐτοῖς
1055 555 1133 617 εἰς
1165 555 1432 627 σωττιρίαν
1460 557 1729 627 ἀφορμήν,

1907 557 2097 610 salutis
2126 556 2291 609 riam.
2324 554 2586 610 Describit
2613 553 2774 623 perro
2817 553 3086 609 excidium
3130 552 3283 605 urbis
3322 565 3384 604 ac

224 648 537 719 Διαγράφει
570 647 627 698 δὲ
657 646 749 698 καὶ
784 646 881 716 τὴν
916 646 1115 699 ἅλωσιν
1148 646 1244 715 τὴν
1287 646 1567 717 συμϐᾶσαν
1600 648 1732 715 αὐτῇ

226 752 285 787 τε
317 740 386 806 τῇ
424 736 580 789 πόλει
611 737 702 787 καὶ
723 734 803 805 τῷ
832 733 961 805 θείῳ
994 736 1125 807 ναῷ.

228 829 352 880 Ἵνα
383 832 464 893 τί,
498 831 531 881 ό
574 827 735 892 Θεὸς,
770 826 987 880 ἀπώσω
1018 831 1104 890 εἰς
1136 826 1342 893 telae;
1373 828 1594 899 Ὅμοιον
1623 828 1731 899 τῷ·

165 918 446 986 Ἕφθασεν
494 918 581 970 ἐπ’
618 917 811 981 αὐτοὺς
839 920 872 988 ἡ
898 919 1033 989 ὀργὴ
1062 918 1161 987 ἤδη
1202 920 1279 982 είς
1313 919 1480 983 τέλος.
1527 921 1599 972 Ub
1632 921 1739 992 γὰρ

161 1008 236 1060 ἔτι
265 1008 596 1061 ἀνάπαυλαν
630 1008 836 1072 ἕξονται
864 1008 971 1060 τῶν
1006 1007 1210 1062 κακῶν.

228 1100 553 1167 Μνήσθητι
584 1098 695 1168 τῆς
731 1098 1089 1169 συναγωγῆς
1130 1118 1228 1154 σοι
1259 1096 1334 1170 ἧς
1364 1100 1596 1165 ἐκτήσω
1636 1102 1737 1154 ἀπ’

161 1191 373 1260 ἀρχῆς.
431 1192 536 1244 Διὰ
572 1192 679 1243 τῶν
731 1190 979 1262 Ἀϐραάμ
1027 1193 1118 1245 καὶ
1152 1192 1333 1246 Ἰσαὰκ
1379 1192 1469 1244 καὶ
1524 1192 1734 1245 Ἰακώϐ.

173 1283 532 1351 Ἐλυτρώσω
574 1281 773 1349 ῥάϐδῳ
820 1282 935 1349 τὴν
979 1286 1379 1351 κληρονομίαν
1421 1300 1556 1337 σου.
1608 1284 1739 1336 Ἀπὸ

164 1375 340 1429 κοινοῦ
368 1376 457 1428 τό’
504 1374 786 1445 Μνήσθητι
819 1370 887 1445 ἦς
933 1373 1221 1445 ἐλυτρώσω
1270 1374 1448 1445 ῥάϐδῳ
1494 1375 1739 1446 κληρονο-

165 1465 289 1533 μίας
322 1481 420 1517 σου
446 1482 462 1495 ο
499 1464 744 1516 τουτέστι
773 1462 1134 1533 κληρονομίας
1158 1465 1235 1525 είς
1258 1462 1521 1531 βασίλειον
1548 1465 1739 1534 ηὐτρε-

162 1557 456 1626 πισμένης,
494 1554 665 1608 καθ’ὂ
708 1554 841 1625 πρὸς
871 1556 1064 1619 αὐτοὺς
1095 1555 1326 1626 εἴρηται·
1384 1554 1609 1607 Ἐσεσθέ
1649 1571 1738 1625 μοι

164 1647 218 1710 ἐξ
258 1648 527 1700 ἁπάντων
575 1646 680 1699 τῶν
730 1646 900 1699 ἐθνῶν
943 1647 1097 1715 γένος
1136 1646 1421 1709 ἐκλεκτὸν,
1474 1646 1738 1716 βασίλειον

165 1734 491 1805 ἱεράτευμα.
549 1736 717 1802 Ὄρος
769 1732 923 1787 Σιὼν
971 1734 1146 1788 τοῦτο
1200 1735 1231 1787 ὂ
1277 1734 1737 1801 κατεσκήνωσας

164 1824 227 1875 ἐν
251 1822 441 1889 αὐτῷ.
475 1824 576 1878 Διὰ
613 1828 673 1878 τὸ
718 1824 1093 1893 ἐπιφαίνεσθαι
1131 1828 1187 1878 ὲν
1223 1826 1299 1897 τῷ
1344 1826 1470 1895 θείῳ
1502 1826 1612 1897 ναῷ
1650 1828 1737 1880 τὸν

163 1914 315 1969 Θεόν.

236 2009 509 2076 Ἤπειρον
536 2008 641 2073 τὰς
673 2007 872 2076 χεῖράς
902 2023 1017 2062 σου
1054 2007 1151 2061 ἐπὶ
1188 2009 1293 2074 τὰς
1324 2011 1731 2078 ὑπερηφανίας

163 2097 359 2151 αὐτῶν
385 2102 476 2164 εις
519 2099 709 2165 τέλος.
752 2098 870 2152 Τῶν
919 2100 1546 2171 καταστρατευσαμὲνων
1593 2099 1731 2152 κατὰ

161 2187 253 2241 τοῦ
285 2188 436 2240 θείου
465 2187 619 2241 ναοῦ.

242 2282 357 2332 Καὶ
389 2277 886 2345 ἑνεκαυχήσαντο
933 2282 985 2333 οἱ
1035 2277 1359 2347 μισοῦντές
1382 2293 1455 2332 σε
1482 2279 1732 2347 ἐνμέσῳ

165 2369 269 2436 τῆς
290 2370 515 2437 ἑορτῆς
554 2386 691 2424 σου.
719 2369 933 2441 Ἐπειδὴ
964 2372 1021 2422 ὲν
1049 2369 1127 2439 τῷ
1156 2370 1348 2438 Πάσχα
1366 2372 1430 2440 τῇ
1464 2372 1620 2440 ἑορτῇ
1641 2372 1731 2422 τὸν

164 2462 301 2512 κατὰ
335 2461 437 2514 τοῦ
484 2460 690 2532 Κυρίου
722 2461 922 2531 ἠραντο
965 2460 1218 2531 πόλεμον,
1252 2460 1440 2514 τούτου
1486 2460 1642 2531 χάριν
1674 2463 1731 2513 ὲν

165 2551 312 2621 αὐτῷ
355 2551 439 2621 τῷ
493 2552 669 2622 καιρῷ
711 2555 821 2615 τοῖς
880 2553 1159 2623 πολεμίοις
1213 2554 1597 2624 παρεδόθησαν.
1643 2553 1732 2623 Τῷ

165 2642 271 2712 γάρ
306 2643 510 2711 Πάσχα
554 2642 899 2713 συνηγμένων
948 2642 1088 2695 κατὰ
1138 2642 1228 2695 τὸν
1270 2644 1429 2713 νόμον
1461 2644 1572 2695 τῶν
1604 2645 1731 2697 Ἰου-

164 2733 325 2786 δαίων
360 2735 643 2796 ἁπάντων,
681 2735 713 2800 ὴ
761 2734 1041 2805 πολιορκία
1082 2734 1369 2805 γεγένηται
1410 2735 1627 2798 δικαίως
1675 2737 1731 2787 ἐν

162 2817 207 2889 ᾧ
239 2825 421 2894 καιρῷ
459 2825 551 2876 καὶ
582 2825 660 2893 τῷ
690 2824 905 2895 σταυρῷ
928 2825 1017 2877 τὸν
1047 2827 1271 2895 Σωτῆρα
1304 2826 1677 2897 προσήλωσαν.

239 2916 487 2969 Ἔθεντο
522 2914 593 2967 τὰ
626 2914 841 2982 σημεῖα
869 2914 1067 2968 αὐτῶν
1098 2916 1332 2983 σημεῖα.
1368 2917 1448 2968 Τά
1495 2916 1733 2986 σύμσολά

167 3023 295 3076 φησι
326 3005 422 3059 τοῦ
462 3005 726 3074 πολέμου·
756 3004 903 3074 λέγει
940 3006 996 3059 δὲ
1020 3006 1087 3059 τὰ
1111 3006 1416 3078 καλούμενα
1449 3009 1596 3072 παρα
1622 3010 1732 3071 τοῖς

172 3096 546 3167 στρατεύμασι
581 3094 757 3163 σίγνα,
789 3096 870 3148 ὅτι
910 3095 1091 3148 ἔθεντο
1123 3098 1200 3159 εἰς
1232 3097 1328 3166 τὴν
1361 3095 1474 3148 όδδν
1510 3096 1608 3165 τῆς
1638 3095 1731 3147 πό-

168 3187 318 3251 λεως.
369 3190 480 3241 Καὶ
531 3190 591 3240 οὐ
651 3190 813 3258 μέχρι
868 3188 1073 3241 τούτων
1125 3189 1395 3259 ἔστησαν
1455 3190 1590 3242 ἀλλὰ
1640 3189 1733 3241 καὶ

174 3278 532 3347 ὑπερήλαντο,
574 3278 726 3346 φησὶ,
754 3277 998 3329 τουτέστι
1030 3278 1123 3329 καὶ
1168 3280 1246 3339 εἰς
1278 3279 1436 3330 αὐτὸν
1477 3280 1568 3330 τὸν
1596 3280 1733 3332 θεῖον
1762 3262 1803 3318 c

168 3368 289 3420 ναδν
334 3369 717 3438 εἰσεπήδησαν,
755 3368 814 3421 οὐ
850 3367 1242 3437 γινώσκοντες,
1286 3370 1366 3421 ὅτι
1418 3369 1547 3432 Θεὸς
1592 3366 1658 3439 ἦν
1707 3372 1736 3422 ὁ

172 3460 502 3530 παραδιδοὺς
528 3460 626 3530 τὴν
655 3460 806 3513 πόλιν
838 3461 1019 3523 αὐτοῖς
1051 3459 1139 3512 διὰ
1174 3458 1273 3530 τὴν
1318 3459 1425 3513 τῶν
1468 3460 1733 3513 ἐνοικούν-

170 3567 274 3604 των
301 3552 578 3604 ἀσέϐειαν.
621 3552 751 3604 "Are
788 3553 850 3621 δὴ
884 3552 1039 3604 τοῦτο
1070 3553 1433 3623 ἀγνοήσαντες
1459 3593 1473 3615 ,
1512 3553 1608 3624 τὴν
1640 3554 1735 3625 μὲν

169 3643 375 3695 οἰκείαν
403 3642 798 3712 άπεθαύμασαν
825 3643 1071 3713 δύναμιν,
1100 3643 1381 3697 ἀσθένειαν
1409 3644 1465 3696 δὲ
1496 3644 1735 3715 κατεψη-

173 3734 388 3802 φίζοντο
437 3734 530 3788 τοῦ
569 3736 626 3787 ὲν
657 3734 734 3805 τῷ
775 3735 902 3805 θείῳ
929 3734 1040 3805 ναῷ
1068 3736 1539 3806 προσκυνουμένου
1577 3736 1731 3788 Θεοῦ.

172 3826 261 3879 Διὸ
307 3825 517 3899 προῖὼν
559 3844 722 3897 φησιν
749 3842 761 3855 ’
798 3827 947 3893 Ἕως
995 3828 1165 3891 πότε,
1202 3829 1399 3895 Κύριε,
1437 3828 1674 3881 ὀνειδιεῖ
1702 3832 1734 3882 ὀ

174 3920 418 3988 ἐχθρός-ς
465 3921 539 3973 Τὸ
577 3920 634 3973 δὲ
671 3918 1117 3972 ἀναδιπλασιάσαι
1154 3920 1211 3970 ἐν
1242 3919 1318 3989 τῷ
1349 3920 1736 3990 κατονομάζειν

172 4009 239 4062 τὰ
264 4013 471 4080 σημεῖα
503 4008 977 4079 ἁποθαυμάζοντος
1002 4009 1086 4081 εἴη
1113 4010 1229 4074 πῶς
1250 4012 1279 4064 ὁ
1306 4011 1444 4075 θεῖος
1467 4011 1592 4075 ναὸς
1618 4014 1736 4075 ταῖς

172 4098 277 4150 τῶν
307 4097 585 4168 πολεμίων
610 4097 875 4168 παρεδόθη
906 4097 1110 4169 χερσίν.

249 4190 343 4256 Ὡς
378 4191 450 4243 ἐν
492 4186 692 4258 δρυμῷ
741 4186 941 4253 ξύλων
993 4188 1225 4255 ἀξίναις
1276 4187 1576 4257 ἐξέκοψαν
1630 4188 1735 4253 τὰς

176 4284 356 4352 θύρας
389 4281 601 4349 αὐτῆς,
620 4300 671 4335 κ.
691 4300 743 4335 τ.
761 4280 811 4334 λ.
843 4284 1140 4351 Διαγράφει
1166 4283 1225 4335 ὲν
1239 4281 1732 4352 τοῖςπροκειμένοις

173 4373 267 4443 τῆς
302 4390 366 4426 τε
410 4372 617 4436 πόλεως
642 4371 735 4425 τοῦ
766 4388 826 4425 τε
867 4370 1009 4424 θείου
1043 4371 1170 4424 ναοῦ
1201 4371 1296 4441 τὴν
1330 4371 1728 4442 καταστροφήν.

183 4467 555 4539 ’Υλοτομικοῖς
604 4466 699 4518 καὶ
750 4469 1078 4529 τεκτονικοῖς
1135 4465 1383 4535 ὀργάνοις
1425 4462 1727 4533 χρώμενοι,

174 4561 264 4613 καὶ
295 4559 425 4621 τοὺς
458 4554 773 4627 περιϐόλους
819 4556 1109 4621 κατέλυον,
1138 4554 1231 4608 καὶ

175 4650 339 4721 θύρας
393 4646 743 4711 συνέκοπτον,
770 4646 839 4699 τὰ
884 4643 942 4700 εὖ
986 4646 1079 4700 καὶ
1116 4645 1293 4709 καλῶς
1337 4645 1618 4715 ἠσκημένα
1649 4643 1723 4706 ὼς

174 4738 374 4809 δρυμὸν
398 4733 821 4804 διαφθείροντες.

251 4826 647 4893 Ἐνεπύρισαγ
659 4821 727 4873 ἐν
744 4822 883 4891 πυρὶ
907 4820 971 4875 τὸ
987 4820 1368 4889 ἀγιαστήριόν
1381 4836 1514 4882 σου,
1531 4837 1583 4871 κ.
1603 4837 1652 4871 τ.
1670 4818 1719 4872 λ.

178 4919 325 4972 Μετὰ
356 4916 561 4986 πολλῆς
600 4915 910 4977 ἐπελθόντες
952 4916 1080 4984 ἡμῖν
1114 4914 1211 4984 τῆς
1252 4915 1528 4983 συμφορᾶς
1554 4952 1568 4972 .
1631 4912 1723 4964 ἕνα

178 5012 374 5065 σκοπὸν
402 5004 569 5079 εἶχον,
589 5008 679 5061 τὸν
696 5007 799 5061 ὑπὸ
820 5005 911 5060 σοῦ
930 5005 1205 5075 δεδομένον
1227 5003 1522 5057 καταλῦσαι
1539 5004 1720 5073 νόμον.

174 5103 266 5156 Διὰ
280 5102 391 5173 γὰρ
406 5098 529 5153 τῶν
537 5096 756 5167 ἑορτῶν
768 5098 865 5169 τὴν
880 5098 1017 5152 κατὰ
1032 5098 1191 5167 νόμον
1202 5095 1451 5165 λατρείαν
1468 5094 1719 5164 ἐδήλωσε.

175 5194 353 5247 Ταῦτα
379 5193 457 5252 δὲ.
491 5192 676 5261 φησὶν,
703 5190 960 5260 ἐτόλμων,
992 5190 1125 5261 μήτε
1152 5187 1249 5249 τὰς
1279 5183 1495 5240 ἐπὶτῶν
1530 5184 1725 5255 προγό-

176 5302 273 5337 νων
306 5283 467 5356 ήμῶν
506 5281 740 5351 δρῶντες
780 5280 1232 5352 θαυματουργίας,
1264 5281 1397 5349 μήτε
1440 5276 1543 5329 ὑπὸ
1588 5292 1723 5346 προ-

176 5375 409 5447 φητικῆς
446 5372 787 5443 ἐλεγχόμενοι
827 5372 1063 5443 χάριτος.
1097 5371 1309 5424 Τούτων
1342 5368 1449 5439 γάρ
1475 5368 1725 5421 ἁπάντων

177 5467 425 5535 ἐξαίφνης
454 5465 793 5535 κατέστησαν
838 5464 1051 5534 ἔρημοι.
1085 5464 1258 5517 Πάλαι
1299 5460 1409 5533 γὰρ
1452 5459 1546 5512 καὶ
1589 5458 1727 5530 μετὰ

173 5559 266 5627 τὴν
294 5555 554 5611 ἐπάνοδον
581 5554 737 5626 ἔσχον
760 5556 1062 5627 προφήτας,
1090 5555 1180 5608 τδν
1216 5554 1482 5622 Ἀγγαῖον,
1510 5552 1598 5605 τὸν
1624 5553 1725 5605 Ζα-

175 5648 396 5720 χαρίαν,
422 5646 516 5700 τὸν
546 5646 850 5717 Μαλαχίαν.
881 5647 987 5702 Καὶ
1015 5664 1063 5699 οι
1095 5646 1294 5700 τούτων
1332 5645 1387 5698 δὲ
1428 5644 1725 5715 πρεσϐύτε-

235 5856 279 5887 ⁸⁶
304 5853 323 5908 Ι
348 5852 491 5910 Petr.
525 5868 585 5918 Il,
619 5852 674 5908 9.

1909 648 2076 702 divini
2106 648 2310 716 templi.

1909 820 1975 874 Ut
2025 823 2168 893 quid,
2219 822 2379 887 Deus,
2435 823 2669 892 repulisti
2714 824 2767 875 in
2821 823 3019 890 finem?
3072 820 3258 874 Simile
3307 828 3388 874 est

1837 911 1958 965 illi:
2017 910 2265 965 Pervenit
2314 912 2379 964 ad
2436 926 2531 966 eos
2573 913 2651 966 ira
2701 912 2812 981 jam
2870 927 3040 980 usque
3098 912 3149 964 in
3195 911 3378 965 linem.

1838 1000 1952 1055 Non
2004 1002 2145 1054 enim
2190 1000 2424 1069 amplius
2469 1002 2710 1070 requiem
2754 1000 3077 1055 babebunta
3104 1002 3279 1056 malis.

1906 1095 1960 1148 9..
2001 1093 2198 1146 Memor
2222 1105 2331 1146 esto
2365 1096 2781 1164 congregationis
2817 1104 2920 1148 tua:
2941 1111 3095 1163 quam
3150 1095 3386 1163 possedi~

1837 1188 1905 1240 sti
1941 1187 2003 1239 ab
2035 1188 2205 1240 initio.
2241 1186 2341 1240 Per
2361 1187 2654 1250 Abraham,
2686 1187 2833 1242 Isaac
2878 1197 2931 1242 et
2981 1186 3170 1242 Jacob.
3219 1185 3385 1240 Rede-

1838 1279 1978 1330 misti
2008 1279 2149 1347 virga
2192 1279 2547 1331 hwreditatem
2600 1290 2763 1333 tuam.
2807 1279 2861 1331 in
2890 1294 3177 1334 commune
3233 1281 3387 1348 poni-

1840 1377 1924 1422 tur
1944 1368 2105 1423 illud:
2140 1368 2343 1423 Mentor
2372 1379 2489 1424 esto
2518 1371 2843 1425 [Hereditatis
2890 1380 3014 1431 tuae,
3049 1386 3211 1441 quam
3240 1373 3385 1439 \irga

1838 1460 2145 1525 redemisti;
2175 1460 2223 1513 id
2261 1468 2363 1523 est,
2387 1461 2717 1516 haereditatis
2739 1463 2805 1515 ad
2834 1478 3055 1533 regnum
3092 1464 3385 1523 adornatae.

1838 1560 1896 1604 ut
1911 1552 2110 1605 dictum
2136 1563 2218 1606 est
2242 1553 2346 1606 illis
2365 1553 2409 1584 ⁸⁰
2430 1569 2441 1605 :
2462 1552 2623 1609 Eritis
2644 1555 2771 1607 tnihi
2790 1570 2853 1608 ex
2869 1555 3122 1609 omnibus
3141 1555 3388 1625 gentibus

1839 1659 2004 1713 genus
2020 1644 2271 1709 electum,
2293 1645 2468 1713 regale
2484 1646 2868 1700 sacerdotium.
2896 1645 3045 1700 Mons
3066 1644 3194 1699 Sion
3212 1646 3263 1699 in
3281 1663 3382 1716 quo

1838 1732 2088 1786 habitasti
2143 1735 2194 1785 in
2243 1751 2320 1787 eo.
2376 1733 2512 1799 Quia
2554 1734 2693 1789 Deus
2732 1736 2785 1788 in
2837 1737 3019 1790 divino
3059 1739 3254 1804 templo
3295 1752 3381 1806 ap-

1840 1824 2041 1894 paruit.

1906 2027 1959 2081 '5.
1988 2025 2121 2079 Lena
2154 2042 2336 2081 manus
2372 2037 2489 2081 tuas
2520 2032 2571 2079 in
2606 2030 2869 2095 superbius
2897 2046 3074 2082 eorum
3130 2032 3180 2083 iu
3208 2031 3383 2099 ﬁnem.

1839 2113 2033 2168 Eorum
2069 2115 2161 2183 qui
2194 2125 2379 2168 contra
2415 2116 2657 2169 divinum
2708 2117 2963 2187 templum
3019 2119 3217 2173 bellum
3256 2136 3375 2187 ges-

1837 2216 2043 2261 SCI‘UDL

1905 2298 1956 2351 4.
1978 2297 2042 2350 Et
2066 2299 2281 2366 gloriati
2308 2312 2426 2353 sunt
2452 2302 2537 2369 qui
2568 2300 2784 2353 oderunt
2813 2312 2860 2353 te
2881 2303 2928 2354 in
2963 2301 3387 2354 mediosolemni-

1837 2388 1960 2441 tatis
1992 2398 2111 2442 tum.
2131 2387 2267 2454 Quia
2289 2390 2339 2443 in
2378 2390 2714 2443 solemnitate
2740 2390 2957 2444 Pascha:
2981 2392 3175 2445 bellum
3202 2401 3389 2446 contra

1838 2477 2125 2533 Dominum
2164 2481 2492 2543 excitarunt,
2528 2480 2646 2534 ideo
2678 2495 2743 2534 eo
2769 2481 2885 2549 ipso
2922 2490 3161 2550 tempore
3210 2483 3389 2535 inimi-

1838 2571 1915 2623 cis
1945 2572 2057 2625 suis
2079 2574 2258 2626 traditi
2293 2582 2439 2627 sunt.
2463 2572 2597 2627 Nam
2646 2574 2699 2627 in
2740 2572 2997 2629 Paschate
3052 2573 3388 2646 congregatis

1838 2664 2133 2716 secundum
2190 2664 2360 2733 legem
2416 2666 2615 2720 Iudaeis
2661 2667 2934 2731 omnibus,
2972 2668 3181 2722 obsidio
3213 2671 3386 2738 posita

1836 2762 1939 2817 est,
1968 2753 2157 2822 etjure
2183 2754 2420 2822 quidem,
2452 2768 2515 2807 eo
2550 2754 2665 2822 ipso
2724 2763 2966 2822 tempore
2995 2770 3103 2823 quo
3148 2755 3390 2810 Salvato-

1837 2857 1948 2896 rem
1985 2844 2129 2897 cruci
2159 2843 2459 2897 alliserunt.

1907 2934 1959 2989 5.
1995 2934 2287 2989 Posuerunt
2317 2937 2466 3004 signa
2495 2953 2589 2989 sua
2624 2953 2790 3006 signa.
2821 2937 2950 2991 Belli
2973 2953 3211 3009 sytnnoia
3237 2941 3386 3007 dicit,

1837 3042 1957 3095 qua:
1989 3027 2041 3079 in
2072 3029 2397 3082 exercitibus
2420 3030 2573 3098 signa
2618 3040 2901 3094 vocantur,
2944 3047 3063 3100 qua:
3094 3047 3326 3101 posueru
3353 3042 3391 3087 st

1840 3114 1894 3168 in
1919 3115 2003 3167 via
2036 3114 2287 3169 civitatis.
2346 3113 2530 3184 Neque
2576 3117 2663 3171 hic
2694 3119 3077 3183 constiterunt,
3110 3120 3205 3174 sed
3258 3122 3390 3175 inui-

1840 3207 2054 3271 lierunt,
2094 3208 2143 3262 id
2171 3217 2253 3263 est
2280 3207 2333 3261 in
2368 3208 2542 3277 ipsum
2590 3210 2832 3265 divinum
2888 3213 3141 3281 templum
3178 3215 3389 3286 irrupe-

1836 3308 1981 3365 runt,
2009 3301 2177 3368 ignari
2216 3300 2381 3354 Deum
2415 3316 2536 3357 esse
2568 3303 2661 3372 qui
2703 3304 2934 3359 traderet
2966 3305 3072 3360 illis
3103 3306 3291 3361 urbem
3321 3308 3390 3362 ob

1836 3391 2162 3459 impietatem
2226 3394 2445 3447 civium.
2515 3395 2708 3463 Utpote
2757 3398 2869 3452 limc
2925 3397 3234 3467 ignorantes
3264 3417 3390 3470 pro-

1835 3484 2004 3551 priam
2033 3484 2282 3537 virtutem
2328 3486 2684 3550 mirabantur,
2744 3499 2795 3540 et
2832 3489 3161 3545 inﬁrmitatis
3198 3508 3386 3562 argue-

1836 3574 1965 3628 bant
1994 3574 2160 3630 Dcum
2190 3577 2281 3645 qui
2316 3577 2367 3631 in
2398 3578 2582 3632 divino
2615 3581 2811 3649 templo
2834 3582 3179 3638 adorabatur.
3208 3583 3387 3651 Quare

1837 3665 1974 3718 ultra
1999 3680 2333 3734 progressus.
2362 3669 2434 3721 ait
2461 3687 2473 3721 :
2531 3668 2823 3738 Usquequo,
2856 3671 3091 3737 Domine,
3127 3676 3386 3746 imprope-

1836 3756 1973 3808 rabt‘t
2001 3757 2282 3811 inimicus?
2325 3756 2475 3823 Quod
2523 3770 2699 3813 autem
2737 3772 2940 3829 repetat
2978 3778 3184 3829 vocem,
3210 3769 3384 3837 signa.

1837 3847 2082 3902 mirantis
2111 3863 2233 3902 esse
2259 3850 2491 3913 videtur,
2537 3852 2677 3920 quod
2732 3852 2973 3907 divinum
3003 3856 3256 3925 templum
3283 3860 3386 3913 ini-

1837 3940 2099 3994 micorum
2141 3941 2391 3995 manibus
2424 3942 2676 3997 traditum
2716 3944 2897 3999 fuerit.

1903 4219 1955 4273 6.
1979 4219 2146 4284 Quasi
2194 4221 2249 4273 in
2299 4220 2431 4273 silva
2475 4220 2736 4291 lignorum
2766 4222 3033 4275 securibus
3079 4226 3385 4279 exciderunt

1832 4312 2020 4377 ianuas
2048 4312 2181 4381 ejus,
2205 4321 2307 4367 etc.
2342 4312 2608 4368 Describit
2636 4316 2689 4367 in
2737 4316 3092 4384 praesentibus
3119 4317 3271 4372 urbis
3320 4334 3384 4373 ac

1834 4404 2014 4473 templi
2078 4405 2368 4459 excidium.
2427 4402 2731 4459 Fabrilibus
2775 4406 3154 4463 instrumentis
3196 4408 3299 4473 usi,
3329 4419 3382 4463 et

1832 4505 1983 4563 septa
2013 4494 2315 4557 diruerunt,
2383 4504 2436 4548 et
2480 4496 2672 4550 mdium
2727 4497 2924 4564 januas
2981 4499 3380 4571 confregerunt,

1278 4554 1384 4607 τῶν
1418 4553 1603 4606 οἰκιῶν
1628 4551 1726 4615 τάς

1833 4602 1950 4656 qua:
1979 4586 2200 4655 pulchre
2233 4596 2288 4641 et
2311 4586 2511 4640 aﬂabre
2562 4588 2832 4642 elaborata
2866 4600 3041 4655 erant,
3097 4551 3254 4660 quasi
3290 4594 3383 4647 sil-

1826 4694 1947 4733 vam
1969 4679 2294 4733 excidentes.

1906 4854 1948 4916 ἲ,
2010 4855 2061 4909 8.
2115 4854 2458 4908 lncenderunt
2509 4872 2613 4926 tgm
2647 4865 3005 4909 sanctuanum
3041 4869 3207 4923 tuum,
3272 4869 3376 4914 etc.

1825 4944 1959 4999 Cum
1993 4963 2181 5015 magna
2211 4949 2513 5003 calamitate
2564 4958 2746 5003 nostra
2789 4950 3166 5019 irrumpentes,
3209 4967 3374 5006 unum

1827 5052 2048 5107 sc0pum
2089 5040 2376 5103 habebant,
2403 5040 2572 5110 legem
2609 5040 2817 5095 scilicet
2846 5056 2876 5095 a
2918 5051 2967 5094 te
3010 5042 3188 5095 datam
3213 5044 3373 5097 abro-

1826 5144 1970 5197 gare.
1998 5127 2129 5183 Nam
2156 5144 2247 5198 per
2279 5131 2388 5184 dies
2414 5132 2572 5200 festos
2596 5131 2801 5185 cultum
2855 5131 3075 5201 legalem
3102 5133 3375 5202 signiﬁca—

1825 5220 1920 5272 vit.
1942 5218 2063 5274 Haec
2088 5232 2265 5275 autem
2293 5234 2622 5292 perpetrare,
2651 5224 2745 5289 ait,
2782 5223 2899 5278 ausi
2930 5235 3077 5288 sunt,
3111 5225 3238 5293 quia
3275 5242 3377 5279 nec

1825 5312 2092 5365 mirabilia
2123 5322 2361 5382 tempore
2420 5324 2631 5382 patrum
2695 5325 3002 5370 nostrorum
3060 5314 3199 5369 edita
3230 5317 3376 5370 vide-

1826 5411 1967 5467 rant,
2004 5418 2177 5472 neque
2209 5404 2520 5474 prophetica
2546 5407 2717 5475 gratia
2780 5405 3045 5475 redarguti
3075 5416 3220 5462 sunt.
3268 5404 3373 5461 Ho-

1823 5510 1943 5549 rum
2022 5511 2257 5565 namque
2330 5499 2571 5551 omnium
2634 5498 2814 5552 subito
2889 5506 3135 5567 expertes
3204 5498 3372 5553 fuere.

1826 5584 2100 5656 Siquidem
2161 5590 2290 5643 olim
2358 5591 2521 5645 etiam
2579 5599 2701 5661 post
2769 5590 2999 5645 reditum
3075 5606 3139 5645 ex
3205 5592 3377 5661 capti--

1823 5678 2008 5747 vitate,
2036 5681 2329 5751 prophetas
2381 5681 2652 5750 habuere,
2709 5683 2988 5755 Aggzeum,
3035 5681 3374 5748 Zachariam,
