4108 6490
694 424 800 476 555

1533 411 1587 466 S.
1631 409 1994 463 ATIIANASll
2037 410 2184 464 ΟΡΙῆ
2225 410 2400 464 PARS
2441 411 2527 464 111.
2575 439 2636 450 --
2672 405 3077 462 EXEGETICA.

3809 404 3923 458 556

695 535 1030 590 Malaehiam.
1054 533 1115 586 Et
1147 532 1235 601 qui
1272 531 1388 585 istis
1415 530 1747 597 antiquiores
1773 539 1925 580 erant
1946 529 2236 598 prophetae.

2345 546 2423 599 ροι
2455 529 2722 596 προφῆται
2754 525 2827 594 τῷ
2877 522 2989 592 λαῷ
3025 523 3117 574 καὶ
3151 524 3262 583 τοῖς
3292 521 3569 589 βασιλεῦσι
3610 518 3926 592 προῦλεγον

696 629 892 699 populo
920 636 1079 695 atque
1109 626 1325 693 regibus
1351 624 1528 677 futura
1561 623 2016 691 praenuntiabant,
2051 625 2104 674 et
2137 623 2242 675 ini-

694 721 956 775 micorum
981 717 1204 772 insidias
1230 717 1402 786 palam
1440 715 1727 770 faciebant.
1778 713 1931 779 Quod
1963 730 2026 768 ex
2075 714 2245 767 histo-

695 814 770 866 ria
792 810 1030 866 ediscere
1062 810 1114 863 in
1147 817 1388 878 promptu
1414 817 1514 862 est.

763 903 816 956 9.
849 901 1013 972 Signa
1064 910 1242 954 nostra
1274 915 1373 951 non
1419 899 1660 950 vidimus.
1694 895 1769 950 Illi
1793 897 2006 966 quidem
2034 912 2090 951 se
2123 914 2241 950 tnu-

694 1004 786 1048 tuo
812 993 1176 1055 concitabant,
1211 1001 1269 1044 ut
1294 990 1572 1059 quiescere
1603 989 1838 1042 facerent
1867 989 2036 1044 festos
2060 988 2244 1042 Domi-

691 1080 768 1144 ni,
799 1080 890 1149 qui
924 1078 1102 1133 adhuc
1126 1079 1555 1132 celebrabantur.
1594 1076 1656 1131 Et
1679 1093 1804 1132 vero
1833 1079 1990 1131 Verba
2028 1079 2078 1131 in
2107 1095 2243 1148 opus

691 1170 1042 1225 deducebant.
1077 1166 1186 1222 Nos
1226 1176 1426 1230 autent,
1461 1168 1586 1220 dum
1617 1168 1728 1222 lucc
1781 1176 2084 1236 agerentur,
2135 1183 2239 1221 non

692 1264 924 1317 vidimus
958 1262 1110 1332 signa
1142 1260 1230 1314 illa
1254 1275 1484 1328 quorum
1519 1260 1834 1327 plerumque
1867 1260 1919 1312 iu
1971 1260 2241 1328 prioribus

694 1355 844 1409 bellis
870 1362 1032 1408 testes
1060 1351 1253 1408 oculati
1285 1352 1504 1405 fuimus.
1544 1350 1645 1404 Ista
1672 1359 1848 1404 autem
1880 1351 2030 1419 signa
2066 1351 2117 1403 in
2148 1366 2239 1403 au-

701 1447 883 1499 xilium
927 1444 1079 1500 nobis
1099 1454 1250 1498 erant
1277 1444 1533 1497 adversus
1584 1442 1845 1496 instantes
1890 1442 2238 1496 calamitates.

688 1536 1051 1604 Quamobrem
1083 1542 1266 1603 utpote
1290 1533 1381 1601 qui
1406 1548 1466 1586 ea
1497 1547 1602 1586 non
1639 1533 1932 1586 viderimus
1964 1533 2194 1587 dicimus
2224 1549 2237 1585 :

693 1629 756 1683 Ut
787 1627 931 1698 quid,
963 1628 1120 1691 Deus,
1158 1627 1394 1695 repnlisti
1419 1628 1471 1679 in
1496 1627 1648 1694 ﬁnem
1671 1624 1836 1681 ?Jam
1881 1643 1980 1678 non
2018 1635 2093 1678 est
2120 1641 2241 1692 pro-

686 1721 865 1789 pheta,
899 1728 946 1772 et
981 1735 1072 1772 nos
1099 1734 1199 1772 non
1229 1727 1495 1786 cognoscet
1514 1716 1758 1784 amplius.
1781 1713 1849 1769 Et
1872 1718 1972 1769 hoc
2006 1715 2239 1768 maxime

689 1814 740 1864 in
777 1826 938 1865 causa
969 1819 1050 1865 est
1083 1809 1224 1878 quod
1249 1810 1314 1862 de
1345 1809 1518 1863 salute
1551 1809 1918 1876 desperemus,
1951 1807 2093 1875 quod
2130 1822 2235 1859 non

2344 622 2410 671 τὰ
2439 619 2688 687 ἐσόμενα,
2731 620 2819 669 καὶ
2847 617 2953 668 τῶν
2988 615 3254 682 πολεμίων
3283 612 3380 674 τὰς
3413 613 3708 675 ἑπίὸουλὰς
3741 630 3925 665 καταη

2343 710 2529 780 δήλους
2567 708 2794 762 ἐποίουν.
2829 708 2936 759 Καὶ
2968 705 3123 757 τοῦτο
3149 707 3212 756 ὲκ
3240 703 3340 773 τῆς
3375 703 3622 770 ἱστορίας
3659 721 3925 773 καταμα-

2345 801 2454 852 θεῖν
2484 800 2730 862 εὐπετές.

2418 890 2492 943 Τὰ
2528 890 2741 956 σημεῖα
2767 887 2930 956 ἡμῶν
2963 888 3071 938 οὐκ
3100 885 3351 954 εἴδομεν.
3385 885 3610 938 Ἐκεῖνοι
3640 885 3740 954 μὲν
3769 901 3921 955 παρ-

2342 982 2542 1047 ώξυνον
2591 981 2849 1050 ἀλλήλους
2876 1019 2890 1040 ,
2953 981 3029 1040 εἰς
3070 978 3129 1029 τὸ
3176 977 3401 1030 παύσειν
3448 977 3525 1030 ἔτι
3583 975 3920 1046 τελουμένας

2341 1072 2438 1133 τὰς
2465 1071 2654 1141 ἑορτὰς
2682 1070 2774 1122 τοῦ
2805 1069 3028 1139 Κυρίου,
3062 1070 3153 1121 καὶ
3181 1069 3242 1138 δὴ
3278 1069 3388 1129 τοῖς
3417 1066 3593 1134 λόγοις
3622 1069 3918 1137 προσήγα-

2341 1179 2434 1229 γον
2467 1162 2535 1214 τὰ
2578 1162 2714 1233 ἔργα
2739 1180 2750 1191 ·
2784 1164 2942 1230 ἡμεῖς
2974 1161 3027 1212 δὲ
3059 1159 3175 1212 καθ’
3202 1160 3260 1212 ὃν
3290 1158 3457 1211 ταῦτα
3501 1157 3822 1228 ἐπράττετο,
3849 1160 3918 1209 οὐ

2341 1254 2639 1323 γεγόναμεν
2665 1254 2852 1306 θεαταὶ
2882 1253 2989 1304 τῶν
3023 1252 3259 1323 σημείων
3287 1251 3508 1303 ἐκείνων
3538 1244 3612 1302 ὧν
3649 1252 3914 1314 πολλάκις

2340 1348 2430 1398 ἐπὶ
2458 1347 2738 1417 προτέροις
2763 1347 3014 1417 πολέμοις
3047 1346 3305 1398 αὐτόπται
3335 1346 3697 1416 γεγενήμεθα.
3720 1348 3916 1399 Ταῦτα

2337 1440 2392 1490 δὲ
2425 1433 2491 1507 ἦν
2518 1437 2583 1490 τὰ
2624 1441 2842 1508 σημεῖα,
2873 1437 3161 1508 ἐπικουρία
3192 1438 3296 1489 τῶν
3335 1439 3664 1508 συνεχόντων
3694 1441 3911 1494 δεινῶν.

2339 1529 2428 1580 Διὸ
2455 1528 2516 1598 δὴ
2544 1529 2616 1591 ὡς
2646 1528 2848 1581 τούτων
2879 1530 2951 1599 μὴ
2991 1529 3265 1598 γενόμενοι
3301 1528 3486 1582 θεαταί
3533 1546 3744 1600 φαμεν·
3783 1532 3915 1582 Ἵνα

2339 1625 2394 1675 τί
2423 1627 2454 1676 o'
2483 1623 2623 1688 Gedq
2649 1623 2866 1676 ἀπώσω
2899 1626 2986 1688 εἰς
3021 1623 3238 1688 τέλοςξ
3283 1625 3401 1674 Οὐκ
3442 1624 3614 1676 ἐστιν
3648 1623 3732 1675 ἔτι
3766 1636 3916 1689 προ·-

2338 1714 2550 1782 ριὲτης,
2574 1715 2669 1767 καὶ
2703 1715 2856 1782 ἡμᾶς
2882 1717 2952 1768 οὺ
2985 1713 3268 1784 rubeam!
3295 1714 3399 1767 ἔτι.
3435 1713 3542 1765 Καὶ
3567 1715 3726 1767 τοῦτο
3759 1717 3916 1784 ἡμᾶς

2342 1805 2573 1875 μάλιστα
2614 1806 2928 1860 ἀπευδοκεῖν
2975 1806 3072 1875 τῆς
3107 1805 3372 1876 σωτηρίας
3413 1807 3586 1868 ποιεῖ,
3616 1806 3676 1858 τὸ
3711 1807 3914 1876 μηκέτι

687 1900 916 1968 amplius
941 1899 1251 1967 prophetam
1278 1898 1556 1952 videamus
1620 1897 1672 1950 in
1707 1907 1861 1969 gente
1905 1905 2108 1958 nostra,
2142 1896 2233 1965 qui

2340 1899 2394 1948 ἐν
2549 1897 2692 1949 ἔθνει
2751 1898 3030 1967 προφήτην
3085 1897 3215 1966 ὁρᾷν
3268 1897 3357 1948 τὸν
3410 1897 3706 1966 δυνάμενον
3766 1898 3913 1966 ὑπὲρ

687 1991 856 2059 possit
879 1990 1034 2042 nobis
1067 1991 1278 2057 placare
1311 1987 1499 2042 Deum.

767 2080 845 2135 l0.
887 2077 1172 2148 Usquequo,
1205 2077 1360 2138 Deus,
1393 2075 1756 2145 improperabit
1784 2073 2235 2129 inimicus?Post-

689 2189 850 2243 quam
884 2173 1112 2227 absolvit
1139 2170 1328 2224 excidii
1359 2170 1773 2238 descriptionem
1810 2184 1838 2222 a
1897 2166 2030 2221 facie
2057 2167 2235 2220 inimi-

688 2281 896 2330 corum,
929 2265 1092 2318 Deum
1151 2272 1307 2316 vocat
1364 2261 1429 2314 ad
1474 2259 1926 2324 misericordiam,
1981 2267 2035 2312 et
2084 2267 2237 2326 rogat

687 2357 1132 2421 animadvertere,
1169 2355 1282 2409 haec
1329 2353 1510 2408 omnia
1567 2352 1632 2404 ad
1698 2351 1787 2404 Dei
1853 2350 2234 2404 contumeliam

687 2458 948 2517 spectare.
983 2448 1114 2501 Cum
1139 2447 1292 2507 dicit,
1327 2445 1389 2498 In
1423 2447 1592 2498 medio
1628 2443 1974 2498 solemnitatis
2008 2452 2128 2504 luat,
2161 2451 2234 2502 cl,

686 2539 1059 2593 Sanctuariam
1091 2547 1259 2600 tuum,
1306 2545 1379 2599 et,
1415 2533 1828 2588 Tabernaculum
1875 2533 2096 2584 nominis
2131 2533 2232 2596 tui,

684 2641 756 2696 et,
789 2630 905 2683 Dies
926 2631 1081 2698 festos
1101 2628 1332 2691 Domini,
1352 2637 1422 2690 et,
1444 2626 1642 2679 Nomen
1668 2634 1812 2677 tuum
1837 2625 1888 2676 in
1919 2625 2093 2692 ﬁnem.

758 2830 840 2882 11.
901 2827 1092 2897 thuid
1123 2829 1310 2881 avertis
1361 2844 1572 2879 manum
1623 2837 1787 2888 tuam,
1827 2834 1932 2877 etc.
1984 2823 2054 2877 Ut
2108 2824 2233 2892 quid

687 2917 1020 2990 prtescindis,
1062 2917 1256 2985 inquit,
1293 2917 1555 2968 bonorum
1583 2915 1744 2979 dona,
1775 2929 1894 2981 qua:
1922 2912 2048 2965 olim
2081 2914 2233 2982 quasi

685 3027 749 3065 ex
785 3009 907 3064 sinu
938 3017 1031 3061 tuo
1064 3005 1384 3074 largiebaris
1418 3004 1595 3058 nobis.

756 3101 844 3155 12.
879 3099 1013 3151 Deus
1043 3106 1216 3151 autem
1247 3113 1334 3150 rex
1353 3106 1525 3150 noster
1548 3109 1665 3150 ante
1691 3097 1904 3150 sarcula.
1933 3093 2104 3160 Nunc,
2135 3095 2231 3157 ait,

687 3193 842 3247 nobis
869 3192 1132 3245 bonorum
1156 3191 1362 3260 copiam
1400 3189 1709 3260 prtescindis
1751 3207 1762 3242 :
1799 3190 1925 3242 olim
1961 3205 2086 3241 vero
2111 3203 2232 3241 cum
2265 3217 2303 3274 ο

683 3298 737 3340 et
766 3283 908 3338 Deus
939 3293 1118 3337 noster
1139 3291 1192 3336 et
1216 3297 1307 3336 rex
1359 3292 1540 3336 noster
1571 3281 1752 3335 vocari
1798 3280 2119 3350 dignarcris,
2151 3288 2234 3333 ta-

686 3378 783 3430 lem
817 3375 971 3429 uobis
1003 3374 1229 3428 salutem
1270 3383 1524 3442 operatus
1567 3388 1647 3435 es,
1706 3380 1765 3425 ut
1812 3373 2014 3426 nemini
2049 3372 2236 3427 lateret

685 3467 736 3519 in
761 3475 922 3520 terra.
952 3463 1207 3534 Operatas
1237 3474 1311 3517 est
1338 3463 1559 3516 salutem
1596 3464 1650 3516 in
1693 3464 1862 3516 medio
1901 3473 2072 3517 terrm.
2103 3460 2239 3518 llinc

686 3557 974 3610 occasione
1025 3565 1273 3622 accepta,
1332 3553 1549 3622 quidam
1598 3553 1982 3607 existimarunt
2025 3552 2240 3608 Jeroso-

687 3645 881 3716 lymam
909 3659 1029 3699 esse
1059 3654 1211 3698 terra!
1242 3643 1481 3697 oculum.

760 3825 842 3879 15.
873 3823 950 3878 Tu
980 3823 1303 3892 conﬁrmasti
1335 3823 1388 3875 in
1421 3822 1610 3875 virtute
1638 3833 1728 3876 tua
1757 3838 1917 3885 mare,
1949 3821 2236 3875 contrieisti

688 3918 863 3977 capita
883 3916 1168 3968 draconum
1199 3915 1252 3966 in
1305 3915 1478 3983 aquis.
1515 3913 1780 3969 Describit
1807 3915 1890 3968 bis
1929 3912 2106 3967 verbis
2131 3926 2237 3982 quo

691 4015 846 4076 pacto
876 4005 1004 4059 olim
1034 4019 1220 4058 eorum
1252 4005 1478 4059 salutem
1524 4014 1777 4072 Operatus
1808 4011 1908 4057 est.
1958 4001 2022 4055 Et
2064 4003 2237 4071 primo

691 4101 904 4171 quidem
938 4100 1078 4170 quod
1131 4099 1476 4163 pousolidatae
1523 4098 1632 4151 sint
1676 4111 1830 4166 aqua:
1887 4095 2050 4149 maris
2081 4096 2236 4166 quasi

694 4208 900 4254 murus,
929 4191 1143 4260 quando
1164 4207 1226 4244 ex
1259 4188 1490 4260 Egypto
1515 4188 1716 4256 egressi
1747 4197 1892 4242 sunt.
1935 4186 1999 4241 Et
2031 4187 2132 4241 hoc
2166 4188 2239 4242 si-

693 4282 909 4353 gniﬁcat
940 4280 1436 4346 illud,Conﬂrmasti
1463 4294 1620 4332 mare.
1651 4276 1916 4343 Secundo,
1936 4279 2077 4347 quod
2109 4292 2240 4330 con-

693 4374 813 4428 trita
840 4374 948 4428 sint
972 4372 1146 4442 capita
1179 4369 1548 4442 IEgyptiorum
1584 4371 1637 4424 in
1661 4370 1836 4440 aquis,
1869 4384 2005 4439 quos
2033 4369 2101 4422 ob
2133 4385 2239 4423 ma-

695 4465 989 4536 lignitatem
1025 4465 1219 4534 linguae
1241 4463 1503 4518 dracones
1535 4475 1708 4516 vocat.
1747 4461 1824 4516 Ac
1854 4475 1976 4515 cum
2023 4460 2129 4515 illis
2158 4476 2240 4514 re-

695 4555 776 4624 gis
797 4555 925 4623 ipsis
953 4551 1266 4623 imperantis
1321 4560 1502 4621 caput.
1547 4566 1705 4620 quem
1762 4566 1939 4620 regem
1987 4549 2235 4605 similiter
2268 4564 2315 4619 ι)

694 4645 981 4699 draconem
1021 4644 1267 4714 appellat.

763 4879 882 4953 [Tu
939 4877 1261 4944 conﬁrmasti
1307 4875 1360 4928 in
1427 4875 1616 4928 virtute
1668 4885 1756 4928 tua
1817 4893 1977 4932 mare.
2012 4875 2237 4944 Quando

694 4971 1028 5026 Pharaonem
1063 4982 1186 5022 cum
1234 4965 1463 5021 ducibus
1495 4978 1547 5019 et
1588 4967 1840 5022 curribus
1891 4969 1959 5020 ob
2017 4984 2234 5038 pravam

696 5073 926 5118 mentem
976 5075 1038 5115 ac
1086 5058 1424 5130 prepositum
1487 5060 1786 5115 contrivisti
1841 5061 1995 5129 quasi
2061 5063 2237 5132 capita

695 5156 987 5209 draconum
1011 5149 1064 5204 in
1094 5165 1232 5220 aqua
1269 5167 1280 5202 :
1307 5149 1385 5204 sic
1416 5149 1698 5221 Egyptios
1726 5150 2071 5219 Ethiopibus
2103 5169 2237 5208 con-

697 5244 938 5300 terminis
972 5241 1162 5297 dedisti
1202 5242 1254 5295 in
1285 5255 1485 5303 escam,
1518 5243 1664 5312 ipsos
1691 5257 1753 5296 ac
1783 5257 1960 5313 regem
1997 5243 2236 5314 ipsorum

697 5337 870 5394 vicisti
900 5352 930 5392 a
963 5334 1099 5390 facie
1115 5331 1476 5404 EthiOpumJ

769 5508 854 5563 14.
889 5507 1088 5563 Dedisti
1108 5524 1224 5562 eum
1246 5523 1415 5561 escam
1446 5509 1648 5577 populis
1697 5509 2025 5579 Ai'tltiopum.
2062 5511 2238 5581 Ipsum

699 5596 1052 5661 Pharaonem,
1082 5609 1132 5652 et
1159 5601 1371 5668 quidem
1406 5611 1523 5668 post
1545 5602 1786 5656 bellicam
1824 5605 2236 5672 expeditionem.

701 5686 932 5756 Populos
962 5700 1138 5746 autem
1171 5693 1298 5747 dicit
1329 5694 1506 5746 avium
1558 5701 1820 5758 catervas,
1845 5712 1964 5764 qua:
1992 5698 2127 5766 apud
2158 5695 2241 5750 ln-

700 5781 797 5834 (los
827 5790 951 5835 sunt
979 5801 991 5835 τ
1022 5799 1141 5852 qum
1165 5783 1533 5855 Egyptiorum
1556 5802 1779 5856 corpora
1811 5804 1906 5858 per
1953 5791 2112 5846 maris
2143 5789 2240 5843 ﬂu-

701 5881 818 5925 ctus
850 5872 915 5927 ad
946 5873 1092 5930 littus
1119 5876 1309 5944 rejeeta
1338 5887 1593 5930 rorarunt

2337 1987 2488 2056 ἡμῶν
2518 1988 2846 2039 ὲκδυσωπεῖν
2869 1986 2958 2038 τὸν
2993 1986 3144 2040 Θεόν.

2406 2081 2552 2143 "Et-tr;
2573 2079 2735 2140 πότε,
2762 2082 2794 2131 ό
2821 2077 2982 2142 Θεὸς,
3012 2077 3252 2131 ὀνείδιεῖ
3279 2081 3310 2130 ὀ
3330 2079 3572 2146 ἐχθροῖςτ
3599 2078 3912 2150 Πληρὼσας

2336 2170 2431 2238 τὴν
2461 2169 2758 2239 διαγραψὴν
2788 2169 2886 2237 τῆς
2920 2168 3169 2231 ἁλώσεως
3202 2169 3307 2222 ἀπὸ
3343 2169 3435 2221 τοῦ
3470 2169 3766 2240 προσώπου
3798 2167 3912 2220 τῶν

2336 2259 2542 2329 ἐχθρῶν
2568 2298 2582 2322 ,
2635 2261 2711 2321 εἰς
2761 2259 2904 2324 ἕλεος
2943 2259 3252 2312 ἐκκαλεῖται
3293 2259 3381 2312 τὸν
3424 2260 3589 2322 Θεὸν,
3625 2261 3720 2312 καὶ
3755 2260 3908 2322 θέαν,

2338 2353 2452 2414 πῶς
2495 2351 2560 2403 τὰ
2597 2350 2854 2420 γινόμενα
2884 2351 3056 2402 πάντα
3091 2355 3171 2412 εἰς
3203 2351 3358 2422 ὓϐριν
3392 2351 3483 2404 τοῦ
3526 2351 3660 2404 Θεοῦ
3681 2369 3694 2381 ·
3737 2353 3818 2421 τῷ
3849 2369 3909 2404 τε

2337 2440 2508 2490 εἰπεῖν
2536 2454 2549 2465 ⁸
2596 2438 2690 2488 Ἐν
2721 2437 2887 2506 μέσῳ
2919 2436 3025 2504 τῆς
3051 2438 3264 2505 ἑορτῆς
3302 2454 3440 2501 σου,
3477 2441 3568 2493 καὶ
3599 2441 3679 2502 τὸ,
3723 2440 3910 2509 Ἀγυι-

2334 2527 2583 2594 aeripedis
2603 2543 2740 2589 σου,
2767 2528 2860 2580 καὶ
2888 2527 2967 2590 τὸ,
2997 2527 3285 2595 Σκιὶνωμα
3311 2531 3414 2582 τοῦ
3441 2532 3735 2599 ὀνόματός
3763 2548 3910 2593 σου,

2335 2617 2447 2680 καὶ,
2486 2616 2593 2682 Τὰς
2631 2616 2837 2684 ἑορτὰς
2878 2617 2987 2669 τοῦ
3035 2617 3274 2685 Κυρίου,
3309 2619 3422 2680 καὶ,
3468 2620 3533 2672 Τὸ
3571 2619 3760 2689 ὄνομά
3787 2639 3914 2674 σου

2337 2710 2421 2770 εἰς
2455 2707 2645 2771 τέλος.

2408 2799 2528 2850 Ἵνιι
2571 2799 2623 2850 τί
2657 2797 3049 2872 ἀξίου-τρέφεις
3082 2798 3193 2864 τὴν
3236 2799 3401 2868 χεῖρά
3449 2815 3582 2858 σου,
3621 2817 3675 2852 κ.
3708 2817 3760 2853 τ.
3807 2801 3906 2863 λ.;

2338 2892 2451 2942 Ἵνα
2479 2891 2548 2953 τί,
2581 2892 2762 2961 φησιν,
2799 2892 3118 2954 ἀνακόπτεις
3144 2891 3248 2944 τῶν
3281 2892 3496 2959 ἀγαθῶν
3515 2893 3610 2962 τὴν
3635 2892 3805 2955 δόσιν,
3832 2887 3911 2944 ὧν

2336 2982 2501 3034 πάλαι
2537 2981 2720 3052 ὥσπερ
2754 2984 2817 3034 ὲκ
2845 2982 3038 3035 κόλπου
3077 2985 3330 3052 παρεῖχες
3365 2985 3512 3052 ἡμῖν.

2418 3070 2470 3122 '0
2499 3070 2567 3122 δὲ
2613 3070 2754 3135 Θεὸς
2796 3071 3092 3134 ,ϐασιλεὺς
3142 3071 3309 3138 ἡμῶν
3351 3072 3462 3140 πρὸ
3519 3072 3753 3138 αἰῶνος.
3791 3074 3909 3126 Νῦν

2340 3163 2456 3231 μὲν,
2499 3161 2680 3230 φησὶν,
2725 3162 3047 3225 ἁνακόπτεις
3087 3162 3144 3226 ἐξ
3198 3161 3350 3231 ἡμῶν
3393 3163 3501 3214 τῶν
3549 3165 3768 3232 ἀγαθῶν
3805 3166 3908 3234 τὴν

2337 3253 2609 3322 ἀναφοράν
2631 3269 2643 3281 ο
2676 3251 2840 3304 πάλαι
2867 3253 2944 3313 δὲ,
2973 3253 3065 3304 καὶ
3097 3252 3228 3314 Θεὸς
3257 3251 3412 3322 ἡμῶν
3439 3254 3601 3319 ἀξιῶν
3626 3271 3904 3324 προσαγοο

2339 3340 2589 3412 ρεύεσθαι
2626 3341 2718 3392 καὶ
2749 3340 3016 3409 βασιλεὺς,
3051 3339 3306 3410 τοιαύτην
3342 3341 3496 3410 ἡμῶν
3535 3343 3774 3411 ἐποιήσω
3803 3346 3904 3415 τὴν

2339 3429 2606 3497 σωτηρίαν
2637 3429 2710 3492 ώς
2743 3429 2944 3500 μηδένα
2973 3429 3150 3482 λαθεῖν
3177 3431 3282 3482 τῶν
3306 3431 3395 3483 ἐπὶ
3419 3432 3538 3501 γῆς.
3568 3432 3906 3499 Εὶργάσατο

2337 3520 2632 3586 σωτηρίαν
2675 3520 2744 3571 ἐν
2789 3518 2956 3588 μέσῳ
2997 3519 3106 3584 τῆς
3156 3520 3284 3590 γῆς.
3333 3522 3604 3575 Ἐντεῦθεν
3646 3523 3906 3590 λαϐόντες

2337 3607 2474 3669 τινες
2525 3609 2870 3678 ἀπεφήναντο
2932 3607 2998 3660 τὰ
3050 3608 3391 3679 Ὶεοοσόλυμα
3436 3609 3711 3680 ὀφθαλμὸν
3760 3609 3901 3667 εἶναι

2336 3697 2434 3767 τῆς
2459 3698 2582 3767 γῆς.

2406 3793 2489 3844 Σὺ
2528 3791 2927 3858 ἐκρηταίωσίις
2973 3793 3039 3844 ἐν
3082 3791 3155 3858 τῇ
3189 3791 3435 3859 δυνάμει
3478 3807 3593 3845 σου
3645 3793 3761 3862 τὴν
3800 3795 3902 3850 θά-

2336 3882 2599 3942 λασο-ον,
2645 3880 2724 3932 σὺ
2768 3879 3134 3950 συνέτριψας
3167 3881 3272 3947 τὰς
3317 3884 3583 3951 κεφαλὰς
3618 3884 3737 3937 τῶν
3770 3884 3900 3953 δρα-

2338 3971 2561 4022 κόντων
2595 3969 2692 4022 ἐπὶ
2737 3971 2841 4024 τοῦ
2889 3970 3124 4038 ὓδατος.
3170 3974 3467 4046 Διαγράςρει
3498 3973 3576 4045 τῷ
3615 3975 3760 4047 λόγῳ
3791 3978 3898 4029 τίνι

2337 4064 2517 4135 τρόπῳ
2548 4064 2646 4134 τὴν
2691 4065 2855 4118 πάλαι
2902 4065 3079 4118 αὐτῶν
3136 4067 3408 4137 σωτηρίαν
3442 4068 3754 4138 εἰργάσατο.
3790 4071 3897 4122 Καὶ

2338 4157 2549 4227 πρῶτον
2587 4158 2683 4227 μὲν
2733 4158 2794 4210 τὸ
2844 4159 3082 4227 παγῆναι
3115 4159 3246 4210 ώσεὶ
3295 4163 3467 4229 τεῖχος
3497 4163 3592 4230 τῆς
3623 4160 3896 4234 θαλάσσης

2337 4246 2403 4299 τὰ
2429 4247 2611 4312 ὕδατα,
2645 4249 2729 4300 ὅτε
2756 4247 2814 4312 ἐξ
2841 4247 3112 4316 Αἰγύπτου
3156 4251 3379 4321 ἐξῄεσαν
3409 4269 3422 4281 ·
3459 4254 3553 4318 καὶ
3591 4254 3749 4308 τοῦτό
3783 4257 3898 4309 ἔστι

2336 4337 2415 4403 τδ,
2448 4338 2874 4405 Ἐκρατιιίωσας
2917 4338 3030 4407 τὴν
3074 4341 3421 4395 θάλασσαν·
3451 4343 3700 4414 δεύτερον
3733 4346 3811 4408 δὲ,
3839 4347 3898 4400 τὺ

2339 4430 2682 4502 συντριϐῆναι
2710 4432 2808 4502 τὴν
2845 4433 3153 4498 Αἰγυπτίων
3197 4436 3287 4488 ἐπὶ
3331 4436 3438 4489 τῶν
3484 4437 3689 4491 ὑδάτων
3731 4455 3898 4508 κεφα·

2339 4519 2453 4590 λὴν,
2479 4521 2569 4584 οὓς
2597 4523 2690 4575 καὶ
2731 4522 3026 4592 δράκοντας
3056 4524 3144 4585 διὰ
3179 4525 3240 4577 τὸ
3269 4527 3500 4596 πονηρὸν
3523 4528 3620 4597 τῆς
3648 4527 3897 4600 γλώσσης

2340 4612 2589 4682 ὀνομάζει
2612 4628 2627 4643 ο
2661 4607 2779 4665 εἶτα
2806 4614 2920 4682 μετ’
2947 4614 3124 4667 αὐτῶν
3157 4616 3249 4669 καὶ
3277 4616 3438 4670 αὑτοῦ
3461 4617 3553 4670 τοῦ
3582 4619 3900 4690 ἐξάρχοντος

2341 4701 2517 4754 αὐτῶν
2547 4701 2828 4771 βασιλέως,
2852 4701 2908 4754 ὃν
2931 4703 3023 4756 καὶ
3047 4705 3203 4760 αὐτὸν
3225 4707 3423 4776 ὁμοίως
3441 4707 3706 4779 δράκοντα
3729 4726 3898 4780 προσ·

2342 4791 2610 4862 αγορεύει.

2413 4882 2518 4953 [Σὺ
2540 4885 3022 4951 ὲκραταίωσαςέν
3039 4887 3110 4954 τῇ
3131 4886 3374 4957 δυνάμει
3401 4903 3518 4943 σου
3535 4889 3648 4958 τὴν
3674 4890 3898 4945 θάλασ-

2342 4990 2477 5030 σαν.
2493 4975 2593 5028 Τὸν
2610 4975 2804 5044 Φαραὼ
2825 4978 2920 5030 σὺν
2936 4982 3245 5048 τριστάταις
3261 4980 3353 5033 καὶ
3376 4979 3583 5050 ἅρμασι
3604 4984 3899 5055 συντρίψας

2343 5068 2414 5130 ώς
2432 5066 2775 5138 δρακοντείας
2800 5069 3058 5137 κεφαλὰς,
3075 5069 3163 5121 διὰ
3183 5070 3242 5123 τὸ
3269 5071 3503 5142 πονηρὸν
3523 5074 3620 5142 τῆς
3649 5073 3895 5145 γνώμης,

2343 5157 2432 5232 ἐπὶ
2459 5156 2551 5210 τοῦ
2583 5157 2794 5220 ὓδατος·
2831 5159 2906 5221 ὼς
2948 5162 3072 5223 τοὺς
3123 5161 3446 5228 Αἰγυπτίους
3491 5163 3894 5235 πλησιοχώρους

2343 5250 2580 5319 Αἰθίοψιν
2617 5251 2773 5314 ὄντας
2812 5251 3128 5322 παρέδωκας
3171 5254 3351 5316 αὐτοῖς
3397 5256 3475 5316 εἰς
3520 5254 3890 5326 κατάϐρωμα,

2344 5341 2533 5404 αὐτοὺς
2571 5341 2664 5394 καὶ
2703 5341 2793 5394 τὸν
2823 5341 3044 5412 βασιλέα
3075 5342 3251 5396 αὐτῶν
3293 5345 3533 5415 ἥττησας
3575 5345 3682 5398 ἀπὸ
3730 5363 3893 5420 προσ-

2343 5429 2490 5483 ώπου
2524 5431 2837 5502 Αἰθιόπων

2417 5511 2678 5587 Ἔδωκαξ
2713 5525 2900 5576 αὑτὸν
2937 5523 3146 5594 ,ϐρῶμα
3198 5527 3369 5592 λαοῖς
3401 5530 3694 5596 Αἰθίοψιν.
3730 5530 3898 5583 Αὑτὸν

2343 5612 2432 5663 τὸν
2464 5611 2678 5681 Φαραὼ,
2712 5615 2848 5681 μετὰ
2888 5615 2985 5683 τῆς
3030 5619 3312 5685 στρατείας
3343 5617 3398 5670 δὲ
3429 5618 3685 5688 δηλονότι.
3725 5619 3900 5686 Λαοὺς

2343 5702 2399 5753 δὲ
2451 5704 2676 5757 ἐνταῦθα
2728 5707 2824 5768 τὰς
2870 5708 2976 5760 τῶν
3030 5711 3176 5779 παρὰ
3219 5711 3398 5773 Ἰνδοῖς
3451 5712 3651 5780 ὀρνέων
3701 5711 3898 5779 ἀγέλας

2347 5792 2537 5861 φησίν·
2569 5795 2622 5846 αἳ
2658 5795 2749 5846 καὶ
2782 5797 2887 5849 τῶν
2931 5798 3234 5867 Αἰγυπτίων
3265 5800 3551 5872 κατήσθιον
3585 5799 3654 5854 τὰ
3685 5803 3897 5877 σιτηνὼ-

2351 5900 2495 5950 ματα
2523 5885 2808 5956 ἐκριφέντα
2835 5889 2941 5941 ἀπὸ
2975 5891 3071 5961 τῆς
3109 5891 3378 5960 θαλάσσης
3408 5895 3462 5945 ἐν
3484 5895 3548 5964 τῇ
3584 5896 3676 5966 γῇ.
