4108 6532
172 470 268 525 537

1216 472 1579 530 EXPOSITIO
1618 471 1683 526 IN
1723 467 2049 525 PSALMUM
2090 468 2320 523 LXXIV.

3301 464 3405 520 338

234 584 314 639 Σὺ
340 584 678 655 διέῥρηξας
696 588 889 657 πηγὰς
932 588 1029 642 καί
1085 588 1456 658 χειμάρῤους.
1486 589 1566 641 Τά
1598 589 1654 641 ἐν
1680 591 1733 657 τῇ

1922 589 2007 643 15.
2036 587 2115 641 Tu
2146 586 2396 653 dirupisti
2421 585 2588 653 fontes
2617 592 2664 637 et
2703 592 2974 638 torrentes.
3032 581 3298 652 Loquitur
3328 585 3394 637 de

170 680 352 749 ἐρήμῳ
376 680 576 748 φησὶν,
606 682 694 733 ὅτε
730 681 944 735 ἐπότισε
986 680 1077 733 τὸν
1108 680 1234 733 λαὸν
1288 682 1350 733 ἐκ
1408 682 1632 749 πέτρας.
1665 681 1746 733 Σὺ

166 769 463 839 ἑξιζρανας
515 774 829 842 ποταμοὺς
892 772 1087 843 Ὴθὰμ.
1144 774 1321 844 Ἠθάμ
1387 772 1747 843 ἑρμηνεύεται

168 863 351 926 νότοςο
395 864 483 924 εἰς
512 864 671 917 νότον
732 863 841 936 γὰρ
891 864 991 935 τῆς
1033 865 1296 919 Ἰουδαίων
1317 865 1498 936 χώρας
1553 866 1581 917 ό
1621 864 1749 933 ἰορ-

164 951 319 1019 iam;
344 955 555 1008 κεῖται.

231 1043 312 1108 Σιῖ
340 1044 523 1097 ἐστιν
556 1046 599 1114 ή
630 1044 819 1114 ἡμέρα
843 1046 938 1103 καί
960 1046 1043 1115 σὴ
1068 1047 1105 1115 ἡ
1134 1046 1269 1111 νύξ.
1289 1047 1360 1100 Οὐ
1397 1044 1574 1116 μόνον,
1593 1060 1745 1115 ςρησι,

166 1133 264 1186 τῶν
292 1135 350 1185 ἐν
402 1135 656 1207 Ἐρυθρᾷ
682 1135 927 1194 Θαλάσση
948 1138 1047 1192 καὶ
1077 1136 1184 1189 τῶν
1232 1138 1289 1189 ἐν
1312 1138 1379 1207 τῇ
1417 1136 1610 1206 ἐρήμῳ
1651 1133 1717 1203 γέ

166 1240 319 1289 γονας
368 1226 538 1295 ἡμῶν
592 1227 840 1297 χορηγός·
868 1227 1005 1280 ἀλλά
1051 1229 1143 1281 καὶ
1199 1226 1471 1297 σύμπαντι
1519 1225 1625 1277 τῶν
1654 1226 1747 1277 ἀν-

166 1312 392 1385 θρώπων
420 1316 579 1385 γένει
615 1316 832 1386 ἀγαθῶν
855 1318 1147 1389 γεγένησαι
1164 1315 1440 1389 πρόξενος·
1461 1315 1617 1369 τοῦτο
1650 1316 1745 1385 μὲν

166 1409 369 1478 ἡμέραν
399 1409 502 1462 καὶ
537 1409 715 1463 νύκτα
741 1409 1172 1481 δημιουργήσας,
1209 1409 1363 1464 τοῦτο
1384 1410 1441 1463 δὲ
1470 1409 1621 1479 ἥλιον
1652 1409 1746 1461 καὶ

166 1502 409 1572 σελήνην,
446 1503 617 1557 τοῦτο
638 1504 696 1558 δὲ
727 1503 880 1575 θέρος
899 1506 993 1558 καὶ
1014 1504 1137 1575 ἔαρ,
1164 1504 1324 1558 τοῦτο
1347 1503 1403 1557 δὲ
1424 1503 1601 1574 πήξας
1622 1503 1746 1572 ὅρια

165 1595 215 1645 ἐν
240 1596 304 1664 τῇ
337 1597 433 1665 γῇ.
467 1595 662 1649 Ταῦτα
686 1596 743 1650 δὲ
764 1595 858 1650 νῦν
892 1613 1021 1666 φησι
1051 1597 1146 1650 καὶ.
1174 1598 1255 1660 είς
1291 1595 1390 1667 τὴν
1412 1594 1506 1649 νῦν
1533 1598 1746 1649 ἐπικου-

166 1688 278 1755 ρέαν
306 1688 475 1742 αὑτὸν
508 1688 961 1760 ἐπικαλούμενος.
998 1690 1088 1743 Διό
1116 1706 1267 1762 φησι·
1299 1690 1581 1761 Μνήσθητι
1611 1689 1745 1743 ταύ-

162 1795 255 1848 της
284 1779 384 1849 τῆς
407 1777 651 1843 κτίσεώς
690 1796 803 1834 σου.
830 1781 892 1834 Εί
922 1780 1007 1834 διὰ
1037 1782 1162 1845 τοὺς
1213 1780 1551 1853 ἀνθρώπους,
1587 1782 1740 1853 φησὶ,

161 1867 252 1939 τὴν
278 1868 457 1921 κτίσιν
479 1870 774 1941 ἐποίησας,
832 1870 1114 1943 παράσχου
1177 1870 1273 1944 τὴν
1310 1873 1625 1944 ἐπικουρίαν
1675 1873 1741 1926 δι’

162 1958 246 2023 οὒς
276 1962 309 2032 ἡ
337 1960 521 2025 κτίσις
544 1962 781 2030 ἐγένετο.

224 2052 549 2121 dimicant;
575 2055 817 2121 ταύτης,
850 2057 884 2108 ό
929 2053 1142 2123 ἐχθρός
1186 2054 1461 2109 ὠνείδισέ
1488 2072 1582 2121 σε,
1626 2056 1741 2110 Κύ-

162 2161 261 2209 ριε.
294 2145 807 2217 Ἐπικαλεσαμένου
844 2145 932 2199 διά
966 2146 1063 2216 τῆς
1088 2146 1315 2212 κτίσεως
1342 2150 1419 2211 είς
1444 2143 1622 2201 οἶκτον
1644 2147 1740 2201 τοῦ

162 2235 280 2288 λαοῦ
317 2237 412 2289 τὸν
435 2236 601 2291 Θεόν·
632 2238 794 2291 πάλιν
823 2237 994 2310 ἑτέρῳ
1020 2238 1208 2309 τρόπῳ
1243 2239 1405 2292 αὐτὸν
1437 2240 1518 2301 είς
1562 2234 1740 2293 οἶκτον

162 2325 522 2382 ἐπικαλεῖται.
565 2323 734 2392 οὗτος
776 2328 835 2382 δέ.
864 2330 1011 2381 ἐστιν
1063 2330 1090 2382 ό
1117 2329 1317 2401 τρόπος
1347 2329 1409 2383 τὸ
1446 2331 1586 2401 μέγα
1615 2347 1740 2402 φρο-

162 2418 262 2468 νεῖν
314 2417 408 2471 τὸν
464 2417 685 2489 ἐχθρόν.
740 2417 850 2473 Καὶ
884 2416 1035 2484 λαὸς
1086 2418 1289 2488 ἄφρων
1332 2417 1644 2487 παρώξυνε
1672 2419 1739 2473 τὸ

162 2506 338 2577 ὄνομά
366 2526 515 2565 σου.
545 2511 686 2582 Ὅρα
742 2510 902 2564 πάλιν
944 2511 1130 2581 ἕτερον
1182 2511 1468 2583 οἰκτιρμοῦ
1516 2513 1736 2583 τρόπον,

160 2595 239 2650 δὲ
270 2600 328 2652 τὸ
356 2601 487 2664 τοὺς
510 2600 738 2671 ἐχθροὺς
772 2598 1065 2672 παροξῦναι
1114 2601 1175 2654 τὸ
1194 2600 1361 2672 ὄνομα
1385 2600 1570 2655 αὐτοῦ.

226 2776 320 2849 Μὴ
352 2777 639 2847 παραδῷς
664 2779 787 2845 τοῖς
828 2778 1051 2848 θηρίοις
1088 2777 1300 2849 ψυχὴν
1343 2779 1738 2851 ἐξομολογου-

165 2868 340 2937 μένην
366 2887 491 2925 σοι.
528 2871 871 2924 Ἐπανέτεινε
909 2872 999 2925 τὸν
1026 2871 1225 2943 τρόπον
1266 2870 1377 2925 τῶν
1412 2873 1732 2944 οἰκτιρμῶν,

166 2957 319 3029 θηρία
345 2961 475 3024 τοὺς
510 2959 738 3032 ἐχθροὺς
766 2961 1128 3025 ἀποκαλέσας
1169 2962 1244 3027 ὡς
1290 2963 1510 3034 ἔχοντάς
1530 2983 1583 3018 τι
1611 2967 1735 3031 τοὺς

166 3052 549 3124 ἡμαρτηκότας
604 3052 928 3125 συγγνώμης
980 3056 1067 3109 διὰ
1128 3055 1228 3126 τῆς
1278 3046 1729 3129 ἐξομολογήσεωξ.

166 3139 323 3194 Τοῦτο
383 3142 442 3195 δὲ
513 3141 731 3212 εὔχεται
798 3144 871 3215 μὴ
934 3145 1249 3217 ὁμοτρόπως
1300 3145 1595 3200 ἀπολέσθαι
1642 3147 1733 3202 τὸν

178 3228 403 3301 Ἰσραὴλ,
430 3230 460 3283 ὃ
502 3230 716 3298 γέγονε.
766 3232 963 3284 Πολλαὶ
991 3236 1098 3304 γὰρ
1123 3236 1216 3287 καὶ⁵
1250 3234 1360 3288 τῶν
1387 3238 1732 3307 παυρωσάνο

165 3337 264 3375 των
290 3322 551 3391 μυριάδες
576 3321 918 3386 ἐπίστευσαν,
950 3324 1041 3377 καὶ
1075 3324 1375 3393 ἐσώθησαν.

240 3411 607 3482 Ἐπίσλεψον
632 3415 719 3480 εἰς
741 3412 856 3483 τὴν
878 3413 1171 3484 διαθήκην
1198 3431 1336 3471 σου.
1375 3417 1603 3489 Ἕτερος
1636 3416 1733 3471 πά-

167 3500 242 3554 λιν
263 3505 550 3576 οἰκτιρμοῦ
608 3506 825 3577 τρόποςο
855 3506 946 3575 ἀφ’
973 3499 1047 3559 ὧν
1092 3506 1200 3579 γὰρ
1239 3508 1440 3575 ἀγαθὸς
1485 3510 1613 3580 περὶ
1637 3510 1733 3562 αὐ-

167 3596 282 3659 τοὺς
314 3597 537 3663 ἐγένετο
580 3596 892 3667 διαθέμενος
928 3596 1193 3668 διαθήκην
1222 3599 1425 3663 αὐτοῖς.
1457 3600 1567 3654 ἀπὸ
1611 3601 1733 3655 τού-

167 3699 264 3736 των
294 3686 637 3741 ἐπισπῶνται
682 3687 772 3740 τὸν
826 3686 993 3740 ἔλεον.
1050 3688 1179 3741 Ὀτι
1210 3688 1646 3758 ἐπληρώθησαν
1676 3695 1730 3746 οι

167 3773 573 3847 ἑσιιοτισμένοι
626 3776 735 3845 τῆς
782 3777 896 3848 τῆς
942 3777 1122 3833 οῑκων
1148 3778 1431 3850 ἀνομιῶν.
1470 3782 1537 3834 Ὃ
1580 3780 1729 3851 λέγει

168 3864 391 3922 τοιοῦτόν
445 3871 615 3924 ἐστιν’
659 3871 723 3924 Εί
776 3871 869 3925 καὶ
898 3870 1123 3943 πλήρεις
1176 3872 1398 3938 σκότους
1446 3873 1729 3942 γεγόνασιν

169 3951 294 4011 οἶκοι
323 3961 507 4014 πολλοὶ
528 3960 618 4014 διὰ
639 3961 737 4025 τὰς
763 3963 841 4025 είς
874 3961 953 4026 σὲ,
982 3961 1173 4035 Κύριε,
1209 3965 1578 4037 γεγενημένας
1599 3966 1728 4037 παρ’

169 4048 333 4102 αὐτῶν
364 4050 619 4122 ἀνομίας·
656 4050 792 4104 ἀλλά
834 4052 908 4123 μὴ
956 4054 1064 4117 πᾶς
1122 4056 1151 4106 ὁ
1209 4053 1335 4118 λαὸς
1383 4057 1727 4129 ἀωπραφῇν

175 4141 294 4212 μηδὲ
320 4144 557 4218 αἰσχύνῃ
581 4143 879 4217 παραδοθῇ.
911 4141 1068 4216 Εἶχον
1104 4146 1211 4219 γάρ
1238 4163 1382 4211 τινες
1422 4151 1479 4202 ἐν
1518 4152 1728 4215 ἑαυτοῖς

174 4235 429 4306 σωτηρίας
452 4236 665 4300 ἐλπίδα,
719 4238 769 4290 οἳ
810 4237 903 4290 καὶ
940 4237 1028 4291 διὰ
1054 4238 1162 4292 τῶν
1189 4241 1498 4294 ἀποστόλων
1522 4241 1728 4313 ἐσώθη-

176 4338 280 4387 σαν,
310 4327 402 4379 καί
420 4326 656 4397 μάλιστα
685 4326 772 4380 διὰ
787 4328 993 4399 Πέτρου
1013 4331 1071 4381 ἐν
1099 4333 1217 4393 ταῖς
1240 4331 1727 4404 πρώταιςδημηγο-

175 4413 323 4481 ρξαις,
348 4417 423 4482 ὡς
453 4417 596 4471 κατά
627 4418 959 4490 τρισχιλίους
1005 4419 1100 4473 καὶ
1132 4422 1598 4492 πεντακισχιλίους
1635 4424 1726 4478 καὶ

176 4507 415 4577 μυριάδας
443 4510 643 4573 αὐτοὺς
665 4510 937 4578 γενέσθαι.

235 4678 505 4755 [Πτωχὸς
553 4684 649 4739 καί
695 4684 883 4754 πένης
917 4685 1229 4742 αίνέσουονι
1258 4690 1323 4743 τὸ
1351 4690 1541 4761 ὄνομὰ
1582 4710 1721 4751 σου.

174 4768 463 4839 Σωθέντων,
529 4776 683 4846 φησὶ,
728 4775 837 4829 τῶν
879 4777 1148 4849 σωτηρίας
1203 4779 1388 4843 ἀξίων,
1436 4785 1465 4835 ό
1515 4787 1725 4856 πτωχὸς

176 4860 448 4932 πνεύματι,
468 4864 744 4920 τουτέστιν
774 4865 804 4917 ό
835 4864 940 4918 τῶν
991 4864 1302 4919 ἀποστόλων
1362 4869 1541 4940 χορὸς,
1584 4872 1722 4927 κατά

174 4951 242 5013 τὸ,
265 4957 548 5027 Μακάριοι
578 4960 633 5012 οἱ
660 4956 881 5026 πτωχοί
916 4956 1012 5024 τῷ·
1026 4960 1334 5029 πνεύματι,
1356 4962 1453 5025 τάς
1477 4979 1557 5017 σοι
1593 4982 1723 5035 πρε·

178 5044 355 5113 mg“;
381 5049 768 5120 ἀναπέμπουσι
789 5049 1137 5123 δοξολογίας

244 5139 507 5204 Ἀνάστα.
546 5144 579 5197 ό
604 5142 769 5209 Θεὸς,
800 5143 1053 5198 δίκασον
1084 5144 1199 5213 τὴν
1249 5145 1427 5215 δίκην
1463 5164 1598 5202 σου.
1629 5148 1723 5214 Είς

175 5228 260 5299 τὴν
286 5232 385 5287 τῶν
414 5234 812 5305 ἀωτησάντων
840 5236 931 5289 τὸν
976 5236 1103 5289 λαὸν
1145 5238 1413 5309 τιμωρίαν
1468 5241 1721 5295 ἱκετεύων

175 5315 449 5394 διανίστησι
477 5322 569 5377 τὸν
585 5322 734 5377 Θεὸν.
752 5323 1058 5393 Μνήσθητι
1082 5326 1189 5380 τοῦ
1215 5326 1556 5397 όνειδισμοῦ
1581 5347 1715 5387 σου.

178 5406 322 5466 Πάλιν
350 5412 440 5467 διὰ
475 5412 572 5466 τοῦ
606 5413 768 5467 αὐτὸν
800 5414 1147 5479 ὀνειδίζεσθαι
1189 5419 1269 5482 είς
1317 5413 1493 5473 οἶκτον
1526 5427 1719 5476 ἐπικα-

178 5495 324 5556 λεῖται
343 5505 433 5559 τὸν
471 5504 629 5559 Θεόν.

180 5584 267 5654 Εἰς
323 5592 383 5647 τὸ
453 5593 666 5659 τέλος,
736 5595 821 5663 μὴ
890 5595 1270 5667 διαφθείρῃς,

679 5688 1002 5743 ΨΑΛΜΟΣ.
1057 5693 1175 5743 ΟΔ¹.

768 5776 1087 5845 Ύπόθεσις.

204 5857 261 5913 Εν
289 5866 447 5927 τούτω
489 5868 549 5922 τὸ
576 5870 858 5942 πρόσωπον
906 5870 1011 5924 τῶν
1044 5871 1353 5929 ἀποστόλων
1384 5877 1714 5950 εἰσφέρεται,

1354 5600 1431 5667 τῷ
1514 5604 1715 5674 Ἀσάφ.

1848 678 2013 750 gestis
2050 679 2103 732 in
2145 677 2379 737 deserto,
2411 674 2627 744 quando
2678 674 2933 743 pepnlum
2974 689 3037 726 ex
3069 681 3219 741 petra
3249 682 3401 743 pota-

1848 772 1944 825 vit.
1973 767 2050 822 Tu
2074 768 2287 822 siccasti
2315 765 2502 834 ﬂuvios
2532 763 2744 818 Etham.
2795 764 2985 818 Etliam
3024 764 3405 833 interpretatur

1848 876 2062 926 auster;
2089 878 2214 918 nam
2239 862 2304 916 ad
2328 872 2573 916 austrum
2606 858 2915 915 Iudaeorum
2944 857 3180 928 regionis
3219 854 3404 911 Jorda-

1847 959 1931 1013 nis
1952 958 2089 1013 situs
2124 966 2225 1020 est.

1918 1048 2005 1110 16.
2036 1047 2121 1101 17.
2157 1046 2296 1101 Tuus
2329 1054 2404 1098 est
2428 1044 2538 1099 dies
2576 1051 2624 1097 et
2658 1052 2749 1095 tua
2791 1049 2866 1096 est
2912 1054 3036 1095 nox.
3083 1036 3197 1093 Non
3224 1039 3396 1093 solum

1847 1138 2044 1209 inquit,
2080 1139 2133 1193 in
2168 1138 2303 1193 mari
2329 1135 2516 1191 Rubro
2544 1143 2598 1190 et
2652 1134 2704 1188 in
2752 1134 2968 1188 deserto
3008 1132 3144 1186 bona
3178 1130 3399 1199 largitus

1848 1252 1907 1291 es
1946 1235 2138 1298 nobis;
2185 1232 2277 1289 sed
2324 1233 2485 1287 etiam
2537 1229 2633 1285 toti
2684 1227 2960 1282 hominum
3017 1224 3197 1297 generi
3259 1223 3399 1278 bona

1846 1325 2039 1380 tribuis
2067 1344 2081 1379 :
2121 1325 2235 1380 sive
2255 1323 2396 1379 diem
2428 1332 2590 1392 atque
2625 1327 2861 1383 noctem,
2909 1318 3022 1373 sive
3044 1315 3212 1371 solem
3250 1323 3303 1367 et
3327 1314 3401 1367 In-

1846 1432 1971 1471 nam
1994 1416 2268 1482 condens;
2327 1415 2442 1471 sive
2488 1423 2751 1473 aestatem.
2787 1419 2841 1466 et
2876 1422 3099 1462 vernum
3150 1416 3362 1475 tempus
3384 1448 3397 1469 ,

1845 1507 1958 1562 sive
1984 1507 2245 1562 terminos
2274 1506 2328 1560 in
2365 1516 2506 1560 terra
2528 1504 2884 1559 constituens.
2913 1498 3027 1554 Hoc
3048 1509 3227 1552 autem
3258 1512 3400 1550 nunc

1845 1603 1919 1656 ait
1939 1601 2007 1655 ad
2040 1613 2276 1670 praesens
2299 1596 2560 1651 auxilium
2621 1610 2874 1651 evocans.
2906 1592 3084 1659 Quare
3113 1592 3189 1645 ait
3223 1611 3235 1645 :
3293 1588 3401 1642 Me-

1844 1710 1963 1749 mor
1982 1701 2102 1749 esto
2149 1690 2374 1761 hujusce
2415 1697 2676 1744 crcaturze
2701 1694 2827 1741 tuae.
2877 1685 2935 1739 Si
2965 1694 3185 1754 propter
3224 1681 3398 1737 bonn-

1844 1800 1960 1850 nes,
1986 1783 2184 1853 inquit,
2239 1789 2518 1836 creaturas
2554 1775 2867 1839 condidisii,
2916 1772 3093 1845 praebe
3135 1771 3396 1826 auxilium

1843 1878 1909 1934 iis
1939 1890 2170 1947 quorum
2205 1888 2371 1930 causa
2402 1880 2663 1929 creatum
2688 1868 2916 1926 conditae
2946 1876 3091 1924 sunt.

1912 2056 1999 2112 18.
2035 2055 2236 2112 Memor
2260 2064 2369 2109 esto
2389 2054 2567 2124 hujus,
2593 2054 2838 2106 inimicus
2877 2050 3244 2121 improperavit
3281 2050 3394 2113 tibi,

1839 2151 2081 2205 Domine.
2113 2144 2406 2216 Postquam
2467 2159 2563 2213 per
2593 2152 2854 2199 creatura:
2887 2150 3087 2195 statum
3143 2141 3208 2194 ad
3237 2140 3398 2195 misa-

1838 2241 2101 2297 rationem
2125 2238 2305 2309 populi
2344 2236 2509 2291 Deum
2539 2233 2803 2299 evocavit,
2834 2233 2941 2288 alio
2972 2247 3187 2288 rursum
3234 2231 3398 2285 modo

1837 2332 1903 2386 ad
1960 2329 2389 2385 misericordiam
2451 2334 2631 2382 vocat.
2674 2325 2773 2381 Hic
2836 2335 3015 2381 autem
3074 2326 3269 2380 modus
3316 2338 3398 2379 est

1837 2423 1980 2495 quod
2008 2421 2259 2475 inimicus
2316 2418 2600 2491 magniﬁce
2650 2418 2866 2474 sentiat.
2903 2416 2969 2470 Et
3019 2416 3240 2487 populus
3266 2417 3396 2469 insi-

1834 2518 1982 2586 piens
2011 2514 2246 2569 incitavit
2300 2528 2485 2567 nomen
2548 2520 2716 2565 tuum.
2776 2507 2909 2563 Vide
2963 2524 3180 2563 rursum
3233 2508 3393 2562 aliam

1836 2603 2328 2659 commiserationis
2355 2602 2642 2664 rationem,
2680 2599 2810 2670 quia
2844 2599 3048 2656 scilicet
3075 2596 3278 2652 inimici
3309 2596 3395 2651 in-

1833 2694 2071 2748 citarunt
2094 2706 2289 2745 nomen
2322 2690 2462 2760 ejus.

1908 2782 1994 2838 19.
2028 2780 2110 2837 Ne
2164 2780 2348 2833 tradas
2403 2780 2580 2835 bestiis
2625 2779 2859 2833 animam
2901 2778 3226 2848 conﬁtentem
3277 2776 3390 2829 tibi.

1834 2872 2091 2929 Extendit
2144 2871 2641 2927 commiserationis
2697 2886 2942 2937 causam,
2995 2870 3245 2924 inimicos
3293 2885 3391 2922 vo—

1833 2980 1964 3022 cans
1985 2965 2207 3020 bestias.
2242 2962 2379 3030 Quia
2419 2963 2513 3034 qui
2545 2973 2840 3033 peccarunt
2872 2978 2966 3033 per
2992 2960 3391 3017 confessionem

1833 3059 2041 3114 veniam
2066 3064 2491 3126 consequuntur.
2517 3054 2691 3125 Regat
2712 3064 2891 3109 autem
2920 3066 2978 3111 ut
3002 3061 3069 3109 ne
3091 3053 3205 3124 pari
3232 3054 3393 3107 modo

1832 3151 2009 3206 omnis
2045 3147 2207 3205 Israel
2232 3157 2433 3219 pereat,
2462 3147 2606 3217 quod
2635 3147 2798 3201 etiam
2827 3145 3027 3201 factum
3054 3155 3159 3200 est.
3214 3143 3392 3198 Multa:

1835 3257 2067 3313 namque
2113 3240 2381 3313 myriades
2426 3254 2614 3293 eorum
2646 3239 2738 3307 qui
2793 3237 3069 3293 Christum
3106 3231 3391 3292 crucltl'xe-

1833 3340 1981 3396 runt,
2001 3342 2183 3402 postea
2213 3330 2559 3385 crediderunt
2579 3336 2632 3383 et
2654 3329 2881 3383 salutem
2912 3337 3217 3384 consecuta:
3242 3340 3387 3383 sunt.

1897 3424 1989 3478 20.
2023 3422 2236 3492 Respice
2286 3422 2339 3475 in
2376 3430 2739 3475 testamentum
2784 3432 2951 3475 tuum.
2987 3420 3139 3477 Alius
3193 3421 3387 3476 iterum

1830 3510 2320 3568 commiserationis
2366 3508 2564 3564 modus
2592 3508 2834 3573 aﬁertur,
2868 3508 3016 3580 quod
3045 3510 3189 3566 enim
3248 3509 3390 3565 Dens

1831 3618 1958 3673 erga
1985 3602 2106 3659 illos
2158 3602 2339 3657 bonus
2379 3609 2433 3656 ct
2486 3601 2725 3657 clemens
2774 3600 2956 3666 fuerit,
3009 3609 3386 3658 testamentum

1830 3692 1967 3747 dans
1989 3692 2119 3755 illis,
2153 3692 2281 3745 hinc
2302 3679 2725 3746 misericordiam
2752 3691 2853 3745 sibi
2900 3693 3171 3749 attrahere
3190 3708 3390 3749 conan-

1830 3792 1938 3837 tur.
1972 3781 2113 3848 Quia
2138 3780 2322 3851 repleti
2377 3789 2500 3835 sunt
2525 3782 2616 3852 qui
2643 3774 2917 3835 'obscurati
2944 3792 3065 3836 sunt
3115 3791 3268 3837 terrae
3294 3786 3389 3838 do-

1830 3876 1996 3931 mibus
2025 3875 2386 3945 iniquitatum.
2420 3872 2574 3941 Quod
2614 3873 2689 3929 ait
2711 3873 2978 3944 ejusmodi
3009 3882 3128 3930 est:
3164 3873 3386 3931 Etiamsi

1830 3967 2013 4023 multae
2059 3966 2258 4023 domus
2282 3966 2352 4022 ob
2379 3966 2718 4036 iniquitatem
2752 3980 2879 4037 erga
2904 3973 2957 4022 te
2998 3966 3259 4036 ipsarum,
3309 3975 3390 4022 te-

1828 4058 2012 4115 nebris
2038 4059 2210 4129 plenae
2240 4057 2483 4113 fuerunt:
2542 4067 2598 4113 at
2631 4072 2817 4128 quaeso
2858 4072 2926 4112 ne
2953 4058 3131 4113 omnis
3156 4059 3388 4129 populus

1827 4150 2134 4220 abjiclatur,
2186 4158 2242 4204 et
2288 4148 2525 4204 infamiae
2571 4149 2838 4204 tradatur.
2876 4146 3197 4204 Habuerunt
3238 4151 3383 4205 enim

1826 4239 2046 4309 quidam
2073 4239 2129 4293 in
2152 4239 2347 4309 seipsis
2372 4254 2523 4309 spem
2558 4239 2774 4303 salutis,
2808 4238 2904 4309 qui
2957 4238 3120 4294 etiam
3170 4250 3387 4310 aposto-

1827 4328 2004 4383 lorum
2034 4342 2199 4399 opera
2251 4329 2481 4383 salutem
2532 4328 2677 4383 nacti
2721 4336 2850 4382 sunt
2905 4345 2918 4380 :
2980 4327 3220 4383 maxime
3260 4344 3386 4384 vero

1825 4419 2101 4491 prioribus
2150 4417 2296 4473 Petri
2350 4419 2727 4483 concionibus,
2760 4418 2851 4472 ubi
2884 4418 3046 4474 modo
3088 4429 3170 4475 ter
3218 4420 3383 4485 mille,

1826 4511 1989 4567 modo
2021 4511 2314 4581 quinquies
2342 4509 2507 4576 mille,
2530 4510 2693 4565 modo
2719 4510 2883 4563 etiam
2908 4510 3177 4581 myriades
3205 4526 3385 4566 acces-

1754 4614 1798 4669 ι)
1823 4616 1943 4656 sere
1964 4602 2031 4656 ad
2069 4600 2250 4656 ﬁdem.

1896 4692 2020 4765 [21.
2076 4691 2285 4760 Pauper
2326 4701 2376 4746 et
2423 4693 2569 4760 inops
2622 4694 2915 4751 laudabunt
2965 4712 3150 4750 nomen
3212 4705 3382 4750 tuum.

1824 4784 2141 4856 Postquam,
2202 4785 2398 4854 inquit,
2458 4786 2686 4840 salutem
2717 4788 2995 4844 consecuti
3040 4787 3283 4858 suntqui
3315 4802 3379 4840 ea

1820 4874 1969 4945 digni
2004 4883 2154 4941 sunt,
2214 4888 2418 4944 pauper
2473 4876 2697 4945 spiritu,
2745 4878 2955 4934 scilicet
3008 4879 3378 4950 apostolorum

1821 4967 2057 5032 chorus,
2097 4965 2396 5021 secundum
2421 4965 2575 5034 illud,
2627 4968 2783 5023 Beati
2827 4986 3078 5042 pauperes
3098 4972 3289 5039 spiritu
3310 4972 3379 5038 ⁸⁸,

1819 5065 2178 5126 congruentes
2207 5057 2301 5113 tibi
2330 5057 2518 5115 laudes
2540 5058 2784 5133 emittit.]

1887 5146 1977 5201 22.
2024 5145 2283 5220 Exsurge,
2339 5147 2502 5217 Deus,
2559 5151 2751 5221 judico
2802 5169 3018 5207 causam
3059 5163 3223 5208 tuam.
3266 5151 3381 5211 llac

1819 5238 2214 5309 supplicatione
2266 5240 2434 5296 Deum
2474 5241 2677 5298 excitat
2723 5244 2789 5300 ad
2842 5244 3167 5315 supplicium
3211 5245 3279 5301 de
3309 5245 3377 5301 iis

1819 5329 2140 5384 sumendum
2168 5330 2262 5401 qui
2326 5333 2584 5402 populum
2632 5334 2983 5406 deceperunt.
3037 5335 3239 5392 Memor
3267 5352 3376 5393 esto

1819 5421 2121 5490 improperii
2172 5422 2270 5477 tui.
2334 5420 2570 5479 Rursum
2624 5426 2749 5495 quia
2828 5425 2944 5498 ipse
2983 5429 3377 5499 impmperatus

1819 5512 1921 5567 fuit
1948 5513 2014 5567 ad
2048 5513 2474 5570 misericordiam
2510 5514 2677 5571 Deum
2706 5527 2884 5574 vocat.

1822 5603 1869 5657 1.
1905 5602 1971 5657 1η
2023 5604 2203 5673 ﬁnem,
2256 5622 2318 5661 ne
2388 5623 2713 5676 corrumpas.
2784 5608 3121 5668 PSALHUS
3176 5613 3373 5683 Asaph.

2462 5698 2648 5754 LXXI
2668 5700 2725 5756 V.

2387 5791 2781 5861 Argumentum.

1819 5879 1875 5935 In
1934 5880 2036 5937 hoc
2078 5882 2289 5951 psalmo
2338 5898 2568 5954 persona
2637 5888 3008 5955 apostolorum
3063 5888 3368 5956 inducitur,
