4108 6510
711 437 815 492 359

779 656 841 694 ac
874 651 1267 710 repraesentans
1303 644 1432 698 ipsis
1483 645 1808 700 horrendum
1867 650 1996 703 illud
2029 665 2091 705 ac
2119 652 2258 706 divi-

775 748 904 786 num
935 734 1186 788 tribunal.

776 822 830 884 2,
866 824 918 879 5.
946 823 1318 892 Conﬁtebimur
1343 826 1459 892 tibi,
1496 825 1631 879 Deus
1656 866 1671 882 .
1707 869 1720 882 .
1759 869 1772 881 .
1811 829 2056 886 Narrabo
2087 836 2260 888 omnia

704 916 972 968 mirabilia
1003 927 1113 970 tua.
1148 919 1240 971 Dei
1293 919 1559 971 mirabilia
1590 931 1968 975 enariaturum
2015 940 2072 976 se
2108 926 2263 993 polli-

706 1016 856 1059 cetur
883 1009 1211 1076 apostolicus
1237 1011 1432 1064 chorus
1457 1027 1484 1063 a
1515 1015 1959 1080 persequentibus
1983 1016 2258 1071 liberatus.

707 1095 816 1165 Ego
841 1100 1081 1164 justitias
1103 1101 1372 1168 judicabo.
1407 1100 1531 1157 Hcce
1557 1104 1630 1156 ait
1658 1104 1903 1160 Salvator
1931 1111 2261 1178 respondens

702 1200 888 1240 eorum
913 1189 1276 1256 promissioni.

773 1373 823 1426 4.
858 1371 1160 1442 Liquefacta
1205 1389 1278 1430 est
1316 1389 1454 1430 terra
1496 1389 1543 1432 et
1591 1397 1763 1433 omnes
1799 1385 1886 1451 qui
1927 1383 2162 1438 habitant
2208 1387 2258 1439 in

701 1481 782 1518 ea.
817 1466 1112 1534 Cumjusta
1135 1470 1427 1536 judicares,
1462 1473 1653 1540 inquit,
1686 1474 2005 1542 liquel'cesti
2039 1487 2258 1543 terram,

703 1557 946 1611 videlicet
976 1558 1363 1631 Jerosolymam
1384 1603 1397 1625 ,
1433 1573 1480 1617 et
1515 1581 1688 1618 omnes
1714 1567 1801 1634 qui
1825 1567 2062 1620 habitant
2093 1570 2144 1620 in
2176 1586 2256 1624 ea.

703 1645 886 1701 Potest
911 1658 1086 1702 autem
1123 1651 1249 1703 illud
1299 1651 1497 1721 duplici
1531 1655 1691 1707 modo
1734 1656 1978 1724 intelligi,
2013 1667 2171 1726 atque
2207 1660 2257 1711 in

705 1738 902 1792 bonam
951 1749 1179 1807 partem,
1214 1742 1418 1796 scilicet
1466 1743 1748 1812 liquefacta
1782 1755 1878 1809 est,
1925 1748 1974 1799 id
2010 1758 2112 1811 est,
2146 1765 2261 1802 ma-

704 1831 830 1887 litiae
857 1834 1210 1899 condonavit;
1246 1843 1300 1887 et
1345 1835 1397 1887 in
1432 1838 1649 1903 malam,
1682 1847 1741 1890 ut
1785 1840 2020 1893 declaret
2058 1842 2260 1910 suppli-

1551 438 1606 495 S.
1651 440 2017 497 ATHANASH
2057 444 2207 499 OPP.
2248 445 2426 500 PARS
2464 446 2552 500 Ill.
2594 477 2663 485 —
2702 443 3114 500 EXEGETICA.

779 552 1071 606 cohortans
1091 550 1337 605 homines
1388 562 1445 604 ut
1491 554 1782 624 impietatis
1815 561 1973 612 tinem
2032 559 2252 622 faciant,
2285 567 2330 622 Α

3825 442 3926 497 340

2431 562 2725 632 παραινοῦν
2745 564 2870 625 τοὺς
2891 559 3206 630 ἀνθρώπους
3227 560 3323 628 τῆς
3345 558 3599 618 ἀσεϐειας
3631 556 3924 610 παύεσθαι.

2432 651 2813 719 ὑποτιθέμενον
2845 651 3027 712 αὑτοῖς
3059 650 3118 701 τὸ
3158 647 3383 719 φοϐερὸν
3437 649 3612 699 ἐκεῖνο
3643 645 3740 696 καὶ
3793 645 3927 698 θεῖον

2429 745 2788 815 δικαστήριον.

2440 831 3020 902 Ἐξομολογνησόμεθὰ
3043 846 3162 895 σοι,
3204 833 3236 883 ό
3291 831 3453 894 Bede.
3485 870 3498 883 .
3540 868 3553 881 .
3589 869 3602 882 .
3634 830 3930 908 Διητήσο-

2355 943 2457 994 μαι
2493 925 2685 977 πάντα
2724 925 2793 977 τὰ
2833 923 3129 992 θαιιμιὶσιά
3165 939 3299 976 σου.
3334 919 3642 990 Διηγεῖσθαι
3673 919 3768 971 τοῦ
3795 920 3926 972 Θεοῦ

2362 1018 2429 1069 τὰ
2473 1017 2746 1086 θαυμάσια
2780 1017 3118 1084 ὑπισχνεῖται
3151 1014 3179 1064 ὁ
3212 1011 3561 1074 ἀποστολικὸς
3612 1013 3790 1083 χορὸς,
3822 1012 3927 1063 τῶν

2360 1107 2659 1159 διωκόντων
2708 1106 3056 1174 ἀπαλλαγείς.
3126 1104 3272 1172 Ἐγὼ
3334 1104 3659 1168 εὐθύτητος
3729 1101 3923 1171 κρινῶ.

2361 1197 2542 1250 Ταῦτα
2591 1199 2618 1248 ὁ
2670 1197 2858 1269 Σωτήρ
2901 1214 3062 1268 φησιν
3114 1195 3402 1248 ὑπακούων
3452 1195 3632 1249 αὑτῶν
3687 1199 3754 1266 τῇ
3799 1198 3925 1248 ὑπο-

2364 1292 2560 1360 σχέσει.

2443 1381 2646 1447 Ἐτάκη
2683 1382 2718 1448 ἡ
2751 1380 2823 1449 γῆ
2861 1380 2955 1433 καὶ
2984 1379 3203 1445 πάντες
3231 1383 3284 1433 οἱ
3313 1380 3620 1445 οἰκοῦντες
3647 1380 3719 1432 ἐν
3751 1377 3924 1446 αὐτῇ.

2360 1473 2569 1532 Δίκαια,
2610 1473 2757 1541 φησι,
2801 1472 3000 1542 κρίνων
3056 1470 3355 1541 κατέτηξας
3393 1471 3488 1542 τὴν
3543 1472 3666 1541 γῆν,
3728 1470 3928 1541 δηλαδὴ

2358 1563 2454 1632 τὴν
2499 1562 2866 1634 Ἰερουσαλὴμ,
2901 1563 2996 1613 καί
3028 1563 3259 1626 πάντας
3300 1562 3439 1626 τοὺς
3477 1562 3547 1614 ἐν
3591 1561 3751 1629 αὐτῇ
3794 1579 3929 1615 κατ-

2359 1653 2693 1717 οικοῦντας.
2743 1652 2972 1705 Δύναται
3038 1651 3094 1704 δὲ
3132 1651 3289 1704 τοῦτο
3311 1651 3502 1714 διττῶς
3555 1653 3797 1704 νοεῖσθαι
3835 1649 3929 1703 καὶ

2359 1743 2450 1795 ἐπὶ
2477 1742 2700 1809 ἀγαθοῦ,
2755 1743 2835 1804 τὸ,
2894 1741 3095 1807 ἐτάκη,
3138 1743 3256 1795 ἀντὶ
3314 1740 3430 1803 τοῦ,
3476 1742 3815 1796 ὑπενδέδωκε
3862 1744 3926 1810 τῇ

2361 1834 2610 1904 πονηρίαο
2641 1835 2731 1886 καὶ
2778 1835 2870 1886 ἐπὶ
2904 1834 3103 1897 κακοῦ,
3155 1836 3241 1887 ἵνα
3274 1835 3486 1905 δηλώσῃ
3518 1835 3619 1904 τὴν
3658 1833 3928 1904 τιμωρίαν

703 1922 844 1974 cium
892 1922 958 1975 de
1014 1923 1080 1976 iis
1130 1932 1422 1991 sumptum.
1478 1923 1587 1995 Ego
1635 1929 1936 1996 conﬁrmavi
1989 1932 2255 1984 columnas

2358 1924 2452 1994 τὴν
2479 1924 2774 1994 γενομένην
2799 1925 2918 1976 κατ’
2964 1925 3160 1978 αὑτῶν.
3215 1925 3361 1994 Ἐγὼ
3410 1926 3749 1994 ἑστερέωσα
3791 1928 3930 1991 τοὺς

702 2011 833 2077 ejus.
886 2011 1166 2066 Columna:
1217 2013 1514 2070 Jerusalem
1567 2027 1695 2072 sunt
1758 2020 1928 2073 sancti
1990 2023 2252 2090 apostoli,

699 2100 851 2168 juxta
886 2101 937 2154 id
974 2104 1115 2171 quod
1157 2105 1356 2158 dictum
1399 2116 1480 2160 est
1513 2124 1524 2157 :
1554 2105 1810 2162 Columna
1861 2119 1909 2162 et
1952 2110 2256 2178 ﬁrmamen-

701 2207 808 2249 tum
837 2200 1072 2262 veritatis
1091 2200 1156 2252 ⁸³.
1180 2200 1626 2281 [AitApostolusz
1664 2202 1731 2256 Et
1761 2221 1878 2256 cum
1908 2207 2255 2274 cognovissent

701 2293 926 2358 gratiam
975 2310 1091 2360 qute
1137 2294 1262 2346 data
1311 2306 1385 2348 est
1440 2298 1565 2348 mihi
1608 2297 1835 2350 Iacobus
1867 2310 1911 2351 et
1959 2298 2156 2367 Cepltas
2206 2308 2254 2350 et

699 2379 949 2444 Joannes,
981 2384 1068 2447 qui
1100 2383 1404 2437 videbantur
1432 2387 1685 2441 columna:
1714 2405 1821 2440 esse
1850 2386 1943 2458 ⁸².]

771 2474 821 2528 5.
854 2473 980 2526 Dia'i
1018 2476 1209 2544 iniquis
1243 2491 1259 2529 :
1295 2475 1472 2529 Nolite
1504 2478 1677 2538 inique
1710 2496 1857 2546 agere
1918 2478 2013 2532 llic
2043 2488 2258 2547 aposto-

701 2569 874 2620 lorum
921 2584 1150 2636 pcrsona
1192 2568 1440 2630 eﬂ'ertur,
1470 2585 1588 2638 quze
1632 2569 1876 2624 homines
1924 2572 2170 2625 hortatur
2202 2583 2259 2626 ut

700 2659 981 2727 quiescant
1007 2660 1074 2712 ab
1107 2661 1396 2729 impietate.
1443 2659 1723 2731 [Uumiliat
1756 2673 1932 2716 autem
1971 2663 2252 2718 Iudaicum

703 2749 957 2817 populum
994 2751 1062 2804 ob
1086 2751 1203 2819 ejus
1231 2753 1535 2820 superbiam
1571 2769 1582 2804 :
1618 2754 1816 2806 exaltat
1841 2768 1968 2807 vero
2000 2756 2253 2822 populum

699 2857 763 2897 ex
792 2841 1038 2909 gentibus
1065 2843 1135 2896 ob
1165 2842 1521 2895 humilitatem
1549 2842 1712 2914 ejus]

771 2931 820 2986 6.
854 2931 1030 2987 Nolite
1056 2934 1302 2986 extollere
1345 2935 1397 2986 in
1435 2935 1601 2986 altum
1648 2951 1806 2987 cornu
1838 2947 2082 2987 vestrum.
2123 2934 2256 2989 Nam

699 3034 927 3079 ctrnuta
966 3023 1218 3076 animalia
1268 3024 1492 3077 multum
1525 3023 1591 3077 de
1639 3025 1894 3079 cornibus
1936 3026 2253 3095 gloriantur.

700 3112 928 3168 iubetur
973 3124 1152 3168 autem
1205 3115 1424 3184 iniquis,
1459 3128 1614 3170 utne
1660 3117 1966 3185 arrogantia
2004 3117 2257 3185 iniquita-

701 3219 805 3261 tem
855 3218 1120 3278 augeant,
1167 3223 1340 3277 neque
1401 3218 1650 3262 moveant
1701 3209 1934 3277 linguam
1997 3210 2326 3298 adversusc

700 3299 888 3352 Deum.

771 3393 823 3443 Ἰ.
859 3389 995 3456 Quia
1037 3407 1197 3458 neque
1245 3393 1309 3447 ab
1361 3395 1608 3459 exitibus,
1654 3411 1812 3464 neque
1859 3395 1923 3447 ab
1975 3394 2256 3459 occidente,

705 3498 863 3549 neque
890 3500 921 3536 a
948 3483 1163 3538 desertis
1195 3487 1472 3540 montibus.
1515 3486 1672 3542 l-liscc
1713 3498 1882 3541 totum
1927 3489 2110 3542 orbem
2152 3496 2261 3541 ter-

704 3590 885 3631 rarum
936 3575 1221 3644 signiﬁcat.
1271 3576 1463 3632 Exitus
1515 3587 1692 3632 autem
1739 3577 1869 3632 dicit
1912 3578 2194 3641 orientem,
2229 3592 2258 3630 a

703 3687 812 3741 quo
849 3671 930 3726 sol
968 3673 1112 3737 exit;
1157 3673 1490 3727 occidentem
1527 3685 1704 3728 autem
1737 3675 2008 3740 vesperias
2047 3683 2256 3742 partes;

702 3771 943 3816 oesertos
983 3772 1214 3825 montes,
1255 3764 1675 3832 septentrionem
1705 3775 1756 3816 et
1796 3763 2110 3828 meridiem;
2140 3778 2260 3832 quae

703 3863 880 3923 partes
926 3853 994 3907 ob
1038 3855 1432 3908 vehementiam
1481 3853 1696 3924 frigoris
1729 3862 1781 3908 et
1823 3865 1986 3909 aestus
2029 3853 2256 3908 habitari

705 3952 996 4013 nequeunt.
1030 3943 1142 4005 Ne,
1177 3946 1366 4013 inquit.
1401 3946 1584 4014 inique
1624 3947 1816 4015 agatis,
1854 3948 1979 4015 quia
2010 3962 2168 4000 nemo
2205 3947 2257 4000 in

705 4044 814 4090 toto
839 4035 967 4089 orbe
999 4035 1165 4087 Deum
1192 4035 1424 4098 latuerit,
1462 4038 1505 4089 si
1534 4037 1754 4104 impium
1785 4037 1911 4105 quid
1941 4036 2174 4106 proferat
2205 4037 2256 4090 in

703 4143 848 4180 eum.
885 4124 1036 4182 Hunc
1067 4127 1392 4188 Itumiliat,et
1424 4128 1557 4179 hunc.
1583 4127 1803 4180 exultat.
1828 4127 1957 4180 Cum
1989 4127 2056 4181 sit
2085 4127 2259 4182 bonus

699 4217 881 4287 judex,
916 4217 1008 4282 ait,
1037 4216 1230 4286 impios
1273 4217 1540 4281 humiliat,
1571 4218 1771 4273 exaltat
1810 4227 1988 4271 autem
2027 4219 2258 4286 humiles

702 4311 881 4364 corde.
918 4308 1041 4364 Hazc
1091 4325 1253 4377 porro
1299 4309 1607 4379 accipienda
1647 4319 1774 4365 sunt
1815 4310 1879 4363 de
1916 4310 2127 4365 duobus
2162 4328 2258 4382 po-

703 4402 862 4469 pulis.
911 4399 1217 4454 Judzrorutn
1250 4401 1456 4455 scilicet
1493 4409 1547 4454 et
1588 4402 1849 4471 gentium.
1895 4400 1987 4456 Ille
2026 4418 2259 4473 namque

704 4491 1015 4547 humiliatus
1050 4491 1148 4545 fuit
1195 4502 1411 4560 propter
1451 4494 1842 4562 arrOgantiam,
1876 4493 1963 4547 hic
1989 4495 2258 4551 exaltatus

2356 2017 2621 2080 στύλους
2664 2014 2872 2082 αὐτῆς.
2926 2015 3112 2068 Στῦλοι
3147 2017 3246 2085 τῆς
3303 2016 3659 2087 Ἰερουσαλὴμ
3705 2018 3756 2068 οἱ
3787 2017 3927 2084 ἆγιοι

2355 2106 2657 2166 ἀπόστολοι,
2680 2106 2819 2159 κατά
2844 2106 2902 2158 τὸ
2927 2106 3233 2176 εἰρημένον·
3265 2106 3495 2171 Στῦλος
3520 2107 3617 2158 καὶ
3634 2105 3927 2174 ἑδραίωμα

2355 2196 2463 2262 τῆς
2489 2197 2787 2262 ἀληθείας.
2810 2196 2993 2268 [Φησὶν
3015 2199 3042 2248 ὁ
3065 2197 3523 2259 ἈπόστολοςοΚαὶ
3543 2198 3784 2265 γνόντες
3817 2197 3927 2265 τὴν

2354 2283 2631 2337 δοθεῖσάν
2640 2303 2739 2352 μοι
2768 2285 3036 2350 Ἰάκωϐος
3053 2286 3148 2338 καὶ
3168 2283 3376 2353 Κηφᾶς
3400 2286 3495 2338 καί
3534 2285 3842 2353 Ἰωάννης,
3876 2290 3929 2340 οἱ

2354 2372 2673 2439 δοκοῦντες
2697 2375 2906 2428 στῦλοι
2925 2375 3123 2446 eiram]

2425 2462 2580 2518 Εἷπα
2611 2466 2730 2532 τοῖς
2763 2467 3195 2536 παρανομοῦσυ
3218 2472 3274 2522 Μ
3283 2468 3314 2536 ἡ
3354 2470 3770 2537 παρανομεῖτε.
3820 2472 3929 2523 Ἐν-

2356 2559 2538 2611 τεῦθεν
2565 2560 2668 2612 τῶν
2702 2560 3010 2612 ἀποστόλων
3044 2560 3103 2613 τὸ
3138 2560 3425 2631 πρόσωπον
3495 2562 3801 2630 παραινοῦν
3833 2565 3928 2631 τῆς

2356 2651 2605 2714 ἀσεϐείας
2659 2655 2770 2714 τοῖς
2818 2653 3122 2724 ἀνθρώποις
3155 2655 3483 2708 παύσασθαι.
3536 2656 3823 2726 [Ταπεινοῖ
3873 2655 3927 2706 δὲ

2368 2745 2650 2797 Ἰουδαϊκὸν
2692 2745 2816 2796 λαὸν
2847 2745 2931 2797 διὰ
2956 2747 3050 2817 τὴν
3099 2749 3471 2817 ὑπερηφανίαν
3499 2747 3682 2801 αὐτοῦ’
3719 2749 3844 2816 ὑ·ᾲοῖ
3873 2748 3926 2800 δὲ

2353 2837 2444 2888 τὸν
2475 2834 2530 2898 ἐξ
2564 2833 2730 2886 ἐθνῶν
2762 2834 2848 2886 διὰ
2878 2836 2975 2904 τὴν
3008 2836 3501 2907 ταπεινοφροσύνην
3536 2835 3751 2907 eam-3.]

2427 2923 2520 2991 Μὴ
2558 2924 2828 2990 exculpere
2862 2927 2949 2990 είς
2982 2925 3136 2992 ὕψος
3172 2925 3436 2993 τὰκέρας
3458 2924 3640 2994 ὑμῶν.
3677 2927 3790 2977 Καὶ
3823 2925 3928 2995 γὰρ

2355 3014 2423 3068 τὰ
2453 3014 2766 3086 κερασφόρα
2792 3013 2904 3076 ζῶα
2944 3015 3146 3085 σερόδρα
3176 3014 3268 3065 ἐπὶ
3324 3018 3435 3078 τοῖς
3470 3016 3662 3087 κέρασι
3703 3017 3922 3085 γαυριᾷ.

2357 3105 2649 3173 Παρεγγυᾷ
2689 3104 2744 3155 δὲ
2783 3105 2962 3166 αὐτοῖς
2989 3107 3017 3156 ὁ
3051 3104 3206 3172 λόγος
3240 3106 3311 3175 μὴ
3333 3105 3515 3170 αῦξειν
3541 3108 3605 3175 τῇ
3635 3105 3926 3176 ἀλαζονείᾳ

2357 3194 2454 3264 τὴν
2495 3193 2741 3262 ἀνομίαν,
2769 3195 2899 3263 μηδὲ
2931 3194 3070 3248 κατά
3097 3195 3189 3247 τοῦ
3219 3195 3350 3248 Θεοῦ
3380 3196 3625 3263 γλῶτταν
3661 3200 3857 3251 κινεῖν.

2430 3396 2712 3449 Ὂτιοῦτε
2736 3397 2802 3460 ἐξ
2840 3397 3095 3459 ἐξόδων,
3153 3399 3290 3450 οὔτε
3340 3397 3457 3451 ἀπὸ
3483 3396 3753 3465 δυσμῶν,
3797 3399 3930 3451 οὔτε

2359 3487 2475 3540 ἀπὸ
2519 3487 2752 3556 ἐρήμων
2785 3487 2984 3554 ὁρέων.
3039 3487 3137 3540 Διά
3172 3488 3374 3541 τούτων
3405 3489 3494 3541 τὸν
3527 3489 3704 3541 πάντα
3731 3489 3930 3555 κόσμον

2359 3580 2457 3649 τῆς
2488 3580 2806 3649 οἰκουμένης
2832 3579 2997 3649 δηλοῖ·
3037 3579 3211 3646 ἔξοδον
3247 3580 3344 3650 μὲν
3369 3578 3465 3650 τὴν
3510 3577 3798 3648 ἀνατολὴν,
3840 3580 3929 3646 ἀφ’

2357 3668 2423 3742 ἦς
2466 3674 2493 3724 ὁ
2528 3671 2675 3740 ἥλιος
2725 3669 2908 3735 ἔξεισι,
2963 3666 3172 3741 δυσμὰς
3201 3671 3258 3723 δὲ
3283 3671 3380 3740 τὴν
3433 3671 3692 3739 ἑσπέραν·
3732 3670 3834 3740 ὅρη
3875 3671 3929 3722 δὲ

2359 3761 2538 3832 ἔρημα
2584 3763 2653 3815 τά
2688 3780 2746 3814 τε
2791 3763 3013 3834 ἀρκτῷα
3053 3763 3146 3814 καὶ
3178 3764 3246 3813 τὰ
3281 3763 3448 3814 νότια·
3503 3761 3675 3833 ταῦτα
3717 3763 3830 3833 γὰρ
3859 3763 3924 3815 δι’

2360 3855 2624 3926 ἀμετρίαν
2673 3853 2872 3924 κρύους
2900 3871 2954 3906 τε
2986 3854 3077 3906 καὶ
3107 3854 3383 3916 καύσωνος
3413 3853 3643 3922 ἀοίκητά
3672 3855 3812 3907 ἐστι.
3838 3854 3926 3923 Μὴ

2363 3948 2723 4016 παρανομεῖτε
2777 3945 2973 4006 τοίνυν,
3034 3946 3216 4014 φησὶν,
3251 3945 3332 3997 ὃτι
3388 3945 3560 4008 οὐδεὶς
3595 3948 3650 3998 ἐν
3678 3946 3828 4016 πάσῃ
3864 3949 3927 4015 τῇ

2358 4036 2649 4108 οἰκουμένῃ
2679 4036 2829 4089 λάθοι
2860 4036 2951 4089 τὸν
2988 4035 3118 4088 Θεὸν
3160 4035 3474 4106 βλάσφημόν
3524 4054 3576 4089 τι
3606 4036 3783 4105 λέγων
3809 4037 3926 4091 κατ’

2357 4128 2540 4182 αὑτοῦ.
2573 4129 2789 4183 Τοῦτον
2821 4128 3104 4192 ταπεινοῖ,
3135 4129 3231 4181 καί
3268 4128 3482 4181 τοῦτον
3511 4128 3675 4195 ὑψοῖ.
3697 4129 3926 4199 Κριτὴς,

2359 4221 2543 4290 φησὶν,
2578 4221 2836 4290 ὑπάρχων
2864 4219 3086 4287 ἀγαθὸς,
3125 4221 3371 4271 ταπεινοῖ
3398 4218 3495 4288 μὲν
3521 4220 3645 4281 τοὺς
3691 4219 3926 4283 ἀσεϐεῖς,

2357 4313 2482 4382 ὑψοῖ
2505 4313 2561 4365 δὲ
2608 4313 2732 4375 τοὺς
2774 4313 3058 4374 ταπεινοὺς
3084 4311 3180 4382 τὴν
3208 4311 3453 4383 καρδίαν.
3495 4311 3826 4382 Ἐκληπτέον
3872 4312 3926 4365 δὲ

2357 4402 2527 4456 ταῦτα
2556 4403 2649 4454 καὶ
2700 4404 2790 4455 ἐπὶ
2838 4404 2963 4464 τοὺς
3008 4401 3100 4454 δύο
3151 4401 3332 4464 λαοὺς,
3387 4401 3494 4454 τῶν
3564 4400 3835 4457 Ἰουδαίων
3869 4400 3926 4452 τέ

2359 4512 2498 4564 φημι
2531 4495 2622 4546 καὶ
2652 4494 2741 4546 τὸν
2771 4493 2829 4557 ἐξ
2860 4493 3045 4546 ἐθνῶν·
3093 4496 3120 4545 ὁ
3162 4492 3260 4562 μὲν
3283 4491 3390 4563 γὰρ
3428 4492 3818 4544 τεταπείνωται
3843 4491 3927 4543 διὰ

702 4592 915 4652 propter
947 4583 1324 4636 humilitatem.
1359 4582 1474 4652 Ipse
1501 4599 1735 4653 namque
1762 4586 2044 4640 constituit
2079 4603 2253 4658 reges,

2358 4585 2455 4661 τὴν
2487 4585 2821 4644 ἀλαζονείαν·
2854 4587 2882 4636 ὁ
2908 4584 2962 4635 δὲ
3000 4583 3223 4652 ὑψοῦται
3251 4584 3338 4637 διὰ
3375 4584 3471 4656 τὴν
3504 4581 3927 4653 ταπεινοφροσύ-

699 4686 750 4727 et
781 4675 1053 4741 deturbat,
1077 4677 1302 4730 suscitat
1326 4676 1391 4730 de
1421 4684 1560 4728 terra
1591 4676 1825 4744 inopem,
1847 4687 1900 4732 et
1926 4679 1991 4732 de
2023 4688 2262 4734 stercore

699 4768 853 4835 erigit
894 4783 1202 4838 pauperem.
1253 4766 1366 4821 lmo
1413 4769 1574 4821 etiam
1617 4779 1903 4837 postquam
1954 4769 2263 4827 humiliavit

697 4874 790 4913 eos
819 4863 907 4928 qui
947 4876 1009 4913 ex
1043 4859 1456 4914 circumcisione
1479 4870 1624 4922 sunt,
1656 4869 1840 4932 gentes
1874 4862 2150 4916 exultavit.

766 5039 816 5093 9.
853 5037 990 5101 Quia
1026 5038 1169 5091 calix
1215 5040 1269 5091 in
1313 5055 1471 5092 manu
1513 5038 1722 5091 Domini
1766 5040 1870 5091 vini
1915 5038 2042 5091 meri
2072 5039 2255 5105 plenus

699 5133 875 5186 misto.
913 5133 1084 5198 Calix,
1119 5133 1312 5202 inquit,
1341 5143 1422 5188 est
1454 5136 1505 5188 in
1545 5149 1706 5188 manu
1734 5133 1973 5195 Domini,
2008 5135 2059 5186 in
2096 5148 2253 5201 quem

697 5223 901 5278 fructus
925 5225 1160 5278 hominis
1188 5225 1299 5277 sive
1334 5225 1503 5278 bonos
1536 5224 1651 5278 sive
1677 5224 1848 5277 malos
1883 5225 2037 5294 quasi
2072 5221 2253 5291 expri-

696 5329 847 5368 mens
877 5324 929 5371 et
956 5314 1093 5368 bona
1125 5315 1280 5369 malis
1310 5315 1690 5378 commiscens,
1717 5316 1901 5383 ipsum
1931 5315 2147 5383 plenum
2178 5311 2256 5366 ei-

694 5406 824 5459 licit.
865 5403 1068 5459 Exinde
1102 5421 1226 5457 vero
1273 5421 1504 5475 quotum
1551 5406 1649 5460 hex
1700 5422 1807 5459 non
1849 5404 2162 5469 eﬂ'unditur,
2200 5402 2250 5456 id

689 5506 793 5559 est,
827 5495 858 5548 ii
898 5496 948 5548 in
993 5497 1192 5567 quibus
1221 5507 1437 5565 peccata
1490 5506 1787 5560 remanent,
1818 5496 1992 5563 ipsum
2038 5495 2249 5557 bibunt,

695 5589 743 5641 id
787 5596 888 5650 est,
933 5588 1164 5656 propriis
1215 5587 1629 5641 incbriabuntur
1671 5587 1859 5650 malis,
1892 5587 2031 5641 sicut
2064 5596 2252 5640 contra

694 5680 864 5734 sancti
898 5678 1081 5733 bibent
1108 5679 1327 5733 calicem
1369 5679 1490 5734 vita:
1538 5681 1590 5733 in
1635 5694 1800 5749 regno
1832 5679 2092 5734 ccelorum
2128 5695 2251 5735 cum

762 5854 849 5906 “’l
887 5856 1024 5911 Tim.
1058 5873 1132 5920 tu,
1165 5856 1242 5909 l5.
1325 5856 1368 5887 θ’
1400 5853 1572 5910 Galat.
1609 5870 1669 5920 tt,
1707 5857 1759 5909 9.

2362 4693 2478 4745 νην.
2519 4676 2864 4746 (Corderius.)
2907 4675 3076 4737 Αὐτὸς
3113 4675 3221 4746 γὰρ
3270 4675 3500 4744 meme
3529 4673 3788 4743 βασιλεῖς,
3839 4674 3926 4726 καὶ

2362 4768 2606 4838 μεθιστᾷ,
2644 4766 2844 4837 ἐγείρει
2877 4766 2985 4820 ἀπὸ
3018 4767 3118 4836 γῆς
3149 4767 3380 4836 πτωχὸν,
3417 4765 3509 4817 καὶ
3548 4765 3656 4817 ἀπὸ
3697 4765 3926 4835 κοπρίας

2358 4859 2605 4928 ἀνίστησι
2634 4857 2859 4927 πένητα.
2912 4857 3070 4910 Ἀλλά
3095 4857 3187 4910 καὶ
3220 4856 3557 4920 ταπεινώσας
3589 4856 3717 4919 τοὺς
3741 4858 3806 4910 ὲκ
3833 4872 3926 4909 πε·

2364 4951 2608 5030 ριτομῆς,
2649 4952 2771 5014 τοὺς
2811 4950 2919 5005 ἀπὸ
2956 4951 3062 5002 τῶν
3096 4950 3264 5002 ὲθνῶν
3293 4949 3524 5019 ὖιζνωσεν.

2433 5042 2549 5093 Ὅτι
2579 5040 2862 5107 ποτήριον
2889 5039 2958 5090 ἐν
2987 5039 3131 5107 χειρί
3182 5038 3400 5105 Kvplov
3455 5039 3621 5092 οῑνου
3665 5038 3926 5107 ἀκράτου

2359 5131 2586 5201 πλῆρες
2619 5130 3005 5200 κεράσματος.
3056 5130 3341 5201 Ποτήριον,
3374 5131 3557 5201 φησὶν,
3594 5130 3744 5182 ἐστὶν
3788 5133 3922 5200 ἑντῇ

2357 5221 2450 5274 τοῦ
2512 5220 2714 5290 Κυρίου
2749 5220 2922 5292 χειρὶ,
2981 5221 3060 5282 εἰς
3108 5219 3135 5270 ὅ
3189 5220 3418 5271 ἑκάστου
3468 5217 3755 5289 ἀνθρώπου
3803 5221 3924 5283 τοῦς

2360 5313 2600 5381 καρποὺς
2628 5312 2716 5363 καὶ
2755 5313 2876 5372 τοὺς
2908 5310 3145 5377 ἀγαθοὺς
3180 5309 3270 5364 uati
3302 5310 3426 5370 τοῦς
3460 5324 3732 5378 πονηρους
3762 5310 3924 5362 οἱονεὶ

2360 5402 2643 5464 ἐκπιέζων,
2688 5403 2778 5454 καὶ
2810 5402 2875 5453 τὰ
2924 5399 3101 5469 ἀγαθὰ
3158 5403 3267 5462 τοῖς
3302 5402 3553 5469 πονηροῖς
3595 5399 3922 5468 ἀνακιρνῶν,

2361 5496 2563 5565 πλῆοες
2590 5495 2718 5547 αὐτὸ
2751 5493 3019 5547 ἀποτελεῖ.
3053 5488 3182 5545 Εἶτα
3223 5485 3296 5544 ὧν
3316 5492 3417 5544 οὑκ
3456 5492 3696 5560 ἐκχεῖται
3731 5493 3760 5544 ὁ
3802 5509 3926 5562 τρυ-

2360 5588 2504 5654 γίας,
2530 5586 2801 5639 τουτέστιν
2832 5579 2905 5640 ὧν
2938 5584 3358 5654 ὲναπομένουσιν
3391 5584 3445 5634 αἱ
3467 5583 3756 5652 ἁμαρτίαι,
3782 5576 3920 5636 οῦτοι

2362 5678 2491 5730 αὑτὸ
2520 5677 2814 5730 ἐκπίονται·
2847 5675 3089 5732 τουτέστι
3144 5675 3252 5735 τοῖς
3306 5670 3454 5735 ίδίοις
3496 5669 3922 5742 μεθυσθήσονται
