4108 6494
183 461 279 519 541

1260 456 1629 512 EXPOSITIO
1670 457 1735 510 IN
1768 456 2102 513 PSALMUM
2145 458 2350 514 LXXV.

3317 456 3420 511 542

186 578 393 639 κακοῖς·
430 577 620 647 ὥσπερ
648 576 837 647 ἀμέλει
871 577 963 629 καὶ
996 576 1044 628 οἱ
1085 574 1226 643 ἅγιοι
1263 576 1476 629 πίονται
1502 575 1561 627 τὸ
1594 574 1758 643 ποτή-

1875 574 2095 629 Dontino
2146 575 2307 637 Jesu,
2355 576 2651 630 secundum
2706 576 2876 645 ipsius
2926 574 3138 629 Domini
3182 588 3369 628 vocem

192 683 299 735 ριον
321 667 425 736 τῆς
452 666 597 737 ζωῆς
619 670 674 720 ὲν
701 670 767 737 τῇ
796 666 1037 737 βασιλείᾳ
1073 666 1180 717 τῶν
1214 666 1454 736 οὐρανῶν
1487 664 1623 734 μετὰ
1654 664 1748 716 τοῦ

1859 663 2037 717 Donec
2069 665 2242 718 bibam
2272 665 2422 718 illum
2454 667 2714 718 vobiscum
2745 667 2799 717 in
2833 681 2984 734 regno
3013 663 3260 717 caelorum
3285 662 3349 713 ”.

191 758 393 827 Κυρίου
441 758 613 827 Ἰησοῦ
652 758 789 811 κατὰ
820 758 917 828 τὴν
958 758 1049 810 τοῦ
1091 758 1293 828 Κυρίου
1327 754 1492 809 αὑτοῦ
1540 756 1740 825 φωνήν-
1785 755 1941 820 Ἕως
1966 752 2036 812 οὗ
2060 757 2173 809 πίω
2210 758 2354 810 αὐτὸ
2398 757 2466 809 ἐν
2494 756 2566 825 τῇ
2594 758 2879 825 ,Βασιλείᾳ
2909 756 3026 809 τῶν
3084 756 3355 824 οὐρανῶν

186 849 309 917 μεθ’

272 945 419 1015 Ἐγὼ
453 944 521 998 δὲ
540 943 975 1014 ἀγαλλιὰσομαι
993 945 1079 1008 εἰς
1113 943 1217 995 τὸν
1244 939 1449 1000 αἰῶνα.
1477 937 1653 1008 ψαλῶ
1678 938 1758 1001 τῷ

196 1037 313 1103 Θεῷ
364 1035 586 1091 Ἰακώϐ.
656 1036 870 1106 Ἐπειδὴ
910 1034 976 1088 ἂν
998 1074 1013 1097 ,
1041 1036 1194 1102 φησὶ,
1223 1032 1317 1085 τοῦ
1368 1031 1625 1101 ποτηρίου
1661 1046 1757 1099 με-

196 1129 412 1183 ταλάὗω
468 1126 568 1196 τῆς
626 1124 809 1195 ζωῆς,
868 1124 1172 1195 εὐφροσύνη
1227 1142 1313 1195 μοι
1351 1124 1636 1193 γενήσεται
1700 1118 1760 1182 ἐξ

193 1220 381 1274 αὑτοῦ.

265 1304 374 1358 Καὶ
438 1300 632 1356 πάντα
696 1303 766 1354 τὰ
803 1299 1030 1368 κέρατα
1060 1298 1177 1351 τῶν
1222 1293 1581 1365 ἁμαρτωλῶν
1608 1308 1759 1346 συν-

195 1396 420 1449 θλάσω.
446 1396 529 1458 Εἰ,
550 1393 983 1461 ταπεινουμένων
1015 1391 1121 1443 τῶν
1146 1386 1484 1458 ἁμαρτωλῶν
1518 1388 1597 1446 εἰς
1629 1384 1761 1452 ὕψος

195 1486 409 1557 αἴρεται
439 1485 499 1538 τὸ
535 1485 721 1556 κέρας,
782 1482 1023 1552 δηλονότι
1070 1481 1164 1534 καὶ
1212 1479 1531 1548 ὑψουμένων
1570 1475 1759 1543 ἁγίων,

199 1577 643 1648 ωαντριὸήσονται
668 1575 776 1628 τῶν
801 1573 1137 1646 ἁμαρτωλῶν
1163 1572 1232 1626 τὰ
1261 1572 1486 1641 κέρατα.
1522 1569 1679 1629 Τίνες
1704 1566 1760 1619 δὲ

197 1670 261 1722 ἂν
284 1666 396 1721 εἷεν
424 1671 471 1720 oi
502 1667 812 1737 ἁμαρτωλοὶ
840 1667 873 1736 ἢ
902 1669 950 1719 οι
984 1664 1343 1734 ἀντικείμενοι
1370 1664 1481 1723 τοῖς
1510 1658 1603 1712 τοῦ
1624 1656 1758 1711 Θεοῦ

196 1759 504 1830 ἀνθρώποις
535 1758 758 1829 πονηροὶ
808 1758 1088 1827 δαίμονες;
1140 1755 1245 1807 Καὶ
1285 1750 1661 1820 ὑψωθήσεται
1693 1746 1758 1799 τὸ

196 1849 376 1918 κέρας
406 1849 511 1903 τοῦ
540 1848 790 1902 δικαίου.
816 1848 994 1918 Κέρας
1023 1846 1121 1915 μὲν
1143 1844 1238 1915 τὴν
1267 1841 1538 1914 βασιλείαν
1573 1838 1756 1909 φησὶν,

196 1944 312 2009 ἦτοι
340 1942 440 2011 τὴν
497 1940 830 1993 δυναστείαν.
888 1937 1102 2008 Ἐπειδὴ
1156 1936 1221 1990 ἂν
1258 1931 1373 1996 οῦν,
1440 1930 1604 2000 φησι,
1662 1928 1759 1999 τὴν

201 2032 350 2103 ἰσχὺν
405 2031 639 2085 λάϐωσιν
672 2033 719 2084 oi
771 2030 986 2092 δίκαιοι,
1032 2028 1387 2101 ἀνῃρημένων
1422 2023 1619 2094 δηλαδὴ
1652 2020 1759 2073 τῶν

1932 937 2023 991 10.
2076 934 2185 1006 Ego
2231 945 2404 989 autem
2450 936 2723 990 exsultabo
2764 938 2818 989 in
2866 936 3151 998 sa'culnm,
3200 936 3429 989 cantabo

1866 1027 1973 1081 Deo
2018 1026 2205 1079 Iacob.
2264 1028 2399 1081 Cum
2457 1028 2611 1081 caliei
2667 1028 2787 1081 vita).
2836 1027 3246 1097 participavero,
3300 1035 3427 1080 tunc

1866 1120 1998 1174 mihi
2024 1120 2206 1173 laetitia
2238 1119 2364 1175 hinc
2395 1122 2623 1175 eveniet.

1941 1295 2024 1347 ll.
2057 1293 2125 1346 Et
2167 1296 2344 1347 omnia
2380 1310 2576 1348 cornua
2621 1304 2949 1363 peccatorum
2990 1295 3336 1363 confringant.
3369 1296 3424 1349 Si

1868 1385 2167 1439 liumiliatis
2214 1385 2453 1449 sanctis,
2507 1394 2852 1455 peccatorum
2909 1400 3081 1438 cornu
3148 1385 3199 1438 in
3259 1386 3423 1439 altum

1866 1475 2166 1537 extollitur,
2203 1489 2335 1528 sane
2356 1476 2604 1531 exaltatis
2634 1476 2836 1530 sanctis
2869 1474 3277 1544 confringentur
3307 1490 3427 1530 cor—

1869 1580 1976 1619 nua
2023 1573 2388 1633 peccatorum.
2428 1561 2659 1630 Quinam
2717 1564 2913 1618 tulerint
2957 1575 3291 1633 peccatores,
3325 1564 3426 1619 nisi

1868 1655 2088 1725 maligni
2138 1654 2453 1717 daemones,
2508 1654 2816 1709 hominibus
2878 1654 2966 1708 Dei
3025 1654 3297 1723 oppositi?
3356 1654 3426 1709 Et

1865 1745 2188 1798 exaltabitur
2233 1760 2394 1797 cornu
2439 1745 2589 1809 iusti.
2634 1744 2817 1799 Cornu
2867 1746 2998 1800 dicit
3038 1761 3286 1815 regnum,
3319 1745 3432 1799 sive

1867 1836 2185 1905 potentiam.
2211 1834 2505 1904 Postquam
2544 1836 2724 1906 igitur,
2758 1835 2862 1899 ait,
2889 1836 3020 1905 justi
3060 1835 3428 1890 fortitudinem

1867 1927 2194 1995 acceperint,
2227 1926 2454 1980 sublatis
2488 1925 2736 1981 videlicet
2765 1926 3011 1995 malignis
3035 1925 3394 1996 potestatibus
3415 1963 3428 1984 .

1868 2027 1995 2072 tunc
2031 2016 2123 2071 Dei
2153 2018 2417 2071 mirabilia
2445 2017 2818 2072 ostendentur.
2848 2016 3024 2083 Quare
3059 2018 3212 2071 initio
3238 2017 3431 2087 psalmi

200 2126 452 2196 πονηρῶν
504 2126 802 2194 δυνάμειιιν,
834 2126 954 2177 τότε
985 2122 1049 2191 δὴ
1077 2122 1198 2175 τότε
1227 2121 1319 2175 καὶ
1351 2120 1444 2173 τοῦ
1490 2118 1622 2173 Θεοῦ
1661 2116 1766 2169 δει⁹

1875 2110 2034 2163 dixit:
2067 2106 2312 2160 Narrabo
2344 2107 2613 2160 mirabilia
2646 2119 2756 2170 tua,
2788 2124 2906 2161 cum
2938 2125 3179 2178 accrpero
3211 2118 3429 2176 tempus.

198 2220 489 2288 χθήσονται
534 2217 604 2269 τὰ
644 2216 938 2287 θαυμάσια,
980 2216 1069 2269 Διὸ
1119 2215 1209 2269 καὶ
1246 2215 1544 2287 ἀρχόμενος
1587 2211 1680 2266 τοῦ
1723 2202 1937 2279 ψαλμοῦ
1976 2202 2177 2270 ἔλεγεν·
2220 2198 2581 2270 Διηγήσομαι
2624 2200 2697 2254 τὰ
2732 2199 3034 2255 θαυμάσιὰ
3068 2217 3204 2264 σου,
3246 2201 3330 2254 ὅτ’
3357 2200 3435 2253 ἂν

198 2310 357 2363 ,λάϐω
392 2310 618 2376 καιρόν.

196 2422 296 2486 Εἰς
328 2420 395 2473 τὸ
427 2419 621 2485 τέλος,
660 2419 729 2472 ἐν
761 2419 998 2489 ὕμνοις,
1054 2422 1359 2476 ΨΑΛΜΟΣ
1408 2418 1488 2485 τῷ
1551 2418 1762 2485 Ἀσάφ,

512 2511 635 2579 ᾠδὴ
664 2513 811 2579 πρὸς
835 2513 940 2565 τὸν
971 2514 1310 2581 Ἀσσύριον.
1350 2517 1475 2567 OE'.

828 2627 842 2645 '
856 2628 1161 2694 Υπόθεσις.

202 2726 309 2779 Καὶ
334 2719 492 2788 οὗτος
526 2726 555 2779 δ
585 2725 793 2796 ψαλμὺς
818 2727 913 2797 τῆς
944 2728 1109 2799 αὐτῆς
1142 2728 1322 2799 ἔχεται
1357 2726 1665 2789 ὑποθέσεως
1692 2724 1770 2796 τῷ

268 2816 465 2869 ὀπίσω·
498 2817 591 2870 καὶ
614 2817 773 2880 αὐτὸς
819 2819 924 2888 γὰρ
951 2819 1020 2871 τὰ
1047 2820 1175 2890 περὶ
1200 2818 1290 2872 τοῦ
1318 2817 1461 2871 οείου
1515 2817 1769 2886 δικαστη-

273 2908 389 2978 ρίου
417 2906 704 2977 διηγεῖται.

269 2995 555 3060 Γνωστὸς
581 2996 650 3049 ἐν
670 2995 741 3063 τῇ
770 2997 1028 3065 Ἰουδαίᾳ
1052 3000 1084 3050 ὁ
1106 2997 1270 3064 Θεὸς,
1293 2998 1392 3051 καὶ
1419 2999 1487 3052 ἐν
1528 2998 1774 3067 Ἰσραὴλ

196 3086 347 3157 μέγα
366 3086 435 3140 to
479 3086 662 3156 ὄνομα
710 3089 913 3143 αὑτοῦ.
970 3091 1227 3146 Ἰουδαίαν
1272 3092 1502 3146 ἐνταῦθα
1529 3094 1621 3146 καὶ
1672 3093 1770 3145 Ἱσ-

206 3176 339 3246 ραὴλ
370 3176 469 3247 τὴν
520 3179 816 3246 ὲγνωκυῖαν
875 3180 964 3233 τὸν
1003 3182 1135 3235 Θεὸν
1180 3183 1355 3255 ψυχήν
1406 3202 1586 3254 φησιν’
1628 3184 1765 3254 αὕτη

204 3268 309 3335 γὰρ
342 3268 491 3320 ἐστιν
526 3270 559 3339 ἡ
597 3268 798 3340 ἀληθὴς
840 3271 1066 3325 Ἰουδαία
1097 3276 1190 3327 καὶ
1226 3278 1253 3328 ὀ
1288 3276 1491 3347 ἀληθὴς
1528 3275 1761 3347 Ἰσραήλ.

1867 2403 1917 2457 l.
1956 2400 2019 2457 In
2052 2402 2207 2470 linem
2229 2440 2244 2465 ,
2278 2401 2333 2453 in
2374 2400 2655 2467 laudibus,
2686 2401 3027 2457 PSALMUS
3071 2401 3268 2471 Asaplt,
3304 2418 3432 2454 can-

2229 2491 2389 2545 ticum
2421 2491 2489 2544 ad
2514 2492 2808 2560 Assyrium.
2842 2490 2992 2545 LXX
3012 2490 3066 2544 V.

2450 2600 2849 2670 Argumentum.

1872 2711 1969 2767 llic
1998 2728 2216 2783 quoque
2253 2713 2496 2783 psalmus
2536 2712 2586 2765 in
2619 2712 2807 2767 eodem
2839 2721 3084 2767 versatur
3117 2721 3435 2778 argumento

1940 2818 2049 2872 quo
2088 2802 2361 2871 superior;
2406 2816 2528 2854 nam
2577 2817 2697 2871 qua:
2743 2803 2982 2856 divinum
3039 2803 3273 2858 tribunal
3315 2818 3436 2872 spe-

1940 2904 2087 2950 ctant
2115 2903 2349 2949 enarrat.

1938 2991 1993 3044 2.
2032 2989 2202 3043 Notus
2245 2991 2296 3042 in
2342 2988 2535 3043 Judtva
2570 2987 2730 3052 Deus,
2763 2988 2815 3040 in
2862 2985 3031 3041 Israel
3063 3002 3309 3057 magnum
3340 3003 3433 3041 uo-

1874 3098 1987 3134 men
2016 3081 2148 3149 ejus.
2174 3079 2413 3135 Judmam
2460 3081 2548 3135 hic
2587 3090 2640 3134 et
2668 3078 2827 3136 Israel
2866 3089 3015 3132 vocat
3047 3079 3283 3132 animam
3315 3094 3436 3147 qua:

1874 3172 2040 3225 Deum
2084 3171 2231 3225 novit
2266 3189 2279 3225 :
2310 3172 2425 3241 ipsa
2460 3186 2691 3240 namque
2724 3180 2805 3224 est
2838 3185 2959 3224 vera
2985 3167 3168 3224 Judata
3193 3179 3245 3224 ct
3274 3184 3433 3224 verus

1873 3263 2055 3317 Israel.

284 3358 573 3427 ἐγενήθη
622 3359 922 3429 ἐνεΙρήνῃ
965 3364 996 3414 ὀ
1058 3368 1239 3430 τόπος
1282 3365 1491 3419 αὑτοῦ.
1551 3367 1613 3418 El
1664 3367 1767 3436 γὰρ

1944 3356 1997 3411 5.
2032 3353 2231 3409 Factus
2269 3363 2343 3408 est
2387 3353 2441 3407 in
2468 3367 2590 3421 pace
2639 3352 2779 3407 locus
2807 3350 2940 3420 ejus.
2969 3349 3025 3404 Si
3071 3350 3214 3404 enim
3244 3349 3310 3403 de
3341 3365 3432 3404 su-

205 3448 332 3519 περὶ
378 3447 482 3517 τῆς
528 3448 639 3502 ἄνω
697 3451 952 3517 ἰουδαίας
1002 3454 1330 3526 γέγραπται,
1380 3456 1507 3511 ἑνθα
1562 3457 1775 3527 ἀπέδρα

205 3539 385 3609 ὀδύνη,
415 3540 558 3610 λύπη
598 3540 689 3593 καὶ
724 3545 1046 3615 στεναγμὸς,
1102 3547 1343 3617 δηλονότι
1377 3550 1597 3621 εἰρήνης
1627 3550 1775 3605 ἔσται

204 3632 387 3695 τόπος.
424 3630 534 3685 Kal
580 3631 645 3685 τὸ
676 3635 1131 3705 κατοικητήριον
1163 3639 1349 3692 αὐτοῦ
1376 3641 1445 3692 ἐν
1487 3641 1658 3694 Σιών.
1696 3642 1773 3713 Τῇ

206 3724 369 3791 νοητῇ
403 3738 588 3792 φησιν,
616 3724 733 3794 ἦτοι
760 3728 826 3796 τῇ
847 3726 977 3791 ἄνω,
1014 3729 1045 3798 ἢ
1079 3732 1144 3799 τῇ
1179 3729 1287 3782 τῶν
1325 3731 1495 3799 ἁγίων
1529 3732 1696 3804 ψυχῇ.

275 3813 599 3884 [Ἐγενήθη
615 3816 685 3868 ὲν
706 3814 913 3884 εἰρήνῃ
932 3821 964 3871 ό
983 3820 1164 3885 τόπος
1180 3821 1467 3892 αὺτοῦ.Τῇ
1485 3823 1592 3875 τῶν
1611 3824 1776 3891 ἁγίων

203 3901 372 3973 ψυχῇ.
399 3902 474 3955 Τὸ
501 3904 791 3975 Ἐϐραῖκὸν
812 3907 1021 3978 Σαλὴμ
1045 3908 1179 3979 ἔχει,
1205 3911 1297 3963 καὶ
1326 3912 1375 3965 οι
1407 3911 1579 3965 λοιποὶ
1607 3914 1777 3978 οὕτως

205 3998 577 4068 ἡρμήνευσαψ
592 3998 620 4050 ὅ
647 4001 791 4051 ἐστιν
813 3999 1040 4068 εἰρήνη.
1069 4003 1155 4055 Ἐν
1176 4003 1344 4075 ταύτῃ
1360 4000 1453 4057 οὖν
1474 4006 1505 4075 ἢ
1530 4007 1593 4076 τῇ
1609 4006 1775 4081 ψυχῇ,

210 4088 239 4158 ἢ
281 4092 347 4159 τῇ
395 4089 688 4161 Ἐκκλησία
708 4091 773 4144 τὰ
802 4094 1169 4164 πεπυρωμένα
1210 4095 1356 4165 βέλη,
1392 4096 1427 4150 ἂ
1472 4100 1501 4151 ὁ
1547 4099 1779 4170 πονηρὸς

208 4180 437 4250 πέμπει,
465 4182 854 4253 συντρίϐονται,
885 4184 1003 4256 ἢτῇ
1022 4186 1131 4239 ἄνω
1166 4187 1567 4262 Ἰερουσαλήμ]

289 4329 449 4384 Ἐκεῖ
471 4330 794 4402 συνέτριψε
820 4333 890 4387 τὰ
922 4334 1104 4403 κράτη
1128 4335 1244 4389 τῶν
1273 4337 1482 4401 τόξων.
1518 4340 1589 4411 Ση
1599 4341 1777 4409 μαίνει

207 4421 291 4475 διὰ
320 4421 531 4476 ⁴ιιούιιιοιιν
578 4424 677 4487 τὰς
713 4426 1093 4492 ἀντικειμένας
1140 4427 1415 4498 δυνάμεις·
1461 4431 1515 4483 αἲ
1559 4432 1776 4503 συντρί-

209 4515 412 4577 ϐονται,
462 4515 649 4588 ἐπειδὴ
680 4517 745 4571 ἂν
784 4519 832 4571 οἱ
875 4518 1017 4587 ἅγιοι
1048 4518 1147 4583 τὰς
1184 4522 1300 4575 ἐκεῖ
1341 4522 1547 4595 λάχωσι
1594 4542 1776 4578 κατοι-

211 4610 325 4659 κεῖν
358 4608 550 4678 μονάς.

1875 3465 2038 3520 perna
2071 3448 2256 3504 Iudaea
2291 3448 2494 3502 dictum
2534 3455 2616 3502 est
2649 3465 2662 3500 :
2692 3446 2817 3500 hinc
2840 3444 3022 3514 eﬂ‘ugil
3056 3444 3229 3506 dolor,
3262 3441 3432 3496 tristi—

1877 3544 1949 3596 tia
1978 3550 2029 3598 et
2063 3540 2328 3613 gemitus;
2357 3554 2488 3595 sane
2532 3538 2680 3607 pacis
2727 3538 2878 3591 locus
2916 3537 3039 3590 erit.
3075 3534 3139 3587 Et
3172 3533 3428 3586 habitatio

1873 3637 1984 3706 ejus
2018 3638 2071 3689 in
2100 3635 2246 3690 Sion.
2287 3633 2343 3687 In
2394 3632 2660 3704 spirituali
2704 3632 2981 3697 videlicet,
3032 3631 3145 3687 sive
3175 3645 3426 3699 superna,

1875 3735 1968 3780 aut
2005 3727 2056 3779 in
2088 3734 2398 3779 sanctorum
2430 3724 2629 3777 anima.

1948 3817 2170 3889 [Factus
2202 3827 2277 3871 est
2319 3817 2374 3870 in
2418 3833 2538 3886 pace
2571 3816 2714 3870 locus
2752 3817 2885 3883 ejus.
2914 3814 2971 3869 In
3009 3816 3184 3870 anima
3219 3824 3431 3869 sancto-

1877 3925 2013 3964 rum.
2058 3908 2353 3964 Hebraicus
2388 3918 2565 3964 textus
2601 3908 2760 3962 habet.
2804 3906 3002 3971 Salem,
3030 3921 3095 3961 ac
3130 3906 3319 3975 reliqui
3354 3906 3433 3959 sic

1877 3999 2213 4069 interpretati
2252 4008 2380 4054 sunt
2411 4015 2424 4051 :
2460 3998 2605 4068 quod
2640 4005 2724 4052 est
2748 4013 2873 4067 pax.
2902 3995 2958 4050 In
2988 3997 3089 4051 ista
3122 3996 3285 4066 igitur
3309 3996 3433 4049 aniv

1877 4106 1985 4155 ma,
2018 4100 2112 4145 aut
2143 4090 2196 4144 in
2245 4088 2501 4152 Ecclesia,
2543 4087 2645 4143 tela
2682 4088 2858 4158 ignea,
2891 4103 3012 4159 quae
3043 4088 3313 4158 malignus
3344 4087 3431 4141 ille

1876 4180 2102 4245 emittit,
2159 4189 2543 4245 conteruntur;
2594 4178 2677 4233 vel
2723 4178 3036 4248 intelligitur
3091 4179 3146 4231 in
3196 4192 3430 4246 superna

1876 4269 2220 4340 Jerusalem]

1946 4362 1998 4416 4.
2036 4360 2119 4414 Ibi
2167 4360 2421 4431 confregit
2462 4360 2720 4430 potentias
2764 4375 3005 4414 arcuum.
3047 4357 3140 4414 llis
3166 4358 3434 4428 siguiticat

1878 4452 2211 4509 adversarios
2231 4462 2546 4522 potestates,
2572 4468 2694 4523 quae
2713 4453 3127 4523 conlringuntur
3151 4463 3432 4523 postquam

1879 4545 2051 4600 sancti
2102 4544 2155 4600 id
2199 4546 2473 4602 consecuti
2528 4553 2675 4613 sunt,
2727 4554 2786 4599 ut
2828 4545 2881 4599 in
2926 4545 3032 4601 illis
3062 4545 3435 4601 mansionibus

1882 4636 2142 4689 habitent.

278 4698 550 4765 Φωτίζεις
594 4700 675 4754 σὺ
718 4702 1070 4771 θαυμαστῶς
1120 4704 1236 4758 ἀπὸ
1286 4704 1469 4774 ὀρέων
1504 4707 1767 4761 αἰωνίων.

1951 4727 2003 4781 5.
2052 4725 2336 4781 llluminas
2386 4734 2440 4781 tu
2480 4726 2791 4781 mirabiliter
2825 4746 2858 4781 a
2907 4729 3169 4783 montibus
3202 4729 3434 4783 a'ternis.

214 4791 353 4861 Ὅρη
402 4790 599 4844 αἰώνια
629 4792 751 4855 τοὺς
797 4793 1056 4863 οὐρανούς
1098 4812 1251 4865 φησι.
1279 4795 1499 4859 Φωτίζει
1543 4797 1599 4850 δὲ
1632 4799 1776 4869 ἡμᾶς

211 4880 416 4935 ἄνωθεν
444 4884 473 4935 ὁ
502 4881 653 4946 Θεὸς,
670 4883 729 4936 τὸ
753 4884 974 4955 Πνεῦμα
1001 4888 1128 4956 ἡμῖν
1149 4886 1356 4941 καταπέ
1367 4888 1510 4958 μψας
1536 4888 1594 4954 ἐξ
1625 4891 1779 4961 οὐρα-

211 4972 335 5028 νῶν.
375 4975 685 5044 Φωτισμός
716 4976 798 5030 σὺ
833 4978 1235 5048 ὑπερμεγέθης
1270 4980 1388 5035 ἀπὸ
1423 4982 1606 5049 ὀρέων
1629 4980 1777 5034 ἀλώ-

213 5080 381 5131 σεως.
410 5066 678 5132 Φωτίζεις
710 5068 791 5121 σὺ
827 5068 1179 5139 θαυμαστῶς
1218 5072 1334 5124 ἀπὸ
1369 5070 1551 5139 ὀρέων
1571 5072 1775 5141 θήρας.

214 5158 462 5226 Φοϐερὸς
489 5154 550 5213 εἷ
576 5161 927 5230 θαυμαστῶς
954 5163 1071 5217 ἀπὸ
1115 5164 1299 5232 ὀρέων
1330 5166 1657 5234 καρπίμων.

281 5246 573 5319 Ιφωτίζὲις
620 5250 701 5304 σὺ
743 5251 1093 5322 θαυμαστῶς
1136 5253 1254 5307 ἀπὸ
1285 5252 1467 5321 ὀρέων
1508 5258 1775 5311 αἰωνίων.

222 5337 458 5395 Ἐκεῖθεν
487 5343 832 5413 καταπέμπει
848 5344 909 5397 τὸ
925 5342 1145 5414 Ιῐνεῦμα
1171 5344 1231 5398 τὸ
1273 5346 1424 5413 ἅγιον
1478 5348 1584 5400 ἀπὸ
1615 5350 1779 5419 ὁρέων

214 5434 462 5487 αἰωνίων·
482 5435 581 5505 τὴν
594 5433 732 5488 Σιὼν
746 5434 913 5505 λέγει,
932 5437 1022 5505 ἀφ’
1037 5434 1105 5508 ἦς
1135 5436 1301 5507 ᾤοντο
1326 5439 1418 5490 τὸν
1442 5439 1574 5492 Θεὸν
1601 5439 1778 5511 ὁρμώ-

220 5539 373 5591 μενον
418 5524 595 5577 ταῦτα
626 5527 821 5578 ποιεῖν·
843 5521 903 5581 οὗ
926 5528 1018 5582 καὶ
1044 5528 1167 5594 ναὸς
1198 5528 1345 5599 αὑτῷ
1369 5529 1722 5601 ᾠκοδόμηται

248 5806 292 5838 ⁸⁸
314 5806 522 5865 Matth.
561 5824 709 5872 τινι,
737 5809 828 5866 29.

1883 4819 2087 4876 Montes
2138 4828 2366 4875 aeternos
2408 4820 2537 4876 dicit
2578 4822 2766 4878 caelos.
2803 4820 3075 4875 llluminat
3118 4828 3296 4874 autem
3341 4834 3439 4872 nos

1886 4911 2168 4974 Dominus,
2193 4912 2412 4979 quando
2442 4910 2607 4965 mittit
2633 4910 2890 4981 Spiritum
2927 4909 2993 4963 dc
3022 4909 3194 4964 caelis.
3226 4907 3439 4961 lllumi-

1884 5006 2025 5056 natio
2062 5012 2117 5054 tu
2143 5018 2194 5055 es
2226 5018 2473 5073 perquam
2502 5003 2756 5067 maxima,
2785 5020 2815 5054 a
2838 5002 3098 5055 montibus
3129 5001 3437 5055 venationis.

1887 5093 2167 5146 llluminas
2202 5103 2255 5146 tu
2290 5092 2603 5147 mirabiliter
2629 5112 2660 5146 a
2691 5094 2949 5147 ntoutibus
2980 5094 3285 5147 venationis.
3316 5094 3438 5148 Ter-

1888 5182 2056 5237 ribilis
2081 5200 2133 5236 es
2159 5182 2472 5237 mirabiliter
2497 5200 2527 5236 a
2557 5185 2814 5237 montibus
2843 5184 3149 5252 fructuosis.

1957 5272 2262 5343 [llluminas
2317 5283 2385 5327 tu.
2425 5275 2737 5330 mirabiliter
2786 5293 2818 5328 a
2883 5275 3143 5329 montibus
3208 5277 3438 5331 teternis.

1886 5363 2012 5418 Inde
2038 5366 2235 5419 emittit
2272 5362 2531 5434 Spiritum
2560 5377 2827 5428 sanctum,
2860 5367 3067 5421 scilicet
3090 5383 3119 5420 a
3163 5366 3441 5421 montibus

1885 5455 2101 5511 aeternis
2133 5475 2145 5510 :
2178 5455 2309 5510 Sion
2352 5456 2502 5523 dicit,
2530 5472 2591 5511 ex
2628 5473 2733 5526 qua
2768 5458 3031 5527 putabant
3060 5457 3225 5512 Deum
3257 5456 3435 5527 proie—

1884 5553 2029 5599 ctum
2075 5546 2199 5599 talia
2247 5554 2495 5614 patrare:
2534 5546 2623 5601 ubi
2669 5547 2829 5603 etiam
2882 5548 3134 5617 templum
3179 5547 3278 5617 ipsi
3308 5561 3440 5601 cou-

1883 5645 2145 5694 structum
2172 5636 2366 5696 fuerat.
