4108 6486
720 441 824 498 διδ

791 561 843 614 6.
880 557 1102 614 Turbati
1124 567 1247 613 sunt
1277 574 1450 613 omnes
1492 559 1792 630 insipientes
1819 561 1992 614 corde.
2027 559 2128 626 Qui
2161 575 2267 614 non
2298 565 2344 621 Α

718 661 1037 724 receperunt
1063 651 1507 707 illuminationem
1533 669 1653 723 quae
1681 668 1776 724 per
1801 652 2061 724 Spiritum
2091 655 2268 716 datur,

718 745 771 798 in
821 743 1221 815 perturbatione
1271 753 1325 799 et
1369 745 1662 815 agitatione
1719 746 2097 811 versabuntur,
2146 761 2270 799 cum

717 835 963 889 divinum
1013 834 1244 890 tribunal
1304 836 1600 905 apparebit.
1647 835 1984 890 Dormierunt
2030 852 2269 891 somnum

714 945 892 992 suum,
927 935 976 981 et
1025 925 1157 979 nihil
1197 925 1517 980 invenerunt.
1555 925 1898 997 Negligentia:
1942 937 1997 981 et
2027 926 2267 996 segnitiei

713 1016 879 1071 dediti
925 1017 979 1072 in
1020 1018 1150 1075 vita.
1183 1026 1423 1088 tempore
1459 1019 1622 1072 divini
1659 1019 1845 1088 judicii
1876 1020 2007 1073 nihil
2053 1019 2268 1073 invene-

716 1114 844 1160 runt
878 1106 1129 1161 manibus
1175 1107 1290 1161 suis
1321 1108 1631 1172 retinentes,
1668 1108 1759 1177 qui
1794 1108 1920 1161 olim
1966 1124 2020 1162 in
2053 1109 2266 1162 mortali

715 1197 822 1249 vita
854 1196 1048 1252 divites
1080 1205 1234 1251 erant
1269 1217 1284 1252 :
1317 1198 1586 1266 quomodo
1619 1199 1761 1251 enim
1787 1198 2023 1251 invenire
2050 1206 2268 1267 possent

713 1301 833 1354 quae
867 1301 973 1340 non
1020 1287 1225 1356 operati
1273 1287 1435 1340 sunt?
1490 1285 1675 1341 Omnes
1720 1289 1819 1341 viri
1865 1288 2167 1341 divitiarum
2213 1287 2265 1340 in

714 1376 954 1429 manibus
990 1378 1118 1430 suis.
1167 1368 1525 1446 Symmachus
1563 1378 1642 1431 sic
1691 1378 1847 1432 habet
1885 1396 1898 1432 :
1935 1377 2122 1432 Omnes
2168 1378 2266 1430 uiri

713 1467 870 1535 fortes
902 1468 1140 1520 manibus
1170 1469 1299 1521 suis.
1322 1467 1488 1531 Nihil,
1526 1471 1721 1538 inquit,
1767 1470 1967 1536 profuit
2011 1470 2115 1524 illis
2167 1468 2268 1523 for-

712 1558 884 1612 titudo
917 1572 1200 1621 manuum.
1246 1560 1444 1629 quibus
1487 1576 1545 1614 se
1581 1575 1824 1614 omnium
1867 1561 2082 1616 divitias
2124 1561 2267 1615 dire-

711 1655 897 1716 pturos
925 1645 1234 1718 sperabant.
1264 1650 1330 1704 Et
1351 1650 1551 1704 docens
1578 1667 1700 1720 qua:
1740 1667 1904 1707 causa
1935 1649 2097 1705 fuerit
2121 1650 2265 1721 quod

711 1741 844 1794 nihil
873 1740 1008 1796 lucri
1038 1741 1342 1808 habuerint,
1368 1743 1672 1813 subjungit:

781 1920 831 1973 7.
863 1920 939 1974 Ab
974 1921 1323 1990 increpatione
1374 1931 1494 1985 tua,
1542 1921 1682 1975 Deus
1727 1919 1915 1984 Iacob,
1955 1920 2266 1974 dormitaue-
2296 1917 2338 1971 Β

711 2022 827 2064 runt
856 2012 945 2081 qui
984 2013 1324 2066 ascenderunt
1354 2029 1528 2082 equos.
1572 2011 1726 2074 Lato,
1771 2013 1965 2082 inquit,
2001 2013 2262 2068 adversas

707 2119 800 2156 eos
844 2103 992 2172 justo
1019 2104 1253 2172 judicio,
1301 2105 1456 2173 quasi
1491 2119 1685 2158 summo
1727 2114 1780 2159 et
1822 2116 2042 2160 veterno
2078 2104 2260 2158 traditi

706 2201 852 2257 sunt,
880 2195 930 2249 id
957 2204 1041 2248 est
1061 2196 1296 2250 excitare
1329 2211 1387 2250 se
1411 2212 1516 2251 non
1553 2205 1862 2265 potuerunt.
1898 2196 2127 2262 Quinam
2163 2213 2261 2252 au-

706 2294 810 2336 tern
847 2283 920 2337 illi
963 2295 1108 2349 sunt,
1158 2286 1260 2338 nisi
1302 2287 1394 2354 qui
1439 2286 1796 2340 ascenderunt
1841 2286 2050 2356 equos?
2080 2287 2261 2356 Equos

703 2383 883 2426 autem
911 2372 1091 2427 divina
1128 2373 1404 2444 Scriptura
1429 2391 1526 2446 pro
1562 2392 1711 2431 more
1749 2391 1907 2433 vocat
1931 2395 2026 2434 eos
2055 2381 2149 2450 qui
2180 2381 2259 2435 ef-

706 2465 912 2520 frenate
950 2469 1016 2519 ad
1052 2467 1352 2536 voluptates
1383 2469 1690 2535 declinant;
1739 2471 1887 2539 iuxta
1929 2473 2091 2525 illud:
2125 2472 2260 2541 Equi

704 2556 989 2622 effeminati
1039 2558 1167 2625 [acti
1209 2568 1351 2614 sunt.
1388 2558 1753 2629 Unusquisque
1784 2561 1852 2613 ad
1888 2577 2101 2614 uxorem
2137 2578 2260 2630 pro-

701 2645 834 2697 ximi
867 2646 949 2697 sui
979 2644 1243 2698 hinniebat
1279 2645 1343 2697 “.
1764 2643 1771 2652 ’

772 2736 823 2788 8.
865 2734 940 2788 Tu
989 2736 1238 2789 terribilis
1268 2753 1341 2802 es,
1371 2747 1420 2790 et
1450 2739 1567 2806 quis
1599 2739 1801 2793 resistet
1843 2740 1976 2793 tibi?
2002 2739 2055 2794 Si
2090 2741 2256 2803 enim,

702 2826 894 2894 inquit,
942 2827 1196 2882 clauserit.
1227 2837 1413 2882 contra
1446 2829 1751 2895 hominem,
1786 2832 1908 2901 quis
1952 2832 2260 2901 aperiet”?

693 2917 786 2986 jux
799 2929 848 2971 ta
883 2917 1033 2973 Isaia:
1057 2934 1263 2974 vocem.

767 3012 821 3064 9.
859 3009 932 3065 De
963 3011 1090 3064 caelo
1133 3013 1370 3064 auditum
1415 3012 1586 3079 fecisti
1609 3013 1893 3080 judicium.
1925 3013 2136 3082 Nullus,
2171 3015 2255 3071 in-

701 3102 832 3170 quit,
881 3103 985 3156 erit
1035 3102 1114 3156 eis
1161 3101 1492 3157 defensionis
1537 3103 1688 3159 locus
1728 3122 1848 3160 cum
1900 3108 2192 3176 punientur
2238 3127 2252 3163 :

701 3192 1077 3258 praenuntiavit
1123 3195 1264 3246 enim
1300 3194 1405 3249 illis
1444 3210 1564 3264 quae
1595 3196 1836 3250 divinum
1866 3198 2096 3254 tribunal
2131 3214 2255 3268 spe-

1540 438 1598 494 S.
1638 437 2015 494 ATHANASII
2048 437 2198 494 OPP.
2242 436 2425 491 PARS
2457 435 2544 492 Ill.
2581 467 2650 476 —
2689 433 3083 492 EXEGETICA

3841 433 3941 488 δα

2453 559 2905 627 Ἐταρὰχθησαν
2947 557 3167 622 πάντες
3211 559 3265 610 οἱ
3287 558 3569 612 ἀσύνετοι
3599 555 3674 622 τῇ
3700 553 3938 622 καρδίᾳ.

2370 652 2432 704 Οἱ
2470 651 2544 722 μὴ
2577 651 2856 721 δεξάμενοι
2888 651 2981 704 τὸν
3010 649 3285 720 φωτισμὸν
3316 650 3406 703 τὸν
3436 650 3524 703 διὰ
3553 649 3649 702 τοῦ
3685 647 3941 716 Πνεύμα-

2369 758 2482 804 τος,
2511 744 2566 794 ἐν
2589 742 2813 812 ταράχῳ
2847 742 2940 794 καὶ
2971 741 3116 811 σάλῳ
3147 741 3485 811 γενήσονται.
3525 738 3618 792 τοῦ
3644 738 3793 791 θείου
3823 739 3941 791 ἐπι-

2369 833 2625 900 φανέντος
2655 833 3026 903 δικαστηρίου.
3079 833 3412 884 ’Υπνωσαν
3457 831 3657 884 ὕπνον
3717 826 3937 889 αὐτῶν,

2368 923 2466 977 καὶ
2495 925 2607 991 οὐχ
2636 920 2813 991 εὗρον
2835 922 3034 977 οὐδέν.
3073 921 3348 993 ’Δμελείᾳ,
3385 923 3539 992 φησὶ,
3575 922 3670 974 καὶ
3698 919 3940 991 ῥᾳθυμίᾳ⁸

2368 1014 2805 1084 παραδεδωκότες
2855 1015 2946 1068 τὸν
2985 1015 3099 1084 βίον
3131 1013 3270 1067 κατά
3299 1014 3391 1067 τὸν
3423 1013 3610 1085 καιρὸν
3654 1013 3758 1083 τῆς
3791 1012 3940 1074 Θείας

2369 1107 2622 1176 κρίσεως,
2647 1106 2723 1170 ὼς
2740 1106 2890 1159 οὐδὲν
2920 1102 3076 1176 εὗρον
3104 1107 3329 1168 ἑαυτοὺς
3355 1107 3434 1168 εἰς
3461 1105 3560 1167 τὰς
3588 1107 3780 1175 χεῖρας
3804 1121 3935 1157 κατ-

2367 1195 2603 1264 έχοντας,
2663 1197 2713 1248 οί
2756 1196 2920 1248 πάλαι
2952 1199 3010 1248 ἐν
3041 1196 3119 1266 τῷ
3161 1195 3338 1265 θνητῷ
3365 1195 3464 1266 βίῳ
3497 1195 3763 1248 πλούσιοι.
3813 1195 3937 1258 Πῶς

2365 1286 2471 1358 γὰρ
2499 1288 2592 1341 καὶ
2625 1285 2767 1358 εἶχον
2795 1290 2975 1360 εὑρεῖν
3002 1289 3038 1341 ἃ.
3079 1289 3179 1341 οὐκ
3224 1291 3575 1360 εἰργάσαντος
3627 1286 3858 1352 Πάντες
3883 1290 3934 1340 οἱ

2365 1377 2578 1445 ἄνδρες
2606 1381 2710 1431 τοῦ
2737 1380 3005 1433 πλούτου
3026 1381 3239 1449 χερσὶν
3265 1379 3483 1433 αὐτῶν.
3529 1380 3586 1433 '0
3618 1379 3676 1433 δὲ
3709 1379 3934 1449 Σύμμα-

2365 1479 2460 1532 χος
2486 1461 2676 1526 οὕτως·
2715 1465 2942 1531 Πάντες
2975 1469 3030 1519 οἱ
3058 1465 3272 1534 ἄνδρες
3321 1470 3375 1520 οἱ
3414 1468 3650 1536 ίσχιφοὶ
3677 1469 3785 1533 τὰς
3817 1467 3932 1536 χεῖ-

2358 1570 2471 1621 ρας
2489 1554 2708 1610 αὐτῶν.
2728 1556 2892 1610 Οὐδὲν
2915 1558 3132 1621 αὐτοὺς,
3166 1560 3351 1628 φησὶν,
3383 1558 3561 1631 ὢνησε
3593 1559 3703 1612 τῶν
3735 1559 3932 1630 χειρῶν

2364 1646 2396 1714 ἡ
2423 1642 2600 1715 ῥώμη,
2629 1646 2694 1699 δι’
2717 1641 2785 1717 ἦς
2805 1646 2914 1700 τῶν
2941 1648 3192 1703 ἁπάντων
3221 1649 3492 1722 ἁρπάσειν
3523 1650 3931 1721 προσεδόκησαν

2367 1734 2612 1792 πλοῦτον.
2668 1739 2776 1790 Καὶ
2841 1739 3103 1794 διδάσκων
3155 1741 3209 1794 τί
3241 1742 3442 1813 δήποτε
3492 1741 3642 1795 οὐδὲν
3682 1741 3931 1796 ἐντεῦθεν

2365 1824 2668 1889 ἀπώναντο,
2704 1829 3000 1898 ἐπήγαγεν·

2447 1917 2588 1971 Ἀπὸ
2621 1918 3014 1988 ἐπιτιμήσεώς
3041 1936 3179 1985 σου,
3209 1925 3242 1975 ὁ
3265 1922 3406 1988 Θεὸς
3440 1923 3661 1987 Ἰακὼϐ,
3679 1924 3934 1978 ἐνύστα-

2362 2007 2478 2071 ξαν
2516 2012 2569 2062 οι
2605 2011 3018 2079 ἐπιϐεϐηκότες
3051 2013 3176 2081 τοῖς
3204 2015 3429 2079 ἵπποις.
3501 2015 3930 2088 Ἐξενεχθείσης,

2361 2100 2511 2168 φησὶ,
2561 2101 2660 2171 τῆς
2685 2105 2802 2155 κατ’
2835 2104 3011 2156 αὐτῶν
3066 2095 3280 2169 δικαίας
3307 2105 3506 2175 ψήφου,
3568 2108 3734 2160 οἱονεὶ
3783 2107 3931 2178 ὕπνῳ

2361 2192 2453 2244 καὶ
2506 2194 2661 2263 κάρῳ
2717 2196 3124 2265 παραδέδονται·
3179 2199 3455 2250 τουτέστιν
3511 2199 3792 2254 ἀνανεύειν
3834 2201 3932 2253 οὐκ

2365 2281 2606 2351 ἴσχυσαν.
2629 2284 2782 2348 Τίνες
2799 2286 2853 2338 δὲ
2870 2280 3014 2340 οὗτοι
3035 2288 3066 2360 ἢ
3095 2288 3143 2340 οί
3161 2287 3545 2359 ἐπιϐεϐηκότες
3567 2292 3680 2352 τοῖς
3708 2290 3894 2353 ἵπποις
3913 2307 3927 2353 ;

2362 2372 2594 2436 Ἵππους
2646 2374 2702 2426 δὲ
2729 2377 2761 2443 ἡ
2794 2374 2914 2428 θεία
2947 2375 2986 2427 Γ
2990 2376 3135 2446 ραφὴ
3155 2375 3214 2440 ἐξ
3246 2376 3398 2439 ἔθους
3423 2377 3576 2429 καλεί
3604 2376 3732 2439 τοὺς
3764 2377 3925 2446 ἀσχέ-

2358 2477 2464 2522 τως
2494 2463 2874 2526 ὲκκεκλικὸτας
2905 2465 3036 2534 πρὸς
3064 2464 3276 2534 ἡδονάς·
3313 2464 3454 2518 κατὰ
3486 2465 3564 2530 τὸ,
3595 2466 3803 2520 Ἰπποι
3829 2469 3924 2532 θη-

2359 2551 2644 2617 λυμανεῖς
2668 2551 3044 2620 ἐγενήθησαν
3067 2570 3079 2583 ο
3109 2553 3370 2620 ἕκαστος
3405 2554 3502 2608 ἐπὶ
3533 2553 3646 2623 τὴν
3671 2555 3921 2625 γυναῖκα

2359 2640 2466 2694 τοῦ
2496 2644 2764 2709 πλησίον
2806 2645 2990 2699 αὐτοῦ
3013 2645 3401 2714 ἐχρεμέτιζον.

2429 2731 2511 2784 Σὺ
2543 2733 2792 2800 φοϐερὸς
2817 2730 2890 2798 εἴ,
2920 2735 3017 2787 καί
3051 2737 3140 2802 τίς
3168 2735 3596 2802 ἀντιστήσεταί
3620 2752 3719 2789 σοι
3743 2751 3764 2798 ;
3802 2736 3924 2790 Ἐὰν

2360 2823 2466 2891 γὰρ
2515 2823 2700 2897 κλείσῃ
2750 2825 2888 2878 κατὰ
2918 2825 3225 2900 ἀνθρώπου,
3278 2827 3362 2891 τίς
3389 2826 3631 2891 ἀνοίξει;
3663 2828 3804 2880 κατὰ
3828 2828 3925 2899 τὴν

2370 2912 2588 2965 Ἡσαΐου
2627 2916 2828 2985 φωνήν.
3580 2918 3581 2921 “

2438 3005 2540 3057 Ἐκ
2572 3005 2678 3059 τοῦ
2711 3008 2968 3076 οἰιοανοῦ
3000 3009 3326 3076 ἡκούτισας
3353 3013 3574 3080 κρίσιν.
3632 3013 3920 3085 Οὐδεμίαν,

2357 3095 2539 3164 φησὶν,
2578 3097 2873 3164 ἀπολογίαν
2926 3098 3105 3164 ἕξουσι
3152 3102 3522 3170 κολαζόμενοι·
3581 3105 3921 3176 προεκήρυξε

2356 3182 2461 3254 γὰρ
2500 3185 2680 3248 αὐτοῖς
2705 3185 2772 3238 τὰ
2809 3186 2934 3257 περὶ
2968 3186 3062 3239 τοῦ
3098 3186 3240 3240 θείου
3269 3187 3636 3260 δικαστηρίου.
3669 3192 3762 3261 Γῆ
3788 3194 3924 3264 ἐφο-

699 3289 868 3335 ctant.
919 3280 1079 3336 Terra
1110 3286 1342 3351 tremuit,
1387 3295 1436 3338 et
1477 3287 1688 3355 quievit.
1716 3285 1934 3340 Terram
1985 3287 2073 3342 hic
2096 3299 2255 3344 vocat

2357 3271 2525 3340 ϐήθη,
2561 3275 2657 3328 καὶ
2688 3275 2988 3342 ἡσύχασε.
3036 3275 3144 3347 Γῆν
3205 3275 3438 3330 ἐνταῦθα
3470 3279 3649 3331 πᾶσαν
3681 3260 3790 3333 τῶν
3821 3260 3921 3332 αν-

699 3382 866 3427 totam
901 3374 1179 3429 hominum
1228 3387 1500 3440 naturam,
1537 3393 1656 3446 qua:
1695 3387 1821 3433 tunc
1860 3376 2249 3437 reformidabit.

698 3461 867 3518 Nemo
898 3463 1042 3518 enim
1072 3472 1200 3518 tunc
1224 3465 1327 3519 erit
1355 3465 1483 3534 quin
1511 3465 1875 3534 pertimescat,
1904 3466 1993 3520 illa
2018 3468 2252 3523 instante

695 3554 800 3607 die.

768 3641 925 3712 [Cum
972 3643 1147 3705 enim.
1189 3645 1392 3713 inquit,
1425 3644 1567 3701 Deus
1597 3647 1672 3701 sis
1703 3647 1961 3711 caelestis.
1997 3649 2249 3718 judicasti

693 3741 745 3786 et
772 3732 1035 3802 judicium
1071 3733 1243 3791 fecisti
1285 3737 1631 3792 manifestum
1651 3777 1666 3802 ,
1704 3738 1851 3792 ultus
1882 3739 2132 3798 inimicos
2158 3740 2250 3798 Je-

694 3821 1020 3897 rosolymae.]

766 3910 848 3966 l0.
879 3911 1006 3966 Cum
1049 3925 1345 3985 exsurgeret
1379 3915 1435 3969 in
1470 3915 1737 3985 judicium
1769 3918 1940 3987 Deus,
1987 3931 2047 3975 ut
2078 3923 2248 3980 salvos

693 4005 883 4070 faceret
927 4019 1099 4059 omnes
1145 4017 1441 4060 mansuetos
1491 4018 1663 4064 terrae.
1705 4008 1992 4076 Divinum,
2042 4014 2246 4082 inquit,

693 4089 924 4152 tribunal
953 4095 1247 4150 mansuetis
1275 4096 1501 4151 salutem
1531 4099 1766 4152 tribuet:
1794 4101 2248 4168 quemadmodum

692 4196 874 4236 revera
905 4185 1164 4254 supplicia
1193 4187 1340 4241 dabit
1365 4189 1757 4257 peccatoribus.

760 4336 846 4390 11.
901 4338 1161 4402 Quoniam
1194 4341 1442 4410 cogitatio
1488 4344 1712 4397 hominis
1746 4348 2081 4416 conﬁtebitur
2128 4352 2242 4406 tibi.

690 4426 960 4486 Sistemur
991 4440 1115 4485 ante
1142 4431 1466 4487 horrendum
1497 4435 1626 4488 illud
1660 4438 1914 4503 tribunal,
1939 4456 2045 4495 non
2069 4444 2246 4498 solum

687 4521 753 4576 de
787 4523 853 4577 iis
881 4539 1001 4592 quae
1032 4522 1277 4589 iecimus,
1307 4527 1399 4579 sed
1438 4527 1600 4580 etiam
1635 4529 1701 4584 de
1732 4531 1799 4584 iis
1831 4547 1950 4600 qua:
1987 4536 2247 4605 cogitavi-

689 4627 828 4673 mus.
867 4614 1130 4668 rationem
1161 4614 1358 4670 daturi.
1392 4615 1456 4668 Et
1486 4617 1720 4687 reliquta:
1749 4624 2078 4691 cogitationis
2107 4627 2245 4679 diem

685 4702 874 4769 festum
904 4714 1054 4771 agent
1091 4706 1207 4759 tibi.
1241 4705 1501 4775 Reliquiae
1534 4711 1880 4780 cogitationis
1906 4725 2032 4769 sunt
2058 4718 2244 4787 puriﬁ-

684 4804 802 4848 cata
847 4796 1119 4865 c0gilatio,
1152 4797 1203 4850 in
1245 4814 1310 4853 eo
1357 4803 1499 4868 quod
1549 4804 1824 4858 residuum
1869 4806 1972 4860 erit
2017 4823 2110 4876 per
2141 4810 2245 4864 ele-

684 4885 914 4938 ctionem
956 4885 1159 4954 gratiae.
1191 4884 1247 4940 Si
1287 4886 1448 4958 igitur
1497 4889 1587 4944 illo
1619 4901 1855 4959 tempore
1893 4907 2025 4960 pura
2061 4893 2245 4961 depre-

685 4973 951 5027 hendatur
979 4977 1235 5045 cogitatio
1275 4993 1415 5043 esse,
1446 4987 1574 5035 tunc
1609 4979 1914 5036 festivitatis
1939 4992 2044 5038 tuae
2073 4985 2242 5054 parti-

683 5079 808 5134 ceps
836 5065 958 5121 erit.

754 5153 1038 5226 [Quoniam
1071 5160 1320 5228 cogitatio
1342 5161 1567 5214 hominis
1594 5163 1925 5231 conﬁtebitur
1955 5167 2068 5220 tibi.
2093 5166 2240 5233 Quo-

682 5248 826 5302 niam
859 5250 1038 5304 omnis
1071 5250 1274 5320 lingua,
1300 5252 1480 5306 omnis
1517 5253 1792 5323 cogitatio,
1825 5271 1986 5310 omne
2018 5259 2240 5312 ratioci-

681 5340 829 5392 nium
897 5340 1238 5396 coniitebitur
1299 5340 1526 5399 Domino
1593 5345 1647 5399 in
1710 5355 1954 5415 tempore
2009 5348 2234 5417 judicii,

677 5430 896 5499 quando
925 5432 1085 5486 etiam
1119 5435 1328 5488 occulta
1365 5434 1417 5488 in
1448 5435 1724 5503 publicum
1754 5437 2141 5512 proferentur.]

747 5519 835 5574 12.
876 5521 1060 5576 Vovete
1098 5536 1148 5578 et
1195 5525 1394 5580 reddite
1427 5525 1650 5579 Domino
1682 5527 1789 5582 Deo
1819 5540 2003 5584 vestro.
2034 5533 2110 5587 Ad
2145 5550 2238 5589 co-

675 5610 1031 5666 hortationem
1085 5630 1263 5670 sermo
1313 5616 1662 5670 convertitur.
1711 5618 2006 5687 Quoniam,
2040 5622 2233 5694 inquit,

747 5785 793 5818 ’δ
813 5784 1007 5841 .lerem.
1037 5802 1086 5850 ν,
1120 5787 1170 5842 8.
1251 5789 1294 5822 ³⁸
1333 5787 1436 5844 lsa.
1477 5806 1612 5855 un,
1636 5790 1722 5845 22.

2353 3362 2583 3435 θρώπων
2608 3365 2705 3436 τὴν
2731 3365 2893 3435 φύσιν
2909 3367 3091 3437 φησὶν,
3117 3367 3150 3438 ἢ
3181 3367 3274 3421 καὶ
3300 3367 3554 3422 δειλιάσει
3574 3369 3716 3422 τότε.
3738 3369 3922 3435 Οὐδεὶς

2348 3454 2458 3526 ’γὰρ
2496 3455 2642 3508 ἔσται
2674 3457 2794 3509 τότε
2829 3456 2887 3520 ὃς
2922 3458 2982 3510 οὐ
3017 3457 3301 3529 φοϐηθείη,
3352 3459 3565 3529 ἐκείνης
3623 3462 3924 3532 ἐπιστάσης

2350 3545 2448 3614 τῆς
2477 3546 2705 3616 ἡμέρας·

2423 3635 2704 3708 [Οὐράνιος
2730 3639 2858 3709 γὰρ,
2903 3640 3055 3710 φησὶ,
3093 3639 3224 3704 Θεὸς
3257 3639 3354 3704 ὢν,
3385 3640 3630 3712 ἔκρινας,
3680 3642 3778 3695 καὶ
3823 3644 3922 3715 τὴν

2352 3728 2529 3798 κρίσιν
2569 3729 2828 3800 ἐποίησας
2866 3730 3103 3802 ἔνδηλον,
3135 3732 3452 3804 τιμωρήσας
3482 3732 3606 3795 τοὺς
3633 3733 3919 3805 πολεμίους

2349 3822 2450 3891 τῆς
2487 3821 2892 3894 Ἰερουσαλήμ]

2413 3911 2518 3976 Εις
2567 3911 2634 3964 τὸ
2679 3912 3012 3977 ἀναστῆναι
3046 3915 3133 3976 εις
3184 3915 3386 3981 κρίσιν
3439 3916 3544 3969 τὸν
3589 3916 3760 3979 Θεὸν,
3812 3915 3919 3971 τοῦ

2350 3997 2543 4052 σῶσαι
2596 3999 2827 4065 πάντας
2875 4001 3016 4067 τοὺς
3055 4002 3256 4070 πραεῖς
3300 4003 3410 4072 τῆς
3464 4003 3595 4076 τῆς.
3642 4005 3718 4058 Τὸ
3755 4006 3918 4070 θεῖον,

2349 4091 2501 4160 φησὶ,
2535 4089 2881 4163 δικαστήριον
2901 4097 3013 4157 τοῖς
3039 4096 3266 4164 πραέσιν
3311 4096 3575 4149 ἀποδώσει
3605 4097 3706 4168 τὴν
3743 4115 3917 4168 σωτη-

2353 4181 2492 4252 ρίαν·
2524 4179 2714 4252 ὦσπερ
2739 4181 2931 4253 ἀμέλει
2971 4183 3064 4236 καὶ
3120 4187 3231 4248 τοῖς
3255 4185 3594 4256 ἁμαρτωλοῖς
3627 4187 3726 4252 τὰς
3756 4187 3917 4241 κολά-

2350 4287 2462 4334 σεις
2495 4272 2835 4326 ἀποδίδωσιν.
3591 4343 3595 4346 _

2420 4364 2546 4417 ὀτι
2575 4363 2859 4432 ἐνθύμιον
2894 4365 3205 4434 ἀνθρώπου
3242 4366 3751 4438 ἐξομολογήσετῶ
3794 4387 3913 4427 σοι.

2353 4455 2814 4526 Παραστησόμεθα
2869 4459 2925 4509 ἐν
2976 4459 3166 4529 ἐκείνῳ
3203 4458 3282 4529 τῷ
3333 4459 3548 4531 φοϐερῷ
3593 4459 3821 4531 βήματι,
3852 4462 3914 4517 οὑ

2353 4545 2510 4614 μόνον
2563 4539 2638 4598 ὧν
2672 4546 3013 4617 ἐπράξαμεν,
3050 4549 3187 4602 ἀλλὰ
3249 4551 3341 4603 καὶ
3397 4544 3472 4605 ὧν
3514 4549 3916 4628 βεϐουλεύμεθα

2348 4632 2574 4697 εὐθύνας
2601 4635 3008 4705 ἀπαιτούμενοι.
3036 4637 3140 4690 Καὶ
3165 4638 3599 4710 ἐγκατάλειμμα
3626 4642 3914 4713 ἐνθυμίου

2347 4722 2616 4790 ἑορτάσει
2644 4739 2762 4780 σοι.
2814 4725 3257 4800 Ἑγκατάλειμμα
3289 4730 3542 4802 ἐνθυμίου
3579 4732 3608 4784 ὁ
3641 4736 3914 4808 κεκαθαρ-

2351 4813 2509 4883 μένος
2534 4814 2650 4866 ἐστὶ
2681 4814 2958 4887 λογισμὸς,
2998 4819 3134 4872 κατὰ
3183 4820 3245 4873 τὸ
3269 4821 3475 4892 λεῖμμα
3522 4823 3640 4876 κατ’
3679 4825 3913 4899 ἐκλογὴν

2347 4904 2586 4974 χάριτος.
2645 4904 2859 4977 Ἐπειδὴ
2887 4908 2953 4960 ἂν
2978 4905 3089 4974 οὖν,
3126 4911 3308 4982 φησὶν,
3338 4913 3396 4967 ἐν
3419 4912 3612 4985 ἐκείνῳ
3633 4916 3711 4989 τῷ
3735 4921 3913 4993 καιρῷ

2346 4993 2583 5064 καθαρὸς
2618 4995 2812 5065 εὑρέθη
2843 4997 3121 5071 λογισμὸς,
3150 5003 3268 5057 τότε
3304 5004 3366 5075 δὴ
3393 5004 3514 5057 τότε
3561 5007 3782 5080 καὶτῆς
3811 5015 3911 5084 σῆς

2344 5086 2633 5154 μεταλάϐοι
2660 5087 2873 5159 ἑορτῆς.

2410 5177 2553 5248 [Ὅτι
2584 5178 2832 5250 ἐνθύμιον
2856 5181 3138 5253 ἀνθρώπου
3180 5184 3631 5260 ἐξομολογήσεταί
3653 5209 3755 5246 σοι.
3789 5196 3906 5248 Ὀτι

2338 5269 2487 5321 πᾶσα
2511 5268 2728 5336 γλῶσσα
2752 5310 2767 5335 ,
2808 5272 2899 5325 καὶ
2933 5275 3040 5337 πᾶς
3070 5275 3325 5347 λογισμὸς
3357 5280 3449 5333 καὶ
3475 5281 3770 5356 ἐνθύμημα
3823 5285 3906 5350 ἐξ-

2338 5358 2726 5430 ομολογήσεται
2756 5362 2832 5432 τῷ
2857 5363 3040 5435 Κυρίῳ
3068 5368 3212 5438 ἐντῷ
3231 5369 3330 5441 τῆς
3346 5371 3576 5443 κρίσεως
3594 5376 3792 5447 καιρῷ,
3819 5380 3902 5431 ὅτε

2344 5449 2436 5502 καὶ⁸
2463 5448 2532 5502 τὰ
2559 5452 2775 5521 κρυπτὰ
2801 5452 3267 5532 θριαμϐεύονταιά

2411 5539 2704 5604 Εὒξασθε,
2762 5546 2860 5599 καί
2904 5545 3160 5602 ἀπόδοτε
3189 5552 3384 5618 Κιιοίφ
3430 5551 3508 5618 τῷ
3551 5556 3674 5622 Θεῷ
3718 5558 3898 5626 ὑμῶν.

2356 5629 2475 5684 Ἐπὶ
2505 5634 2817 5703 παραίνεσιν
2839 5639 2867 5690 ὁ
2901 5638 3056 5707 λόγος
3088 5641 3366 5712 τρέπεται.
3425 5645 3639 5721 Ἐπειδὴ
3669 5650 3736 5703 τὰ
3757 5653 3900 5723 εἰρη-
