4108 6492
179 467 271 522 345
1225 462 1589 522 EXPOSITIO
1624 462 1688 517 IN
1725 462 2056 520 PSALMUM
2095 462 2332 518 LXXVI.

3306 456 3410 512 346

182 582 322 652 μένα,
354 583 540 653 φησιν,
596 581 750 638 ἔσται
783 584 840 636 ὲν
865 583 941 654 τῷ
995 582 1122 654 θείῳ
1156 582 1510 656 δικαστηρίῳ,
1547 583 1731 637 τούτου

1841 599 1903 638 ea
1950 601 2070 655 quae
2107 601 2274 655 supra
2308 582 2548 637 diximus
2597 580 2650 634 in
2685 578 2871 634 divino
2905 577 3157 633 tribunali
3198 577 3410 632 contiu-

178 675 320 743 χάριν
342 674 444 736 ἕως
472 674 601 728 ἐστὶ
632 677 690 728 ὲν
720 674 799 746 τῷ
835 677 1058 747 παρόντι
1111 675 1230 746 βίῳ,
1262 675 1488 741 εὔξασθε
1516 677 1595 747 τῷ
1624 678 1738 729 Ku-

181 765 267 836 ρέῳ
287 765 504 834 ἀγαθῶν
538 767 718 839 ἔργων
743 764 881 822 εἶναι
902 768 1250 839 ἐπιμεληταὶ,
1292 768 1387 821 καὶ
1427 768 1628 821 τούτων
1662 767 1736 837 μὴ

179 853 458 925 βραδύνητε
491 858 822 926 ποιήσασθαι
850 857 949 929 τὴν
981 859 1254 913 ἀπόδοσιν.
1287 861 1552 930 Κομιοῦσι
1590 860 1644 912 δὲ
1670 859 1738 912 τὰ

177 946 329 1018 δῶρα,
364 948 469 1001 ὑπὸ
522 948 634 1002 τῶν
659 950 1039 1021 γεγενημένων
1087 951 1578 1022 ὲκδειματωθέντες
1605 949 1737 1004 θαυ-

181 1042 368 1110 μάτων.

242 1130 322 1197 Τῷ
342 1132 574 1209 φοϐερῷ
609 1133 706 1188 καί
742 1133 1155 1204 ἀφαιρουμένῳ
1179 1136 1485 1205 πνεύματα
1516 1134 1734 1203 ἀρχόν-

178 1244 298 1279 των.
372 1227 825 1296 Ἐπαγγείλασθε,
874 1230 1058 1300 φησὶν,
1101 1228 1473 1299 ἀγαθοεργεῖν,
1513 1227 1734 1292 εἰδότες,

177 1319 242 1383 ὡς
269 1320 345 1373 δεῖ
377 1322 524 1392 ὑμᾶς
554 1324 611 1374 ὲν
644 1321 835 1392 ἐκείνῳ
867 1321 1190 1390 γενομένους
1232 1319 1311 1389 τῷ
1356 1320 1526 1389 τόπῳ,
1574 1319 1736 1371 οἱονεὶ⁸

175 1413 307 1484 δῶρα
354 1413 452 1477 τάς
500 1412 742 1466 tau-56V
762 1413 990 1484 πράξεις
1041 1414 1409 1484 προσαγαγεῖν
1459 1410 1536 1479 τῷ
1593 1409 1730 1478 Θεῷ.

176 1504 345 1568 Οὕτως
391 1505 448 1557 δὲ
479 1506 510 1557 6
543 1504 676 1569 θεὸς
707 1505 932 1575 φοϐερός
952 1505 1117 1571 ἐστιν,
1148 1503 1223 1566 ὡς
1249 1502 1342 1555 καὶ
1372 1501 1478 1555 ἀπὺ
1505 1501 1612 1553 τῶν
1637 1500 1734 1553 τιά-

176 1598 252 1650 λαι
295 1596 570 1668 ἀρξάντων
621 1599 714 1650 καὶ
753 1595 1058 1666 γενομένων
1116 1594 1366 1666 πονηρῶν
1417 1593 1478 1646 τὸ
1518 1590 1734 1661 πνεῦμα

176 1690 605 1762 ἀφαιρεθήσεται.
657 1689 744 1741 Ἐν
773 1689 882 1759 γὰρ
920 1687 1112 1758 ἐκείνῳ
1136 1687 1214 1758 τῷ
1243 1686 1369 1756 θείῳ
1398 1685 1492 1738 καὶ
1518 1684 1733 1757 φοδερῷ

178 1784 363 1854 βήματι
407 1782 465 1849 ἐξ
493 1784 726 1836 ἑκάστου
751 1779 860 1834 τῶν
890 1781 1287 1853 ἡμαρτηκότων
1331 1780 1643 1852 ἀφαιρεῖται
1672 1778 1733 1832 τδ

174 1876 307 1929 δοθὲν
337 1875 424 1929 διὰ
451 1875 548 1929 τοῦ
583 1875 973 1946 βαπτίσματος.
1017 1875 1122 1927 Καὶ
1144 1873 1300 1928 τοῦτό
1330 1875 1477 1927 ἐστιν
1499 1874 1527 1928 6
1561 1877 1588 1928 6
1615 1873 1730 1928 Κύ-

1844 687 1989 747 gent,
2019 678 2159 742 ideo,
2188 677 2317 730 dum
2351 674 2407 729 in
2449 672 2700 744 praesenti
2737 671 2843 725 vita
2886 671 3038 736 estis,
3079 678 3266 723 vorete
3302 667 3409 720 Do-

1845 773 2011 836 mino,
2038 786 2135 825 vos
2161 773 2224 824 de
2251 769 2406 824 bonis
2435 767 2688 837 operibus
2717 764 2974 833 deinceps
2995 761 3219 817 edendis
3250 777 3410 816 cura-

1844 873 2016 929 turos,
2048 871 2102 916 et
2147 877 2212 916 ne
2244 859 2467 915 tardetis
2500 875 2563 913 ea
2602 867 2727 912 vota
2759 856 3001 926 implere.
3040 854 3277 908 Allerent
3310 867 3407 908 au-

1843 965 1948 1011 tem
1985 969 2231 1018 munera,
2270 949 2539 1022 perterriti
2569 949 2635 1004 de
2666 946 3005 1002 mirabilibus
3038 944 3220 999 editis.

1911 1131 1996 1186 15.
2030 1128 2271 1184 Terribili
2304 1138 2352 1183 et
2377 1129 2424 1182 ei
2461 1127 2548 1198 qui
2581 1126 2753 1195 aufert
2795 1125 3037 1193 spiritum
3085 1122 3401 1191 principum.

1841 1223 2165 1286 Promittite,
2204 1223 2400 1291 inquit,
2433 1235 2530 1273 vos
2575 1219 2713 1272 bona
2747 1232 2910 1285 opera
2943 1215 3208 1275 edituros,
3253 1210 3405 1281 gnari

1841 1324 2090 1383 Oportere
2125 1327 2221 1366 vos
2264 1310 2318 1364 in
2356 1309 2447 1363 illo
2491 1309 2610 1363 loco
2661 1307 3022 1367 constitutos,
3058 1300 3212 1372 quasi
3262 1301 3405 1354 dona

1839 1419 2003 1474 opera
2035 1410 2210 1457 vestra
2241 1400 2436 1455 oll‘erre
2459 1397 2590 1452 Deo.
2631 1395 2728 1451 Hic
2763 1406 2940 1450 autem
2974 1393 3118 1448 Deus
3149 1389 3407 1445 terribilis

1838 1507 1939 1552 est.
1973 1496 2156 1566 Itaque
2184 1495 2254 1548 ab
2290 1493 2358 1548 iis
2391 1492 2484 1561 qui
2529 1490 2656 1545 olim
2699 1482 3038 1558 imperarunt
3079 1493 3132 1540 et
3174 1480 3404 1552 improbi

1840 1591 2059 1643 fuerunt
2099 1585 2320 1654 spiritus
2370 1581 2668 1637 auferetur.
2725 1579 2781 1633 lu
2829 1577 3013 1633 divino
3060 1590 3294 1645 namque
3341 1588 3406 1627 ac

1841 1679 2061 1736 terribili
2107 1678 2200 1731 illo
2239 1675 2494 1730 tribunali
2535 1689 2565 1727 a
2618 1671 2848 1742 singulis
2892 1667 3270 1740 peccatoribus
3307 1681 3405 1718 au-

1838 1772 2039 1827 feretur
2064 1768 2289 1839 spiritus
2329 1780 2422 1836 per
2464 1764 2792 1834 baptismum
2831 1761 3007 1814 datus.
3052 1757 3117 1812 Et
3161 1755 3292 1811 illud
3321 1761 3407 1809 est

1837 1865 1979 1936 quod
2007 1863 2266 1917 Dominus
2293 1859 2502 1914 dicebat
2530 1877 2542 1911 :
2577 1854 2854 1909 Exscindet
2879 1866 3080 1904 serrum
3111 1847 3404 1917 improbum

178 1985 274 2038 pio;
303 1967 472 2036 ἐλεγεο
510 1938 903 2037 Διξοτομῆσει
935 1965 1044 2019 τὸν
1086 1965 1314 2020 δοῦλον
1337 1965 1444 2018 τὸν
1468 1965 1731 2034 πονηρὸν

1834 1959 2076 2012 dominus
2105 1955 2218 2023 ejus
2261 1953 2472 2021 quando
2503 1949 2722 2011 verterit,
2748 1954 2797 1999 et
2829 1942 3117 2013 portionem
3147 1938 3260 2008 ejus
3287 1944 3402 2007 post

172 2057 349 2111 ἐλθὼν
387 2061 420 2112 d
456 2058 663 2127 κύριος
684 2057 894 2122 αὐτοῦ,
935 2055 1035 2110 καί
1062 2055 1127 2109 τὸ
1169 2057 1352 2126 μέρος
1375 2055 1564 2111 αὑτοῦ
1589 2055 1734 2124 μετὰ

176 2151 269 2204 τὸν
291 2152 548 2206 ἄπιστον
578 2148 774 2215 θήσει.

231 2243 327 2307 Εἰς
350 2241 412 2295 τὸ
457 2240 655 2306 τέλος,
711 2237 865 2307 ὑπὲρ
905 2238 1180 2308 Ἰδιοοὺμ,
1241 2239 1549 2292 ΨΑΛΜΟΣ
1586 2236 1664 2303 τῷ

749 2338 962 2408 Ἀσάφ.
1013 2341 1138 2394 ΟΣ¹.

784 2429 798 2450 ”
810 2433 1116 2499 Υπόθεσις.

181 2514 424 2583 Ἀκούσας
461 2519 696 2592 Ἰδιθοὺμ
723 2521 790 2574 τά
832 2523 1103 2594 λεγόμενα
1157 2521 1285 2593 περὶ
1315 2521 1409 2575 τοῦ
1445 2520 1573 2574 λαοῦ
1625 2521 1733 2573 τῶν

241 2608 514 2681 Ἐϐραίωνο
547 2611 718 2666 ταῦτα
746 2614 800 2666 δὲ
818 2610 882 2685 ἦν
899 2615 1042 2667 τάδε·
1063 2616 1195 2668 Ἵνα
1216 2616 1272 2667 τί
1293 2618 1326 2668 ὀ
1349 2614 1490 2679 Θεὸς
1516 2611 1734 2666 ἀπώσω

233 2701 313 2766 εἷς
341 2701 558 2766 τέοῖοςέ
609 2704 908 2776 ὑπερήλγει
942 2706 1035 2758 καὶ
1085 2705 1429 2776 ἐταράττετο,
1464 2704 1560 2775 τὴν
1598 2721 1732 2756 παν-

232 2791 348 2864 τελῆ
383 2795 567 2848 αὐτῶν
599 2795 865 2868 ἀποϐολὴν
918 2797 1150 2869 θρηνῶν.
1223 2793 1357 2851 Εἶτα
1429 2796 1733 2865 συντίθησιν

229 2885 367 2957 αὑτῷ
400 2890 428 2940 6
472 2887 646 2958 Ἀσάφ
671 2889 903 2959 ψαλμὸν,
938 2890 1205 2943 διδάσκων
1231 2890 1415 2952 αὐτὸν,
1441 2890 1516 2953 ὡς
1546 2893 1601 2943 ἐν
1622 2893 1732 2952 τοῖς

233 2976 352 3044 περὶ
374 2977 579 3029 τούτων
609 2978 892 3049 πράγμασι
917 2979 1050 3048 πρὸς
1091 2979 1251 3048 μόνον
1281 2979 1370 3031 τὸν
1398 2979 1531 3031 Θεὸν
1562 2997 1730 3031 κατα-

232 3067 444 3135 φεύγειν
471 3068 573 3130 δεῖ,
597 3068 848 3121 κάκεῖθεν
871 3070 967 3140 τὴν
990 3069 1341 3141 παραμυθίαν
1363 3070 1728 3141 εὑρίσκεσθαι⁶

229 3158 303 3210 διὸ
327 3160 418 3212 καὶ
448 3160 749 3231 ἀρχόμενός
788 3178 938 3232 φησιο

233 3250 396 3346 (ρωνῇ
420 3270 541 3320 μου
570 3252 740 3346 ,πρὸς
770 3256 989 3322 Κύριοι·
1037 3253 1331 3323 ἐκέκραξα
1351 3293 1365 3316 ,
1407 3253 1576 3322 φωνῇ
1611 3273 1729 3323 μου
1758 3292 1798 3346 c

170 3344 302 3412 πρὸς
332 3344 434 3398 τὸν
469 3345 645 3412 Θεὸν,
676 3348 773 3401 καὶ
806 3347 1112 3416 προσέσχε
1136 3366 1256 3416 μοι.
1289 3348 1540 3400 Διδάσκει
1569 3349 1729 3419 ἀρχό-

173 3451 316 3504 μενος
339 3436 432 3490 τοῦ
461 3438 678 3509 ψαλμοῦ
712 3437 789 3507 τῷ
827 3435 1079 3508 Ίδιθοὺμ,
1107 3437 1181 3500 ὡς
1202 3438 1367 3506 ἐγγὺς
1391 3439 1592 3510 Κυριος
1618 3441 1728 3502 τοῖς

170 3526 598 3592 ἐπικαλουμένοις
632 3528 814 3583 αὐτόν.

243 3621 337 3674 Ἔν
364 3622 556 3691 ἡμέρᾳ
611 3620 872 3691 θλίψεώς
917 3641 1036 3692 μου
1089 3622 1196 3675 τὸν
1230 3622 1378 3676 Θεὸν
1404 3622 1730 3691 ἑξεζήτησα

170 3712 282 3778 τοῖς
302 3712 474 3782 χερσί
529 3730 650 3782 μου
682 3713 898 3780 νυκτὸς
935 3715 1212 3767 ἐναντίον
1250 3715 1460 3775 αὑτοῦ,
1491 3713 1591 3767 καὶ
1619 3716 1730 3768 οὐκ

167 3805 482 3874 ὴπατήθην.
540 3805 810 3877 Τοσαύτη,
865 3808 1018 3878 φησὶ,
1053 3806 1375 3876 περιέκλυσε
1407 3806 1583 3876 θλίψις
1630 3807 1730 3879 τὴν

167 3893 326 3964 ψυχήν
355 3913 476 3966 μου,
499 3897 576 3959 ὡς
605 3898 664 3949 οὐ
721 3897 879 3967 μόνον
933 3895 1053 3967 μεθ’
1085 3897 1298 3968 ἡμέραν
1338 3895 1437 3960 τὰς
1493 3897 1729 3962 ἱκετείας

170 3986 440 4050 ποιεῖσθαι,
491 3988 629 4042 ἀλλὰ
667 3987 774 4058 γάρ
803 3988 898 4041 καὶ
928 3989 1089 4041 αὐτὸν
1119 3989 1208 4042 τὸν
1232 3990 1419 4061 καιρὸν
1452 3989 1558 4042 τῶν
1598 4006 1728 4041 νυκ-

167 4076 261 4131 τῶν
291 4080 702 4135 καταναλίσκειν
722 4083 800 4146 εἰς
831 4084 1156 4154 προσευχάς.
1175 4083 1336 4136 Ἀλλά
1355 4083 1525 4136 ταῦτα
1554 4081 1726 4152 πράτ-

168 4184 279 4231 των,
302 4173 397 4225 οὐκ
418 4176 498 4236 εἰς
535 4171 688 4227 κενὸν
720 4173 973 4247 ἔδραμον,
1003 4176 1102 4228 οὐκ
1136 4177 1218 4238 είς
1255 4173 1408 4227 κενὸν
1441 4172 1704 4228 ἐκοπίασα

169 4263 248 4312 καὶ
269 4263 420 4319 τοῦτό
449 4268 570 4319 ἐστι
593 4268 672 4327 τὸ,
699 4271 821 4322 Οὐκ
849 4269 1185 4336 mmmam“.

238 4355 597 4425 Ἀπηνήνατο
622 4348 1077 4428 παρακληθῆναι
1111 4362 1148 4427 ἡ
1177 4359 1346 4429 ψυχή
1369 4377 1511 4429 μου,
1546 4356 1726 4428 ἐμνή-

169 4450 307 4514 σθην
329 4449 430 4502 τοῦ
448 4449 620 4516 Θεοῦ,
652 4450 749 4504 καὶ
775 4449 1137 4520 εὐφράνθην.
1158 4450 1479 4522 Ἀνθρὼπων
1507 4451 1603 4522 μὲν
1628 4467 1729 4503 πα-

171 4540 436 4608 ραμυθίας,
496 4542 680 4612 φησὶν,
710 4542 827 4596 οὐδὲ
857 4544 986 4614 μιᾶς
1017 4544 1342 4615 ἠνεσχόμην·
1379 4543 1514 4614 μόνη
1549 4541 1606 4595 δέ
1637 4558 1726 4611 μοι

1836 2048 2098 2114 inﬁdelem
2125 2053 2279 2115 ponet
2305 2044 2373 2096 “.

2033 2231 2086 2287 ‘l.
2131 2229 2196 2283 In
2227 2230 2404 2299 ﬁnem,
2439 2241 2534 2295 pro
2571 2223 2830 2283 Iditlium,
2867 2212 3202 2272 PSALMUS

2383 2318 2585 2388 Asaph.
2623 2311 2885 2369 LXXVI.

2416 2409 2816 2479 Argumentum.

1833 2509 1968 2563 (tum
2005 2505 2247 2561 audisset
2293 2501 2524 2556 ldithum
2574 2513 2696 2570 quze
2739 2495 3061 2550 dicebantur
3093 2492 3160 2547 de
3204 2487 3402 2561 populo

1905 2601 2281 2658 Hebraeorum.
2304 2609 2424 2665 quae
2456 2593 2645 2649 istbaec
2665 2598 2819 2646 erant
2851 2606 2864 2641 :
2896 2583 3091 2656 thuid
3132 2583 3274 2637 Deus
3319 2599 3402 2637 re-

1901 2691 2087 2760 putisti
2116 2691 2172 2742 in
2200 2689 2358 2756 ﬁnem
2381 2686 2407 2739 7
2437 2696 2780 2753 summopere
2817 2678 3034 2735 dolebat
3061 2685 3115 2731 et
3144 2674 3403 2729 turbaba-

1903 2792 2011 2844 tur,
2040 2781 2230 2849 lugens
2251 2775 2396 2846 quod
2432 2775 2656 2828 omnino
2686 2771 2884 2840 abiecti
2927 2768 3212 2839 fugissent.
3259 2763 3400 2818 Tum

1905 2873 1959 2926 in
1988 2871 2107 2942 ejus
2132 2869 2362 2940 gratiam
2396 2864 2580 2934 Asapli
2627 2863 2895 2932 psalmum
2927 2861 3059 2922 edit,
3096 2859 3301 2913 docens
3332 2855 3399 2908 il-

1905 2967 2039 3028 lum,
2069 2962 2124 3015 in
2149 2957 2419 3031 ejusmodi
2448 2955 2680 3026 negotiis
2723 2953 2790 3008 ad
2822 2951 2992 3007 Deum
3037 2963 3159 3004 esse
3204 2944 3400 3003 conlu-

1901 3055 2157 3126 gicndutn
2193 3093 2208 3116 ,
2270 3062 2432 3120 atque
2496 3048 2620 3102 imle
2683 3043 3109 3100 consolationem
3160 3038 3399 3093 mutuari

1901 3155 2154 3217 oportere
2187 3163 2199 3196 :
2238 3156 2409 3211 quare
2434 3141 2512 3195 sic
2536 3138 2749 3194 orditur
2783 3156 2795 3191 :

1902 3236 1955 3290 2.
1999 3233 2131 3287 Voce
2167 3248 2280 3285 mea
2311 3231 2378 3282 ad
2410 3229 2692 3282 Dominum
2721 3227 2968 3291 clamavi,
3015 3239 3135 3278 voce
3181 3237 3298 3275 mea
3329 3220 3398 3273 ad

1837 3327 2019 3392 Deum,
2044 3336 2091 3380 et
2123 3321 2347 3378 intendit
2386 3321 2533 3374 mihi.
2571 3316 3086 3374 Psalmumordiens
3110 3313 3267 3368 docet
3293 3313 3397 3366 Idi-

1833 3420 2007 3484 thum,
2041 3417 2188 3488 quod
2221 3431 2392 3486 prope
2437 3415 2509 3469 sit
2531 3411 2794 3466 Dominus
2829 3405 3216 3463 invocantibus
3249 3417 3396 3458 eum.

1905 3621 1959 3676 3.
1995 3619 2061 3674 In
2091 3619 2176 3672 die
2211 3613 2571 3670 tribulationis
2609 3627 2733 3666 mea:
2779 3609 2948 3663 Deum
2997 3603 3258 3675 exquisivi
3287 3619 3399 3655 ma-

1831 3713 1982 3766 nibus
2018 3711 2145 3763 meis
2184 3717 2330 3762 nocte
2359 3717 2546 3759 contra
2582 3717 2722 3764 eum,
2758 3710 2805 3753 et
2829 3715 2931 3752 non
2970 3713 3087 3751 sum
3126 3695 3394 3762 deceptus.

1833 3801 2029 3865 Tanta,
2067 3798 2266 3868 inquit,
2308 3796 2585 3852 tribulatio
2618 3794 2876 3848 demersit
2905 3793 3142 3845 animam
3199 3803 3374 3843 meam

1833 3904 1892 3947 ut
1921 3908 2028 3946 non
2062 3891 2238 3944 solum
2279 3889 2367 3943 die
2403 3885 2830 3956 supplicationes
2867 3883 3141 3948 oll‘errem,
3192 3882 3286 3936 sed
3340 3897 3395 3934 e.

1833 3989 2012 4060 ipsum
2039 3985 2281 4040 noctium
2315 3991 2528 4051 tempus
2562 3981 2614 4034 in
2645 3980 2897 4048 precibus
2923 3972 3396 4032 insumerem.Ve-

1829 4094 1950 4134 rum
2000 4079 2112 4131 hmc
2169 4090 2338 4146 agens
2379 4089 2487 4126 non
2524 4072 2742 4125 cucurri
2781 4071 2834 4125 in
2875 4085 3099 4131 vanum,
3131 4083 3240 4123 non
3276 4069 3394 4121 l'ru-

1829 4180 1939 4228 stra
1991 4171 2273 4225 laboravi:
2306 4178 2468 4238 atque
2501 4166 2552 4220 id
2612 4163 2715 4219 sibi
2763 4164 2876 4217 vult
2913 4163 3079 4217 illud:
3116 4160 3241 4214 Non
3279 4177 3395 4213 sum

1828 4261 2090 4329 deceptus.

1897 4349 1952 4404 ι.
1983 4348 2170 4402 chuit
2201 4345 2463 4399 consolari
2492 4345 2673 4397 animo
2701 4359 2837 4406 mea,
2877 4357 3072 4395 memor
3094 4340 3174 4410 fui
3205 4339 3319 4403 Dei,
3343 4349 3394 4393 et

1829 4443 2119 4496 delectatus
2153 4456 2290 4494 sum.
2341 4436 2550 4500 Nullas,
2587 4438 2786 4506 inquit,
2819 4437 3102 4490 hominum
3145 4434 3396 4487 consola-

1831 4534 2006 4588 tiones
2032 4529 2417 4586 admittebam:
2474 4528 2567 4584 sed
2620 4529 2733 4582 sola
2781 4525 2875 4580 Dei
2912 4526 3174 4579 memoria
3208 4524 3393 4578 latitia

168 4631 195 4699 ἡ
220 4631 304 4683 τοῦ
328 4631 459 4685 Θεοῦ
492 4634 682 4704 μνήμη
710 4633 1016 4705 εὐφροσύνη
1045 4633 1268 4706 καρδίας
1303 4634 1534 4701 ἐγένετο.
1565 4632 1727 4686 Ἡδο-

1833 4625 2012 4681 c0rdis
2035 4631 2151 4678 erat
2187 4621 2344 4676 mihi.
2377 4620 2714 4674 Exercitum:
2744 4635 2881 4682 sum,
2913 4627 2962 4671 ct
2995 4616 3184 4685 defecit
3234 4616 3396 4684 spiri-

167 4721 441 4791 λέσχησα,
481 4723 585 4777 καί
612 4724 1036 4794 ὼλιγοψύχησε
1057 4727 1120 4778 τὸ
1145 4726 1382 4794 πνεῦμά
1408 4743 1548 4794 μου.
1573 4723 1721 4789 Ὅτε,

168 4815 303 4882 φησὶ,
340 4816 617 4887 λογισμοῖς
655 4815 1016 4887 ἀνθρωπίνοις
1067 4815 1356 4889 ὲχριὶιμηνο
1399 4815 1560 4868 τοῦτο
1613 4814 1722 4885 γάρ

167 4905 266 4958 ἐστι
292 4907 367 4973 τὸ,
409 4907 857 4977 Ἠδολέσχησα,
886 4911 1010 4963 τότε
1055 4910 1119 4980 δὴ
1137 4909 1257 4962 τότε
1285 4908 1380 4962 καὶ
1411 4910 1489 4971 εἰς
1526 4907 1719 4975 ὀλιγωο

171 4997 274 5065 ρίαν
301 5001 700 5073 κατεφερόμην.

229 5091 737 5158 Προκατελάὸοντο
779 5092 1057 5162 φυλακὰς
1111 5095 1164 5146 οἱ
1226 5091 1524 5162 ὀφθαλμοί
1572 5110 1716 5162 μου,

167 5178 474 5249 εταράχθην
526 5181 625 5234 καί
661 5184 773 5236 οὐκ
805 5181 1100 5249 ἐλάλησα.
1143 5182 1313 5236 Τοῦτο
1368 5182 1508 5253 γὰρ,
1565 5183 1718 5253 φησὶν

168 5271 504 5339 ταράττεσθαι
526 5275 669 5326 ποιεῖ
690 5273 795 5328 τῶν
829 5273 921 5342 ὲχθ
930 5272 1037 5344 ρῶν
1067 5273 1586 5346 προκαταλαΰὸντων
1611 5274 1720 5327 τῶν

169 5358 424 5433 ἡμετέρων
461 5363 720 5434 φυλακῶν
773 5365 900 5427 τοὺς
933 5363 1148 5428 τόπους
1176 5365 1419 5418 τουτέστι
1447 5363 1556 5416 τῶν
1610 5382 1713 5418 τει-

171 5450 263 5517 χῶν
287 5455 377 5518 τάς
405 5456 680 5524 ἐπάλξεις.

227 5545 647 5617 Διελοτισὰμην
694 5547 916 5617 ἡμέρας
949 5549 1221 5618 ἀρχαίας.
1265 5547 1495 5611 Ἐκεῖνα,
1532 5549 1716 5620 φησὶν,

171 5630 384 5689 ἐνενόουν
412 5639 531 5692 κατ’
560 5639 819 5708 ὶμαυτὸν,
873 5637 969 5692 καὶ
993 5639 1370 5711 ἐταραττόμην
1407 5638 1524 5703 πῶς
1553 5640 1718 5694 πάλαι

175 5723 448 5794 μνόθεὸς
490 5728 706 5800 ἐϐοήθει
734 5729 969 5802 τῷλαῷ,
1014 5731 1132 5785 νυνὶ
1181 5732 1235 5785 δὲ
1277 5731 1550 5787 ἀπώσατο.
1604 5735 1712 5788 Καὶ

234 5882 275 5912 ⁸⁸
299 5882 420 5941 Luc.
456 5904 552 5955 xu,
592 5887 680 5941 66.

1827 4731 1910 4772 tus
1940 4733 2100 4771 meus.
2131 4715 2268 4770 Cum
2302 4713 2579 4775 humanis,
2610 4711 2808 4780 inquit,
2837 4709 3029 4765 utebar
3051 4708 3391 4772 ratiociniis;

1827 4809 1879 4862 id
1912 4809 2055 4863 enim
2091 4807 2361 4875 signillcat
2403 4804 2532 4857 illud
2565 4821 2576 4856 :
2615 4802 2957 4857 Exercitatus
2991 4817 3127 4865 sum,
3175 4809 3304 4855 tunc
3336 4801 3392 4855 in

1822 4901 2179 4956 defectionem
2203 4899 2373 4953 animi
2407 4897 2648 4968 deiectus
2682 4911 2825 4951 sum.

1898 5101 1950 5155 5.
1986 5100 2417 5169 Anticiparcrunt
2447 5098 2658 5167 vigilias
2689 5098 2829 5150 oculi
2859 5098 2979 5159 mei,
3008 5099 3248 5149 turbatus
3276 5112 3392 5149 sum

1824 5205 1872 5246 et
1909 5210 2011 5246 non
2041 5210 2158 5247 sum
2193 5193 2420 5245 locutus.
2455 5190 2566 5245 Hoc
2600 5205 2719 5252 nos,
2751 5189 2946 5260 inquit,
2999 5190 3054 5243 in
3110 5189 3394 5259 perturba-

1827 5288 2026 5340 tionem
2051 5285 2294 5355 conjicit,
2330 5285 2474 5352 quod
2508 5284 2712 5338 inimici
2745 5282 3117 5337 custodiarum
3175 5291 3395 5335 nostra-

1825 5394 1944 5431 rum
1977 5378 2093 5432 loca
2129 5385 2416 5445 occupent,
2440 5377 2490 5430 id
2524 5386 2627 5444 est,
2653 5389 2932 5430 murorum
2959 5373 3392 5444 propugnacula.

1895 5549 1947 5605 6.
1987 5549 2231 5621 Cogitavi
2277 5552 2387 5606 dies
2424 5558 2690 5622 antiquos.
2744 5550 2859 5615 Illa,
2922 5547 3118 5618 inquit,
3171 5561 3389 5601 mecum

1824 5644 2152 5714 cogitabam,
2186 5656 2241 5699 et
2274 5645 2532 5699 turbabar
2552 5642 2888 5715 perpendens
2918 5656 3028 5710 quo
3055 5647 3215 5710 pacto
3245 5636 3390 5690 Deus

1819 5737 1948 5792 olim
1984 5738 2184 5808 pepulo
2216 5737 2607 5801 auxiliaretur,
2666 5753 2809 5792 nunc
2865 5744 3048 5790 autem
3104 5731 3386 5803 repulerit.
