4108 6488
691 463 796 519 3H

1533 453 1591 506 S.
1637 448 2006 506 ATHANAS‘II
2045 445 2174 506 ΟῬΡ
2234 445 2414 502 PARS
2449 445 2535 498 111.
2577 477 2646 486 ——
2685 439 3094 497 EXEGETICA.

3805 428 3909 482 348

697 576 757 630 Et
784 581 884 630 hoc
917 587 1000 626 me
1027 570 1079 623 in
1107 575 1430 623 annetatem
1462 565 1626 617 animi
1651 563 2006 631 conjiciebat:
2043 576 2108 614 ne
2140 560 2251 612 lor-
2281 608 2284 615 λ

2365 560 2501 612 τουτό
2536 575 2622 628 μοι
2653 555 2748 626 τὴν
2799 550 3033 621 ἀθυμίαν
3070 545 3253 602 ἐκίνει,
3287 544 3346 596 τὸ
3382 543 3454 612 μὴ
3487 543 3592 612 ἄρα
3627 541 3708 603 είς
3746 539 3806 591 τὸ
3835 540 3911 592 δι-

693 670 748 722 te
781 667 833 719 in
874 671 1188 733 perpetuum
1221 658 1417 712 deserti
1461 656 1659 712 forent.
1702 653 2105 708 Reminiscehar
2137 653 2254 706 illo-

695 772 815 812 rum
851 755 1061 810 dierum
1093 751 1466 819 antiquorum.

768 849 853 902 11.
897 846 1022 900 Haec
1076 845 1300 898 mutatio
1355 843 1582 894 dexterae
1615 838 1842 892 ἔπεισί.
1874 836 2013 890 Dum
2044 853 2253 891 mecum

699 949 998 998 versarem,
1025 933 1222 1002 inquit,
1255 931 1610 999 cogitationes
1645 929 1764 982 illas
1798 928 1862 982 de
1889 929 2070 996 populi
2105 927 2256 996 abje-

698 1028 899 1091 ctione,
936 1040 1058 1080 sero
1081 1024 1296 1078 tandem
1340 1021 1597 1086 intellexi,
1646 1021 2000 1074 mutationem
2042 1019 2185 1071 illam
2227 1034 2255 1071 τι

699 1116 856 1171 bonis
895 1115 960 1169 ad
995 1115 1158 1176 mala,
1199 1129 1317 1182 quze
1340 1113 1537 1182 populo
1561 1112 1809 1181 contigit,
1841 1111 1909 1164 ob
1933 1109 2068 1163 nihil
2108 1109 2253 1162 aliud

701 1208 968 1269 evenisse,
1005 1207 1108 1260 nisi
1166 1214 1385 1274 propter
1439 1202 1704 1256 Altissimi
1757 1203 2053 1256 dexteram.
2089 1200 2255 1266 Quasi

703 1300 944 1368 apertius
979 1299 1214 1352 diceret:
1259 1296 1486 1364 Propter
1516 1309 1578 1348 ea
1614 1309 1735 1362 qua:
1774 1303 1960 1347 contra
2008 1291 2255 1346 Salvatoo

703 1406 815 1446 rem
851 1390 1151 1454 Christum,
1185 1389 1277 1459 qui
1313 1399 1396 1442 est
1433 1389 1653 1441 dextera
1687 1385 1884 1449 Patris,
1911 1384 2050 1440 facta
2077 1392 2222 1439 sunt.

776 1569 862 1622 12.
901 1569 1036 1634 Quia
1061 1585 1254 1622 memor
1288 1583 1374 1621 ero
1404 1566 1468 1619 ab
1501 1566 1652 1619 initio
1678 1565 1998 1618 mirabilium
2028 1573 2255 1618 tuorum.

703 1658 968 1729 Cogitavi,
1025 1660 1218 1727 inquit,
1271 1666 1473 1726 quanta
1516 1658 1650 1725 ipsis
1688 1657 1827 1709 bona
1886 1656 2157 1721 tribuerit,
2208 1664 2260 1708 et

704 1749 883 1818 qualia
922 1748 1161 1802 vicissim
1213 1748 1494 1801 intulerint
1536 1747 1582 1800 ei
1624 1747 1786 1800 mala.

776 1842 861 1895 15.
899 1839 968 1893 Et
1019 1840 1306 1894 meditabor
1349 1841 1403 1892 in
1448 1839 1684 1894 omnibus
1710 1839 1950 1907 operibus
1992 1838 2116 1891 tuis.
2145 1836 2256 1891 Etsi

705 1930 848 1983 enim
878 1931 950 1983 illi
975 1931 1046 1983 ita
1079 1945 1136 1984 se
1162 1929 1447 1998 gesserint,
1504 1938 1558 1981 at
1587 1943 1686 1997 ego
1732 1943 1794 1980 ea
1848 1943 1967 1996 qua:
2011 1927 2077 1980 ab
2106 1927 2259 1981 initio

708 2019 864 2073 nobis
889 2020 1167 2074 contulisti
1196 2018 1454 2072 beneﬁcia
1477 2019 1542 2072 ad
1563 2018 1720 2069 linem
1748 2033 1917 2086 usque
1945 2019 2256 2072 recensebo:

709 2110 761 2164 id
790 2120 892 2170 est.
941 2111 1150 2165 nullum
1207 2125 1271 2164 ex
1327 2110 1480 2163 nobis
1539 2109 1751 2163 collatis
1784 2110 1945 2164 bonis
2003 2109 2260 2162 oblivioni

713 2200 938 2253 tradam.

783 2291 865 2344 H.
914 2291 1070 2353 Deus,
1104 2292 1157 2343 in
1205 2301 1386 2344 sancto
1423 2292 1505 2344 via
1544 2302 1654 2345 tua.
1690 2291 1948 2346 Sanctum
1981 2300 2136 2346 vocat
2171 2305 2264 2346 aut

709 2383 1104 2436 sanctiﬁcatum
1153 2385 1520 2450 apostolorum
1576 2385 1826 2448 chorum,
1880 2385 2097 2454 quicum
2149 2395 2263 2436 stu-

711 2475 882 2543 perula
911 2475 995 2527 illa
1034 2483 1086 2528 et
1114 2474 1294 2527 divina
1329 2474 1481 2543 signa
1514 2476 1736 2539 edebat;
1798 2484 1889 2528 aut
1930 2476 2056 2543 quia
2107 2491 2263 2530 neruo

710 2574 886 2634 potest
916 2565 1096 2618 venire
1122 2567 1186 2619 ad
1223 2565 1430 2619 Patrem
1457 2567 1558 2619 nisi
1599 2581 1692 2634 per
1728 2566 2026 2631 Christum,
2059 2568 2149 2636 qui
2182 2584 2258 2622 re-

708 2672 831 2712 vera
868 2668 1092 2712 sanctus
1123 2667 1226 2722 est,
1253 2667 1436 2725 utpote
1477 2655 1637 2711 Deus.
1682 2658 1811 2723 Quis
1864 2658 2001 2712 Deus
2045 2676 2262 2728 magnus

709 2749 844 2800 sicut
878 2747 1009 2799 Deus
1035 2759 1208 2799 noster
1234 2749 1258 2800 ἵ)
1296 2746 1559 2802 Omnibus
1589 2749 1890 2813 antecellis,
1925 2764 1956 2802 ο
1993 2749 2219 2804 Domine
2248 2769 2259 2803 :

711 2841 860 2892 solus
893 2839 1036 2892 enim
1066 2856 1184 2907 quae
1219 2841 1298 2894 vis
1330 2842 1596 2894 mirabilia
1627 2841 1891 2908 operaris.

782 2929 868 2980 16.
910 2928 1194 2983 Redemisti
1246 2933 1296 2983 in
1335 2930 1546 2984 brachio
1580 2941 1667 2983 tuo
1709 2931 1956 2998 populum
2008 2940 2174 2994 tuum,
2202 2932 2267 3000 [i-

736 3021 808 3071 ios
842 3018 1004 3071 Iacob
1043 3031 1092 3072 et
1117 3019 1329 3088 Joseph.
1365 3022 1502 3089 Ipsis
1541 3023 1682 3074 enim
1733 3022 1922 3090 primis
1955 3022 2268 3090 prxdicavit

711 3110 1060 3178 Evangelium
1107 3112 1258 3180 regni
1295 3113 1576 3167 cmlorum.
1615 3111 1901 3168 Brachium
1942 3113 2175 3182 Domini,
2213 3117 2264 3170 id

711 3211 792 3257 est
813 3201 1086 3254 Christus.

797 3293 880 3345 l7.
923 3292 1171 3346 Viderunt
1227 3304 1273 3348 te
1320 3313 1488 3365 aquae,
1538 3297 1696 3360 Deus,
1753 3308 1817 3352 et~
1855 3301 2159 3356 timuerunt.
2204 3300 2270 3354 Et

711 3386 1057 3453 quondonam
1091 3401 1244 3455 aqua:
1277 3387 1519 3442 videntes
1550 3389 1870 3454 timuerunt,
1912 3391 2014 3445 nisi
2050 3394 2268 3461 quando

710 3493 862 3532 mare
887 3479 1180 3548 increpavit
1209 3489 1260 3533 et
1294 3481 1606 3534 obmutuit?

783 3568 869 3622 18.
915 3568 1098 3624 Vocem
1140 3571 1390 3624 dederunt
1423 3573 1596 3624 nubes.
1653 3573 1858 3626 Etenim
1912 3575 2118 3642 sagittce
2165 3587 2268 3628 tua:

713 3669 1006 3712 transeunt.
1044 3659 1224 3714 Nubes
1249 3661 1335 3714 hic
1381 3670 1535 3716 vocat
1565 3672 1787 3716 sanctos
1840 3665 2133 3733 apostolos,
2176 3666 2268 3735 qui

712 3756 988 3809 caelestem
1027 3764 1079 3809 ct
1109 3756 1478 3826 evangelicum
1519 3772 1822 3811 sermonem
1863 3757 2265 3812 administrant.

716 3848 952 3918 Sagittas
985 3858 1163 3902 autem
1202 3856 1358 3903 vocat
1412 3850 1755 3918 operatioues
1791 3849 1963 3902 sancti
2010 3848 2266 3919 Spiritus.

712 3940 942 3994 Perinde
973 3941 1137 4008 igitur
1157 3950 1239 3994 est
1270 3957 1332 3995 ac
1353 3942 1404 4010 si
1433 3941 1634 3995 diceret
1670 3961 1681 3994 :
1717 3943 2070 4010 Operationes
2100 3943 2150 3995 in
2181 3942 2268 3996 di-

714 4032 938 4099 scipulis
967 4032 1073 4086 tuis
1112 4032 1289 4095 editae,
1328 4047 1423 4100 per
1451 4041 1621 4084 totum
1664 4033 1850 4086 orbem
1887 4033 2084 4087 audita:
2122 4043 2267 4087 sunt.

715 4122 1007 4178 Sciendum
1041 4132 1218 4178 autem
1254 4125 1430 4193 ipsum
1454 4123 1730 4178 Christum
1761 4126 2008 4191 sagittam
2042 4126 2267 4180 electam

713 4215 855 4282 apud
917 4212 1110 4268 Isaiam
1172 4215 1490 4284 pr0phetam
1541 4226 1911 4285 nuncupatum
1976 4215 2144 4271 fuisse
2193 4217 2263 4270 ⁸⁷.

724 4304 834 4358 Vox
868 4307 1089 4358 tonitrui
1123 4307 1198 4357 tui
1252 4307 1304 4358 in
1353 4317 1489 4360 rota.
1549 4306 1774 4361 Tonitru
1819 4308 1950 4363 dicit
1995 4310 2266 4380 evangeli-

713 4413 835 4450 cum
869 4413 1196 4460 sermonem,
1223 4399 1312 4466 qui
1361 4414 1452 4466 per
1493 4406 1662 4451 totum
1699 4401 1883 4454 orbem
1925 4400 2271 4456 vehementer

714 4487 975 4542 insonuit.
1011 4487 1380 4553 Quamobrem
1404 4489 1810 4559 cvnngelistam,
1840 4490 2009 4543 lilium
2047 4492 2269 4545 tonitrui

712 4580 1002 4648 appellavit
1035 4580 1100 4634 ⁸⁸.
1155 4580 1348 4634 Rotam
1389 4593 1568 4635 autem
1605 4583 1734 4637 dicit
1765 4583 2046 4636 hominum
2082 4586 2268 4651 vitam,

715 4681 772 4725 ut
800 4687 864 4725 ex
893 4669 1170 4725 Ezechiele
1221 4672 1462 4726 ediscere
1500 4682 1582 4727 est
1622 4674 1689 4727 ⁸⁸.
1726 4674 1952 4729 Perinde
1984 4675 2163 4745 itaque
2189 4687 2270 4731 est

713 4777 777 4818 ac
815 4763 858 4817 si
895 4762 1137 4817 diceret:
1178 4762 1368 4818 Sermo
1407 4772 1531 4817 tuus
1584 4767 1924 4834 evangelicus
1960 4770 2055 4821 toti
2088 4769 2265 4823 homi-

716 4871 845 4909 num
875 4857 1060 4925 generi
1089 4857 1320 4912 traditus
1343 4865 1445 4913 est.
1481 4857 1775 4912 “luxerunt
1801 4859 2013 4929 fulgura
2037 4872 2128 4914 tua
2154 4865 2265 4915 orbi

713 4959 889 5000 terra.
922 4945 1244 5016 Ecquaenam
1281 4949 1494 5017 fulgura
1525 4949 1742 5013 fuerint,
1772 4953 1875 5005 nisi
1902 4968 1962 5004 ca
1994 4969 2116 5020 quae
2157 4954 2262 5020 spi-

713 5039 896 5092 rituali
933 5054 1031 5092 nos
1081 5039 1284 5092 lumine
1334 5041 1631 5106 illustrant,
1672 5042 1842 5095 sancti
1895 5042 2101 5097 scilicet
2149 5058 2267 5108 apo-

713 5131 837 5185 stoli
873 5143 926 5184 et
975 5132 1360 5201 evangelistaa?
1417 5133 1618 5202 quibus
1672 5134 1920 5188 Salvator
1952 5135 2123 5188 dixit:
2170 5134 2268 5186 Vos

713 5229 840 5281 estis
879 5227 972 5280 lux
1016 5228 1196 5282 mundi
1225 5229 1290 5281 ’°.
1323 5227 1596 5282 Commota
1629 5241 1703 5281 est
1739 5239 1787 5282 et
1833 5233 2146 5284 contremuit
2177 5243 2252 5283 ter

717 5335 797 5372 ra.
831 5317 996 5384 Quasi
1027 5319 1188 5385 dicat,
1222 5321 1419 5375 Audita
1453 5331 1535 5375 est
1556 5321 1624 5376 ab
1651 5322 1904 5376 omnibus
1954 5322 2137 5376 orbem
2181 5324 2263 5376 in-

716 5411 1020 5467 colentibus
1058 5413 1313 5468 salutaris
1357 5413 1668 5482 prtedicatio
1700 5453 1714 5476 ,
1753 5428 1849 5481 per
1884 5429 2044 5482 quam
2085 5424 2269 5468 castus

719 5505 883 5558 timor
922 5519 1112 5561 omnes
1151 5506 1456 5576 occupavit,
1505 5504 1657 5575 juxta
1709 5506 1883 5561 illud:
1919 5505 2117 5560 Servite
2164 5507 2268 5558 Do-

719 5598 857 5650 mino
885 5598 936 5651 in
960 5599 1161 5664 timore,
1191 5608 1239 5653 et
1262 5599 1520 5653 exsultate
1541 5598 1587 5652 ei
1619 5616 1734 5652 cum
1769 5608 1986 5652 tremore
2026 5599 2090 5651 ".

796 5844 837 5875 ⁸⁷
870 5842 971 5899 lsa.
1008 5861 1149 5908 xm,
1180 5843 1230 5898 2.
1328 5842 1372 5876 ⁸⁸
1400 5839 1562 5898 Marc.
1590 5857 1671 5908 tu,
1704 5842 1784 5896 l7.

2356 651 2548 721 ηνεκὲς
2578 647 2755 701 αὐτῶν
2781 649 2813 714 ἡ
2843 639 3158 710 ἀποστροφὴ
3183 639 3426 706 γένηται.
3468 632 3912 704 ’Υπεμιμνησκὸ-

2360 756 2463 809 μην
2494 737 2714 790 ὲκείνων
2742 735 2848 787 τῶν
2891 730 3128 783 παλαιῶν
3156 727 3394 799 ἡμερῶν.

2425 831 2583 896 Αὕτη
2720 826 3044 888 ἀλλοίωσις
3077 821 3187 889 τῆς
3212 819 3412 886 δεξιᾶς
3456 819 3562 872 τοῦ
3598 818 3912 885 ’Υψίστοικ

2357 922 2555 982 Κινῶν,
2588 920 2741 989 φησὶ,
2771 918 2895 979 τοὺς
2914 916 3040 986 περὶ
3065 915 3162 982 τῆς
3203 912 3472 982 ἁποὸολῆς
3499 910 3591 963 τοῦ
3620 911 3802 973 ἔθνους
3835 910 3918 961 λο-

2357 1014 2603 1083 γισμοὺς,
2640 1010 2737 1078 ὀψέ
2783 1025 2909 1060 ποτε
2952 1007 3176 1076 συνῆκα,
3203 1006 3340 1075 ὼςὴ
3393 1002 3658 1074 μεταϐολὴ
3704 1003 3843 1072 αὕτη
3884 1005 3915 1071 ἡ

2357 1106 2415 1169 ἐξ
2444 1104 2658 1172 ἀγαθῶν
2689 1105 2765 1165 εἰς
2803 1100 2948 1154 κακὰ
3001 1099 3338 1167 γεγενημένη
3379 1096 3454 1166 τῷ
3489 1097 3626 1148 ἔθνει
3653 1096 3718 1148 δι’
3767 1095 3916 1147 οὐδὲν

2357 1199 2540 1268 ἓτερον
2569 1195 2852 1263 γεγένηται
2886 1191 2918 1261 ἢ
2944 1190 3030 1243 διὰ
3054 1188 3148 1259 τὴν
3177 1188 3268 1241 τοῦ
3309 1188 3561 1256 Ὑψίστου
3590 1187 3793 1251 δεξιάν.
3834 1188 3919 1249 Ὠς

2358 1292 2407 1342 εἰ
2439 1289 2762 1356 σαφέστερον
2793 1284 2997 1350 ἔλεγεν·
3024 1281 3118 1333 Διὰ
3142 1280 3208 1332 τὰ
3235 1281 3374 1332 κατὰ
3395 1279 3485 1331 τοῦ
3516 1279 3767 1347 Σωτῆρος
3790 1280 3919 1348 Χρι-

2363 1381 2484 1435 στοῦ
2523 1377 2905 1449 πεπραγμένα,
2948 1375 3006 1437 ὃς
3047 1375 3160 1426 ἐστι
3190 1372 3339 1436 δεξιὰ
3376 1372 3467 1424 τοῦ
3491 1372 3725 1441 Πατρός.

2430 1560 2556 1611 Ὅτι
2584 1560 3008 1625 μνησθησομαι
3053 1552 3171 1607 ἀπὸ
3202 1549 3307 1619 τῆς
3337 1550 3530 1620 ἀρχῆς
3558 1549 3678 1602 τῶν
3701 1553 3922 1617 θαυμα-

2359 1651 2508 1702 σίων
2539 1665 2672 1700 σου.
2727 1647 3029 1714 Ἐνενόησα,
3066 1645 3248 1713 φησὶν,
3307 1645 3406 1695 ὅσα
3434 1641 3593 1702 αὐτὸς
3620 1641 3802 1702 αὐτοῖς
3843 1643 3922 1693 ὲν-

2360 1738 2593 1804 εδείξατο
2618 1738 2814 1807 ἀγαθὰ,
2840 1734 2924 1790 οἷα
2953 1738 3009 1790 δὲ
3032 1735 3177 1805 αὑτῷ
3199 1734 3583 1788 ἀνταπέδωκαν
3612 1732 3780 1784 κακά.

2429 1832 2534 1886 Kal
2553 1830 2865 1900 μελετήσω
2917 1829 2985 1880 ἐν
3011 1826 3160 1882 πᾶσι
3188 1826 3309 1891 τοῖς
3339 1825 3532 1893 ἔργοις
3571 1839 3709 1877 σου.
3743 1825 3804 1874 Εἰ
3833 1822 3924 1874 καὶ

2360 1923 2549 1985 οὕτως,
2583 1922 2763 1992 φησὶν,
2813 1921 3028 1982 ἐκεῖνοι,
3080 1917 3192 1970 ἀλλ’
3236 1915 3343 1985 ἐγὼ
3391 1916 3497 1968 ἀπὸ
3520 1914 3618 1984 τῆς
3645 1912 3824 1983 ἀρχῆς
3853 1905 3923 1963 ὧν

2361 2017 2438 2078 είς
2471 2017 2614 2085 ἡμᾶς
2639 2013 2784 2084 ἢρξω
2808 2009 3152 2082 εὐεργεσιῶν,
3183 2008 3344 2079 μέχρι
3369 2008 3552 2068 τέλους
3581 2005 3922 2075 διεξέλθοιμι·

2359 2106 2649 2167 τουτέστιν,
2672 2104 2819 2158 οὐδὲν
2843 2103 2948 2156 τῶν
2975 2104 3029 2154 ἐν
3045 2104 3176 2172 ἡμῖν
3198 2100 3580 2171 γεγενημένων
3599 2097 3781 2151 καλῶν
3792 2098 3926 2168 λῄθῃ

2364 2197 2611 2270 παραδῶ.

2442 2290 2494 2340 Ὀ
2521 2287 2682 2352 Θεὸς,
2721 2287 2790 2339 ἐν
2816 2286 2892 2350 τῷ
2936 2285 3080 2353 ἁγίῳ
3105 2287 3141 2351 ἠ
3193 2283 3332 2348 ὁδός
3361 2299 3496 2336 σου.
3536 2283 3726 2349 Ἀγιόν
3767 2297 3928 2349 φησιν

2364 2379 2395 2448 ἢ
2426 2380 2514 2430 τὸν
2564 2377 2892 2446 ἡγιασμένον
2922 2377 3026 2427 τῶν
3057 2374 3364 2427 ἀποστόλων
3405 2371 3583 2443 χορὸν,
3637 2372 3755 2442 μεθ’
3780 2373 3838 2424 ὃν
3864 2367 3928 2440 ἦν

2366 2470 2624 2523 ἐπιτελῶν
2676 2470 2771 2531 τὰς
2822 2467 3151 2538 παραδόξους
3194 2465 3535 2534 θεοσημείσς
3569 2464 3601 2533 ἢ
3631 2465 3713 2515 ὅτι
3757 2463 3929 2525 οὐδεὶς

2362 2563 2578 2616 δύναται
2604 2561 2772 2614 ἐλθεῖν
2811 2561 2944 2630 πρὸς
2974 2560 3063 2611 τὸν
3087 2557 3300 2628 Πατέρα
3328 2559 3375 2608 εἰ
3430 2556 3503 2626 μὴ
3547 2556 3633 2608 διὰ
3663 2553 3925 2625 Χριστοῦ,

2363 2657 2420 2717 ὃς
2459 2657 2571 2707 ἐστι
2600 2654 2737 2707 κατὰ
2766 2653 3019 2722 ἀλήθειαν
3053 2651 3202 2717 ἆγιος
3223 2649 3296 2711 ὡς
3324 2649 3473 2711 Θεός.
3531 2647 3630 2713 Τίς
3666 2647 3812 2710 Θεὸς
3831 2645 3924 2715 μέο

2365 2762 2472 2814 Tm;
2501 2747 2578 2809 ὡς
2604 2747 2633 2796 ό
2670 2744 2812 2807 Θεὸς
2837 2741 3037 2810 imam,-
3071 2741 3291 2792 Πάντων
3319 2737 3626 2807 ὑπερέχεις,
3662 2737 3905 2789 Δέσποτα

2369 2838 2524 2908 μόνος
2557 2837 2662 2906 γὰρ
2691 2836 2831 2904 ἆπερ
2861 2833 3030 2896 θέλεις
3063 2829 3539 2900 Οίιυμίιτουργεῖς.

2452 2927 2794 2997 Ἐλυτρώσω
2815 2929 2881 2979 ἐν
2915 2924 2992 2990 τῷ
3027 2924 3309 2994 βραχίονί
3339 2939 3451 2976 σου
3483 2923 3584 2974 τὸν
3611 2921 3765 2974 λαόν
3795 2934 3932 2982 σου,

2367 3018 2506 3084 τοὺς
2549 3017 2712 3081 υἱοὺς
2765 3015 2972 3069 Ἰακὼϐ
3001 3014 3095 3065 καὶ
3143 3009 3384 3078 Ἰωσήφ.
3424 3009 3613 3069 Αὑτοῖς
3643 3006 3754 3076 γὰρ
3788 3004 3934 3075 πρὼ-

2367 3125 2478 3170 τοις
2506 3105 2735 3176 ἐκήρυξε
2762 3105 2820 3156 τὸ
2848 3102 3174 3170 Εὑαγγέλιον
3199 3100 3296 3168 τῆς
3333 3097 3606 3166 βασιλείας
3629 3095 3738 3149 τῶν
3765 3095 3931 3166 οὐρα-

2293 3224 2336 3279 C
2369 3201 2494 3254 νῶν.
2559 3200 2616 3251 '0
2651 3195 2884 3267 βραχίων
2916 3193 3138 3264 Κυρίου,
3168 3190 3438 3243 τουτέστιν
3531 3187 3784 3279 Χριστός.

2436 3287 2698 3344 Εἵδοσάν
2742 3304 2814 3340 σε
2866 3284 3072 3344 ὕδατα,
3112 3286 3144 3335 ό
3176 3279 3336 3344 Θεὸς,
3387 3277 3482 3330 καὶ
3525 3277 3932 3344 ἐφοϐήθησαν.

2369 3381 2477 3433 Καὶ
2512 3380 2640 3432 πότε
2669 3377 2828 3431 αὑτὸν
2861 3375 3038 3427 ἰδόντα
3075 3371 3311 3442 ἐφοϐήθη
3343 3371 3406 3422 τὰ
3438 3369 3622 3429 ὕδατα,
3663 3367 3696 3437 ἢ
3722 3369 3814 3420 ὅτε
3842 3368 3934 3419 ἐπι

2369 3471 2593 3538 ετίμησε
2625 3470 2688 3537 τῇ
2725 3466 2964 3532 θαλάσσῃ
2990 3463 3081 3515 καὶ
3105 3462 3418 3530 nescium—.0;

2439 3557 2650 3625 Φωνὴν
2703 3556 2932 3609 ἔδωκαν
2961 3557 3017 3606 ul
3059 3552 3320 3620 νεφέλαι.
3378 3550 3487 3602 Καὶ
3538 3549 3646 3617 γὰρ
3671 3547 3742 3601 τὰ
3777 3547 3932 3611 βέλη

2369 3667 2484 3704 σου
2511 3648 2977 3716 διαπορεύονται.
3000 3643 3242 3713 Νεφέλας
3270 3643 3325 3694 ὲν
3359 3640 3565 3703 τούτοις
3598 3640 3722 3702 τοὺς
3751 3639 3933 3707 ἁγίους

2369 3741 2689 3802 ἀποστόλους
2747 3738 2880 3808 φησὶ
2906 3737 3031 3798 τοὺς
3072 3737 3160 3786 τὸν
3188 3734 3434 3803 οὐράνιον
3467 3732 3557 3784 καὶ
3585 3731 3935 3799 εὐαγγελικδν

2369 3833 2740 3893 διακονοῦντας
2772 3831 2946 3896 λόγον’
2974 3827 3098 3896 βέλη
3129 3826 3184 3877 δὲ
3211 3825 3309 3887 τὰς
3342 3824 3616 3894 ἐνεργείας
3651 3822 3747 3874 τοῦ
3783 3824 3933 3891 ἁγίου

2370 3925 2701 3993 Πνεύματος.
2730 3923 2951 3990 Ὅμοιον
2971 3915 3060 3970 οὖν
3087 3917 3217 3969 ὡσεὶ
3244 3916 3469 3984 λέγοιεν·
3494 3917 3556 3967 Δί
3584 3916 3856 3984 ἐνέργειαι
3881 3916 3933 3967 αἱ

2370 4017 2448 4078 είς
2497 4017 2620 4076 τους
2662 4013 2846 4080 ἁγίους
2896 4027 2987 4062 σου
3027 4009 3269 4080 μαθητὰς
3319 4008 3626 4073 ἐξακουστοι
3678 4007 3828 4077 πασῃ
3871 4009 3933 4076 τῇ

2370 4106 2658 4178 οἰκουμένῃ
2687 4104 2990 4172 γεγόνασιν.
3035 4101 3228 4153 ’ἰστέον
3273 4099 3350 4160 δὲ,
3382 4099 3454 4162 ὡς
3475 4099 3568 4150 καὶ
3596 4098 3759 4160 αὐτὸς
3791 4098 3936 4167 βέλος

2372 4195 2622 4248 ἐκλεκτὸν
2653 4191 2799 4262 παρὰ
2817 4190 2894 4260 τῷ
2923 4190 3174 4260 προφήτῃ
3199 4187 3394 4258 Ἡσαΐᾳ
3414 4187 3740 4256 ὠνόμασται.
3767 4187 3934 4252 φωνὴ

2370 4287 2480 4355 τῆς
2511 4282 2775 4352 βροντῆς
2808 4299 2924 4335 σοιν
2948 4281 3016 4333 ἐν
3049 4277 3126 4342 τῷ
3152 4276 3358 4346 τροχῷ.
3393 4279 3626 4349 Βροντὴν
3659 4278 3752 4329 τὸν
3779 4280 3938 4346 εὐαγ-

2370 4377 2579 4446 γελικὸν
2612 4376 2765 4442 λόγον
2810 4374 2972 4443 φησὶ.
3029 4371 3118 4424 τὸν
3157 4374 3652 4438 κατακτυπήσαντα
3707 4368 3810 4439 τὴν
3848 4370 3935 4422 ὑπ’

2370 4470 2612 4540 οὐρανόν.
2656 4468 2744 4519 Διὸ
2791 4467 2885 4518 καὶ
2926 4465 3015 4516 τὸν
3059 4461 3441 4531 εὑαγγελιστὴν
3482 4462 3594 4513 υἱὸν
3632 4463 3936 4514 ἀπεκαλεσε

2303 4554 2345 4606 D
2379 4562 2623 4632 βροντῆς.
2668 4557 2871 4629 Τροχὸν
2905 4557 2959 4608 δὲ
2991 4554 3096 4606 τῶν
3142 4552 3440 4622 ἀνθρώπων
3474 4552 3562 4606 τὸν
3608 4552 3719 4622 βίον
3751 4554 3933 4624 ῳησίν·

2375 4656 2449 4717 ὡς
2491 4655 2581 4707 καὶ
2615 4654 2678 4704 ἐκ
2725 4651 2815 4703 τοῦ
2858 4648 3114 4718 Ἰεζεκιὴλ
3148 4647 3260 4699 ἔστι
3311 4648 3518 4716 μαθεῖν.
3572 4648 3796 4716 Ὅμοιον
3847 4644 3939 4700 οὖν

2374 4748 2504 4800 ὡσεὶ
2538 4745 2702 4813 λέγοιο
2740 4745 2796 4796 Ὀ
2833 4743 2986 4808 λόγος
3021 4757 3114 4792 σου
3147 4742 3174 4792 ὁ
3203 4740 3552 4806 εὐαγγελικὸς
3575 4741 3739 4792 παντὶ
3769 4741 3938 4793 διαδέ-

2372 4839 2518 4892 δοται
2542 4836 2859 4908 ἀνθρωπίνῳ
2888 4833 3048 4900 γένει.
3093 4833 3364 4899 Ἐφαναν
3393 4835 3449 4886 al
3497 4833 3794 4898 ἀστραπαί
3825 4851 3937 4887 σου

2373 4930 2448 4998 τῇ
2470 4927 2802 4997 οἰκουμένῃ.
2839 4927 2946 4978 Καὶ
2985 4927 3126 4988 τίνες
3171 4925 3234 4977 ἂν
3263 4919 3370 4975 εἷεν
3406 4926 3461 4975 αἱ
3489 4923 3765 4993 ἀστραπαὶ
3817 4924 3850 4993 ἢ
3885 4925 3937 4976 αἱ

2370 5022 2429 5074 τὸ
2477 5021 2661 5090 νοητὸν
2699 5021 2828 5089 ἡμῖν
2855 5018 3258 5088 ἀστράπτουσαι
3289 5016 3422 5083 φῶς,
3457 5016 3504 5067 οἱ
3529 5015 3670 5082 ἅγιοι
3703 5016 3935 5068 ἀπόστο-

2372 5113 2452 5164 λοι
2505 5112 2598 5163 καὶ
2628 5107 3009 5176 εὑαγγελισταί
3038 5123 3052 5170 ;
3099 5101 3179 5167 οἷς
3214 5105 3395 5172 ἔλεγεν
3422 5106 3448 5156 ό
3486 5105 3698 5175 Σωτήρο
3753 5105 3935 5172 Ὑμεῖς

2372 5203 2512 5255 ἐστε
2545 5199 2610 5252 τὸ
2645 5197 2766 5268 φῶς
2799 5197 2906 5250 τοῦ
2955 5197 3201 5264 κόσμου.
3257 5196 3579 5260 Ἐσίιλεύθη
3612 5196 3707 5248 καὶ
3739 5195 3935 5262 ἔντρο-

2374 5311 2480 5364 μος
2507 5290 2755 5361 ἐγενήθη
2782 5291 2819 5356 ἠ
2851 5289 2946 5358 γῆ.
2965 5289 3110 5341 ’Λντὶ
3147 5287 3260 5350 τοῦ,
3311 5287 3662 5350 Ἐξάκουστον
3694 5287 3807 5349 τοῖς
3835 5285 3933 5339 ἀνὰ

2377 5387 2547 5438 πᾶσαν
2575 5385 2672 5454 τὴν
2703 5387 2804 5452 γῆν
2835 5383 3024 5450 γέγονε
3097 5379 3156 5432 τὺ
3182 5381 3439 5450 σωτήριον
3477 5381 3754 5450 κήρυγμα,
3789 5381 3853 5434 δι’
3873 5373 3930 5431 οὗ

2372 5477 2464 5530 καὶ
2489 5475 2648 5544 φόδος
2677 5474 2834 5542 ἁγνὸς
2857 5471 3061 5533 πάντας
3091 5470 3268 5534 ἔλαϐε,
3297 5472 3433 5523 κατὰ
3453 5472 3532 5522 τό·
3560 5475 3932 5526 Δουλευσατε

2375 5563 2452 5630 τῷ
2506 5565 2695 5632 Κυρίῳ
2751 5565 2819 5617 ἐγ
2854 5563 3050 5632 φόϐῳ,
3108 5561 3203 5613 καὶ
3250 5560 3620 5628 ἀγαλλιᾶσθε
3661 5561 3822 5628 αὐτῷ
3868 5563 3932 5616 ἐν

2382 5658 2590 5727 τρόμῳ.

1864 5844 1904 5875 ³⁷
1936 5840 2129 5896 Ezech.
2167 5837 2310 5905 1,20.
2388 5837 2430 5868 ’°
2468 5834 2656 5891 Matth.
2691 5852 2741 5901 v,
2780 5835 2861 5891 l4.
2903 5837 2942 5868 "
2972 5834 3114 5890 Psal.
3155 5850 3210 5892 ιι,
3256 5830 3333 5885 ll.
