4108 6492
215 457 314 512 349

1258 449 1620 507 EXPOSITIO
1661 450 1724 505 ΙΝ
1763 449 2090 507 ΡδΑιιωιι
2131 452 2383 507 LXXVII.

3333 459 3436 511 350

291 568 397 624 Ἐν
427 569 504 637 τῇ
533 569 816 636 θαλάσσῃ
845 567 982 633 ὁδός
996 581 1131 632 σου,
1155 566 1250 620 και
1282 569 1340 620 al
1371 568 1550 634 τρίϐοι
1578 583 1695 619 σου
1717 567 1776 618 ἐν

1957 566 2044 620 90.
2078 564 2142 618 1η
2168 569 2301 619 mari
2342 569 2424 619 via
2478 576 2567 619 tua
2607 574 2655 618 et
2684 569 2883 620 semita:
2907 577 3010 621 tua
3033 567 3084 620 in
3114 567 3261 636 aquis
3297 569 3436 620 mul-

213 659 390 714 ὕδασι
431 658 712 724 πολλοῖς.
758 658 1041 711 Θάλασσαν
1071 655 1167 726 μὲν
1211 656 1302 709 τὸν
1358 657 1579 725 κόσμον,
1620 656 1785 708 ὓδατα

212 755 265 807 δὲ
300 754 471 806 πολλὰ
506 752 576 805 τὰ
605 755 661 805 ὲν
689 749 838 819 αὐτῷ
886 751 1117 818 διὰςρορα
1149 747 1253 800 τῶν
1283 745 1580 817 ἀνθρώπων
1631 747 1780 816 γένη.

224 843 440 912 Ἐπειδὴ
471 842 528 894 δὲ
557 845 586 894 ό
616 840 844 910 Χριστὸς
895 838 1192 890 ἐνετείλατο
1223 837 1394 903 λέγων
1417 840 1524 900 τοῖς
1557 837 1783 888 ἀποστό-

211 933 337 997 λοιςο
374 929 792 998 Πορευθέντες,
825 929 1236 998 μαθητεύσατε
1287 927 1482 980 πάντα
1510 929 1579 980 τὰ
1612 927 1779 994 ἔθνη.

212 1025 322 1086 καὶ,
390 1022 552 1077 Ἰδοὺ
580 1024 706 1090 μεθ’
755 1021 920 1089 ὑμῶν
976 1021 1090 1088 ειμι
1133 1019 1334 1085 πάσας
1382 1020 1487 1084 τὰς
1540 1018 1778 1087 ἡμέρας·

211 1114 495 1184 διέδραμον
520 1113 577 1165 δὲ
605 1113 702 1180 τὴν
728 1112 816 1163 ὑπ’
840 1110 1191 1180 οὐρανὸν,καὶ
1212 1108 1478 1179 ἐκήρυξαν
1501 1111 1578 1170 εἰς
1610 1110 1781 1161 πάντα

211 1203 273 1254 τὰ
300 1201 450 1272 ἔθνη,
501 1203 750 1261 συνόντος
779 1200 958 1260 αὐτοῖς
992 1199 1234 1276 ἀρρὰτως
1267 1198 1507 1268 δηλονότι
1535 1197 1625 1250 τοῦ
1675 1199 1780 1250 Κυ-

214 1290 346 1358 ρίου,
383 1288 532 1342 κατὰ
593 1288 690 1349 τὰς
735 1287 980 1355 ἀψευδεῖς
1019 1285 1180 1338 αὑτοῦ
1215 1284 1562 1353 ἐπαγγελίας⁸
1593 1285 1778 1338 τούτου

211 1379 364 1450 χάριν
386 1381 654 1449 ἐπήγαγε·
674 1378 780 1431 Καὶ
807 1379 877 1430 τὰ
912 1378 1049 1445 ἴχνη
1074 1393 1187 1430 σου
1216 1379 1287 1430 οὺ
1309 1377 1776 1445 τνωσθήσονται,

207 1471 291 1523 διὰ
321 1473 382 1524 τὸ
413 1473 648 1542 ἀόρατον
681 1473 777 1541 τῆς
814 1471 928 1539 μετ’
975 1469 1154 1523 αὐτῶν
1181 1469 1400 1539 πορείας
1423 1469 1515 1520 τού
1555 1469 1776 1539 Κυρίου.

207 1563 350 1632 ΙΓΑὴν
377 1563 478 1616 κα)⁸
537 1564 692 1632 μόνος
739 1563 899 1624 αὐτὸς
934 1562 1008 1626 ὡς
1041 1562 1171 1624 Θεὸς
1222 1562 1510 1632 ἐποιήσατο
1559 1563 1650 1614 ἐπὶ
1681 1564 1780 1632 τῆς

206 1655 466 1724 αἰσθητῆς
524 1655 794 1724 θαλάσσης
824 1653 920 1724 τὴν
959 1653 1199 1722 πορείαν,
1247 1652 1322 1715 ῶς
1358 1671 1517 1724 φησιν
1558 1655 1586 1706 ό
1615 1653 1777 1722 εὐαγ-

205 1747 484 1816 γελιστής.

283 1839 630 1907 Ὠδήτησας
655 1839 733 1904 ὠς
767 1838 1026 1906 πρόϐατα
1058 1835 1164 1890 τὸν
1185 1839 1338 1890 λαόν
1361 1849 1496 1890 σου.
1533 1836 1642 1889 Kal.
1672 1836 1777 1888 ῶσ-

206 1948 307 2002 περ
348 1931 604 2000 πρόϐατα
650 1931 749 1983 οὐκ
783 1929 961 1982 εἰδότα
1001 1930 1121 1982 ὅποι
1158 1945 1217 1981 τε
1273 1929 1457 1982 ἄπεισι
1507 1931 1599 1982 καὶ
1647 1931 1775 1981 λὸποι

207 2023 534 2092 πορεύεται,
596 2022 766 2082 οὕτως
817 2022 964 2090 ἡμᾶς
1009 2021 1165 2084 αὐτὸς
1211 2021 1416 2090 διῆγες,
1480 2022 1776 2092 ὑπηρέταις

204 2115 336 2184 πρὸς
364 2114 529 2166 τοῦτο
553 2117 663 2177 τοῖς
685 2113 808 2183 περὶ
823 2112 912 2163 τὸν
945 2112 1179 2165 Μωῦσέα
1213 2113 1306 2166 καὶ
1335 2113 1542 2183 ’Δαρὼν
1581 2129 1777 2184 κεχρη-

209 2205 380 2274 μένος.
416 2205 607 2257 Πάντα
663 2204 839 2273 μέντοι
878 2203 984 2256 ἀπὸ
1013 2203 1126 2255 τοῦ·
1169 2204 1504 2273 Ἐμνήσθην
1537 2205 1653 2258 τῶν
1687 2208 1778 2274 ἕρ-

205 2311 320 2362 γιιγ
376 2295 626 2361 Κυρίου,
692 2293 937 2346 ἀπέδωκε
979 2293 1112 2364 πρὸς
1158 2294 1240 2346 τόσ
1299 2294 1640 2362 Ἐμνήσθην
1671 2295 1776 2349 τοῦ

207 2383 371 2448 θεοῦ,
390 2386 494 2438 καὶ
521 2383 1100 2453 εὐφράνθηνπούτων
1115 2385 1242 2456 γὰρ,
1269 2389 1450 2456 φησὶν,
1479 2388 1778 2457 ὑπομιμνη-

208 2478 497 2546 σκόμενος,
539 2476 958 2546 παρεκαλούμην
977 2477 1073 2546 τὴν
1101 2477 1336 2530 διάνοιαν
1365 2479 1457 2530 καὶ
1490 2479 1774 2548 εὐφραινό-

207 2583 328 2635 μην.
368 2566 598 2618 Ἐννοῶν
652 2566 756 2636 γὰρ
797 2565 896 2617 ὅσα
937 2582 996 2617 τε
1036 2567 1128 2618 καὶ
1161 2560 1248 2618 οἷα
1289 2570 1420 2636 ἡμῖν
1454 2568 1661 2638 ὑπῆρξε
1707 2570 1772 2638 τῇ

206 2657 269 2726 σῇ
306 2655 551 2726 βοηθείᾳ,
585 2656 900 2726 ἐπειθόμην,
928 2655 1002 2719 ῶς
1027 2656 1126 2708 οὐκ
1147 2657 1211 2710 ἄν
1243 2668 1369 2711 ποτε
1400 2659 1634 2711 τοσαῦτα
1676 2677 1774 2710 πε-

206 2747 446 2817 ποιηκὼς
497 2747 589 2798 ἐπὶ
616 2749 677 2816 τῇ
709 2747 950 2816 ἡμετέρᾳ
979 2746 1220 2816 σωτηρίᾳ
1257 2749 1348 2800 καὶ
1387 2751 1452 2819 τῇ
1482 2748 1588 2800 τῶν
1647 2766 1775 2802 κατ-

205 2839 430 2906 εχόντων
459 2837 579 2889 τότε
606 2837 1286 2908 ἁπαλλαγῇ,νῦν’ἀνάσχοιο
1313 2841 1486 2909 πάντη
1510 2841 1776 2911 ύπερ.δεῖν

204 2934 345 3000 ἡμᾶς
374 2935 435 2984 ἐν
484 2930 696 2999 δουλείᾳ
729 2947 784 2981 τε
811 2931 968 2992 ὄντας
998 2932 1090 2983 καὶ
1134 2935 1478 3003 αἰχμαλωσίᾳ
1523 2937 1614 2986 καὶ
1644 2952 1776 3004 συμ-

205 3025 360 3093 φορᾷ.
402 3024 508 3076 Ἐν
550 3021 697 3090 χειρί
721 3021 945 3089 Μωῠσῇ
974 3023 1068 3074 καὶ
1107 3023 1345 3090 Ἀαρών.
1378 3025 1447 3076 Σὺ
1478 3026 1657 3088 αὐτὸς,
1683 3044 1776 3096 φη-

207 3115 302 3173 σὶν.
329 3107 374 3166 ῶ
405 3115 670 3172 Δέσποτα,
694 3115 721 3166 ό
749 3114 885 3183 μετὰ
915 3114 1020 3167 τῶν
1051 3115 1216 3182 ἁγίων
1246 3115 1552 3168 ἀποστόλων
1581 3117 1771 3179 συνὼν,

1885 660 1975 712 tis.
2011 658 2156 713 Mare
2183 671 2341 713 vocat
2371 661 2654 723 mundum,
2693 676 2864 731 aquas
2890 669 3066 713 autem
3101 661 3316 722 multas,
3356 662 3409 715 di

1884 765 2033 803 versa
2093 751 2144 802 in
2194 766 2258 804 eo
2310 752 2586 805 hominum
2641 769 2860 822 genera.
2925 751 3190 818 Quoniam
3257 763 3434 805 autem

1881 838 2134 896 Christus
2163 844 2413 912 prtecepit
2449 844 2707 911 apostolis
2751 843 2940 897 dicens
2967 843 3047 896 "z
3100 841 3296 895 Euntes
3340 842 3436 895 do-

1881 939 1987 982 cete
2019 948 2194 986 omnes
2221 943 2428 1002 gentes;
2453 943 2525 999 et,
2563 933 2699 987 Ecce
2737 934 2999 987 vobiscum
3042 949 3156 985 sum
3199 933 3435 985 omnibus

1881 1022 2094 1086 diebus;
2129 1024 2229 1093 ipsi
2277 1040 2404 1080 vero
2451 1034 2620 1079 totum
2679 1025 2866 1078 orbem
2923 1033 3333 1093 percurrerunt,
3382 1032 3436 1076 et

1880 1113 2307 1181 praedicaverunt
2355 1115 2606 1169 omnibus
2642 1115 2893 1185 gentibus
2916 1155 2930 1178 ,
2979 1113 3210 1167 Domino
3240 1114 3432 1167 invisi-

1879 1205 2081 1268 biliter,
2121 1207 2417 1260 secundum
2442 1222 2662 1261 veraces
2698 1222 2824 1260 suas
2854 1206 3264 1274 promissiones,
3300 1206 3434 1273 ipsis

1879 1295 2202 1358 assistente;
2233 1295 2354 1348 ideo
2385 1296 2602 1348 intulit:
2637 1293 2704 1346 Et
2737 1295 2950 1362 vestigia
2990 1303 3076 1345 tua
3108 1309 3206 1344 non
3239 1309 3430 1361 cogno-

1879 1394 2107 1449 scentur,
2161 1385 2230 1438 ob
2285 1385 2609 1440 invisibilem
2669 1383 2880 1437 Domini
2920 1398 3263 1452 progressum
3306 1398 3429 1436 eum

1878 1477 1975 1529 eis.
1999 1473 2262 1528 Caeterum
2302 1475 2416 1543 ipse
2467 1477 2640 1541 solus,
2691 1483 2876 1544 utpote
2910 1473 3072 1537 Deus,
3125 1474 3268 1527 viam
3302 1473 3431 1529 fecit

1879 1567 1931 1620 in
1963 1567 2101 1620 mari
2129 1566 2395 1633 sensibili,
2432 1576 2491 1620 ut
2512 1567 2587 1621 ait
2623 1565 2974 1635 evangelista.

1947 1843 2036 1896 21.
2070 1841 2350 1896 Βεάιιαὶιιί
2380 1843 2514 1895 sicut
2547 1859 2660 1896 oves
2682 1842 2930 1911 populum
2966 1851 3131 1896 tuum.
3163 1842 3432 1908 Quemad-

1878 1935 2096 1988 modum
2120 1949 2247 1988 oves
2279 1949 2397 2002 quae
2429 1935 2676 1988 nesciunt
2707 1949 2815 2002 quo
2869 1933 3138 1988 vadantet
3173 1935 3261 1988 ubi
3287 1935 3431 1988 ince—

1876 2025 2024 2087 dant,
2065 2025 2145 2078 sic
2206 2039 2304 2077 nos
2354 2025 2468 2093 ipse
2503 2025 2797 2086 deduxisti,
2836 2025 3168 2079 administris
3206 2027 3270 2080 ad
3316 2027 3431 2080 haec

1880 2131 2014 2168 usus
2039 2113 2218 2184 Moyse
2243 2124 2295 2167 et
2323 2117 2553 2169 Aarone.
2583 2116 2774 2169 Omnia
2805 2117 2984 2184 itaque
3011 2117 3077 2169 ab
3102 2117 3184 2169 his
3217 2117 3426 2171 verbis:

1878 2207 2079 2259 Memor
2104 2207 2182 2273 fui
2208 2223 2420 2274 operum
2452 2205 2683 2270 Domini,
2727 2205 2890 2260 refert
2924 2207 2989 2259 ad
3023 2208 3186 2259 illud:
3228 2206 3434 2260 Memor

1877 2295 1953 2362 fui
1981 2293 2094 2353 Dei,
2123 2305 2170 2346 et
2208 2295 2494 2347 delectatus
2521 2311 2657 2346 sum.
2693 2293 2916 2357 Horum,
2958 2296 3152 2363 inquit,
3182 2298 3433 2349 recorda-

1877 2394 1982 2446 tus,
2018 2385 2318 2438 consolatio
2359 2386 2490 2437 mihi
2519 2394 2573 2437 et
2612 2386 2795 2439 laetitia
2829 2384 2948 2439 fuit.
2975 2384 3110 2439 Cum
3142 2389 3285 2440 enim
3319 2403 3429 2442 me-

1876 2491 1997 2530 cum
2029 2483 2336 2544 reputarem
2383 2483 2584 2541 quanta
2645 2485 2698 2527 et
2751 2476 2930 2543 qualia
2969 2479 3126 2532 nobis
3154 2493 3247 2547 per
3279 2479 3427 2531 auxi-

1875 2567 2007 2620 lium
2065 2577 2217 2620 tuum
2266 2565 2601 2630 obvenerint,
2645 2566 2980 2620 conﬁdebam
3019 2585 3296 2637 nunquam
3346 2569 3427 2622 iu-

1876 2667 2054 2711 turum
2093 2673 2234 2722 esse,
2262 2666 2322 2710 ut
2370 2668 2655 2727 postquam
2701 2672 2798 2728 pro
2828 2668 3011 2712 nostra
3043 2661 3216 2713 salute
3245 2670 3298 2714 et
3331 2676 3429 2730 pro

1875 2747 2190 2803 liberatione
2224 2763 2409 2802 eorum
2446 2749 2538 2817 qtti
2570 2749 2696 2802 olim
2747 2750 3128 2804 detinebantur
3172 2761 3318 2805 tanta
3348 2750 3426 2804 ef-

1876 2839 2068 2902 fecisti,
2117 2855 2260 2893 nunc
2314 2839 2456 2892 feras
2485 2850 2538 2892 ut
2591 2840 2860 2908 despicias
2913 2857 3012 2895 nos
3059 2843 3109 2896 in
3148 2844 3427 2908 servitute,

1875 2932 2186 2999 captivitate
2239 2940 2292 2984 et
2348 2931 2654 2985 calamitate
2715 2933 3098 2987 consistentes.
3153 2934 3217 2985 In
3270 2951 3427 2986 manu

1878 3023 2048 3091 Moysi
2074 3032 2122 3076 et
2151 3025 2350 3077 Aaron.
2392 3023 2470 3076 Tu
2504 3025 2634 3093 ipse,
2669 3023 2864 3092 inquit,
2903 3023 3148 3088 Domine,
3186 3025 3274 3093 qui
3323 3041 3428 3078 una

1876 3130 1996 3169 cum
2029 3114 2230 3169 sanctis
2255 3117 2514 3184 apostolis
2545 3133 2622 3178 es,
2659 3117 2787 3170 olim
2827 3132 2920 3185 per
2947 3115 3163 3186 Moysen
3195 3118 3428 3173 etluxisti

205 3207 295 3258 καὶ
329 3206 497 3258 παλαι
530 3206 658 3258 ποτὲ
687 3205 771 3258 διὰ
811 3208 1082 3269 Μωῡσέως
1124 3206 1387 3276 ἐξήγαγες
1418 3208 1474 3274 ἐξ
1504 3209 1772 3273 Αίγύπτου

1878 3206 2129 3276 populum
2160 3214 2310 3260 tuum
2346 3221 2411 3260 ex
2445 3205 2700 3276 Egypto,
2729 3207 2960 3261 ducibus
3016 3206 3192 3276 Moyse
3221 3217 3275 3261 et
3319 3210 3428 3264 Aa-

202 3296 288 3348 τὸ)
307 3297 434 3350 λαόν
471 3313 585 3358 σου,
620 3295 1042 3367 στρατηγοῦντος
1071 3298 1343 3359 Μωῦσέως
1366 3300 1457 3350 καὶ
1502 3299 1730 3370 Ἀαρών.

411 3385 723 3451 Συνέσεως
754 3384 833 3450 τῷ
857 3383 1068 3453 Ἀσάφ.
1109 3387 1414 3437 ΙίἈΑΜΟΣ.
1439 3388 1561 3437 OZ'.

849 3478 862 3495 °
875 3480 1181 3542 Υπόθεσις.

205 3569 402 3622 Τοῦτον
429 3569 544 3640 ᾄδει
568 3570 658 3621 τὸν
678 3567 887 3638 ψαλμὸν
923 3570 977 3620 Ἀ
987 3569 1114 3636 citas,
1135 3568 1212 3638 τῷ
1234 3567 1334 3634 νέῳ
1359 3567 1471 3637 λαῷ
1500 3567 1774 3638 παραινῶν

274 3661 351 3732 τῷ
380 3661 534 3731 νόμῳ
565 3660 850 3730 προσέχειν
876 3659 952 3730 τῷ
967 3659 1323 3727 εύαγγελικῴ,
1351 3659 1441 3712 τοῦ
1469 3677 1526 3711 τε
1547 3659 1774 3713 παλαιοῦ

277 3753 489 3805 ἐκείνου
536 3752 642 3804 τῶν
700 3750 966 3804 Ἰουδαίων
997 3751 1170 3820 δήμου
1211 3750 1564 3821 κατηγορῶν,
1603 3752 1670 3804 δι’
1715 3747 1775 3807 οὗ

273 3844 443 3897 πολλὰ
465 3844 898 3913 εὑεργετημένοι,
932 3843 1143 3906 οὐδενὸς
1184 3842 1608 3912 ἐμνημόνευσαν,
1653 3843 1779 3913 μᾶλ-

272 3933 361 3987 λον
402 3935 461 3988 δὲ
492 3936 586 3986 καὶ
641 3937 718 3998 εἰς
756 3935 1058 3988 τούναντίον
1109 3933 1340 4006 ἔτρεψαν
1409 3934 1507 3998 τὰς
1559 3935 1778 4007 εὐχαρι-

273 4027 449 4088 στίας,
483 4025 770 4096 ἀχαριστίᾳ
797 4025 887 4078 τὸν
917 4027 1208 4096 εὐεργέτην
1232 4027 1597 4097 ἁμειὸόμενοι.

272 4117 630 4185 Προσέχετε,
663 4119 812 4184 λαός
833 4137 974 4186 μου,
1000 4121 1106 4170 τὸν
1133 4119 1317 4187 νόμον
1337 4137 1475 4186 μου.
1511 4119 1619 4171 Καὶ
1642 4119 1778 4190 ποίῳ

207 4209 315 4280 λαῷ
353 4212 386 4282 ἢ
411 4209 492 4280 τῷ
522 4210 582 4274 ἐξ
617 4209 782 4262 ἐθνῶν
825 4214 1107 4282 παραινεῖ;
1137 4211 1245 4263 Καὶ
1274 4211 1408 4279 ποίῳ
1433 4211 1581 4281 νόμῳ
1613 4228 1778 4281 προσ-

207 4301 346 4372 ἐχειν
375 4301 805 4371 παρακελεύεται
839 4303 870 4372 ἢ
912 4303 989 4373 τῷ
1022 4302 1392 4372 εύαγγελικῴς
1423 4303 1546 4355 Ὅτι
1569 4302 1624 4354 δὲ
1654 4303 1778 4366 λαὸς

208 4394 365 4448 αὑτοῦ
392 4393 463 4446 τὰ
488 4394 636 4463 ἔθνη,
665 4396 693 4447 ό
719 4396 999 4466 προφήτης
1040 4394 1312 4466 Ζαχαρίας
1354 4393 1509 4463 φησί’
1539 4393 1645 4448 Καὶ
1676 4411 1779 4446 κα-

207 4483 601 4552 ταρεύξονται
644 4483 786 4550 ἔρνη
832 4483 1030 4536 πολλὰ
1081 4484 1177 4535 ἐπὶ
1231 4483 1336 4535 τὸν
1384 4483 1638 4550 Κύριον,
1680 4481 1774 4536 καί

1876 3315 2024 3353 "me.
2054 3389 2355 3444 Intellectus
2383 3389 2579 3458 Asnplt.
2613 3386 2967 3443 PSALMUS.
2999 3386 3289 3442 LXXVII.

2445 3481 2842 3548 Argumentum.

1875 3571 2027 3628 Hune
2053 3573 2200 3627 canit
2232 3573 2500 3642 psalmum
2544 3573 2746 3642 Asaph,
2785 3587 2982 3625 novum
3036 3573 3293 3640 p0pulum
3337 3573 3430 3626 atl-

1945 3679 2194 3728 monens,
2235 3673 2294 3718 ut
2335 3664 2657 3733 evangelica:
2702 3664 2801 3732 legi
2841 3663 3112 3728 attendat;
3154 3665 3435 3733 populum-

1948 3772 2054 3824 que
2106 3756 2256 3808 illum
2317 3756 2600 3823 antiquum
2657 3754 2942 3808 Jtulaieum
2997 3765 3235 3814 accusat.
3288 3755 3433 3822 quod

1946 3847 2132 3902 multis
2164 3847 2399 3915 acceptis
2446 3845 2743 3905 beneﬁciis,
2785 3845 2988 3898 nullius
3021 3861 3287 3899 memores
3317 3846 3433 3900 fue-

1954 3939 2087 4000 rint,
2127 3939 2218 3993 sed
2244 3947 2431 3991 contra
2475 3942 2595 3991 loco
2625 3937 2917 4006 gratiarum
2966 3935 3217 4000 actionis,
3250 3936 3434 4005 ingra-

1952 4030 2183 4084 titudine
2207 4027 2504 4082 beneﬁcum
2538 4029 2957 4082 remunerarint.

1948 4124 1999 4177 1.
2038 4121 2319 4180 Attendite.
2351 4119 2536 4189 popule
2564 4135 2728 4181 meus,
2776 4121 2935 4188 legem
2974 4135 3163 4171 meam.
3197 4117 3433 4188 Ecquem

1879 4213 2130 4282 populum
2165 4214 2500 4275 cohortatur,
2535 4210 2636 4264 nisi
2683 4209 2774 4278 qui
2801 4226 2866 4264 ex
2899 4209 3148 4278 gentibus
3177 4209 3439 4263 est‘l~Ec-

1878 4306 1964 4359 cui
1992 4305 2090 4374 legi
2124 4304 2398 4358 attendere
2423 4303 2576 4371 jubet
2624 4303 2727 4356 nisi
2768 4301 3121 4371 evangelicze?
3147 4301 3300 4367 Quod
3335 4317 3439 4356 au-

1882 4404 1984 4450 tem
2021 4404 2206 4462 gentes
2236 4395 2345 4448 sint
2376 4394 2607 4462 populus
2645 4394 2783 4462 ejus,
2833 4393 2882 4446 id
2919 4394 2992 4448 ait
3041 4393 3301 4462 pr0pheta
3335 4391 3439 4449 Za-

1879 4487 2125 4542 charias:
2165 4484 2234 4538 Et
2263 4484 2558 4554 confugient
2589 4496 2759 4553 gentes
2798 4483 2976 4538 multa:
3005 4487 3072 4535 ad
3111 4482 3392 4540 Dominum
3421 4527 3435 4541 .

208 4576 449 4630 ἔσονται
501 4573 662 4640 αὑτῷ
704 4579 790 4640 είς
839 4577 1010 4630 λαόν.
1063 4577 1316 4629 latrare
1362 4574 1427 4627 τὸ
1471 4571 1578 4641 οὖς
1614 4574 1776 4644 ὑμῶν

1878 4589 1924 4634 et
1953 4590 2099 4632 erunt
2130 4579 2228 4644 ipsi
2262 4578 2315 4629 in
2345 4577 2594 4646 populum
2625 4576 2690 4628 ”.
2725 4573 2984 4629 Inclinate
3011 4589 3193 4627 aurem
3213 4589 3436 4632 uestram

210 4666 353 4734 πρὸς
404 4666 479 4719 τὰ
526 4665 764 4734 ῥήματα
819 4665 924 4719 τοῦ
973 4667 1270 4734 στόματός
1303 4683 1440 4734 μου.
1481 4664 1778 4736 Προθύμως

209 4759 332 4830 γὰρ.
365 4759 522 4828 φησὶ,
549 4758 656 4809 τῶν
689 4759 816 4828 παρ’
851 4757 983 4828 ἐμοῦ
1013 4757 1317 4827 λεγομένων
1347 4756 1633 4810 ἀκούσατε.

274 4848 512 4912 Ἀνοίξω
551 4848 623 4900 ἐν
665 4847 1029 4914 παραϐολαῖς
1072 4847 1134 4899 τὸ
1174 4848 1366 4916 στόμα
1399 4865 1540 4916 μου.
1585 4847 1776 4917 Σαφῶς

208 4937 360 4991 τοῦτο
385 4939 416 4992 ό
459 4936 846 5006 εὐαγγελιστὴς
885 4938 1193 5007 ἡρμήνευσε
1227 4937 1532 5008 πληρωθὲν,
1563 4938 1650 4990 ὅτε
1678 4938 1778 4999 τὰς

211 5029 402 5093 πολλὰς
447 5027 760 5101 παραΰολὰς
792 5023 940 5082 εἶπεν
978 5032 1006 5082 ό
1047 5028 1247 5100 Κύριος
1292 5030 1349 5082 ἐν
1390 5032 1500 5093 τοῖς
1533 5030 1772 5098 Εύαγγε-

211 5120 359 5183 λίοις.

277 5206 383 5259 Kal
429 5207 484 5258 οι
531 5206 780 5276 πατέρες
830 5207 998 5277 ἡμῶν
1039 5207 1403 5279 διηγήσαντο
1445 5210 1606 5278 ἡμῖν.
1637 5211 1776 5264 Ὅσα

210 5297 352 5367 παρὰ
397 5295 507 5348 τῶν
544 5298 814 5368 πατέρων,
867 5297 1018 5368 φησὶ,
1051 5298 1404 5370 δεδιδάγμεθα
1429 5300 1774 5364 ἀκούσαντες,

211 5387 382 5440 πάντα
407 5385 580 5440 ταῦτα
612 5387 699 5442 διὰ
737 5389 848 5443 τῶν
883 5391 1058 5462 ἔργων
1103 5393 1194 5445 καὶ
1233 5391 1332 5461 τῆς
1366 5391 1528 5445 αὑτοῦ
1577 5409 1778 5464 παρου-

212 5477 325 5541 σίας
353 5477 694 5548 ἐγνώκαμεν.

279 5575 400 5626 Οὐκ
435 5571 654 5639 ἐκρύϐη
686 5571 802 5626 ἀπὸ
836 5571 953 5626 τῶν
981 5574 1206 5629 τέκνων
1232 5574 1428 5630 αὐτῶν
1452 5578 1532 5641 είς
1567 5575 1778 5644 γενεὰν

210 5660 430 5732 ἑτέραν.
465 5666 576 5734 Οὐχ
626 5665 806 5737 ἑτέρᾳ,
844 5665 997 5737 φησὶ,
1040 5668 1220 5737 γενεᾷ,
1252 5667 1385 5720 ἀλλὰ
1421 5671 1527 5731 τοῖς
1571 5666 1778 5730 τέκνοις

1878 4673 1930 4725 in
1963 4670 2117 4752 verba
2171 4671 2280 4722 oris
2331 4670 2448 4721 mei.
2496 4667 2791 4734 Alacriter,
2839 4666 3046 4736 inquit,
3106 4671 3266 4722 verba
3317 4686 3436 4726 mea

1989 4780 2077 4817 lle.

1989 4780 2000 4813 1
2065 4804 2077 4817 .

1878 4765 2291 4922 ³ηἒιῗὶρενὶιιιιι
2336 4850 2391 4902 in
2448 4847 2718 4917 parabolis
2762 4863 2817 4899 os
2856 4863 3046 4904 meum.
3094 4849 3207 4906 Hoc
3257 4859 3439 4920 aperte

1876 4947 2201 5015 evangelista
2228 4942 2514 5012 explicavit
2539 4950 2596 4994 ut
2641 4940 2918 5012 impletum
2945 4943 3014 5006 ",
3050 4946 3269 5012 quando
3300 4945 3438 4998 mul-

1877 5048 1959 5093 tas
1984 5037 2269 5108 parabolas
2297 5034 2432 5088 dixit
2456 5031 2718 5090 Dominus
2749 5037 2799 5088 in
2831 5033 3156 5105 Evangeliis.

1950 5219 2004 5272 5.
2040 5214 2110 5268 Et
2136 5225 2310 5285 patres
2339 5219 2506 5270 nostri
2534 5223 2882 5270 narraverunt
2918 5215 3087 5269 nobis.
3135 5212 3437 5282 Quotquot,

1885 5307 2084 5378 inquit,
2117 5324 2146 5360 a
2177 5307 2420 5377 patribus
2447 5307 2792 5369 edidicimus,
2826 5305 2939 5358 haec
2965 5304 3147 5358 omnia
3187 5317 3280 5372 per
3306 5318 3434 5372 0pc-

1880 5415 1938 5453 ra
1973 5410 2027 5454 et
2061 5415 2156 5469 per
2188 5399 2306 5468 ejus
2339 5399 2626 5452 adventum
2660 5397 2929 5451 novimus.

1947 5576 2000 5628 4.
2041 5573 2162 5627 Non
2192 5585 2312 5628 sunt
2343 5574 2607 5628 occultata
2662 5589 2693 5626 a
2744 5572 2872 5641 ﬁliis
2901 5586 3079 5624 eorum
3119 5570 3176 5623 in
3217 5560 3435 5640 genera:-

1884 5669 2019 5719 tione
2050 5668 2240 5721 altera.
2295 5665 2413 5722 Non
2449 5683 2546 5738 pro
2577 5668 2766 5732 altera,
2820 5663 3014 5734 inquit,
3063 5662 3411 5733 generatione

275 5862 317 5892 ⁹¹
347 5861 541 5917 Matth.
575 5879 765 5930 uvnt,
807 5864 888 5929 19,
922 5864 1011 5920 20.
1071 5867 1117 5900 ”
1147 5865 1309 5922 Zach.
1347 5883 1403 5928 ιι,
1443 5865 1527 5922 12.
1604 5866 1647 5897 ⁸³
1679 5865 1776 5921 Mal

1895 5881 2012 5931 χιιι,
2040 5866 2126 5920 56.
