4108 6492
659 440 757 496 351

1494 439 1550 494 S.
1593 440 1962 498 ATHANASH
2002 445 2150 502 ΟΡΡ.
2191 447 2374 504 PARS
2411 449 2497 505 lli.
2540 482 2607 491 -—-
2644 452 3051 512 EXEGETICA.

3771 464 3873 520 352

659 551 752 605 sed
806 565 902 619 pro
956 549 1081 606 tiliis
1113 567 1298 606 eorum
1341 553 1521 606 omnia
1581 552 1883 611 Salvatoris
1940 559 2250 616 mirabiliai

2329 564 2485 616 ιῦτῶν
2530 569 2704 620 πάντα
2742 570 3051 640 πέπρακται
3085 572 3148 624 τὰ
3193 580 3341 644 παρα
3370 572 3462 625 τοῦ
3505 575 3754 645 Σωτῆρος
3786 592 3874 644 με-

660 657 822 711 opera
857 651 1064 712 patrata
1094 652 1250 697 sunt:
1282 660 1451 713 quare
1483 661 1590 698 non
1625 659 1911 702 cessarunt
1936 651 2068 720 ipsis
2094 669 2218 704 nar-

660 743 836 788 rantes
864 734 1043 789 laudes
1076 733 1286 788 Domini
1317 747 1365 789 et
1392 741 1608 790 virtutes
1628 737 1761 806 ejus.

731 917 784 969 5.
812 913 880 968 Et
914 917 1076 986 legem
1107 917 1277 984 posuit
1331 916 1384 968 in
1422 914 1612 972 Israel.
1650 915 1866 986 Legem,
1899 918 2095 988 inquit.
2125 920 2219 976 de-

659 1006 736 1060 dit
790 1007 1032 1075 patribus
1072 1021 1261 1059 eorum
1291 1047 1306 1068 ,
1341 1015 1396 1059 et
1433 1007 1841 1061 tabernaculum
1898 1010 2216 1076 testimonii,

662 1097 952 1150 instituens
983 1111 1076 1151 eos
1105 1107 1161 1150 ut
1192 1112 1288 1165 per
1328 1097 1499 1166 legem
1531 1107 1920 1168 cognoscerent
1971 1097 2218 1156 Salvato-

663 1205 796 1253 rem,
831 1190 923 1258 qui
953 1190 1006 1242 in
1036 1201 1279 1259 tempore
1304 1190 1368 1244 ad
1401 1205 1571 1259 genus
1600 1192 1882 1244 hominum
1908 1191 2142 1246 advenit.

732 1360 778 1414 6.
823 1359 950 1415 Filii
973 1364 1063 1432 qui
1091 1373 1392 1417 nascentur.
1435 1364 1529 1420 llis
1557 1364 1823 1434 signiﬁcat
1847 1375 2067 1422 sanctos
2096 1366 2218 1420 Sal-

663 1453 867 1508 "atoris
893 1454 1212 1522 discipulos,
1235 1456 1329 1524 qui
1364 1455 1628 1509 mirabilia
1654 1471 1745 1524 per
1768 1454 2044 1511 Christum
2073 1457 2216 1512 edita

665 1545 789 1598 aliis
818 1546 930 1600 suis
961 1549 1316 1614 annuntiaut;
1351 1549 1399 1601 id
1422 1560 1526 1614 est,
1554 1547 1620 1602 iis
1656 1549 1756 1618 qui'
1781 1549 2021 1618 ipsorum
2054 1564 2218 1619 opera

661 1637 727 1690 ad
755 1638 908 1691 fidem
943 1639 1224 1692 accedunt.

732 1729 783 1784 7.
821 1728 888 1781 Et
938 1747 1040 1782 non
1078 1731 1456 1785 obliviscantur
1502 1749 1716 1801 operum
1760 1731 1874 1786 Dei.
1911 1731 2036 1788 Haec
2085 1733 2221 1802 ipsis

666 1821 1016 1885 enarrabunt,
1065 1838 1132 1876 ex
1176 1824 1372 1893 quibus
1422 1825 1555 1878 solis
1590 1833 1843 1893 poterunt
1891 1822 2060 1879 Deum
2117 1825 2219 1881 sibi

666 1929 816 1983 spem
843 1913 1137 1968 ascribere.

733 2004 786 2057 8.
827 2002 907 2058 Ne
931 2005 1062 2072 [iant
1092 2006 1228 2057 sicut
1258 2015 1434 2073 patres
1458 2021 1658 2058 eorum.
1678 2004 2111 2065 Annuntiahunt.
2138 2004 2218 2058 in-

2318 656 2588 727 γαλουργή
2600 675 2740 727 ματα
2757 675 2770 689 ο
2801 660 2878 712 διὸ
2899 660 2998 713 οὐκ
3022 660 3321 714 ἐπαύσαντο
3348 663 3528 725 αὐτοῖς
3560 665 3878 732 προαγγέλ-

2318 750 2526 811 λοντες
2569 748 2672 812 τὰς
2721 750 2978 816 αἱνέσεις
3022 751 3125 805 τοῦ
3162 752 3377 820 Κυρίου
3421 752 3517 806 καὶ
3559 755 3665 817 τὰς
3693 753 3874 807 δυνα-

2319 839 2522 903 στείας
2551 840 2757 892 αὐτοῦ.

2388 929 2495 981 Καὶ
2542 932 2728 997 νόμον
2776 931 2938 985 ἔθετο
2988 931 3058 984 ἐν
3120 931 3371 999 Ἰσραήλ.
3419 933 3630 1004 Νόμου,
3683 935 3873 1004 φησιν,

2321 1020 2484 1072 ἔδωκε
2535 1024 2642 1084 τοῖς
2695 1023 2959 1092 πατράσιν
3006 1023 3205 1089 αὐτῶν,
3252 1025 3344 1076 καὶ
3385 1041 3480 1093 την
3530 1027 3736 1095 σκηνὴν
3784 1024 3875 1077 τοῦ

2323 1113 2636 1182 μαρτυρίου,
2680 1113 3035 1182 παιδαγωγῶν
3080 1115 3272 1178 αὐτοὺς
3302 1116 3383 1178 si;
3433 1114 3492 1167 τὸ
3538 1116 3740 1184 γνῶναι
3793 1116 3876 1168 διὰ

2319 1199 2413 1252 τοῦ
2447 1202 2608 1270 νόμου
2654 1203 2743 1254 τὸν
2773 1202 2912 1255 κατὰ
2958 1205 3181 1275 καιροὺς
3215 1206 3619 1276 ἐπιδημήσαντα
3651 1206 3876 1276 Σωτῆρα

2320 1290 2396 1360 τῷ
2427 1291 2570 1358 γένει
2597 1292 2703 1344 τῶν
2728 1293 3042 1362 ἀνθρώπων.

2400 1379 2514 1432 Υἱοὶ
2551 1383 2988 1449 τεχθησόμενοι.
3024 1383 3281 1453 Σημαίνει
3312 1383 3368 1436 δὲ
3407 1383 3493 1436 δια
3526 1383 3729 1437 τούτων
3755 1387 3874 1448 τοὺς

2321 1469 2506 1536 ἁγίους
2531 1470 2621 1522 τοῦ
2653 1471 2904 1542 Σωτῆρος
2935 1473 3197 1542 μαθητὰς,
3224 1475 3416 1536 οἵτινες
3444 1474 3508 1526 τὰ
3535 1474 3810 1544 θαυμάσια
3845 1477 3876 1528 'i

2321 1561 2677 1634 κατώρθωσεν
2706 1565 2733 1615 ὁ
2765 1563 3014 1636 Χριστὸς,
3059 1569 3168 1628 τοῖς
3210 1567 3342 1628 υἱοῖς
3381 1567 3556 1619 αὐτῶν
3603 1567 3878 1634 ἀπαγγέλ-

2321 1653 2489 1706 λουσι·
2521 1654 2758 1707 τουτέστι
2782 1658 2892 1716 τοῖς
2918 1656 3270 1726 προσελθοῦσι
3293 1657 3358 1709 δι’
3385 1656 3561 1709 αὐτῶν
3579 1660 3645 1727 τῇ
3677 1659 3875 1710 πίστει.

2391 1744 2498 1797 Καὶ
2520 1744 2605 1813 μὴ
2630 1745 3017 1800 ἐπιλάθωνται
3039 1747 3155 1799 τῶν
3175 1747 3360 1816 ἔργων
3383 1747 3489 1800 τοῦ
3509 1748 3676 1802 Θεοῦ.
3697 1748 3880 1801 Ταῦτα

2321 1835 2666 1906 διηγήσονται
2711 1837 2914 1900 αὐτοῖς,
2943 1838 3010 1890 δι’
3048 1832 3121 1891 ὧν
3154 1839 3467 1910 δυνήσονται
3507 1840 3665 1910 μόνον
3693 1841 3882 1894 ἐλπίδα

2253 1907 2294 1962 Β
2321 1925 2411 1978 τὸν
2439 1925 2570 1977 Θεὸν
2597 1927 3021 1998 ὲπιγράψασθαι.

2391 2015 2514 2068 Ἵνα
2533 2016 2618 2084 μὴ
2645 2015 2924 2084 γένωνται
2955 2019 3035 2082 ὠς
3067 2021 3120 2070 οἱ
3152 2019 3398 2088 πατέρες
3427 2019 3643 2073 αὐτῶν.
3683 2021 3882 2087 Ἀπαγ-

662 2096 801 2165 quit,
831 2095 1061 2164 apostoli
1088 2095 1276 2148 laudes
1303 2096 1392 2149 Dei
1427 2096 1492 2151 iis
1528 2097 1620 2163 qui
1655 2113 1749 2166 per
1773 2097 1948 2166 ipsum
1986 2096 2220 2150 instituti

2329 2102 2553 2171 γελοῦσι,
2591 2106 2740 2175 φησι,
2774 2106 2871 2170 τὰς
2913 2107 3144 2170 αἰνέσεις
3183 2107 3275 2160 τοῦ
3307 2108 3440 2162 Θεοῦ
3471 2112 3583 2173 τοῖς
3611 2109 3678 2161 δι’
3717 2108 3882 2162 αὑτοῦ

664 2195 824 2240 sunt:
862 2194 920 2238 ιιι
941 2187 1228 2255 exquirant
1249 2185 1340 2241 Dei
1372 2187 1644 2251 mandata,
1669 2198 1722 2242 et
1753 2203 1818 2242 ne
1848 2197 2059 2257 patrum
2093 2204 2224 2240 suo-

665 2292 782 2331 rum
819 2275 1188 2333 infelicitatem
1222 2278 1524 2334 imitentur.
1555 2279 1647 2334 llla
1679 2295 1912 2350 namque
1943 2280 2222 2350 generatio

663 2388 762 2427 eor
806 2383 1009 2428 rectum
1048 2389 1156 2428 non
1211 2374 1401 2428 habuit
1437 2389 1564 2444 erga
1599 2373 1790 2438 Deum,
1839 2390 2013 2445 neque
2058 2372 2219 2426 [idem

667 2463 855 2518 habuit
889 2480 1010 2519 cum
1039 2463 1148 2519 Deo
1202 2466 1426 2534 spiritus
1466 2466 1604 2536 ejus.
1641 2466 1919 2520 Generatio
1964 2485 2082 2538 qua:
2122 2485 2224 2522 non

664 2556 859 2610 direxit
888 2573 977 2609 cor
1003 2573 1176 2610 suum.
1214 2555 1293 2611 llli
1329 2573 1563 2626 namque
1598 2573 1748 2626 spem
1781 2558 1835 2611 in
1871 2557 1978 2613 Deo
2010 2559 2223 2613 ﬁrmam

667 2662 776 2701 non
835 2647 1181 2711 habuerunt,
1237 2646 1366 2715 quia
1417 2647 1710 2700 uoluerunt
1760 2657 1962 2701 rectam
2020 2648 2224 2719 ingredi

668 2738 844 2799 viam;
894 2737 986 2790 sed
1046 2737 1368 2792 sententiam
1419 2737 1653 2794 habuere
1693 2739 1894 2794 divinis
1929 2738 2224 2795 adversan-

669 2838 774 2881 tem
807 2827 1033 2897 legibus.

737 3007 790 3065 9.
826 3005 956 3059 Filii
988 3005 1236 3075 Ephraim
1265 3007 1584 3058 intendentes
1613 3012 1661 3058 et
1694 3005 1954 3058 mittentes
1979 3005 2222 3060 arcubus.

670 3097 769 3150 Per
797 3095 965 3149 solam
1001 3097 1198 3149 tribum
1251 3094 1507 3163 Ephraim
1559 3102 1728 3148 totum
1767 3094 2021 3162 populum
2060 3094 2227 3148 lsrael

668 3204 698 3240 a
723 3186 859 3241 Juda
892 3196 1226 3257 segregatum
1253 3196 1306 3241 et
1329 3187 1560 3240 divisum
1587 3185 1926 3256 significavit.
1958 3186 2060 3252 Ipsi
2083 3185 2224 3238 enim

669 3287 722 3332 et
751 3278 946 3332 vitulos
977 3285 1281 3342 erexerunt,
1320 3287 1372 3330 et
1416 3293 1445 3330 a
1488 3276 1648 3346 legali
1677 3275 1822 3330 cultu
1854 3276 2222 3329 desciverunt.

669 3368 962 3438 Postquam
997 3378 1122 3423 ante
1155 3371 1401 3437 tetigerat
1432 3378 1648 3438 patrum
1684 3366 2228 3436 malignitatem,jam

670 3479 859 3517 eorum
914 3463 1315 3532 improbitatem
1358 3479 1423 3516 ex
1463 3464 1675 3532 integro
1731 3469 2012 3524 recenset,
2069 3468 2230 3528 atque

673 3557 937 3611 bonorum
961 3555 1173 3625 capiam
1205 3570 1233 3608 a
1275 3553 1383 3608 Deo
1414 3554 1522 3608 illis
1553 3568 1902 3617 concessam;
1931 3566 2122 3605 eorum
2151 3567 2232 3603 er-

673 3663 736 3715 ga
765 3646 931 3702 Deum
961 3646 1358 3708 inﬁdelitatem,
1389 3645 1621 3713 denique
1662 3642 1953 3713 perniciem
1995 3657 2115 3711 qua:
2147 3640 2232 3694 his

671 3738 738 3791 de
760 3737 943 3790 causis
969 3736 1090 3790 illos
1119 3735 1348 3804 excepit.
1399 3733 1468 3788 Ut
1516 3736 1585 3790 iis
1628 3734 1885 3800 instituti,
1914 3733 2117 3787 malum
2147 3745 2232 3785 ze-

673 3828 781 3880 lum
811 3826 1124 3897 cll‘ugerent.
1156 3826 1294 3882 Dicit
1323 3839 1501 3881 autem
1555 3828 1693 3880 lilios
1744 3825 2023 3891 Ephraim,
2055 3823 2109 3878 id
2139 3833 2223 3878 est

677 3927 844 3973 totum
879 3920 1130 3974 lsraelem
1157 3958 1171 3982 ,
1200 3919 1292 3988 qui
1327 3917 1634 3971 didiCcruut
1681 3932 1804 3971 cum
1854 3916 2103 3984 malignis
2131 3916 2232 3969 da:-

677 4012 926 4065 mouibus
954 4025 1212 4078 pugnare,
1236 4018 1398 4078 atque
1428 4007 1493 4061 ad
1524 4023 1643 4061 eam
1670 4024 1783 4061 rem
1815 4008 1868 4061 in
1898 4008 2116 4062 modum
2145 4021 2234 4058 ar-

679 4121 774 4160 cus
797 4106 1042 4160 adornati
1079 4114 1254 4168 erant,
1307 4104 1424 4172 ipso
1469 4119 1661 4172 pugnae
1722 4112 1965 4172 tempore
1997 4111 2234 4156 mutasse

678 4199 1037 4263 sententiam,
1095 4207 1259 4267 atque
1314 4197 1600 4250 Dominum
1651 4205 1704 4252 et
1747 4195 1913 4251 Deum
1983 4209 2229 4266 negasse,

681 4300 736 4344 ut
753 4291 1022 4345 voluntate
1047 4289 1112 4344 ad
1142 4288 1464 4355 Barabham,
1491 4290 1543 4344 id
1569 4299 1652 4344 est
1675 4289 1742 4343 ad
1765 4287 2043 4354 Satanam,
2072 4285 2236 4341 decli-

679 4391 890 4437 narent.

749 4474 834 4528 10.
886 4473 1009 4528 Νοη
1049 4475 1409 4530 custodierunt
1453 4483 1821 4528 testamentum
1870 4471 1988 4527 Dei.
2026 4471 2232 4526 Novam

2321 2194 2852 2266 παιδαγωγουμένοις
2879 2199 2928 2250 oi
2959 2197 3264 2252 ἀπόστολοι·
3298 2201 3384 2254 ἵνα
3415 2202 3507 2254 καὶ
3541 2200 3883 2271 ἐκζητήσωσι

2321 2281 2418 2346 τας
2446 2282 2537 2334 τοῦ
2566 2284 2700 2336 Θεοῦ
2731 2285 2968 2350 ἐντολὰς,
3000 2288 3093 2341 καὶ
3125 2288 3198 2358 μὴ
3229 2288 3325 2359 τὴν
3352 2289 3459 2342 τῶν
3498 2290 3748 2360 πατέρων
3789 2308 3885 2343 κα-

2322 2373 2665 2443 κοδαιμονίαν
2717 2380 3078 2446 μιμήσωνται.
3143 2379 3354 2449 Ἐκείνη
3402 2381 3541 2451 γὰρ,
3598 2383 3795 2461 φησιν,
3851 2383 3882 2451 ἡ

2322 2463 2484 2530 γενεὰ
2524 2464 2622 2517 οὐκ
2665 2465 2818 2534 ἔσχεν
2864 2467 2992 2538 εὺθῆ
3024 2468 3122 2538 τὴν
3157 2469 3381 2540 καρδίαν
3413 2471 3549 2541 πρὸς
3580 2472 3735 2537 Θεὸν,
3769 2473 3884 2524 οὐδὲ

2324 2552 2502 2605 πίστιν
2535 2552 2659 2623 ἔσχε
2686 2554 2746 2606 τὸ
2775 2554 2990 2626 πνεῦμα
3019 2557 3188 2629 αὐτῆς
3229 2558 3363 2628 μετὰ
3390 2560 3484 2613 τοῦ
3511 2561 3666 2616 Θεοῦ.
3696 2565 3748 2615 Γ
3749 2563 3885 2616 ενεὰ

2324 2643 2453 2710 ἥτις
2499 2647 2570 2698 οὺ
2614 2647 2936 2700 κατεύθυνε
2977 2648 3091 2716 τὴν
3119 2650 3368 2719 καρδίαν
3406 2654 3614 2722 αὐτῆς.
3662 2655 3884 2709 Ἐκεῖνοι

2323 2733 2432 2804 γὰρ
2464 2733 2683 2803 βεϐαίαν
2710 2736 2808 2805 τὴν
2840 2738 2917 2800 εἰς
2955 2738 3044 2789 τὸν
3073 2739 3202 2791 Θεὸν
3231 2740 3330 2793 οὐκ
3362 2743 3657 2813 ἐκτήσαντο
3684 2746 3885 2807 πίστιν,

2324 2827 2419 2896 τὴν
2448 2827 2656 2878 εὐθεῖαν
2701 2829 2798 2880 οὐκ
2832 2828 3179 2900 ἐθελήσαντες
3221 2833 3441 2904 πορείαν
3473 2835 3710 2900 ὁδεῦσαι,
3757 2838 3891 2891 ἀλλὰ

2325 2917 2545 2987 γνώμην
2572 2919 2858 2990 ἐσχηκότες
2886 2923 2995 2984 τοῖς
3023 2921 3184 2986 θείοις
3209 2924 3615 2998 ἐναντιουμένην
3649 2928 3888 3000 Θεσμοῖς.

2407 3010 2520 3061 Υἱοὶ
2557 3011 2793 3079 Ἐρραῖμ
2815 3012 3178 3079 ἐντείνοντες
3199 3015 3292 3068 καὶ
3321 3017 3653 3084 βάλλοντες
3672 3020 3888 3086 τόξοις.

2340 3100 2468 3152 Ἀπὸ
2510 3101 2673 3170 μόνης
2714 3103 2809 3171 τῆς
2855 3103 3025 3173 φυλῆς
3072 3105 3163 3157 τοῦ
3208 3107 3442 3177 Ἐφραῒμ
3485 3108 3603 3161 ὅλον
3632 3109 3724 3162 τὸν
3769 3110 3894 3164 λαὸν

2327 3189 2417 3241 τοῦ
2464 3189 2675 3259 Ἰσραὴλ
2700 3190 2790 3242 τὸν
2828 3192 3221 3261 ἀποσχισθέντα
3263 3195 3356 3248 τοῦ
3396 3197 3561 3250 Ἰούδα
3604 3198 3892 3268 ἐδήλωσεν.

2329 3275 2485 3333 Οὗτοι
2518 3281 2625 3352 γὰρ
2654 3283 2746 3334 καὶ
2779 3282 2874 3346 τὰς
2902 3284 3159 3354 δαμάλεις
3193 3285 3444 3357 ἔστησαν,
3491 3290 3584 3340 καὶ
3621 3289 3725 3359 τῆς
3757 3291 3895 3344 κατὰ

2329 3372 2488 3443 νόμον
2514 3372 2766 3443 λατρείας
2813 3375 3148 3444 ἀπέστησαν.
3190 3377 3488 3447 ’Δψάμενος
3517 3383 3615 3450 τῆς
3655 3381 3763 3433 τῶν
3795 3398 3894 3433 πα-

2327 3465 2498 3534 τέρων
2528 3465 2805 3535 πονηρίας,
2840 3465 3034 3536 ἐφεξῆς
3059 3466 3340 3534 καταλέγει
3372 3470 3545 3523 πᾶσαν
3575 3471 3672 3540 τὴν
3703 3473 3896 3525 κακίαν

2329 3556 2527 3619 αὐτῶν,
2575 3564 2673 3627 τήν
2718 3575 2776 3609 τε
2826 3558 2974 3628 παρὰ
3013 3557 3107 3610 τοῦ
3153 3559 3288 3612 Θεοῦ
3327 3562 3406 3622 εἰς
3448 3562 3645 3625 αὐτοὺς
3679 3563 3896 3631 ἀγαθῶν

2329 3647 2627 3716 δαψίλειαν,
2675 3647 2772 3718 τήν
2811 3665 2870 3701 τε
2919 3649 3052 3720 πρὸς
3100 3650 3191 3702 τὸν
3232 3650 3364 3703 Θεὸν
3397 3650 3574 3705 αὐτῶν
3608 3653 3894 3714 ἀπιστίαν,

2330 3740 2419 3793 τόν
2448 3757 2506 3793 τε
2549 3740 2927 3812 διαδεξάμενον
2959 3743 3154 3806 αὐτοὺς
3182 3742 3269 3795 διὰ
3307 3742 3477 3795 ταῦτα
3519 3743 3772 3814 ὄλεθρον·
3816 3745 3893 3797 ῖνσ

2329 3832 2418 3885 διὰ
2450 3832 2652 3886 τούτων
2695 3833 3227 3901 παιδαγωγηθέντες,
3277 3832 3367 3885 τὸν
3415 3833 3648 3904 πονηρὸν
3688 3834 3896 3904 φύγωσι

2334 3922 2509 3993 ζῆλον.
2543 3923 2703 3990 Λέγει
2739 3922 2794 3974 δὲ
2814 3963 2828 3987 ,
2860 3922 2936 3985 ὡς
2967 3924 3016 3974 oi
3061 3922 3154 3976 τοῦ
3195 3923 3431 3995 Ἐφραῖμ
3457 3924 3590 3985 υἱοὶ,
3622 3926 3897 3978 τουτέστιν

2335 4013 2475 4077 ἄπας
2503 4013 2737 4085 Ἰσραὴλ,
2763 4017 2810 4066 οἱ
2836 4013 3199 4085 δεδιδαγμένοι
3223 4018 3331 4077 τοῖς
3359 4017 3609 4086 πονηροῖς
3633 4015 3896 4086 μάχεσθαι

2333 4107 2568 4174 δαίμοσι,
2594 4107 2686 4158 καὶ
2719 4108 2798 4171 είς
2830 4106 2987 4160 τοῦτο
3027 4107 3212 4177 ὥσπερ
3253 4105 3403 4170 τόξον
3436 4107 3876 4161 κατασκευασθέν

2332 4214 2443 4261 τες,
2479 4200 2607 4269 παρ’
2635 4199 2795 4251 αὑτὸν
2825 4198 2915 4250 τὸν
2957 4196 3049 4250 τοῦ
3081 4197 3311 4266 πολέμου
3345 4198 3531 4268 καιρὸν
3569 4198 3896 4270 μετεϐλήθης

2336 4305 2453 4351 σαν,
2485 4289 2575 4342 τὸν
2613 4289 2708 4359 μὲν
2735 4288 3007 4357 Δεσπότην
3035 4289 3128 4340 καὶ
3154 4288 3284 4341 Θεὸν
3313 4288 3698 4359 ἀρνησάμενοι,
3733 4305 3894 4360 προσ-

2337 4380 2610 4444 κλίναντες
2637 4380 2857 4443 ἑαυτοὺς
2881 4380 2958 4450 τῷ
2988 4380 3267 4452 Βαραδΰᾷ,
3299 4381 3538 4433 τουτέστι
3560 4380 3638 4451 τῷ
3661 4381 3898 4452 Σατανᾷ.

2414 4474 2535 4525 Οὐκ
2577 4471 2886 4539 ἐφύλαξαν
2919 4470 3044 4538 ’τὴν
3088 4469 3378 4538 διαθήκην
3425 4471 3531 4525 τοῦ
3578 4471 3747 4524 Θεοῦ.
3791 4472 3898 4542 Τὴν

680 4565 954 4635 Evangelii
981 4565 1327 4620 traditionem
1358 4567 1511 4629 dicit,
1542 4577 1704 4636 atque
1749 4565 1910 4620 illud:
1951 4564 2082 4618 Ecce
2118 4565 2230 4618 dies

2335 4564 2526 4634 καινὴν
2551 4563 2642 4615 τοῦ
2669 4562 2994 4631 Εὑαγγελίου
3021 4562 3311 4633 παράδοσίν
3334 4580 3484 4633 φησι,
3511 4563 3603 4615 και⁵
3634 4564 3714 4615 τό·
3756 4564 3898 4616 Ἰδοὺ

678 4657 833 4721 venit,
873 4664 922 4709 et
953 4656 1228 4724 disponam
1273 4672 1390 4708 cum
1428 4657 1502 4709 eis
1536 4662 1904 4709 testamentum
1944 4671 2135 4708 novum
2164 4656 2231 4710 ".

680 4746 856 4799 Causa
907 4755 1086 4799 autem
1135 4746 1222 4800 hic
1251 4747 1510 4811 redditur,
1557 4747 1684 4815 quia
1730 4745 1862 4799 illud
1897 4761 2006 4800 non
2052 4756 2237 4801 custo-

680 4837 910 4896 dientes,
960 4837 1104 4905 quod
1159 4849 1241 4890 est
1285 4852 1420 4890 nova
1467 4839 1548 4892 lex
1603 4837 1721 4902 Dei,
1757 4838 1987 4892 conversi
2024 4850 2144 4892 sunt
2182 4840 2237 4892 in

680 4927 764 4979 die
787 4925 928 4978 belli.
962 4923 1077 4979 Non
1103 4926 1244 4978 enim
1289 4924 1584 4980 credebant
1631 4926 1680 4981 ei
1722 4925 1969 4981 dicenti:
2017 4926 2130 4998 Ego
2172 4943 2237 4981 ea:

681 5021 842 5072 Patre
862 5018 998 5072 exivi
1029 5026 1079 5071 et
1120 5017 1262 5070 venio
1297 5019 1363 5072 ⁸⁸.
1400 5017 1532 5071 Cum
1580 5019 1724 5072 enim
1762 5033 1860 5088 par
1896 5018 2094 5074 luisset
2141 5020 2236 5073 ad-

683 5126 870 5164 versus
907 5126 1000 5163 eos
1035 5125 1271 5179 pugnare
1296 5111 1387 5178 qui
1428 5120 1615 5166 contra
1650 5109 1818 5164 Deum
1855 5111 2053 5165 bellum
2081 5126 2236 5180 gere-

683 5211 802 5255 rent
820 5200 935 5266 ,'illi
964 5200 1219 5254 adversus
1245 5199 1410 5256 Deum
1434 5200 1632 5254 bellum
1658 5212 1964 5256 moverunt.

754 5291 838 5344 ll.
869 5290 935 5345 Et
965 5291 1115 5344 obliti
1157 5304 1276 5346 sunt
1309 5292 1697 5360 benefactorum
1730 5293 1863 5361 ejus.
1907 5293 2060 5347 Licet
2087 5295 2232 5350 enim

682 5384 849 5437 multa
874 5382 1132 5437 henetleia
1173 5383 1506 5453 acceperint,
1546 5384 1724 5438 omnia
1758 5399 1787 5436 a
1825 5384 2086 5440 memoria
2135 5401 2233 5439 sua

682 5474 1013 5543 abiecerunt.
1064 5473 1129 5528 Et
1180 5474 1362 5543 ejusce
1400 5475 1478 5529 rei
1520 5483 1897 5543 argumentum
1947 5475 2076 5529 illud
2131 5484 2237 5541 est,

681 5566 972 5635 quodcum
1004 5565 1319 5620 tradiderint
1356 5565 1546 5618 Pilato.
1585 5564 1749 5619 Obliti
1794 5574 1921 5621 sunt
1965 5563 2237 5635 quomodo

755 5829 1031 5887 “Baruch
1067 5847 1126 5898 ιι,
1150 5832 1237 5888 35.
1313 5833 1358 5866 "
1386 5831 1543 5888 Joan.
1580 5846 1689 5899 ενι,
1722 5832 1809 5889 ‘27.

2339 4654 2526 4723 ἡμέρα
2556 4654 2816 4722 ἔρχεται,
2859 4653 2955 4706 καὶ
2989 4653 3336 4723 διαθήσομαι
3379 4653 3580 4719 αὐτοῖς
3612 4654 3896 4723 διαθήκην

2339 4745 2574 4811 καινήν.
2604 4747 2788 4809 Αίτίας
2815 4745 2872 4798 δέ
2919 4747 3063 4799 ἐστιν
3107 4748 3386 4810 ἀπόδοσις,
3430 4747 3546 4812 ὅτι,
3587 4748 3794 4818 ταύτην
3829 4747 3898 4819 pii

2341 4836 2708 4906 φυλάξαντες,
2758 4837 2880 4906 ἣτις
2949 4839 3064 4890 ἐστὶ
3133 4839 3317 4902 καινὸς
3363 4839 3522 4909 νόμος
3577 4838 3669 4891 τοῦ
3725 4839 3898 4902 Θεοῦ,

2338 4927 2731 4997 ἐστράφησαν
2759 4929 2829 4981 ἐν
2852 4928 3040 4998 ἡμέρῃ
3070 4929 3353 4999 πολέμου.
3383 4930 3457 4986 Οὐ
3482 4930 3591 5000 γὰρ
3620 4931 3899 4984 ἐπίστευον

2342 5019 2488 5090 αὐτῷ
2532 5020 2763 5086 λέγοντιο
2807 5019 2952 5087 Ἐγὼ
2994 5020 3063 5073 ἐκ
3106 5021 3210 5074 τοῦ
3244 5021 3468 5088 Πατρός
3498 5020 3762 5090 ἐξῆλθον
3801 5022 3896 5075 καὶ

2340 5110 2484 5176 ἥκω.
2517 5111 2643 5161 Δέον
2686 5111 2817 5180 γὰρ·
2844 5110 3051 5179 βάλλειν
3093 5114 3184 5164 καὶ
3216 5112 3467 5182 πολεμεῖν
3497 5113 3623 5176 τοὺς
3659 5111 3779 5183 Θεῷ
3807 5129 3896 5165 πο-

2336 5202 2655 5271 λεμοῦνταςο
2694 5205 2743 5254 οἱ
2768 5202 2824 5254 δὲ
2850 5203 2986 5256 κατὰ
3017 5203 3148 5256 Θεοῦ
3179 5206 3376 5274 ήραντο
3401 5205 3652 5275 πόλεμον.

2407 5293 2516 5347 Καὶ
2541 5294 2901 5348 ἐπελάθοντο
2929 5294 3046 5348 τῶν
3072 5296 3423 5365 εὐεργεσιῶν
3451 5297 3658 5351 αὑτοῦ.
3685 5295 3895 5359 Καίτοι,

2344 5384 2495 5453 φησὶ,
2526 5383 2694 5437 πολλὰ
2724 5385 3157 5455 εὐεργετημένοι,
3193 5387 3365 5440 πάντα
3404 5386 3509 5439 ἀπὸ
3537 5387 3637 5456 τῆς
3683 5389 3895 5459 μνήμης

2345 5474 2722 5544 ἀνερρίπισαν.
2767 5473 2878 5526 Καὶ
2915 5473 3102 5527 τούτου
3151 5475 3418 5540 ἀπόδειξις
3463 5476 3523 5530 τὸ
3571 5478 3894 5548 παραδοῦναι

2347 5565 2580 5636 Πιλατῳ.
2621 5564 2971 5620 Ἐπελαθοντο
3005 5567 3063 5618 τὸ
3095 5567 3208 5630 πῶς
3234 5567 3444 5638 διῆλθεν
3471 5569 3771 5639 εὐεργετῶν
3804 5569 3895 5621 αὐ-
