4108 6486
195 438 288 489 353

1157 424 1518 484 EXPOSITIO
1557 421 1618 476 IN
1659 419 1988 476 PSALMUM
2027 423 2279 478 LXXVII.

3291 425 3396 481 σει

197 550 306 610 τοῦς
337 546 562 609 πάντας,
593 547 686 599 καὶ
712 545 932 616 ἰώμενος
965 543 1088 606 τοὺς
1115 538 1734 608 καταδυναστευομένους

1847 535 2204 599 pertransierit
2226 535 2500 590 beneﬁciis
2523 549 2616 588 eos
2639 534 2949 594 cumnlans.
2979 543 3033 589 et
3064 549 3266 590 sanans
3299 552 3394 594 eos

198 642 290 692 ὑπὸ
319 637 408 692 τοῦ
432 637 701 692 διαϐόλου.

260 729 564 784 Ἑναντίον
590 727 709 781 τῶν
737 727 1002 794 πατέριον
1027 723 1223 779 αὐτῶν
1251 724 1287 777 ἂ
1319 724 1568 789 ἐποίησε
1598 725 1740 775 θαυ-

195 821 383 890 μάσια.
432 820 610 884 Οῦτω,
661 821 818 891 (gnat,
855 820 962 873 τῶν
993 817 1314 890 εὐεργεσιῶν
1347 817 1441 869 καὶ
1479 815 1585 868 τῶν
1616 815 1742 867 θαυο

202 914 392 982 pusio»;
442 911 766 965 ἐπελάθοντο
807 910 897 962 τοῦ
928 909 1180 979 Χριστοῦ,
1211 908 1398 980 ὥσπερ
1423 907 1611 977 ἀμέλει
1649 907 1742 960 καὶ

197 1007 238 1056 oi
267 1002 492 1072 ⁸πατέρες
518 1002 697 1054 αὐτῶν
725 1002 830 1055 τῶν
857 1003 914 1053 ὲν
945 999 1200 1070 Αἰγύπτῳ
1232 1000 1627 1070 γεγενημένων,
1654 999 1740 1051 ὅτε

198 1092 376 1153 αὐτοὺς
426 1090 718 1160 ἠλευθέρου
761 1093 788 1143 ὁ
819 1090 968 1152 Θεός.
1018 1089 1266 1142 Τοιοῦτον
1309 1089 1414 1160 γάρ
1466 1106 1516 1141 τι
1571 1088 1742 1140 ἔοικεν

200 1183 574 1254 ὑποσημαίνειν
611 1183 702 1246 τὸ,
746 1183 1050 1236 Ἐναντίον
1083 1180 1197 1235 τῶν
1239 1181 1502 1248 πατέρων
1525 1180 1739 1234 αὐτῶν·

199 1275 314 1326 ὡσεὶ
347 1275 678 1345 σαφέστερον
711 1259 913 1340 ἔλεγεν·
957 1273 1326 1344 Ὀμοιότροποι
1357 1273 1433 1344 τῷ
1467 1272 1610 1342 ζήλῳ
1635 1271 1742 1325 τῶν

201 1365 435 1434 πατέριον
479 1363 660 1415 αὐτῶν
699 1363 950 1430 γεγόνασι
995 1361 1072 1432 τῷ
1123 1361 1373 1432 πονηρῷ·
1420 1362 1514 1415 καὶ
1557 1361 1742 1431 ὥσπερ

201 1460 378 1509 ἐκεῖνοι
409 1454 730 1508 ἐπελάθοντο
757 1453 848 1507 τοῦ
877 1452 1032 1515 Θεοῦ,
1057 1452 1195 1506 οῦτω
1218 1454 1310 1506 καὶ
1342 1446 1505 1506 οὗτοι.

264 1548 529 1615 Διέρῤηξε
561 1545 900 1608 θάλασσαν,
927 1546 1024 1598 καὶ
1059 1544 1338 1614 διήγαγεν
1363 1544 1600 1609 αὐτούς.
1636 1543 1745 1596 Καὶ

200 1641 254 1692 οὐ
295 1640 446 1693 τοῦτο
486 1640 651 1710 μόνον
697 1637 878 1708 φησιν,
924 1636 1058 1690 ἀλλὰ
1109 1637 1202 1690 καὶ
1245 1635 1515 1690 θάλασσαν
1561 1634 1744 1688 διελὼν

202 1731 426 1792 ἅπαντας
474 1727 794 1781 διεϐίϐασεν.
835 1726 1108 1782 Ἐντεῦθεν
1151 1728 1374 1797 ἄρχεται
1415 1725 1486 1779 τὰ
1530 1727 1620 1780 ἐπὶ
1646 1729 1745 1796 τῆς

204 1823 454 1892 προτέρας
496 1819 814 1891 λυτρώσεως
857 1819 1157 1891 διηγεῖσθαι
1191 1820 1481 1889 θαυμάσια.
1512 1818 1747 1872 Καταδι-

202 1912 492 1983 αιρεθείσης
536 1912 644 1981 γὰρ
686 1913 764 1973 εἰς
794 1910 1083 1980 διαιρέσεις
1112 1908 1305 1971 πολλὰς
1341 1909 1437 1978 τῆς
1483 1908 1743 1979 Ἐρυθρᾶς

204 2002 479 2073 θαλάσσης,
509 2003 731 2055 καὶτῶν
765 2001 967 2056 ὑδάτων
995 1999 1370 2072 διοριζομένων
1397 2002 1490 2054 καὶ
1522 1999 1580 2066 ἐξ
1613 2000 1743 2054 ἑκά-

204 2111 318 2146 στου
371 2093 568 2164 μέρους
626 2092 1137 2164 μετεωριζομένων,
1184 2091 1277 2144 καὶ
1324 2091 1620 2162 αἰρομένων
1667 2093 1745 2154 εἰς

204 2185 353 2248 ὕψος,
400 2183 603 2252 ὥσπερ
641 2183 710 2236 ἐν
740 2182 908 2248 ἀσκῷ
936 2199 1042 2236 τινι
1088 2181 1426 2235 συνέκλεισεν
1458 2181 1596 2234 αὐτὰ
1627 2179 1748 2251 θείᾳ

202 2275 297 2326 τιν)⁵
355 2275 614 2346 δυνάμει,
658 2274 805 2337 ὅπως
869 2274 943 2344 μὴ
1004 2273 1320 2344 διαχεόμενα
1368 2271 1632 2345 ἐπικλύσῃ
1687 2271 1747 2324 τὸ

205 2363 407 2433 πλῆθος.

265 2456 360 2508 Διὰ
387 2454 563 2510 τοῦτο
599 2454 827 2524 ἤκουσε
858 2455 1068 2522 Κύριος
1099 2453 1194 2507 καὶ
1225 2451 1561 2508 ἀνεϐάλετο.
1605 2452 1748 2505 Ἃνιτ)⁸

203 2545 305 2599 τοῦ·
343 2546 670 2618 ’Υπερέθετο
708 2547 930 2617 μικρὸν,
961 2547 1050 2600 καὶ
1083 2545 1245 2598 οἱονεὶ
1272 2545 1500 2614 ἁνέκοψε
1526 2545 1623 2615 τὴν
1661 2546 1748 2598 εὑ-

204 2654 224 2688 ε
231 2639 472 2707 ργετικὴν
501 2642 677 2710 χεῖρα.

265 2728 362 2782 Kal
406 2728 590 2798 ἄρτον
643 2727 897 2796 οὐρανοῦ
943 2726 1163 2780 ἔδωκεν
1207 2725 1432 2792 αὐτοῖς.
1457 2725 1531 2778 Οὐ
1569 2724 1743 2794 μόνον,

207 2818 345 2887 φησι,
371 2819 447 2889 τῷ
496 2819 670 2890 μάννα
715 2818 780 2871 τὰ
814 2816 1040 2886 σώματα
1072 2817 1311 2887 ἔτρεφεν,
1354 2814 1488 2869 ἀλλὰ
1517 2815 1625 2886 γὰρ
1655 2814 1748 2867 καὶ

206 2906 378 2979 λογικῇ
422 2927 529 2962 τινι
576 2909 670 2962 καὶ
709 2910 942 2981 οὐρανίῳ
982 2908 1204 2976 δυνάμει
1248 2907 1525 2976 διέτρεφεν
1572 2905 1747 2959 αὐτῶν

206 2999 294 3062 τὰς
321 2999 511 3069 ψυχας·
547 2999 734 3070 ὥσπερ
770 2999 957 3070 ἀμέλει
988 2997 1265 3068 διατρέφει
1309 2997 1402 3050 καὶ
1429 2996 1554 3058 τοὺς
1583 2994 1745 3064 ἀγγέ-

206 3087 334 3152 λους.
364 3091 472 3143 Καὶ
501 3090 658 3143 τοῦτό
685 3092 796 3142 ἐστι
833 3090 931 3160 μὲν
957 3090 1047 3142 κα)⁸
1072 3091 1134 3142 ὲκ
1157 3087 1249 3141 τοῦ
1281 3087 1571 3158 συνδέσμου
1601 3087 1744 3152 ἰδεῖν,

205 3179 274 3249 τῷ
293 3179 472 3252 ὥσπερ
499 3184 556 3234 ὲν
577 3182 835 3251 ἐπαγωγῇ
861 3182 1030 3233 εἰπεῖν
1055 3179 1133 3232 τό·
1161 3178 1270 3232 Kal
1291 3177 1472 3246 ἄρτον
1491 3175 1747 3245 οὐρανοῦ

208 3268 412 3322 ἔδωκεν
455 3269 677 3333 αὐτοῖς.
707 3271 859 3322 Ἔστι
887 3269 943 3322 δὲ
967 3269 1114 3321 οὐδὲν
1143 3264 1304 3339 ἦττον
1338 3267 1430 3320 καὶ
1455 3265 1547 3319 τοῦ
1590 3267 1746 3318 Ἀποο

209 3361 378 3414 στόλου
410 3359 621 3430 μαθεῖν,
651 3361 775 3430 περὶ
806 3359 982 3414 αὐτῶν
1011 3359 1307 3430 εἰρηκότος,
1339 3359 1415 3422 ὡς
1447 3375 1743 3429 πνευματι-

209 3450 290 3504 κὸν
319 3450 513 3520 ἔφαγον
543 3450 755 3523 βρῶμα.
778 3449 947 3504 Τοῦτο
979 3450 1033 3504 δὲ
1062 3445 1128 3521 ἦν
1151 3451 1178 3503 δ
1206 3448 1300 3503 νῦν
1322 3450 1482 3513 ἄρτος
1504 3449 1745 3520 ἀγγέλων

206 3543 600 3613 ὀνομαζόμενος.

267 3634 369 3686 Kal
415 3616 558 3687 ὡσεί
591 3635 786 3702 ἅμμον
827 3632 1152 3688 θαλωσῶν
1181 3631 1421 3687 πετεινὰ
1463 3633 1742 3701 πτερωτά.

208 3721 307 3792 Τὴν
335 3724 748 3799 ὀρτυγομήτραν
773 3724 934 3793 φησιν
956 3723 1205 3779 ἐνταῦθα.

259 3816 395 3882 ,Ἔτι
408 3816 517 3886 τῆς
535 3815 819 3886 βρώσεως
841 3817 1030 3883 οὔσης
1055 3816 1125 3869 ἐν
1149 3813 1228 3881 τῷ
1254 3816 1499 3885 στόματι
1529 3812 1742 3869 αὐτῶν.

208 3905 383 3974 Γέγονε
429 3907 540 3980 γὰρ
585 3909 766 3972 αὐτοῖς
811 3908 890 3971 είς
937 3906 1159 3978 χολέραν
1208 3907 1318 3972 ἕξιν
1355 3908 1388 3978 ἡ
1423 3905 1616 3979 τροφὴ,
1651 3903 1746 3959 ἅτε

206 3996 312 4050 ὅλον
357 3999 526 4053 διόλου
575 3999 965 4054 ἑκνενευκότων
1007 4000 1086 4062 είς
1113 3999 1211 4070 τὴν
1245 3999 1352 4052 τῶν
1399 3997 1574 4069 κρεῶν
1614 3997 1749 4070 πλη-

209 4092 414 4164 σμονήν.

267 4184 371 4238 Kal
400 4183 670 4255 ἐμνήσθη
689 4222 703 4249 ,
730 4183 818 4236 ὅτι
844 4182 998 4254 σάρξ
1026 4184 1202 4245 είσιν,
1236 4179 1469 4251 πνεῦμα
1501 4180 1746 4246 πορευό-

205 4291 374 4342 μενον
409 4275 507 4331 καί
540 4277 652 4331 οὐκ
687 4273 1065 4342 ἐπιστρέφον.
1111 4273 1285 4327 Ἦλέει
1330 4273 1547 4338 αὐτοὺς,
1591 4269 1744 4342 φησὶ,

208 4365 368 4420 καῖτοι
395 4367 536 4438 δρῶν
563 4366 756 4432 αὐτοὺς
785 4364 1087 4436 ὀλοτρόπως
1119 4363 1497 4428 ὲκκεκλικδτας
1522 4364 1600 4427 είς
1628 4362 1749 4434 σάρ-

209 4472 316 4520 κας,
341 4458 454 4511 ἀντὶ
477 4457 571 4512 τοῦ
610 4457 690 4519 είς
719 4455 780 4508 τὸ
805 4455 876 4509 τὰ
917 4454 1115 4528 σαρκὸς
1149 4455 1504 4525 φρονεῖν,’καὶ
1533 4453 1748 4524 πνεῦμα

1837 628 1928 697 qui
1963 628 2064 682 sub
2093 635 2357 698 potestate
2391 627 2587 680 diaboli
2612 636 2810 682 essent.

1912 717 1996 774 19..
2031 717 2222 774 Coram
2248 718 2483 786 patribus
2511 735 2691 772 eorum
2728 719 2847 778 fecit
2880 717 3166 773 mirabilia.
3195 717 3271 772 lta
3303 717 3397 772 be-

1839 811 2153 865 neﬁciorum
2186 821 2240 865 et
2286 811 2613 865 mirabilium
2644 811 2844 865 Christi
2868 810 3019 864 obliti
3051 818 3200 874 sunt,
3253 812 3398 867 sicut

1838 911 2020 970 patres
2049 917 2232 956 eorum
2271 902 2362 972 qui
2410 904 2462 956 in
2518 901 2749 974 Egypto
2787 901 2937 956 luere
2968 904 3186 972 quando
3208 903 3400 956 libera-

1841 993 2030 1047 viteos
2070 992 2349 1046 Dominus.
2377 991 2567 1048 Simile
2587 995 2730 1048 enim
2759 994 3040 1064 quidpiam
3077 992 3288 1048 videtur
3327 993 3400 1047 si-

1840 1082 2095 1150 gniﬁcare
2121 1082 2283 1136 illud:
2311 1082 2504 1136 Coram
2543 1083 2780 1150 patribus
2815 1099 3032 1146 eorum;
3062 1098 3125 1136 ac
3158 1083 3204 1137 si
3244 1097 3397 1150 aper-

1841 1183 1949 1225 tius
1980 1173 2182 1227 diceret
2211 1190 2224 1225 :
2250 1172 2471 1228 Similes
2502 1172 2746 1241 patribus
2793 1173 2908 1227 suis
2940 1173 2992 1226 in
3017 1172 3174 1225 malis
3201 1171 3396 1226 studiis

1840 1261 2018 1329 fuere;
2051 1275 2105 1317 et
2132 1264 2270 1319 sicut
2302 1264 2375 1318 illi
2397 1265 2548 1319 obliti
2571 1274 2696 1318 sunt
2720 1264 2910 1330 Deum,
2937 1264 3009 1317 ita
3033 1273 3085 1317 et
3109 1263 3218 1318 isti.

1914 1533 2088 1587 13-15.
2126 1533 2412 1601 Interrupit
2461 1550 2601 1586 mare
2643 1543 2692 1588 et
2737 1536 2983 1602 perduxit
3016 1551 3122 1589 eos.
3154 1533 3269 1590 Non
3305 1552 3395 1591 so-

1843 1622 1953 1676 lum
1985 1623 2105 1685 hoc,
2145 1623 2340 1692 inquit,
2377 1623 2469 1676 sed
2498 1624 2662 1676 etiam
2713 1640 2861 1679 mare
2897 1625 3164 1689 dividens,
3207 1641 3398 1682 omnes

1843 1716 2176 1785 pertransire
2223 1714 2369 1769 fecit.
2413 1714 2548 1769 Hinc
2574 1716 2759 1786 incipit
2802 1732 2863 1770 ea
2903 1733 3025 1786 qua:
3057 1716 3105 1770 in
3135 1718 3299 1786 priori
3329 1717 3398 1772 li-

1847 1807 2128 1863 beratione
2170 1808 2312 1863 edita
2363 1816 2491 1863 sunt
2537 1809 2796 1863 miracula
2851 1825 3154 1864 recensere.
3214 1809 3399 1866 Divisa

1845 1899 1987 1953 enim
2021 1901 2074 1954 in
2098 1901 2294 1955 multas
2317 1901 2611 1956 divisiones
2640 1901 2823 1956 Rubro
2850 1902 3008 1967 mari,
3034 1917 3098 1956 ac
3131 1904 3398 1972 separatis

1846 1990 2000 2058 aquis
2028 1999 2081 2045 et
2103 2007 2166 2046 ex
2196 2001 2424 2062 utraque
2473 2001 2625 2063 parte
2662 1992 2716 2045 in
2753 1993 2983 2048 sublime
3013 1993 3192 2061 elatis,
3244 1995 3398 2062 quasi

1845 2083 1899 2135 in
1930 2093 2043 2136 utre
2075 2085 2309 2152 quodam
2345 2084 2526 2137 divina
2575 2083 2770 2138 virtute
2821 2085 3089 2139 conclusit
3142 2100 3272 2150 eas,
3328 2101 3397 2141 ne

1845 2171 2030 2227 etl‘usaa
2056 2173 2455 2228 multitudinem
2487 2171 2880 2244 dcmergcreut.

1914 2425 2003 2478 2|.
2041 2423 2168 2478 Ideo
2214 2426 2414 2479 audiuit
2451 2426 2708 2480 Dominus
2746 2436 2796 2481 ct
2827 2427 3058 2485 distulit.
3115 2429 3282 2497 Quasi
3315 2433 3404 2489 di-

1845 2526 2009 2578 ceret,
2051 2517 2363 2587 Snperscdit
2418 2535 2630 2590 parum,
2665 2531 2717 2576 ct
2771 2523 3126 2591 operatricem
3179 2542 3402 2584 manum

1845 2607 2001 2676 quasi
2028 2608 2275 2662 cohibuit

1912 2698 2001 2752 24.
2028 2697 2096 2751 Et
2121 2714 2306 2766 partem
2346 2703 2462 2753 creti
2492 2702 2636 2755 dedit
2670 2705 2764 2756 eis.
2800 2703 2918 2760 Non
2970 2708 3171 2775 solum,
3203 2709 3400 2781 inquit,

1846 2805 2042 2844 manna
2071 2805 2298 2860 corpora
2330 2792 2624 2856 nutriebat,
2681 2794 2774 2849 sed
2818 2805 2875 2872 et
2921 2798 3227 2855 rationabili
3261 2818 3399 2872 qua-

1847 2880 1970 2936 dam
1999 2891 2053 2936 et
2081 2883 2286 2939 calein
2316 2886 2512 2940 virtute
2542 2886 2718 2940 alebat
2764 2871 2951 2942 eorum
2989 2890 3221 2960 animas,
3257 2871 3402 2951 sicut

1846 2989 2030 3029 revera
2060 2977 2222 3029 etiam
2273 2977 2368 3030 alit
2413 2979 2652 3048 angelos.
2711 2979 2889 3049 Atque
2936 2981 3066 3036 illud
3106 2993 3284 3054 potest
3330 3001 3401 3040 ex

1847 3066 2234 3136 conjunctione
2276 3070 2654 3136 animadverti,
2701 3087 2822 3142 qua:
2858 3075 3013 3143 quasi
3063 3075 3115 3130 in
3164 3078 3398 3148 quadam

1847 3158 2119 3214 additione
2139 3160 2284 3229 jacet
2329 3176 2451 3216 cum
2497 3163 2731 3245 dicitur:
2773 3163 2842 3217 Et
2870 3181 3058 3234 partem
3099 3170 3214 3222 caeli
3257 3169 3404 3226 dedit

1849 3250 1943 3303 eis.
1977 3247 2343 3303 Nihilominus
2376 3259 2555 3303 autem
2601 3266 2892 3320 possumus
2944 3254 2996 3308 id
3045 3270 3110 3310 ex
3142 3259 3402 3328 Apostolo

1848 3340 2110 3405 ediscere,
2144 3340 2237 3410 qui
2263 3341 2329 3395 de
2362 3342 2469 3396 illis
2509 3341 2642 3397 dicit
2673 3345 2817 3413 quod
2851 3345 3187 3417 spiritualem
3217 3352 3400 3408 cibum

1849 3433 2212 3487 cometlerent.
2254 3432 2386 3489 Illud
2410 3444 2588 3488 autem
2611 3445 2727 3490 erat
2760 3439 2904 3506 quod
2932 3439 3020 3495 hic
3049 3442 3206 3511 panis
3235 3458 3400 3514 ange-

1853 3523 2026 3578 lorum
2059 3533 2304 3579 vocatur.

1917 3610 2006 3664 27.
2042 3609 2109 3662 Et
2133 3612 2270 3664 sicut
2299 3628 2516 3666 arenam
2558 3618 2720 3671 maris
2757 3619 2997 3674 rolatilia
3029 3631 3277 3691 pennata.
3325 3623 3403 3682 De

1851 3699 2128 3755 coturnice
2157 3700 2246 3754 hic
2282 3701 2544 3771 loquitur.

1920 3791 2012 3846 50.
2053 3792 2236 3847 Adhuc
2257 3809 2387 3850 esca
2407 3811 2586 3849 eorum
2610 3806 2759 3852 erant
2791 3797 2847 3852 in
2876 3816 2965 3854 ore
2986 3801 3239 3871 ipsorum.
3267 3804 3405 3861 Ver-

1852 3899 1948 3938 sus
1973 3892 2056 3939 est
2080 3884 2187 3940 illis
2216 3885 2371 3940 cibus
2403 3885 2458 3940 in
2492 3885 2856 3953 iracundiam,
2897 3902 3080 3963 utpote
3101 3896 3193 3966 qui
3227 3898 3404 3954 omni-

1852 3991 1922 4030 no
1949 3979 2014 4030 ad
2037 3976 2379 4032 saturitatem
2411 3979 2660 4034 carnium
2690 3981 3035 4042 declinarint.

1919 4178 2008 4233 59.
2035 4177 2103 4232 Et
2129 4179 2434 4233 recordatus
2467 4189 2565 4243 est,
2589 4181 2712 4250 quia
2734 4197 2858 4235 caro
2896 4192 3039 4249 sunt,
3064 4186 3278 4254 spirr.us
3309 4204 3404 4242 ua-

1850 4270 1975 4324 dens
2004 4280 2053 4324 et
2086 4287 2188 4324 non
2215 4271 2440 4324 rediens.
2470 4269 2847 4339 Miserabatur,
2891 4256 3087 4344 inquit,
3127 4277 3272 4339 illos.
3300 4278 3404 4334 etsi

1850 4363 2056 4418 videret
2089 4378 2184 4418 eos
2212 4363 2435 4418 omnino
2459 4362 2763 4419 declinasse
2796 4365 2860 4419 ad
2883 4380 3097 4434 carnes,
3124 4369 3176 4425 id
3208 4382 3311 4435 est,
3345 4381 3406 4427 ut

1850 4469 1913 4510 ea
1940 4469 2062 4525 quae
2090 4455 2271 4510 carnis
2297 4463 2423 4509 sunt
2445 4462 2720 4524 saperent,
2751 4468 2813 4509 sc
2840 4456 3090 4525 spiritum
3115 4460 3312 4517 habere
3336 4462 3405 4517 ad

210 4547 429 4617 ἔχοντας,
458 4553 539 4614 είς
565 4545 855 4618 ἐπιθυμίαν
891 4547 1089 4619 σαρκὸς
1119 4547 1206 4600 ἀεὶ
1247 4547 1627 4619 πορευόμενον,
1655 4545 1745 4599 καὶ

1851 4545 2340 4615 concupiscentiam
2365 4545 2548 4601 carnis
2577 4561 2790 4617 semper
2821 4548 3126 4614 radentem,
3149 4568 3249 4607 nec
3270 4568 3404 4608 con-

210 4631 305 4692 οὐκ
336 4641 656 4712 ἐπιστρέφον
701 4641 781 4704 είς
827 4639 886 4693 τὸ
928 4641 1239 4710 μετανοεῖν,
1271 4638 1362 4691 καὶ
1399 4637 1644 4708 δκζητεῖν
1687 4635 1745 4703 ἐξ

211 4730 324 4802 ὅλης
351 4733 525 4805 ψυχῆς
551 4732 642 4786 τὸν
672 4732 823 4786 Θεόν.
863 4732 940 4786 Δι’
967 4731 1116 4785 οὐδὲν
1149 4726 1241 4784 οῦν
1271 4731 1454 4801 ἓτερον
1481 4729 1626 4800 ἠλέει
1655 4730 1748 4782 καὶ

212 4820 413 4888 ἔσωσεν,
442 4823 474 4894 ἢ
509 4823 599 4876 διὰ
640 4822 736 4894 τὴν
767 4822 970 4876 οἰκείαν
1011 4821 1171 4892 μόνον
1202 4820 1623 4891 φιλανθρωπίαν.
1659 4819 1750 4872 Διὸ

212 4915 294 4968 καὶ
327 4914 611 4987 προλαϐὼν
649 4911 818 4968 εἶπεν·
858 4914 1050 4981 Αὐτὸς
1090 4912 1200 4984 γάρ
1235 4912 1404 4967 ἐστιν
1446 4912 1752 4982 οικτίρμων

211 5005 296 5059 καί
328 5005 613 5076 ἐλεγείων.

276 5098 388 5150 οὐκ
424 5097 816 5167 ἐμνήσθησαν
854 5093 963 5164 τῆς
988 5093 1182 5164 χειρὸς
1209 5093 1392 5149 αὑτοῦ
1423 5092 1640 5162 ἡμέρας
1673 5087 1750 5162 ἧς

211 5181 564 5253 autpme
595 5184 810 5251 αὐτοὺς
832 5184 900 5237 ἐκ
928 5183 1122 5254 χειρὸς
1147 5184 1471 5249 θλίϐοντος.
1507 5181 1751 5237 Καταλέ-

214 5274 296 5340 ξας
324 5279 388 5332 τὰ
413 5280 470 5332 ὲν
499 5282 567 5351 τῇ
605 5277 840 5349 θαλάσσῃ
875 5277 965 5330 καὶ
989 5277 1046 5330 ὲν
1075 5277 1264 5348 ἐρήμῳ
1288 5275 1469 5339 αὐτοῖς
1494 5273 1748 5346 δεδομένα

212 5368 390 5437 ἀγαθὰ,
426 5370 610 5443 ἕτερον
647 5369 957 5442 εὐεργεσίας
989 5366 1274 5436 καταλέγει
1303 5366 1521 5438 τρόπον.
1567 5364 1750 5420 Ταῦτα

212 5455 260 5510 δέ
286 5460 392 5513 ἐστι
417 5461 484 5515 τὰ
533 5459 864 5532 περιστάντα
899 5458 1045 5512 δεινὰ
1091 5459 1215 5521 τοὺς
1242 5454 1485 5528 ἐχθρούς·
1510 5455 1545 5526 ἦ
1576 5471 1637 5508 τε
1671 5457 1751 5519 είς

214 5541 337 5618 αἷμα
370 5548 638 5621 μεταϐολὴ
672 5547 766 5602 τοῦ
805 5545 1073 5618 ποταμοῦ,
1107 5545 1200 5600 καί
1227 5545 1260 5616 ἠ
1283 5542 1567 5612 κυνάμυια,
1599 5542 1694 5594 καὶ
1721 5541 1751 5594 ὁ

216 5633 477 5707 βάτραχος,
505 5638 601 5691 καὶ
625 5639 658 5708 ή
683 5635 932 5708 ὶρυσίδη,
954 5635 1047 5690 καὶ
1070 5636 1102 5706 ή
1134 5635 1314 5706 ἀκρίς,
1347 5633 1440 5686 καὶ
1459 5633 1493 5703 ἡ
1519 5631 1746 5700 χάλαζα,

214 5725 294 5776 καὶ
330 5728 360 5797 ή
385 5729 582 5802 πάχνη,
619 5730 710 5782 καὶ
737 5729 796 5782 τὸ
823 5727 953 5799 πῦρ,
987 5727 1078 5782 καὶ
1105 5727 1137 5798 ἡ
1162 5726 1268 5779 τῶν
1307 5726 1552 5796 πονηρῶν
1581 5723 1747 5793 ἆγγέ-

215 5813 306 5869 λων
334 5821 615 5893 ἀποστολὴ
653 5821 744 5876 καὶ
773 5821 837 5876 τὰ
869 5821 1027 5876 λοιπὰ
1069 5819 1225 5892 μέχρι
1261 5820 1357 5892 τῆς
1395 5819 1500 5874 τῶν
1547 5835 1750 5892 πρωτο-

199 5907 367 5965 ·τὸκων
389 5912 677 5977 ἀπωλείας.

1849 4645 2140 4692 vertentem
2180 4652 2237 4691 se
2272 4636 2339 4690 ad
2365 4636 2738 4705 paenitentiam
2765 4679 2780 4703 ,
2829 4649 2888 4694 ut
2929 4652 3197 4710 quaereret
3227 4642 3396 4699 Deum

1847 4745 1912 4785 ex
1951 4738 2061 4786 tota
2100 4729 2303 4784 anima.
2336 4728 2491 4784 Nulla
2539 4730 2700 4802 igitur
2748 4731 2852 4786 alia
2883 4732 2952 4788 de
2981 4748 3145 4790 causa
3180 4736 3403 4792 misera-

1853 4832 1938 4876 tus
1963 4829 2046 4876 est
2069 4830 2122 4875 et
2153 4821 2362 4876 salvum
2409 4821 2539 4877 fecit
2601 4823 2777 4886 illum,
2829 4825 2932 4880 nisi
2996 4837 3213 4894 propter
3243 4842 3399 4882 suam

1851 4910 2026 4964 solum
2056 4909 2416 4965 clementiam.
2467 4910 2646 4977 Quare
2685 4914 2836 4983 prius
2882 4914 3063 4968 dixit:
3114 4914 3234 4986 Ipse
3264 4919 3404 4972 enim

1854 5001 2129 5053 miserator
2150 5007 2199 5052 et
2230 5000 2550 5054 misericors.

1922 5091 2012 5158 42,
2039 5090 2129 5146 49.
2167 5090 2289 5145 Non
2317 5104 2437 5147 sunt
2475 5093 2737 5148 recordati
2779 5110 2966 5149 manus
3006 5093 3140 5163 ejus,
3185 5096 3271 5149 die
3295 5113 3398 5167 qua

1854 5184 2070 5238 redemit
2100 5199 2185 5240 eos
2213 5183 2276 5239 de
2302 5201 2460 5239 manu
2500 5186 2826 5242 tribulantis.
2855 5185 3146 5256 Postquam
3179 5205 3404 5244 emnnec

1853 5277 1994 5330 ravit
2045 5275 2188 5331 bona
2245 5275 2300 5331 in
2354 5277 2490 5331 mari
2539 5285 2593 5332 et
2637 5278 2690 5332 in
2726 5279 2940 5335 deserto
2998 5279 3130 5350 ipsis
3183 5281 3400 5348 collata,

1853 5369 2022 5422 alium
2064 5376 2309 5423 receth
2336 5367 2722 5424 beneficiorum
2769 5369 3013 5425 modum.
3057 5367 3179 5425 Haec
3226 5380 3401 5426 autem

1854 5467 1983 5513 sunt
2014 5458 2154 5514 mala
2188 5459 2425 5514 inimicis
2467 5459 2634 5525 illata,
2671 5460 2880 5515 scilicet
2906 5461 3135 5516 mutatio
3161 5460 3404 5518 ﬂuminis

1854 5551 1910 5606 in
1973 5551 2312 5620 sanguinem,
2344 5551 2648 5622 cynomyia,
2685 5565 2850 5617 rana,
2897 5565 3099 5622 aerugo,
3152 5552 3359 5606 locusta
3387 5593 3403 5615 ,

1853 5642 2080 5710 grando,
2102 5641 2318 5711 pruina,
2355 5641 2516 5712 ignis,
2566 5641 2831 5697 immisslo
2864 5639 3176 5709 angelorum
3229 5643 3402 5695 malo-

1856 5749 2011 5796 rum,
2072 5741 2125 5790 et
2174 5733 2382 5804 reliqua
2417 5747 2588 5802 usque
2638 5732 2704 5788 ad
2747 5731 3232 5803 primogenitorum
3283 5731 3404 5787 cxi-

1854 5825 2009 5880 tium.
