4108 6490
665 435 772 494 355

668 638 866 709 inquit,
899 637 1218 707 mysterium
1254 633 1400 703 agni.
1430 633 1634 686 exitum
1676 628 1823 681 dedit
1864 628 1976 690 irae,
2017 633 2074 677 ut
2121 638 2214 690 po-

670 733 851 799 pulum
883 742 1040 783 sunm
1076 723 1606 794 praztergrederetur,
1641 730 1690 772 et
1716 734 1782 771 ne
1814 717 2096 785 attingeret
2123 727 2216 766 eos

667 821 758 890 qui
782 821 896 886 ejus
928 817 1240 887 mysterium
1276 814 1628 867 celebrarent.
1682 809 1785 862 Sed
1833 823 1956 862 cum
1989 805 2220 860 custodi-

671 921 751 966 ret
775 926 867 965 eos
902 908 1082 962 dando
1110 906 1353 959 semitam
1388 905 1482 956 ira:
1513 917 1657 965 suat,
1701 900 1988 954 animabus
2005 912 2212 957 eorum,

670 1001 875 1056 scilicet
909 997 1305 1066 Egyptiorum,
1347 1010 1445 1045 non
1475 992 1696 1061 pepercit
1740 1008 1772 1043 a
1806 999 2004 1050 morte;
2053 987 2217 1042 tradi-

669 1093 750 1147 dit
779 1092 923 1146 enim
952 1086 1378 1142 exterminatori.

742 1185 828 1239 54.
858 1182 921 1234 Et
950 1181 1156 1234 induxit
1186 1195 1269 1230 eos
1296 1180 1344 1230 iu
1371 1185 1594 1229 montem
1625 1173 2063 1242 sanctiﬁcationis
2093 1187 2219 1224 sum.

673 1275 966 1330 Jerusalem
998 1274 1073 1325 ait
1095 1281 1149 1325 et
1185 1271 1442 1339 templum
1481 1280 1664 1338 postea
1698 1269 1749 1320 in
1787 1268 1872 1320 illa
1906 1266 2220 1320 excitatum.

677 1367 901 1419 Montem
954 1365 1089 1415 hunc
1134 1379 1283 1431 queui
1338 1362 1612 1429 acquisivit
1660 1360 1872 1411 dextera
1924 1357 2056 1424 ejus.
2109 1354 2225 1422 Ipse

677 1475 911 1527 namque
941 1455 1187 1509 Christus
1214 1463 1313 1516 est,
1349 1454 1567 1506 dextera
1600 1450 1794 1512 Patris,
1823 1449 1914 1517 qni
1945 1448 2072 1501 olim
2103 1454 2227 1499 ante

676 1552 930 1620 pOpnlum
960 1547 1260 1609 incedebat,
1290 1554 1342 1598 et
1373 1553 1519 1599 sorte
1560 1544 1705 1597 dedit
1758 1544 1838 1596 eis
1875 1553 2071 1596 terram
2107 1555 2230 1609 pro-

677 1641 975 1696 missionis.
1013 1639 1081 1692 Et
1118 1640 1268 1707 ejecit
1320 1655 1351 1689 a
1395 1638 1528 1704 [acie
1581 1651 1761 1688 eorum
1815 1642 2009 1703 gentes.
2040 1631 2232 1685 Amor-

679 1737 906 1790 rhaeum.
957 1733 1253 1786 Chettzeum
1287 1772 1300 1794 ,
1348 1739 1401 1783 et
1440 1728 1530 1797 qui
1581 1733 1977 1795 consequenter
2009 1735 2233 1777 enume-

679 1837 889 1881 rantur.
929 1823 998 1877 Et
1031 1834 1167 1876 sorte
1197 1823 1374 1875 divisit
1409 1822 1481 1873 eis
1512 1831 1706 1872 terram
1747 1819 1798 1870 in
1845 1814 2078 1885 funiculo
2118 1814 2231 1865 dis-

1509 423 1566 478 S.
1608 417 1973 476 ATIIANASII
2013 415 2160 469 OPP.
2201 411 2378 465 PARS
2419 414 2503 468 Ill.
2548 445 2615 454 —-
2654 413 3061 468 EXEGETICA.

737 548 825 601 50.
862 543 1008 599 Viam
1047 544 1166 612 fecit
1207 541 1404 595 semin
1445 540 1538 591 ira:
1571 553 1698 590 sum.
1734 535 1870 588 Cum
1924 533 2158 586 dedissvt
2191 567 2205 590 ,
2237 532 2286 586 Α

3763 413 3863 472 556

2391 529 2733 596 Ὠδοποιήσε
2775 532 2971 593 τρίϐον
3023 528 3094 596 τῇ
3142 529 3286 597 ὀργῇ
3330 532 3531 582 avra).
3579 529 3868 593 Δεδωκὼς.

2318 622 2467 689 φησι.
2517 621 2607 673 τοῦ
2641 622 2809 690 ἀμνοῦ
2850 621 2910 672 τὸ
2963 623 3286 690 μυστήριον,
3329 621 3555 685 διέξοδον
3585 621 3784 673 δέδωκε
3811 624 3872 690 τῇ

2317 711 2470 780 ὀργῇ,
2507 713 2652 773 ὅπως
2677 712 2766 763 τὸν
2795 711 2958 763 αὑτοῦ
2991 711 3227 780 παρέλθῃ
3257 711 3382 763 λαὸν
3401 751 3414 773 ,
3449 712 3540 762 καὶ
3577 712 3651 781 μὴ
3678 713 3876 780 ἄζηται

2318 804 2423 854 τῶν
2469 803 2630 855 αὑτοῦ
2675 802 2964 854 τελούντων
2997 803 3056 855 τὸ
3092 804 3404 872 μυστήριον.
3447 802 3604 855 Ἀλλὰ
3643 804 3877 871 φυλάξας

2318 893 2534 956 τούτους
2571 893 2660 946 διὰ
2698 893 2789 945 τοῦ
2834 894 3008 957 ἔξοδον
3047 893 3225 946 δοῦναι
3275 896 3338 963 τῇ
3374 895 3540 963 ὀργῇ,
3570 894 3749 946 αὐτῶν
3778 895 3880 946 τῶν

2320 985 2525 1054 ψυχῶν,
2559 985 2757 1055 δηλαδὴ
2799 986 2904 1037 τῶν
2944 985 3284 1052 Αἰγυπτίων,
3319 987 3429 1037 οὐκ
3459 985 3743 1052 ἐφείσατο
3769 986 3879 1038 ἀπὸ

2322 1073 2598 1126 θανάτου·
2623 1073 2900 1142 παρέδωκε
2929 1074 3034 1142 γὰρ
3067 1074 3144 1142 τῷ
3177 1072 3544 1142 ὲξὸλοθρευτῇ.

2392 1163 2496 1215 Kal
2534 1163 2848 1231 εισήγαγεν
2872 1163 3089 1228 αὐτοὺς
3110 1166 3194 1228 εἰς
3222 1163 3357 1230 ὅρος
3390 1163 3757 1231 ἀγιὰσματος
3787 1165 3884 1216 αὺ-

2323 1254 2447 1307 τοῦ.
2487 1255 2832 1325 Ἰερουσαλήμ
2859 1272 2989 1324 φησι
3015 1256 3108 1306 καὶ
3133 1256 3219 1306 τὸν
3255 1254 3388 1323 μετὰ
3416 1254 3587 1308 ταῦτα
3610 1254 3886 1324 alienorum;-

2326 1343 2482 1396 Θέντα
2527 1346 2581 1396 ὲν
2625 1345 2757 1414 αὐτῇ
2808 1345 2950 1398 ναόν,
3001 1345 3165 1411 Ὄρος
3211 1344 3386 1396 τοῦτο
3429 1344 3459 1396 ὃ
3502 1343 3803 1408 ἐκτήσατο
3849 1344 3884 1408 ή

2326 1436 2490 1498 δεξιὰ
2535 1436 2736 1489 αὐτοῦ.
2780 1436 2948 1498 Αὐτὸς
2978 1437 3096 1507 γάρ.
3129 1437 3275 1487 ἐστιν
3316 1437 3342 1487 ὁ
3384 1436 3613 1505 Χριστὸς
3665 1436 3696 1504 ἡ
3745 1433 3888 1497 δεξιὰ

2327 1527 2419 1579 τοῦ
2470 1528 2699 1598 Πατρὸς,
2736 1530 2763 1580 ὁ
2792 1529 2883 1580 καὶ
2919 1527 3081 1580 πάλαι
3110 1527 3577 1596 προπορευόμενος
3614 1526 3707 1578 τοῦ
3741 1525 3888 1590 λαοῦ,

2330 1620 2420 1670 καὶ
2448 1619 2685 1687 κατακλη
2696 1618 2918 1688 ροδοτῶν
2945 1620 3122 1679 αὐτοῖς
3149 1618 3247 1686 τῆς
3283 1616 3612 1684 ἐπαγγελίας
3637 1618 3736 1685 τὴν
3769 1616 3889 1684 γῆν.

2333 1712 2438 1764 Kal
2488 1711 2772 1774 ἐξέϐαλεν
2811 1711 2927 1764 ἀπὸ
2978 1710 3295 1776 προσώπου
3341 1708 3537 1762 αὐτῶν
3577 1711 3741 1774 ἔθνη.
3794 1710 3892 1762 Τὸν

2346 1803 2664 1873 Ἀμορῤαἰον
2693 1803 2786 1854 καὶ
2818 1802 2907 1854 τὸν
2939 1803 3193 1854 Χετταῖον
3213 1841 3228 1863 ,
3273 1802 3362 1853 καὶ
3398 1802 3520 1864 τοὺς
3557 1802 3682 1869 ἑξῆς
3713 1801 3870 1870 δηλου

681 1918 1001 1970 tributionis.
1053 1913 1301 1982 Expulsis
1349 1927 1411 1965 ac
1467 1910 1658 1964 deletis
1699 1884 1901 1976 septem
1961 1905 2229 1976 gentibus.
2269 1885 2270 1933 ί

2346 1897 2545 1964 μένους.
2595 1895 2701 1948 Kal
2746 1894 3224 1962 ἑκληροδότησεν
3266 1895 3484 1958 αὐτοὺς
3528 1895 3597 1945 ἐν
3649 1894 3895 1961 σχοινίῳ

682 2007 814 2063 Nam
837 2010 1117 2078 pulsorum
1147 2006 1306 2060 urbes
1339 2006 1639 2073 domosque
1673 2001 2051 2072 possederunt.

753 2266 840 2323 56.
881 2265 945 2319 Et
989 2274 1308 2319 tentaverunt
1355 2270 1401 2313 et
1452 2259 1891 2313 exacerbarentur
1936 2257 2101 2312 Deum
2144 2273 2225 2311 ex-

687 2357 896 2412 celsum.
944 2353 1325 2414 ldololatriam,
1351 2367 1471 2420 qua:
1508 2350 1754 2418 judicnm
1792 2359 1845 2402 et
1876 2365 2059 2419 regum
2107 2359 2240 2402 tem-

686 2461 813 2516 pore
863 2444 1076 2497 inducta
1112 2441 1230 2500 fuit.
1277 2451 1510 2494 enarrat.
1557 2439 1622 2491 Et
1652 2439 1948 2490 testimonia
1985 2437 2096 2505 ejus
2141 2456 2241 2492 non

688 2531 1064 2586 custodierunt.

759 2622 848 2676 57.
903 2621 966 2673 Et
1001 2625 1296 2672 averterunt
1345 2632 1430 2681 se,
1477 2632 1579 2668 non
1619 2625 1948 2670 servaverunt
1993 2627 2240 2684 pactum,

686 2712 1122 2785 quemadmodum
1153 2721 1326 2779 patres
1361 2725 1607 2761 eorum...
1654 2706 2117 2772 Quemadmodum
2153 2724 2246 2776 pa-

689 2814 800 2857 tres
836 2818 1054 2865 eorum,
1086 2801 1187 2861 ait,
1219 2801 1270 2851 in
1308 2799 1550 2858 deserto,
1594 2797 1927 2864 redemptore
1961 2797 2242 2864 abnegato,

690 2896 916 2950 vitulum
951 2893 1230 2948 fecerunt:
1267 2887 1338 2944 ita
1386 2900 1437 2944 et
1474 2890 1561 2944 isti
1597 2890 1792 2942 erectis
1829 2888 2011 2942 vitulis
2038 2888 2246 2942 sacrili-

692 2989 907 3048 cabant,
941 2985 1048 3040 Deo
1079 2984 1354 3039 derelicto.

761 3075 848 3129 58.
896 3073 958 3125 In
983 3075 1116 3124 iram
1153 3072 1541 3124 concitaverunt
1565 3086 1679 3122 eum
1708 3070 1759 3122 in
1791 3070 2011 3123 collibus
2036 3072 2164 3124 suis.
2191 3069 2248 3124 In

693 3168 947 3221 omnibus
987 3166 1129 3220 enim
1173 3165 1435 3218 montium
1483 3162 1856 3217 cacuminibus
1903 3163 2250 3216 immolabant

693 3257 1052 3320 daemonibus,
1091 3265 1150 3309 ut
1175 3255 1248 3308 ait
1277 3252 1446 3307 Oseas
1479 3252 1739 3321 propheta
1762 3253 1829 3306 ".

764 3350 853 3404 59.
881 3349 1093 3401 Audiuit
1125 3346 1263 3398 Deus
1294 3355 1342 3398 et
1372 3345 1584 3411 sprevit,
1626 3353 1674 3397 et
1706 3345 1774 3396 ad
1803 3345 2023 3398 nihilum
2057 3345 2250 3414 redegit

697 3442 846 3495 valde
878 3440 1065 3495 Israel.
1088 3438 1293 3493 Traditi
1319 3439 1463 3490 enim
1490 3442 1617 3490 sunt
1639 3436 1803 3489 variis
1832 3436 2250 3489 cautivitatibus.

768 3620 855 3674 60.
879 3619 941 3672 Et
974 3619 1161 3686 repulit
1198 3615 1585 3670 tabernaculum
1617 3614 1802 3670 Silam.
1835 3614 1890 3667 ln
1920 3612 2086 3666 Silom
2111 3612 2254 3666 enim

699 3721 817 3766 erat
851 3713 998 3780 prius
1029 3710 1460 3770 tabernaculum,
1495 3723 1602 3776 quo
1629 3719 1869 3775 tempore
1897 3705 2254 3760 sacerdotium

701 3805 1020 3859 exercebant
1049 3801 1163 3854 Heli
1207 3810 1260 3854 et
1289 3798 1526 3852 Samuel.
1562 3795 1972 3850 Tubernaculum
1999 3795 2086 3847 ubi
2117 3795 2258 3846 habi-

703 3895 830 3948 tavit
859 3895 909 3946 in
938 3891 1255 3945 hominibus.
1281 3887 1709 3941 Tabernaculum
1745 3886 1874 3940 dicit
1902 3900 2103 3950 arcam,
2139 3900 2259 3953 quae

704 3983 1014 4038 hominibus
1048 3981 1152 4034 illis
1180 3987 1361 4049 erepta
1394 3986 1496 4042 est,
1526 3992 1555 4030 a
1589 3977 1831 4046 quinque
1865 3975 2114 4045 satrapiis
2140 3988 2260 4044 qua!

702 4075 1041 4132 abstulerunt
1079 4072 1245 4126 illam.

774 4167 862 4220 6i.
906 4164 972 4217 Et
1013 4162 1231 4216 tradidit
1269 4161 1322 4214 in
1359 4160 1716 4229 captivitatem
1769 4159 2014 4212 virtutem
2060 4173 2260 4221 eorum,

706 4269 756 4315 et
787 4254 1229 4326 pulchritudinem
1265 4267 1466 4305 eorum.
1499 4248 1682 4305 Virtus
1712 4259 1764 4304 et
1789 4248 2134 4318 pulchritudo
2172 4262 2260 4301 eo-

710 4366 830 4406 rum
850 4358 965 4404 erat
987 4362 1130 4410 arca,
1154 4361 1274 4415 quae
1295 4343 1488 4398 tradita
1517 4351 1599 4397 est
1621 4342 1674 4395 in
1699 4357 1894 4396 manus
1923 4340 2261 4394 Azotiorum.

2333 1986 2752 2053 κληροδοσίας.
2795 1985 2978 2038 Αὐτῶν
3023 1985 3129 2037 τῶν
3161 1985 3518 2048 ἐξελαθέντων
3563 1985 3656 2036 καὶ
3699 1987 3898 2054 ἀνῃρη-

2341 2077 2512 2146 μένων
2539 2077 2674 2128 ma
2702 2076 2886 2128 ὲΘνῶν.
2918 2077 3026 2138 Τὰς
3053 2077 3159 2146 γὰρ
3189 2077 3370 2138 πόλεις
3397 2077 3575 2128 αὐτῶν
3605 2075 3715 2128 τῶν
3743 2075 3896 2127 ἐκϐε-

2337 2168 2612 2236 6λημένων
2641 2169 2732 2220 καὶ
2763 2169 2886 2230 τοὺς
2921 2167 3099 2230 οἴκους
3130 2167 3586 2238 ἐκληρονόμησαν.

2406 2260 2510 2313 Kal
2533 2260 2855 2326 ἐπείρασαν
2883 2260 2980 2312 καί
3009 2261 3456 2326 παρεπίκραναν
3483 2259 3588 2312 τὸν
3617 2257 3772 2312 Θεὸν
3799 2257 3903 2309 τὸν

2340 2350 2616 2417 ὕψιστον.
2654 2350 2761 2418 Τὴν
2804 2350 2892 2400 ἐπὶ
2923 2348 3028 2401 τῶν
3074 2349 3272 2418 κριτῶν
3301 2348 3596 2418 γενομένην
3625 2348 3904 2401 εἰδωλολα-

2340 2437 2519 2507 τρείαν
2570 2437 2856 2506 σημαίνει,
2906 2438 3000 2489 καὶ
3042 2438 3139 2508 τὴν
3175 2439 3267 2489 ἐπὶ
3312 2437 3418 2488 τῶν
3467 2437 3768 2506 βασιλειῶν.
3795 2436 3900 2490 Kal

2342 2529 2410 2581 τὰ
2437 2531 2724 2596 μαρτύρια
2755 2529 2938 2582 αὑτοῦ
2978 2531 3087 2582 οὐκ
3117 2529 3513 2597 ἐφυλάξαντο.

2414 2621 2519 2674 Καὶ
2553 2621 2960 2689 ἀπέστρεψαν,
2998 2619 3092 2674 καὶ
3140 2622 3462 2688 ἠθέτησαν,
3495 2621 3690 2686 καθὼς
3725 2620 3820 2673 καὶ
3851 2621 3903 2672 ol

2345 2711 2589 2779 πατέρες
2630 2712 2845 2765 αὐτῶν.
2884 2713 3090 2782 ’Ὠσπερ
3121 2714 3169 2765 οί
3215 2713 3446 2784 πατέρες
3484 2713 3683 2772 αὐτῶν,
3722 2713 3902 2782 φησιν,

2346 2805 2402 2854 ἐν
2430 2805 2493 2872 τῇ
2527 2803 2715 2874 ἐρήμῳ
2760 2804 2850 2854 τὸν
2898 2805 3094 2873 μόσχον
3136 2805 3482 2872 πεποιήκασι,
3516 2804 3606 2855 τὸν
3633 2804 3906 2874 λυτρωτὴν

2349 2893 2740 2963 ἀρνησάμενοι·
2788 2892 2929 2946 οὕτω
2975 2895 3068 2947 καὶ
3111 2887 3252 2946 οὗτοι
3305 2895 3465 2948 πάλιν
3511 2896 3610 2958 τὰς
3651 2894 3906 2965 δαμάλεις

2349 2984 2630 3047 ἀναθέντες
2659 2984 2832 3046 ἐουον,
2867 2985 3317 3052 ἐγκαταλιπόντες
3339 2985 3487 3038 Θεόν.

2422 3078 2527 3130 Kal
2563 3074 2939 3144 παρώργισαν
2965 3077 3148 3129 αὑτὸν
3174 3078 3242 3129 ἐν
3272 3078 3393 3142 τοῖς
3419 3078 3674 3143 βουνοῖς
3693 3076 3905 3130 αὐτῶν.

2365 3167 2487 3219 Ἐπὶ
2539 3167 2716 3217 πᾶσαν
2773 3167 2881 3237 γὰρ
2942 3169 3181 3238 κορυφὴν
3224 3169 3381 3238 ὅρους
3428 3171 3537 3232 τοῖς
3585 3169 3913 3239 ἀκαθάρτοις

2353 3259 2503 3314 ἔθυον
2531 3261 2794 3331 δαίμοσιν,
2823 3261 2896 3323 ὡς
2928 3261 2956 3312 ὁ
2988 3262 3265 3330 προφήτης
3307 3261 3460 3329 Ὡσηέ
3491 3277 3674 3330 φησιν.

2425 3353 2714 3405 Ἤκουσεν
2741 3354 2771 3404 ό
2802 3350 2943 3416 Θεὸς
2977 3351 3072 3402 καὶ
3104 3349 3389 3417 ὑπερεῖδε,
3421 3352 3514 3404 καὶ
3545 3351 3915 3414 ἐξουδένωσε

2352 3441 2583 3508 σφόδρα
2637 3439 2891 3508 Ἰσραήλ.
2937 3439 3315 3510 Παρεδόθησαν
3353 3440 3458 3510 γὰρ
3507 3442 3585 3504 εἰς
3631 3441 3918 3513 διαφόρους

2353 3532 2740 3602 αἰχμαλωσίας.

2423 3623 2530 3674 Kal
2562 3621 2842 3675 ἀπώσατο
2889 3620 3002 3689 τὴν
3046 3622 3287 3690 σκηνὴν
3327 3622 3557 3693 Σηλώμ.
3601 3624 3690 3678 Ἐν
3718 3623 3913 3696 Σηλὼμ

2355 3712 2461 3782 γὰρ
2503 3707 2568 3782 ἦν
2631 3711 2692 3763 τὸ
2745 3712 3004 3782 πρότερον
3053 3713 3085 3782 ή
3138 3713 3345 3783 σκηνὴ,
3394 3713 3555 3782 ἡνίκα
3603 3713 3920 3782 ἱεράτευσαν

2367 3801 2512 3855 Ἠλεὶ
2540 3803 2632 3854 καὶ
2661 3802 2926 3871 Σαμουὴλ.
2964 3801 3250 3869 Σκήνωμα
3288 3802 3318 3854 ὃ
3362 3803 3825 3871 κατεσκήνωσεν
3855 3807 3922 3857 ἐν

2357 3892 2701 3961 ἀνθρώποις.
2735 3894 3003 3962 Σκήνωμα
3028 3893 3125 3961 τὴν
3163 3893 3389 3945 κιϐωτόν
3424 3911 3583 3966 φησιν
3602 3935 3617 3956 ,
3647 3895 3794 3967 ἥπερ
3819 3895 3922 3948 ἀπὸ

2359 3983 2464 4036 τῶν
2493 3981 2791 4053 ἀνθρώπων
2829 3982 3048 4035 ἐκείνων
3082 3984 3361 4056 ἀφῄρηται
3394 3984 3498 4038 τῶν
3533 3986 3694 4039 πέντε
3724 4003 3921 4058 σατρα-

2362 4073 2526 4126 πειῶν
2556 4073 2660 4126 τῶν
2689 4073 2961 4125 λαὸουσῶν
2987 4074 3175 4143 αὐτὴν.

2432 4166 2540 4220 Kal
2592 4165 2931 4233 παρέδωκεν
2979 4168 3065 4230 εις
3114 4168 3526 4235 αἰχμαλωσίαν
3580 4167 3696 4235 τὴν
3745 4171 3926 4239 ἰσχὺν

2364 4257 2592 4323 αὐτῶν,
2641 4259 2737 4310 καὶ
2781 4258 3094 4325 καλλονὴν
3146 4258 3362 4313 αὐτῶν.
3406 4261 3577 4330 ’ἰσχὺς
3618 4262 3798 4315 αὐτῶν
3833 4264 3925 4316 καὶ

2371 4351 2475 4421 μὴν
2501 4351 2594 4403 καὶ
2624 4349 2852 4421 καλλονὴ
2877 4352 2909 4421 ή
2945 4349 3173 4412 κιϐωτὸς
3193 4345 3262 4420 ἦν
3293 4351 3327 4421 ἢ
3362 4352 3716 4422 παραδέδοται
3757 4353 3925 4417 Ἀζω..

2368 4442 2496 4495 τίων
2525 4442 2602 4503 είς
2629 4444 2831 4511 χεῖρας.

781 4547 869 4601 62.
909 4545 972 4599 Et
1004 4544 1254 4598 conclusit
1303 4544 1356 4596 in
1401 4541 1579 4612 gladio
1617 4539 1864 4609 populum
1906 4554 2078 4592 suum.
2127 4536 2264 4591 Cum

2435 4533 2544 4588 Kal
2566 4533 2958 4587 συνέκλεισεν
2983 4535 3068 4598 εἰς
3089 4535 3393 4602 ῥομφαίαν
3412 4535 3517 4588 τὸν
3539 4535 3694 4588 λαὸν
3717 4537 3924 4592 αὑτοῦ.

712 4640 1035 4692 ducerentur
1068 4637 1211 4690 enirn
1252 4635 1305 4688 in
1336 4634 1700 4702 captivitatem
1749 4630 2136 4690 moriebantur,
2177 4641 2269 4680 ne-

2382 4626 2657 4696 Ἀγόμενοι
2684 4625 2794 4697 γὰρ
2825 4625 3173 4696 αἰχμάλωτοι,
3197 4627 3554 4696 ἀπέθνησκον,
3587 4628 3800 4692 οὐδενὸς
3831 4631 3924 4682 αὺ-

715 4729 860 4782 mine
906 4727 1234 4788 auxiliante,
1280 4725 1406 4792 quia
1440 4721 1738 4777 familiares
1769 4735 1957 4775 eorum
2011 4719 2132 4789 igne
2175 4717 2270 4771 ab-

2370 4720 2481 4780 τοῖς
2528 4715 2972 4787 ἐπικουροῦντος,
3016 4715 3102 4770 διὰ
3145 4717 3206 4770 τὸ
3245 4718 3744 4788 πφδεδαπανῆσθαι
3799 4722 3930 4792 πυρὶ

716 4818 914 4885 sumpti
954 4815 1186 4870 fuerant.

786 4907 875 4960 64.
917 4904 1222 4960 Sacerdotes
1258 4918 1435 4956 eorum
1465 4903 1517 4954 in
1543 4901 1718 4970 gladio
1746 4900 2061 4954 ceciderunt.
2109 4897 2274 4952 Filios

720 4998 834 5054 Heli
879 4995 1173 5052 sacerdotis
1206 4995 1336 5048 dicit
1372 4992 1474 5047 :Et
1516 4993 1684 5047 vidua:
1726 5009 1904 5046 eorum
1948 5005 2052 5044 non
2092 4990 2273 5059 plora-

722 5093 932 5144 buntur.
977 5087 1257 5142 Perierunt
1290 5087 1434 5140 enim
1475 5084 1661 5138 eodem
1710 5083 1877 5137 exitio
1899 5123 1914 5143 .
1950 5091 2111 5150 atque
2143 5079 2274 5134 viris

2372 4809 2496 4870 τοὺς
2529 4807 2858 4878 ἐπιτηδείους
2887 4807 3083 4863 αὐτῶν.

2447 4903 2510 4953 Ol
2543 4899 2714 4967 ἱερεῖς
2744 4899 2941 4953 αὐτῶν
2969 4901 3039 4954 ἐν
3053 4902 3316 4970 ῥομφαίᾳ
3345 4902 3586 4955 ἔπεσον.
3615 4902 3754 4964 Τοὺς
3786 4903 3933 4964 υἱοὺς

2389 4989 2536 5042 Ἠλεὶ
2577 4988 2671 5042 τοῦ
2719 4990 2906 5060 ἱερέως
2951 4991 3118 5059 λέγει.
3151 4991 3259 5045 Kal
3305 4995 3361 5044 al
3411 4989 3589 5059 χῆραι
3621 4989 3822 5044 αὐτῶν
3859 4994 3930 5046 οὐ

2377 5079 2833 5144 κλαυθήσονται.
2860 5079 3236 5133 Συνδιολώλασι
3257 5081 3364 5154 γὰρ
3387 5084 3450 5152 τῇ
3477 5081 3652 5134 αὐτῶν
3669 5082 3930 5153 ἀπωλείᾳ,

724 5182 779 5235 in
810 5187 980 5232 morte
1012 5175 1314 5243 conjuncta:
1344 5182 1503 5236 sunt,
1549 5186 1720 5239 neque
1759 5170 2011 5241 lacrymis
2046 5181 2103 5224 ut
2141 5169 2270 5225 solet

2378 5171 2574 5240 καὶτῷ
2611 5170 2718 5223 τῶν
2761 5171 2965 5242 ἀνδρῶν
3005 5172 3214 5242 Θανάτῳ
3247 5172 3618 5244 συνήφθησαν,
3663 5173 3796 5244 μηδὲ
3827 5173 3932 5226 τῶν

726 5276 781 5328 in
810 5272 1036 5326 mortuis
1068 5273 1178 5321 heri
1209 5267 1496 5336 deplorata:
1523 5272 1671 5320 sunt.

797 5361 887 5417 66.
931 5359 996 5412 Et
1024 5355 1274 5428 percussit
1313 5355 1550 5408 inimicos
1581 5370 1700 5407 suos
1731 5354 1786 5406 in
1810 5354 2124 5422 posteriora.
2167 5351 2282 5407 Hoc

729 5455 804 5509 ait
839 5453 965 5523 quia
1004 5449 1222 5503 Azotios
1254 5456 1307 5500 et
1339 5444 1678 5502 Ascalonitas
1730 5445 1782 5498 in
1826 5444 2110 5513 podicibus
2155 5459 2278 5514 per-

728 5547 918 5610 cussit,
942 5543 1114 5596 donec
1139 5538 1471 5594 remitterent
1499 5550 1702 5591 arcam.

801 5635 889 5689 67.
934 5633 996 5688 Et
1026 5632 1210 5701 repulit
1238 5629 1630 5684 tabernaculum
1658 5626 1872 5698 Ioseph.
1916 5626 2028 5684 Hoc
2053 5627 2127 5684 ait
2156 5626 2283 5698 quia

838 5836 879 5866 θ’
920 5833 1042 5890 Ose.
1084 5852 1156 5901 χι,
1199 5834 1284 5893 12.

2381 5264 2472 5315 ἐπὶ
2497 5266 2705 5334 νεκροῖς
2729 5264 3039 5331 ἀξιωθεῖσαι
3060 5266 3326 5337 δακρύων.

2451 5354 2557 5407 Kal
2585 5353 2844 5420 ἐπάταξε
2871 5355 3011 5422 τοὺς
3043 5355 3292 5424 ἐχθροὺς
3316 5356 3498 5409 αὑτοῦ
3523 5357 3606 5420 είς
3630 5355 3702 5408 τὰ
3725 5355 3932 5408 ὀπίσω.

2383 5443 2551 5498 Τοῦτό
2598 5461 2727 5514 φησι
2763 5445 2850 5498 διὰ
2892 5446 2951 5498 τὸ
2993 5447 3274 5511 Ἀζωτίους
3308 5447 3401 5500 καὶ
3435 5445 3830 5507 Ἀσκαλωνίτας
3860 5445 3937 5506 είς

2381 5536 2479 5599 τὰς
2500 5537 2658 5608 ἕδρας
2683 5537 2937 5604 πατάξαι,
2963 5537 3119 5610 ἄχρις
3145 5533 3205 5592 οὗ
3223 5538 3320 5607 τὴν
3345 5536 3572 5591 κιϐωτὸν
3594 5536 3935 5590 ἀπέστειλαν.

2463 5627 2566 5682 Kal
2611 5626 2888 5684 ἀπώσατο
2932 5629 2996 5682 τὸ
3024 5629 3307 5699 σκήνωμα
3349 5626 3577 5696 Ἰωσήφ.
3612 5626 3784 5681 Τοῦτό
3811 5642 3934 5696 φησι
