4108 6486
169 434 263 488 557

1188 426 1552 484 EXPOSITIO
1584 426 1647 483 IN
1683 427 2013 483 PSALIIIJM
2056 428 2337 484 LXXVIII.

3286 430 3389 487 $58

168 554 243 606 biit
282 552 338 603 τὸ
374 551 473 621 τὴν
514 548 713 620 Σηλὼμ
761 550 819 601 ἐν
863 550 931 618 τῇ
969 546 1143 619 μερίδι
1189 543 1325 600 εἶναι
1365 547 1459 601 τοῦ
1508 548 1722 617 ’ἰωσήςν

1831 547 1997 601 Silom
2028 559 2146 603 erat
2182 550 2234 602 in
2272 549 2517 618 portione
2543 547 2775 618 Josepli;
2810 548 3062 620 Ephraim
3110 559 3289 605 autem
3326 552 3389 607 ll-

178 641 399 711 Ἐψραῖμ
424 641 483 693 δὲ
517 639 634 701 υἱὸς
673 639 886 708 Ἰωσήφ.

229 732 329 786 Kal
368 730 695 795 ἐξελέξατο
751 731 864 797 τὴν
909 729 1114 799 φυλὴν
1166 729 1379 784 Ἰούδα.
1439 729 1570 783 Ἀπὸ
1616 728 1725 801 γὰρ

166 824 351 894 ταύτης
392 824 523 886 τοὺς
576 822 828 893 βασιλέας
876 823 1147 894 ἐποίησεν,
1179 816 1254 875 ὧν
1286 822 1499 893 πρῶτος
1541 822 1722 875 Δαυῖδ.

177 916 359 968 Ἰστέον
402 915 498 979 δὲ,
550 916 625 978 ὡς
672 915 843 985 φυλὴν
885 916 1005 967 ἀντὶ
1053 914 1223 985 φυλῆς
1273 914 1584 979 ἐξελέξατο,
1628 915 1726 984 τὴν

177 1007 332 1060 Ἰούδα
376 1006 500 1059 ἀντὶ
547 1006 649 1076 τῆς
690 1007 904 1076 Ἰωσήφ·
942 1006 1035 1058 καὶ
1076 1006 1239 1059 τόπον
1274 1007 1393 1059 ἀντὶ
1440 1008 1635 1070 τόπου,
1666 1008 1726 1061 τὸ

165 1096 276 1166 ὅρος
303 1093 439 1147 Σιὼν
467 1096 593 1147 ἀντὶ
626 1096 723 1165 τῆς
752 1094 967 1165 Σηλώμ.

228 1185 333 1243 Kal
365 1187 757 1255 ᾠκοδόμησεν
800 1188 881 1253 ὡς
917 1189 1325 1258 μονοκέρωτος
1367 1190 1433 1244 τὸ
1465 1192 1727 1260 ἀγίασμα

164 1278 357 1332 αὑτοῦ.
413 1279 690 1349 Ἃγίασμα
758 1281 854 1350 μὲν
915 1282 1005 1336 τὸν
1060 1282 1201 1336 θεῖον
1264 1286 1320 1336 ἐν
1378 1284 1726 1356 Ἰερουσαλὴμ

168 1370 569 1441 ᾡκοδομηθέντα
594 1371 737 1440 λέγει
766 1372 908 1424 ναὸψ
936 1372 1251 1444 Μονόκερως
1279 1373 1334 1426 δὲ
1368 1372 1550 1445 θηρίον
1582 1374 1726 1426 ἐστὶν

168 1464 598 1534 ἀκαταμάχητον,
622 1464 709 1517 διὰ
733 1464 792 1516 τὸ
816 1464 907 1530 ὀξὺ
935 1465 1101 1537 κέρας
1127 1467 1215 1519 ἐπὶ
1240 1465 1490 1536 μετώπου
1517 1466 1722 1536 φέρειν,

169 1557 252 1609 καὶ
283 1557 457 1609 πάντα
483 1556 661 1625 τούτῳ
692 1558 931 1627 ἀναιρεῖν
960 1557 1028 1610 τὰ
1057 1556 1238 1628 θηρία.
1265 1558 1425 1625 Λέγει
1455 1554 1564 1619 οὖν,
1597 1558 1725 1610 Ὅτε

166 1644 323 1709 οὕτως
364 1649 393 1699 ὁ
433 1648 577 1711 θεῖος
631 1648 948 1720 ᾠκοδομήθη
997 1649 1144 1712 ναὸς,
1187 1648 1260 1712 ὡς
1306 1649 1481 1702 πάντα
1508 1650 1576 1702 τὰ
1602 1648 1723 1721 ἔθνη

167 1739 255 1809 τῆς
278 1740 502 1809 ἐνούσης
532 1743 591 1793 ἐν
624 1740 772 1810 αὐτῷ
808 1741 986 1810 ἰσχύος
1011 1741 1234 1810 δεύτερα
1270 1741 1565 1809 φαίνεσθαι.

238 1828 583 1892 Ἐξόπισθεν
628 1828 745 1883 τῶν
791 1830 1207 1899 λοχευομένων
1258 1832 1471 1885 ἐλαϐεν
1520 1833 1719 1885 αὐτόν.

166 1919 496 1991 Τικτομένων
524 1923 619 1975 καὶ
646 1923 1013 1993 γεννωμένων.
1062 1924 1193 1977 Ἀπὸ
1222 1925 1317 1995 τῆς
1342 1928 1719 1997 ποιμαντικῆς,

167 2011 347 2079 φησὶν,
400 2015 734 2084 ἐπιστήμης,
777 2016 869 2067 καὶ
917 2016 1009 2068 τοῦ
1056 2016 1254 2069 είδέναι
1288 2016 1356 2069 τὰ
1397 2017 1722 2089 λοχευόμενα

164 2101 261 2155 τῶν
312 2104 595 2175 προϐάτων
642 2106 1015 2174 διαφυλάττειν
1037 2150 1052 2171 ,
1098 2107 1273 2172 καλῶς
1317 2109 1598 2164 ἀναλαϐὼν
1631 2112 1723 2165 καὶ

165 2193 260 2246 τῶν
289 2194 520 2263 λογικῶν
551 2196 880 2269 θρεμμάτων
908 2200 1143 2267 ποιμένα
1175 2201 1459 2273 πεποίηκε.
1487 2203 1724 2272 Ποίμαι-

166 2300 281 2339 νειν
324 2286 528 2342 Ἰακὼϐ
551 2289 655 2342 τὸν
679 2288 903 2344 δοῦλον
934 2291 1139 2345 αὐτοῦ.
1173 2293 1446 2355 Τοντέστι,
1471 2294 1721 2348 διδάσκα-

166 2378 243 2443 λος
283 2380 461 2445 αὐτοῖς
495 2383 715 2451 ἀγαθῶν
758 2385 972 2456 τρόπων
1012 2386 1245 2454 ἐγένετο,
1293 2387 1358 2440 δι’
1401 2380 1475 2439 ὧν
1520 2385 1722 2439 ἐπεδεί-

167 2486 314 2523 κνυτο
339 2472 633 2537 παιδεύσας
658 2475 869 2539 αὐτούς.

230 2560 333 2614 Καὶ
361 2563 431 2615 ἐν
469 2564 600 2629 ταῖς
642 2564 931 2619 συνέσεσι
967 2565 1084 2619 τῶν
1111 2565 1323 2634 χειρῶν
1354 2567 1538 2622 αὑτοῦ
1568 2566 1720 2637 ὡδή-

167 2666 340 2716 γησεν
376 2655 622 2719 αὐτούς.
666 2654 885 2708 Σύνεσιν
932 2656 1128 2727 χειρῶν
1175 2659 1353 2711 πᾶσαν
1394 2658 1491 2730 τὴν
1537 2662 1594 2713 ἐν
1646 2658 1721 2730 τῷ

168 2744 482 2814 προσήκοντι
506 2745 705 2813 πρᾶξιν
728 2747 1013 2818 γινομένην
1040 2748 1220 2819 φησίν.

528 2838 836 2891 ΨΑΛΜΟΣ
865 2836 943 2903 τῷ
984 2840 1184 2909 Ἀσάφ.
1225 2844 1354 2895 011'.

800 2931 857 2981 ’Υ
854 2931 1117 2995 πόθεσις.

169 3016 349 3071 Τοῦτον
384 3020 499 3091 ᾄδει
531 3020 623 3073 τὸν
662 3020 870 3091 ψαλμὸν
902 3022 1042 3094 ὑπὲρ
1083 3023 1192 3076 τῶν
1218 3025 1606 3096 ἀναιρεθέντων
1636 3045 1722 3080 πι-

232 3108 369 3180 κρῶς
410 3110 555 3164 κατὰ
585 3113 710 3175 τοὺς
751 3114 975 3184 καιροὺς
1005 3114 1099 3167 τοῦ
1146 3116 1437 3187 Ἀντιόχου·
1469 3118 1631 3173 αἰτῶν
1662 3136 1720 3172 τε

1826 638 1932 692 lius
1958 647 2075 692 erat
2099 638 2323 708 Joseph.

1894 726 1980 780 68.
2023 725 2124 782 Sed
2170 730 2322 799 elegit
2370 728 2561 781 tribum
2607 726 2771 783 Iuda.
2817 727 2895 783 Ex
2942 744 3003 783 ea
3048 729 3192 784 enim
3238 746 3393 802 reges

1826 821 2143 885 constituit,
2185 836 2415 891 quorum
2448 824 2655 891 primus
2689 821 2786 877 fuit
2843 821 3032 877 David.
3091 822 3387 877 Sciendum

1825 920 2004 965 autem
2033 911 2232 965 tribum
2264 928 2361 982 pro
2392 914 2533 966 tribu
2554 914 2781 982 elegisse
2807 912 2997 973 Deum,
3020 915 3217 968 tribum
3248 914 3386 968 .Iuda

1826 1017 1925 1071 pro
1953 1003 2091 1056 tribu
2121 1002 2376 1073 Iosephi;
2407 1015 2459 1059 et
2489 1005 2665 1059 locum
2702 1020 2799 1074 pro
2824 1006 2961 1070 loco,
2988 1018 3224 1061 montem
3255 1005 3386 1062 Sion

1827 1109 1923 1163 pro
1952 1092 2144 1147 Silom.

1894 1184 1983 1238 69.
2029 1184 2097 1238 Et
2142 1186 2423 1253 wdiﬁcacit
2470 1188 2604 1239 sicut
2653 1188 2985 1241 unicornium
3038 1188 3389 1257 sancti/icium

1826 1293 2001 1331 suum.
2027 1275 2395 1332 Sunctillcium
2424 1279 2575 1342 dicit,
2600 1280 2842 1333 divinum
2875 1280 2929 1334 in
2960 1278 3260 1335 Jerusalem
3292 1297 3389 1335 ex-

1827 1364 2045 1417 citatum
2082 1368 2360 1435 templum.
2397 1366 2683 1424 Unicornis
2715 1354 2894 1424 autem
2917 1410 2931 1434 ,
2974 1369 3085 1424 fera
3118 1380 3201 1424 est
3238 1371 3389 1424 inex-

1826 1456 2149 1527 pugnabilis,
2178 1460 2305 1526 quia
2338 1469 2554 1512 acutum
2588 1459 2642 1513 in
2676 1459 2853 1514 fronte
2884 1476 3053 1515 cornu
3092 1462 3275 1524 habet,
3309 1472 3391 1515 at—

1825 1564 1929 1617 que
1975 1549 2066 1603 illo
2106 1550 2310 1605 belluas
2355 1566 2546 1605 omnes
2582 1552 2851 1609 interﬁcit.
2895 1553 2983 1607 Ait
3017 1553 3201 1624 igitur,
3243 1554 3380 1607 Cum

1825 1651 2159 1697 exstructum
2198 1643 2299 1697 fuit
2336 1644 2590 1713 templum
2638 1644 2789 1712 illud,
2827 1664 3017 1703 omnes
3048 1658 3234 1719 gentes
3277 1648 3389 1701 vir-

1825 1742 1936 1787 tute
1964 1734 2015 1787 in
2046 1736 2136 1788 illo
2162 1746 2413 1791 contenta
2445 1735 2730 1793 inferiores
2764 1738 2933 1794 fuisse
2964 1742 3131 1796 visas.

1902 1822 1988 1888 70,
2010 1823 2099 1880 7i.
2121 1822 2193 1879 De
2211 1836 2326 1895 post
2342 1828 2562 1896 fetantes
2587 1831 2785 1898 accepit
2808 1830 3238 1887 illum.Fetantes
3259 1832 3389 1886 dicit

1825 1923 1981 1968 natas
2012 1923 2064 1968 et
2086 1932 2274 1976 recens
2295 1918 2543 1973 emissas.
2565 1918 2841 1982 Davidem,
2867 1922 3011 1990 quod
3035 1935 3178 1980 esset
3205 1937 3390 1996 pasto-

1824 2005 1959 2058 ritize
1991 2007 2126 2060 artis
2158 2008 2385 2076 peritus,
2432 2017 2486 2063 et
2518 2011 2645 2079 quia
2677 2012 2842 2067 sciret
2872 2012 3008 2069 fetas
3041 2032 3171 2073 oves
3204 2030 3388 2074 custo-

1822 2095 1973 2160 dire,
2018 2098 2211 2153 merito
2261 2103 2586 2171 assumpsit,
2634 2113 2687 2158 et
2741 2106 3149 2163 rationabilium
3202 2114 3386 2168 ovium

1824 2197 2090 2255 pastorem
2122 2192 2421 2246 constituit.
2453 2193 2671 2249 Poscere
2698 2195 2862 2249 Jacob
2893 2214 3097 2253 servum
3126 2218 3303 2259 suum.
3332 2204 3387 2258 Id

1824 2289 1923 2341 est,
1948 2279 2139 2335 doctor
2173 2281 2304 2351 ipsis
2333 2287 2630 2353 proborum
2662 2305 2875 2345 morum
2904 2292 3026 2361 fuit,
3051 2309 3146 2363 per
3172 2310 3235 2351 ea
3265 2312 3388 2366 quae

1822 2366 1954 2423 fecit
1977 2372 2230 2427 erudiens
2252 2389 2364 2431 eos.

1894 2548 1979 2604 72.
2022 2548 2091 2604 Et
2119 2554 2460 2609 intellectibus
2492 2572 2742 2610 manuum
2778 2574 2993 2612 suarum
3028 2558 3249 2613 deduxit
3276 2576 3386 2615 eos.

1822 2638 2151 2696 Intellectum
2216 2660 2518 2711 manuum,
2573 2664 2763 2704 omnes
2828 2660 2983 2706 actus
3041 2653 3385 2707 convenienti

1822 2741 2062 2801 tempore
2091 2734 2265 2787 editos
2294 2735 2443 2791 dicit.

2098 2826 2147 2878 ι.
2192 2824 2531 2883 PSALMUS
2563 2830 2762 2900 Asaph.
2804 2830 3135 2889 LXXVIII.

2394 2920 2792 2989 Argumentum.

1823 3023 1978 3081 IIunc
2001 3029 2149 3082 canit
2178 3031 2445 3099 psalmum
2478 3048 2575 3101 pro
2608 3034 2675 3087 iis
2704 3037 2796 3103 qui
2842 3036 2895 3088 in
2931 3045 3170 3106 tempore
3198 3036 3386 3093 Antio-

1893 3119 1981 3173 chi
2008 3120 2124 3173 dire
2150 3123 2275 3175 caesi
2308 3133 2452 3179 sunt.
2489 3123 2707 3196 Rogans
2738 3129 3137 3197 supplicatione
3172 3146 3268 3185 sua
3301 3131 3387 3186 ul-

229 3199 310 3253 διὰ
352 3201 452 3273 τῆς
503 3203 737 3268 ἱκετείας
783 3205 1057 3276 ἐκδίκησιν
1111 3208 1363 3275 γενέσθαι
1412 3208 1511 3278 τῆς
1559 3212 1637 3273 είς
1663 3212 1722 3263 τὸ

1899 3211 2096 3264 tionem
2126 3213 2290 3267 cadis
2332 3216 2382 3268 in
2429 3218 2625 3286 populo
2658 3217 2843 3287 facta,
2873 3223 3154 3277 conversis
3181 3223 3387 3280 scilicet

227 3291 367 3357 ἔθνος
407 3296 701 3367 γινομένης
748 3298 1074 3367 μιαιφονίας.
1120 3299 1597 3369 μεταστραφεισῶν
1634 3300 1725 3372 δη-

228 3384 389 3439 λονότι
418 3388 531 3442 τῶν
570 3389 863 3461 συμφορῶν
908 3392 985 3452 εις
1023 3389 1217 3452 αὐτοὺς
1264 3391 1389 3454 τοὺς
1428 3392 1726 3459 ἐπάγοντας

232 3479 411 3543 αὐτάς.

242 3570 291 3623 Ὀ
334 3572 499 3639 Θεὸς,
539 3572 814 3641 ἤλθοσαν
858 3574 1002 3642 ἔθνη
1052 3576 1140 3641 εις
1185 3574 1297 3643 τὴν
1328 3577 1728 3646 κληρονομίαν

169 3679 291 3717 σου.
323 3665 560 3730 Πολλοὺς
592 3666 700 3739 γὰρ
736 3668 1048 3737 εἰσαγαγὼν
1096 3671 1125 3722 ὁ
1162 3670 1450 3739 Ἀντίοχος.
1482 3669 1726 3739 εἰσῆλθεν

170 3757 238 3818 είς
275 3757 619 3830 Ἰεροσόλυμα
642 3760 736 3814 καὶ
771 3760 1038 3833 ἐνέπρησε
1063 3760 1153 3813 τὸν
1184 3760 1324 3814 θετον
1350 3762 1494 3814 ναόν.
1534 3762 1727 3829 Ἔμία-

168 3861 272 3899 γαν
296 3848 401 3902 τὸν
422 3849 576 3904 ναὸν
604 3851 709 3905 τὸν
732 3851 903 3921 ἅγιόν
933 3867 1071 3905 σου.
1118 3852 1269 3913 Ἰδοὺ,
1300 3852 1454 3921 φησὶ,
1478 3851 1583 3904 τῶν
1618 3852 1725 3906 σῶν

168 3938 461 4009 ἐκράτησαν
508 3938 678 4002 ἄλλοι,
724 3941 815 3993 καὶ
857 3941 925 3994 τὰ
972 3940 1041 3995 σὰ
1092 3941 1196 3994 ὑπὸ
1236 3940 1543 4009 ἀλλοφύλων
1593 3958 1723 3994 κατ-

168 4024 357 4096 έχεται.
392 4032 633 4085 Ἐθεντο
665 4032 1061 4102 Ἰερουσαλὴμ
1094 4035 1183 4099 είς
1213 4032 1720 4101 όπωρορυλάκιον.

168 4117 458 4188 Λιθολόγιος
482 4122 650 4187 τόπος
677 4123 808 4176 ὅπου
840 4123 939 4196 τὴν
967 4125 1171 4196 σκηνὴν
1202 4124 1311 4195 ἔχει
1333 4126 1362 4178 ὁ
1389 4124 1484 4189 τὰς
1504 4123 1723 4195 ὀπώρας

171 4208 460 4275 φυλάσσων.

235 4300 467 4357 Temo
509 4301 584 4357 τὰ
626 4306 946 4374 θνησιμαῖα
991 4305 1111 4359 τῶν
1149 4307 1385 4362 δούλων
1414 4326 1531 4363 σου
1568 4310 1721 4377 ,8ρώ-

167 4402 308 4452 ματα
336 4390 458 4457 τοῖς
495 4392 790 4459 πετεινοῖς
832 4393 937 4448 τοῦ
976 4396 1255 4463 οὐρανοῦ.
1291 4397 1387 4450 Διὰ
1421 4398 1531 4469 γὰρ
1556 4400 1721 4471 ὑπερ-

172 4476 316 4549 ϐολὴν
356 4480 754 4554 ἀπανθρωπίας
786 4485 906 4539 οὑδέ
955 4485 1180 4540 θάπτειν
1238 4491 1350 4553 τοῖς
1378 4489 1597 4553 οἰκείοις
1623 4492 1719 4543 ἐπ-

1895 3302 2293 3360 calamitatibus
2328 3306 2380 3359 in
2408 3322 2502 3363 eos
2530 3310 2623 3379 qui
2652 3310 2800 3380 ipsas
2825 3312 3157 3371 intulissent.

1897 3568 2059 3634 Deus,
2098 3574 2341 3621 venerunt
2376 3577 2548 3636 gentes
2580 3583 2632 3619 in
2665 3568 3019 3623 Icareditatem
3056 3580 3223 3626 tuam.
3253 3572 3389 3627 Mul-

1826 3672 1908 3716 tas
1940 3662 2082 3714 enim
2108 3660 2382 3713 adducens
2412 3670 2598 3725 gentes
2644 3660 2965 3726 Antiochus,
3002 3662 3276 3732 ingressus
3306 3672 3391 3721 est.

1823 3752 2235 3822 Jerosolymam,
2263 3759 2315 3805 et
2347 3749 2590 3804 divinum
2613 3752 2868 3820 templum
2895 3754 3153 3809 incendit.
3177 3754 3389 3811 Pollue-

1824 3854 1944 3898 runt
1976 3843 2226 3910 templum
2258 3852 2491 3896 sanctum
2533 3852 2696 3896 tuum.
2732 3842 2900 3908 Ecce,
2933 3845 3139 3915 inquit,
3173 3856 3261 3901 tua
3294 3848 3388 3902 alii

1822 3945 2182 4006 occuparunt,
2227 3946 2280 3991 et
2324 3951 2443 4007 quae
2477 3944 2569 3991 tua
2614 3946 2741 3990 sunt
2780 3936 2848 3990 ab
2888 3938 3203 4008 alienigenis
3243 3940 3386 3995 deti-

1822 4038 2039 4084 nentur.
2068 4028 2357 4083 Posuerunt
2376 4026 2670 4082 Jerusalem
2697 4030 2751 4083 in
2769 4045 3044 4097 pomorum
3066 4032 3382 4088 custodiam.

1820 4117 2117 4185 Lapidibus
2163 4117 2351 4172 electis
2380 4127 2726 4172 constructus
2753 4128 2836 4173 est
2867 4117 3051 4187 locus',
3082 4121 3172 4176 ubi
3209 4122 3387 4177 taber-

1820 4209 2073 4265 naculum
2109 4209 2270 4263 habet
2304 4209 2397 4278 qui
2428 4224 2586 4279 poma
2623 4211 2879 4265 custodit.

1885 4298 1941 4361 2,
1970 4300 2022 4353 5.
2064 4295 2359 4355 Pasucrunt
2386 4299 2666 4353 morticina
2696 4317 2962 4355 servorum
2992 4312 3201 4358 tuorum
3238 4323 3385 4362 escas

1819 4392 2120 4447 volatilibus
2154 4392 2289 4445 cmli.
2320 4390 2401 4447 Ob
2430 4394 2846 4451 inhumanitatis
2874 4397 3293 4463 vehementiam,
3316 4417 3386 4457 ne

1821 4484 2188 4541 concedebant
2208 4486 2425 4557 quidem
2449 4487 2695 4555 cognatis
2716 4497 2776 4542 ut
2803 4498 3046 4545 mortuos
3074 4492 3383 4549 linmarent.

172 4567 375 4640 ἔτρεπον
395 4573 445 4625 oi
479 4572 731 4643 πολέμιοι
754 4576 880 4639 τοὺς
904 4574 1148 4647 νεκρούςῤ
1192 4578 1302 4645 Τὰς
1333 4580 1564 4648 σάρκας
1606 4579 1721 4633 τῶν

1823 4577 2017 4631 Carnes
2060 4586 2361 4630 sanctorum
2409 4588 2616 4630 tuorum
2662 4577 2841 4632 bestiis
2886 4590 3056 4634 terra.
3099 4581 3386 4648 Quomodo

173 4658 340 4711 ὁσίων
380 4676 500 4716 σου
552 4662 677 4727 τοῖς
723 4667 949 4732 θηρίοις
990 4663 1098 4733 τῆς
1148 4666 1282 4735 γῆς.
1314 4670 1437 4733 Πῶς
1475 4669 1580 4740 γὰρ
1624 4672 1721 4743 οὐχ

170 4746 290 4803 ὅσιοι
314 4753 363 4805 οἱ
390 4755 450 4807 τὸ
472 4748 618 4825 αἷμα
647 4755 965 4825 ἐκχυθέντες
1002 4758 1143 4827 ὑπὲρ
1174 4759 1273 4829 τῆς
1294 4760 1389 4813 τοῦ
1424 4761 1585 4831 νόμον
1619 4779 1719 4830 φυ-

172 4837 341 4913 λακῆς,
371 4840 446 4900 ὧν
474 4843 620 4918 ἦσαν
650 4847 699 4900 οἱ
731 4846 1069 4917 Μαχαϐαἰοις

244 4933 704 5006 Ἐκκαυθήσεται
730 4939 807 5004 ὡς
846 4937 963 5006 πῦρ
993 4942 1026 4992 ὀ
1063 4938 1241 5008 ζῆλός
1280 4955 1417 4996 σου.
1450 4943 1717 5014 Ζήλωσον,

175 5024 309 5094 φησι,
353 5026 441 5081 διὰ
487 5028 553 5081 τὸ
599 5029 690 5083 σὺν
735 5028 905 5100 ὄνομα
945 5030 1007 5083 τὸ
1054 5030 1538 5103 βλασφημούμενον
1568 5036 1720 5105 παρὰ

172 5108 266 5162 τῶν
291 5113 517 5184 ἐχθρῶν.

231 5203 319 5272 Μὴ
355 5206 638 5275 μνησθῇς
680 5208 847 5277 ἡμῶν
880 5210 1142 5280 ἀνομιῶν
1185 5212 1465 5282 ἀρχαίων.
1509 5210 1620 5277 Τὰς
1662 5217 1718 5270 ἐν

176 5292 407 5370 Δίγύπτῳ
432 5298 582 5367 λέγει
618 5300 889 5371 ἁμαρτίας
917 5301 1167 5373 ἀρχαίας.

236 5472 462 5540 Μήποτε
490 5478 706 5531 εἴπωσι
744 5480 816 5529 τὰ
841 5478 1005 5545 ἔθνη*
1035 5479 1158 5533 Ποῦ
1188 5480 1359 5534 ἐστιν
1382 5484 1415 5535 ό
1446 5480 1587 5549 Θεὸς
1614 5484 1719 5535 αὺ-

179 5556 311 5623 τῶν;
336 5564 396 5617 Εἰ
424 5566 519 5617 καὶ
562 5566 863 5637 ἐμποδίζει,
905 5568 1057 5637 φησὶ,
1097 5570 1163 5639 τῇ
1198 5570 1441 5641 ἡμετέρᾳ
1475 5572 1717 5643 σωτηρίᾳ

179 5652 442 5729 τὺ·πλῆθος
466 5658 576 5712 τῶν
607 5661 886 5730 ἡμετέρων
918 5661 1215 5732 ἁμαρτιῶν·
1252 5661 1387 5715 ἀλλὰ
1423 5664 1509 5716 διὰ
1538 5664 1597 5717 τὸ
1628 5664 1717 5718 σὺν

179 5742 325 5818 bona.
356 5752 577 5826 ποίησον
590 5752 733 5820 ’ἡμῖν
758 5750 845 5804 διὰ
874 5754 961 5806 τὸν
985 5753 1283 5809 ὁνειδισαδν
1314 5753 1372 5807 ὃν
1401 5756 1716 5827 ἐπιφέρωσι

1820 4669 1965 4723 enim
2016 4668 2189 4723 sancti
2232 4682 2341 4721 non
2392 4666 2593 4722 fuerint
2643 4685 2879 4740 quorum
2922 4672 3145 4742 sanguis
3175 4674 3383 4731 eﬂ'usus

1819 4769 1901 4815 est
1927 4776 2026 4830 pro
2054 4761 2188 4831 legis
2217 4759 2583 4830 observantia,
2612 4776 2678 4817 ex
2706 4778 2938 4834 quorum
2971 4779 3129 4820 erant
3160 4783 3386 4822 numero

1820 4852 2128 4907 Machabaai.

1889 4942 1944 5006 5,
1978 4942 2032 4997 6.
2074 4942 2391 4998 Erardescet
2433 4944 2569 4997 sicut
2603 4944 2739 5014 ignis
2769 4944 2911 4998 zelus
2950 4954 3091 4999 tuus.
3138 4946 3264 5003 Zeto
3293 4964 3385 5005 ac-

1818 5032 2065 5101 cendere,
2120 5035 2313 5105 inquit,
2359 5044 2580 5106 propter
2626 5050 2822 5090 nomen
2853 5047 3005 5092 tuum
3036 5038 3105 5091 ab
3148 5039 3387 5098 inimicis

1819 5122 2271 5193 blaspliematum.

1891 5212 1946 5268 8.
1989 5213 2072 5269 Ne
2103 5215 2399 5270 memineris
2426 5215 2764 5286 iniquitatum
2794 5226 3094 5272 nostrarum
3137 5220 3386 5290 antiqua-

1820 5322 1957 5360 rum.
1981 5305 2206 5361 Peccata
2232 5308 2364 5363 dicit
2388 5308 2609 5379 antiqua
2644 5324 2764 5380 qua
2796 5309 2849 5363 in
2878 5308 3110 5381 Egyple
3142 5312 3382 5367 admissa

1820 5406 1964 5454 SIIIII.

1893 5485 1981 5539 I0.
2025 5486 2107 5541 Ne
2137 5486 2270 5556 forte
2291 5490 2471 5543 dicunt
2504 5492 2559 5544 in
2585 5492 2821 5563 gentibus
2848 5509 2866 5546 :
2899 5490 2999 5548 Ubi
3025 5504 3104 5548 est
3134 5494 3273 5551 Deus
3297 5515 3386 5552 eo-

1821 5580 1983 5631 rum?
2020 5578 2282 5647 Etiamsi,
2329 5581 2541 5651 inquit,
2586 5583 2877 5638 multitudo
2904 5596 3251 5654 peccatorum
3286 5605 3387 5643 no-

1821 5681 2059 5725 strorum
2103 5671 2547 5741 impedimentum
2606 5684 2689 5729 est
2733 5684 2933 5731 nostra:
2992 5676 3184 5733 salutis
3226 5694 3239 5731 :
3288 5681 3384 5735 sed

1822 5772 2039 5834 propter
2078 5779 2276 5821 nomen
2317 5776 2469 5822 tuum
2519 5767 2712 5838 adjuva
2760 5783 2882 5834 nos,
2931 5780 3151 5840 propter
3196 5772 3385 5828 convi-
