4108 6494
729 423 836 478 359

1575 421 1634 474 S.
1675 417 2051 474 ATHANASII
2096 418 2250 474 OPP.
2295 418 2471 473 PARS
2510 418 2597 472 Ill.
2631 449 2700 459 —-
2737 418 3159 501 EXECETICA._

3854 421 3958 476 360

729 540 872 596 cium
904 537 1046 608 quod
1077 538 1351 607 proferunt
1381 537 1432 592 in
1461 547 1532 603 te,
1571 548 1788 608 pr0pter
1819 540 2132 609 sanguinem
2167 553 2282 592 ser-
2312 591 2315 600 ε

2386 538 2486 600 σοὶ,
2524 539 2611 591 διὰ
2657 539 2717 592 τὺ
2763 534 2899 608 αἷμα
2940 539 3000 591 τὸ
3041 540 3395 608 ἐκχυνὸμενον
3431 537 3540 591 τῶν
3581 536 3690 590 σῶν
3731 535 3958 603 δούλων,

731 647 919 685 verum
970 640 1184 684 tuorum
1227 631 1320 700 qni
1362 630 1566 684 effusus
1615 640 1727 694 est,
1776 639 1992 701 propter
2029 631 2288 704 gemitum

2393 629 2477 682 διὰ
2506 629 2595 681 τὸν
2628 629 2923 699 στεναγμὸν
2947 629 3052 680 τῶν
3086 627 3490 698 πεπεδημένων.

729 721 1186 790 εοιηροιιίιοτιιηι.

802 812 887 865 ll.
927 811 1222 866 Secundum
1267 811 1675 881 magnitudinem
1721 809 1918 862 brachii
1959 808 2036 861 tui
2084 809 2290 877 posside

2458 797 2617 852 Κατὰ
2663 799 2775 865 τὴν
2823 801 3262 868 μεταλωσύνην
3309 801 3414 854 τοῦ
3456 801 3790 870 βραχίονός
3841 818 3958 856 σου

729 901 870 970 ﬁlios
908 905 1362 969 mortiﬁcatornnt.
1391 902 1600 957 Virtute
1634 901 1839 956 brachii
1867 901 1966 964 tui,
1993 900 2088 964 ait,
2111 901 2288 955 salvos

2388 891 2765 958 περιπείησαι
2798 890 2939 955 τοὺς
2970 891 3137 957 νίοὺς
3175 891 3291 945 τῶν
3335 891 3848 961 τεθανατωμένων.
3876 894 3954 962 Τῇ

732 993 816 1048 fac
838 1009 931 1047 eos
961 995 1049 1064 qui
1082 1011 1111 1047 a
1139 993 1283 1049 cede
1313 995 1511 1049 residui
1543 1005 1690 1048 sunt.

733 1169 782 1224 I.
811 1168 874 1222 In
893 1170 1069 1237 ﬁnem,
1098 1187 1190 1238 pro
1213 1171 1276 1221 iis
1307 1171 1398 1239 qui
1423 1171 1904 1229 comnmtabuntnr.
1929 1169 2284 1223 testiinonium

892 1260 1084 1329 Amph,
1120 1259 1244 1314 PSA
1257 1260 1354 1313 LM
1367 1260 1452 1314 εδ
1475 1277 1568 1329 pro
1596 1261 1848 1330 Assyriis.
1879 1258 2135 1314 LXXIX.

1299 1394 1696 1463 Argumentum.

730 1481 805 1536 Ex
845 1484 1016 1552 prima
1049 1489 1335 1539 verborum
1377 1487 1638 1539 sententia
1675 1495 1826 1557 rogat
1858 1487 2283 1543 misericordiam

803 1578 1017 1646 assequi
1051 1594 1142 1630 eos
1176 1578 1267 1645 qui
1303 1579 1370 1630 ab
1401 1579 1622 1648 Assyrio
1657 1579 1708 1631 in
1741 1581 2052 1635 servitutem
2085 1583 2284 1636 redacti

793 1676 964 1719 erant.
1018 1665 1120 1719 Sed
1171 1668 1484 1720 sublimiore
1531 1668 1835 1734 sententia,
1881 1678 2034 1737 rogat
2080 1683 2177 1738 pro
2219 1671 2284 1725 iis

796 1757 886 1826 qui
941 1759 1271 1826 spiritualem
1313 1759 1675 1828 captivitatem
1727 1760 1874 1830 passi
1923 1769 2085 1826 sunt,
2137 1771 2285 1830 post-

796 1865 957 1916 quam
992 1850 1042 1901 in
1078 1866 1291 1903 crucem
1322 1860 1473 1905 actus
1509 1860 1592 1904 est
1618 1849 1880 1906 Dominus
1928 1868 1957 1905 a
1987 1851 2283 1922 spirituali-
2315 1883 2356 1940 Β

794 1938 893 1993 bus
947 1941 1203 2010 Assyriis,
1257 1952 1307 1994 et
1360 1941 1428 1993 ab
1477 1957 1665 1994 eorum
1725 1943 1984 2012 principe,
2039 1944 2284 1997 videlicet

795 2027 1015 2084 Satana.
1043 2031 1502 2099 Supplicationem
1535 2048 1663 2100 ergo
1691 2033 1937 2096 eﬂ‘undit,
1966 2050 2164 2105 rogans
2189 2035 2285 2087 ad-

796 2132 1013 2174 ventum
1059 2123 1354 2178 Salratoris
1395 2124 1566 2178 nostri
1609 2132 1664 2178 et
1709 2125 2080 2179 liberationem
2119 2125 2283 2180 totius

798 2215 1009 2283 generis
1044 2212 1340 2269 Israelitici.

792 2305 846 2357 2.
886 2304 991 2367 Qui
1021 2306 1152 2373 regis
1183 2304 1374 2367 Israel,
1401 2307 1627 2359 intende.
1651 2305 1745 2367 Te,
1786 2306 2026 2370 Domine,
2057 2307 2147 2376 qui
2185 2325 2281 2378 pa-

725 2397 888 2452 storis
931 2398 1121 2462 instar,
1152 2398 1331 2466 populi
1370 2399 1782 2453 sollicitudinem
1814 2400 1956 2468 geris
1978 2439 1992 2460 ,
2031 2416 2158 2468 rogo
2193 2401 2284 2452 ad-

726 2490 906 2542 mittas
934 2489 1363 2560 deprecationem
1398 2507 1593 2543 meatu.

793 2577 847 2631 5.
884 2579 985 2642 Qui
1036 2580 1180 2632 sedes
1210 2595 1363 2644 super
1392 2578 1654 2631 cherubim
1677 2619 1692 2644 ,
1733 2578 2066 2647 manifestare
2105 2596 2282 2633 coram

727 2669 1001 2737 [ip/iraira,
1047 2670 1324 2737 Benjamin
1356 2681 1402 2723 et
1440 2669 1867 2723 Manasse.Dntn
1905 2669 2172 2724 incederet
2201 2680 2283 2724 ta-

727 2764 1108 2828 bernaculum,
1145 2781 1250 2817 una
1287 2765 1672 2834 gradiebantur
1719 2773 1826 2818 tres
1869 2765 2071 2825 tribus,
2117 2763 2282 2817 Judas

726 2869 936 2922 nempe,
981 2853 1225 2910 Issachar
1271 2866 1324 2910 et
1373 2855 1634 2910 Zabulon.
1690 2854 2168 2924 Subsequebantur
2217 2856 2281 2910 ad

726 2947 1004 2999 meridiem
1056 2957 1164 3001 tres
1212 2948 1351 3012 alia,
1403 2946 1690 3016 Ephraim,
1746 2945 2022 3014 Benjamin
2071 2955 2124 2998 et
2172 2945 2281 2999 Ma-

726 3053 903 3093 nasse.
935 3037 1062 3092 Erat
1095 3048 1272 3092 autem
1302 3039 1354 3091 in
1383 3039 1660 3093 cherubim
1691 3039 1870 3092 aureis
1901 3053 2063 3107 supra
2096 3054 2278 3093 arcam

727 3127 915 3196 positis
948 3127 1114 3197 gloria
1163 3127 1276 3187 Dei.
1317 3129 1407 3198 qui
1444 3128 1589 3198 ipsos
1618 3127 1952 3198 praecedebat
1980 3143 2102 3180 cum
2137 3127 2280 3180 ince-

2387 980 2635 1051 δυνάμει,
2673 983 2822 1051 φησι,
2856 981 2950 1035 τοῦ
3000 982 3277 1054 βραχίονός
3313 1001 3406 1036 σου
3437 983 3605 1035 σῶσον
3632 985 3760 1046 τοὺς
3790 1001 3927 1036 κατα

2386 1070 2697 1139 λειφθέντας
2729 1075 2790 1125 ἐκ
2820 1073 2926 1125 τῶν
2953 1074 3324 1144 ἀνῃρημένων.

2385 1164 2488 1228 Εἰς
2532 1162 2705 1229 τέλος
2749 1164 2898 1231 ὑπὲρ
2933 1164 3048 1217 τῶν
3088 1167 3678 1235 ἀλλοιωθησομένωιο.
3726 1167 3954 1237 μαρτύ-

2443 1265 2578 1314 ριον
2613 1246 2718 1300 τοῦ
2771 1248 2972 1316 Ἁσὰφ,
3019 1251 3324 1302 ΨΑΛΜΟΣ
3373 1251 3522 1317 ὑπὲρ
3571 1249 3690 1301 τῶν
3745 1251 3955 1302 Ἀσσυο

2446 1327 2513 1392 [Ι
2515 1344 2615 1378 ων.
2645 1330 2766 1380 08'.

3012 1395 3331 1462 'Tno'Oecvc.

2385 1483 2539 1536 Κατὰ
2574 1485 2670 1554 μὲν
2707 1485 2766 1536 τὸ
2811 1487 3096 1557 πρόχειρον
3138 1485 3236 1556 τῆς
3267 1485 3462 1551 λέξεως
3493 1484 3778 1555 ἐλεηθῆναι
3813 1485 3956 1550 ἀξιοῖ

2455 1575 2579 1636 τοὺς
2624 1575 2727 1627 ὑπὸ
2774 1576 2868 1629 τοῦ
2913 1575 3194 1646 Ἀσσυρίου
3238 1572 3764 1639 καταδουλωθέντας·
3810 1575 3951 1626 κατᾶ

2454 1663 2509 1715 δὲ
2535 1664 2629 1732 τὴν
2658 1664 2994 1736 ὑψηλοτέραν
3029 1667 3283 1732 διάνοιαν,
3312 1666 3450 1736 ὑπὲρ
3489 1665 3593 1718 τῶν
3622 1665 3952 1734 ὑπομεινάν-

2452 1775 2558 1808 των
2587 1757 2682 1828 τὴν
2722 1759 3095 1829 αἰχμαλωσίαν
3141 1761 3237 1830 τὴν
3280 1759 3493 1829 νοητὴν,
3532 1758 3666 1828 μετά
3693 1758 3784 1810 τὸν
3813 1758 3952 1810 κατά

2452 1846 2545 1898 τοῦ
2580 1848 2782 1917 Κυρίου
2832 1849 3059 1918 σταυρὸν
3102 1849 3205 1901 ὑπὸ
3248 1849 3354 1901 τῶν
3384 1849 3586 1914 νοητῶν
3626 1847 3946 1918 Ἀσσυρίων,

2455 1938 2549 1990 καὶ
2577 1938 2738 1990 αὑτοῦ
2783 1939 2872 1991 τοῦ
2922 1939 3174 2010 ἄρχοντος
3206 1938 3401 2002 αὐτῶν,
3437 1939 3578 2008 φημὶ
3608 1939 3670 2009 δὴ
3712 1939 3806 1990 τοῦ
3846 1940 3948 1991 Σα-

2455 2029 2610 2079 τανᾶ.
2647 2028 2896 2080 Ἰκετείαν
2919 2022 3008 2082 οὖν
3038 2029 3416 2100 προϐάλλεται,
3441 2029 3602 2094 ἀξιῶν
3628 2029 3946 2097 ἐπιφάνειαν

2454 2118 2703 2186 γενέσθαι
2731 2119 2823 2174 τοῦ
2849 2121 3094 2193 Σωτῆρος
3124 2122 3277 2192 ἡμῶν
3295 2161 3308 2185 ,
3338 2122 3431 2174 καὶ
3459 2120 3814 2189 ἐλευθέρωσιν
3854 2119 3944 2173 τοῦ

2449 2213 2646 2276 παντὸς
2681 2213 2868 2280 γένους
2905 2214 2996 2266 τοῦ
3046 2214 3276 2285 Ἰσραήλ.

2463 2303 2517 2353 Ὀ
2552 2306 2877 2372 ποιμαίνων
2918 2305 3023 2358 τὸν
3067 2307 3340 2374 Ἰσραὴλ,
3382 2307 3664 2372 ποόσχες.
3709 2305 3809 2364 Σὲ.
3848 2304 3945 2364 AE-

2386 2409 2574 2453 σποτα,
2609 2394 2698 2445 τὸν
2734 2393 2981 2464 ποιμένος
3010 2394 3163 2464 δίκην
3189 2394 3280 2446 τοῦ
3313 2393 3441 2446 λαοῦ
3467 2391 3942 2462 προμηθούμενον,

2382 2482 2630 2549 δέξασθαί
2667 2501 2765 2554 μου
2793 2485 2890 2556 τὴν
2920 2486 3148 2536 ἱκετείαν
3173 2483 3452 2538 ἀντιϐολῶ.

2462 2575 2514 2627 Ὀ
2577 2575 2908 2644 καθήμενος
2966 2575 3062 2628 ἐπὶ
3112 2575 3230 2627 τῶν
3287 2574 3598 2644 χερουὸίμ,
3649 2571 3943 2642 ἐμφὰνηθι

2381 2668 2654 2718 ἐναντίον
2692 2667 2956 2734 Ἐφριιῒμ,
2994 2666 3088 2718 καί
3126 2666 3422 2734 Βενιαμὶν,
3471 2665 3567 2716 καὶ
3614 2661 3939 2728 Μανασσῆ.

2395 2757 2480 2808 Ἐν
2521 2760 2584 2827 τῇ
2635 2758 2824 2827 πορεία
2872 2757 2970 2826 τῆς
3026 2759 3228 2826 σκηνῆς
3281 2753 3522 2819 ἐϐάδιζον
3566 2758 3712 2825 τρεῖς
3758 2753 3939 2822 φυλαὶ,

2395 2845 2577 2906 Ἰουδα,
2625 2847 2715 2898 καὶ
2757 2846 2990 2918 Ἰσαχαρ,
3037 2848 3126 2899 καί
3159 2845 3457 2901 Ζαϐουλὼν.
3495 2844 3850 2899 Ἦκολούθουν
3887 2845 3941 2896 δὲ

2382 2939 2518 2990 κατὰ
2549 2939 2696 2990 νότον
2721 2943 2865 3009 τρεῖς
2890 2939 3092 3009 ἐτεραι·
3120 2941 3152 3009 ἡ
3185 2939 3276 2991 τοῦ
3323 2938 3590 3010 Ἐφραῒμ,
3625 2941 3658 3008 ἡ
3688 2938 3782 2992 τοῦ
3817 2938 3940 2990 Bev-

2385 3031 2532 3098 ιαμὶν
2583 3030 2675 3082 καὶ
2725 3030 2818 3082 τοῦ
2866 3031 3149 3100 Μανασσῆ.
3188 3026 3296 3083 Ἶιν
3339 3031 3395 3082 δὲ
3437 3032 3526 3082 ἐπὶ
3567 3029 3676 3082 τῶν
3725 3029 3941 3100 χρυσῶν

2381 3120 2641 3190 χερουϐὶμ
2682 3120 2788 3172 τῶν
2829 3121 3011 3173 ἐπάνω
3043 3120 3142 3188 τῆς
3185 3119 3416 3173 κιϐωτοῦ
3463 3121 3586 3186 δόξα
3618 3119 3776 3173 Θεοῦ·
3813 3137 3940 3190 προ-

724 3219 932 3274 dercnt.
974 3221 1052 3273 Tu
1109 3218 1288 3288 itaque
1332 3219 1422 3289 qui
1467 3220 1620 3274 sedes
1665 3233 1829 3288 super
1871 3217 2190 3282 cherubim,
2227 3219 2315 3270 ett

2382 3211 2587 3264 εϐἑιδισε
2621 3211 2725 3285 γὰρ
2757 3211 2930 3265 αὐτῶν
2957 3213 3096 3266 κατὰ
3123 3213 3222 3284 τὴν
3254 3213 3496 3284 πορείαν.
3525 3213 3596 3265 Συ
3631 3208 3724 3265 οὖν
3751 3212 3780 3264 ὁ
3813 3211 3940 3265 καθ-

725 3313 983 3381 praecedis
1009 3328 1215 3374 arcam,
1248 3313 1318 3365 ita
1351 3324 1409 3365 ut
1435 3312 1512 3366 sis
1539 3320 1664 3365 ante
1691 3309 1969 3379 Ephraim,
2003 3307 2280 3378 Benjamin

725 3412 780 3455 et
811 3401 1055 3458 Manasse
1076 3402 1218 3472 (nam
1245 3419 1420 3456 coram
1446 3401 1712 3472 signiﬁcat
1743 3402 1796 3455 itt
1827 3402 2163 3470 conspectu),
2189 3415 2282 3470 per

728 3501 874 3546 tuam
899 3494 1195 3562 potentiam
1227 3493 1453 3548 salutem
1485 3495 1632 3547 dato.

796 3749 849 3804 9.
901 3747 1115 3801 Vineam
1141 3750 1205 3804 de
1226 3747 1456 3818 zEgypto
1483 3750 1820 3802 transtulisti.
1852 3749 2102 3804 Israelem
2130 3749 2279 3806 dicit.

728 3837 946 3908 Ejecisti
979 3849 1149 3909 gentes
1171 3880 1186 3904 ,
1220 3849 1270 3894 et
1301 3842 1553 3909 plantasti
1595 3857 1728 3894 eam.
1757 3839 1890 3894 Nam
1918 3857 2040 3895 cum
2081 3857 2282 3912 praece-

725 3928 882 3985 deres
900 3945 1016 3993 eos,
1045 3931 1252 3999 ejecistt
1282 3946 1312 3983 a
1334 3929 1474 3984 lacie
1505 3946 1692 3983 eorum
1724 3941 1934 4000 gentes.

799 4106 884 4160 Η.
927 4106 1141 4177 Operuit
1173 4116 1368 4161 montes
1397 4107 1582 4161 umbra
1615 4107 1749 4175 ejus.
1781 4105 1978 4161 Umbra
2001 4107 2172 4162 vinea:
2199 4116 2284 4163 est

726 4198 911 4268 legalis
943 4201 1154 4264 cultus,
1199 4200 1324 4269 quia
1359 4199 1440 4254 lex
1477 4200 1724 4254 umbram
1757 4198 2063 4254 futurorum
2112 4201 2284 4255 bono-

726 4307 846 4345 rum
891 4293 1149 4346 continet.
1197 4290 1401 4346 Montes
1452 4291 1584 4344 dicit
1629 4289 1796 4343 Silom
1831 4301 1886 4345 et
1929 4291 2078 4344 Sion.
2126 4292 2180 4345 In
2213 4292 2282 4346 iis

727 4399 960 4454 namque
1008 4384 1221 4438 duobus
1273 4383 1406 4439 locis
1463 4383 1871 4437 tabernaculum
1929 4384 2278 4438 constitutum

727 4478 846 4532 fuit.
879 4475 1022 4532 Nihil
1066 4493 1194 4549 ergo
1239 4477 1382 4531 aliud
1411 4477 1697 4546 signiﬁcat,
1745 4476 1847 4528 nisi
1893 4475 2033 4544 quod
2067 4475 2276 4545 legalia,

725 4586 846 4639 qua:
878 4569 1185 4624 futurorum
1229 4569 1494 4623 bonorum
1529 4569 1717 4620 umbra
1764 4575 1948 4630 erant,
1985 4566 2037 4619 in
2068 4567 2279 4621 duobus

727 4663 875 4717 hisce
923 4661 1196 4715 montibus
1236 4659 1500 4714 celebrata
1550 4656 1769 4712 fuerint.
1817 4656 1881 4709 Et
1923 4660 2135 4710 arbusta
2169 4658 2279 4726 ejus

725 4756 905 4808 cedros
953 4752 1065 4806 Dei.
1105 4751 1264 4806 Cedri
1307 4759 1432 4805 sunt
1475 4751 1723 4805 caelestes
1761 4750 2020 4812 virtutes;
2060 4749 2280 4804 arbusta

725 4857 903 4901 autem
934 4846 1101 4900 vinea:
1124 4886 1139 4908 ,
1170 4843 1442 4914 praphetze
1474 4843 1528 4897 in
1581 4842 1777 4914 populo
1809 4841 1900 4911 qui
1945 4841 1998 4894 itt
2048 4841 2280 4897 sublime

725 4937 1103 5000 ctl‘erebantur,
1133 4945 1185 4990 et
1212 4934 1563 5004 quiescebant
1587 4919 1643 4988 in
1684 4933 1934 5004 supernis
1957 4943 2011 4988 et
2043 4933 2280 4988 rationa-

728 5031 868 5085 libus
894 5028 1270 5100 potestatibus.

798 5121 883 5175 12.
922 5119 1169 5173 Extendit
1204 5118 1445 5188 palmites
1493 5132 1615 5171 suos
1659 5131 1819 5186 usque
1848 5115 1916 5168 ad
1964 5130 2126 5169 mare.
2157 5112 2278 5168 Pal-

727 5211 886 5266 mites
941 5219 996 5264 et
1038 5209 1360 5278 propagines
1407 5208 1580 5260 vincte
1641 5205 1769 5260 dicit
1813 5220 2028 5259 omnem
2094 5202 2276 5273 populi

727 5299 1148 5362 multitudinem,
1179 5314 1298 5368 qua:
1327 5297 1661 5368 pertingebat
1685 5311 1714 5349 a
1757 5295 1977 5350 llumine
2005 5293 2279 5364 Euphrate

728 5397 792 5451 ad
823 5409 995 5464 usque
1027 5407 1176 5446 mare
1202 5391 1463 5446 Indicum.

798 5487 909 5552 l3,
934 5485 1020 5539 14.
1065 5482 1261 5554 thttid
1303 5479 1616 5537 destruxisti
1646 5479 1927 5533 maceriam
1957 5477 2071 5548 ejus
2095 5479 2121 5532 .’
2161 5475 2277 5531 Ma-

2383 3307 2578 3373 ἠμενος
2612 3305 2700 3356 ἐπὶ
2732 3305 2840 3356 τῶν
2873 3304 3153 3374 χερουϐὶμ,
3191 3305 3282 3357 καὶ
3327 3305 3804 3374 προπορευόμενος
3845 3303 3939 3372 τῆς

2383 3395 2644 3458 κιϐωτοῦ,
2687 3396 2762 3458 ὡς
2794 3392 2932 3449 εἶναι
2967 3395 3268 3466 ἔμπροσθεν
3307 3395 3401 3447 τοῦ
3442 3394 3710 3465 Ἑφραῒμ,
3755 3395 3939 3448 Bevu-

2385 3483 2475 3550 μἰν
2525 3485 2616 3534 καὶ
2662 3485 2924 3552 Μανασσῆ
2991 3483 3069 3553 (τὸ
3111 3483 3218 3554 γὰρ
3257 3483 3533 3536 ἐναντίον
3581 3482 3836 3552 σημαίνει
3883 3483 3939 3535 τὸ

2381 3572 2727 3644 ἔμπροσθεν),
2755 3575 2842 3628 διὰ
2863 3577 2957 3647 τῆς
2981 3575 3175 3630 σαυτοῦ
3203 3575 3515 3639 δυναστείας
3540 3575 3637 3646 τὴν
3669 3576 3938 3646 σωτηρίαν

2382 3664 2639 3719 ἐπιδίδου.

2451 3756 2743 3824 Ἄμπελον
2784 3757 2852 3820 ἐξ
2897 3759 3193 3826 Αἰγύπτου
3237 3755 3517 3825 μετῇρας.
3567 3757 3670 3808 Τὸν
3725 3758 3938 3828 Ἰσραήλ

2381 3863 2562 3916 φησιν.
2609 3847 2914 3912 Ἐξέὕαλες
2939 3849 3104 3914 ἔθνη,
3135 3849 3230 3901 καί
3258 3849 3705 3918 κατερύτευσας
3726 3848 3935 3912 αὑτήν.

2381 3937 2851 4009 Προπορευόμενος
2879 3937 3005 4008 γὰρ,
3035 3938 3282 4004 ἐξέϐαλες
3312 3940 3419 3993 ἀπὸ
3439 3938 3731 4009 προσώπου
3764 3939 3939 3992 αὐτῶν

2382 4027 2448 4080 τὰ
2473 4027 2618 4099 ἔθνη.

2463 4118 2794 4186 Ἐκάλυψεν
2817 4120 2921 4189 ὄρη
2950 4120 2987 4186 ri
3017 4122 3159 4174 σκιὰ
3185 4119 3386 4189 αὐτῆς.
3415 4121 3548 4175 Σκιά
3583 4121 3683 4192 μὲν
3713 4121 3812 4192 τῆς
3837 4123 3940 4192 ἀμ·

2381 4210 2541 4262 πέλου
2575 4213 2607 4281 ἡ
2645 4214 2783 4265 κατά
2823 4214 2980 4282 νόμον
3013 4211 3253 4284 λατρεία,
3283 4213 3371 4267 διὰ
3407 4215 3466 4267 τὸ
3493 4214 3651 4266 σκιὰν
3678 4213 3824 4284 ἔχειν
3853 4213 3938 4266 τὸν

2380 4299 2540 4369 νόμον
2559 4300 2664 4353 τῶν
2696 4301 2990 4370 μελλόντων
3015 4303 3251 4371 ἀγαθῶν·
3280 4305 3378 4375 δρη
3404 4305 3458 4358 δὲ
3491 4305 3550 4357 τό
3571 4322 3627 4357 τε
3656 4307 3714 4357 ἐν
3742 4304 3938 4377 Σηλὼμ

2382 4391 2473 4444 καὶ
2496 4390 2555 4442 τὺ
2579 4392 2634 4444 ἐν
2666 4392 2802 4445 Σιών
2828 4411 3008 4463 φησιν.
3052 4394 3138 4446 Ἐν
3163 4393 3368 4458 τούτοις
3396 4395 3504 4465 γὰρ
3543 4399 3654 4459 τοῖς
3695 4395 3818 4449 δυσὶ
3855 4397 3938 4447 τό·

2382 4498 2502 4544 ποις
2536 4481 2766 4552 ἴδρυτοή
2813 4485 3004 4555 σκηνή.
3031 4485 3194 4538 Οὐδὲν
3237 4480 3328 4538 οὖν
3372 4486 3553 4556 ἕτερον
3595 4486 3869 4555 σημαίνει,
3903 4484 3933 4554 ἢ

2381 4570 2554 4625 ὅτιτά
2591 4575 2648 4626 ἐν
2687 4573 2854 4643 νόμῳ,
2884 4573 3040 4627 ἅτινα
3065 4570 3132 4645 ἦν
3172 4573 3299 4628 σκιά
3339 4575 3445 4628 τῶν
3480 4574 3781 4645 μελλόντων
3807 4578 3937 4642 ἀγα-

2380 4662 2506 4724 θῶν,
2542 4663 2599 4715 ἐν
2627 4665 2737 4725 τοῖς
2773 4665 2892 4718 δυσὶ
2934 4665 3142 4728 τούτοις
3168 4665 3396 4718 ἐτελεῖτο
3434 4665 3604 4736 ὄρεσι.
3639 4667 3749 4720 Καὶ
3791 4668 3934 4720 ἀνα-

2379 4753 2696 4822 δενδράδες
2733 4755 2922 4823 αὐτῆς
2968 4757 3075 4824 τὰς
3115 4757 3354 4825 κέδρου(
3394 4759 3499 4812 τοῦ
3540 4759 3706 4812 Θεοῦ.
3743 4759 3934 4828 Κέδροι

2383 4845 2480 4915 μὲν
2522 4845 2577 4896 αἱ
2616 4845 2862 4916 οὐράνιαι
2894 4847 3166 4918 δυνάμεις·
3209 4847 3585 4919 ἀναδενδράδες
3616 4846 3671 4899 δὲ
3699 4847 3801 4918 τῆς
3830 4851 3934 4918 ἀμ-

2381 4936 2543 4989 πέλου
2591 4938 2640 4990 ol
2683 4939 2747 4991 ἐκ
2788 4939 2881 4992 τοῦ
2928 4938 3057 4993 λαοῦ
3099 4939 3369 5009 προφῆται
3413 4940 3490 5001 είς
3529 4937 3660 5007 ὕψος
3687 4939 3932 5010 ἠρμένοι,

2382 5028 2474 5081 καὶ
2497 5027 2961 5100 ἐπαναπαυόμενοι
2984 5029 3102 5092 ταῖς
3123 5029 3233 5082 ἀνω
3257 5029 3350 5081 καὶ
3368 5028 3607 5097 λογικαῐς
3624 5027 3930 5085 δυνάιιισιν.

2466 5119 2752 5183 Ἐεέτεινε
2793 5120 2864 5174 τὰ
2894 5120 3167 5189 κλήματα
3215 5119 3402 5188 αὐτῆς
3440 5120 3548 5184 ἕως
3596 5119 3931 5190 θαλάσσης.

2381 5210 2494 5282 1(λὴ
2503 5229 2643 5282 ματα
2673 5213 2765 5266 καὶ
2791 5212 3138 5283 παραφυάδες
3163 5212 3262 5281 τῆς
3284 5210 3526 5281 ἀμπέλου
3554 5210 3614 5264 τὸ
3644 5211 3754 5264 πᾶν
3797 5211 3931 5279 πλῆ-

2380 5299 2470 5364 θος
2490 5301 2582 5354 τοῦ
2614 5301 2741 5355 λαοῦ
2772 5318 2931 5371 φησιν
2950 5339 2966 5363 ,
3023 5300 3052 5354 δ
3095 5301 3356 5371 κατέσχεν
3401 5299 3508 5353 ἀπὸ
3557 5299 3806 5370 ποταμοῦ
3837 5301 3933 5354 Εὑ-

2378 5391 2586 5464 φράτου
2612 5394 2770 5464 μέχρι
2800 5392 3072 5462 θαλάσσης
3093 5392 3193 5462 τῆς
3235 5391 3479 5461 Ἰνδικῆς.

2448 5486 2570 5538 Ἵνα
2597 5487 2654 5538 τί
2681 5484 2948 5551 καθεῖλες
2965 5485 3072 5538 τὸν
3112 5483 3381 5554 φραγμὸν
3417 5480 3640 5549 αὐτῆς;
3676 5481 3930 5554 Φραγμδς

728 5579 870 5633 ceria
895 5577 1016 5648 ejus
1056 5585 1172 5631 erat
1205 5575 1522 5644 angelorum
1567 5571 1831 5634 custodia,
1882 5584 2046 5639 quam
2079 5568 2280 5622 amovit

2382 5570 2443 5646 ἦν
2467 5575 2600 5645 αὐτῇ
2629 5578 2660 5646 ἡ
2694 5575 2800 5628 τῶν
2832 5575 3077 5643 ἀγγέλων
3110 5575 3344 5644 φυλακὴ,
3395 5573 3462 5644 ῆν
3498 5573 3807 5643 ἀπέστησεν
3840 5572 3928 5627 ἀπ’

727 5671 796 5723 ab
825 5670 903 5725 eis
937 5668 1096 5723 Deus.
1129 5666 1197 5721 Et
1239 5665 1558 5721 vindemiant
1589 5678 1704 5717 eam
1751 5678 1925 5716 omnes
1947 5661 2036 5731 qui
2063 5669 2278 5730 prater-

728 5762 1030 5832 gredittntttr
1051 5761 1208 5816 viam.
1242 5759 1372 5814 Data
1401 5757 1602 5828 quippe
1649 5754 1754 5811 fuit
1803 5755 1856 5810 in
1891 5751 2146 5824 pabulum
2177 5751 2276 5806 im-

2376 5667 2554 5720 αὐτῶν
2581 5670 2609 5721 6
2637 5667 2787 5731 Θεός.
2819 5669 2927 5722 Καὶ
2957 5667 3250 5738 τρυγῶσιν
3272 5665 3465 5732 αὐτὴν
3487 5664 3701 5732 πάντες
3733 5669 3788 5719 οι
3826 5680 3928 5719 sxa-

2374 5760 2830 5831 ραπορευόμενοι
2861 5759 2977 5829 τὴν
3007 5757 3169 5814 ὀδόν.
3204 5757 3415 5818 Δίδοται
3442 5756 3548 5828 γὰρ
3573 5757 3652 5820 είς
3684 5755 3926 5827 βόσκημα
