4108 6490
164 456 251 509 361
1259 454 1623 511 EXPOSlTiO
1666 454 1731 509 IN
1771 454 2099 512 PSALMUM
2144 456 2351 513 LXXX.

3298 464 3399 519 362

163 571 261 632 τοῖς
291 568 631 641 ἀκαθάρτοις
673 570 941 641 δαίμοσιν,
967 569 1161 635 οἵτινες
1207 571 1302 625 καὶ
1344 571 1597 642 νέμοντα-ι
1636 571 1732 625 αὑ-

1839 574 1985 642 pnris
2008 574 2366 640 daemonibus,
2400 578 2492 646 qui
2526 578 2687 632 etiam
2734 580 3033 650 depascunt
3059 596 3248 637 eorum
3278 594 3399 640 ant-

161 660 259 713 τῶν
279 661 376 723 τάς
393 660 604 731 ψυχας,
622 663 719 732 τῆς
734 661 933 733 νοητῆς
944 662 1248 733 εὐκαρπίας
1268 663 1730 735 ἀπογυμνοῠντες.

234 753 287 804 '0
348 753 497 819 Θεὸς
533 754 866 823 δυνάμεων,
916 756 1303 825 ἐπίστρεψον.
1380 757 1625 811 Ἰκετεύω
1675 776 1733 811 σε

159 844 327 897 τοίνυν
354 846 449 898 τὸν
489 846 719 900 δυνατὸν
752 849 1028 917 Δεσπότην
1053 848 1180 901 ἰδεῖν
1202 849 1405 903 ἀνωθεν
1433 851 1533 920 τῆς
1558 852 1737 922 ἀμπέ-

160 934 243 987 λου
275 935 375 1005 τὴν
394 935 604 1007 λώϐην,
640 940 732 992 καὶ
758 939 1051 1009 θεραπείας
1079 941 1309 1006 ἀξιῶσαι
1336 942 1397 995 τὸ
1425 942 1615 1006 πάθος.
1672 944 1733 996 Ἡ

163 1026 223 1098 σὴ
256 1029 365 1099 γὰρ
393 1029 542 1101 αὕτη
574 1032 801 1102 πρόνοια
844 1030 944 1102 τὴν
989 1034 1257 1104 προτέραν
1292 1033 1490 1087 ἔδωκεν
1538 1034 1734 1104 εὐκλη-

164 1121 295 1191 ρίαν.

224 1213 327 1267 Καὶ
355 1213 711 1283 κατάρτισαι
745 1215 939 1285 αὐτὴν
985 1214 1066 1284 ἢν
1106 1216 1443 1287 ἐφύτευσεν
1481 1219 1519 1286 ἡ
1569 1217 1736 1282 δεξιὰ

159 1318 285 1361 σου.
328 1306 559 1377 Ἐπειδὴ
594 1308 658 1361 σὺ
692 1309 883 1380 αὐτὴν,
925 1310 1078 1380 φησὶ,
1131 1309 1567 1379 κατεφύτευσας,
1617 1305 1734 1363 εἶτα

160 1395 373 1464 γέγονεν
424 1398 922 1469 ἐμπεπυρισμένη
968 1402 1065 1453 καὶ
1119 1402 1575 1471 κατεσκαμμένην
1641 1403 1735 1455 καὶ

160 1487 422 1551 ἀπόλωλε,
449 1488 550 1541 σοῦ
582 1490 748 1561 αὐτὴν
781 1492 1217 1562 ἐπιτιμήσαντος,
1272 1493 1596 1564 κατάρτισαι
1637 1494 1735 1546 αὺ-

159 1578 250 1649 τὴν
278 1580 372 1632 καὶ
399 1582 632 1653 ἑτοίμην
657 1584 736 1644 εἰς
766 1583 1038 1653 σωτηρίαν
1070 1583 1484 1654 παρασκεύασον
1508 1601 1519 1613 ·
1562 1601 1738 1655 παρα-

163 1671 421 1725 σκεύασον
450 1672 511 1726 δὲ
535 1674 625 1727 δια
646 1672 739 1725 τοῦ
770 1673 885 1727 υἱοῦ
912 1674 1004 1727 τοῦ
1034 1675 1341 1747 ἀνθρώπου.
1376 1677 1449 1730 Τὸ
1478 1678 1609 1749 γὰρ,
1635 1677 1734 1730 ἐπὶ

162 1764 287 1817 υίὸν
341 1765 687 1833 ἀνθρώπου,
720 1767 807 1820 διὰ
832 1766 927 1820 τοῦ
968 1768 1084 1821 υίοῦ
1125 1768 1414 1841 ἀνθρώπου
1460 1771 1732 1842 σημαίνει.

163 1854 252 1919 Τίς
286 1856 342 1909 δέ
377 1860 533 1910 ἐστιν
566 1859 594 1910 ὁ
628 1860 743 1923 υἱὸς
773 1859 865 1912 τοῦ
895 1860 1178 1931 ἀνθρώπου
1213 1862 1245 1932 ἢ
1272 1862 1431 1926 αὐτὸς
1464 1864 1492 1916 6
1533 1862 1737 1933 Κύριος

164 1944 333 2018 ἡμῶν,
347 1946 424 2011 ὼς
440 1947 608 2011 αὐτὸς
627 1966 691 2002 πε
700 1950 753 2021 pl.
771 1950 962 2003 ἑαυτοῦ
982 1954 1040 2003 ὲν
1057 1955 1165 2014 τοῖς
1184 1952 1538 2020 Εὑαγγελίοις
1563 1952 1695 2022 φησί
1720 1970 1734 2017 ;

228 2037 555 2106 Γενηθήτω
605 2041 643 2108 ἠ
682 2042 811 2109 χείρ
848 2056 965 2094 σου
1004 2041 1097 2094 ἐπ’
1124 2042 1313 2110 ἄνδρα
1354 2040 1555 2108 δεξιᾶς
1599 2057 1734 2098 σου.

164 2132 327 2205 Αὕτη,
375 2135 631 2205 φησὶν,ή
669 2136 864 2205 πρᾶξις
897 2138 930 2208 ὴ
972 2138 1069 2208 τῆς
1117 2137 1392 2208 σωτηρίας
1441 2136 1533 2191 τοῦ
1572 2137 1735 2203 λαοῦ,

164 2228 278 2296 ητις
298 2228 392 2280 καὶ
420 2227 513 2279 διὰ
541 2226 640 2290 τῆς
683 2228 861 2298 χειρὸς
901 2228 1247 2297 σημαίνεται,
1290 2228 1383 2281 ἐπ’
1423 2228 1612 2295 ἄνδρα
1642 2228 1737 2281 δε-

168 2316 290 2383 ξιᾶς
320 2333 440 2373 σου
493 2319 817 2389 γενηθήτω,
865 2320 1107 2373 τουτέστι
1157 2319 1247 2373 διὰ
1291 2319 1384 2373 τοῦ
1426 2319 1617 2390 ἀνδρὸς
1644 2319 1737 2373 τοῦ

164 2409 306 2473 ὗντος
334 2408 521 2475 δεξιᾶς
548 2428 661 2464 σου.
694 2411 803 2464 Καὶ
833 2412 919 2474 τίς
938 2407 1090 2475 οὗτος
1114 2412 1147 2483 ἦ
1177 2414 1205 2464 6
1247 2413 1374 2475 Υἱὸς
1409 2412 1500 2465 τοῦ
1526 2410 1736 2483 ἀνθρὼ-

166 2516 283 2566 που,
312 2502 369 2566 ὃς
402 2503 527 2555 ἐστι
561 2501 708 2568 δεξιά
740 2500 832 2554 τοῦ
880 2502 1111 2573 Πατρὸς,
1151 2503 1198 2555 εξ
1243 2503 1335 2556 καὶ
1383 2503 1605 2572 γέγονεν
1643 2506 1737 2559 ἀν-

166 2592 411 2665 θρωποςς
451 2594 701 2646 Ἐπειδὰν
734 2593 791 2646 δὲ
817 2593 974 2645 τοῦτο
1000 2594 1243 2665 γένηται,
1279 2595 1371 2648 καὶ
1400 2594 1549 2668 σώσῃ
1568 2596 1735 2667 ἡμᾶς.

165 2684 340 2752 φησὶν,
370 2685 405 2754 ἡ
432 2682 587 2748 δεξιά
614 2700 726 2748 σου,
759 2684 787 2735 ὁ
810 2684 1153 2755 χρηματίσας
1176 2687 1314 2756 ἀνὴρ
1348 2688 1442 2740 καὶ
1484 2688 1609 2751 Υἱὸς
1647 2688 1737 2739 ἀν-

167 2774 398 2846 θρώπου,
442 2777 546 2830 οὐκ
594 2776 659 2830 ἄν
695 2793 821 2829 ποτε
856 2777 1182 2849 ἀποστῶμεν
1214 2779 1324 2831 ἀπὸ
1359 2778 1473 2844 σοῦ,
1508 2780 1603 2833 an
1640 2780 1737 2850 τῆς

169 2868 259 2939 σῆς
292 2868 439 2940 ζωῆς
480 2867 870 2938 μεταλαϐόντες
896 2912 910 2937 ,
956 2869 1053 2923 καὶ
1100 2869 1179 2941 τῷ
1226 2870 1304 2941 σῷ
1352 2869 1737 2941 ἐπικληθέντες

168 2959 401 3031 ὀνόματι,
436 2958 687 3011 τουτέστι
712 2958 1045 3029 Χριστιανοί.

233 3053 408 3120 Κύριε
441 3053 476 3105 ὀ
509 3048 653 3115 Θεὸς
673 3048 790 3103 τῶν
812 3048 1144 3118 δυνάμεων,
1168 3050 1539 3119 ἐπίστρεψον
1557 3047 1733 3118 ἡμᾶς.

173 3143 406 3215 Συκχῶς
444 3143 545 3215 τὴν
572 3140 780 3195 ἱκεσίαν
810 3140 1202 3213 προϐάλλεται,
1254 3142 1595 3196 ἐπισπεύδων
1638 3143 1739 3213 τὴν

1835 680 1975 727 mas,
2004 673 2058 718 et
2090 667 2357 734 spirituali
2390 666 2662 721 fructuum
2690 670 2845 738 copia
2874 672 3198 739 exspoliant.

1906 754 1994 807 15.
2026 754 2166 809 Deus
2196 757 2468 817 virtutum,
2506 767 2817 811 convertere.
2857 758 3126 829 Deprecor
3156 772 3208 817 te
3238 765 3401 834 igitur

1834 856 2108 916 potentem
2158 846 2468 907 Dominum.
2529 858 2587 904 ut
2641 851 2902 919 respicias
2936 852 3002 906 de
3056 854 3193 908 coelo
3231 857 3401 910 vinea:

1834 940 2151 1009 perniciem,
2177 949 2229 995 et
2252 942 2547 996 remedium
2579 942 2789 996 vulneri
2817 944 3077 1012 applices.
3109 945 3223 1000 Tua
3252 949 3397 1001 enim

1836 1032 1953 1101 ipsa
1984 1032 2321 1101 providentia
2354 1033 2590 1103 priorem
2625 1034 2774 1089 illam
2822 1036 3081 1106 Optimam
3134 1039 3401 1093 conditio-

1836 1138 1957 1176 nem
1984 1124 2220 1179 dederat.

1908 1214 1995 1279 16,
2028 1214 2113 1268 17.
2144 1213 2213 1267 Et
2231 1217 2421 1285 perﬁce
2441 1233 2555 1269 eam
2584 1233 2741 1288 quam
2764 1218 3020 1288 plantavit
3043 1220 3258 1274 dextera
3287 1232 3397 1274 tua.

1835 1301 2103 1369 Quoniam
2140 1315 2218 1370 tu,
2259 1306 2456 1376 inquit,
2480 1306 2737 1376 plantasti
2774 1309 2945 1373 illam,
2977 1324 3040 1363 ae
3067 1310 3261 1364 deinde
3302 1310 3405 1365 fuit

1836 1396 2047 1452 incensa
2080 1400 2187 1467 igni
2219 1408 2267 1452 et
2294 1399 2525 1467 stt/fossa
2560 1405 2723 1469 atque
2755 1401 2936 1471 periit,
2965 1412 3017 1456 te
3048 1402 3193 1456 illam
3228 1406 3401 1457 corri-

1836 1488 2037 1558 piente,
2070 1489 2259 1557 perﬁce
2284 1505 2400 1541 eam
2432 1497 2487 1542 et
2517 1501 2759 1559 paratam
2806 1492 2969 1545 redde
3008 1492 3074 1545 ad
3131 1492 3357 1547 salutem
3386 1511 3400 1557 ;

1836 1595 2079 1649 prmpara
2131 1590 2311 1634 autem
2364 1580 2513 1633 illam
2563 1596 2659 1650 per
2710 1580 2881 1635 lilium
2936 1582 3212 1637 hominis:
3271 1584 3402 1638 illud

1836 1672 2003 1735 enim,
2039 1688 2194 1741 super
2224 1672 2400 1741 ﬁlium
2439 1671 2687 1734 hominis,
2723 1688 2815 1740 per
2847 1672 3018 1726 lilium
3063 1674 3297 1728 hominis
3331 1677 3404 1729 si-

1837 1764 2081 1830 gniticet.
2128 1762 2263 1829 Quis
2313 1773 2495 1818 autem
2530 1773 2613 1817 est
2662 1762 2809 1817 tilins
2860 1763 3103 1819 hominis
3131 1765 3235 1819 nisi
3292 1765 3405 1834 ipse

1838 1860 2103 1913 Dominus
2158 1868 2383 1923 noster,
2449 1868 2508 1911 ut
2575 1858 2689 1927 ipse
2743 1856 2811 1911 de
2874 1872 2932 1912 se
2979 1858 3032 1911 in
3098 1857 3405 1930 Evangeliis

1768 1934 1809 1989 Β
1838 1951 2012 2007 dicit?

1909 2041 1996 2104 18,
2034 2040 2120 2095 19.
2158 2039 2285 2094 Fiat
2316 2056 2501 2094 manus
2527 2050 2617 2093 tua
2640 2057 2795 2110 super
2818 2040 2987 2093 virum
3019 2040 3249 2095 dextera:
3277 2050 3401 2095 tum.

1839 2132 1986 2198 Ilaec,
2021 2132 2220 2202 inquit,
2262 2143 2345 2187 est
2389 2132 2633 2202 operatio
2668 2132 2860 2187 salutis
2898 2133 3106 2202 populi,
3160 2148 3279 2202 quae
3312 2149 3407 2201 per

1839 2241 2061 2281 manum
2105 2225 2394 2288 indicatur,
2426 2240 2580 2293 super
2605 2224 2771 2277 virum
2790 2222 3021 2277 dextera:
3064 2234 3168 2278 tua
3205 2226 3323 2294 ﬁat,
3353 2224 3405 2278 id

1838 2328 1920 2373 est
1952 2332 2048 2385 per
2083 2316 2257 2371 virum
2287 2316 2381 2387 qui
2414 2326 2497 2371 est
2530 2316 2753 2370 dextera
2805 2324 2917 2369 tua.
2954 2313 3157 2385 Ecquis
3191 2316 3279 2369 ille
3321 2326 3404 2370 est

1841 2411 1943 2464 nisi
1970 2410 2140 2464 Filius
2170 2410 2430 2475 hominis,
2462 2412 2557 2479 qui
2584 2419 2669 2466 est
2703 2410 2924 2465 dextera
2954 2408 3155 2477 Patris,
3190 2412 3402 2467 etiamsi

1841 2500 2019 2555 factus
2055 2501 2126 2556 sit
2164 2500 2372 2554 homo?
2398 2498 2534 2554 Cum
2572 2510 2751 2554 autem
2790 2502 2893 2554 hoc
2926 2499 3129 2555 factum
3159 2500 3321 2556 fuerit
3354 2512 3408 2557 et

1841 2592 2026 2648 salvos
2071 2607 2174 2647 nos
2217 2591 2405 2645 fecerit
2445 2591 2662 2645 dextera
2696 2600 2809 2657 tua,
2840 2590 2934 2661 qui
2979 2592 3195 2646 vocaris
3228 2594 3310 2647 vir
3354 2605 3408 2648 et

1842 2685 2014 2740 Filius
2050 2683 2165 2750 Dei,
2199 2700 2479 2753 nunquam
2522 2683 2866 2739 discedemus
2895 2698 2925 2737 a
2957 2691 3029 2749 te,
3083 2693 3267 2754 utpote
3312 2687 3406 2755 qui

1842 2778 1965 2831 vita:
1993 2787 2098 2831 tum
2129 2776 2420 2846 participes
2453 2776 2645 2842 simus,
2684 2786 2736 2830 et
2770 2785 2863 2829 tuo
2906 2777 3130 2833 nomine
3176 2779 3407 2849 appelle-

1841 2884 1984 2935 mur,
2018 2868 2069 2922 id
2096 2874 2180 2923 est
2205 2866 2525 2921 Christiani.

1908 3062 1999 3119 20.
2034 3063 2253 3117 Domine
2275 3063 2417 3118 Deus
2451 3065 2725 3133 virtutum,
2759 3075 2995 3120 converte
3028 3084 3142 3121 nos.
3176 3067 3408 3123 Assidue

1842 3155 2295 3224 supplicationem
2321 3157 2523 3209 emittit
2555 3157 2815 3226 gestiens,
2853 3166 2915 3212 ut
2963 3156 3284 3229 Unigenitus
3317 3177 3408 3231 ap-

172 3236 487 3303 ἐπιφάνειαν
512 3232 763 3302 γενέσθαι
789 3232 882 3285 τοῦ
914 3232 1271 3301 Μονογενοῦς,
1308 3234 1376 3287 δι’
1406 3230 1466 3288 οὗ
1498 3234 1593 3288 καὶ
1630 3251 1735 3287 σω-

1841 3256 2048 3316 pareat,
2081 3264 2176 3303 per
2201 3263 2360 3302 auem
2388 3248 2616 3303 salutem
2653 3248 2754 3319 ipsi
2790 3264 3216 3320 consequentur.

172 3326 440 3398 θήσονται.

332 3422 442 3485 Είς
475 3418 650 3484 τέλος
688 3418 838 3486 ὑπὲρ
867 3415 986 3471 τῶν
1019 3416 1225 3484 ληνῶν
1256 3419 1565 3471 ΨΑΛΜΟΣ

533 3508 613 3575 τῷ
655 3509 855 3577 Ἀσὰφ,
886 3508 1243 3574 ἁλληλούτα.
1282 3511 1365 3560 η’.

793 3600 1115 3663 Ὺπόθεσις.

178 3688 306 3761 Ἤδη
355 3690 453 3743 τὸν
489 3688 669 3756 ὄγδοον
724 3676 1116 3759 ἑρμηνεύοντες
1148 3686 1572 3763 ἀποδεδώκαμεν
1600 3687 1737 3745 εἶναι

237 3778 429 3850 ληνοὺς
466 3779 563 3843 τάς
618 3778 961 3849 Ἐκκλησίας.
998 3781 1183 3834 Ἔστιν
1214 3778 1414 3836 οὖνκαὶ
1450 3784 1512 3835 ἐκ
1550 3783 1736 3837 τούτου

238 3872 325 3925 τοῦ
350 3871 571 3943 ψαλμοῦ
600 3872 747 3934 ἰδεῖν,
787 3872 862 3935 ὡς
885 3872 1039 3926 καλεῖ
1057 3873 1125 3925 τά
1157 3873 1283 3945 ἔθνη
1322 3875 1460 3944 πρὸς
1502 3876 1598 3947 τὴν
1645 3877 1737 3929 πί-

239 3979 351 4017 στιν
380 3964 482 4037 τὴν
516 3966 592 4029 είς
614 3964 705 4016 τὸν
726 3963 927 4035 Κύριον
946 3980 959 3992 ·
978 3966 1158 4028 αὐτοῖς
1183 3965 1529 4021 διδασκαλίαν
1559 3970 1737 4022 ποιού-

238 4074 392 4129 μενος
432 4055 526 4109 τοῦ
565 4057 771 4127 μήποτε
804 4055 1105 4127 ἀποστῆναι
1134 4057 1319 4122 αὑτοῦ,
1355 4059 1454 4130 τὴν
1493 4058 1585 4113 τοῦ
1613 4078 1739 4132 προ⁹

238 4148 394 4213 τέρου
427 4144 559 4201 λαοῦ
588 4145 675 4200 διὰ
701 4145 798 4218 τὴν
832 4146 1029 4201 κακίαν
1054 4148 1325 4219 ἀποϐολὴν
1359 4148 1552 4219 λέγων.

2001 3428 2051 3482 1.
2084 3426 2149 3481 In
2177 3428 2355 3497 ﬁnem,
2384 3446 2477 3497 pro
2502 3430 2853 3485 torcularibus
2894 3430 3231 3487 PSALMUS

2328 3520 2430 3588 ipsi
2460 3522 2659 3587 Asaplt.
2689 3510 2912 3577 ιΧΧΧ.

2425 3615 2463 3667 Α
2479 3625 2826 3684 rgumentum.

1838 3700 1957 3757 Jam
1995 3719 2117 3758 cum
2155 3714 2406 3759 octavum
2444 3706 2927 3775 interpretarcmur
2958 3708 3194 3765 diximus
3228 3720 3379 3766 torcu

1911 3796 2047 3849 laria
2078 3794 2349 3849 Eceiesias
2406 3812 2548 3853 esse.
2601 3796 2800 3853 Videre
2850 3799 3013 3869 igitur
3059 3809 3144 3854 est
3194 3816 3257 3855 ex
3308 3802 3409 3857 hoc

1910 3902 2126 3955 quoque
2153 3887 2364 3956 psalmo
2394 3888 2571 3958 ipsum
2607 3904 2804 3943 vocare
2850 3900 3034 3958 gentes
3063 3890 3128 3944 ad
3162 3892 3319 3946 tidem
3353 3895 3405 3946 in

1911 3974 2222 4030 Dominum.
2254 3974 2385 4029 Eam
2418 3977 2720 4031 doctrinam
2766 3979 3013 4047 pra-hens
3040 3979 3143 4034 illis
3179 3989 3239 4035 ut
3268 3998 3409 4037 nun-

1909 4082 2071 4137 quam
2102 4066 2387 4121 discedant
2426 4067 2495 4121 ab
2527 4067 2664 4137 ipso,
2698 4068 2899 4138 prioris
2933 4068 3116 4139 pepuli
3154 4070 3405 4139 impieta-

1912 4159 1981 4213 tis
2008 4174 2171 4212 causa
2202 4159 2555 4227 ahjectionent
2594 4160 2934 4227 significans.

250 4237 635 4312 Ἄταλλιᾶσθε
672 4238 751 4304 τῷ
774 4238 893 4305 Θεῷ
918 4237 997 4305 τῷ
1021 4239 1226 4308 βοηθῷ
1263 4241 1432 4309 ήμῶν
1451 4283 1467 4309 ,
1505 4242 1736 4297 ἀλαλά-

178 4332 304 4394 εατε
334 4331 419 4398 τῷ
458 4330 577 4396 Θεῷ
631 4329 839 4385 Ἰακώϐ.
898 4331 1233 4402 Ἀλαλαγμός
1277 4336 1424 4387 ἐστιν
1476 4335 1738 4399 ὲπινίκιος

180 4422 349 4492 ὕμνος.
382 4421 821 4495 Παρακελεύεται
850 4416 941 4476 οὖν
962 4425 1074 4486 τοῖς
1100 4423 1274 4477 ἔθνεσι
1306 4424 1383 4495 τῷ
1413 4424 1736 4497 βοηθήσαντι

1841 4434 2021 4502 itaque
2048 4439 2235 4501 gentes
2270 4440 2329 4485 ut
2364 4430 2472 4485 Deo
2526 4434 2833 4498 auxilianti,
2888 4434 2980 4503 qui
3015 4450 3044 4487 a
3094 4433 3401 4488 demonum

178 4512 313 4587 Θεῷ,
365 4514 461 4566 καὶ
489 4516 552 4565 ἐκ
585 4516 685 4584 τῆς
716 4513 821 4567 τῶν
873 4513 1143 4585 δαιμόνων
1198 4516 1393 4579 αὐτοὺς
1449 4520 1736 4589 ῥυσαμένῳ

1844 4531 2111 4592 potestate
2179 4521 2327 4590 ipsos
2410 4522 2787 4589 liberaverat,
2865 4523 3096 4594 hymnos
3169 4522 3408 4577 victoria:

1907 4248 1961 4302 2.
2004 4248 2283 4303 Exsultate
2331 4250 2439 4304 Deo
2489 4250 2725 4320 adjutori
2764 4260 2943 4305 nostro
2971 4292 2985 4316 ,
3026 4249 3253 4319 jnbilate
3301 4251 3406 4305 Deo

1837 4338 2309 4394 Jacoanhilatio
2354 4350 2436 4395 est
2488 4343 2729 4396 victoria:
2780 4358 3022 4396 carmen.
3074 4341 3403 4395 Coliortatur

180 4606 644 4668 κεταδυναστείας,
674 4606 771 4669 τὰς
805 4605 1098 4669 ἐπινικίους
1126 4606 1274 4677 ᾄδειν
1306 4608 1465 4679 ᾠδάς.

242 4700 459 4754 Λάϐετε
483 4698 758 4767 ψαλμὸν,
806 4699 900 4751 καὶ
954 4698 1091 4753 δότε
1128 4702 1455 4769 τύμπανον.
1509 4701 1738 4773 Ψαλμδν

180 4791 230 4843 ἐν
254 4792 463 4853 τούτοις
487 4790 584 4859 τὴν
610 4788 759 4842 θείαν
784 4789 1134 4843 διδασκαλίαν
1174 4792 1328 4861 φησι.
1361 4791 1652 4861 Τύμπανον
1682 4791 1739 4846 δὲ

180 4880 397 4952 ὁργανόν
425 4883 542 4934 ἐστι
570 4880 635 4933 ὲκ
665 4880 948 4952 δερμάτων
982 4880 1371 4952 πεποιημένον.
1408 4882 1573 4949 Λέγει
1619 4876 1735 4935 οὖν’

192 4972 436 5046 Ἔπήκοοι
487 4976 603 5038 τοῖς
649 4972 813 5038 θείοις
868 4973 1068 5043 λογίοις
1100 4973 1401 5044 γενόμενοι,
1431 4974 1739 5043 παραστή-

182 5081 313 5121 σατε
336 5066 409 5119 τὰ
442 5066 686 5135 σώματα
711 5063 875 5136 ὑμῶν
910 5067 1130 5121 θυσίαν
1154 5065 1348 5128 ζῶσαν
1368 5106 1382 5131 ,
1416 5066 1743 5135 εὐπρόσδε-

183 5174 315 5213 κτον
344 5156 431 5222 τῷ
454 5156 597 5222 Θεῷ.
644 5156 987 5225 Ψαλτήριον
1014 5158 1271 5229 τερπνὸν
1293 5160 1443 5228 μετὰ
1475 5158 1737 5227 κιθάρας.

180 5244 483 5319 1ῖαλιτὴριον
516 5245 678 5298 πάλιν
716 5248 775 5299 τὸ
807 5246 966 5317 σῶμα
1000 5265 1153 5317 φησι,
1188 5248 1275 5301 sta
1314 5248 1412 5319 τὴν
1450 5249 1741 5321 γινομένην

186 5341 495 5411 συμφωνίαν
525 5340 619 5392 καὶ
649 5341 1010 5411 συναρμονίαν
1042 5342 1177 5412 πρὸς
1210 5341 1343 5394 αὐτὸ
1394 5341 1489 5414 τῆς
1520 5341 1699 5412 ψυχῆς
1720 5359 1736 5375 ·

184 5430 240 5481 ἶν’
270 5432 449 5504 ἄρτιοι
479 5433 741 5501 γένωνται
768 5434 817 5486 oi
848 5433 941 5488 τοῦ
970 5431 1105 5486 Θεοῦ
1154 5432 1427 5504 ἄνθρωποι
1451 5475 1464 5498 ,
1514 5434 1607 5487 καὶ
1644 5433 1739 5498 τὰς

183 5522 343 5595 ψυχας
371 5524 718 5587 ἀνατιθέντες
749 5524 825 5595 τῷ
850 5524 989 5596 Θεῷ,
1020 5525 1111 5578 καὶ
1142 5524 1201 5577 τὸ
1238 5524 1416 5595 σῶμα,
1450 5526 1507 5577 οὺ
1547 5525 1625 5595 τῷ
1654 5526 1745 5579 x6-

187 5627 313 5683 σμῳ,
338 5613 477 5669 ἀλλὰ
499 5614 707 5687 Κυρίῳ.

246 5704 589 5759 Σαλπίσατε
608 5705 677 5756 ἐν
701 5706 980 5774 νεομηνίᾳ
1012 5707 1318 5777 σάλπιγγι.
1347 5707 1553 5777 Ὠσπερ
1576 5707 1737 5761 πάλαι

259 5873 299 5906 ’⁸
332 5872 490 5927 Rom.
539 5886 634 5929 χιι.
668 5868 715 5921 1.

501 5964 768 6023 Panos.
802 5960 916 6019 Gn.
955 5960 1209 6023 XXVII.

1773 4615 1811 4669 D
1840 4625 2059 4669 canant.

1914 4708 1948 4762 '5
1994 4706 2198 4762 Sumite
2222 4709 2503 4775 psalmum.
2538 4715 2588 4758 et
2618 4706 2740 4758 date
2783 4714 3106 4775 tympanum.
3130 4702 3406 4759 Psaimum

1842 4797 1929 4852 hic
1961 4806 2140 4864 vocat,
2186 4797 2425 4851 divinam
2462 4796 2812 4862 doctrinam;
2865 4805 3177 4867 tympanum
3228 4804 3407 4849 autent

1841 4902 1927 4947 est
1952 4892 2374 4946 instrumentum
2430 4889 2663 4960 pellibus
2714 4887 3043 4942 confectum.
3078 4887 3169 4940 Ait
3201 4887 3363 4957 igitur
3394 4906 3405 4941 :

1844 4980 2219 5053 Obsequentes
2263 4982 2463 5037 divinis
2496 4982 2756 5051 eloquiis,
2803 4982 3035 5035 exhibete
3079 4996 3296 5049 corpora
3328 4996 3411 5033 vc-

1844 5086 1956 5130 stra
1987 5077 2215 5130 hostium
2245 5076 2516 5141 viventem,
2548 5073 2655 5129 Deo
2684 5075 3051 5144 placentem".
3086 5072 3408 5126 Psalterium

1836 5167 2130 5237 jucundum
2150 5184 2267 5221 cum
2284 5166 2507 5220 cithara.
2529 5164 2851 5221 Psalterium
2874 5178 3089 5219 rursum
3110 5178 3310 5232 corpus
3329 5163 3411 5216 di-
3484 5232 3491 5245 .

1845 5260 1936 5322 cit,
1956 5259 2024 5312 ob
2045 5272 2368 5312 consensum
2393 5264 2447 5310 et
2475 5256 2875 5326 coaptationem
2903 5254 3101 5308 anima:
3124 5268 3246 5307 cum
3280 5251 3371 5304 illo
3394 5295 3409 5313 ,

1846 5362 1907 5407 ut
1941 5351 2032 5406 Dei
2063 5350 2315 5404 homines
2349 5347 2572 5419 perfecti
2601 5348 2730 5414 sint,
2763 5358 2814 5402 et
2851 5347 3060 5400 animas
3090 5343 3199 5397 Deo
3224 5345 3411 5399 dican-

1849 5453 1929 5497 tes
1959 5452 2011 5497 et
2038 5456 2259 5511 corpus,
2318 5456 2423 5495 non
2456 5440 2681 5503 mundo,
2715 5439 2806 5494 scd
2827 5437 3080 5493 Domino.

1925 5703 1979 5767 4,
2014 5703 2065 5757 5.
2100 5700 2388 5755 Burrinate
2410 5701 2462 5754 in
2500 5704 2768 5755 neomenia
2804 5700 2950 5755 tuba.
2989 5700 3137 5753 Sient
3170 5698 3302 5752 olim
3334 5694 3412 5751 ls-

3103 5956 3173 6015 12
