4108 6492
693 440 798 498 365

1490 444 1545 499 S.
1589 446 1952 502 ATHANASII
1990 446 2139 501 OPP.
2175 443 2357 499 PARS
2398 442 2486 498 Ill.
2528 469 2597 480 —
2634 440 3043 496 EXEGETICA.

3830 441 3945 497 364

694 554 805 610 rael
857 554 1144 611 sensibiles
1184 570 1407 610 sumens
1432 557 1590 612 tubas
1635 560 1689 612 in
1740 560 2027 615 neomenia
2074 558 2260 614 bucci-

2362 556 2489 609 ποτὲ
2510 556 2539 607 6
2576 554 2787 627 Ἰσραὴλ
2813 553 3076 624 αἰσθητὰς
3105 553 3397 624 λαμϐάνων
3442 555 3753 624 σάλπιγγας
3788 556 3849 609 ἐν
3876 560 3943 627 τῇ

692 645 876 710 nabat,
905 645 1034 715 quia
1067 646 1170 699 hoc
1199 655 1524 715 praceptum
1561 648 1785 703 dederat
1836 649 1982 704 Deus
2014 650 2065 703 in
2104 651 2257 704 testi-

689 737 933 790 monium
961 737 1105 807 quod
1141 737 1350 792 liberati
1384 738 1614 794 fuissent
1636 755 1700 794 ex
1737 740 2055 812 Egyptiaca
2084 742 2257 797 servi-

691 836 845 893 tute;
885 829 957 882 ita
987 838 1042 883 et
1072 844 1244 884 novus
1290 831 1523 900 populus
1573 833 1884 903 evangelica
1928 849 2059 891 usus
2107 834 2256 897 tuba,

691 919 850 989 cujus
900 935 1070 975 sonus
1124 922 1175 975 in
1221 936 1437 974 omnem
1490 930 1688 976 terram
1749 925 1964 988 exivit,
2001 924 2153 994 jubet
2201 925 2255 979 in

691 1011 993 1065 neomeniis
1028 1012 1154 1065 tuba
1183 1026 1400 1075 canere,
1438 1011 1491 1065 id
1525 1022 1608 1067 est
1640 1014 1693 1066 in
1730 1014 2082 1069 renovatione
2106 1029 2257 1067 men-

693 1100 763 1156 tis
790 1102 928 1171 ejus,
960 1103 1225 1158 conﬁtens
1257 1104 1372 1171 ipse
1402 1113 1566 1172 atque
1596 1104 1894 1161 testiﬁcans
1925 1106 2069 1176 quod
2102 1106 2255 1160 illum

690 1206 757 1247 ex
790 1193 1058 1263 spirituali
1087 1194 1322 1266 Egypto
1352 1196 1617 1263 liberarit,
1663 1197 1715 1251 id
1766 1207 1851 1253 est
1894 1214 1959 1253 es
1993 1207 2257 1268 potestate

690 1284 1058 1338 tenebrarum.

758 1459 810 1513 6.
840 1458 1098 1531 Linguam
1126 1476 1281 1528 quam
1316 1477 1416 1513 non
1468 1470 1676 1514 noverat
1723 1460 1945 1514 audivit.
1992 1459 2253 1529 Populus,

689 1548 887 1619 inquit,
918 1564 1169 1617 egressus
1196 1565 1261 1603 ex
1298 1551 1555 1619 IEgypto,
1586 1548 1792 1602 audivit
1825 1548 2063 1617 linguam
2090 1562 2254 1617 quam

688 1642 819 1697 olim
873 1656 980 1695 non
1028 1650 1205 1696 norat.
1243 1640 1427 1710 Ecqua
1456 1640 1544 1693 illa
1594 1638 1698 1693 fuit
1738 1639 1843 1693 nisi
1894 1654 1996 1693 vox
2054 1637 2149 1692 Dei
2201 1639 2255 1691 in

687 1743 871 1788 monte
901 1734 967 1788 ad
996 1734 1257 1803 populum
1300 1733 1501 1788 emissa
1529 1733 1552 1784 ‘l

759 1826 810 1879 7.
844 1824 1069 1880 Divertit
1092 1825 1155 1878 ab
1189 1824 1429 1878 oneribus
1462 1823 1679 1876 dorsum
1707 1822 1840 1893 ejus.
1886 1821 2052 1887 Quasi
2089 1821 2252 1885 dicat,

2363 646 2621 718 νεομηνία
2647 645 2925 709 ἐσάλπιζε,
2950 644 3108 699 τοῦτο
3134 645 3458 717 πρόσταγμα
3503 646 3802 711 δεδωκότος
3848 649 3942 702 τοῦ

2363 736 2519 801 Θεοῦ,
2552 737 2645 789 καὶ
2677 736 2974 807 μαρτύριον
2997 735 3091 789 τοῦ
3135 735 3563 807 ἐλευθεωθῆναι
3602 737 3803 801 αὐτοὺς
3844 737 3941 807 τῆς

2365 827 2424 891 ἐξ
2449 826 2724 894 Αἰγύπτου
2744 826 2985 888 δουλείας
3002 841 3015 855 ·
3042 824 3183 879 οὕτω
3200 826 3294 879 καὶ
3319 826 3481 889 ὁνὲος
3498 826 3645 891 λαὸς,
3674 830 3745 897 τῇ
3779 827 3942 895 εὐαγ-

2362 920 2549 989 γελικῇ
2584 918 2865 991 χρώμενος
2907 918 3188 987 σάλπιγγι,
3229 912 3297 990 ἦς
3327 921 3355 972 6
3392 918 3622 989 φθόγγος
3648 922 3728 982 εἰς
3763 922 3939 973 πᾶσαν

2363 1011 2461 1080 τὴν
2496 1012 2598 1079 γῆν
2627 1008 2871 1081 ἐξῆλθεν,
2895 1009 3173 1063 κελεύεται
3197 1012 3253 1063 ἐν
3277 1013 3396 1074 ταῖς
3427 1012 3741 1082 νεομηνίαις
3758 1010 3941 1063 σαλπί-

2363 1100 2506 1165 ζειν,
2555 1102 2832 1155 τουτέστιν
2886 1102 2942 1154 ἐν
2976 1105 3043 1171 τῇ
3074 1103 3411 1156 ἀνακαινίσει
3444 1100 3539 1154 τοῦ
3585 1103 3704 1165 νοὸς
3740 1100 3938 1154 αύτοῦ⁸

2361 1193 2637 1265 ὁμολογῶν
2666 1194 2760 1246 καὶ
2788 1193 2951 1256 αὐτὸς
2983 1194 3078 1247 καὶ
3104 1193 3426 1265 μαρτυρῶν,
3476 1195 3558 1247 ὅτι
3591 1193 3657 1263 δὴ
3684 1193 3849 1248 αὑτὸν
3877 1194 3939 1245 ἐκ

2361 1287 2458 1356 τῆς
2481 1285 2675 1356 νοητῆς
2704 1284 3075 1357 ἠλευθέρωσεν
3107 1286 3405 1354 Αἰγύπτου,
3436 1285 3713 1339 τουτέστιν
3744 1287 3810 1337 ἐκ
3840 1286 3940 1355 τῆς

2363 1376 2616 1442 ἐξουσίας
2653 1376 2745 1430 τοῦ
2774 1376 3018 1440 σκότους.

2430 1468 2733 1523 Γλῶσσαν
2760 1468 2839 1537 ἣν
2865 1471 2975 1522 οὐκ
3003 1469 3155 1540 ἔγνω
3187 1467 3479 1536 ἤκουσεν.
3507 1469 3564 1522 '0
3581 1468 3732 1533 λαὸς,
3753 1465 3937 1536 φησὶν.

2363 1559 2596 1626 ἐξελθὼν
2630 1563 2693 1613 ἐκ
2718 1561 2815 1625 τῆς
2843 1559 3141 1629 Αἰγύπτου,
3172 1560 3370 1630 ἢκουσε
3395 1559 3644 1627 γλῶσσαν
3672 1561 3745 1628 ἦν
3767 1557 3935 1613 πάλαι

2360 1650 2459 1703 οὐκ
2493 1650 2653 1719 ἔγνω.
2690 1650 2802 1705 Καὶ
2862 1650 2991 1703 ποία
3020 1648 3158 1721 αὕτη
3205 1649 3238 1719 ἢ
3291 1652 3324 1721 η
3359 1649 3453 1703 τοῦ
3486 1649 3621 1704 Θεοῦ
3660 1648 3800 1721 πρὸς
3847 1649 3939 1703 τὸν

2361 1738 2488 1793 λαὸν
2515 1740 2770 1811 γινομένη
2795 1742 2851 1794 ὲν
2882 1741 2959 1812 τῷ
2983 1741 3097 1813 ὄρει
3128 1743 3308 1813 φωνή;

2449 1830 2813 1900 Ἀπέστησεν
2832 1834 2951 1888 ἀπὸ
2978 1832 3211 1903 ἇρσεων
3230 1833 3337 1887 τὸν
3353 1834 3544 1887 νῶτον
3564 1832 3776 1889 αὐτοῦ.
3794 1833 3940 1887 Ἀντί

687 1932 749 1970 ex
782 1915 1061 1969 oneribus.
1088 1914 1226 1968 Dicit
1251 1927 1413 1983 porro
1440 1912 1584 1982 quod
1604 1911 1725 1966 illos
1755 1927 1783 1965 a
1807 1911 2039 1966 sarcinis
2062 1910 2257 1963 libera-

2361 1923 2480 1987 τοῦ,
2516 1924 2576 1988 ἐξ
2601 1924 2833 1997 ἄρσεων.
2866 1924 3026 1994 Λέγει
3054 1925 3131 1989 δὲ,
3162 1925 3377 1979 ὅτιτῶν
3411 1925 3813 1996 βασταγμὰτων
3839 1925 3937 1980 αύ-

687 2007 845 2071 verit,
882 2021 1019 2074 quas
1042 2005 1357 2060 deferebant
1387 2018 1510 2059 cum
1539 2009 1887 2057 exstruerem
1914 2001 2076 2055 urbes
2105 1998 2249 2054 Pha-

688 2096 895 2152 raonis.
933 2095 1123 2149 Manus
1154 2095 1266 2162 eius
1294 2096 1347 2148 in
1393 2093 1613 2163 cophino
1662 2093 1968 2145 servierunt.
2021 2088 2133 2146 Hoc
2178 2091 2254 2144 ait

689 2191 819 2259 quia
851 2189 1025 2243 lutum
1053 2196 1107 2242 et
1145 2188 1329 2258 paleas
1378 2187 1433 2240 in
1466 2186 1716 2257 copliinis
1755 2185 1821 2240 ad
1869 2199 2006 2254 opus
2039 2181 2252 2238 delere-

689 2285 839 2339 bant.

762 2375 816 2429 8.
851 2373 917 2427 In
952 2373 1291 2427 tribulatione
1323 2371 1580 2426 invocain
1610 2386 1711 2434 me,
1745 2378 1793 2424 et
1829 2368 2042 2421 liberavi
2070 2375 2135 2420 te.
2170 2364 2256 2419 Si-

692 2469 817 2521 mile
839 2475 922 2520 est
954 2465 1028 2517 illi
1068 2482 1081 2519 :
1119 2465 1258 2530 Quia
1292 2464 1467 2518 audivi
1515 2464 1735 2535 gemitus
1769 2475 1949 2513 eorum
1992 2468 2041 2512 et
2082 2472 2253 2511 vocem

688 2574 869 2612 eorum
890 2556 1089 2622 audivi,
1118 2564 1166 2609 et
1196 2556 1440 2609 descendi
1470 2555 1538 2607 ad
1568 2551 1897 2606 liberandum
1924 2560 2008 2604 eos
2035 2548 2074 2603 ¹.

755 2646 1015 2700 Exaudivi
1041 2654 1087 2698 te
1113 2646 1165 2697 in
1188 2643 1498 2697 abscondito
1521 2641 1867 2711 tempestatis.
1895 2637 2064 2704 Quasi
2087 2635 2253 2699 dicat,

690 2755 753 2793 ex
787 2752 981 2809 magna
1012 2746 1068 2792 et
1098 2734 1577 2791 vehementissima
1615 2742 1664 2788 te
1709 2731 1958 2802 angustia
2004 2727 2251 2784 liberavi.

694 2826 919 2880 Probavi
948 2835 996 2878 te
1023 2823 1162 2893 apud
1190 2840 1382 2894 aquam
1429 2821 1884 2877 contradictionis.
1926 2818 2155 2886 Quando
2183 2818 2256 2874 si—

694 2917 949 2972 tibundus
980 2918 1212 2987 populus
1243 2918 1309 2972 ad
1338 2915 1561 2987 Moysen
1587 2916 1794 2969 diceret
1826 2932 1839 2965 :
1874 2911 1957 2964 Da
2001 2910 2146 2963 nobis
2198 2925 2257 2961 a-

690 3029 845 3084 quam
865 3023 920 3066 ut
946 3012 1205 3075 bibamus,
1258 3008 1572 3078 respondit:
1595 3007 1735 3072 Quid
1766 3022 1845 3059 me
1869 3004 2110 3059 conviciis
2132 3019 2253 3056 one-

690 3103 824 3155 ratis
856 3110 904 3154 et
942 3100 1151 3153 tentatis
1186 3099 1463 3151 Dominum
1490 3098 1554 3151 ’1’

761 3192 911 3249 9-H.
942 3192 1100 3256 Audi,
1160 3190 1382 3261 populus
1419 3208 1581 3248 meus.
1618 3189 1881 3260 Populum
1916 3187 2254 3253 cohortatur,

2356 2015 2482 2079 τοὺς
2507 2015 2903 2088 ἠλευθέρωσεν,
2933 2010 3009 2070 ὧν
3050 2018 3377 2089 ἐπεφέροντο
3404 2017 3813 2088 οἰκοδομοῦντες
3838 2017 3937 2080 τὰς

2358 2106 2540 2169 πόλεις
2564 2106 2641 2177 τῷ
2668 2106 2883 2177 Φαραώ.
2916 2110 2985 2162 Αἱ
3018 2107 3215 2177 χεῖρες
3259 2106 3445 2162 αὑτοῦ
3490 2108 3560 2160 ὲν
3590 2105 3671 2172 τῷ
3708 2108 3934 2176 κοφίνφ

2358 2196 2753 2251 ἐδούλευσαν.
2800 2197 2969 2252 Τοῦτό
3017 2217 3149 2271 φησι
3176 2200 3308 2253 διότι
3362 2199 3452 2253 τὸν
3512 2198 3680 2270 πηλὸν
3730 2199 3827 2252 ual.
3871 2199 3938 2251 τὰ

2359 2289 2538 2360 ἄχυρα
2558 2291 2614 2342 ἐν
2639 2290 2878 2359 κοφίνοις
2904 2292 2995 2343 ἐπὶ
3027 2292 3085 2344 τὸ
3120 2292 3279 2363 ἔργον
3302 2291 3650 2364 ἐπεφέροντο.

2440 2382 2541 2435 Ἐν
2568 2382 2769 2449 θλίψει
2791 2383 3139 2436 ἐπεκαλέσω
3176 2400 3274 2451 με,
3307 2384 3407 2436 καί
3445 2381 3799 2452 ἐρρυσάμην
3840 2396 3937 2439 σε.

2363 2471 2583 2541 Ὅμοιον
2607 2470 2705 2542 τῷ,
2739 2471 2868 2524 Ὀτι
2901 2470 3139 2539 ἥκουσα
3174 2469 3292 2524 τῶν
3326 2470 3680 2540 στεναγμῶν
3712 2468 3934 2532 αὐτῶν,

2360 2561 2458 2614 καί
2491 2559 2598 2627 τῆς
2637 2560 2840 2631 φωνῆς
2884 2562 3081 2617 αὐτῶν
3123 2562 3385 2632 ἤκουσα,
3417 2562 3514 2617 καί
3541 2563 3801 2629 κατέϐην
3831 2562 3938 2617 τοῦ

2360 2650 2673 2715 ἐξελέσθαι
2705 2653 2945 2718 αὐτούς.
2980 2651 3318 2718 Ἑπήκουσά
3353 2667 3469 2707 σου
3495 2653 3564 2706 ἐν
3610 2652 3939 2721 ἀποκρύφῳ

2359 2742 2468 2810 τῆς
2499 2742 2855 2811 καταιγίδος.
2898 2743 3042 2796 Ἀντὶ
3071 2741 3186 2805 τοῦ,
3227 2744 3320 2795 Ἐκ
3352 2743 3594 2813 μεγάλης
3645 2743 3741 2796 καὶ
3770 2744 3938 2814 ὑπερ-

2362 2832 2661 2903 ϐαλλούσης
2690 2835 3008 2904 ἐρρυσάμην
3050 2849 3107 2885 σε
3150 2831 3401 2901 θλίψεως.
3451 2831 3819 2901 Ἐδοκίμασὰ
3863 2848 3935 2886 σε

2361 2923 2459 2976 ἐπὶ
2491 2922 2708 2988 ὕδατος
2729 2923 3094 2992 ἀντιλογίας.
3134 2923 3264 2976 Ὅτε
3300 2922 3530 2993 διψήσας
3572 2923 3600 2975 6
3630 2921 3760 2986 λαὸς
3785 2921 3937 2990 ἐλεγε

2361 3014 2496 3085 πρὸς
2548 3014 2753 3085 Μωσῆν
2770 3028 2785 3044 ο
2811 3014 2922 3082 Δὸς
2946 3014 3091 3084 ἡμῖν
3118 3013 3275 3081 ὕδωρ
3324 3014 3425 3067 ἵνα
3452 3014 3677 3083 πίωμεν
3694 3053 3709 3079 ,
3745 3013 3900 3083 ἔλεγε
3918 3028 3933 3044 ·

2367 3104 2428 3158 Τί
2456 3102 2827 3171 λοιδορεῖσθέ
2845 3120 2923 3172 με
2950 3103 3050 3156 καὶ
3082 3100 3378 3169 πειράζετε
3406 3103 3511 3156 τὸν
3545 3104 3799 3173 Κύριον;

2436 3195 2750 3260 Ἄκουσον,
2789 3194 2938 3261 λαός
2963 3211 3101 3263 μου.
3134 3194 3225 3264 Τῷ
3259 3192 3373 3263 λαῷ
3399 3192 3715 3264 παραίνεσιν
3758 3192 3936 3262 εἰσφέ-

708 3293 752 3339 ιι
779 3294 931 3339 curet
956 3299 1079 3340 esse
1107 3284 1417 3353 obsequens
1472 3283 1569 3337 illi.
1622 3281 1759 3336 Nam
1812 3280 1858 3335 si
1906 3280 2010 3334 hoc
2070 3277 2255 3338 faciat,

2364 3304 2444 3359 pet
2493 3286 2662 3356 λέγων
2692 3286 3131 3359 παρεσκευάσθαι
3171 3287 3406 3356 ἐπήκοον
3459 3285 3710 3354 γενέσθαι
3764 3284 3932 3357 αὐτῷ.

690 3390 1033 3446 nequaquam
1067 3375 1266 3429 serviet
1294 3374 1386 3428 alii
1422 3371 1569 3426 Deo:
1607 3386 1784 3440 neque
1813 3369 1915 3425 erit
1940 3368 2041 3439 ipsi
2076 3368 2259 3423 Domi-

690 3484 795 3522 nus
823 3468 875 3519 in
904 3465 1073 3520 Deum
1102 3472 1397 3519 recentem.
1441 3462 1561 3533 Ipse
1595 3478 1831 3532 namque
1876 3461 2076 3531 estqui
2129 3460 2256 3516 olim

691 3571 786 3609 eos
813 3569 877 3608 ex
915 3553 1148 3625 Egypto
1179 3554 1426 3609 redemit.
1463 3552 1642 3607 Dilata
1668 3569 1724 3607 os
1760 3563 1928 3617 tuum,
1958 3562 2003 3604 et
2037 3551 2258 3620 implebo

690 3644 849 3699 illud.
881 3643 1157 3699 Promittit
1184 3643 1613 3715 obsequentibus
1639 3641 1887 3696 carnales
1921 3648 1975 3694 et
2008 3639 2259 3709 spiritua-

690 3738 768 3793 les
809 3737 980 3793 cibos.

766 3917 959 3972 12-15.
993 3915 1062 3968 Et
1093 3930 1194 3968 non
1219 3913 1418 3967 audivit
1448 3911 1671 3981 populus
1694 3928 1835 3965 meus
1871 3927 2040 3965 vocem
2064 3926 2252 3973 meam,

693 4020 801 4064 etc.
836 4007 974 4075 Quia
1009 4023 1093 4062 me
1125 4007 1229 4061 hoc
1272 4005 1575 4076 pollicente,
1640 4004 1744 4074 ipsi
1788 4002 1940 4059 surdi
1999 4002 2253 4067 luerunt;

694 4100 814 4154 ideo
845 4098 1123 4169 repudiavi
1151 4112 1266 4160 eos.
1291 4097 1592 4165 dignasque
1615 4094 1683 4149 de
1710 4093 2044 4149 facinoribus
2067 4107 2255 4147 eorum

690 4204 883 4259 pasnas
913 4188 1144 4258 sumpsi.

766 4278 851 4334 16.
884 4277 1098 4331 Inimici
1135 4276 1346 4330 Domini
1378 4274 1585 4330 mentiti
1611 4284 1733 4328 sunt
1770 4275 1839 4341 ei,
1862 4282 1909 4327 et
1932 4274 2029 4328 erit
2058 4282 2255 4341 tempus

690 4386 870 4425 eorum
893 4369 946 4421 in
968 4366 1184 4422 iacula.
1217 4365 1381 4432 Quasi
1415 4367 1657 4436 apertius
1691 4364 1899 4420 diceret
1929 4382 1943 4418 :
1992 4362 2127 4429 Quia
2156 4376 2255 4430 po-

691 4463 854 4533 pulus
892 4461 1148 4515 mentitus
1178 4468 1260 4514 est
1296 4457 1551 4523 Domino,
1579 4459 1683 4512 erit
1712 4456 1759 4511 ei
1786 4464 2000 4524 tempus
2046 4452 2247 4523 suppli-

692 4551 784 4617 cii,
816 4551 866 4604 id
902 4558 984 4604 est
1011 4557 1223 4619 tempus
1250 4547 1419 4601 futuri
1451 4545 1659 4601 saeculi.

765 4730 854 4784 17.
886 4728 953 4781 Et
987 4728 1177 4781 cibavit
1213 4743 1298 4781 eos
1338 4742 1401 4780 ex
1423 4726 1576 4795 adipe
1604 4724 1875 4795 frumenti.
1925 4722 2024 4785 Illi,
2058 4723 2253 4792 inquit,

692 4819 901 4875 mentiti
934 4826 1063 4873 sunt
1093 4819 1142 4873 ei
1172 4834 1186 4885 ;
1228 4818 1340 4888 ipse
1376 4830 1528 4879 vero,
1571 4822 1759 4886 utpote
1801 4815 1998 4877 bonus,
2032 4812 2256 4883 replevit

694 4926 788 4965 eos
814 4908 1082 4980 spirituali
1114 4909 1271 4963 cibo:
1320 4908 1411 4977 qui
1463 4915 1547 4960 est
1599 4907 1713 4975 ipse
1758 4903 2044 4970 Dominus,
2101 4903 2254 4973 panis

696 5005 837 5057 vivus
861 5002 950 5070 qui
975 5001 1037 5053 de
1063 5002 1190 5054 caelo
1233 4999 1521 5061 descendit,
1572 5008 1623 5052 et
1652 4999 1746 5051 dat
1791 4998 1953 5051 vitam
1992 4996 2187 5049 mundo
2212 4995 2251 5048 ³.

696 5091 765 5146 Ει
790 5093 852 5146 de
883 5101 1031 5160 petra
1060 5089 1209 5143 melle
1255 5090 1512 5143 saturavit
1540 5105 1647 5142 eos.
1681 5086 1839 5142 Petra
1867 5096 1951 5142 est
1982 5086 2097 5157 ipse
2148 5084 2254 5139 Do-

613 5220 626 5241 .
694 5180 875 5233 minus
945 5196 961 5243 ;
994 5178 1257 5247 mel,ejus
1288 5178 1468 5231 divina
1495 5177 1733 5247 eloquia.
1766 5178 1854 5232 Ait
1882 5177 2068 5248 igitur,
2105 5176 2254 5246 quod

688 5285 786 5323 ens
821 5270 1025 5323 sanctis
1055 5268 1285 5337 eloquiis
1314 5269 1429 5322 suis
1464 5268 1767 5337 repleverit.

1046 5455 1381 5511 PSALMUS
1411 5458 1607 5524 Asapli.
1642 5456 1842 5511 LXXX

1290 5550 1689 5620 Argumentum.

690 5634 987 5709 Postquam
1011 5657 1063 5695 in
1082 5642 1405 5699 nmcedcnti
1429 5642 1639 5714 psalmo
1660 5642 1727 5697 de
1749 5644 1932 5713 p0puli
1954 5644 2255 5714 abjcctione

760 5837 782 5872 ¹
810 5838 982 5894 Exod.
1012 5858 1070 5907 ιι,
1101 5842 1190 5897 Ἡ.
1269 5844 1287 5874 ⁸
1313 5841 1484 5899 Exod.
1516 5859 1647 5909 xvn,
1679 5845 1731 5896 2.
1815 5846 2002 5900 'Joan.
2048 5862 2121 5912 vr,
2163 5848 2250 5901 56.

2359 3376 2468 3430 Kal
2500 3375 2629 3446 γὰρ,
2656 3378 2704 3429 εἰ
2751 3376 2909 3430 τοῦτο
2954 3377 3191 3449 ποιήσει,
3237 3376 3341 3429 οὐκ
3377 3375 3443 3430 ἂν
3489 3376 3661 3439 ἑτέρω
3707 3375 3935 3449 δουλεύῃ

2358 3467 2497 3538 Θεῷ,
2533 3468 2653 3522 οὐδὲ
2683 3468 2970 3540 γενήσεται
2996 3468 3142 3538 αὐτῷ
3168 3468 3329 3531 αὐτὸς
3372 3469 3400 3520 6
3434 3466 3637 3540 Κύριος
3673 3469 3755 3532 εἰς
3805 3468 3935 3522 Θεὸν

2360 3558 2688 3629 πρόσφατον.
2726 3559 2895 3621 Αὐτὸς
2927 3559 3034 3632 γάρ
3086 3560 3232 3611 ἐστιν
3278 3559 3307 3609 6
3339 3556 3431 3609 καὶ
3462 3558 3627 3611 πάλαι
3653 3558 3854 3622 αὐτοὺς
3879 3559 3934 3623 ἐξ

2357 3650 2630 3717 Αἰγύπτου
2652 3648 3085 3722 λυτρωσάμενος.
3118 3650 3437 3705 Πλάτυνον
3460 3649 3526 3703 τὸ
3563 3651 3762 3719 στόμα
3791 3665 3932 3712 σου,

2358 3740 2455 3794 καὶ
2483 3740 2777 3810 πληρώσω
2802 3744 2969 3798 αὑτό.
3010 3743 3382 3814 ’Υπισχνεῖται
3405 3744 3515 3805 τοῖς
3545 3740 3934 3813 πειθαρχοῦσιν

2357 3831 2508 3902 αὐτῷ
2535 3832 2630 3887 καὶ
2663 3832 2933 3904 σαρκικὰς
2963 3833 3167 3904 τροφὰς
3190 3836 3284 3887 καὶ
3317 3832 3715 3904 πνευματικάς.

2424 3920 2534 3976 Kal
2556 3924 2666 3976 οὐκ
2702 3921 2967 3991 ἤκουσεν
2993 3926 3025 3977 d
3058 3926 3206 3990 λαός
3238 3942 3357 3994 μου
3394 3922 3500 3993 τῆς
3541 3922 3752 3993 φωνῆς
3789 3942 3928 3993 μου.

2369 4013 2586 4085 Ἐπειδὴ
2614 4012 2787 4067 ταῦτα
2816 4016 2913 4085 μὲν
2936 4015 3251 4087 ὑπεσχόμην
3289 4016 3427 4084 ἐγὼ,
3453 4017 3605 4070 αὐτοὶ
3633 4014 3690 4069 δέ
3719 4015 3791 4069 τὰ
3823 4010 3933 4069 ὦτα

2356 4105 2700 4173 ἐκώφευσανο
2726 4104 2913 4159 τούτου
2947 4107 3105 4177 χάριν
3130 4106 3479 4178 ὰπεὸαλόμην
3521 4106 3741 4173 αὐτοὺς,
3768 4106 3925 4172 ἀξίαν

2356 4194 2465 4247 τῶν
2491 4194 2940 4266 ἐπιτηδευμάτων
2972 4197 3153 4260 αὐτοῖς
3181 4195 3279 4267 τὴν
3302 4197 3573 4268 τιμωρίαν
3599 4196 3798 4261 διδούς.

2424 4288 2487 4339 Ol
2512 4284 2711 4354 ἐχθροὶ
2736 4286 2958 4353 Κυρίου
2990 4286 3331 4354 ἐψεύσαντο
3368 4284 3559 4351 αὐτῷ,
3601 4287 3700 4341 καί
3761 4288 3935 4342 ἔσται

2356 4377 2390 4429 ό
2438 4374 2641 4442 καιρὸς
2661 4373 2859 4428 αὐτῶν
2888 4377 2976 4441 εἰς
3002 4374 3109 4428 τὸν
3154 4374 3356 4430 αἰῶνα.
3396 4375 3538 4428 Ὧσεὶ
3598 4375 3934 4449 σαφέστερον

2355 4465 2571 4533 ἔλεγεν·
2616 4465 2764 4518 Ἀντὶ
2811 4466 2901 4518 τοῦ
2930 4466 3231 4535 ψεύσασθαι
3286 4467 3364 4538 τῷ
3412 4467 3602 4538 Κυρίῳ
3652 4468 3747 4521 τὸν
3781 4468 3931 4532 λαὸν,

2357 4556 2510 4610 ἐσται
2567 4557 2751 4629 καιρὸς
2804 4558 2954 4629 αύτῷ
2994 4560 3292 4633 τιμωρίαςο
3331 4554 3483 4625 οὗτος
3520 4560 3578 4614 δέ
3608 4561 3758 4615 ἐστιν
3786 4563 3816 4615 6
3841 4561 3933 4617 τοῦ

2363 4648 2645 4719 μέλλοντος
2680 4647 2895 4713 αἰῶνος.

2430 4740 2539 4793 Καὶ
2566 4739 2869 4810 ἐψώμισεν
2893 4740 3115 4807 αὐτοὺς
3136 4742 3203 4795 ἐκ
3230 4743 3480 4810 στέατος
3523 4742 3738 4812 πυροῦ.
3769 4740 3934 4795 Αὐτοὶ

2366 4830 2482 4900 μὲν,
2513 4831 2697 4901 φησὶν,
2737 4830 3031 4901 ἐψεύσαντο
3083 4831 3259 4903 αὐτῷ·
3290 4834 3450 4898 αὐτὸς
3479 4834 3535 4887 δέ
3554 4874 3569 4898 ,
3597 4832 3691 4887 ἅτε
3731 4830 3934 4902 ἀγαθὸς

2364 4922 2645 4993 ὑπάρχων,
2679 4922 2972 4995 ἐνέπλησεν
2994 4926 3191 4990 αὐτοὺς
3221 4926 3415 4995 νοητῆς
3436 4924 3639 4997 τροφῆς
3660 4940 3676 4956 ’
3708 4923 3850 4995 αὕτη
3874 4922 3933 4977 δέ

2364 5013 2511 5065 ἐστιν
2540 5012 2700 5077 αὐτὸς
2724 5014 2752 5065 6
2779 5014 3003 5085 Κύριος,
3027 5020 3059 5070 ό
3084 5017 3261 5085 ἄρτος
3298 5018 3330 5071 ὁ
3364 5015 3492 5080 ζῶν,
3520 5018 3551 5070 ὁ
3578 5016 3647 5081 ἐξ
3668 5014 3932 5085 οὐρανοῦ

2363 5103 2641 5170 καταϐὰς,
2675 5103 2772 5156 καὶ
2806 5104 2957 5173 ζωὴν
2986 5106 3187 5174 διδοὺς
3214 5106 3294 5174 τῷ
3318 5109 3541 5178 κόσμῳ.
3596 5111 3706 5164 Καὶ
3732 5111 3803 5164 ἐκ
3830 5109 3933 5165 τέο

2361 5211 2502 5263 τρας
2529 5193 2669 5263 μέλι
2705 5196 3033 5264 ἐχόρτασεν
3068 5201 3306 5265 αὐτούς.
3346 5200 3530 5273 Πέτρα
3566 5202 3728 5266 αὐτὸς
3751 5204 3781 5256 6
3816 5202 3928 5256 Κύ-

2365 5302 2500 5357 ριος,
2541 5285 2663 5356 μέλι
2708 5286 2763 5339 δὲ
2803 5286 2873 5339 τὰ
2912 5287 3029 5343 θεῖα
3064 5290 3227 5345 αὑτοῦ
3252 5290 3425 5359 λόγια.
3460 5291 3621 5359 Λέγει
3662 5291 3818 5360 γοῦν.
3848 5294 3927 5347 δτι

2362 5377 2470 5429 τῶν
2497 5378 2657 5431 ὁσίων
2683 5378 2843 5431 αὐτοῦ
2868 5378 3062 5447 λογίων
3091 5382 3383 5453 ἐνέπλησεν
3413 5382 3628 5447 αὐτούς.

2741 5470 3043 5525 ΨΑΛΜΟΣ
3073 5471 3150 5537 τῷ
3190 5472 3390 5543 Ἀσάφ.
3419 5477 3542 5529 IIA'.

2985 5561 3306 5633 ’Υπόθεσις.

2364 5650 2474 5719 Τὴν
2500 5650 2767 5721 ἀποϐολὴν
2800 5651 2894 5704 τοῦ
2919 5652 3047 5705 λαοῦ
3070 5655 3126 5707 ἐν
3151 5653 3226 5723 τῷ
3260 5656 3364 5726 πρὸ
3388 5654 3553 5710 αὑτοῦ
3592 5654 3810 5726 ψαλμῶ,
3838 5651 3919 5710 ἐν·

2335 5849 2394 5903 ιι
2429 5849 2553 5905 Cor.
2588 5867 2640 5917 ι,
2675 5852 2720 5905 l.
