4108 6514
190 445 284 504 365

1235 427 1598 489 EXPOSITIO
1628 425 1694 482 IN
1728 425 2059 482 PSALMUM
2099 425 2355 482 LXXXII.

3297 413 3401 471 566

251 561 414 618 ταῦθα
450 558 548 613 καὶ
587 557 684 620 τὰς
714 553 890 617 αἰτίας
926 551 1255 622 σαφέστερον
1295 547 1561 610 ἐκδίδωσι,
1585 543 1650 597 δι’
1680 543 1746 605 ας

1922 543 2135 597 locutus
2161 553 2264 606 est,
2303 538 2390 593 hic
2418 551 2536 606 quae
2568 549 2746 590 causae
2777 533 2884 588 sint
2910 529 3051 601 quod
3080 544 3109 584 a
3162 527 3272 586 Deo
3313 531 3406 583 ab-

252 650 437 712 αὑτοὺς
469 649 498 701 ὁ
519 645 652 708 Θεὸς
676 643 998 698 ἀπεϐάλετο.

261 740 320 794 '0
360 737 504 804 Θεὸς
533 736 682 802 ἔστη
731 734 800 787 ἐν
839 729 1162 802 συναγωγῇ
1207 728 1377 786 θεῶν.
1431 727 1594 789 Θεοὺς
1624 725 1747 786 τοὺς

192 836 438 905 ἄρχοντας
462 829 573 883 τῶν
609 826 878 880 Ἰουδαίων
909 823 1156 887 ἐκάλεσε,
1190 824 1316 886 τοὺς
1340 821 1488 883 υἱοὺς
1518 815 1747 888 κληθέν-

1919 635 2096 701 jcctus
2125 633 2290 687 fuerit
2313 629 2514 686 clarius
2554 635 2812 680 recenset.

1916 727 1967 780 i.
2006 724 2144 779 Deus
2177 723 2320 778 stetit
2378 722 2431 774 in
2472 733 2736 790 synagoga
2789 716 3023 768 deorum.
3080 712 3219 767 Deos
3252 722 3409 766 vocat

1850 815 2119 885 principes
2145 812 2478 873 Iudaeorum,
2508 810 2600 879 qui
2625 808 2719 862 lilii
2744 805 2837 859 Dei
2862 804 3213 859 vocabantur.
3246 802 3410 857 Stetit

192 894 444 984 12.128206.
487 919 657 986 Ἔπη
681 912 772 969 οὖν
805 917 860 968 ὲν
886 914 1036 985 μέσῳ
1065 913 1242 967 αὐτῶν
1277 914 1306 966 ὁ
1352 910 1502 973 Θεὸς,
1533 910 1621 962 ὅτε
1651 907 1749 978 τὴν

1870 907 2013 978 gitur
2043 906 2094 960 in
2123 904 2299 958 medio
2330 917 2518 957 eorum
2571 899 2735 957 Deus.
2785 895 2838 950 in
2894 895 3119 949 salutari
3172 909 3273 949 suo
3309 894 3408 948 ad-

195 1013 441 1083 σωτήριον
471 1009 776 1082 παρουσίαν
809 1005 1124 1075 πεποίηται,
1171 1005 1320 1066 ὅπως
1365 1000 1614 1072 διακρίνῃ
1661 999 1752 1053 αὑ-

193 1105 323 1167 τοὺς,
351 1102 568 1171 ἔλεγχον
594 1099 704 1154 τῶν
727 1099 906 1160 αὐτοῖς
926 1095 1333 1167 πεπραγμένων
1367 1093 1558 1146 ποιῶν.

257 1195 402 1262 Ἕως
433 1194 580 1246 πότε
610 1192 840 1260 κρίνετε
869 1189 1144 1251 ἀδικίαν;
1169 1186 1280 1255 Τὴν
1307 1184 1519 1238 ἀδικίαν
1544 1183 1644 1254 τὴν
1666 1198 1752 1250 γι-

194 1286 409 1356 νοιιένην
439 1289 521 1348 εἰς
543 1283 634 1337 τὸν
660 1282 784 1335 λαὸν
817 1281 945 1351 παρ’
971 1277 1148 1333 αὐτῶν
1176 1279 1255 1340 είς
1287 1275 1451 1345 μέσον
1475 1276 1617 1342 ἄγει.

255 1451 730 1517 Σαλευθήτωσαν
763 1447 958 1501 πάντα
990 1447 1062 1500 τὰ
1094 1443 1336 1515 θεμέλια
1358 1441 1467 1513 τῆς
1499 1441 1630 1511 γῆς.
1655 1440 1754 1494 Θε-

198 1542 344 1613 μέλια
379 1541 479 1610 τῆς
503 1542 604 1612 γῆς
629 1541 754 1602 τοὺς
777 1539 1042 1610 ἄρχοντας
1074 1535 1166 1590 τοῦ
1205 1533 1398 1596 αἰῶνος
1429 1532 1616 1586 τούτου
1652 1547 1754 1600 φη-

197 1634 269 1686 σίν
291 1650 305 1664 °
338 1635 531 1696 οἵτινες
559 1631 654 1684 καὶ
686 1631 792 1701 πρό
815 1646 877 1698 γε
908 1629 1002 1681 τοῦ
1025 1627 1151 1680 λαοῦ
1186 1626 1292 1679 τῶν
1331 1623 1594 1678 Ἰουδαίων
1624 1621 1753 1674 ἔδω-

196 1743 284 1778 καν
307 1724 479 1796 δίκην,
508 1721 862 1793 ἐκϐληθέντες
881 1721 980 1791 τῆς
1002 1719 1120 1774 καθ’
1149 1717 1304 1790 ήμῶν
1333 1715 1644 1788 τυραννίδος
1666 1712 1755 1766 διὰ

194 1816 278 1869 τοῦ
297 1817 578 1888 λεχθέντος
602 1816 737 1887 πρὸς
765 1816 911 1886 ἡμᾶς
936 1813 1114 1880 λογίου
1142 1829 1155 1841 ·
1191 1809 1324 1866 Νῦν
1350 1812 1382 1863 0'
1411 1807 1610 1876 ἄρχων
1644 1804 1748 1858 τοῦ

1849 1006 2033 1058 ventu,
2069 1004 2128 1049 ut
2155 994 2428 1063 iudicaret
2474 1005 2590 1055 eos,
2644 986 2949 1042 facinorum
2985 999 3173 1039 eorum
3223 983 3411 1038 convi-

1850 1091 2082 1145 ctionem
2113 1086 2363 1142 aﬂ‘erens.

1915 1181 1970 1244 2,
2002 1180 2055 1231 '5.
2109 1175 2381 1247 Usquequo
2407 1173 2676 1243 ‘judicatis
2723 1169 3103 1240 iniquitatem?
3155 1175 3260 1221 etc.
3301 1163 3409 1219 Ini-

1851 1273 2134 1342 quitatem,
2170 1285 2275 1339 qua
2307 1281 2433 1338 erga
2463 1265 2724 1336 populum
2777 1264 2862 1317 usi
2907 1270 3054 1327 sunt,
3089 1265 3140 1316 in
3178 1263 3414 1316 medium

1855 1363 2093 1419 adducit.

1926 1456 2050 1522 5:7.
2088 1451 2400 1506 Moneantur
2424 1449 2602 1504 omnia
2635 1449 2975 1518 fundamenta
3005 1456 3172 1498 terrm.
3206 1443 3419 1498 Funda-

1855 1556 2035 1603 menta
2073 1556 2227 1600 terra:
2254 1542 2386 1597 dicit
2416 1541 2688 1611 principes
2721 1539 2903 1594 saeculi
2933 1537 3093 1606 hujus
3119 1575 3133 1600 ,
3165 1537 3257 1606 qui
3292 1543 3418 1589 ante

1854 1637 2166 1693 Iudaeorum
2200 1635 2458 1706 populum
2491 1648 2682 1703 pmnas
2727 1632 3016 1690 dederunt,
3058 1643 3088 1681 a
3141 1627 3420 1697 tyrannide

1858 1746 1965 1802 qua
2001 1745 2101 1784 nos
2149 1727 2526 1797 opprimebant
2575 1723 2809 1794 expulsi,
2859 1737 2954 1791 per
3002 1719 3134 1774 illud
3169 1719 3417 1773 dictum:

1876 1822 2031 1877 Nunc
2052 1822 2288 1889 princeps
2316 1817 2469 1886 hujus
2510 1804 2689 1870 mundi
2721 1814 2960 1881 ejicietur
2992 1811 3136 1880 foras
3159 1811 3199 1864 ⁸.
3237 1807 3422 1864 Exacti

197 1884 411 1979 κόσμου
439 1884 659 1963 τούτου
679 1884 1119 1975 ἐκϐξληθήσεται
1159 1904 1295 1968 ἔξω.
1360 1899 1756 1970 Ἐσαλεύθησαν

1865 1925 1987 1971 sunt
2021 1931 2049 1968 a
2093 1915 2213 1969 loco
2252 1927 2416 1983 quem
2442 1910 2591 1980 prius
2645 1908 3002 1978 occupabant.
3057 1908 3192 1962 Cum
3241 1907 3420 1977 itaque

197 2001 294 2072 γὰρ
323 1996 388 2072 ἧς
418 2000 587 2054 πάλαι
626 1999 756 2052 ποτὲ
783 1993 926 2069 εἶχον
954 1999 1214 2059 στάσεως.
1249 1995 1377 2047 "Are
1416 1993 1478 2062 δὴ
1509 1992 1584 2055 ὼς
1609 1989 1759 2061 πρω-

198 2110 294 2145 των
318 2092 498 2145 αὐτῶν
528 2091 984 2163 καταργηθέντων
1025 2089 1111 2142 διὰ
1148 2086 1241 2140 τοῦ
1295 2083 1527 2156 σταυροῦ
1555 2080 1720 2136 αὑτοῦ
1740 2122 1754 2147 ,

199 2181 304 2238 εἶτα
330 2185 427 2256 τῆς
454 2183 686 2254 ἐκϐολῆς
723 2181 1018 2253 γενομένης
1042 2179 1136 2233 τοῦ
1174 2176 1390 2248 Ἰσραὴλ
1419 2174 1556 2246 μετά
1580 2173 1641 2226 τὸ
1669 2191 1761 2243 κη-

201 2278 448 2350 ρυχθῆναι
477 2278 557 2340 είς
587 2275 765 2330 πάντα
798 2275 866 2328 τὰ
899 2274 1026 2344 ἔθνη
1065 2273 1125 2324 τὸ
1151 2268 1500 2338 Εὑαγγέλιον,
1556 2265 1762 2335 ἐπήγα-

199 2383 284 2434 γεν
307 2384 320 2399 ι
359 2367 507 2438 Ἐγὼ
537 2362 676 2420 εἶπα
697 2382 710 2395 ·
742 2365 874 2420 Θεοί
900 2365 1060 2418 ἐστε.
1106 2359 1292 2428 Ὑμεῖς
1327 2357 1395 2410 δὲ
1425 2357 1507 2422 ὡς
1542 2354 1762 2422 ἅνθρω-

200 2471 289 2510 ποι
313 2456 728 2526 ἀποθνήσκετε
745 2473 758 2486 ⁸
788 2457 1031 2508 πίπτετε
1074 2451 1142 2504 δὲ
1183 2451 1280 2503 καὶ
1303 2449 1382 2514 ὠς
1409 2444 1497 2512 εἷς
1518 2445 1637 2499 τῶν
1663 2443 1764 2512 dp-

201 2552 436 2617 χόντων.
479 2551 590 2604 Καὶ
613 2549 781 2602 ποίων
805 2548 1099 2618 ἀρχόντων,
1131 2545 1164 2616 ἢ
1193 2538 1267 2597 ὧν
1328 2539 1510 2613 μικρῷ
1571 2538 1765 2610 πρό-εει

204 2658 286 2712 ρον
316 2641 549 2712 ἐδήλωσε
569 2640 655 2694 διὰ
681 2640 787 2693 τῶν
806 2637 1181 2708 σαλευομένων
1209 2634 1473 2705 θεμελίων
1495 2631 1596 2702 τῆς
1621 2629 1724 2699 γῆς
1747 2645 1763 2694 3

490 2731 630 2802 ᾯδὴ
679 2733 993 2786 “arnor
1018 2729 1096 2795 τῷ
1119 2726 1322 2798 Ἀσάφ.
1346 2724 1483 2780 113'.

823 2824 1147 2887 ’Υπόθεσις.

206 2917 365 2988 Εὺχὴν
397 2916 633 2971 ἐνταῦθα
662 2915 927 2970 ἀνατείνει
959 2914 1094 2984 πρὸς
1127 2911 1279 2974 Θεὸν,
1313 2910 1414 2981 τῆς
1446 2900 1767 2972 ἀλαζονείας

265 3010 422 3074 ἀξιῶν
455 3009 528 3062 τὰ
558 3007 684 3078 ἔθνη
718 3004 1138 3078 τιμωρήσασθαι
1190 3003 1260 3056 τὰ
1302 3002 1410 3054 τῶν
1471 2999 1767 3069 Ἀσσυρίων

272 3101 346 3162 εἰς
367 3100 456 3151 τὸν
486 3097 630 3152 κατά
659 3097 758 3168 τῆς
792 3096 1150 3169 Ἰερουσαλὴμ
1182 3091 1581 3164 συμπράξαντα
1606 3088 1765 3142 πόλε-

310 3209 384 3245 ον.
413 3184 576 3244 Οὗτοι
603 3190 660 3244 δὲ
683 3186 822 3262 ἦσαν
846 3191 894 3242 oi
925 3187 1053 3258 ἑξῆς
1082 3189 1138 3239 ἐν
1166 3184 1244 3257 τῷ
1271 3183 1473 3255 ψαλμῷ
1502 3180 1765 3253 δηλούμε-
1793 3210 1838 3274 C

297 3301 365 3340 ΟΕ.

298 3379 338 3428 0
372 3374 540 3441 Θεὸς,
578 3372 670 3438 τίς
713 3368 1141 3440 ὁμοιωθήσεται
1182 3381 1322 3426 σοις
1360 3361 1446 3433 μὴ
1505 3360 1768 3431 σιγήσῃς

201 3466 344 3537 μηδὲ
376 3466 824 3535 καταπραΰνῃς,
857 3466 888 3517 ό
918 3461 1081 3527 Θεός.
1109 3460 1199 3512 Σοὶ
1232 3457 1350 3530 μὲν,
1379 3455 1562 3526 φησιν,
1597 3453 1769 3516 οὐδεὶς

207 3560 345 3613 ἔσται
392 3560 615 3630 ὅμοιος,
682 3555 1058 3627 ἀμνησίκακος
1110 3551 1205 3606 καὶ
1259 3546 1625 3622 μακροθυμῶν
1680 3547 1772 3599 ἐπὶ

207 3656 316 3716 ταῖς
343 3654 580 3716 ἀδικίαις
601 3667 616 3681 ⁸
647 3649 757 3719 ὲγὼ
785 3649 840 3703 δὲ
870 3647 1099 3719 εὔχομαι
1143 3644 1219 3717 μὴ
1267 3643 1489 3713 σιγῆσαι
1519 3641 1610 3694 ἐπὶ
1653 3640 1773 3701 ταῖς

211 3746 319 3798 καθ’
351 3746 508 3816 ήμῶν
559 3742 712 3815 παρά
760 3740 866 3796 τῶν
930 3737 1138 3810 ἐχθρῶν
1190 3735 1512 3805 γενομέναις
1564 3730 1772 3792 ἀδίκοις

210 3836 425 3906 ιφὸδοις.

274 3929 396 3983 Ὀτι
427 3927 560 3983 ιδοὺ
589 3930 641 3981 οἱ
673 3924 874 3995 ἐχθροί
905 3935 1022 3976 σου
1064 3919 1332 3989 ἤχησαν.
1389 3914 1769 3981 Ἐξάκουστος,

210 4022 380 4092 φησὶν,
419 4024 452 4094 ἡ
477 4020 600 4074 καθ’
629 4021 661 4090 ἡ
671 4018 785 4090 μῶν
819 4016 946 4087 παρ’
969 4013 1147 4068 αὐτῶν
1177 4011 1361 4065 ἀδικία
1388 4009 1699 4078 γεγένηται.

289 4117 699 4187 Ἐτενήθησαν
743 4115 824 4177 εἰς
860 4109 1194 4175 ἀντίληψιν
1243 4104 1368 4169 τοῖς
1416 4101 1568 4166 υἱοῖς
1623 4099 1770 4152 Λώτ.

222 4205 616 4267 Ἀντελάϐοντο,
641 4202 792 4272 φησὶ,
819 4201 912 4254 καὶ
945 4198 1390 4268 συνεμαχήσαντο
1421 4195 1500 4254 είς
1529 4191 1620 4243 τὸν
1651 4188 1772 4242 καθ’

212 4299 357 4371 ἡμῶν
378 4299 613 4370 πόλεμον
631 4297 679 4349 οἱ
706 4291 1142 4366 προδηλωθέντες
1169 4290 1281 4351 τοῖς
1311 4287 1446 4348 υἱοῖς
1476 4282 1619 4337 Λώτ.
1657 4280 1776 4333 Υἱοὶ

211 4391 263 4447 δὲ
287 4392 403 4447 Λὼτ
435 4390 724 4446 Μωαϐῖται
753 4385 846 4440 καὶ
879 4385 1228 4454 Ἀμμανῖται.
1289 4375 1568 4430 Ἐντεῦθεν
1595 4373 1651 4426 δὲ
1687 4389 1775 4439 γι-

257 4485 502 4532 ἱισκοαεν-
540 4484 621 4532 ὅτι
660 4475 1087 4532 προσκαλοῦνται
1118 4469 1380 4532 ἀλλήλους
1427 4468 1475 4520 οἱ
1522 4464 1774 4532 δαίμονες

214 4667 339 4742 λήθῃ
369 4642 705 4740 παραδοῦναι
734 4661 824 4714 τὸν
866 4655 1297 4729 πολυθρύλλητον
1355 4647 1591 4720 Ἰσραήλ.
1638 4642 1772 4699 Εἶτα

217 4738 489 4830 καταλέγει
516 4755 766 4828 ὁμόρους,
793 4753 881 4823 ὑφ’
913 4745 987 4804 ὧν
1014 4745 1406 4818 συγκληθέντες
1430 4743 1523 4796 καὶ
1550 4742 1598 4793 οἱ
1623 4738 1769 4793 ἄλλοι

218 4852 483 4923 συνῆλθον.

279 4921 543 5012 Ποίησον
573 4937 776 5004 αὐτοῖς
814 4937 893 5002 ὡς
933 4931 1006 5000 τῆ
1032 4930 1262 4999 Μαδιὰμ
1285 4927 1380 4980 καὶ
1416 4923 1495 4990 τῷ
1522 4921 1767 4989 Σισάρα.

219 5034 413 5106 Ὥσπερ
451 5032 586 5088 ποτὲ
614 5027 838 5098 Μαδιὲῳ.
860 5025 953 5079 καὶ
984 5026 1013 5076 ὁ
1032 5021 1258 5091 Σισάρα,
1288 5018 1367 5070 ἔτι
1399 5032 1457 5068 τε
1487 5014 1581 5068 καὶ
1605 5015 1633 5065 ὁ
1669 5013 1774 5064 Ἰα-

219 5126 320 5179 ϐεὶν
340 5104 734 5191 ἐξαναστάντες
755 5117 897 5172 κατά
919 5113 1012 5168 τοῦ
1041 5108 1254 5182 Ἰσραὴλ
1283 5104 1774 5176 ὲξωλοθρεύθησαν,

218 5220 378 5290 οἱμὲν
401 5220 458 5272 ὲν
490 5213 572 5285 τῷ
617 5212 901 5284 χειμάρρῳ
940 5203 1180 5266 Κισσὼν,
1216 5203 1264 5255 oi
1313 5201 1370 5253 δὲ
1407 5201 1464 5250 ἐν
1503 5193 1736 5264 Ἀενδώρ
1762 5207 1775 5222 ”

218 5285 300 5363 τὸν
331 5311 492 5365 αὑτὸν
532 5306 730 5378 τρόπον
763 5305 857 5358 καὶ
891 5303 939 5355 οἱ
990 5299 1298 5370 ἐπιθέμενοι
1336 5295 1468 5364 ἡμῖν
1514 5287 1652 5360 μετά
1684 5285 1777 5339 τοῦ

232 5403 470 5476 Ἄσσουρ,
497 5400 598 5470 τῆς
627 5395 816 5466 ὁμοίας
843 5392 1109 5464 τιμωρίας
1157 5387 1391 5458 τύχοιεν.
1425 5381 1628 5450 Σισάρα
1682 5378 1779 5447 μὲν

222 5493 390 5563 ἄρχων
415 5469 520 5562 τῆς
557 5469 872 5555 δυνάμεως,
915 5481 1106 5535 Ἰαδεὶν
1147 5479 1202 5532 δὲ
1256 5473 1506 5547 βασιλεὺς
1536 5469 1773 5524 Χαναάν.

225 5560 548 5653 Τροποῠνται
585 5581 641 5631 ὲν
675 5575 752 5646 τῷ
782 5575 1068 5645 χειμάρρῳ
1100 5567 1312 5622 Κισσὼν
1343 5569 1398 5620 ἐν
1420 5560 1776 5631 τοῖςιὶριταῖς

227 5651 279 5725 ὲν
305 5675 442 5743 χειρὶ
471 5668 700 5741 Βαραέα
727 5666 821 5720 καὶ
850 5664 1090 5731 Δεὸόρρα
1121 5657 1376 5729 γυναικὸς
1426 5651 1662 5726 Ἰσραήλ.

265 5860 453 5917 'Joan.
491 5875 592 5924 xu,
628 5856 718 5910 δι.
798 5847 1017 5903 ‘Judic.
1060 5862 1129 5912 iv,
1161 5841 1246 5896 ll.

1858 2010 2012 2080 prius
2041 2009 2118 2062 illi
2151 2004 2453 2074 compressi
2491 2001 2723 2056 fuissent
2762 2015 2859 2070 per
2891 2014 3105 2055 crucem
3157 1997 3275 2068 ejus
3300 2036 3316 2062 ,
3357 2012 3422 2052 ac

1859 2098 2055 2153 deinde
2105 2096 2350 2165 abjectus
2402 2094 2473 2147 sit
2526 2090 2690 2146 lsrael
2738 2098 3026 2160 postquam
3067 2088 3416 2158 Evangelium

1861 2206 1956 2260 per
1982 2197 2150 2243 totam
2179 2197 2377 2242 terram
2418 2184 2768 2254 prmdicatum
2802 2180 2924 2247 fuit,
2963 2179 3279 2249 subiunxit:
3309 2177 3420 2246 Ego

1861 2281 2010 2334 dixi:
2051 2279 2138 2333 Dii
2166 2279 2309 2333 estis.
2339 2275 2439 2329 Vos
2463 2285 2639 2328 autem
2672 2275 2808 2327 sicut
2837 2271 3071 2324 homines
3104 2271 3421 2332 moriemini,

1861 2382 1910 2426 et
1945 2373 2081 2426 sicut
2113 2389 2248 2426 unus
2275 2373 2337 2424 dc
2361 2368 2684 2440 principibus
2709 2365 2930 2422 cadetis.
2961 2365 3025 2420 Et
3048 2365 3248 2434 quibus
3277 2361 3424 2433 prin-

1864 2466 2095 2535 cipibus,
2141 2464 2244 2518 nisi
2296 2464 2364 2516 iis
2398 2477 2537 2531 quos
2586 2460 2747 2530 paulo
2790 2469 2917 2513 ante
2975 2453 3298 2527 signiﬁcavit
3328 2466 3425 2525 per

1864 2567 2137 2613 commota
2167 2555 2516 2610 fundamenta
2551 2565 2706 2608 terrae

2035 2711 2085 2763 1.
2125 2707 2401 2764 Canticum
2435 2703 2714 2760 ΡδΑιΜι
2743 2704 2941 2773 Asaph.
2970 2698 3262 2755 LXXXII.

2447 2800 2846 2869 Argumentum.

1866 2894 2242 2950 Precationem
2273 2892 2364 2947 hic
2412 2890 2640 2946 effundit
2676 2889 2742 2944 ad
2792 2888 2983 2953 Deum,
3034 2901 3230 2957 rogans
3260 2892 3321 2940 ut
3363 2884 3430 2938 de

1943 2986 2256 3059 arrogantia
2300 2984 2564 3055 gentium,
2616 2996 2739 3052 quae
2784 2996 2910 3035 cum
2959 2980 3197 3049 Assyriis
3228 2976 3428 3032 bellum

1941 3088 2221 3150 gesserant
2275 3076 2538 3131 adversus
2592 3070 2928 3138 Jerusalem,
2981 3078 3162 3124 sumat
3217 3081 3428 3137 pmnas.

1943 3171 2034 3226 Hae
2063 3179 2246 3225 autem
2282 3175 2469 3239 gentes
2510 3163 2740 3220 inferius
2769 3165 2822 3217 in
2858 3161 3069 3232 psalmo
3102 3158 3429 3215 indicantur.

1938 3349 1991 3402 2.
2024 3349 2184 3411 Deus,
2221 3347 2337 3417 quis
2365 3343 2555 3398 similis
2587 3344 2688 3396 erit
2737 3341 2871 3394 tibi?
2919 3355 2991 3408 pne
3049 3349 3222 3391 taceas
3274 3351 3436 3406 neque

1870 3439 2241 3509 compescaris,
2270 3438 2427 3492 Deus.
2461 3434 2653 3500 Nemo,
2689 3433 2885 3504 inquit,
2920 3428 3018 3486 tibi
3070 3429 3264 3485 similis
3308 3427 3432 3488 erit,

1873 3533 2160 3587 immemor
2185 3529 2436 3585 videlicet
2470 3526 2818 3596 iniuriarum,
2846 3533 2901 3577 et
2944 3520 3318 3591 aequanimiter
3353 3529 3436 3572 to-

1873 3623 2054 3680 lerans
2074 3621 2412 3692 iniquitates.
2437 3617 2550 3689 Ego
2577 3627 2760 3672 autem
2787 3628 2982 3684 precor
3015 3623 3076 3667 ut
3118 3626 3226 3665 non
3256 3619 3435 3665 taceas

1873 3729 2036 3783 super
2100 3711 2306 3780 iniquis
2356 3708 2768 3764 incursionibus
2821 3705 3191 3768 inimicorum,
3238 3701 3437 3771 quibus

1875 3818 1974 3858 nos
2004 3800 2347 3856 adoriuntur.

1945 3895 1998 3948 3.
2036 3892 2298 3958 Quoniam
2327 3906 2442 3945 ecce
2464 3889 2666 3943 inimici
2693 3887 2769 3941 tui
2791 3894 3098 3940 sonuerunt.
3133 3884 3432 3947 Publicata,

1875 3986 2073 4055 inquit,
2108 3983 2212 4038 fuit
2237 3997 2427 4037 eorum
2457 3981 2746 4035 adversum
2779 3992 2879 4032 nos
2909 3976 3188 4046 iniquitas.

1947 4081 1999 4135 9.
2034 4077 2191 4132 Facti
2219 4086 2339 4129 sunt
2373 4075 2429 4126 in
2456 4072 2784 4141 adjutorium
2811 4071 2939 4138 ﬁliis
2973 4068 3092 4122 Lat.
3142 4067 3244 4134 Qui
3280 4082 3439 4136 supe-

1877 4172 1992 4225 rius
2027 4167 2312 4223 memorati
2353 4172 2479 4220 sunt
2522 4161 2787 4216 auxilium
2827 4169 2882 4213 et
2932 4174 3088 4228 opem
3140 4159 3437 4212 attulerunt

1878 4265 2004 4319 liliis
2036 4261 2156 4315 Lot.
2199 4260 2320 4314 Filii
2345 4267 2524 4314 autem
2561 4255 2660 4310 Lot
2693 4262 2820 4309 sunt
2847 4252 3093 4307 Moabitae.
3135 4263 3186 4306 ct
3215 4252 3441 4307 Ammo-

1878 4357 2022 4408 niue.
2079 4352 2216 4406 Hinc
2279 4360 2459 4404 autem
2511 4347 2936 4418 cognoscimus,
2993 4345 3266 4399 daemones
3321 4357 3441 4397 sese

1879 4455 2071 4501 mutuo
2101 4455 2398 4513 provocare
2424 4440 2489 4494 ad
2527 4438 2820 4506 perniciem
2851 4436 3066 4501 animai,
3098 4445 3158 4487 ut
3191 4449 3290 4487 nos
3316 4433 3439 4486 fun-

1753 4524 1774 4606 ἱ
1805 4549 1850 4604 D
1878 4541 2026 4597 ditus
2050 4535 2296 4606 perdant,
2332 4540 2388 4587 ct
2421 4530 2689 4585 famosum
2723 4529 2875 4581 illum
2920 4525 3174 4582 lsraelem
3221 4525 3274 4578 in
3305 4524 3442 4577 obii-

1877 4633 2095 4686 vionem
2127 4627 2350 4682 ducant.
2387 4620 2592 4677 Deinde
2623 4619 2880 4674 ﬁnitimos
2910 4627 3212 4682 enumerat,
3261 4632 3289 4669 a
3320 4617 3442 4684 qui-

1877 4724 1980 4778 bus
2010 4719 2217 4776 evocati
2247 4717 2337 4771 alii
2365 4720 2754 4770 convenerunt.

1955 4901 2042 4956 i0.
2076 4899 2185 4954 Fac
2214 4898 2322 4952 illis
2356 4896 2491 4952 sicut
2532 4892 2755 4947 Madian
2777 4900 2824 4944 et
2860 4887 3079 4951 Sisara,
3126 4895 3231 4941 etc.
3287 4883 3436 4939 Sicut

1878 4999 2006 5053 olim
2040 4994 2273 5053 Mallian,
2305 4989 2488 5043 Sisara
2519 4995 2572 5041 et
2590 4983 2746 5039 Jabin
2777 4983 3117 5050 insurgentes
3144 4989 3330 5032 contra
3359 4976 3439 5034 ls-

1878 5091 2076 5146 raelem
2122 5084 2509 5155 disperierunt,
2564 5078 2656 5133 alii
2710 5078 2763 5130 in
2818 5083 3056 5129 torrente
3091 5071 3308 5134 Cisson,
3347 5068 3440 5122 alii

1882 5183 1934 5236 in
1967 5179 2186 5242 Endor;
2218 5175 2408 5230 eodem
2445 5171 2608 5226 modo
2655 5169 2747 5238 qui
2812 5181 2936 5222 cum
2979 5165 3151 5218 Assur
3198 5177 3297 5215 nos
3339 5159 3438 5213 ad-

1881 5273 2132 5328 oriuntur
2161 5267 2377 5323 easdem
2406 5278 2595 5333 pinnas
2629 5261 2800 5315 luant.
2841 5255 3022 5311 Sisara
3041 5253 3150 5307 dux
3170 5252 3442 5307 exercitus

1882 5377 1998 5419 erat
2026 5380 2041 5428 ;
2070 5361 2228 5416 Jabin
2257 5368 2438 5414 autem
2471 5372 2564 5410 rex
2585 5353 2868 5408 Chanaan.
2900 5348 3003 5414 Qui
3033 5347 3087 5401 in
3121 5346 3298 5415 fugam
3329 5359 3445 5397 ver-

1885 5466 2073 5512 tuntur
2134 5455 2190 5510 in
2245 5458 2484 5507 torrente
2526 5446 2745 5508 Cisson,
2797 5442 2864 5498 de
2923 5455 3030 5511 qua
3087 5453 3145 5493 re
3196 5437 3248 5490 in
3306 5435 3441 5490 libro

1881 5549 2153 5614 Judicum,
2207 5560 2370 5601 manu
2421 5542 2592 5599 Barac
2620 5546 2673 5595 et
2724 5534 2945 5592 Debora:
2998 5529 3241 5588 mulieris
3271 5526 3450 5586 Israc-

1885 5648 1990 5702 lite
2013 5644 2043 5696 ‘.
