4108 6492
697 413 799 467 367

755 528 852 582 M.
882 524 1240 597 Disperierunt
1270 527 1324 579 in
1351 525 1550 581 Endor.
1584 526 1641 580 In
1677 526 1948 581 indecenti
1978 527 2115 582 loco.
2148 527 2245 580 En-
2284 533 2327 588 Α

694 621 793 674 dor
843 619 988 674 enim
1051 620 1397 672 indecentiam
1474 619 1766 691 signillcat.
1814 618 1971 673 Facti
2015 630 2138 674 sunt
2197 630 2252 672 ut

693 721 892 763 stercus
922 719 1093 763 terrw.
1115 707 1374 778 lnsepulti
1397 710 1540 764 enim
1563 711 1804 780 jacentes
1830 711 2076 766 dissoluti
2102 719 2251 776 sunt,

694 807 746 854 et
772 801 927 868 quasi
960 809 1192 863 stercus,
1228 808 1386 855 teri-aa
1420 802 1661 856 admisti.

765 892 850 946 12.
890 891 1030 945 Pone
1060 893 1316 960 principes
1342 909 1523 946 eorum
1552 894 1689 946 sicut
1719 890 1876 947 Oreb.
1922 891 2082 946 Paria
2122 892 2250 946 ldu-

695 985 867 1051 mais,
895 984 1199 1049 lsmaelitis,
1229 985 1501 1049 Moabitis,
1545 988 1808 1055 Agarenis
1848 999 1900 1042 et
1936 989 2250 1042 memoratis

692 1091 880 1131 eorum
911 1078 1071 1131 sociis
1098 1079 1326 1132 immitte
1358 1082 1498 1132 mala
1535 1080 1588 1132 in
1636 1079 1779 1133 Oreb
1809 1088 1862 1133 et
1901 1080 1954 1132 in
1989 1079 2245 1149 reliquos.

694 1169 800 1238 Ipsi
820 1170 962 1226 enim
992 1172 1118 1225 mali
1153 1172 1290 1225 male
1322 1172 1617 1240 perierunt.

766 1349 944 1403 “~16.
980 1350 1116 1403 Deus
1143 1364 1305 1415 meus,
1335 1364 1464 1417 pone
1491 1348 1608 1401 illos
1641 1358 1697 1401 ut
1729 1357 1921 1403 rotam.
1956 1347 2011 1402 ld
2050 1357 2153 1411 est,
2182 1363 2248 1402 ne

688 1456 945 1497 maneant
984 1443 1036 1496 in
1070 1441 1260 1497 eodem
1292 1451 1461 1504 statu,
1500 1441 1594 1496 sed
1623 1442 1676 1495 in
1706 1440 2038 1496 contrarium
2070 1440 2247 1495 revol-

686 1543 902 1587 vantur.
943 1531 1089 1587 Sicut
1141 1532 1394 1601 stipulam
1441 1543 1564 1586 ante
1611 1533 1800 1602 [aciem
1854 1533 2014 1598 venti,
2067 1532 2117 1586 id
2166 1540 2249 1587 est

684 1629 968 1683 versatiles
996 1627 1143 1690 fient,
1183 1635 1245 1680 ut
1286 1635 1370 1681 est
1407 1642 1587 1681 revera
1632 1627 1830 1696 stipula
1867 1627 2051 1695 spicae.
2097 1625 2248 1680 Sicut

685 1722 821 1792 ignis
868 1721 959 1791 qui
1007 1721 1264 1775 comburit
1311 1720 1518 1775 silvam.
1564 1719 1860 1784 Fruantur,
1900 1720 2096 1790 inquit,
2125 1719 2246 1788 igne

684 1829 846 1883 quem
878 1814 980 1882 ipsi
1009 1813 1394 1878 accenderunt,
1440 1822 1602 1882 atque
1631 1813 1749 1882 ipse
1802 1812 1942 1882 ignis
1970 1826 2065 1867 eos
2114 1826 2243 1866 con-

684 1913 886 1967 sumat,
915 1905 1057 1959 sicut
1096 1914 1149 1958 et
1197 1904 1470 1959 sensibilis
1519 1905 1660 1973 ignis
1708 1903 1978 1958 comburit
2030 1903 2244 1958 silvam.

685 1999 873 2054 Simile
902 2006 986 2054 est
1011 2007 1191 2053 autem
1223 1999 1351 2053 huic
1381 2000 1564 2053 dicto:
1595 1999 1727 2053 Ecce
1758 2016 1843 2053 vos
1868 2017 2044 2053 omnes
2076 2000 2246 2069 ignem

683 2093 990 2156 nccenditis,
1035 2093 1166 2145 eatis
1223 2091 1291 2144 ad
1336 2091 1508 2146 lumen
1541 2093 1675 2162 ignis
1716 2094 1898 2154 vestri,
1930 2098 1979 2147 et
2016 2093 2246 2160 ﬂamma:

682 2201 840 2253 quam
863 2185 1175 2238 accendistis
1196 2185 1238 2237 ".
1267 2182 1414 2239 Sicut
1449 2186 1667 2253 ﬂamma
1691 2185 1994 2238 comburens
2023 2195 2241 2238 montes.

683 2278 1032 2334 Parabolicus
1081 2285 1163 2332 est
1212 2292 1415 2331 sermo.
1472 2275 1975 2342 Quemadmodum,
2023 2275 2243 2345 inquit,

683 2369 825 2438 ignis
859 2369 1114 2424 decidens
1146 2367 1422 2422 comburit
1450 2381 1662 2424 montes
1686 2410 1700 2434 ,
1733 2369 1808 2424 ita
1854 2369 2245 2424 comburentur

681 2463 757 2516 illi
794 2477 890 2532 per
915 2462 1238 2531 supplicium
1276 2476 1305 2514 a
1357 2469 1406 2514 te
1438 2460 1722 2523 inﬂictum,
1770 2462 1916 2531 quod
1959 2461 2030 2516 ob
2079 2463 2246 2517 velte-

682 2555 942 2610 mentiam
967 2564 1020 2609 et
1053 2555 1374 2626 gravitatem
1408 2553 1714 2623 tempestati
1738 2554 2091 2623 comparavit.

755 2709 839 2764 17.
877 2708 1046 2778 Imple
1103 2708 1264 2776 facies
1321 2723 1499 2761 eorum
1535 2705 1845 2776 ignominia.
1893 2705 2053 2775 Lapsi
2097 2707 2240 2760 enim

681 2801 884 2870 optatis
911 2803 1048 2867 suis,
1075 2808 1128 2852 et
1155 2799 1362 2868 pudore
1389 2797 1599 2866 repleti,
1631 2806 1928 2866 agnoscent
1969 2807 2115 2852 tuam
2145 2813 2242 2868 po-

681 2902 951 2948 testatem.
984 2891 1052 2945 Et
1082 2898 1315 2962 quierant
1348 2905 1533 2942 nomen
1574 2898 1743 2952 tuum,
1785 2888 2028 2943 Domine.
2060 2889 2112 2943 Id
2143 2889 2239 2952 ait,

679 2985 806 3054 quia
831 3000 896 3039 ex
925 2983 1065 3038 datis
1107 2981 1280 3052 pmnis
1317 2981 1606 3035 utilitatem
1649 2979 1956 3047 percepturi
1998 2987 2144 3035 sunt.
2174 2978 2242 3032 ll-

679 3076 792 3142 lud,
824 3084 1081 3147 quarent,
1113 3074 1350 3143 positum
1380 3079 1463 3127 est
1491 3085 1611 3141 pro,
1644 3079 1994 3141 cognoscent.

859 3250 903 3305 1.
942 3249 1006 3304 In
1041 3250 1216 3318 ﬁnem,
1243 3264 1337 3317 pro
1365 3247 1741 3312 torcularibus,
1765 3247 1893 3316 ﬁliis
1917 3247 2069 3314 Core,

1122 3338 1458 3396 PSALMUS
1487 3339 1819 3395 LXXXIII.

1251 3433 1645 3501 Argumentum.

681 3525 913 3580 Rursum
946 3537 1046 3594 pro
1077 3520 1332 3577 Ecclesiis
1365 3522 1417 3575 in
1449 3521 1553 3576 hoc
1600 3521 1811 3591 psalmo
1862 3522 2026 3576 verba
2077 3520 2235 3582 iacit.

746 3627 801 3670 et
849 3614 1026 3685 palam
1058 3621 1142 3666 est
1171 3627 1235 3666 ex
1285 3626 1351 3664 eo
1399 3609 1547 3679 quod
1593 3624 1693 3679 pro
1740 3609 2102 3664 torcularibus
2153 3609 2236 3662 in-

749 3709 1040 3763 scribatur.

748 3802 802 3868 9.,
835 3802 886 3855 ’5.
922 3800 1094 3865 Quam
1127 3799 1319 3851 dilecta
1351 3795 1692 3850 tabernacula
1733 3805 1844 3857 tua,
1873 3793 2092 3848 Domine
2133 3796 2238 3848 vir-

677 3899 866 3947 tutum.
912 3889 1286 3946 Tabernacula
1331 3888 1466 3942 dicit
1525 3895 1744 3942 sanctas
1793 3887 2052 3941 ecclesias
2107 3885 2236 3948 Dei,

679 4001 772 4055 per
797 3985 1009 4038 diversa
1038 3983 1156 4035 loca
1184 3989 1546 4042 constructas.
1577 3994 1703 4049 erga
1738 3994 1875 4049 quas
1924 3980 2103 4034 studio
2133 3977 2238 4033 fer-

675 4089 765 4132 tur
793 4075 1040 4146 religiosa
1072 4074 1272 4128 anima.
1303 4073 1408 4129 Cor
1435 4090 1604 4127 meum
1626 4083 1674 4126 et
1702 4089 1824 4126 caro
1860 4089 1972 4126 mea
1998 4071 2235 4126 exsulta-

675 4169 932 4224 veruntin
967 4167 1132 4222 Deum
1164 4168 1355 4221 vivum.
1391 4166 1622 4221 Perinde
1669 4173 1752 4219 est
1802 4180 1868 4219 ac
1911 4165 1956 4219 si
1994 4165 2232 4220 diceret:

675 4262 740 4317 Et
772 4275 998 4331 corpore
1026 4267 1079 4313 et
1105 4259 1286 4312 anima
1321 4273 1407 4312 me
1435 4258 1607 4312 obtuli
1648 4256 1714 4310 ad
1743 4256 2087 4310 serviendum
2127 4255 2237 4311 Deo

671 4355 872 4408 viventi
915 4362 966 4407 et
997 4366 1123 4406 vero
1147 4350 1188 4405 ⁸.
1219 4350 1349 4405 Illud
1375 4359 1580 4415 autem,
1608 4348 1717 4403 Deo
1752 4348 1977 4411 viventi,
2017 4349 2082 4403 ad
2122 4348 2236 4404 dis-

672 4446 879 4500 crimen
911 4445 1178 4498 idolorum
1209 4443 1414 4497 dictum
1442 4450 1526 4495 est
1551 4483 1566 4506 ,
1615 4455 1740 4509 qua:
1772 4449 1989 4493 mortua
2027 4449 2156 4494 sunt
2183 4451 2235 4494 et

672 4553 735 4590 ex
769 4536 994 4590 materia
1029 4541 1440 4588 scnsu'carente
1480 4529 1796 4586 fabrefacta.

741 4714 796 4767 ι.
847 4711 1053 4766 Etenim
1090 4726 1268 4779 passer
1305 4711 1501 4764 invenit
1548 4710 1647 4762 sibi
1698 4707 1938 4772 domum,
1967 4717 2016 4761 et
2059 4718 2235 4761 turtur

667 4806 853 4860 nidum
882 4805 982 4857 sibi
1013 4803 1102 4856 ubi
1134 4811 1293 4872 ponat
1335 4803 1506 4869 pullos
1551 4818 1695 4855 suos.
1739 4801 1955 4855 Altaria
1986 4809 2100 4864 tua,
2128 4800 2236 4852 Do-

671 4901 828 4953 mine.
864 4896 1058 4951 Passer
1094 4896 1375 4950 hominum
1410 4896 1648 4950 animam
1681 4894 1990 4961 adumbrat,
2024 4895 2112 4949 cui
2141 4909 2233 4947 ve-

672 4991 852 5044 nando
887 4988 1173 5044 insidiatur
1199 4988 1498 5057 spiritualis
1529 5000 1773 5050 venator,
1803 4986 1961 5056 juxta
1993 4985 2046 5039 id
2085 4983 2230 5054 quod

667 5084 869 5138 dictum
893 5090 1010 5136 est:
1051 5081 1241 5133 Anima
1272 5091 1453 5134 nostra
1486 5080 1618 5133 sicut
1650 5094 1833 5147 passer
1862 5087 2039 5146 erepta
2062 5086 2139 5131 est
2168 5077 2231 5129 de

669 5176 852 5242 laqueo
876 5172 1170 5225 venantium
1191 5171 1234 5222 ’.
1269 5168 1560 5224 Turturem
1596 5180 1776 5223 autem
1804 5180 1961 5222 vocat
1990 5168 2225 5222 animam

669 5283 790 5336 quae
816 5267 870 5319 in
902 5265 1148 5320 castitate
1169 5274 1222 5318 et
1247 5263 1604 5332 temperantia
1635 5270 1904 5316 versatur.
1933 5261 2021 5314 Ait
2067 5260 2231 5329 igitur

668 5371 883 5413 omnem
933 5353 1166 5408 animam
1216 5354 1321 5407 hoc
1369 5353 1711 5406 inventuram
1763 5349 2094 5421 perfugium,
2147 5349 2229 5403 in-

668 5463 908 5519 gressum
945 5446 1154 5502 scilicet
1181 5445 1234 5499 in
1267 5445 1482 5500 altaria.

737 5821 760 5857 7
786 5821 891 5875 lsa.
929 5823 1085 5888 1.,11.
1162 5823 1183 5854 ⁸
1207 5821 1366 5878 Hebr.
1392 5839 1465 5886 ix,
1506 5821 1587 5876 14.
1620 5822 1803 5878 ’Psal.
1833 5839 2026 5892 cxxut,
2057 5825 2108 5879 7.

1501 411 1557 467 S.
1594 411 1962 468 ATHANASII
2003 414 2153 468 OPP.
2195 413 2376 469 PARS
2413 411 2498 468 III.
2540 443 2606 454 —
2644 413 3051 470 EXEGETICA.

3823 425 3922 477 368

2438 525 2997 594 Ἐξωλοθρεύθησαν
3011 528 3080 580 ἐν
3097 526 3359 596 Ἀενδώρ.
3394 529 3479 582 Ἐν
3499 530 3636 602 ἁσχή
3645 550 3733 603 μῳ
3754 534 3920 604 τόπῳ.

2368 617 2592 692 Ἀενδὼρ
2647 620 2756 691 γὰρ
2828 621 3100 691 ἁπρέπεια
3157 621 3430 692 δηλοῦται.
3511 624 3920 695 Ἐγενήθησαν

2351 708 2493 762 ὡσεὶ
2522 711 2744 777 κόπρος
2771 708 2844 778 τῇ
2873 709 2968 780 γῆ.
3010 712 3240 780 Ἀταφοι
3286 712 3395 784 γὰρ
3451 714 3702 784 μένοντες
3751 715 3917 768 διελύ-

2353 799 2540 869 θησαν,
2565 802 2661 854 καὶ
2687 797 2798 855 οἷόν
2823 820 2907 865 τις
2941 805 3146 874 κόπρος
3172 806 3237 874 τῇ
3261 809 3329 876 γῇ
3359 807 3746 877 συνεμίγησαν.

2421 893 2536 946 Θοῦ
2569 894 2711 960 τοὺς
2767 894 3062 963 ἄρχοντας
3093 895 3289 950 αὐτῶν
3327 898 3407 962 ὠς
3441 898 3546 951 τὸν
3575 899 3772 966 Ὠρήίί
3805 896 3923 953 Τῶν

2365 984 2673 1056 Ἰδουμαίων
2691 988 2785 1040 καὶ
2815 989 3170 1059 Ἰσμαηλιτῶν
3196 990 3290 1044 καὶ
3321 992 3624 1045 Μωαϐιτῶν
3651 994 3748 1046 καὶ
3766 995 3926 1060 Ἀγα-

2352 1077 2526 1148 ρηνῶν
2559 1078 2788 1132 καὶτῶν
2831 1079 3177 1150 δηλωθέντων
3217 1082 3449 1153 ἑταίρων
3500 1084 3568 1137 τὰ
3605 1083 3694 1136 ἷσα
3735 1084 3925 1137 παθεῖν

2350 1169 2769 1238 παρασκεύασον
2788 1169 2866 1240 τῷ
2905 1171 3058 1242 Ὠρέὁ
3102 1173 3333 1236 καὶτοῖς
3387 1174 3612 1245 ἑτέροις.
3670 1169 3837 1228 Οὗτοι
3871 1176 3924 1228 δέ

2349 1261 2442 1313 καὶ
2473 1262 2631 1315 κακοὶ
2661 1262 2849 1325 κακῶς
2876 1262 3237 1318 ἀπολώλασιν.

2426 1349 2479 1402 '0
2507 1352 2649 1417 Θεός
2674 1369 2810 1417 μου,
2847 1353 2952 1406 θοῦ
2985 1353 3206 1420 αὐτοὺς
3237 1355 3317 1419 ὡς
3349 1357 3585 1424 τροχόν.
3634 1355 3922 1421 Τουτέστι,

2347 1440 2436 1510 Μὴ
2467 1442 2700 1511 μείνοιεν
2747 1443 2804 1494 ἐν
2837 1445 2900 1514 τῇ
2933 1443 3078 1514 αὐτῇ.
3120 1444 3346 1507 στάσει,
3377 1445 3512 1498 ἀλλὰ
3547 1445 3925 1499 κυλιέσθωσαν

2347 1531 2426 1593 είς
2459 1532 2781 1603 τοῦμπαλιν.
2831 1533 2921 1600 Ὡς
2949 1534 3224 1604 καλάμην
3245 1536 3392 1589 κατὰ
3430 1539 3758 1606 πρόσωπον
3791 1539 3925 1591 ἀνέ-

2340 1641 2478 1692 μου.
2510 1625 2796 1678 Τουτέστιν
2841 1626 3142 1697 εὑρίπιστοι
3174 1631 3534 1700 γενήσονται,
3562 1628 3756 1700 ῶσπερ
3789 1631 3924 1698 ἁμές

2345 1717 2426 1770 λει
2449 1719 2540 1770 καὶ
2568 1720 2600 1788 ὴ
2629 1719 2846 1789 καλάμη
2883 1719 2975 1772 τοῦ
3005 1721 3255 1791 στάχυος.
3298 1721 3455 1774 Ὦσεί
3476 1721 3594 1790 πῦρ
3612 1721 3644 1774 ὃ
3673 1721 3920 1791 διαφλέ-

2347 1808 2435 1874 ξει
2456 1808 2700 1878 δρυμόν.
2741 1809 3206 1877 Ἀπολαυέτωσαν,
3233 1812 3386 1883 φησὶ,
3412 1812 3504 1865 τοῦ
3535 1812 3707 1882 πυρὸς
3747 1812 3778 1864 ὃ
3823 1815 3913 1866 αὖ·

2345 1901 2428 1955 τοὶ
2451 1900 2770 1965 ἐξέκαυσαν,
2796 1903 2888 1954 καὶ
2917 1902 3048 1954 αὐτὸ
3077 1902 3138 1955 τὸ
3165 1901 3272 1975 πῦρ
3295 1905 3490 1967 αὐτοὺς
3519 1905 3919 1974 καταφάγεται,

2346 1990 2654 2062 ὡσπερανεὶ
2688 1993 2782 2044 καὶ
2835 1991 3088 2063 αἰσθητὸν
3147 1992 3257 2063 πῦρ
3316 1994 3628 2062 καταφάγει
3691 1993 3924 2065 δρυμόν.

2346 2083 2568 2154 Ὅμοιον
2616 2083 2671 2136 δέ
2696 2082 2806 2154 τῷ·
2845 2083 2993 2137 Ἰδοὺ
3049 2083 3276 2151 πάντες
3319 2084 3490 2154 ὑμεῖς
3537 2084 3657 2153 πῦρ
3701 2086 3918 2146 ualere.

2346 2175 2670 2241 πορεύεσθε
2696 2173 2775 2240 τῷ
2795 2175 2939 2243 φωτὶ
2964 2175 3068 2228 τοῦ
3085 2175 3274 2243 πυρὸς
3296 2175 3485 2246 ὑμῶν,
3511 2176 3606 2229 καί
3645 2175 3722 2244 τῇ
3743 2177 3925 2245 φλογὶ

2343 2259 2384 2336 ᾗ
2403 2265 2784 2329 έξεκαύσατε.
2825 2266 2980 2318 Ὠσεὶ
3004 2266 3162 2334 φλὸξ
3185 2268 3558 2323 κατακαῦσαι
3578 2268 3706 2337 ὄρη.
3735 2271 3923 2339 Παρα-

2345 2356 2555 2419 ϐολικὸς
2587 2357 2616 2408 ὁ
2658 2355 2833 2424 λόγος.
2881 2357 3092 2429 Ὠσπερ
3132 2358 3244 2428 πῦρ
3273 2361 3533 2430 ἐμπεσὸν,
3579 2362 3735 2431 φησι,
3772 2362 3918 2413 καίει

2341 2447 2464 2518 ὅρη,
2493 2447 2636 2500 οὕτω
2687 2448 3190 2519 κατακαυθήσονται
3232 2449 3336 2502 ὑπὸ
3365 2451 3464 2520 τῆς
3495 2451 3646 2524 παρὰ
3692 2450 3791 2504 σοῦ
3825 2454 3919 2504 ἐπ-

2345 2537 2784 2610 ενεχθησομένης
2808 2539 2989 2602 αὐτοῖς
3007 2540 3294 2613 τιμωρίας,
3313 2542 3502 2613 ἥντινα
3526 2543 3620 2596 καὶ
3649 2544 3919 2614 καταιγίδι

2343 2630 2614 2700 παρέϐαλε
2637 2630 2724 2684 διὰ
2753 2631 2811 2684 τὸ
2844 2632 3070 2702 σφοδρὸν
3105 2635 3194 2686 καὶ
3220 2634 3628 2706 ἐπιτεταμένον.

2407 2719 2740 2788 Πλήρωσον
2771 2723 2841 2776 τὰ
2866 2726 3155 2790 ,πρόσωπα
3173 2723 3371 2777 αὐτῶν
3389 2726 3645 2795 ἀτιμίας.
3670 2729 3912 2798 Διαμαρ-

2339 2813 2525 2875 τόντες
2558 2812 2667 2884 γὰρ
2697 2807 2770 2866 ὧν
2793 2813 3107 2884 βούλονται,
3156 2813 3247 2867 καὶ
3279 2815 3540 2886 αἰσχύνης
3571 2817 3911 2888 ἐμπλησθέν-

2338 2921 2448 2968 τες,
2474 2904 2865 2972 ἐπιγνώσονταί
2896 2922 2989 2958 σου
3017 2904 3114 2978 τὴν
3153 2905 3399 2976 δύναμιν.
3442 2907 3551 2961 Καὶ
3583 2906 3915 2978 ζητήσουσι

2338 2996 2404 3048 τὸ
2431 2994 2616 3065 ὄνομα
2637 3011 2776 3060 σου,
2802 2997 2997 3065 Κύριε.
3035 2996 3204 3051 Τοῦτο
3227 2999 3395 3068 λέγει,
3427 2998 3500 3061 ὡς
3544 2998 3698 3053 ἔσται
3732 3002 3915 3063 αὐτοῖς

2343 3090 2409 3141 ἐκ
2433 3090 2543 3142 τῶν
2565 3091 2842 3162 τιμωριῶν
2866 3092 3115 3160 ὠφέλεια.
3131 3092 3223 3155 Τὸ,
3250 3091 3636 3161 ζητήσουσιν,
3655 3093 3778 3147 ἀντὶ
3796 3094 3911 3156 τοῦ,

2339 3178 2657 3246 γνώσονται.

2372 3270 2477 3335 Είς
2507 3270 2572 3324 τὸ
2600 3271 2773 3339 τέλος
2801 3269 2951 3339 ὑπὲρ
2980 3269 3098 3324 τῶν
3118 3271 3322 3338 ληνῶν
3359 3272 3484 3339 τοῖς
3521 3272 3674 3339 υἱοῖς
3704 3273 3875 3343 Κορὲ,

2886 3343 3192 3396 ΨΑΛΜΟΣ
3229 3345 3364 3396 ΠΡ.

2953 3432 3272 3498 Ύπόθεσις.

2340 3516 2506 3569 Πάλιν
2526 3518 2664 3590 ὑπὲρ
2694 3517 2802 3571 τῶν
2847 3520 3174 3590 Ἐκκλησιῶν
3200 3522 3292 3575 udi
3331 3524 3386 3574 ἐν
3419 3523 3683 3596 τούτῳτῷ
3712 3523 3913 3597 ψαλμῷ

2409 3612 2640 3661 ποιεῖται
2662 3610 2751 3662 τὸν
2777 3609 2954 3679 λόγον,
2990 3611 3082 3664 καὶ
3108 3613 3264 3683 δῆλον
3298 3616 3361 3666 ὲκ
3390 3614 3482 3667 τοῦ
3507 3616 3648 3688 ύπέρ
3679 3617 3791 3671 τῶν
3817 3618 3911 3688 λη·-

2409 3698 2515 3751 νῶν
2541 3700 2700 3753 αὑτὸν
2729 3701 3157 3772 ἐπιγεγράφθαι.

2419 3795 2512 3861 Ὠς
2538 3795 2809 3865 ἀγαπητὰ
2834 3797 2904 3850 τὰ
2923 3796 3287 3867 σκηνώματά
3311 3813 3448 3863 σου,
3469 3800 3644 3867 Κύριε
3669 3798 3792 3853 τῶν
3817 3801 3911 3856 δυο

2337 3888 2605 3954 νάμεων]
2629 3888 2966 3958 Σκηνώματά
2995 3905 3126 3959 φησι
3151 3891 3246 3953 τὰς
3280 3890 3421 3944 κατὰ
3445 3891 3611 3944 τόπον
3644 3893 3908 3963 ἱδρυνθείο

2339 3997 2436 4044 σας
2457 3981 2618 4048 ἁγίας
2651 3980 2940 4044 ἐκκλησίας
2961 3979 3054 4032 τοῦ
3087 3979 3245 4048 Θεοῦ,
3285 3983 3364 4045 εἰς
3395 3983 3462 4044 ἃς
3491 3984 3585 4037 καὶ
3608 3985 3760 4038 πᾶσα
3795 3985 3913 4040 θεο-

2338 4073 2494 4145 φιλὴς
2543 4073 2924 4137 ἐπισπουδάζει
2972 4071 3138 4144 ψυχή.
3202 4073 3263 4128 Ἡ
3306 4073 3517 4142 καρδία
3565 4093 3687 4144 μου
3720 4079 3822 4131 καί
3866 4079 3902 4144 ή

2337 4166 2491 4235 σάρξ
2515 4184 2632 4236 μου
2648 4165 3100 4236 ἠγαλλιάσαηο
3127 4169 3215 4234 είς
3246 4167 3394 4220 Θεὸν
3431 4165 3633 4228 ζῶντα.
3682 4171 3906 4240 Ὅμοιον

2335 4259 2466 4312 ὡσεὶ
2513 4257 2694 4327 λέγοι⁶
2745 4259 2853 4312 Καὶ
2895 4258 2973 4326 τῷ
3014 4256 3225 4329 σώματι
3257 4260 3351 4311 καὶ
3390 4258 3533 4329 ψυχῇ
3583 4261 3907 4332 παρέστησα

2336 4347 2570 4418 ἐμαυτὸν
2597 4349 2676 4411 είς
2709 4347 2769 4400 τὸ
2786 4347 3058 4401 δουλεύειν
3091 4347 3208 4420 Θεῷ
3234 4347 3396 4412 ζῶντι
3425 4349 3519 4401 καὶ
3539 4348 3800 4421 ἀληθινῷ.
3835 4353 3908 4404 Τὸ

2335 4441 2411 4506 δὲ,
2445 4440 2562 4511 Θεῷ
2593 4440 2774 4505 ζῶντι,
2805 4442 2942 4512 πρὸς
2971 4440 3376 4513 ἀντιδιαστολὴν
3423 4442 3531 4494 τῶν
3559 4442 3797 4497 είδὼλων
3830 4445 3904 4497 εῖ-

2262 4555 2311 4614 D
2339 4549 2498 4604 ρηται
2524 4550 2535 4561 ·
2569 4532 2663 4585 ἅτε
2695 4531 2902 4602 νεκρῶν
2925 4533 3092 4586 ὄντων
3120 4533 3363 4598 ἐκείνων,
3393 4534 3486 4587 καλ⁸
3512 4532 3572 4599 ἐξ
3605 4533 3740 4606 ὕλης
3771 4537 3909 4606 ἀψύο

2341 4639 2435 4691 χου
2463 4623 2857 4691 τυγχανόντων.

2407 4712 2514 4767 Kal
2535 4716 2644 4781 γὰρ
2667 4713 2985 4781 στρουθίον
3010 4711 3186 4783 εὗρεν
3211 4715 3401 4782 ἑαυτῷ
3415 4716 3628 4781 οὶκίαν,
3655 4717 3755 4770 καί
3775 4735 3908 4788 τρυ-

2339 4802 2459 4872 γὼν
2485 4803 2748 4857 νοσσιὰν
2783 4802 2989 4872 ἑαυτῇ,
3018 4800 3089 4860 οὗ
3120 4804 3293 4873 θήσει
3322 4807 3393 4860 τὰ
3421 4806 3644 4869 νοσσία
3661 4806 3903 4876 ἑαυτῆς.

2339 4896 2410 4949 τὰ
2455 4895 2854 4966 θυσιαστήριά
2909 4911 3025 4950 σου
3050 4937 3064 4960 ,
3107 4899 3300 4965 Κύριε.
3339 4898 3624 4970 Στρουθίον
3660 4900 3762 4970 μὲν
3807 4901 3906 4973 τὴν

2334 4987 2443 5041 τῶν
2474 4987 2772 5059 ἀνθρώπων
2797 4988 3084 5042 αίνίττεται
3103 4989 3304 5060 ψυχὴν,
3330 4990 3428 5062 τὴν
3462 4992 3565 5044 ὑπὸ
3586 4992 3680 5045 τοῦ
3709 4993 3904 5063 νοητοῦ

2336 5079 2597 5151 θηρευτοῦ
2627 5079 3020 5151 ἀγρευομένην,
3043 5081 3184 5134 κατὰ
3205 5081 3265 5134 τὸ
3283 5083 3570 5154 είρημένον
3589 5099 3602 5112 ·
3648 5085 3710 5138 Ἡ
3731 5085 3902 5156 ψυχὴ

2334 5167 2504 5238 ἡμῶν
2527 5169 2606 5235 ὠς
2632 5169 2952 5236 στρουθίον
2977 5172 3235 5240 ἐρῤύσθη
3267 5173 3334 5225 ἐκ
3366 5171 3476 5240 τῆς
3503 5174 3755 5243 παγίδος
3787 5176 3904 5230 τῶν

2335 5260 2706 5328 θηρευόντων
2724 5276 2736 5289 ·
2761 5260 2996 5330 τρυγόνα
3022 5261 3079 5314 δὲ
3102 5263 3202 5333 τὴν
3236 5265 3292 5316 ἐν
3321 5264 3510 5336 ἁγνείᾳ
3550 5267 3644 5319 καὶ
3691 5283 3900 5337 σωφρο-

2337 5351 2470 5422 σύνῃ
2523 5350 2770 5416 συζῶσαν
2821 5351 3020 5424 ψυχήν.
3075 5355 3238 5422 Λέγει
3291 5352 3404 5423 οὖν,
3444 5358 3526 5411 ὅτι
3579 5360 3729 5412 πᾶσα
3757 5358 3899 5432 ψυχὴ

2334 5442 2536 5513 ταύτην
2568 5443 2787 5514 εὑρήσει
2821 5446 3160 5517 καταφυγὴν,
3196 5447 3294 5519 τὴν
3318 5451 3397 5514 εἰς
3435 5449 3502 5504 τὰ
3542 5450 3898 5521 Θυσιαστὴρια

2336 5535 2555 5590 εἴσοδον.
