  <div class='ocr_page' id='page_1' title='image "/cluster/home/n/w/nwhite01/storage/ocr_20150623/27/uva.x030474749/194.png"; bbox 0 0 4108 6504; ppageno 0'>
   <div class='ocr_carea' id='block_1_1' title="bbox 182 478 274 533">
    <p class='ocr_par' dir='ltr' id='par_1_1' title="bbox 182 478 274 533">
     <span class='ocr_line' id='line_1_1' title="bbox 182 478 274 533; baseline -0.022 1"><span class='ocrx_word' id='word_1_1' title='bbox 182 478 274 533; x_wconf 74' lang='grc'><strong>569</strong></span> 
     </span>
    </p>
   </div>
   <div class='ocr_carea' id='block_1_2' title="bbox 1170 467 2349 528">
    <p class='ocr_par' dir='ltr' id='par_1_2' title="bbox 1170 467 2349 528">
     <span class='ocr_line' id='line_1_2' title="bbox 1170 467 2349 528; baseline -0.001 -1"><span class='ocrx_word' id='word_1_2' title='bbox 1170 469 1539 528; x_wconf 77' lang='lat' dir='ltr'><strong>EXPOSITIO</strong></span> <span class='ocrx_word' id='word_1_3' title='bbox 1579 469 1647 524; x_wconf 79' lang='lat' dir='ltr'><strong>IN</strong></span> <span class='ocrx_word' id='word_1_4' title='bbox 1686 467 2019 528; x_wconf 75' lang='lat' dir='ltr'><strong>PSALMUM</strong></span> <span class='ocrx_word' id='word_1_5' title='bbox 2060 468 2349 526; x_wconf 77' lang='lat' dir='ltr'><strong>LXXXIV.</strong></span> 
     </span>
    </p>
   </div>
   <div class='ocr_carea' id='block_1_3' title="bbox 3316 463 3421 518">
    <p class='ocr_par' dir='ltr' id='par_1_3' title="bbox 3316 463 3421 518">
     <span class='ocr_line' id='line_1_3' title="bbox 3316 463 3421 518; baseline 0 0"><span class='ocrx_word' id='word_1_6' title='bbox 3316 463 3421 518; x_wconf 77' lang='lat'><strong>370</strong></span> 
     </span>
    </p>
   </div>
   <div class='ocr_carea' id='block_1_4' title="bbox 247 581 1770 660">
    <p class='ocr_par' dir='ltr' id='par_1_4' title="bbox 247 587 1754 660">
     <span class='ocr_line' id='line_1_4' title="bbox 247 587 1754 660; baseline -0.004 -13"><span class='ocrx_word' id='word_1_7' title='bbox 247 592 527 660; x_wconf 75' lang='grc' dir='ltr'><strong>Μακάριοι</strong></span> <span class='ocrx_word' id='word_1_8' title='bbox 554 594 611 645; x_wconf 79' lang='grc' dir='ltr'><em>οι</em></span> <span class='ocrx_word' id='word_1_9' title='bbox 645 589 1060 655; x_wconf 81' lang='grc' dir='ltr'><em>κατοικοῦντες</em></span> <span class='ocrx_word' id='word_1_10' title='bbox 1088 588 1158 643; x_wconf 76' lang='grc' dir='ltr'><em>ἐν</em></span> <span class='ocrx_word' id='word_1_11' title='bbox 1196 588 1275 655; x_wconf 81' lang='grc' dir='ltr'><em>τῷ</em></span> <span class='ocrx_word' id='word_1_12' title='bbox 1321 590 1465 653; x_wconf 80' lang='grc' dir='ltr'><em>οἴκῳ</em></span> <span class='ocrx_word' id='word_1_13' title='bbox 1492 603 1608 643; x_wconf 85' lang='grc' dir='ltr'><strong>σου</strong></span> <span class='ocrx_word' id='word_1_14' title='bbox 1629 603 1641 617; x_wconf 94' lang='grc'><strong>·</strong></span> <span class='ocrx_word' id='word_1_15' title='bbox 1676 587 1754 658; x_wconf 82' lang='grc' dir='ltr'><em>τῷ</em></span> 
     </span>
    </p>
   </div>
   <div class='ocr_carea' id='block_1_5' title="bbox 1871 581 3424 660">
    <p class='ocr_par' dir='ltr' id='par_1_5' title="bbox 1927 581 3424 658">
     <span class='ocr_line' id='line_1_5' title="bbox 1927 581 3424 658; baseline -0.005 -16"><span class='ocrx_word' id='word_1_16' title='bbox 1927 588 1980 641; x_wconf 78' lang='lat'><strong>5.</strong></span> <span class='ocrx_word' id='word_1_17' title='bbox 2012 587 2167 642; x_wconf 88' lang='lat' dir='ltr'><strong>Beati</strong></span> <span class='ocrx_word' id='word_1_18' title='bbox 2207 589 2297 658; x_wconf 87' lang='lat' dir='ltr'><strong>qui</strong></span> <span class='ocrx_word' id='word_1_19' title='bbox 2340 586 2581 640; x_wconf 82' lang='lat' dir='ltr'><strong>habitant</strong></span> <span class='ocrx_word' id='word_1_20' title='bbox 2626 585 2682 637; x_wconf 84' lang='lat' dir='ltr'><strong>in</strong></span> <span class='ocrx_word' id='word_1_21' title='bbox 2713 582 2868 639; x_wconf 83' lang='lat' dir='ltr'><strong>domo</strong></span> <span class='ocrx_word' id='word_1_22' title='bbox 2898 593 3009 639; x_wconf 85' lang='lat' dir='ltr'><strong>tua.</strong></span> <span class='ocrx_word' id='word_1_23' title='bbox 3040 581 3309 640; x_wconf 81' lang='lat' dir='ltr'><strong>snirituali</strong></span> <span class='ocrx_word' id='word_1_24' title='bbox 3342 582 3424 635; x_wconf 84' lang='lat' dir='ltr'><strong>vi—</strong></span> 
     </span>
    </p>
   </div>
   <div class='ocr_carea' id='block_1_6' title="bbox 187 681 769 754">
    <p class='ocr_par' dir='ltr' id='par_1_6' title="bbox 187 681 769 754">
     <span class='ocr_line' id='line_1_6' title="bbox 187 681 769 754; baseline -0.002 -19"><span class='ocrx_word' id='word_1_25' title='bbox 187 683 473 754; x_wconf 68' lang='grc' dir='ltr'><em>ἐπουρανίῳ</em></span> <span class='ocrx_word' id='word_1_26' title='bbox 503 681 769 752; x_wconf 86' lang='grc' dir='ltr'><em>δηλονότι.</em></span> 
     </span>
    </p>
   </div>
   <div class='ocr_carea' id='block_1_7' title="bbox 248 766 1752 843">
    <p class='ocr_par' dir='ltr' id='par_1_7' title="bbox 248 766 1752 843">
     <span class='ocr_line' id='line_1_7' title="bbox 248 766 1752 843; baseline -0.005 -13"><span class='ocrx_word' id='word_1_27' title='bbox 248 773 540 843; x_wconf 73' lang='grc' dir='ltr'><em>Μακάριος</em></span> <span class='ocrx_word' id='word_1_28' title='bbox 594 776 628 829; x_wconf 84' lang='grc' dir='ltr'><strong>ό</strong></span> <span class='ocrx_word' id='word_1_29' title='bbox 668 772 823 842; x_wconf 79' lang='grc' dir='ltr'><em>ἀνὴρ</em></span> <span class='ocrx_word' id='word_1_30' title='bbox 873 767 944 828; x_wconf 85' lang='grc' dir='ltr'><em>οὗ</em></span> <span class='ocrx_word' id='word_1_31' title='bbox 993 771 1166 826; x_wconf 82' lang='grc' dir='ltr'><em>ἐστιν</em></span> <span class='ocrx_word' id='word_1_32' title='bbox 1224 772 1549 840; x_wconf 69' lang='grc' dir='ltr'><em>ἀντίληψις</em></span> <span class='ocrx_word' id='word_1_33' title='bbox 1592 766 1752 835; x_wconf 85' lang='grc' dir='ltr'><strong>αὐτῷ</strong></span> 
     </span>
    </p>
   </div>
   <div class='ocr_carea' id='block_1_8' title="bbox 186 865 1753 941">
    <p class='ocr_par' dir='ltr' id='par_1_8' title="bbox 186 865 1753 941">
     <span class='ocr_line' id='line_1_8' title="bbox 186 865 1753 941; baseline -0.005 -16"><span class='ocrx_word' id='word_1_34' title='bbox 186 872 329 941; x_wconf 70' lang='grc' dir='ltr'><em>παρὰ</em></span> <span class='ocrx_word' id='word_1_35' title='bbox 378 871 516 925; x_wconf 83' lang='grc' dir='ltr'><em>σοι·</em></span> <span class='ocrx_word' id='word_1_36' title='bbox 555 869 880 934; x_wconf 79' lang='grc' dir='ltr'><em>ἀναϐάσεις</em></span> <span class='ocrx_word' id='word_1_37' title='bbox 925 868 997 922; x_wconf 86' lang='grc' dir='ltr'><em>ἐν</em></span> <span class='ocrx_word' id='word_1_38' title='bbox 1038 865 1115 936; x_wconf 77' lang='grc' dir='ltr'><em>τῇ</em></span> <span class='ocrx_word' id='word_1_39' title='bbox 1158 866 1372 938; x_wconf 78' lang='grc' dir='ltr'><strong>καρδίᾳ</strong></span> <span class='ocrx_word' id='word_1_40' title='bbox 1422 866 1611 921; x_wconf 84' lang='grc' dir='ltr'><em>αὑτοῦ</em></span> <span class='ocrx_word' id='word_1_41' title='bbox 1665 865 1753 918; x_wconf 85' lang='grc' dir='ltr'><strong>δι-</strong></span> 
     </span>
    </p>
   </div>
   <div class='ocr_carea' id='block_1_9' title="bbox 191 956 1753 1034">
    <p class='ocr_par' dir='ltr' id='par_1_9' title="bbox 191 956 1753 1034">
     <span class='ocr_line' id='line_1_9' title="bbox 191 956 1753 1034; baseline -0.006 -15"><span class='ocrx_word' id='word_1_42' title='bbox 191 963 365 1019; x_wconf 80' lang='grc' dir='ltr'><em>έθετο.</em></span> <span class='ocrx_word' id='word_1_43' title='bbox 425 962 513 1027; x_wconf 80' lang='grc' dir='ltr'><em>ὀς</em></span> <span class='ocrx_word' id='word_1_44' title='bbox 566 962 955 1034; x_wconf 86' lang='grc' dir='ltr'><em>ἀντιλήπτορα,</em></span> <span class='ocrx_word' id='word_1_45' title='bbox 997 960 1159 1030; x_wconf 67' lang='grc' dir='ltr'><em>φησιν</em></span> <span class='ocrx_word' id='word_1_46' title='bbox 1187 1000 1202 1023; x_wconf 88' lang='grc'><strong>,</strong></span> <span class='ocrx_word' id='word_1_47' title='bbox 1250 956 1753 1028; x_wconf 77' lang='grc' dir='ltr'><em>ἐπιγεγραμμένος,</em></span> 
     </span>
    </p>
   </div>
   <div class='ocr_carea' id='block_1_10' title="bbox 188 1046 1750 1124">
    <p class='ocr_par' dir='ltr' id='par_1_10' title="bbox 188 1046 1750 1124">
     <span class='ocr_line' id='line_1_10' title="bbox 188 1046 1750 1124; baseline -0.007 -15"><span class='ocrx_word' id='word_1_48' title='bbox 188 1054 407 1123; x_wconf 78' lang='grc' dir='ltr'><em>ἀγαθοὺς</em></span> <span class='ocrx_word' id='word_1_49' title='bbox 434 1053 736 1124; x_wconf 79' lang='grc' dir='ltr'><em>λογισμοὺς</em></span> <span class='ocrx_word' id='word_1_50' title='bbox 786 1049 964 1122; x_wconf 80' lang='grc' dir='ltr'><em>ἑαυτῷ</em></span> <span class='ocrx_word' id='word_1_51' title='bbox 1014 1048 1134 1103; x_wconf 83' lang='grc' dir='ltr'><em>καθ’</em></span> <span class='ocrx_word' id='word_1_52' title='bbox 1183 1048 1419 1117; x_wconf 78' lang='grc' dir='ltr'><em>ἑκάστην</em></span> <span class='ocrx_word' id='word_1_53' title='bbox 1459 1046 1750 1114; x_wconf 80' lang='grc' dir='ltr'><em>οἰκοδομεῖ,</em></span> 
     </span>
    </p>
   </div>
   <div class='ocr_carea' id='block_1_11' title="bbox 186 1138 1757 1214">
    <p class='ocr_par' dir='ltr' id='par_1_11' title="bbox 186 1138 1757 1214">
     <span class='ocr_line' id='line_1_11' title="bbox 186 1138 1757 1214; baseline -0.006 -14"><span class='ocrx_word' id='word_1_54' title='bbox 186 1147 423 1209; x_wconf 70' lang='grc' dir='ltr'><em>οὕστινας</em></span> <span class='ocrx_word' id='word_1_55' title='bbox 457 1147 557 1199; x_wconf 78' lang='grc' dir='ltr'><em>καὶ</em></span> <span class='ocrx_word' id='word_1_56' title='bbox 576 1144 868 1208; x_wconf 74' lang='grc' dir='ltr'><em>ἀναϐάσεις</em></span> <span class='ocrx_word' id='word_1_57' title='bbox 892 1142 1028 1214; x_wconf 85' lang='grc' dir='ltr'><em>πρὸς</em></span> <span class='ocrx_word' id='word_1_58' title='bbox 1057 1140 1120 1194; x_wconf 80' lang='grc' dir='ltr'><em>τὸ</em></span> <span class='ocrx_word' id='word_1_59' title='bbox 1140 1139 1312 1211; x_wconf 83' lang='grc' dir='ltr'><em>παρὸν</em></span> <span class='ocrx_word' id='word_1_60' title='bbox 1345 1140 1557 1210; x_wconf 81' lang='grc' dir='ltr'><em>εἴρηκε,</em></span> <span class='ocrx_word' id='word_1_61' title='bbox 1586 1138 1674 1192; x_wconf 86' lang='grc' dir='ltr'><em>διά</em></span> <span class='ocrx_word' id='word_1_62' title='bbox 1696 1138 1757 1191; x_wconf 75' lang='grc' dir='ltr'><em>τὸ</em></span> 
     </span>
    </p>
   </div>
   <div class='ocr_carea' id='block_1_12' title="bbox 188 1228 1758 1304">
    <p class='ocr_par' dir='ltr' id='par_1_12' title="bbox 188 1228 1758 1304">
     <span class='ocr_line' id='line_1_12' title="bbox 188 1228 1758 1304; baseline -0.004 -12"><span class='ocrx_word' id='word_1_63' title='bbox 188 1243 238 1292; x_wconf 79' lang='grc' dir='ltr'><strong>ὲν</strong></span> <span class='ocrx_word' id='word_1_64' title='bbox 278 1241 457 1301; x_wconf 73' lang='grc' dir='ltr'><em>αὐτοῖς</em></span> <span class='ocrx_word' id='word_1_65' title='bbox 489 1240 655 1292; x_wconf 67' lang='grc' dir='ltr'><strong>οίονεὶ⁵</strong></span> <span class='ocrx_word' id='word_1_66' title='bbox 685 1238 794 1291; x_wconf 83' lang='grc' dir='ltr'><em>ἀπὸ</em></span> <span class='ocrx_word' id='word_1_67' title='bbox 820 1236 928 1291; x_wconf 85' lang='grc' dir='ltr'><strong>τῶν</strong></span> <span class='ocrx_word' id='word_1_68' title='bbox 976 1234 1180 1304; x_wconf 78' lang='grc' dir='ltr'><em>γηΐνων</em></span> <span class='ocrx_word' id='word_1_69' title='bbox 1210 1232 1473 1286; x_wconf 80' lang='grc' dir='ltr'><em>ἀνάδασιν</em></span> <span class='ocrx_word' id='word_1_70' title='bbox 1505 1228 1645 1284; x_wconf 79' lang='grc' dir='ltr'><em>εἶναι</em></span> <span class='ocrx_word' id='word_1_71' title='bbox 1678 1235 1758 1295; x_wconf 87' lang='grc' dir='ltr'><strong>είς</strong></span> 
     </span>
    </p>
   </div>
   <div class='ocr_carea' id='block_1_13' title="bbox 190 1323 1753 1403">
    <p class='ocr_par' dir='ltr' id='par_1_13' title="bbox 190 1323 1753 1403">
     <span class='ocr_line' id='line_1_13' title="bbox 190 1323 1753 1403; baseline -0.003 -21"><span class='ocrx_word' id='word_1_72' title='bbox 190 1331 492 1403; x_wconf 72' lang='grc' dir='ltr'><em>ἐπουράνια.</em></span> <span class='ocrx_word' id='word_1_73' title='bbox 543 1332 653 1395; x_wconf 81' lang='grc' dir='ltr'><strong>Είς</strong></span> <span class='ocrx_word' id='word_1_74' title='bbox 707 1328 822 1395; x_wconf 76' lang='grc' dir='ltr'><em>τὴν</em></span> <span class='ocrx_word' id='word_1_75' title='bbox 877 1324 1129 1381; x_wconf 73' lang='grc' dir='ltr'><em>κοιλάδα</em></span> <span class='ocrx_word' id='word_1_76' title='bbox 1187 1324 1293 1379; x_wconf 82' lang='grc' dir='ltr'><em>τοῦ</em></span> <span class='ocrx_word' id='word_1_77' title='bbox 1341 1323 1753 1393; x_wconf 74' lang='grc' dir='ltr'><em>κλαυθμῶνος.</em></span> 
     </span>
    </p>
   </div>
   <div class='ocr_carea' id='block_1_14' title="bbox 189 1416 1758 1491">
    <p class='ocr_par' dir='ltr' id='par_1_14' title="bbox 189 1416 1758 1491">
     <span class='ocr_line' id='line_1_14' title="bbox 189 1416 1758 1491; baseline -0.004 -16"><span class='ocrx_word' id='word_1_78' title='bbox 189 1423 407 1478; x_wconf 81' lang='grc' dir='ltr'><em>Κοιλάδα</em></span> <span class='ocrx_word' id='word_1_79' title='bbox 426 1420 524 1476; x_wconf 76' lang='grc' dir='ltr'><em>τοῦ</em></span> <span class='ocrx_word' id='word_1_80' title='bbox 559 1420 913 1491; x_wconf 86' lang='grc' dir='ltr'><em>κλαυθμῶνος</em></span> <span class='ocrx_word' id='word_1_81' title='bbox 941 1418 1033 1473; x_wconf 83' lang='grc' dir='ltr'><strong>τὸν</strong></span> <span class='ocrx_word' id='word_1_82' title='bbox 1064 1417 1257 1489; x_wconf 82' lang='grc' dir='ltr'><em>θνητὸν</em></span> <span class='ocrx_word' id='word_1_83' title='bbox 1283 1416 1394 1486; x_wconf 84' lang='grc' dir='ltr'><em>βίον</em></span> <span class='ocrx_word' id='word_1_84' title='bbox 1420 1416 1573 1487; x_wconf 82' lang='grc' dir='ltr'><em>φησί.</em></span> <span class='ocrx_word' id='word_1_85' title='bbox 1597 1417 1758 1485; x_wconf 85' lang='grc' dir='ltr'><strong>Λέγει</strong></span> 
     </span>
    </p>
   </div>
   <div class='ocr_carea' id='block_1_15' title="bbox 189 1507 1759 1586">
    <p class='ocr_par' dir='ltr' id='par_1_15' title="bbox 189 1507 1759 1586">
     <span class='ocr_line' id='line_1_15' title="bbox 189 1507 1759 1586; baseline -0.006 -17"><span class='ocrx_word' id='word_1_86' title='bbox 189 1512 305 1569; x_wconf 64' lang='grc' dir='ltr'><strong>οὖν*</strong></span> <span class='ocrx_word' id='word_1_87' title='bbox 348 1516 435 1571; x_wconf 82' lang='grc' dir='ltr'><strong>Ἐν</strong></span> <span class='ocrx_word' id='word_1_88' title='bbox 472 1514 556 1586; x_wconf 83' lang='grc' dir='ltr'><em>τῷ</em></span> <span class='ocrx_word' id='word_1_89' title='bbox 599 1512 777 1584; x_wconf 79' lang='grc' dir='ltr'><em>θνητῷ</em></span> <span class='ocrx_word' id='word_1_90' title='bbox 823 1511 921 1582; x_wconf 82' lang='grc' dir='ltr'><strong>βίῳ</strong></span> <span class='ocrx_word' id='word_1_91' title='bbox 955 1511 1183 1581; x_wconf 81' lang='grc' dir='ltr'><em>πλήσεις</em></span> <span class='ocrx_word' id='word_1_92' title='bbox 1238 1508 1456 1577; x_wconf 79' lang='grc' dir='ltr'><strong>ἀγαθῶν</strong></span> <span class='ocrx_word' id='word_1_93' title='bbox 1484 1507 1759 1578; x_wconf 77' lang='grc' dir='ltr'><strong>λογισμῶν</strong></span> 
     </span>
    </p>
   </div>
   <div class='ocr_carea' id='block_1_16' title="bbox 190 1598 1759 1675">
    <p class='ocr_par' dir='ltr' id='par_1_16' title="bbox 190 1598 1759 1675">
     <span class='ocr_line' id='line_1_16' title="bbox 190 1598 1759 1675; baseline -0.006 -15"><span class='ocrx_word' id='word_1_94' title='bbox 190 1608 371 1671; x_wconf 72' lang='grc' dir='ltr'><em>αὐτοὺς</em></span> <span class='ocrx_word' id='word_1_95' title='bbox 396 1605 746 1675; x_wconf 81' lang='grc' dir='ltr'><em>καθεκάστην</em></span> <span class='ocrx_word' id='word_1_96' title='bbox 765 1601 1084 1673; x_wconf 78' lang='grc' dir='ltr'><em>οἰκοδομῶν.</em></span> <span class='ocrx_word' id='word_1_97' title='bbox 1103 1600 1364 1671; x_wconf 74' lang='grc' dir='ltr'><strong>Αἴσθησις</strong></span> <span class='ocrx_word' id='word_1_98' title='bbox 1388 1600 1571 1663; x_wconf 73' lang='grc' dir='ltr'><em>αὐτοῖς</em></span> <span class='ocrx_word' id='word_1_99' title='bbox 1599 1598 1759 1668; x_wconf 86' lang='grc' dir='ltr'><em>γέγο-</em></span> 
     </span>
    </p>
   </div>
   <div class='ocr_carea' id='block_1_17' title="bbox 190 1695 1017 1769">
    <p class='ocr_par' dir='ltr' id='par_1_17' title="bbox 190 1695 1017 1769">
     <span class='ocr_line' id='line_1_17' title="bbox 190 1695 1017 1769; baseline -0.004 -17"><span class='ocrx_word' id='word_1_100' title='bbox 190 1717 269 1754; x_wconf 86' lang='grc' dir='ltr'><strong>νεν</strong></span> <span class='ocrx_word' id='word_1_101' title='bbox 296 1701 358 1752; x_wconf 84' lang='grc' dir='ltr'><em>ὲκ</em></span> <span class='ocrx_word' id='word_1_102' title='bbox 395 1699 497 1769; x_wconf 82' lang='grc' dir='ltr'><em>τῆς</em></span> <span class='ocrx_word' id='word_1_103' title='bbox 531 1698 634 1769; x_wconf 83' lang='grc' dir='ltr'><em>σῆς</em></span> <span class='ocrx_word' id='word_1_104' title='bbox 657 1695 1017 1767; x_wconf 75' lang='grc' dir='ltr'><strong>ἀντιλήψεως.</strong></span> 
     </span>
    </p>
   </div>
   <div class='ocr_carea' id='block_1_18' title="bbox 254 1783 1761 1859">
    <p class='ocr_par' dir='ltr' id='par_1_18' title="bbox 254 1783 1761 1859">
     <span class='ocr_line' id='line_1_18' title="bbox 254 1783 1761 1859; baseline -0.006 -15"><span class='ocrx_word' id='word_1_105' title='bbox 254 1791 358 1845; x_wconf 80' lang='lat' dir='ltr'><strong>Kal</strong></span> <span class='ocrx_word' id='word_1_106' title='bbox 392 1791 505 1859; x_wconf 77' lang='grc' dir='ltr'><strong>γὰρ</strong></span> <span class='ocrx_word' id='word_1_107' title='bbox 528 1789 810 1859; x_wconf 72' lang='grc' dir='ltr'><em>εὐλογίας</em></span> <span class='ocrx_word' id='word_1_108' title='bbox 831 1786 1010 1842; x_wconf 81' lang='grc' dir='ltr'><em>δώσει</em></span> <span class='ocrx_word' id='word_1_109' title='bbox 1038 1788 1072 1841; x_wconf 86' lang='lat' dir='ltr'><strong>d</strong></span> <span class='ocrx_word' id='word_1_110' title='bbox 1122 1784 1457 1855; x_wconf 79' lang='grc' dir='ltr'><em>νομοθετῶν</em></span> <span class='ocrx_word' id='word_1_111' title='bbox 1480 1802 1492 1815; x_wconf 90' lang='grc'><strong>·</strong></span> <span class='ocrx_word' id='word_1_112' title='bbox 1551 1783 1761 1852; x_wconf 81' lang='grc' dir='ltr'><em>πορεύ-</em></span> 
     </span>
    </p>
   </div>
   <div class='ocr_carea' id='block_1_19' title="bbox 191 1877 1757 1956">
    <p class='ocr_par' dir='ltr' id='par_1_19' title="bbox 191 1877 1757 1956">
     <span class='ocr_line' id='line_1_19' title="bbox 191 1877 1757 1956; baseline -0.008 -15"><span class='ocrx_word' id='word_1_113' title='bbox 191 1904 387 1941; x_wconf 84' lang='grc' dir='ltr'><em>σονται</em></span> <span class='ocrx_word' id='word_1_114' title='bbox 420 1888 491 1941; x_wconf 81' lang='grc' dir='ltr'><em>ἐκ</em></span> <span class='ocrx_word' id='word_1_115' title='bbox 521 1884 834 1956; x_wconf 84' lang='grc' dir='ltr'><em>δυνάμεως</em></span> <span class='ocrx_word' id='word_1_116' title='bbox 859 1885 946 1950; x_wconf 79' lang='grc' dir='ltr'><strong>είς</strong></span> <span class='ocrx_word' id='word_1_117' title='bbox 971 1881 1246 1951; x_wconf 81' lang='grc' dir='ltr'><em>δύναμιν.</em></span> <span class='ocrx_word' id='word_1_118' title='bbox 1288 1879 1566 1951; x_wconf 77' lang='grc' dir='ltr'><em>Ἀμοιδάς,</em></span> <span class='ocrx_word' id='word_1_119' title='bbox 1602 1877 1757 1948; x_wconf 69' lang='grc' dir='ltr'><em>φησι,</em></span> 
     </span>
    </p>
   </div>
   <div class='ocr_carea' id='block_1_20' title="bbox 188 1969 1762 2047">
    <p class='ocr_par' dir='ltr' id='par_1_20' title="bbox 188 1969 1762 2047">
     <span class='ocr_line' id='line_1_20' title="bbox 188 1969 1762 2047; baseline -0.007 -16"><span class='ocrx_word' id='word_1_120' title='bbox 188 1979 290 2031; x_wconf 86' lang='grc' dir='ltr'><strong>τῶν</strong></span> <span class='ocrx_word' id='word_1_121' title='bbox 319 1978 501 2031; x_wconf 87' lang='grc' dir='ltr'><em>καλῶν</em></span> <span class='ocrx_word' id='word_1_122' title='bbox 523 1975 803 2047; x_wconf 83' lang='grc' dir='ltr'><strong>λογισμῶν</strong></span> <span class='ocrx_word' id='word_1_123' title='bbox 824 1974 985 2028; x_wconf 85' lang='grc' dir='ltr'><em>δώσει</em></span> <span class='ocrx_word' id='word_1_124' title='bbox 1002 1973 1185 2037; x_wconf 77' lang='grc' dir='ltr'><em>αὐτοῖς</em></span> <span class='ocrx_word' id='word_1_125' title='bbox 1204 1974 1232 2025; x_wconf 85' lang='grc' dir='ltr'>ὁ</span> <span class='ocrx_word' id='word_1_126' title='bbox 1255 1969 1581 2040; x_wconf 80' lang='grc' dir='ltr'><strong>νομοθετῶν,</strong></span> <span class='ocrx_word' id='word_1_127' title='bbox 1614 1984 1762 2022; x_wconf 84' lang='grc' dir='ltr'><em>τουτ-</em></span> 
     </span>
    </p>
   </div>
   <div class='ocr_carea' id='block_1_21' title="bbox 193 2059 1766 2137">
    <p class='ocr_par' dir='ltr' id='par_1_21' title="bbox 193 2059 1766 2137">
     <span class='ocr_line' id='line_1_21' title="bbox 193 2059 1766 2137; baseline -0.006 -16"><span class='ocrx_word' id='word_1_128' title='bbox 193 2069 328 2123; x_wconf 82' lang='grc' dir='ltr'><em>έστιν</em></span> <span class='ocrx_word' id='word_1_129' title='bbox 358 2073 386 2123; x_wconf 76' lang='grc' dir='ltr'><strong>ὁ</strong></span> <span class='ocrx_word' id='word_1_130' title='bbox 412 2070 505 2123; x_wconf 73' lang='grc' dir='ltr'><em>τὸν</em></span> <span class='ocrx_word' id='word_1_131' title='bbox 532 2068 695 2137; x_wconf 82' lang='grc' dir='ltr'><em>νόμον</em></span> <span class='ocrx_word' id='word_1_132' title='bbox 714 2067 898 2129; x_wconf 80' lang='grc' dir='ltr'><em>αὐτοῖς</em></span> <span class='ocrx_word' id='word_1_133' title='bbox 924 2065 1026 2136; x_wconf 83' lang='grc' dir='ltr'><em>τῆς</em></span> <span class='ocrx_word' id='word_1_134' title='bbox 1056 2062 1267 2132; x_wconf 80' lang='grc' dir='ltr'><strong>Καινῆς</strong></span> <span class='ocrx_word' id='word_1_135' title='bbox 1295 2059 1548 2123; x_wconf 82' lang='grc' dir='ltr'><em>δεδωκὼς</em></span> <span class='ocrx_word' id='word_1_136' title='bbox 1576 2059 1766 2131; x_wconf 82' lang='grc' dir='ltr'><em>Διαθή-</em></span> 
     </span>
    </p>
   </div>
   <div class='ocr_carea' id='block_1_22' title="bbox 194 2153 1766 2232">
    <p class='ocr_par' dir='ltr' id='par_1_22' title="bbox 194 2153 1766 2232">
     <span class='ocr_line' id='line_1_22' title="bbox 194 2153 1766 2232; baseline -0.007 -17"><span class='ocrx_word' id='word_1_137' title='bbox 194 2179 303 2232; x_wconf 85' lang='grc' dir='ltr'><em>κης.</em></span> <span class='ocrx_word' id='word_1_138' title='bbox 336 2162 496 2224; x_wconf 89' lang='grc' dir='ltr'><em>Τίνες</em></span> <span class='ocrx_word' id='word_1_139' title='bbox 520 2161 567 2213; x_wconf 76' lang='grc' dir='ltr'><strong>δ’</strong></span> <span class='ocrx_word' id='word_1_140' title='bbox 608 2159 675 2214; x_wconf 81' lang='grc' dir='ltr'>ἂν</span> <span class='ocrx_word' id='word_1_141' title='bbox 703 2153 812 2212; x_wconf 74' lang='grc' dir='ltr'><em>εἷεν</em></span> <span class='ocrx_word' id='word_1_142' title='bbox 843 2158 898 2211; x_wconf 81' lang='lat' dir='ltr'><strong>al</strong></span> <span class='ocrx_word' id='word_1_143' title='bbox 931 2156 1189 2225; x_wconf 83' lang='grc' dir='ltr'><em>εὐλογίαι,</em></span> <span class='ocrx_word' id='word_1_144' title='bbox 1228 2154 1261 2226; x_wconf 71' lang='grc' dir='ltr'>ἢ</span> <span class='ocrx_word' id='word_1_145' title='bbox 1293 2154 1354 2207; x_wconf 80' lang='grc' dir='ltr'><em>τὸ</em></span> <span class='ocrx_word' id='word_1_146' title='bbox 1389 2155 1452 2207; x_wconf 82' lang='grc' dir='ltr'><em>ὲκ</em></span> <span class='ocrx_word' id='word_1_147' title='bbox 1483 2153 1766 2222; x_wconf 80' lang='grc' dir='ltr'><em>δυνάμεως</em></span> 
     </span>
    </p>
   </div>
   <div class='ocr_carea' id='block_1_23' title="bbox 194 2243 1766 2323">
    <p class='ocr_par' dir='ltr' id='par_1_23' title="bbox 194 2243 1766 2323">
     <span class='ocr_line' id='line_1_23' title="bbox 194 2243 1766 2323; baseline -0.004 -19"><span class='ocrx_word' id='word_1_148' title='bbox 194 2255 265 2315; x_wconf 82' lang='grc' dir='ltr'><strong>είς</strong></span> <span class='ocrx_word' id='word_1_149' title='bbox 296 2252 529 2323; x_wconf 79' lang='grc' dir='ltr'><em>δύναμιν</em></span> <span class='ocrx_word' id='word_1_150' title='bbox 562 2250 930 2322; x_wconf 77' lang='grc' dir='ltr'><em>πορευθῆναις</em></span> <span class='ocrx_word' id='word_1_151' title='bbox 959 2248 1120 2318; x_wconf 78' lang='grc' dir='ltr'><em>Λέγει</em></span> <span class='ocrx_word' id='word_1_152' title='bbox 1152 2247 1208 2301; x_wconf 86' lang='grc' dir='ltr'>δὲ</span> <span class='ocrx_word' id='word_1_153' title='bbox 1236 2245 1344 2300; x_wconf 77' lang='grc' dir='ltr'><em>ἀπὸ</em></span> <span class='ocrx_word' id='word_1_154' title='bbox 1389 2247 1490 2316; x_wconf 80' lang='grc' dir='ltr'><em>τῆς</em></span> <span class='ocrx_word' id='word_1_155' title='bbox 1534 2243 1766 2297; x_wconf 73' lang='grc' dir='ltr'><em>ἐνταῦθα</em></span> 
     </span>
    </p>
   </div>
   <div class='ocr_carea' id='block_1_24' title="bbox 192 2336 1763 2412">
    <p class='ocr_par' dir='ltr' id='par_1_24' title="bbox 192 2336 1763 2412">
     <span class='ocr_line' id='line_1_24' title="bbox 192 2336 1763 2412; baseline -0.006 -17"><span class='ocrx_word' id='word_1_156' title='bbox 192 2342 457 2406; x_wconf 79' lang='grc' dir='ltr'><strong>πολιτείας</strong></span> <span class='ocrx_word' id='word_1_157' title='bbox 490 2341 595 2412; x_wconf 75' lang='grc' dir='ltr'><em>τῆς</em></span> <span class='ocrx_word' id='word_1_158' title='bbox 632 2340 771 2395; x_wconf 81' lang='grc' dir='ltr'><em>κατὰ</em></span> <span class='ocrx_word' id='word_1_159' title='bbox 798 2339 932 2392; x_wconf 83' lang='grc' dir='ltr'><strong>Θεὸν</strong></span> <span class='ocrx_word' id='word_1_160' title='bbox 974 2342 1054 2404; x_wconf 86' lang='grc' dir='ltr'><strong>είς</strong></span> <span class='ocrx_word' id='word_1_161' title='bbox 1090 2339 1189 2410; x_wconf 80' lang='grc' dir='ltr'><strong>τὴν</strong></span> <span class='ocrx_word' id='word_1_162' title='bbox 1238 2338 1350 2392; x_wconf 80' lang='grc' dir='ltr'><strong>ἀνω</strong></span> <span class='ocrx_word' id='word_1_163' title='bbox 1388 2336 1763 2407; x_wconf 80' lang='grc' dir='ltr'><em>Ἰερουσαλὴμ,</em></span> 
     </span>
    </p>
   </div>
   <div class='ocr_carea' id='block_1_25' title="bbox 192 2428 1762 2501">
    <p class='ocr_par' dir='ltr' id='par_1_25' title="bbox 192 2428 1762 2501">
     <span class='ocr_line' id='line_1_25' title="bbox 192 2428 1762 2501; baseline -0.006 -14"><span class='ocrx_word' id='word_1_164' title='bbox 192 2434 310 2487; x_wconf 76' lang='grc' dir='ltr'><em>ἔνθα</em></span> <span class='ocrx_word' id='word_1_165' title='bbox 341 2435 437 2487; x_wconf 78' lang='grc' dir='ltr'><em>καὶ</em></span> <span class='ocrx_word' id='word_1_166' title='bbox 466 2432 796 2494; x_wconf 81' lang='grc' dir='ltr'><strong>ἀπελθόντες</strong></span> <span class='ocrx_word' id='word_1_167' title='bbox 828 2430 1051 2501; x_wconf 74' lang='grc' dir='ltr'><em>ὄψονται</em></span> <span class='ocrx_word' id='word_1_168' title='bbox 1085 2430 1176 2484; x_wconf 78' lang='grc' dir='ltr'><em>τὸν</em></span> <span class='ocrx_word' id='word_1_169' title='bbox 1215 2429 1347 2483; x_wconf 77' lang='grc' dir='ltr'><em>Θεὸν</em></span> <span class='ocrx_word' id='word_1_170' title='bbox 1382 2428 1565 2491; x_wconf 80' lang='grc' dir='ltr'><em>καθώς</em></span> <span class='ocrx_word' id='word_1_171' title='bbox 1595 2430 1762 2481; x_wconf 76' lang='grc' dir='ltr'><em>ἐστιν.</em></span> 
     </span>
    </p>
   </div>
   <div class='ocr_carea' id='block_1_26' title="bbox 256 2520 1762 2592">
    <p class='ocr_par' dir='ltr' id='par_1_26' title="bbox 256 2520 1762 2592">
     <span class='ocr_line' id='line_1_26' title="bbox 256 2520 1762 2592; baseline -0.005 -12"><span class='ocrx_word' id='word_1_172' title='bbox 256 2524 623 2592; x_wconf 67' lang='grc' dir='ltr'><em>Ἐπίὄλεψον</em></span> <span class='ocrx_word' id='word_1_173' title='bbox 660 2525 747 2588; x_wconf 82' lang='grc' dir='ltr'><strong>είς</strong></span> <span class='ocrx_word' id='word_1_174' title='bbox 786 2524 1112 2590; x_wconf 81' lang='grc' dir='ltr'><em>πρόσωπον</em></span> <span class='ocrx_word' id='word_1_175' title='bbox 1153 2522 1261 2575; x_wconf 84' lang='grc' dir='ltr'><em>τοῦ</em></span> <span class='ocrx_word' id='word_1_176' title='bbox 1310 2520 1567 2589; x_wconf 82' lang='grc' dir='ltr'><strong>Χριστοῦ</strong></span> <span class='ocrx_word' id='word_1_177' title='bbox 1622 2534 1762 2572; x_wconf 87' lang='grc' dir='ltr'><em>σου.</em></span> 
     </span>
    </p>
   </div>
   <div class='ocr_carea' id='block_1_27' title="bbox 193 2609 1768 2687">
    <p class='ocr_par' dir='ltr' id='par_1_27' title="bbox 193 2609 1768 2687">
     <span class='ocr_line' id='line_1_27' title="bbox 193 2609 1768 2687; baseline -0.003 -17"><span class='ocrx_word' id='word_1_178' title='bbox 193 2617 413 2687; x_wconf 76' lang='grc' dir='ltr'><em>Χριστὸν</em></span> <span class='ocrx_word' id='word_1_179' title='bbox 441 2614 680 2671; x_wconf 75' lang='grc' dir='ltr'><em>ὲνταῦθα</em></span> <span class='ocrx_word' id='word_1_180' title='bbox 708 2614 800 2667; x_wconf 81' lang='grc' dir='ltr'><em>τὸν</em></span> <span class='ocrx_word' id='word_1_181' title='bbox 834 2613 1171 2684; x_wconf 81' lang='grc' dir='ltr'><strong>κεκλημένον</strong></span> <span class='ocrx_word' id='word_1_182' title='bbox 1213 2611 1340 2666; x_wconf 82' lang='grc' dir='ltr'><em>λαὸν</em></span> <span class='ocrx_word' id='word_1_183' title='bbox 1384 2612 1465 2676; x_wconf 85' lang='grc' dir='ltr'><strong>είς</strong></span> <span class='ocrx_word' id='word_1_184' title='bbox 1498 2609 1768 2681; x_wconf 78' lang='grc' dir='ltr'><em>βασίλειον</em></span> 
     </span>
    </p>
   </div>
   <div class='ocr_carea' id='block_1_28' title="bbox 197 2710 677 2781">
    <p class='ocr_par' dir='ltr' id='par_1_28' title="bbox 197 2710 677 2781">
     <span class='ocr_line' id='line_1_28' title="bbox 197 2710 677 2781; baseline -0.004 -19"><span class='ocrx_word' id='word_1_185' title='bbox 197 2710 487 2781; x_wconf 73' lang='grc' dir='ltr'><em>ἱεράτευμά</em></span> <span class='ocrx_word' id='word_1_186' title='bbox 522 2724 677 2779; x_wconf 82' lang='grc' dir='ltr'><em>φησι.</em></span> 
     </span>
    </p>
   </div>
   <div class='ocr_carea' id='block_1_29' title="bbox 261 2786 1769 2870">
    <p class='ocr_par' dir='ltr' id='par_1_29' title="bbox 261 2786 1769 2870">
     <span class='ocr_line' id='line_1_29' title="bbox 261 2786 1769 2870; baseline -0.005 -15"><span class='ocrx_word' id='word_1_187' title='bbox 261 2804 377 2855; x_wconf 84' lang='grc' dir='ltr'><em>Ὅτι</em></span> <span class='ocrx_word' id='word_1_188' title='bbox 406 2802 714 2870; x_wconf 80' lang='grc' dir='ltr'><strong>κρείσσων</strong></span> <span class='ocrx_word' id='word_1_189' title='bbox 754 2796 944 2867; x_wconf 74' lang='grc' dir='ltr'><em>ἡμέρα</em></span> <span class='ocrx_word' id='word_1_190' title='bbox 968 2796 1077 2866; x_wconf 85' lang='grc' dir='ltr'><strong>μία</strong></span> <span class='ocrx_word' id='word_1_191' title='bbox 1114 2796 1183 2849; x_wconf 85' lang='grc' dir='ltr'><em>ὲν</em></span> <span class='ocrx_word' id='word_1_192' title='bbox 1232 2794 1364 2861; x_wconf 81' lang='grc' dir='ltr'><em>ταῖς</em></span> <span class='ocrx_word' id='word_1_193' title='bbox 1405 2786 1621 2859; x_wconf 76' lang='grc' dir='ltr'><em>αὐλαῖς</em></span> <span class='ocrx_word' id='word_1_194' title='bbox 1651 2806 1769 2847; x_wconf 84' lang='grc' dir='ltr'><strong>σου</strong></span> 
     </span>
    </p>
   </div>
   <div class='ocr_carea' id='block_1_30' title="bbox 196 2881 1767 2962">
    <p class='ocr_par' dir='ltr' id='par_1_30' title="bbox 196 2881 1767 2962">
     <span class='ocr_line' id='line_1_30' title="bbox 196 2881 1767 2962; baseline -0.008 -15"><span class='ocrx_word' id='word_1_195' title='bbox 196 2893 335 2962; x_wconf 77' lang='grc' dir='ltr'><strong>ὑπὲρ</strong></span> <span class='ocrx_word' id='word_1_196' title='bbox 363 2890 665 2962; x_wconf 75' lang='grc' dir='ltr'><em>χιλιάδας.</em></span> <span class='ocrx_word' id='word_1_197' title='bbox 701 2889 947 2958; x_wconf 83' lang='grc' dir='ltr'><em>Ἦμέραν</em></span> <span class='ocrx_word' id='word_1_198' title='bbox 981 2886 1108 2955; x_wconf 88' lang='grc' dir='ltr'><em>μίαν</em></span> <span class='ocrx_word' id='word_1_199' title='bbox 1137 2885 1245 2937; x_wconf 87' lang='grc' dir='ltr'><strong>τῶν</strong></span> <span class='ocrx_word' id='word_1_200' title='bbox 1276 2884 1455 2937; x_wconf 83' lang='grc' dir='ltr'><em>αὐλῶν</em></span> <span class='ocrx_word' id='word_1_201' title='bbox 1487 2882 1580 2936; x_wconf 80' lang='grc' dir='ltr'><em>τοῦ</em></span> <span class='ocrx_word' id='word_1_202' title='bbox 1609 2881 1767 2946; x_wconf 83' lang='grc' dir='ltr'><strong>Θεοῦ,</strong></span> 
     </span>
    </p>
   </div>
   <div class='ocr_carea' id='block_1_31' title="bbox 196 2974 1770 3048">
    <p class='ocr_par' dir='ltr' id='par_1_31' title="bbox 196 2974 1770 3048">
     <span class='ocr_line' id='line_1_31' title="bbox 196 2974 1770 3048; baseline -0.01 -9"><span class='ocrx_word' id='word_1_203' title='bbox 196 2986 428 3038; x_wconf 73' lang='grc' dir='ltr'><strong>τουτέστι</strong></span> <span class='ocrx_word' id='word_1_204' title='bbox 473 2979 587 3034; x_wconf 91' lang='grc' dir='ltr'><strong>τῶν</strong></span> <span class='ocrx_word' id='word_1_205' title='bbox 627 2977 965 3048; x_wconf 75' lang='grc' dir='ltr'><strong>ἐκκλησιῶν,</strong></span> <span class='ocrx_word' id='word_1_206' title='bbox 1012 2976 1110 3046; x_wconf 78' lang='grc' dir='ltr'><strong>τὴν</strong></span> <span class='ocrx_word' id='word_1_207' title='bbox 1151 2975 1519 3045; x_wconf 83' lang='grc' dir='ltr'><em>ἀναστάσιμον</em></span> <span class='ocrx_word' id='word_1_208' title='bbox 1557 2974 1770 3046; x_wconf 82' lang='grc' dir='ltr'><strong>ἡμέραν</strong></span> 
     </span>
    </p>
   </div>
   <div class='ocr_carea' id='block_1_32' title="bbox 196 3067 1768 3145">
    <p class='ocr_par' dir='ltr' id='par_1_32' title="bbox 196 3067 1768 3145">
     <span class='ocr_line' id='line_1_32' title="bbox 196 3067 1768 3145; baseline -0.006 -15"><span class='ocrx_word' id='word_1_209' title='bbox 196 3076 281 3130; x_wconf 74' lang='grc' dir='ltr'><em>τοῦ</em></span> <span class='ocrx_word' id='word_1_210' title='bbox 311 3076 565 3145; x_wconf 75' lang='grc' dir='ltr'><em>Σωτῆρος</em></span> <span class='ocrx_word' id='word_1_211' title='bbox 608 3071 878 3143; x_wconf 69' lang='grc' dir='ltr'><em>ὑπώηλοῖ.</em></span> <span class='ocrx_word' id='word_1_212' title='bbox 924 3068 1182 3133; x_wconf 78' lang='grc' dir='ltr'><em>Χιλιάδας</em></span> <span class='ocrx_word' id='word_1_213' title='bbox 1229 3067 1285 3120; x_wconf 79' lang='grc' dir='ltr'><strong>δὲ</strong></span> <span class='ocrx_word' id='word_1_214' title='bbox 1312 3108 1326 3133; x_wconf 94' lang='grc'><strong>,</strong></span> <span class='ocrx_word' id='word_1_215' title='bbox 1362 3068 1481 3139; x_wconf 72' lang='grc' dir='ltr'><em>ἦτοι</em></span> <span class='ocrx_word' id='word_1_216' title='bbox 1534 3067 1768 3139; x_wconf 79' lang='grc' dir='ltr'><strong>χιλιάδα,</strong></span> 
     </span>
    </p>
   </div>
   <div class='ocr_carea' id='block_1_33' title="bbox 196 3160 1773 3237">
    <p class='ocr_par' dir='ltr' id='par_1_33' title="bbox 196 3160 1773 3237">
     <span class='ocr_line' id='line_1_33' title="bbox 196 3160 1773 3237; baseline -0.006 -16"><span class='ocrx_word' id='word_1_217' title='bbox 196 3167 328 3221; x_wconf 79' lang='grc' dir='ltr'><em>οὕτω</em></span> <span class='ocrx_word' id='word_1_218' title='bbox 356 3166 466 3237; x_wconf 77' lang='grc' dir='ltr'><strong>γάρ</strong></span> <span class='ocrx_word' id='word_1_219' title='bbox 502 3165 732 3236; x_wconf 77' lang='grc' dir='ltr'><em>εὓρηται</em></span> <span class='ocrx_word' id='word_1_220' title='bbox 765 3164 823 3216; x_wconf 79' lang='grc' dir='ltr'><strong>ὲν</strong></span> <span class='ocrx_word' id='word_1_221' title='bbox 853 3165 919 3234; x_wconf 83' lang='grc' dir='ltr'><em>τῇ</em></span> <span class='ocrx_word' id='word_1_222' title='bbox 961 3160 1226 3234; x_wconf 79' lang='grc' dir='ltr'><em>Ἐϐραίων</em></span> <span class='ocrx_word' id='word_1_223' title='bbox 1254 3162 1439 3233; x_wconf 72' lang='grc' dir='ltr'><em>Γραφῇ</em></span> <span class='ocrx_word' id='word_1_224' title='bbox 1462 3201 1476 3225; x_wconf 93' lang='grc'><strong>,</strong></span> <span class='ocrx_word' id='word_1_225' title='bbox 1500 3160 1600 3232; x_wconf 81' lang='grc' dir='ltr'><strong>τὴν</strong></span> <span class='ocrx_word' id='word_1_226' title='bbox 1633 3160 1773 3213; x_wconf 85' lang='grc' dir='ltr'><strong>κατά</strong></span> 
     </span>
    </p>
   </div>
   <div class='ocr_carea' id='block_1_34' title="bbox 198 3250 1843 3338">
    <p class='ocr_par' dir='ltr' id='par_1_34' title="bbox 198 3250 1843 3338">
     <span class='ocr_line' id='line_1_34' title="bbox 198 3250 1843 3338; baseline -0.007 -25"><span class='ocrx_word' id='word_1_227' title='bbox 198 3262 349 3331; x_wconf 85' lang='grc' dir='ltr'><em>νόμον</em></span> <span class='ocrx_word' id='word_1_228' title='bbox 375 3256 642 3330; x_wconf 78' lang='grc' dir='ltr'><em>λατρείαν</em></span> <span class='ocrx_word' id='word_1_229' title='bbox 673 3256 860 3327; x_wconf 79' lang='grc' dir='ltr'><em>φησὶν,</em></span> <span class='ocrx_word' id='word_1_230' title='bbox 894 3256 1015 3325; x_wconf 69' lang='grc' dir='ltr'><em>ἥτις</em></span> <span class='ocrx_word' id='word_1_231' title='bbox 1065 3256 1145 3316; x_wconf 79' lang='grc' dir='ltr'><em>εἰς</em></span> <span class='ocrx_word' id='word_1_232' title='bbox 1167 3252 1377 3323; x_wconf 86' lang='grc' dir='ltr'><em>χιλιάδα</em></span> <span class='ocrx_word' id='word_1_233' title='bbox 1411 3251 1547 3305; x_wconf 69' lang='grc' dir='ltr'><em>ἐτῶν</em></span> <span class='ocrx_word' id='word_1_234' title='bbox 1571 3250 1773 3321; x_wconf 88' lang='grc' dir='ltr'><em>κεκρά-</em></span> <span class='ocrx_word' id='word_1_235' title='bbox 1799 3278 1843 3338; x_wconf 78' lang='lat' dir='ltr'><strong>c</strong></span> 
     </span>
    </p>
   </div>
   <div class='ocr_carea' id='block_1_35' title="bbox 197 3342 1770 3423">
    <p class='ocr_par' dir='ltr' id='par_1_35' title="bbox 197 3342 1770 3423">
     <span class='ocr_line' id='line_1_35' title="bbox 197 3342 1770 3423; baseline -0.006 -20"><span class='ocrx_word' id='word_1_236' title='bbox 197 3368 370 3423; x_wconf 85' lang='grc' dir='ltr'><em>τηκεν,</em></span> <span class='ocrx_word' id='word_1_237' title='bbox 399 3350 689 3423; x_wconf 78' lang='grc' dir='ltr'><em>ἀρξαμένη</em></span> <span class='ocrx_word' id='word_1_238' title='bbox 719 3348 828 3401; x_wconf 81' lang='grc' dir='ltr'><em>ἀπὸ</em></span> <span class='ocrx_word' id='word_1_239' title='bbox 868 3346 977 3400; x_wconf 89' lang='grc' dir='ltr'><em>τῶν</em></span> <span class='ocrx_word' id='word_1_240' title='bbox 1027 3345 1119 3398; x_wconf 78' lang='grc' dir='ltr'><em>τοῦ</em></span> <span class='ocrx_word' id='word_1_241' title='bbox 1161 3343 1503 3414; x_wconf 73' lang='grc' dir='ltr'><em>Σολομῶντος</em></span> <span class='ocrx_word' id='word_1_242' title='bbox 1543 3342 1770 3413; x_wconf 83' lang='grc' dir='ltr'><strong>χρόνων,</strong></span> 
     </span>
    </p>
   </div>
   <div class='ocr_carea' id='block_1_36' title="bbox 198 3431 1775 3512">
    <p class='ocr_par' dir='ltr' id='par_1_36' title="bbox 198 3431 1775 3512">
     <span class='ocr_line' id='line_1_36' title="bbox 198 3431 1775 3512; baseline -0.008 -15"><span class='ocrx_word' id='word_1_243' title='bbox 198 3444 283 3511; x_wconf 67' lang='grc' dir='ltr'><strong>ἀφ’</strong></span> <span class='ocrx_word' id='word_1_244' title='bbox 308 3437 367 3496; x_wconf 71' lang='grc' dir='ltr'><em>οὗ</em></span> <span class='ocrx_word' id='word_1_245' title='bbox 400 3440 800 3512; x_wconf 81' lang='grc' dir='ltr'><strong>τεθεμελίωται</strong></span> <span class='ocrx_word' id='word_1_246' title='bbox 827 3437 1009 3500; x_wconf 86' lang='grc' dir='ltr'><em>όθεῖος</em></span> <span class='ocrx_word' id='word_1_247' title='bbox 1024 3436 1177 3502; x_wconf 68' lang='grc' dir='ltr'><em>ναὸς,</em></span> <span class='ocrx_word' id='word_1_248' title='bbox 1210 3435 1372 3506; x_wconf 85' lang='grc' dir='ltr'><em>μέχρι</em></span> <span class='ocrx_word' id='word_1_249' title='bbox 1401 3433 1500 3504; x_wconf 72' lang='grc' dir='ltr'><em>τῆς</em></span> <span class='ocrx_word' id='word_1_250' title='bbox 1537 3431 1629 3485; x_wconf 78' lang='grc' dir='ltr'><em>τοῦ</em></span> <span class='ocrx_word' id='word_1_251' title='bbox 1664 3432 1775 3485; x_wconf 87' lang='grc' dir='ltr'><strong>Σω-</strong></span> 
     </span>
    </p>
   </div>
   <div class='ocr_carea' id='block_1_37' title="bbox 198 3522 1773 3606">
    <p class='ocr_par' dir='ltr' id='par_1_37' title="bbox 198 3522 1773 3606">
     <span class='ocr_line' id='line_1_37' title="bbox 198 3522 1773 3606; baseline -0.009 -17"><span class='ocrx_word' id='word_1_252' title='bbox 198 3539 350 3606; x_wconf 78' lang='grc' dir='ltr'><em>τῆρος</em></span> <span class='ocrx_word' id='word_1_253' title='bbox 371 3532 700 3604; x_wconf 75' lang='grc' dir='ltr'><em>παρουσίας.</em></span> <span class='ocrx_word' id='word_1_254' title='bbox 716 3528 996 3582; x_wconf 85' lang='grc' dir='ltr'><em>Δείκνυσιν</em></span> <span class='ocrx_word' id='word_1_255' title='bbox 1007 3523 1121 3590; x_wconf 76' lang='grc' dir='ltr'><em>οὖν,</em></span> <span class='ocrx_word' id='word_1_256' title='bbox 1140 3526 1215 3590; x_wconf 82' lang='grc' dir='ltr'><em>ὡς</em></span> <span class='ocrx_word' id='word_1_257' title='bbox 1230 3526 1362 3579; x_wconf 82' lang='grc' dir='ltr'><em>πολὺ</em></span> <span class='ocrx_word' id='word_1_258' title='bbox 1383 3524 1442 3578; x_wconf 81' lang='grc' dir='ltr'><em>τὸ</em></span> <span class='ocrx_word' id='word_1_259' title='bbox 1462 3522 1647 3595; x_wconf 70' lang='grc' dir='ltr'><em>μεῖξον</em></span> <span class='ocrx_word' id='word_1_260' title='bbox 1662 3522 1773 3592; x_wconf 72' lang='lat'><strong>(56)</strong></span> 
     </span>
    </p>
   </div>
   <div class='ocr_carea' id='block_1_38' title="bbox 200 3614 1779 3697">
    <p class='ocr_par' dir='ltr' id='par_1_38' title="bbox 200 3614 1779 3697">
     <span class='ocr_line' id='line_1_38' title="bbox 200 3614 1779 3697; baseline -0.009 -17"><span class='ocrx_word' id='word_1_261' title='bbox 200 3627 289 3697; x_wconf 81' lang='grc' dir='ltr'><em>τῆς</em></span> <span class='ocrx_word' id='word_1_262' title='bbox 306 3622 671 3693; x_wconf 62' lang='grc' dir='ltr'><em>εὐαηελικῆς</em></span> <span class='ocrx_word' id='word_1_263' title='bbox 696 3621 831 3691; x_wconf 87' lang='grc' dir='ltr'><em>πρὸς</em></span> <span class='ocrx_word' id='word_1_264' title='bbox 852 3620 950 3691; x_wconf 80' lang='grc' dir='ltr'><em>τὴν</em></span> <span class='ocrx_word' id='word_1_265' title='bbox 964 3617 1192 3689; x_wconf 81' lang='grc' dir='ltr'><em>νομικὴν</em></span> <span class='ocrx_word' id='word_1_266' title='bbox 1218 3616 1493 3688; x_wconf 79' lang='grc' dir='ltr'><em>λατρείαν.</em></span> <span class='ocrx_word' id='word_1_267' title='bbox 1550 3614 1779 3679; x_wconf 72' lang='grc' dir='ltr'><em>Ἐξελε-</em></span> 
     </span>
    </p>
   </div>
   <div class='ocr_carea' id='block_1_39' title="bbox 200 3706 1773 3788">
    <p class='ocr_par' dir='ltr' id='par_1_39' title="bbox 200 3706 1773 3788">
     <span class='ocr_line' id='line_1_39' title="bbox 200 3706 1773 3788; baseline -0.01 -15"><span class='ocrx_word' id='word_1_268' title='bbox 200 3718 385 3788; x_wconf 76' lang='grc' dir='ltr'><em>ξάμην</em></span> <span class='ocrx_word' id='word_1_269' title='bbox 408 3712 907 3784; x_wconf 76' lang='grc' dir='ltr'><em>παραριπτεῖσθαι</em></span> <span class='ocrx_word' id='word_1_270' title='bbox 938 3711 1007 3765; x_wconf 83' lang='grc' dir='ltr'><em>ἐν</em></span> <span class='ocrx_word' id='word_1_271' title='bbox 1036 3709 1115 3776; x_wconf 83' lang='grc' dir='ltr'><em>τῷ</em></span> <span class='ocrx_word' id='word_1_272' title='bbox 1140 3708 1284 3774; x_wconf 78' lang='grc' dir='ltr'><em>οἴκῳ</em></span> <span class='ocrx_word' id='word_1_273' title='bbox 1324 3707 1429 3762; x_wconf 86' lang='grc' dir='ltr'><em>τοῦ</em></span> <span class='ocrx_word' id='word_1_274' title='bbox 1463 3706 1610 3762; x_wconf 83' lang='grc' dir='ltr'><em>Θεοῦ</em></span> <span class='ocrx_word' id='word_1_275' title='bbox 1634 3723 1773 3775; x_wconf 82' lang='grc' dir='ltr'><em>μου.</em></span> 
     </span>
    </p>
   </div>
   <div class='ocr_carea' id='block_1_40' title="bbox 202 3794 1779 3876">
    <p class='ocr_par' dir='ltr' id='par_1_40' title="bbox 202 3794 1779 3876">
     <span class='ocr_line' id='line_1_40' title="bbox 202 3794 1779 3876; baseline -0.01 -13"><span class='ocrx_word' id='word_1_276' title='bbox 202 3806 315 3863; x_wconf 75' lang='grc' dir='ltr'><strong>Οἷον</strong></span> <span class='ocrx_word' id='word_1_277' title='bbox 347 3810 426 3873; x_wconf 86' lang='grc' dir='ltr'><em>ὼς</em></span> <span class='ocrx_word' id='word_1_278' title='bbox 461 3809 511 3861; x_wconf 87' lang='grc' dir='ltr'><em>εἰ</em></span> <span class='ocrx_word' id='word_1_279' title='bbox 532 3806 678 3875; x_wconf 81' lang='grc' dir='ltr'><em>λέγοι</em></span> <span class='ocrx_word' id='word_1_280' title='bbox 703 3823 716 3835; x_wconf 82' lang='grc'><em>’</em></span> <span class='ocrx_word' id='word_1_281' title='bbox 752 3804 961 3876; x_wconf 78' lang='grc' dir='ltr'><em>Μικρὸς</em></span> <span class='ocrx_word' id='word_1_282' title='bbox 998 3819 1081 3865; x_wconf 89' lang='grc' dir='ltr'><strong>τις</strong></span> <span class='ocrx_word' id='word_1_283' title='bbox 1105 3798 1444 3871; x_wconf 74' lang='grc' dir='ltr'><em>καὶεὺτελὴς</em></span> <span class='ocrx_word' id='word_1_284' title='bbox 1482 3794 1620 3852; x_wconf 76' lang='grc' dir='ltr'><em>εἶναι</em></span> <span class='ocrx_word' id='word_1_285' title='bbox 1646 3796 1779 3867; x_wconf 84' lang='grc' dir='ltr'><strong>μᾶλ-</strong></span> 
     </span>
    </p>
   </div>
   <div class='ocr_carea' id='block_1_41' title="bbox 202 3882 1777 3971">
    <p class='ocr_par' dir='ltr' id='par_1_41' title="bbox 202 3882 1777 3971">
     <span class='ocr_line' id='line_1_41' title="bbox 202 3882 1777 3971; baseline -0.008 -18"><span class='ocrx_word' id='word_1_286' title='bbox 202 3882 286 3957; x_wconf 63' lang='grc' dir='ltr'><strong>λοᾴ</strong></span> <span class='ocrx_word' id='word_1_287' title='bbox 315 3904 379 3957; x_wconf 82' lang='grc' dir='ltr'><strong>ἂν</strong></span> <span class='ocrx_word' id='word_1_288' title='bbox 412 3899 707 3971; x_wconf 72' lang='grc' dir='ltr'><em>βουλοίμην</em></span> <span class='ocrx_word' id='word_1_289' title='bbox 733 3897 839 3950; x_wconf 90' lang='grc' dir='ltr'><strong>τῶν</strong></span> <span class='ocrx_word' id='word_1_290' title='bbox 871 3899 928 3949; x_wconf 78' lang='grc' dir='ltr'><strong>ὲν</strong></span> <span class='ocrx_word' id='word_1_291' title='bbox 960 3897 1025 3964; x_wconf 85' lang='grc' dir='ltr'><em>τῇ</em></span> <span class='ocrx_word' id='word_1_292' title='bbox 1072 3890 1366 3963; x_wconf 79' lang='grc' dir='ltr'><em>Ἐκκλησία</em></span> <span class='ocrx_word' id='word_1_293' title='bbox 1396 3892 1428 3961; x_wconf 84' lang='grc' dir='ltr'>ἢ</span> <span class='ocrx_word' id='word_1_294' title='bbox 1477 3889 1646 3961; x_wconf 79' lang='grc' dir='ltr'><em>μέγας</em></span> <span class='ocrx_word' id='word_1_295' title='bbox 1669 3887 1777 3941; x_wconf 86' lang='grc' dir='ltr'><em>τῶν</em></span> 
     </span>
    </p>
   </div>
   <div class='ocr_carea' id='block_1_42' title="bbox 202 3979 1780 4065">
    <p class='ocr_par' dir='ltr' id='par_1_42' title="bbox 202 3979 1780 4065">
     <span class='ocr_line' id='line_1_42' title="bbox 202 3979 1780 4065; baseline -0.01 -18"><span class='ocrx_word' id='word_1_296' title='bbox 202 3997 255 4047; x_wconf 73' lang='grc' dir='ltr'><strong>ἐν</strong></span> <span class='ocrx_word' id='word_1_297' title='bbox 281 3995 354 4065; x_wconf 81' lang='grc' dir='ltr'><em>τῷ</em></span> <span class='ocrx_word' id='word_1_298' title='bbox 385 3989 702 4063; x_wconf 84' lang='grc' dir='ltr'><em>ἁμαρτωλῷ</em></span> <span class='ocrx_word' id='word_1_299' title='bbox 722 3986 856 4058; x_wconf 81' lang='grc' dir='ltr'><em>λαῷ.</em></span> <span class='ocrx_word' id='word_1_300' title='bbox 886 3985 1071 4038; x_wconf 82' lang='grc' dir='ltr'><em>Ταῦτα</em></span> <span class='ocrx_word' id='word_1_301' title='bbox 1094 3987 1207 4047; x_wconf 84' lang='grc' dir='ltr'><em>τοῖς</em></span> <span class='ocrx_word' id='word_1_302' title='bbox 1231 3986 1288 4035; x_wconf 81' lang='grc' dir='ltr'>ἐν</span> <span class='ocrx_word' id='word_1_303' title='bbox 1318 3980 1595 4034; x_wconf 80' lang='grc' dir='ltr'><em>Βαϐυλῶνι</em></span> <span class='ocrx_word' id='word_1_304' title='bbox 1621 3979 1780 4049; x_wconf 84' lang='grc' dir='ltr'><em>πρόσ-</em></span> 
     </span>
    </p>
   </div>
   <div class='ocr_carea' id='block_1_43' title="bbox 204 4070 1779 4158">
    <p class='ocr_par' dir='ltr' id='par_1_43' title="bbox 204 4070 1779 4158">
     <span class='ocr_line' id='line_1_43' title="bbox 204 4070 1779 4158; baseline -0.011 -18"><span class='ocrx_word' id='word_1_305' title='bbox 204 4102 354 4158; x_wconf 72' lang='grc' dir='ltr'><em>φορα,</em></span> <span class='ocrx_word' id='word_1_306' title='bbox 381 4083 482 4137; x_wconf 81' lang='grc' dir='ltr'><em>καὶ</em></span> <span class='ocrx_word' id='word_1_307' title='bbox 508 4082 637 4153; x_wconf 76' lang='grc' dir='ltr'><strong>ἡμῖν</strong></span> <span class='ocrx_word' id='word_1_308' title='bbox 657 4078 954 4150; x_wconf 77' lang='grc' dir='ltr'><em>ἐπιτήδεια.</em></span> <span class='ocrx_word' id='word_1_309' title='bbox 974 4075 1085 4128; x_wconf 64' lang='grc' dir='ltr'><strong>Καὶ</strong></span> <span class='ocrx_word' id='word_1_310' title='bbox 1112 4073 1219 4145; x_wconf 81' lang='grc' dir='ltr'><em>γὰρ</em></span> <span class='ocrx_word' id='word_1_311' title='bbox 1244 4072 1481 4135; x_wconf 74' lang='grc' dir='ltr'><em>ἐκείνους</em></span> <span class='ocrx_word' id='word_1_312' title='bbox 1502 4070 1779 4124; x_wconf 75' lang='grc' dir='ltr'><em>ἐδίδασκεν</em></span> 
     </span>
    </p>
   </div>
   <div class='ocr_carea' id='block_1_44' title="bbox 204 4159 1778 4250">
    <p class='ocr_par' dir='ltr' id='par_1_44' title="bbox 204 4159 1778 4250">
     <span class='ocr_line' id='line_1_44' title="bbox 204 4159 1778 4250; baseline -0.013 -18"><span class='ocrx_word' id='word_1_313' title='bbox 204 4179 425 4250; x_wconf 76' lang='grc' dir='ltr'><em>ἠχάρις</em></span> <span class='ocrx_word' id='word_1_314' title='bbox 473 4173 569 4227; x_wconf 81' lang='grc' dir='ltr'><em>τοῦ</em></span> <span class='ocrx_word' id='word_1_315' title='bbox 605 4170 921 4241; x_wconf 85' lang='grc' dir='ltr'><em>Πνεύματος</em></span> <span class='ocrx_word' id='word_1_316' title='bbox 959 4166 1033 4239; x_wconf 79' lang='grc' dir='ltr'><em>μὴ</em></span> <span class='ocrx_word' id='word_1_317' title='bbox 1083 4162 1458 4236; x_wconf 76' lang='grc' dir='ltr'><em>παραϐλέπειν</em></span> <span class='ocrx_word' id='word_1_318' title='bbox 1507 4160 1602 4213; x_wconf 75' lang='grc' dir='ltr'><em>τοῦ</em></span> <span class='ocrx_word' id='word_1_319' title='bbox 1631 4159 1778 4212; x_wconf 87' lang='grc' dir='ltr'><em>θείου</em></span> 
     </span>
    </p>
   </div>
   <div class='ocr_carea' id='block_1_45' title="bbox 204 4250 1780 4339">
    <p class='ocr_par' dir='ltr' id='par_1_45' title="bbox 204 4250 1780 4339">
     <span class='ocr_line' id='line_1_45' title="bbox 204 4250 1780 4339; baseline -0.015 -14"><span class='ocrx_word' id='word_1_320' title='bbox 204 4271 342 4325; x_wconf 78' lang='grc' dir='ltr'><em>οἴκου</em></span> <span class='ocrx_word' id='word_1_321' title='bbox 368 4268 473 4339; x_wconf 77' lang='grc' dir='ltr'><strong>τὴν</strong></span> <span class='ocrx_word' id='word_1_322' title='bbox 498 4265 755 4338; x_wconf 74' lang='grc' dir='ltr'><em>ἐρημίαν,</em></span> <span class='ocrx_word' id='word_1_323' title='bbox 800 4262 896 4315; x_wconf 77' lang='grc' dir='ltr'><em>καὶ</em></span> <span class='ocrx_word' id='word_1_324' title='bbox 943 4261 1105 4329; x_wconf 73' lang='grc' dir='ltr'><em>ἡμεῖς</em></span> <span class='ocrx_word' id='word_1_325' title='bbox 1134 4254 1501 4325; x_wconf 79' lang='grc' dir='ltr'><em>παιδευόμεθα</em></span> <span class='ocrx_word' id='word_1_326' title='bbox 1542 4253 1669 4314; x_wconf 80' lang='grc' dir='ltr'><em>τοὺς</em></span> <span class='ocrx_word' id='word_1_327' title='bbox 1701 4250 1780 4321; x_wconf 85' lang='grc' dir='ltr'><em>τῷ</em></span> 
     </span>
    </p>
   </div>
   <div class='ocr_carea' id='block_1_46' title="bbox 204 4343 1712 4431">
    <p class='ocr_par' dir='ltr' id='par_1_46' title="bbox 204 4343 1712 4431">
     <span class='ocr_line' id='line_1_46' title="bbox 204 4343 1712 4431; baseline -0.014 -17"><span class='ocrx_word' id='word_1_328' title='bbox 204 4360 315 4431; x_wconf 76' lang='grc' dir='ltr'><strong>Θεῷ</strong></span> <span class='ocrx_word' id='word_1_329' title='bbox 344 4355 766 4427; x_wconf 78' lang='grc' dir='ltr'><em>ἀφιερωμὲνους</em></span> <span class='ocrx_word' id='word_1_330' title='bbox 799 4351 999 4421; x_wconf 81' lang='grc' dir='ltr'><em>σηκοὺς</em></span> <span class='ocrx_word' id='word_1_331' title='bbox 1029 4349 1115 4401; x_wconf 76' lang='grc' dir='ltr'><em>ἀεὶ</em></span> <span class='ocrx_word' id='word_1_332' title='bbox 1147 4346 1332 4399; x_wconf 83' lang='grc' dir='ltr'><em>ποθεῖν</em></span> <span class='ocrx_word' id='word_1_333' title='bbox 1358 4346 1452 4399; x_wconf 75' lang='grc' dir='ltr'><em>καὶ</em></span> <span class='ocrx_word' id='word_1_334' title='bbox 1476 4343 1712 4414; x_wconf 70' lang='grc' dir='ltr'><em>ἀγαπᾷν.</em></span> 
     </span>
    </p>
   </div>
   <div class='ocr_carea' id='block_1_47' title="bbox 270 4432 1784 4517">
    <p class='ocr_par' dir='ltr' id='par_1_47' title="bbox 270 4432 1784 4517">
     <span class='ocr_line' id='line_1_47' title="bbox 270 4432 1784 4517; baseline -0.02 -12"><span class='ocrx_word' id='word_1_335' title='bbox 270 4451 485 4517; x_wconf 78' lang='grc' dir='ltr'><em>Κύριος</em></span> <span class='ocrx_word' id='word_1_336' title='bbox 525 4447 596 4499; x_wconf 86' lang='grc' dir='ltr'><em>οὐ</em></span> <span class='ocrx_word' id='word_1_337' title='bbox 625 4444 909 4510; x_wconf 78' lang='grc' dir='ltr'><em>στερήσει</em></span> <span class='ocrx_word' id='word_1_338' title='bbox 947 4440 1019 4492; x_wconf 82' lang='grc' dir='ltr'><em>τὰ</em></span> <span class='ocrx_word' id='word_1_339' title='bbox 1056 4436 1248 4508; x_wconf 62' lang='grc' dir='ltr'><em>ἀγαθὰ</em></span> <span class='ocrx_word' id='word_1_340' title='bbox 1294 4434 1415 4500; x_wconf 82' lang='grc' dir='ltr'><em>τοῖς</em></span> <span class='ocrx_word' id='word_1_341' title='bbox 1465 4432 1784 4503; x_wconf 78' lang='grc' dir='ltr'><em>πορευομέ..</em></span> 
     </span>
    </p>
   </div>
   <div class='ocr_carea' id='block_1_48' title="bbox 209 4527 1780 4608">
    <p class='ocr_par' dir='ltr' id='par_1_48' title="bbox 209 4527 1780 4608">
     <span class='ocr_line' id='line_1_48' title="bbox 209 4527 1780 4608; baseline -0.012 -14"><span class='ocrx_word' id='word_1_342' title='bbox 209 4559 325 4608; x_wconf 80' lang='grc' dir='ltr'><em>νοις</em></span> <span class='ocrx_word' id='word_1_343' title='bbox 348 4540 422 4593; x_wconf 74' lang='grc' dir='ltr'><em>ἐν</em></span> <span class='ocrx_word' id='word_1_344' title='bbox 445 4537 682 4603; x_wconf 77' lang='grc' dir='ltr'><em>ἀκακία.</em></span> <span class='ocrx_word' id='word_1_345' title='bbox 709 4536 771 4587; x_wconf 81' lang='lat' dir='ltr'><strong>Ol</strong></span> <span class='ocrx_word' id='word_1_346' title='bbox 801 4533 909 4604; x_wconf 88' lang='grc' dir='ltr'><strong>γάρ</strong></span> <span class='ocrx_word' id='word_1_347' title='bbox 937 4530 1139 4600; x_wconf 82' lang='grc' dir='ltr'><em>ταύτην</em></span> <span class='ocrx_word' id='word_1_348' title='bbox 1167 4530 1378 4599; x_wconf 78' lang='grc' dir='ltr'><em>ἔχοντες</em></span> <span class='ocrx_word' id='word_1_349' title='bbox 1406 4528 1502 4596; x_wconf 83' lang='grc' dir='ltr'><strong>τὴν</strong></span> <span class='ocrx_word' id='word_1_350' title='bbox 1522 4527 1780 4590; x_wconf 78' lang='grc' dir='ltr'><em>διάθεσιν,</em></span> 
     </span>
    </p>
   </div>
   <div class='ocr_carea' id='block_1_49' title="bbox 1854 681 2067 735">
    <p class='ocr_par' dir='ltr' id='par_1_49' title="bbox 1854 681 2067 735">
     <span class='ocr_line' id='line_1_49' title="bbox 1854 681 2067 735; baseline 0.005 -1"><span class='ocrx_word' id='word_1_351' title='bbox 1854 681 2067 735; x_wconf 79' lang='lat' dir='ltr'><strong>tlelicet.</strong></span> 
     </span>
    </p>
   </div>
   <div class='ocr_carea' id='block_1_50' title="bbox 1926 766 3423 838">
    <p class='ocr_par' dir='ltr' id='par_1_50' title="bbox 1926 766 3423 838">
     <span class='ocr_line' id='line_1_50' title="bbox 1926 766 3423 838; baseline -0.007 -12"><span class='ocrx_word' id='word_1_352' title='bbox 1926 771 1980 833; x_wconf 84' lang='lat'><strong>6,</strong></span> <span class='ocrx_word' id='word_1_353' title='bbox 2011 772 2062 824; x_wconf 84' lang='lat'><strong>7.</strong></span> <span class='ocrx_word' id='word_1_354' title='bbox 2102 770 2294 825; x_wconf 88' lang='lat' dir='ltr'><strong>Beatus</strong></span> <span class='ocrx_word' id='word_1_355' title='bbox 2327 770 2406 824; x_wconf 78' lang='lat' dir='ltr'><strong>vir</strong></span> <span class='ocrx_word' id='word_1_356' title='bbox 2429 769 2580 838; x_wconf 83' lang='lat' dir='ltr'><strong>cujus</strong></span> <span class='ocrx_word' id='word_1_357' title='bbox 2610 777 2687 823; x_wconf 85' lang='lat' dir='ltr'><strong>est</strong></span> <span class='ocrx_word' id='word_1_358' title='bbox 2711 768 2976 821; x_wconf 77' lang='lat' dir='ltr'><strong>auxilium</strong></span> <span class='ocrx_word' id='word_1_359' title='bbox 3001 766 3092 822; x_wconf 88' lang='lat' dir='ltr'><strong>abs</strong></span> <span class='ocrx_word' id='word_1_360' title='bbox 3121 775 3203 819; x_wconf 85' lang='lat' dir='ltr'><strong>te:</strong></span> <span class='ocrx_word' id='word_1_361' title='bbox 3242 779 3423 817; x_wconf 81' lang='lat' dir='ltr'><strong>ascen-</strong></span> 
     </span>
    </p>
   </div>
   <div class='ocr_carea' id='block_1_51' title="bbox 1856 857 3422 931">
    <p class='ocr_par' dir='ltr' id='par_1_51' title="bbox 1856 857 3422 931">
     <span class='ocr_line' id='line_1_51' title="bbox 1856 857 3422 931; baseline -0.006 -13"><span class='ocrx_word' id='word_1_362' title='bbox 1856 866 2030 919; x_wconf 85' lang='lat' dir='ltr'><strong>siones</strong></span> <span class='ocrx_word' id='word_1_363' title='bbox 2062 864 2119 916; x_wconf 85' lang='lat' dir='ltr'><strong>in</strong></span> <span class='ocrx_word' id='word_1_364' title='bbox 2156 862 2312 917; x_wconf 83' lang='lat' dir='ltr'><strong>corde</strong></span> <span class='ocrx_word' id='word_1_365' title='bbox 2337 878 2431 916; x_wconf 89' lang='lat' dir='ltr'><strong>suo</strong></span> <span class='ocrx_word' id='word_1_366' title='bbox 2465 861 2745 931; x_wconf 70' lang='lat' dir='ltr'><strong>disposuit.</strong></span> <span class='ocrx_word' id='word_1_367' title='bbox 2780 859 2883 927; x_wconf 85' lang='lat' dir='ltr'><strong>Qui</strong></span> <span class='ocrx_word' id='word_1_368' title='bbox 2918 859 3045 921; x_wconf 85' lang='lat' dir='ltr'><strong>sibi,</strong></span> <span class='ocrx_word' id='word_1_369' title='bbox 3080 857 3275 928; x_wconf 90' lang='lat' dir='ltr'><strong>inquit,</strong></span> <span class='ocrx_word' id='word_1_370' title='bbox 3326 857 3422 909; x_wconf 83' lang='lat' dir='ltr'><strong>ad-</strong></span> 
     </span>
    </p>
   </div>
   <div class='ocr_carea' id='block_1_52' title="bbox 1851 948 3426 1027">
    <p class='ocr_par' dir='ltr' id='par_1_52' title="bbox 1851 948 3426 1027">
     <span class='ocr_line' id='line_1_52' title="bbox 1851 948 3426 1027; baseline -0.006 -16"><span class='ocrx_word' id='word_1_371' title='bbox 1851 956 2091 1027; x_wconf 89' lang='lat' dir='ltr'><strong>jutorem</strong></span> <span class='ocrx_word' id='word_1_372' title='bbox 2119 956 2391 1026; x_wconf 83' lang='lat' dir='ltr'><strong>ascripsit,</strong></span> <span class='ocrx_word' id='word_1_373' title='bbox 2435 955 2610 1010; x_wconf 88' lang='lat' dir='ltr'><strong>bonas</strong></span> <span class='ocrx_word' id='word_1_374' title='bbox 2643 953 2748 1009; x_wconf 85' lang='lat' dir='ltr'><strong>sibi</strong></span> <span class='ocrx_word' id='word_1_375' title='bbox 2785 952 3146 1017; x_wconf 79' lang='lat' dir='ltr'><strong>cogitationes</strong></span> <span class='ocrx_word' id='word_1_376' title='bbox 3185 948 3426 1019; x_wconf 77' lang='lat' dir='ltr'><strong>quotidie</strong></span> 
     </span>
    </p>
   </div>
   <div class='ocr_carea' id='block_1_53' title="bbox 1859 1041 3427 1120">
    <p class='ocr_par' dir='ltr' id='par_1_53' title="bbox 1859 1041 3427 1120">
     <span class='ocr_line' id='line_1_53' title="bbox 1859 1041 3427 1120; baseline -0.006 -16"><span class='ocrx_word' id='word_1_377' title='bbox 1859 1050 2120 1114; x_wconf 90' lang='lat' dir='ltr'><strong>instituit,</strong></span> <span class='ocrx_word' id='word_1_378' title='bbox 2144 1064 2283 1120; x_wconf 89' lang='lat' dir='ltr'><strong>quas</strong></span> <span class='ocrx_word' id='word_1_379' title='bbox 2310 1063 2455 1103; x_wconf 92' lang='lat' dir='ltr'><strong>nunc</strong></span> <span class='ocrx_word' id='word_1_380' title='bbox 2485 1048 2836 1103; x_wconf 90' lang='lat' dir='ltr'><strong>ascensiones</strong></span> <span class='ocrx_word' id='word_1_381' title='bbox 2863 1046 3020 1109; x_wconf 82' lang='lat' dir='ltr'><strong>dixit,</strong></span> <span class='ocrx_word' id='word_1_382' title='bbox 3052 1044 3181 1114; x_wconf 90' lang='lat' dir='ltr'><strong>quia</strong></span> <span class='ocrx_word' id='word_1_383' title='bbox 3212 1042 3264 1096; x_wconf 92' lang='lat' dir='ltr'><strong>in</strong></span> <span class='ocrx_word' id='word_1_384' title='bbox 3297 1041 3427 1111; x_wconf 87' lang='lat' dir='ltr'><strong>ipsis</strong></span> 
     </span>
    </p>
   </div>
   <div class='ocr_carea' id='block_1_54' title="bbox 1857 1131 3429 1212">
    <p class='ocr_par' dir='ltr' id='par_1_54' title="bbox 1857 1131 3429 1212">
     <span class='ocr_line' id='line_1_54' title="bbox 1857 1131 3429 1212; baseline -0.008 -15"><span class='ocrx_word' id='word_1_385' title='bbox 1857 1151 1943 1198; x_wconf 91' lang='lat' dir='ltr'><strong>est</strong></span> <span class='ocrx_word' id='word_1_386' title='bbox 1970 1141 2130 1212; x_wconf 90' lang='lat' dir='ltr'><strong>quasi</strong></span> <span class='ocrx_word' id='word_1_387' title='bbox 2156 1156 2423 1196; x_wconf 84' lang='lat' dir='ltr'><strong>ascensus</strong></span> <span class='ocrx_word' id='word_1_388' title='bbox 2451 1155 2483 1195; x_wconf 92' lang='lat' dir='ltr'><strong>a</strong></span> <span class='ocrx_word' id='word_1_389' title='bbox 2530 1139 2761 1194; x_wconf 84' lang='lat' dir='ltr'><strong>terrenis</strong></span> <span class='ocrx_word' id='word_1_390' title='bbox 2804 1137 2872 1193; x_wconf 91' lang='lat' dir='ltr'><strong>ad</strong></span> <span class='ocrx_word' id='word_1_391' title='bbox 2901 1136 3163 1193; x_wconf 68' lang='lat' dir='ltr'><strong>coelestia.</strong></span> <span class='ocrx_word' id='word_1_392' title='bbox 3195 1134 3260 1188; x_wconf 89' lang='lat' dir='ltr'><strong>In</strong></span> <span class='ocrx_word' id='word_1_393' title='bbox 3296 1131 3429 1188; x_wconf 77' lang='lat' dir='ltr'><strong>valle</strong></span> 
     </span>
    </p>
   </div>
   <div class='ocr_carea' id='block_1_55' title="bbox 1860 1226 3427 1305">
    <p class='ocr_par' dir='ltr' id='par_1_55' title="bbox 1860 1226 3427 1305">
     <span class='ocr_line' id='line_1_55' title="bbox 1860 1226 3427 1305; baseline -0.008 -16"><span class='ocrx_word' id='word_1_394' title='bbox 1860 1235 2244 1305; x_wconf 68' lang='lat' dir='ltr'><strong>lacrumarum.</strong></span> <span class='ocrx_word' id='word_1_395' title='bbox 2283 1231 2492 1287; x_wconf 80' lang='lat' dir='ltr'><strong>Vallem</strong></span> <span class='ocrx_word' id='word_1_396' title='bbox 2523 1232 2890 1302; x_wconf 81' lang='lat' dir='ltr'><strong>lacrymarum</strong></span> <span class='ocrx_word' id='word_1_397' title='bbox 2931 1228 3217 1283; x_wconf 83' lang='lat' dir='ltr'><strong>mortalem</strong></span> <span class='ocrx_word' id='word_1_398' title='bbox 3261 1226 3427 1278; x_wconf 88' lang='lat' dir='ltr'><strong>vitam</strong></span> 
     </span>
    </p>
   </div>
   <div class='ocr_carea' id='block_1_56' title="bbox 1859 1315 3432 1393">
    <p class='ocr_par' dir='ltr' id='par_1_56' title="bbox 1859 1315 3432 1393">
     <span class='ocr_line' id='line_1_56' title="bbox 1859 1315 3432 1393; baseline -0.008 -11"><span class='ocrx_word' id='word_1_399' title='bbox 1859 1326 2013 1382; x_wconf 80' lang='lat' dir='ltr'><strong>dicit.</strong></span> <span class='ocrx_word' id='word_1_400' title='bbox 2054 1326 2141 1380; x_wconf 81' lang='lat' dir='ltr'><strong>Ait</strong></span> <span class='ocrx_word' id='word_1_401' title='bbox 2171 1324 2356 1393; x_wconf 79' lang='lat' dir='ltr'><strong>igitur,</strong></span> <span class='ocrx_word' id='word_1_402' title='bbox 2385 1325 2441 1379; x_wconf 93' lang='lat' dir='ltr'><strong>in</strong></span> <span class='ocrx_word' id='word_1_403' title='bbox 2484 1323 2702 1379; x_wconf 87' lang='lat' dir='ltr'><strong>mortali</strong></span> <span class='ocrx_word' id='word_1_404' title='bbox 2736 1323 2845 1375; x_wconf 86' lang='lat' dir='ltr'><strong>vita</strong></span> <span class='ocrx_word' id='word_1_405' title='bbox 2881 1319 3116 1390; x_wconf 89' lang='lat' dir='ltr'><strong>replebis</strong></span> <span class='ocrx_word' id='word_1_406' title='bbox 3146 1333 3241 1372; x_wconf 88' lang='lat' dir='ltr'><strong>eos</strong></span> <span class='ocrx_word' id='word_1_407' title='bbox 3273 1315 3432 1370; x_wconf 89' lang='lat' dir='ltr'><strong>bonis</strong></span> 
     </span>
    </p>
   </div>
   <div class='ocr_carea' id='block_1_57' title="bbox 1861 1402 3435 1489">
    <p class='ocr_par' dir='ltr' id='par_1_57' title="bbox 1861 1402 3435 1489">
     <span class='ocr_line' id='line_1_57' title="bbox 1861 1402 3435 1489; baseline -0.01 -15"><span class='ocrx_word' id='word_1_408' title='bbox 1861 1418 2305 1489; x_wconf 86' lang='lat' dir='ltr'><strong>cogitationibus.</strong></span> <span class='ocrx_word' id='word_1_409' title='bbox 2351 1414 2595 1485; x_wconf 87' lang='lat' dir='ltr'><strong>quotidie</strong></span> <span class='ocrx_word' id='word_1_410' title='bbox 2643 1413 2932 1468; x_wconf 89' lang='lat' dir='ltr'><strong>instituens</strong></span> <span class='ocrx_word' id='word_1_411' title='bbox 2980 1410 3124 1464; x_wconf 89' lang='lat' dir='ltr'><strong>illos.</strong></span> <span class='ocrx_word' id='word_1_412' title='bbox 3163 1406 3273 1479; x_wconf 76' lang='lat'><strong>(55)</strong></span> <span class='ocrx_word' id='word_1_413' title='bbox 3302 1402 3435 1473; x_wconf 75' lang='lat' dir='ltr'><strong>Qua:</strong></span> 
     </span>
    </p>
   </div>
   <div class='ocr_carea' id='block_1_58' title="bbox 1862 1504 3333 1579">
    <p class='ocr_par' dir='ltr' id='par_1_58' title="bbox 1862 1504 3333 1579">
     <span class='ocr_line' id='line_1_58' title="bbox 1862 1504 3333 1579; baseline -0.01 -12"><span class='ocrx_word' id='word_1_414' title='bbox 1862 1512 1968 1567; x_wconf 85' lang='lat' dir='ltr'><strong>sibi</strong></span> <span class='ocrx_word' id='word_1_415' title='bbox 1999 1527 2063 1566; x_wconf 75' lang='lat' dir='ltr'><strong>ex</strong></span> <span class='ocrx_word' id='word_1_416' title='bbox 2096 1506 2201 1565; x_wconf 86' lang='lat' dir='ltr'><strong>tuo</strong></span> <span class='ocrx_word' id='word_1_417' title='bbox 2222 1507 2526 1579; x_wconf 84' lang='lat' dir='ltr'><strong>patrocinio</strong></span> <span class='ocrx_word' id='word_1_418' title='bbox 2554 1506 2839 1561; x_wconf 80' lang='lat' dir='ltr'><strong>advenisse</strong></span> <span class='ocrx_word' id='word_1_419' title='bbox 2876 1504 3016 1559; x_wconf 87' lang='lat' dir='ltr'><strong>bona</strong></span> <span class='ocrx_word' id='word_1_420' title='bbox 3043 1506 3333 1558; x_wconf 86' lang='lat' dir='ltr'><strong>senserunt</strong></span> 
     </span>
    </p>
   </div>
   <div class='ocr_carea' id='block_1_59' title="bbox 1935 1760 3435 1835">
    <p class='ocr_par' dir='ltr' id='par_1_59' title="bbox 1935 1760 3435 1835">
     <span class='ocr_line' id='line_1_59' title="bbox 1935 1760 3435 1835; baseline -0.011 -6"><span class='ocrx_word' id='word_1_421' title='bbox 1935 1775 1989 1829; x_wconf 85' lang='lat'><strong>8.</strong></span> <span class='ocrx_word' id='word_1_422' title='bbox 2016 1773 2226 1826; x_wconf 78' lang='lat' dir='ltr'><strong>Etenim</strong></span> <span class='ocrx_word' id='word_1_423' title='bbox 2252 1769 2662 1825; x_wconf 76' lang='lat' dir='ltr'><strong>benedictionem</strong></span> <span class='ocrx_word' id='word_1_424' title='bbox 2685 1766 2834 1819; x_wconf 84' lang='lat' dir='ltr'><strong>dabit</strong></span> <span class='ocrx_word' id='word_1_425' title='bbox 2857 1763 3169 1835; x_wconf 86' lang='lat' dir='ltr'><strong>legislator;</strong></span> <span class='ocrx_word' id='word_1_426' title='bbox 3201 1760 3344 1815; x_wconf 88' lang='lat' dir='ltr'><strong>ibunt</strong></span> <span class='ocrx_word' id='word_1_427' title='bbox 3371 1760 3435 1813; x_wconf 83' lang='lat' dir='ltr'><strong>de</strong></span> 
     </span>
    </p>
   </div>
   <div class='ocr_carea' id='block_1_60' title="bbox 1864 1852 3433 1923">
    <p class='ocr_par' dir='ltr' id='par_1_60' title="bbox 1864 1852 3433 1923">
     <span class='ocr_line' id='line_1_60' title="bbox 1864 1852 3433 1923; baseline -0.009 -4"><span class='ocrx_word' id='word_1_428' title='bbox 1864 1864 2056 1920; x_wconf 78' lang='lat' dir='ltr'><strong>virtute</strong></span> <span class='ocrx_word' id='word_1_429' title='bbox 2084 1863 2137 1915; x_wconf 91' lang='lat' dir='ltr'><strong>in</strong></span> <span class='ocrx_word' id='word_1_430' title='bbox 2170 1862 2436 1915; x_wconf 76' lang='lat' dir='ltr'><strong>virtutem.</strong></span> <span class='ocrx_word' id='word_1_431' title='bbox 2468 1857 2894 1919; x_wconf 81' lang='lat' dir='ltr'><strong>Retributiones,</strong></span> <span class='ocrx_word' id='word_1_432' title='bbox 2924 1854 3121 1923; x_wconf 84' lang='lat' dir='ltr'><strong>inquit,</strong></span> <span class='ocrx_word' id='word_1_433' title='bbox 3168 1852 3433 1906; x_wconf 87' lang='lat' dir='ltr'><strong>bonarum</strong></span> 
     </span>
    </p>
   </div>
   <div class='ocr_carea' id='block_1_61' title="bbox 1864 1944 3435 2025">
    <p class='ocr_par' dir='ltr' id='par_1_61' title="bbox 1864 1944 3435 2025">
     <span class='ocr_line' id='line_1_61' title="bbox 1864 1944 3435 2025; baseline -0.009 -14"><span class='ocrx_word' id='word_1_434' title='bbox 1864 1955 2255 2025; x_wconf 81' lang='lat' dir='ltr'><strong>cogitationum</strong></span> <span class='ocrx_word' id='word_1_435' title='bbox 2276 1953 2428 2006; x_wconf 81' lang='lat' dir='ltr'><strong>dabit</strong></span> <span class='ocrx_word' id='word_1_436' title='bbox 2458 1950 2563 2005; x_wconf 89' lang='lat' dir='ltr'><strong>illis</strong></span> <span class='ocrx_word' id='word_1_437' title='bbox 2593 1949 2871 2019; x_wconf 88' lang='lat' dir='ltr'><strong>legislator</strong></span> <span class='ocrx_word' id='word_1_438' title='bbox 2890 1987 2904 2012; x_wconf 93' lang='lat'><strong>,</strong></span> <span class='ocrx_word' id='word_1_439' title='bbox 2935 1944 2990 2000; x_wconf 91' lang='lat' dir='ltr'><strong>id</strong></span> <span class='ocrx_word' id='word_1_440' title='bbox 3021 1955 3106 2001; x_wconf 89' lang='lat' dir='ltr'><strong>est</strong></span> <span class='ocrx_word' id='word_1_441' title='bbox 3143 1944 3236 2015; x_wconf 91' lang='lat' dir='ltr'><strong>qui</strong></span> <span class='ocrx_word' id='word_1_442' title='bbox 3266 1944 3435 2014; x_wconf 89' lang='lat' dir='ltr'><strong>legem</strong></span> 
     </span>
    </p>
   </div>
   <div class='ocr_carea' id='block_1_62' title="bbox 1865 2033 3436 2106">
    <p class='ocr_par' dir='ltr' id='par_1_62' title="bbox 1865 2033 3436 2106">
     <span class='ocr_line' id='line_1_62' title="bbox 1865 2033 3436 2106; baseline -0.01 -5"><span class='ocrx_word' id='word_1_443' title='bbox 1865 2045 2000 2102; x_wconf 84' lang='lat' dir='ltr'><strong>Novi</strong></span> <span class='ocrx_word' id='word_1_444' title='bbox 2028 2042 2362 2101; x_wconf 88' lang='lat' dir='ltr'><strong>Testamenti</strong></span> <span class='ocrx_word' id='word_1_445' title='bbox 2386 2042 2533 2097; x_wconf 90' lang='lat' dir='ltr'><strong>dedit</strong></span> <span class='ocrx_word' id='word_1_446' title='bbox 2563 2041 2689 2095; x_wconf 89' lang='lat' dir='ltr'><strong>illis.</strong></span> <span class='ocrx_word' id='word_1_447' title='bbox 2723 2039 2856 2106; x_wconf 66' lang='lat' dir='ltr'><strong>Quae</strong></span> <span class='ocrx_word' id='word_1_448' title='bbox 2893 2047 3072 2094; x_wconf 85' lang='lat' dir='ltr'><strong>autem</strong></span> <span class='ocrx_word' id='word_1_449' title='bbox 3102 2034 3304 2089; x_wconf 79' lang='lat' dir='ltr'><strong>fuerint</strong></span> <span class='ocrx_word' id='word_1_450' title='bbox 3332 2033 3436 2087; x_wconf 74' lang='lat' dir='ltr'><strong>illa:</strong></span> 
     </span>
    </p>
   </div>
   <div class='ocr_carea' id='block_1_63' title="bbox 1866 2126 3436 2205">
    <p class='ocr_par' dir='ltr' id='par_1_63' title="bbox 1866 2126 3436 2205">
     <span class='ocr_line' id='line_1_63' title="bbox 1866 2126 3436 2205; baseline -0.011 -10"><span class='ocrx_word' id='word_1_451' title='bbox 1866 2138 2293 2204; x_wconf 87' lang='lat' dir='ltr'><strong>benedictiones,</strong></span> <span class='ocrx_word' id='word_1_452' title='bbox 2339 2135 2444 2189; x_wconf 90' lang='lat' dir='ltr'><strong>nisi</strong></span> <span class='ocrx_word' id='word_1_453' title='bbox 2502 2131 2649 2205; x_wconf 89' lang='lat' dir='ltr'><strong>quod</strong></span> <span class='ocrx_word' id='word_1_454' title='bbox 2702 2131 2769 2185; x_wconf 88' lang='lat' dir='ltr'><strong>de</strong></span> <span class='ocrx_word' id='word_1_455' title='bbox 2813 2131 3017 2185; x_wconf 87' lang='lat' dir='ltr'><strong>virtute</strong></span> <span class='ocrx_word' id='word_1_456' title='bbox 3073 2128 3128 2181; x_wconf 91' lang='lat' dir='ltr'><strong>in</strong></span> <span class='ocrx_word' id='word_1_457' title='bbox 3181 2126 3436 2179; x_wconf 75' lang='lat' dir='ltr'><strong>virtutem</strong></span> 
     </span>
    </p>
   </div>
   <div class='ocr_carea' id='block_1_64' title="bbox 1866 2215 3436 2285">
    <p class='ocr_par' dir='ltr' id='par_1_64' title="bbox 1866 2215 3436 2285">
     <span class='ocr_line' id='line_1_64' title="bbox 1866 2215 3436 2285; baseline -0.01 0"><span class='ocrx_word' id='word_1_458' title='bbox 1866 2230 2036 2285; x_wconf 77' lang='lat' dir='ltr'><strong>eant?</strong></span> <span class='ocrx_word' id='word_1_459' title='bbox 2063 2227 2119 2282; x_wconf 89' lang='lat' dir='ltr'><strong>ld</strong></span> <span class='ocrx_word' id='word_1_460' title='bbox 2153 2238 2235 2283; x_wconf 88' lang='lat' dir='ltr'><strong>est</strong></span> <span class='ocrx_word' id='word_1_461' title='bbox 2273 2227 2343 2282; x_wconf 89' lang='lat' dir='ltr'><strong>ab</strong></span> <span class='ocrx_word' id='word_1_462' title='bbox 2371 2228 2475 2282; x_wconf 90' lang='lat' dir='ltr'><strong>boc</strong></span> <span class='ocrx_word' id='word_1_463' title='bbox 2505 2226 2632 2279; x_wconf 74' lang='lat' dir='ltr'><strong>vita:</strong></span> <span class='ocrx_word' id='word_1_464' title='bbox 2663 2222 2909 2278; x_wconf 90' lang='lat' dir='ltr'><strong>instituto</strong></span> <span class='ocrx_word' id='word_1_465' title='bbox 2937 2219 3235 2276; x_wconf 88' lang='lat' dir='ltr'><strong>secundum</strong></span> <span class='ocrx_word' id='word_1_466' title='bbox 3268 2215 3436 2271; x_wconf 88' lang='lat' dir='ltr'><strong>Deum</strong></span> 
     </span>
    </p>
   </div>
   <div class='ocr_carea' id='block_1_65' title="bbox 1866 2314 3433 2387">
    <p class='ocr_par' dir='ltr' id='par_1_65' title="bbox 1866 2314 3433 2387">
     <span class='ocr_line' id='line_1_65' title="bbox 1866 2314 3433 2387; baseline -0.01 -12"><span class='ocrx_word' id='word_1_467' title='bbox 1866 2329 2012 2386; x_wconf 90' lang='lat' dir='ltr'><strong>acto,</strong></span> <span class='ocrx_word' id='word_1_468' title='bbox 2039 2319 2106 2373; x_wconf 88' lang='lat' dir='ltr'><strong>ad</strong></span> <span class='ocrx_word' id='word_1_469' title='bbox 2140 2332 2432 2387; x_wconf 86' lang='lat' dir='ltr'><strong>supernam</strong></span> <span class='ocrx_word' id='word_1_470' title='bbox 2462 2314 2791 2379; x_wconf 85' lang='lat' dir='ltr'><strong>Jerusalem,</strong></span> <span class='ocrx_word' id='word_1_471' title='bbox 2842 2328 2954 2383; x_wconf 93' lang='lat' dir='ltr'><strong>quo</strong></span> <span class='ocrx_word' id='word_1_472' title='bbox 3001 2325 3126 2367; x_wconf 91' lang='lat' dir='ltr'><strong>cum</strong></span> <span class='ocrx_word' id='word_1_473' title='bbox 3171 2321 3433 2377; x_wconf 87' lang='lat' dir='ltr'><strong>pervene-</strong></span> 
     </span>
    </p>
   </div>
   <div class='ocr_carea' id='block_1_66' title="bbox 1867 2407 2794 2477">
    <p class='ocr_par' dir='ltr' id='par_1_66' title="bbox 1867 2407 2794 2477">
     <span class='ocr_line' id='line_1_66' title="bbox 1867 2407 2794 2477; baseline -0.008 -10"><span class='ocrx_word' id='word_1_474' title='bbox 1867 2412 2001 2477; x_wconf 90' lang='lat' dir='ltr'><strong>rint,</strong></span> <span class='ocrx_word' id='word_1_475' title='bbox 2031 2410 2292 2466; x_wconf 86' lang='lat' dir='ltr'><strong>videbunt</strong></span> <span class='ocrx_word' id='word_1_476' title='bbox 2310 2408 2481 2464; x_wconf 89' lang='lat' dir='ltr'><strong>Deum</strong></span> <span class='ocrx_word' id='word_1_477' title='bbox 2502 2407 2661 2462; x_wconf 87' lang='lat' dir='ltr'><strong>sicuti</strong></span> <span class='ocrx_word' id='word_1_478' title='bbox 2690 2419 2794 2461; x_wconf 88' lang='lat' dir='ltr'><strong>est.</strong></span> 
     </span>
    </p>
   </div>
   <div class='ocr_carea' id='block_1_67' title="bbox 1934 2484 3441 2569">
    <p class='ocr_par' dir='ltr' id='par_1_67' title="bbox 1934 2484 3441 2569">
     <span class='ocr_line' id='line_1_67' title="bbox 1934 2484 3441 2569; baseline -0.013 -11"><span class='ocrx_word' id='word_1_479' title='bbox 1934 2503 2022 2558; x_wconf 79' lang='grc'><strong>10.</strong></span> <span class='ocrx_word' id='word_1_480' title='bbox 2054 2501 2269 2567; x_wconf 79' lang='lat' dir='ltr'><strong>Respice</strong></span> <span class='ocrx_word' id='word_1_481' title='bbox 2308 2501 2365 2554; x_wconf 88' lang='lat' dir='ltr'><strong>in</strong></span> <span class='ocrx_word' id='word_1_482' title='bbox 2406 2499 2597 2569; x_wconf 83' lang='lat' dir='ltr'><strong>faciem</strong></span> <span class='ocrx_word' id='word_1_483' title='bbox 2638 2496 2837 2551; x_wconf 81' lang='lat' dir='ltr'><strong>Christi</strong></span> <span class='ocrx_word' id='word_1_484' title='bbox 2884 2493 2983 2547; x_wconf 87' lang='lat' dir='ltr'><strong>tui.</strong></span> <span class='ocrx_word' id='word_1_485' title='bbox 3036 2488 3313 2546; x_wconf 87' lang='lat' dir='ltr'><strong>Christum</strong></span> <span class='ocrx_word' id='word_1_486' title='bbox 3352 2484 3441 2539; x_wconf 83' lang='lat' dir='ltr'><strong>liic</strong></span> 
     </span>
    </p>
   </div>
   <div class='ocr_carea' id='block_1_68' title="bbox 1870 2578 3442 2667">
    <p class='ocr_par' dir='ltr' id='par_1_68' title="bbox 1870 2578 3442 2667">
     <span class='ocr_line' id='line_1_68' title="bbox 1870 2578 3442 2667; baseline -0.011 -17"><span class='ocrx_word' id='word_1_487' title='bbox 1870 2594 2102 2667; x_wconf 83' lang='lat' dir='ltr'><strong>appellat</strong></span> <span class='ocrx_word' id='word_1_488' title='bbox 2156 2593 2416 2663; x_wconf 85' lang='lat' dir='ltr'><strong>populum</strong></span> <span class='ocrx_word' id='word_1_489' title='bbox 2483 2599 2734 2645; x_wconf 88' lang='lat' dir='ltr'><strong>vocatum</strong></span> <span class='ocrx_word' id='word_1_490' title='bbox 2797 2586 2864 2641; x_wconf 90' lang='lat' dir='ltr'><strong>ad</strong></span> <span class='ocrx_word' id='word_1_491' title='bbox 2945 2583 3121 2655; x_wconf 78' lang='lat' dir='ltr'><strong>regale</strong></span> <span class='ocrx_word' id='word_1_492' title='bbox 3188 2578 3442 2637; x_wconf 83' lang='lat' dir='ltr'><strong>sacerdo-</strong></span> 
     </span>
    </p>
   </div>
   <div class='ocr_carea' id='block_1_69' title="bbox 1870 2690 2029 2745">
    <p class='ocr_par' dir='ltr' id='par_1_69' title="bbox 1870 2690 2029 2745">
     <span class='ocr_line' id='line_1_69' title="bbox 1870 2690 2029 2745; baseline -0.019 0"><span class='ocrx_word' id='word_1_493' title='bbox 1870 2690 2029 2745; x_wconf 90' lang='lat' dir='ltr'><strong>tium.</strong></span> 
     </span>
    </p>
   </div>
   <div class='ocr_carea' id='block_1_70' title="bbox 1943 2767 3443 2845">
    <p class='ocr_par' dir='ltr' id='par_1_70' title="bbox 1943 2767 3443 2845">
     <span class='ocr_line' id='line_1_70' title="bbox 1943 2767 3443 2845; baseline -0.014 -8"><span class='ocrx_word' id='word_1_494' title='bbox 1943 2783 2031 2837; x_wconf 74' lang='grc'><strong>11.</strong></span> <span class='ocrx_word' id='word_1_495' title='bbox 2068 2779 2207 2845; x_wconf 83' lang='lat' dir='ltr'><strong>Quia</strong></span> <span class='ocrx_word' id='word_1_496' title='bbox 2238 2775 2423 2830; x_wconf 83' lang='lat' dir='ltr'><strong>melior</strong></span> <span class='ocrx_word' id='word_1_497' title='bbox 2447 2784 2523 2828; x_wconf 86' lang='lat' dir='ltr'><strong>est</strong></span> <span class='ocrx_word' id='word_1_498' title='bbox 2560 2774 2670 2827; x_wconf 85' lang='lat' dir='ltr'><strong>dies</strong></span> <span class='ocrx_word' id='word_1_499' title='bbox 2716 2788 2824 2825; x_wconf 89' lang='lat' dir='ltr'><strong>una</strong></span> <span class='ocrx_word' id='word_1_500' title='bbox 2858 2772 2915 2823; x_wconf 88' lang='lat' dir='ltr'><strong>in</strong></span> <span class='ocrx_word' id='word_1_501' title='bbox 2956 2767 3110 2822; x_wconf 82' lang='lat' dir='ltr'><strong>atriis</strong></span> <span class='ocrx_word' id='word_1_502' title='bbox 3152 2768 3258 2820; x_wconf 89' lang='lat' dir='ltr'><strong>tuis</strong></span> <span class='ocrx_word' id='word_1_503' title='bbox 3289 2780 3443 2834; x_wconf 85' lang='lat' dir='ltr'><strong>super</strong></span> 
     </span>
    </p>
   </div>
   <div class='ocr_carea' id='block_1_71' title="bbox 1872 2855 3442 2929">
    <p class='ocr_par' dir='ltr' id='par_1_71' title="bbox 1872 2855 3442 2929">
     <span class='ocr_line' id='line_1_71' title="bbox 1872 2855 3442 2929; baseline -0.013 0"><span class='ocrx_word' id='word_1_504' title='bbox 1872 2875 2070 2929; x_wconf 80' lang='lat' dir='ltr'><strong>millia.</strong></span> <span class='ocrx_word' id='word_1_505' title='bbox 2105 2870 2232 2926; x_wconf 88' lang='lat' dir='ltr'><strong>Dies</strong></span> <span class='ocrx_word' id='word_1_506' title='bbox 2260 2884 2368 2924; x_wconf 90' lang='lat' dir='ltr'><strong>una</strong></span> <span class='ocrx_word' id='word_1_507' title='bbox 2409 2866 2462 2921; x_wconf 92' lang='lat' dir='ltr'><strong>in</strong></span> <span class='ocrx_word' id='word_1_508' title='bbox 2492 2866 2647 2920; x_wconf 83' lang='lat' dir='ltr'><strong>atriis</strong></span> <span class='ocrx_word' id='word_1_509' title='bbox 2679 2861 2917 2927; x_wconf 88' lang='lat' dir='ltr'><strong>Domini,</strong></span> <span class='ocrx_word' id='word_1_510' title='bbox 2960 2860 3014 2914; x_wconf 88' lang='lat' dir='ltr'><strong>id</strong></span> <span class='ocrx_word' id='word_1_511' title='bbox 3060 2868 3143 2913; x_wconf 88' lang='lat' dir='ltr'><strong>est</strong></span> <span class='ocrx_word' id='word_1_512' title='bbox 3175 2858 3230 2911; x_wconf 94' lang='lat' dir='ltr'><strong>in</strong></span> <span class='ocrx_word' id='word_1_513' title='bbox 3266 2855 3442 2911; x_wconf 90' lang='lat' dir='ltr'><strong>eccle-</strong></span> 
     </span>
    </p>
   </div>
   <div class='ocr_carea' id='block_1_72' title="bbox 1876 2944 3436 3035">
    <p class='ocr_par' dir='ltr' id='par_1_72' title="bbox 1876 2944 3436 3035">
     <span class='ocr_line' id='line_1_72' title="bbox 1876 2944 3436 3035; baseline -0.015 -11"><span class='ocrx_word' id='word_1_514' title='bbox 1876 2969 1996 3035; x_wconf 81' lang='lat' dir='ltr'><strong>siis,</strong></span> <span class='ocrx_word' id='word_1_515' title='bbox 2025 2966 2167 3022; x_wconf 91' lang='lat' dir='ltr'><strong>diem</strong></span> <span class='ocrx_word' id='word_1_516' title='bbox 2196 2958 2611 3018; x_wconf 83' lang='lat' dir='ltr'><strong>resurrectionis</strong></span> <span class='ocrx_word' id='word_1_517' title='bbox 2634 2953 2931 3011; x_wconf 88' lang='lat' dir='ltr'><strong>Salvatoris</strong></span> <span class='ocrx_word' id='word_1_518' title='bbox 2961 2949 3249 3022; x_wconf 80' lang='lat' dir='ltr'><strong>signiﬁcat.</strong></span> <span class='ocrx_word' id='word_1_519' title='bbox 3269 2944 3436 3001; x_wconf 81' lang='lat' dir='ltr'><strong>Millia</strong></span> 
     </span>
    </p>
   </div>
   <div class='ocr_carea' id='block_1_73' title="bbox 1873 3040 3445 3125">
    <p class='ocr_par' dir='ltr' id='par_1_73' title="bbox 1873 3040 3445 3125">
     <span class='ocr_line' id='line_1_73' title="bbox 1873 3040 3445 3125; baseline -0.017 -9"><span class='ocrx_word' id='word_1_520' title='bbox 1873 3074 2024 3125; x_wconf 90' lang='lat' dir='ltr'><strong>vero,</strong></span> <span class='ocrx_word' id='word_1_521' title='bbox 2068 3058 2182 3113; x_wconf 80' lang='lat' dir='ltr'><strong>sive</strong></span> <span class='ocrx_word' id='word_1_522' title='bbox 2229 3053 2399 3119; x_wconf 86' lang='lat' dir='ltr'><strong>mille,</strong></span> <span class='ocrx_word' id='word_1_523' title='bbox 2452 3052 2526 3105; x_wconf 91' lang='lat' dir='ltr'><strong>ita</strong></span> <span class='ocrx_word' id='word_1_524' title='bbox 2575 3048 2721 3103; x_wconf 77' lang='lat' dir='ltr'><strong>eiiiin</strong></span> <span class='ocrx_word' id='word_1_525' title='bbox 2772 3046 2971 3116; x_wconf 83' lang='lat' dir='ltr'><strong>legitur</strong></span> <span class='ocrx_word' id='word_1_526' title='bbox 3009 3044 3063 3097; x_wconf 91' lang='lat' dir='ltr'><strong>in</strong></span> <span class='ocrx_word' id='word_1_527' title='bbox 3094 3040 3445 3095; x_wconf 59' lang='lat' dir='ltr'><strong>Hebraeorum</strong></span> 
     </span>
    </p>
   </div>
   <div class='ocr_carea' id='block_1_74' title="bbox 1877 3126 3447 3218">
    <p class='ocr_par' dir='ltr' id='par_1_74' title="bbox 1877 3126 3447 3218">
     <span class='ocr_line' id='line_1_74' title="bbox 1877 3126 3447 3218; baseline -0.015 -14"><span class='ocrx_word' id='word_1_528' title='bbox 1877 3149 2204 3218; x_wconf 86' lang='lat' dir='ltr'><strong>Scriptura,</strong></span> <span class='ocrx_word' id='word_1_529' title='bbox 2246 3142 2473 3211; x_wconf 84' lang='lat' dir='ltr'><strong>legalem</strong></span> <span class='ocrx_word' id='word_1_530' title='bbox 2527 3138 2733 3194; x_wconf 88' lang='lat' dir='ltr'><strong>cultum</strong></span> <span class='ocrx_word' id='word_1_531' title='bbox 2776 3141 2952 3200; x_wconf 80' lang='lat' dir='ltr'><strong>vocat,</strong></span> <span class='ocrx_word' id='word_1_532' title='bbox 3006 3131 3100 3202; x_wconf 90' lang='lat' dir='ltr'><strong>qui</strong></span> <span class='ocrx_word' id='word_1_533' title='bbox 3150 3144 3245 3199; x_wconf 86' lang='lat' dir='ltr'><strong>per</strong></span> <span class='ocrx_word' id='word_1_534' title='bbox 3299 3126 3447 3182; x_wconf 91' lang='lat' dir='ltr'><strong>mille</strong></span> 
     </span>
    </p>
   </div>
   <div class='ocr_carea' id='block_1_75' title="bbox 1874 3218 3446 3304">
    <p class='ocr_par' dir='ltr' id='par_1_75' title="bbox 1874 3218 3446 3304">
     <span class='ocr_line' id='line_1_75' title="bbox 1874 3218 3446 3304; baseline -0.013 -13"><span class='ocrx_word' id='word_1_535' title='bbox 1874 3251 2047 3291; x_wconf 90' lang='lat' dir='ltr'><strong>annos</strong></span> <span class='ocrx_word' id='word_1_536' title='bbox 2076 3231 2437 3304; x_wconf 83' lang='lat' dir='ltr'><strong>perseveravit</strong></span> <span class='ocrx_word' id='word_1_537' title='bbox 2464 3243 2624 3283; x_wconf 88' lang='lat' dir='ltr'><strong>orsus</strong></span> <span class='ocrx_word' id='word_1_538' title='bbox 2659 3242 2691 3281; x_wconf 87' lang='lat' dir='ltr'><strong>a</strong></span> <span class='ocrx_word' id='word_1_539' title='bbox 2733 3223 3065 3293; x_wconf 88' lang='lat' dir='ltr'><strong>temporibus</strong></span> <span class='ocrx_word' id='word_1_540' title='bbox 3109 3218 3446 3285; x_wconf 87' lang='lat' dir='ltr'><strong>Salomonis,</strong></span> 
     </span>
    </p>
   </div>
   <div class='ocr_carea' id='block_1_76' title="bbox 1873 3309 3445 3397">
    <p class='ocr_par' dir='ltr' id='par_1_76' title="bbox 1873 3309 3445 3397">
     <span class='ocr_line' id='line_1_76' title="bbox 1873 3309 3445 3397; baseline -0.013 -15"><span class='ocrx_word' id='word_1_541' title='bbox 1873 3343 1905 3382; x_wconf 91' lang='lat' dir='ltr'><strong>a</strong></span> <span class='ocrx_word' id='word_1_542' title='bbox 1943 3341 2051 3397; x_wconf 85' lang='lat' dir='ltr'><strong>quo</strong></span> <span class='ocrx_word' id='word_1_543' title='bbox 2093 3324 2377 3379; x_wconf 80' lang='lat' dir='ltr'><strong>fundatum</strong></span> <span class='ocrx_word' id='word_1_544' title='bbox 2429 3328 2513 3373; x_wconf 80' lang='lat' dir='ltr'><strong>est</strong></span> <span class='ocrx_word' id='word_1_545' title='bbox 2552 3318 2795 3372; x_wconf 89' lang='lat' dir='ltr'><strong>divinum</strong></span> <span class='ocrx_word' id='word_1_546' title='bbox 2842 3313 3103 3383; x_wconf 89' lang='lat' dir='ltr'><strong>templum</strong></span> <span class='ocrx_word' id='word_1_547' title='bbox 3154 3325 3327 3381; x_wconf 90' lang='lat' dir='ltr'><strong>usque</strong></span> <span class='ocrx_word' id='word_1_548' title='bbox 3377 3309 3445 3363; x_wconf 88' lang='lat' dir='ltr'><strong>ad</strong></span> 
     </span>
    </p>
   </div>
   <div class='ocr_carea' id='block_1_77' title="bbox 1875 3406 3421 3478">
    <p class='ocr_par' dir='ltr' id='par_1_77' title="bbox 1875 3406 3421 3478">
     <span class='ocr_line' id='line_1_77' title="bbox 1875 3406 3421 3478; baseline -0.012 -2"><span class='ocrx_word' id='word_1_549' title='bbox 1875 3422 2165 3475; x_wconf 82' lang='lat' dir='ltr'><strong>adventum</strong></span> <span class='ocrx_word' id='word_1_550' title='bbox 2213 3413 2535 3470; x_wconf 83' lang='lat' dir='ltr'><strong>Salvatoris.</strong></span> <span class='ocrx_word' id='word_1_551' title='bbox 2588 3409 2837 3464; x_wconf 86' lang='lat' dir='ltr'><strong>Declarat</strong></span> <span class='ocrx_word' id='word_1_552' title='bbox 2890 3408 3053 3478; x_wconf 87' lang='lat' dir='ltr'><strong>igitur</strong></span> <span class='ocrx_word' id='word_1_553' title='bbox 3100 3406 3258 3474; x_wconf 89' lang='lat' dir='ltr'><strong>longe</strong></span> <span class='ocrx_word' id='word_1_554' title='bbox 3310 3420 3421 3471; x_wconf 68' lang='lat' dir='ltr'><strong>pre</strong></span> 
     </span>
    </p>
   </div>
   <div class='ocr_carea' id='block_1_78' title="bbox 1876 3496 3443 3574">
    <p class='ocr_par' dir='ltr' id='par_1_78' title="bbox 1876 3496 3443 3574">
     <span class='ocr_line' id='line_1_78' title="bbox 1876 3496 3443 3574; baseline -0.013 -7"><span class='ocrx_word' id='word_1_555' title='bbox 1876 3511 2191 3568; x_wconf 86' lang='lat' dir='ltr'><strong>stantiorem</strong></span> <span class='ocrx_word' id='word_1_556' title='bbox 2219 3521 2342 3561; x_wconf 90' lang='lat' dir='ltr'><strong>esse</strong></span> <span class='ocrx_word' id='word_1_557' title='bbox 2363 3504 2733 3574; x_wconf 81' lang='lat' dir='ltr'><strong>evangelicum</strong></span> <span class='ocrx_word' id='word_1_558' title='bbox 2761 3515 2926 3572; x_wconf 89' lang='lat' dir='ltr'><strong>quam</strong></span> <span class='ocrx_word' id='word_1_559' title='bbox 2954 3498 3178 3568; x_wconf 88' lang='lat' dir='ltr'><strong>legalem</strong></span> <span class='ocrx_word' id='word_1_560' title='bbox 3214 3496 3443 3550; x_wconf 89' lang='lat' dir='ltr'><strong>cultum.</strong></span> 
     </span>
    </p>
   </div>
   <div class='ocr_carea' id='block_1_79' title="bbox 1883 3585 3431 3672">
    <p class='ocr_par' dir='ltr' id='par_1_79' title="bbox 1883 3585 3431 3672">
     <span class='ocr_line' id='line_1_79' title="bbox 1883 3585 3431 3672; baseline -0.012 -14"><span class='ocrx_word' id='word_1_561' title='bbox 1883 3602 2030 3672; x_wconf 82' lang='lat' dir='ltr'><strong>Elegi</strong></span> <span class='ocrx_word' id='word_1_562' title='bbox 2055 3598 2288 3667; x_wconf 85' lang='lat' dir='ltr'><strong>abjectus</strong></span> <span class='ocrx_word' id='word_1_563' title='bbox 2317 3612 2427 3650; x_wconf 82' lang='lat' dir='ltr'><strong>esse</strong></span> <span class='ocrx_word' id='word_1_564' title='bbox 2455 3596 2508 3647; x_wconf 88' lang='lat' dir='ltr'><strong>in</strong></span> <span class='ocrx_word' id='word_1_565' title='bbox 2540 3595 2694 3646; x_wconf 85' lang='lat' dir='ltr'><strong>domo</strong></span> <span class='ocrx_word' id='word_1_566' title='bbox 2723 3592 2816 3646; x_wconf 86' lang='lat' dir='ltr'><strong>Dei</strong></span> <span class='ocrx_word' id='word_1_567' title='bbox 2843 3592 2963 3655; x_wconf 86' lang='lat' dir='ltr'><strong>mei,</strong></span> <span class='ocrx_word' id='word_1_568' title='bbox 2993 3598 3096 3645; x_wconf 87' lang='lat' dir='ltr'><strong>etc.</strong></span> <span class='ocrx_word' id='word_1_569' title='bbox 3130 3590 3207 3643; x_wconf 86' lang='lat' dir='ltr'><strong>Ac</strong></span> <span class='ocrx_word' id='word_1_570' title='bbox 3232 3587 3278 3642; x_wconf 85' lang='lat' dir='ltr'><strong>si</strong></span> <span class='ocrx_word' id='word_1_571' title='bbox 3310 3585 3431 3640; x_wconf 84' lang='lat' dir='ltr'><strong>dice</strong></span> 
     </span>
    </p>
   </div>
   <div class='ocr_carea' id='block_1_80' title="bbox 1878 3680 3447 3759">
    <p class='ocr_par' dir='ltr' id='par_1_80' title="bbox 1878 3680 3447 3759">
     <span class='ocr_line' id='line_1_80' title="bbox 1878 3680 3447 3759; baseline -0.012 -9"><span class='ocrx_word' id='word_1_572' title='bbox 1878 3704 1995 3749; x_wconf 87' lang='lat' dir='ltr'><strong>ret:</strong></span> <span class='ocrx_word' id='word_1_573' title='bbox 2034 3690 2174 3744; x_wconf 78' lang='lat' dir='ltr'><strong>Malo</strong></span> <span class='ocrx_word' id='word_1_574' title='bbox 2200 3688 2432 3759; x_wconf 85' lang='lat' dir='ltr'><strong>pusillus</strong></span> <span class='ocrx_word' id='word_1_575' title='bbox 2468 3695 2522 3740; x_wconf 90' lang='lat' dir='ltr'><strong>et</strong></span> <span class='ocrx_word' id='word_1_576' title='bbox 2568 3685 2693 3739; x_wconf 84' lang='lat' dir='ltr'><strong>vilis</strong></span> <span class='ocrx_word' id='word_1_577' title='bbox 2742 3698 2863 3738; x_wconf 89' lang='lat' dir='ltr'><strong>esse</strong></span> <span class='ocrx_word' id='word_1_578' title='bbox 2897 3684 2950 3736; x_wconf 91' lang='lat' dir='ltr'><strong>in</strong></span> <span class='ocrx_word' id='word_1_579' title='bbox 2988 3680 3250 3745; x_wconf 77' lang='lat' dir='ltr'><strong>Ecclesia,</strong></span> <span class='ocrx_word' id='word_1_580' title='bbox 3283 3693 3447 3750; x_wconf 90' lang='lat' dir='ltr'><strong>quam</strong></span> 
     </span>
    </p>
   </div>
   <div class='ocr_carea' id='block_1_81' title="bbox 1878 3766 3451 3853">
    <p class='ocr_par' dir='ltr' id='par_1_81' title="bbox 1878 3766 3451 3853">
     <span class='ocr_line' id='line_1_81' title="bbox 1878 3766 3451 3853; baseline -0.011 -16"><span class='ocrx_word' id='word_1_581' title='bbox 1878 3790 2183 3853; x_wconf 78' lang='lat' dir='ltr'><strong>praepotens</strong></span> <span class='ocrx_word' id='word_1_582' title='bbox 2207 3780 2258 3833; x_wconf 90' lang='lat' dir='ltr'><strong>in</strong></span> <span class='ocrx_word' id='word_1_583' title='bbox 2296 3778 2495 3848; x_wconf 92' lang='lat' dir='ltr'><strong>populo</strong></span> <span class='ocrx_word' id='word_1_584' title='bbox 2542 3783 2844 3846; x_wconf 85' lang='lat' dir='ltr'><strong>peccatore.</strong></span> <span class='ocrx_word' id='word_1_585' title='bbox 2876 3771 3000 3827; x_wconf 70' lang='lat' dir='ltr'><strong>Haec</strong></span> <span class='ocrx_word' id='word_1_586' title='bbox 3031 3772 3097 3827; x_wconf 91' lang='lat' dir='ltr'><strong>iis</strong></span> <span class='ocrx_word' id='word_1_587' title='bbox 3141 3772 3235 3841; x_wconf 90' lang='lat' dir='ltr'><strong>qui</strong></span> <span class='ocrx_word' id='word_1_588' title='bbox 3261 3769 3316 3823; x_wconf 94' lang='lat' dir='ltr'><strong>in</strong></span> <span class='ocrx_word' id='word_1_589' title='bbox 3347 3766 3451 3821; x_wconf 83' lang='lat' dir='ltr'><strong>Ba-</strong></span> 
     </span>
    </p>
   </div>
   <div class='ocr_carea' id='block_1_82' title="bbox 1880 3862 3448 3945">
    <p class='ocr_par' dir='ltr' id='par_1_82' title="bbox 1880 3862 3448 3945">
     <span class='ocr_line' id='line_1_82' title="bbox 1880 3862 3448 3945; baseline -0.011 -17"><span class='ocrx_word' id='word_1_590' title='bbox 1880 3874 2076 3945; x_wconf 86' lang='lat' dir='ltr'><strong>bylone</strong></span> <span class='ocrx_word' id='word_1_591' title='bbox 2116 3878 2271 3925; x_wconf 86' lang='lat' dir='ltr'><strong>erant</strong></span> <span class='ocrx_word' id='word_1_592' title='bbox 2322 3868 2515 3930; x_wconf 87' lang='lat' dir='ltr'><strong>utilia,</strong></span> <span class='ocrx_word' id='word_1_593' title='bbox 2570 3876 2626 3921; x_wconf 89' lang='lat' dir='ltr'><strong>et</strong></span> <span class='ocrx_word' id='word_1_594' title='bbox 2682 3865 2841 3919; x_wconf 86' lang='lat' dir='ltr'><strong>nobis</strong></span> <span class='ocrx_word' id='word_1_595' title='bbox 2894 3862 3246 3933; x_wconf 81' lang='lat' dir='ltr'><strong>congruentia</strong></span> <span class='ocrx_word' id='word_1_596' title='bbox 3299 3868 3448 3914; x_wconf 83' lang='lat' dir='ltr'><strong>sunt.</strong></span> 
     </span>
    </p>
   </div>
   <div class='ocr_carea' id='block_1_83' title="bbox 1879 3952 3450 4030">
    <p class='ocr_par' dir='ltr' id='par_1_83' title="bbox 1879 3952 3450 4030">
     <span class='ocr_line' id='line_1_83' title="bbox 1879 3952 3450 4030; baseline -0.008 -10"><span class='ocrx_word' id='word_1_597' title='bbox 1879 3965 2016 4020; x_wconf 81' lang='lat' dir='ltr'><strong>Nam</strong></span> <span class='ocrx_word' id='word_1_598' title='bbox 2058 3972 2113 4019; x_wconf 90' lang='lat' dir='ltr'><strong>et</strong></span> <span class='ocrx_word' id='word_1_599' title='bbox 2164 3962 2287 4017; x_wconf 89' lang='lat' dir='ltr'><strong>illos</strong></span> <span class='ocrx_word' id='word_1_600' title='bbox 2330 3960 2594 4016; x_wconf 89' lang='lat' dir='ltr'><strong>edocebat</strong></span> <span class='ocrx_word' id='word_1_601' title='bbox 2627 3959 2799 4030; x_wconf 84' lang='lat' dir='ltr'><strong>gratia</strong></span> <span class='ocrx_word' id='word_1_602' title='bbox 2851 3957 3110 4028; x_wconf 82' lang='lat' dir='ltr'><strong>Spiritus,</strong></span> <span class='ocrx_word' id='word_1_603' title='bbox 3159 3965 3220 4010; x_wconf 90' lang='lat' dir='ltr'><strong>ut</strong></span> <span class='ocrx_word' id='word_1_604' title='bbox 3253 3952 3450 4008; x_wconf 68' lang='lat' dir='ltr'><strong>divina:</strong></span> 
     </span>
    </p>
   </div>
   <div class='ocr_carea' id='block_1_84' title="bbox 1879 4044 3450 4118">
    <p class='ocr_par' dir='ltr' id='par_1_84' title="bbox 1879 4044 3450 4118">
     <span class='ocr_line' id='line_1_84' title="bbox 1879 4044 3450 4118; baseline -0.01 -5"><span class='ocrx_word' id='word_1_605' title='bbox 1879 4058 2077 4113; x_wconf 88' lang='lat' dir='ltr'><strong>domus</strong></span> <span class='ocrx_word' id='word_1_606' title='bbox 2111 4054 2418 4107; x_wconf 87' lang='lat' dir='ltr'><strong>vastitatem</strong></span> <span class='ocrx_word' id='word_1_607' title='bbox 2447 4065 2513 4105; x_wconf 92' lang='lat' dir='ltr'><strong>ne</strong></span> <span class='ocrx_word' id='word_1_608' title='bbox 2542 4050 2883 4118; x_wconf 80' lang='lat' dir='ltr'><strong>deSpicerent</strong></span> <span class='ocrx_word' id='word_1_609' title='bbox 2910 4066 2921 4101; x_wconf 89' lang='lat'>:</span> <span class='ocrx_word' id='word_1_610' title='bbox 2954 4056 3007 4102; x_wconf 87' lang='lat' dir='ltr'><strong>et</strong></span> <span class='ocrx_word' id='word_1_611' title='bbox 3042 4062 3143 4101; x_wconf 91' lang='lat' dir='ltr'><strong>nos</strong></span> <span class='ocrx_word' id='word_1_612' title='bbox 3169 4044 3450 4100; x_wconf 87' lang='lat' dir='ltr'><strong>erudimur</strong></span> 
     </span>
    </p>
   </div>
   <div class='ocr_carea' id='block_1_85' title="bbox 1881 4134 3451 4211">
    <p class='ocr_par' dir='ltr' id='par_1_85' title="bbox 1881 4134 3451 4211">
     <span class='ocr_line' id='line_1_85' title="bbox 1881 4134 3451 4211; baseline -0.01 -9"><span class='ocrx_word' id='word_1_613' title='bbox 1881 4156 1939 4203; x_wconf 92' lang='lat' dir='ltr'><strong>ut</strong></span> <span class='ocrx_word' id='word_1_614' title='bbox 1980 4146 2092 4199; x_wconf 90' lang='lat' dir='ltr'><strong>Deo</strong></span> <span class='ocrx_word' id='word_1_615' title='bbox 2130 4159 2286 4200; x_wconf 88' lang='lat' dir='ltr'><strong>sacra</strong></span> <span class='ocrx_word' id='word_1_616' title='bbox 2339 4141 2538 4211; x_wconf 89' lang='lat' dir='ltr'><strong>templa</strong></span> <span class='ocrx_word' id='word_1_617' title='bbox 2583 4154 2796 4209; x_wconf 80' lang='lat' dir='ltr'><strong>semper</strong></span> <span class='ocrx_word' id='word_1_618' title='bbox 2842 4147 3181 4209; x_wconf 82' lang='lat' dir='ltr'><strong>exoptemus,</strong></span> <span class='ocrx_word' id='word_1_619' title='bbox 3226 4146 3280 4192; x_wconf 88' lang='lat' dir='ltr'><strong>et</strong></span> <span class='ocrx_word' id='word_1_620' title='bbox 3326 4134 3451 4191; x_wconf 83' lang='lat' dir='ltr'><strong>dili—</strong></span> 
     </span>
    </p>
   </div>
   <div class='ocr_carea' id='block_1_86' title="bbox 1877 4254 2091 4311">
    <p class='ocr_par' dir='ltr' id='par_1_86' title="bbox 1877 4254 2091 4311">
     <span class='ocr_line' id='line_1_86' title="bbox 1877 4254 2091 4311; baseline -0.014 -17"><span class='ocrx_word' id='word_1_621' title='bbox 1877 4254 2091 4311; x_wconf 87' lang='lat' dir='ltr'><strong>gamus.</strong></span> 
     </span>
    </p>
   </div>
   <div class='ocr_carea' id='block_1_87' title="bbox 1959 4429 3447 4501">
    <p class='ocr_par' dir='ltr' id='par_1_87' title="bbox 1959 4429 3447 4501">
     <span class='ocr_line' id='line_1_87' title="bbox 1959 4429 3447 4501; baseline -0.005 -11"><span class='ocrx_word' id='word_1_622' title='bbox 1959 4434 2046 4500; x_wconf 70' lang='lat' dir='ltr'><strong>l2,</strong></span> <span class='ocrx_word' id='word_1_623' title='bbox 2079 4434 2168 4491; x_wconf 77' lang='grc'><strong>15.</strong></span> <span class='ocrx_word' id='word_1_624' title='bbox 2206 4432 2465 4486; x_wconf 80' lang='lat' dir='ltr'><strong>Dominus</strong></span> <span class='ocrx_word' id='word_1_625' title='bbox 2515 4448 2615 4485; x_wconf 88' lang='lat' dir='ltr'><strong>non</strong></span> <span class='ocrx_word' id='word_1_626' title='bbox 2648 4429 2875 4501; x_wconf 82' lang='lat' dir='ltr'><strong>privabit</strong></span> <span class='ocrx_word' id='word_1_627' title='bbox 2913 4430 3058 4482; x_wconf 81' lang='lat' dir='ltr'><strong>bonis</strong></span> <span class='ocrx_word' id='word_1_628' title='bbox 3086 4445 3173 4483; x_wconf 85' lang='lat' dir='ltr'><strong>eos</strong></span> <span class='ocrx_word' id='word_1_629' title='bbox 3204 4430 3293 4500; x_wconf 85' lang='lat' dir='ltr'><strong>qui</strong></span> <span class='ocrx_word' id='word_1_630' title='bbox 3331 4442 3447 4483; x_wconf 83' lang='lat' dir='ltr'><strong>am-</strong></span> 
     </span>
    </p>
   </div>
   <div class='ocr_carea' id='block_1_88' title="bbox 1884 4520 3449 4592">
    <p class='ocr_par' dir='ltr' id='par_1_88' title="bbox 1884 4520 3449 4592">
     <span class='ocr_line' id='line_1_88' title="bbox 1884 4520 3449 4592; baseline -0.003 -13"><span class='ocrx_word' id='word_1_631' title='bbox 1884 4527 2067 4581; x_wconf 85' lang='lat' dir='ltr'><strong>bulant</strong></span> <span class='ocrx_word' id='word_1_632' title='bbox 2095 4528 2147 4579; x_wconf 85' lang='lat' dir='ltr'><strong>in</strong></span> <span class='ocrx_word' id='word_1_633' title='bbox 2183 4527 2501 4579; x_wconf 81' lang='lat' dir='ltr'><strong>innocentia.</strong></span> <span class='ocrx_word' id='word_1_634' title='bbox 2540 4521 2676 4577; x_wconf 82' lang='lat' dir='ltr'><strong>Nam</strong></span> <span class='ocrx_word' id='word_1_635' title='bbox 2725 4521 2817 4592; x_wconf 87' lang='lat' dir='ltr'><strong>qui</strong></span> <span class='ocrx_word' id='word_1_636' title='bbox 2854 4521 3167 4591; x_wconf 84' lang='lat' dir='ltr'><strong>hujusmodi</strong></span> <span class='ocrx_word' id='word_1_637' title='bbox 3197 4520 3449 4575; x_wconf 75' lang='lat' dir='ltr'><strong>allectum</strong></span> 
     </span>
    </p>
   </div>
   <div class='ocr_carea' id='block_1_89' title="bbox 211 4612 1770 4691">
    <p class='ocr_par' dir='ltr' id='par_1_89' title="bbox 211 4618 1770 4691">
     <span class='ocr_line' id='line_1_89' title="bbox 211 4618 1770 4691; baseline -0.011 -5"><span class='ocrx_word' id='word_1_638' title='bbox 211 4635 410 4688; x_wconf 84' lang='grc' dir='ltr'><em>τούτων</em></span> <span class='ocrx_word' id='word_1_639' title='bbox 435 4629 695 4685; x_wconf 84' lang='grc' dir='ltr'><em>ἀπάντων</em></span> <span class='ocrx_word' id='word_1_640' title='bbox 711 4626 1043 4681; x_wconf 81' lang='grc' dir='ltr'><em>ἀπολαύουσι</em></span> <span class='ocrx_word' id='word_1_641' title='bbox 1067 4622 1176 4675; x_wconf 87' lang='grc' dir='ltr'><em>τῶν</em></span> <span class='ocrx_word' id='word_1_642' title='bbox 1205 4620 1446 4691; x_wconf 87' lang='grc' dir='ltr'><em>ἀγαθῶν.</em></span> <span class='ocrx_word' id='word_1_643' title='bbox 1465 4618 1654 4683; x_wconf 83' lang='grc' dir='ltr'><em>Ἔλεος</em></span> <span class='ocrx_word' id='word_1_644' title='bbox 1674 4618 1770 4687; x_wconf 62' lang='grc' dir='ltr'><em>γὰρ</em></span> 
     </span>
    </p>
   </div>
   <div class='ocr_carea' id='block_1_90' title="bbox 1871 4612 3451 4691">
    <p class='ocr_par' dir='ltr' id='par_1_90' title="bbox 1888 4612 3451 4682">
     <span class='ocr_line' id='line_1_90' title="bbox 1888 4612 3451 4682; baseline -0.003 -9"><span class='ocrx_word' id='word_1_645' title='bbox 1888 4620 2107 4682; x_wconf 82' lang='lat' dir='ltr'><strong>habent,</strong></span> <span class='ocrx_word' id='word_1_646' title='bbox 2157 4618 2242 4672; x_wconf 89' lang='lat' dir='ltr'><strong>bis</strong></span> <span class='ocrx_word' id='word_1_647' title='bbox 2290 4618 2544 4672; x_wconf 87' lang='lat' dir='ltr'><strong>omnibus</strong></span> <span class='ocrx_word' id='word_1_648' title='bbox 2576 4615 2737 4670; x_wconf 82' lang='lat' dir='ltr'><strong>bonis</strong></span> <span class='ocrx_word' id='word_1_649' title='bbox 2773 4613 3046 4669; x_wconf 81' lang='lat' dir='ltr'><strong>fruuntur.</strong></span> <span class='ocrx_word' id='word_1_650' title='bbox 3084 4612 3451 4670; x_wconf 79' lang='lat' dir='ltr'><strong>Misericordia</strong></span> 
     </span>
    </p>
   </div>
   <div class='ocr_carea' id='block_1_91' title="bbox 212 4708 1770 4787">
    <p class='ocr_par' dir='ltr' id='par_1_91' title="bbox 212 4712 1770 4787">
     <span class='ocr_line' id='line_1_91' title="bbox 212 4712 1770 4787; baseline -0.009 -8"><span class='ocrx_word' id='word_1_651' title='bbox 212 4731 269 4781; x_wconf 81' lang='grc' dir='ltr'><em>ὲκ</em></span> <span class='ocrx_word' id='word_1_652' title='bbox 288 4727 398 4781; x_wconf 89' lang='grc' dir='ltr'><strong>τῶν</strong></span> <span class='ocrx_word' id='word_1_653' title='bbox 418 4723 582 4777; x_wconf 82' lang='grc' dir='ltr'><em>θείων</em></span> <span class='ocrx_word' id='word_1_654' title='bbox 609 4718 1001 4775; x_wconf 77' lang='grc' dir='ltr'><em>ἀναϐλαστάνει</em></span> <span class='ocrx_word' id='word_1_655' title='bbox 1025 4715 1229 4787; x_wconf 81' lang='grc' dir='ltr'><em>σηκῶν,</em></span> <span class='ocrx_word' id='word_1_656' title='bbox 1256 4717 1351 4769; x_wconf 79' lang='grc' dir='ltr'><em>καὶ</em></span> <span class='ocrx_word' id='word_1_657' title='bbox 1380 4712 1545 4783; x_wconf 78' lang='grc' dir='ltr'><em>πολλὴ</em></span> <span class='ocrx_word' id='word_1_658' title='bbox 1573 4713 1770 4766; x_wconf 63' lang='grc' dir='ltr'><em>ἐκεῖθεν</em></span> 
     </span>
    </p>
   </div>
   <div class='ocr_carea' id='block_1_92' title="bbox 1871 4708 3445 4787">
    <p class='ocr_par' dir='ltr' id='par_1_92' title="bbox 1887 4708 3445 4780">
     <span class='ocr_line' id='line_1_92' title="bbox 1887 4708 3445 4780; baseline -0.004 -12"><span class='ocrx_word' id='word_1_659' title='bbox 1887 4714 2032 4769; x_wconf 87' lang='lat' dir='ltr'><strong>enim</strong></span> <span class='ocrx_word' id='word_1_660' title='bbox 2063 4727 2125 4765; x_wconf 82' lang='lat' dir='ltr'><strong>ex</strong></span> <span class='ocrx_word' id='word_1_661' title='bbox 2157 4711 2355 4765; x_wconf 81' lang='lat' dir='ltr'><strong>divinis</strong></span> <span class='ocrx_word' id='word_1_662' title='bbox 2386 4710 2598 4780; x_wconf 84' lang='lat' dir='ltr'><strong>templis</strong></span> <span class='ocrx_word' id='word_1_663' title='bbox 2646 4710 2842 4775; x_wconf 91' lang='lat' dir='ltr'><strong>oritur,</strong></span> <span class='ocrx_word' id='word_1_664' title='bbox 2893 4717 3057 4779; x_wconf 87' lang='lat' dir='ltr'><strong>atque</strong></span> <span class='ocrx_word' id='word_1_665' title='bbox 3102 4708 3323 4778; x_wconf 87' lang='lat' dir='ltr'><strong>largiter</strong></span> <span class='ocrx_word' id='word_1_666' title='bbox 3360 4723 3445 4763; x_wconf 81' lang='lat' dir='ltr'><strong>ex-</strong></span> 
     </span>
    </p>
   </div>
   <div class='ocr_carea' id='block_1_93' title="bbox 208 4801 1770 4891">
    <p class='ocr_par' dir='ltr' id='par_1_93' title="bbox 208 4802 1770 4891">
     <span class='ocr_line' id='line_1_93' title="bbox 208 4802 1770 4891; baseline -0.011 -20"><span class='ocrx_word' id='word_1_667' title='bbox 208 4816 433 4891; x_wconf 81' lang='grc' dir='ltr'><em>ἀφθονος</em></span> <span class='ocrx_word' id='word_1_668' title='bbox 463 4813 563 4883; x_wconf 84' lang='grc' dir='ltr'><em>τῆς</em></span> <span class='ocrx_word' id='word_1_669' title='bbox 589 4810 846 4882; x_wconf 78' lang='grc' dir='ltr'><em>ἀληθείας</em></span> <span class='ocrx_word' id='word_1_670' title='bbox 874 4812 907 4879; x_wconf 80' lang='grc' dir='ltr'>ἡ</span> <span class='ocrx_word' id='word_1_671' title='bbox 937 4808 1191 4880; x_wconf 83' lang='grc' dir='ltr'><em>χορηγία.</em></span> <span class='ocrx_word' id='word_1_672' title='bbox 1250 4805 1490 4858; x_wconf 83' lang='grc' dir='ltr'><em>Ἐκεῖθεν</em></span> <span class='ocrx_word' id='word_1_673' title='bbox 1533 4803 1643 4875; x_wconf 78' lang='grc' dir='ltr'><em>γὰρ</em></span> <span class='ocrx_word' id='word_1_674' title='bbox 1672 4802 1770 4855; x_wconf 59' lang='grc' dir='ltr'><strong>τῶν</strong></span> 
     </span>
    </p>
   </div>
   <div class='ocr_carea' id='block_1_94' title="bbox 1871 4801 3443 4891">
    <p class='ocr_par' dir='ltr' id='par_1_94' title="bbox 1890 4801 3443 4873">
     <span class='ocr_line' id='line_1_94' title="bbox 1890 4801 3443 4873; baseline -0.004 -13"><span class='ocrx_word' id='word_1_675' title='bbox 1890 4806 2018 4860; x_wconf 83' lang='lat' dir='ltr'><strong>hinc</strong></span> <span class='ocrx_word' id='word_1_676' title='bbox 2042 4805 2245 4860; x_wconf 87' lang='lat' dir='ltr'><strong>veritas</strong></span> <span class='ocrx_word' id='word_1_677' title='bbox 2276 4804 2668 4873; x_wconf 86' lang='lat' dir='ltr'><strong>suppeditatur.</strong></span> <span class='ocrx_word' id='word_1_678' title='bbox 2700 4802 2866 4857; x_wconf 89' lang='lat' dir='ltr'><strong>Istinc</strong></span> <span class='ocrx_word' id='word_1_679' title='bbox 2890 4802 3035 4856; x_wconf 90' lang='lat' dir='ltr'><strong>enim</strong></span> <span class='ocrx_word' id='word_1_680' title='bbox 3064 4815 3320 4856; x_wconf 82' lang='lat' dir='ltr'><strong>sanorum</strong></span> <span class='ocrx_word' id='word_1_681' title='bbox 3352 4801 3443 4855; x_wconf 84' lang='lat' dir='ltr'><strong>do-</strong></span> 
     </span>
    </p>
   </div>
   <div class='ocr_carea' id='block_1_95' title="bbox 210 4889 1770 4977">
    <p class='ocr_par' dir='ltr' id='par_1_95' title="bbox 210 4889 1770 4977">
     <span class='ocr_line' id='line_1_95' title="bbox 210 4889 1770 4977; baseline -0.008 -14"><span class='ocrx_word' id='word_1_682' title='bbox 210 4889 423 4977; x_wconf 83' lang='grc' dir='ltr'><em>ἁγαθῶν</em></span> <span class='ocrx_word' id='word_1_683' title='bbox 451 4904 736 4976; x_wconf 77' lang='grc' dir='ltr'><em>δογμάτων</em></span> <span class='ocrx_word' id='word_1_684' title='bbox 757 4902 855 4974; x_wconf 76' lang='grc' dir='ltr'><strong>τὴν</strong></span> <span class='ocrx_word' id='word_1_685' title='bbox 875 4899 1222 4955; x_wconf 79' lang='grc' dir='ltr'><em>διδασκαλίαν</em></span> <span class='ocrx_word' id='word_1_686' title='bbox 1241 4897 1526 4969; x_wconf 78' lang='grc' dir='ltr'><em>δεχόμεθα,</em></span> <span class='ocrx_word' id='word_1_687' title='bbox 1561 4898 1654 4949; x_wconf 70' lang='grc' dir='ltr'><em>καὶ</em></span> <span class='ocrx_word' id='word_1_688' title='bbox 1682 4896 1770 4967; x_wconf 84' lang='grc' dir='ltr'><em>χά-</em></span> 
     </span>
    </p>
   </div>
   <div class='ocr_carea' id='block_1_96' title="bbox 1871 4889 3453 4977">
    <p class='ocr_par' dir='ltr' id='par_1_96' title="bbox 1890 4889 3453 4965">
     <span class='ocr_line' id='line_1_96' title="bbox 1890 4889 3453 4965; baseline -0.004 -16"><span class='ocrx_word' id='word_1_689' title='bbox 1890 4908 2129 4965; x_wconf 87' lang='lat' dir='ltr'><strong>gmatum</strong></span> <span class='ocrx_word' id='word_1_690' title='bbox 2160 4894 2462 4949; x_wconf 80' lang='lat' dir='ltr'><strong>doctiiuam</strong></span> <span class='ocrx_word' id='word_1_691' title='bbox 2496 4893 2815 4963; x_wconf 87' lang='lat' dir='ltr'><strong>accipimus,</strong></span> <span class='ocrx_word' id='word_1_692' title='bbox 2847 4900 2901 4946; x_wconf 89' lang='lat' dir='ltr'><strong>et</strong></span> <span class='ocrx_word' id='word_1_693' title='bbox 2950 4890 3189 4946; x_wconf 87' lang='lat' dir='ltr'><strong>divinam</strong></span> <span class='ocrx_word' id='word_1_694' title='bbox 3225 4889 3453 4961; x_wconf 81' lang='lat' dir='ltr'><strong>gratiam</strong></span> 
     </span>
    </p>
   </div>
   <div class='ocr_carea' id='block_1_97' title="bbox 215 4981 1770 5070">
    <p class='ocr_par' dir='ltr' id='par_1_97' title="bbox 215 4992 1770 5070">
     <span class='ocr_line' id='line_1_97' title="bbox 215 4992 1770 5070; baseline -0.006 -18"><span class='ocrx_word' id='word_1_695' title='bbox 215 5018 289 5070; x_wconf 82' lang='grc' dir='ltr'><strong>ριν</strong></span> <span class='ocrx_word' id='word_1_696' title='bbox 316 5001 372 5053; x_wconf 79' lang='grc' dir='ltr'><strong>δὲ</strong></span> <span class='ocrx_word' id='word_1_697' title='bbox 409 4998 563 5051; x_wconf 81' lang='grc' dir='ltr'><em>θείαν</em></span> <span class='ocrx_word' id='word_1_698' title='bbox 593 5000 658 5050; x_wconf 79' lang='grc' dir='ltr'><em>ἐκ</em></span> <span class='ocrx_word' id='word_1_699' title='bbox 678 4996 785 5049; x_wconf 91' lang='grc' dir='ltr'><strong>τῶν</strong></span> <span class='ocrx_word' id='word_1_700' title='bbox 816 4993 911 5047; x_wconf 76' lang='grc' dir='ltr'><em>τοῦ</em></span> <span class='ocrx_word' id='word_1_701' title='bbox 955 4992 1225 5062; x_wconf 83' lang='grc' dir='ltr'><em>παναγίου</em></span> <span class='ocrx_word' id='word_1_702' title='bbox 1258 4992 1574 5062; x_wconf 75' lang='grc' dir='ltr'><em>Πνεύματος</em></span> <span class='ocrx_word' id='word_1_703' title='bbox 1621 5008 1770 5063; x_wconf 72' lang='grc' dir='ltr'><em>κρουι</em></span> 
     </span>
    </p>
   </div>
   <div class='ocr_carea' id='block_1_98' title="bbox 1871 4981 3451 5070">
    <p class='ocr_par' dir='ltr' id='par_1_98' title="bbox 1891 4981 3451 5056">
     <span class='ocr_line' id='line_1_98' title="bbox 1891 4981 3451 5056; baseline -0.004 -12"><span class='ocrx_word' id='word_1_704' title='bbox 1891 5006 1957 5044; x_wconf 80' lang='lat' dir='ltr'><strong>ex</strong></span> <span class='ocrx_word' id='word_1_705' title='bbox 2013 4987 2345 5043; x_wconf 85' lang='lat' dir='ltr'><strong>sanctissimi</strong></span> <span class='ocrx_word' id='word_1_706' title='bbox 2395 4986 2633 5056; x_wconf 88' lang='lat' dir='ltr'><strong>Spiritus</strong></span> <span class='ocrx_word' id='word_1_707' title='bbox 2682 4985 2927 5040; x_wconf 78' lang='lat' dir='ltr'><strong>fontibus</strong></span> <span class='ocrx_word' id='word_1_708' title='bbox 2987 4984 3289 5038; x_wconf 87' lang='lat' dir='ltr'><strong>haurimus.</strong></span> <span class='ocrx_word' id='word_1_709' title='bbox 3339 4981 3451 5038; x_wconf 89' lang='lat' dir='ltr'><strong>lmo</strong></span> 
     </span>
    </p>
   </div>
   <div class='ocr_carea' id='block_1_99' title="bbox 211 5076 1770 5163">
    <p class='ocr_par' dir='ltr' id='par_1_99' title="bbox 211 5082 1770 5163">
     <span class='ocr_line' id='line_1_99' title="bbox 211 5082 1770 5163; baseline -0.008 -18"><span class='ocrx_word' id='word_1_710' title='bbox 211 5094 307 5145; x_wconf 86' lang='grc' dir='ltr'><em>νῶν</em></span> <span class='ocrx_word' id='word_1_711' title='bbox 338 5089 651 5163; x_wconf 73' lang='grc' dir='ltr'><em>ἀρυόμεθα·</em></span> <span class='ocrx_word' id='word_1_712' title='bbox 696 5089 791 5142; x_wconf 71' lang='grc' dir='ltr'><em>καὶ</em></span> <span class='ocrx_word' id='word_1_713' title='bbox 836 5086 1018 5157; x_wconf 80' lang='grc' dir='ltr'><em>μέντοι</em></span> <span class='ocrx_word' id='word_1_714' title='bbox 1077 5086 1170 5139; x_wconf 72' lang='grc' dir='ltr'><em>καὶ</em></span> <span class='ocrx_word' id='word_1_715' title='bbox 1217 5084 1565 5153; x_wconf 73' lang='grc' dir='ltr'><em>περίϐλεπτοι</em></span> <span class='ocrx_word' id='word_1_716' title='bbox 1607 5082 1770 5135; x_wconf 73' lang='grc' dir='ltr'><strong>ὲντεῦ⁴</strong></span> 
     </span>
    </p>
   </div>
   <div class='ocr_carea' id='block_1_100' title="bbox 1871 5076 3453 5163">
    <p class='ocr_par' dir='ltr' id='par_1_100' title="bbox 1888 5076 3453 5149">
     <span class='ocr_line' id='line_1_100' title="bbox 1888 5076 3453 5149; baseline -0.003 -15"><span class='ocrx_word' id='word_1_717' title='bbox 1888 5080 2085 5135; x_wconf 84' lang='lat' dir='ltr'><strong>exinde</strong></span> <span class='ocrx_word' id='word_1_718' title='bbox 2124 5078 2366 5149; x_wconf 71' lang='lat' dir='ltr'><strong>prmclari</strong></span> <span class='ocrx_word' id='word_1_719' title='bbox 2407 5079 2708 5144; x_wconf 83' lang='lat' dir='ltr'><strong>evadimus,</strong></span> <span class='ocrx_word' id='word_1_720' title='bbox 2743 5087 2798 5133; x_wconf 89' lang='lat' dir='ltr'><strong>et</strong></span> <span class='ocrx_word' id='word_1_721' title='bbox 2821 5078 2974 5131; x_wconf 84' lang='lat' dir='ltr'><strong>valde</strong></span> <span class='ocrx_word' id='word_1_722' title='bbox 3007 5076 3266 5143; x_wconf 89' lang='lat' dir='ltr'><strong>illustres,</strong></span> <span class='ocrx_word' id='word_1_723' title='bbox 3295 5084 3372 5141; x_wconf 84' lang='lat' dir='ltr'><strong>et,</strong></span> <span class='ocrx_word' id='word_1_724' title='bbox 3394 5088 3453 5131; x_wconf 92' lang='lat' dir='ltr'><strong>ut</strong></span> 
     </span>
    </p>
   </div>
   <div class='ocr_carea' id='block_1_101' title="bbox 214 5168 1770 5254">
    <p class='ocr_par' dir='ltr' id='par_1_101' title="bbox 214 5176 1770 5254">
     <span class='ocr_line' id='line_1_101' title="bbox 214 5176 1770 5254; baseline -0.006 -16"><span class='ocrx_word' id='word_1_725' title='bbox 214 5185 293 5237; x_wconf 76' lang='grc' dir='ltr'><strong>θεν</strong></span> <span class='ocrx_word' id='word_1_726' title='bbox 317 5181 603 5254; x_wconf 82' lang='grc' dir='ltr'><em>γινόμεθα,</em></span> <span class='ocrx_word' id='word_1_727' title='bbox 658 5183 751 5234; x_wconf 73' lang='grc' dir='ltr'><em>καὶ</em></span> <span class='ocrx_word' id='word_1_728' title='bbox 795 5179 915 5231; x_wconf 74' lang='grc' dir='ltr'><em>λίαν</em></span> <span class='ocrx_word' id='word_1_729' title='bbox 951 5180 1291 5249; x_wconf 75' lang='grc' dir='ltr'><em>περιφανεῖς,</em></span> <span class='ocrx_word' id='word_1_730' title='bbox 1338 5178 1433 5230; x_wconf 75' lang='grc' dir='ltr'><em>καὶ</em></span> <span class='ocrx_word' id='word_1_731' title='bbox 1488 5176 1770 5247; x_wconf 55' lang='grc' dir='ltr'><em>συλλήϐδηη</em></span> 
     </span>
    </p>
   </div>
   <div class='ocr_carea' id='block_1_102' title="bbox 1871 5168 3455 5254">
    <p class='ocr_par' dir='ltr' id='par_1_102' title="bbox 1892 5168 3455 5240">
     <span class='ocr_line' id='line_1_102' title="bbox 1892 5168 3455 5240; baseline -0.003 -12"><span class='ocrx_word' id='word_1_732' title='bbox 1892 5190 2003 5228; x_wconf 90' lang='lat' dir='ltr'><strong>uno</strong></span> <span class='ocrx_word' id='word_1_733' title='bbox 2033 5172 2197 5226; x_wconf 84' lang='lat' dir='ltr'><strong>verbo</strong></span> <span class='ocrx_word' id='word_1_734' title='bbox 2226 5172 2423 5235; x_wconf 85' lang='lat' dir='ltr'><strong>dicam,</strong></span> <span class='ocrx_word' id='word_1_735' title='bbox 2455 5172 2601 5225; x_wconf 92' lang='lat' dir='ltr'><strong>omni</strong></span> <span class='ocrx_word' id='word_1_736' title='bbox 2633 5170 2903 5224; x_wconf 89' lang='lat' dir='ltr'><strong>bonorum</strong></span> <span class='ocrx_word' id='word_1_737' title='bbox 2938 5170 3092 5240; x_wconf 85' lang='lat' dir='ltr'><strong>cepia</strong></span> <span class='ocrx_word' id='word_1_738' title='bbox 3121 5168 3373 5234; x_wconf 83' lang='lat' dir='ltr'><strong>fruimur,</strong></span> <span class='ocrx_word' id='word_1_739' title='bbox 3400 5179 3455 5224; x_wconf 90' lang='lat' dir='ltr'><strong>ct</strong></span> 
     </span>
    </p>
   </div>
   <div class='ocr_carea' id='block_1_103' title="bbox 214 5267 1784 5340">
    <p class='ocr_par' dir='ltr' id='par_1_103' title="bbox 214 5267 1784 5340">
     <span class='ocr_line' id='line_1_103' title="bbox 214 5267 1784 5340; baseline -0.006 -13"><span class='ocrx_word' id='word_1_740' title='bbox 214 5278 401 5338; x_wconf 79' lang='grc' dir='ltr'><em>εἰπεῖν,</em></span> <span class='ocrx_word' id='word_1_741' title='bbox 428 5277 611 5329; x_wconf 68' lang='grc' dir='ltr'><em>πᾶσαν</em></span> <span class='ocrx_word' id='word_1_742' title='bbox 632 5273 738 5326; x_wconf 89' lang='grc' dir='ltr'><strong>τῶν</strong></span> <span class='ocrx_word' id='word_1_743' title='bbox 770 5270 992 5340; x_wconf 82' lang='grc' dir='ltr'><em>ἀγαθῶν</em></span> <span class='ocrx_word' id='word_1_744' title='bbox 1020 5268 1291 5339; x_wconf 79' lang='grc' dir='ltr'><em>δεχόμεθα</em></span> <span class='ocrx_word' id='word_1_745' title='bbox 1336 5267 1435 5339; x_wconf 79' lang='grc' dir='ltr'><strong>τὴν</strong></span> <span class='ocrx_word' id='word_1_746' title='bbox 1468 5267 1784 5327; x_wconf 77' lang='grc' dir='ltr'><em>ἀπόλαυσιν,</em></span> 
     </span>
    </p>
   </div>
   <div class='ocr_carea' id='block_1_104' title="bbox 216 5358 1785 5438">
    <p class='ocr_par' dir='ltr' id='par_1_104' title="bbox 216 5358 1785 5438">
     <span class='ocr_line' id='line_1_104' title="bbox 216 5358 1785 5438; baseline -0.009 -16"><span class='ocrx_word' id='word_1_747' title='bbox 216 5370 405 5431; x_wconf 69' lang='grc' dir='ltr'><em>κακίας</em></span> <span class='ocrx_word' id='word_1_748' title='bbox 442 5368 541 5438; x_wconf 82' lang='grc' dir='ltr'><strong>μὲν</strong></span> <span class='ocrx_word' id='word_1_749' title='bbox 573 5364 668 5417; x_wconf 72' lang='grc' dir='ltr'><em>καὶ</em></span> <span class='ocrx_word' id='word_1_750' title='bbox 692 5362 955 5432; x_wconf 82' lang='grc' dir='ltr'><em>πονηρίας</em></span> <span class='ocrx_word' id='word_1_751' title='bbox 990 5359 1475 5429; x_wconf 75' lang='grc' dir='ltr'><em>ἀπαλλαττόμεθα,</em></span> <span class='ocrx_word' id='word_1_752' title='bbox 1522 5358 1785 5429; x_wconf 72' lang='grc' dir='ltr'><em>ἁπλότητι</em></span> 
     </span>
    </p>
   </div>
   <div class='ocr_carea' id='block_1_105' title="bbox 217 5453 1313 5528">
    <p class='ocr_par' dir='ltr' id='par_1_105' title="bbox 217 5453 1313 5528">
     <span class='ocr_line' id='line_1_105' title="bbox 217 5453 1313 5528; baseline -0.008 -14"><span class='ocrx_word' id='word_1_753' title='bbox 217 5462 267 5517; x_wconf 76' lang='grc' dir='ltr'><strong>δὲ</strong></span> <span class='ocrx_word' id='word_1_754' title='bbox 293 5462 385 5515; x_wconf 69' lang='grc' dir='ltr'><em>καὶ</em></span> <span class='ocrx_word' id='word_1_755' title='bbox 416 5458 646 5528; x_wconf 82' lang='grc' dir='ltr'><em>ἀληθείᾳ</em></span> <span class='ocrx_word' id='word_1_756' title='bbox 676 5454 843 5525; x_wconf 73' lang='grc' dir='ltr'><em>συζῇν</em></span> <span class='ocrx_word' id='word_1_757' title='bbox 870 5453 1313 5523; x_wconf 74' lang='grc' dir='ltr'><em>προαιρούμενοι.</em></span> 
     </span>
    </p>
   </div>
   <div class='ocr_carea' id='block_1_106' title="bbox 317 5541 1678 5615">
    <p class='ocr_par' dir='ltr' id='par_1_106' title="bbox 317 5541 1678 5615">
     <span class='ocr_line' id='line_1_106' title="bbox 317 5541 1678 5615; baseline -0.009 -10"><span class='ocrx_word' id='word_1_758' title='bbox 317 5552 418 5615; x_wconf 75' lang='grc' dir='ltr'><strong>Εἰς</strong></span> <span class='ocrx_word' id='word_1_759' title='bbox 435 5546 634 5611; x_wconf 74' lang='grc' dir='ltr'><em>τέλος,</em></span> <span class='ocrx_word' id='word_1_760' title='bbox 660 5544 784 5611; x_wconf 81' lang='grc' dir='ltr'><em>τοῖς</em></span> <span class='ocrx_word' id='word_1_761' title='bbox 810 5541 960 5608; x_wconf 68' lang='grc' dir='ltr'><em>υἱοῖς</em></span> <span class='ocrx_word' id='word_1_762' title='bbox 1001 5544 1170 5611; x_wconf 75' lang='grc' dir='ltr'><em>Κορὲ.</em></span> <span class='ocrx_word' id='word_1_763' title='bbox 1217 5543 1521 5596; x_wconf 73' lang='grc' dir='ltr'><strong>ΨΑΛΜΟΣ</strong></span> <span class='ocrx_word' id='word_1_764' title='bbox 1554 5543 1678 5595; x_wconf 87' lang='grc' dir='ltr'><strong>ΠΔ’.</strong></span> 
     </span>
    </p>
   </div>
   <div class='ocr_carea' id='block_1_107' title="bbox 836 5634 1169 5698">
    <p class='ocr_par' dir='ltr' id='par_1_107' title="bbox 836 5634 1169 5698">
     <span class='ocr_line' id='line_1_107' title="bbox 836 5634 1169 5698; baseline -0.009 -11"><span class='ocrx_word' id='word_1_765' title='bbox 836 5635 849 5653; x_wconf 80' lang='grc'><strong>⁸</strong></span> <span class='ocrx_word' id='word_1_766' title='bbox 862 5634 1169 5698; x_wconf 74' lang='grc' dir='ltr'><em>Υπόθεσις.</em></span> 
     </span>
    </p>
   </div>
   <div class='ocr_carea' id='block_1_108' title="bbox 218 5720 1782 5798">
    <p class='ocr_par' dir='ltr' id='par_1_108' title="bbox 218 5720 1782 5798">
     <span class='ocr_line' id='line_1_108' title="bbox 218 5720 1782 5798; baseline -0.011 -10"><span class='ocrx_word' id='word_1_767' title='bbox 218 5731 307 5787; x_wconf 72' lang='grc' dir='ltr'><strong>Διὰ</strong></span> <span class='ocrx_word' id='word_1_768' title='bbox 328 5731 521 5787; x_wconf 81' lang='grc' dir='ltr'><em>τούτου</em></span> <span class='ocrx_word' id='word_1_769' title='bbox 551 5726 648 5782; x_wconf 79' lang='grc' dir='ltr'><em>τοῦ</em></span> <span class='ocrx_word' id='word_1_770' title='bbox 670 5726 885 5798; x_wconf 71' lang='grc' dir='ltr'><em>ψαλμοῦ</em></span> <span class='ocrx_word' id='word_1_771' title='bbox 916 5726 1015 5796; x_wconf 78' lang='grc' dir='ltr'><em>τὴν</em></span> <span class='ocrx_word' id='word_1_772' title='bbox 1050 5722 1238 5795; x_wconf 80' lang='grc' dir='ltr'><em>κλῆσιν</em></span> <span class='ocrx_word' id='word_1_773' title='bbox 1277 5723 1382 5776; x_wconf 81' lang='grc' dir='ltr'><em>τῶν</em></span> <span class='ocrx_word' id='word_1_774' title='bbox 1416 5721 1582 5775; x_wconf 74' lang='grc' dir='ltr'><em>ἐθνῶν</em></span> <span class='ocrx_word' id='word_1_775' title='bbox 1614 5720 1782 5789; x_wconf 80' lang='grc' dir='ltr'><em>δηλοῖ,</em></span> 
     </span>
    </p>
   </div>
   <div class='ocr_carea' id='block_1_109' title="bbox 280 5904 885 5984">
    <p class='ocr_par' dir='ltr' id='par_1_109' title="bbox 280 5904 885 5984">
     <span class='ocr_line' id='line_1_109' title="bbox 280 5904 885 5984; baseline -0.018 -16"><span class='ocrx_word' id='word_1_776' title='bbox 280 5910 389 5984; x_wconf 73' lang='lat'><strong>(35)</strong></span> <span class='ocrx_word' id='word_1_777' title='bbox 429 5909 616 5966; x_wconf 85' lang='lat' dir='ltr'><strong>Locus</strong></span> <span class='ocrx_word' id='word_1_778' title='bbox 639 5904 885 5961; x_wconf 87' lang='lat' dir='ltr'><strong>vitiosus.</strong></span> 
     </span>
    </p>
   </div>
   <div class='ocr_carea' id='block_1_110' title="bbox 1888 5261 3449 5332">
    <p class='ocr_par' dir='ltr' id='par_1_110' title="bbox 1888 5261 3449 5332">
     <span class='ocr_line' id='line_1_110' title="bbox 1888 5261 3449 5332; baseline -0.003 -14"><span class='ocrx_word' id='word_1_779' title='bbox 1888 5281 1917 5318; x_wconf 88' lang='lat' dir='ltr'><strong>a</strong></span> <span class='ocrx_word' id='word_1_780' title='bbox 1948 5265 2154 5319; x_wconf 85' lang='lat' dir='ltr'><strong>malitia</strong></span> <span class='ocrx_word' id='word_1_781' title='bbox 2204 5263 2655 5332; x_wconf 86' lang='lat' dir='ltr'><strong>improbitateque</strong></span> <span class='ocrx_word' id='word_1_782' title='bbox 2690 5263 3005 5326; x_wconf 82' lang='lat' dir='ltr'><strong>liberamur,</strong></span> <span class='ocrx_word' id='word_1_783' title='bbox 3047 5261 3208 5315; x_wconf 85' lang='lat' dir='ltr'><strong>vitam</strong></span> <span class='ocrx_word' id='word_1_784' title='bbox 3253 5261 3449 5330; x_wconf 84' lang='lat' dir='ltr'><strong>eligen-</strong></span> 
     </span>
    </p>
   </div>
   <div class='ocr_carea' id='block_1_111' title="bbox 1892 5357 2969 5429">
    <p class='ocr_par' dir='ltr' id='par_1_111' title="bbox 1892 5357 2969 5429">
     <span class='ocr_line' id='line_1_111' title="bbox 1892 5357 2969 5429; baseline -0.005 -16"><span class='ocrx_word' id='word_1_785' title='bbox 1892 5367 1971 5414; x_wconf 76' lang='lat' dir='ltr'><strong>tes</strong></span> <span class='ocrx_word' id='word_1_786' title='bbox 2001 5361 2051 5413; x_wconf 87' lang='lat' dir='ltr'><strong>in</strong></span> <span class='ocrx_word' id='word_1_787' title='bbox 2080 5358 2423 5429; x_wconf 85' lang='lat' dir='ltr'><strong>simplicitate</strong></span> <span class='ocrx_word' id='word_1_788' title='bbox 2455 5365 2510 5410; x_wconf 85' lang='lat' dir='ltr'><strong>et</strong></span> <span class='ocrx_word' id='word_1_789' title='bbox 2539 5357 2761 5410; x_wconf 80' lang='lat' dir='ltr'><strong>veritate</strong></span> <span class='ocrx_word' id='word_1_790' title='bbox 2789 5371 2969 5425; x_wconf 88' lang='lat' dir='ltr'><strong>agere.</strong></span> 
     </span>
    </p>
   </div>
   <div class='ocr_carea' id='block_1_112' title="bbox 1961 5531 3381 5607">
    <p class='ocr_par' dir='ltr' id='par_1_112' title="bbox 1961 5531 3381 5607">
     <span class='ocr_line' id='line_1_112' title="bbox 1961 5531 3381 5607; baseline -0.004 -17"><span class='ocrx_word' id='word_1_791' title='bbox 1961 5539 2008 5594; x_wconf 81' lang='lat' dir='ltr'><strong>l.</strong></span> <span class='ocrx_word' id='word_1_792' title='bbox 2054 5536 2115 5589; x_wconf 88' lang='lat' dir='ltr'><strong>In</strong></span> <span class='ocrx_word' id='word_1_793' title='bbox 2144 5537 2319 5605; x_wconf 80' lang='lat' dir='ltr'><strong>ﬁnem,</strong></span> <span class='ocrx_word' id='word_1_794' title='bbox 2354 5536 2479 5607; x_wconf 77' lang='lat' dir='ltr'><strong>[iliis</strong></span> <span class='ocrx_word' id='word_1_795' title='bbox 2506 5534 2658 5590; x_wconf 82' lang='lat' dir='ltr'><strong>Core.</strong></span> <span class='ocrx_word' id='word_1_796' title='bbox 2688 5532 3030 5589; x_wconf 74' lang='lat' dir='ltr'><strong>PSALMUS</strong></span> <span class='ocrx_word' id='word_1_797' title='bbox 3068 5531 3381 5588; x_wconf 73' lang='lat' dir='ltr'><strong>LXXXIV.</strong></span> 
     </span>
    </p>
   </div>
   <div class='ocr_carea' id='block_1_113' title="bbox 2467 5629 2867 5700">
    <p class='ocr_par' dir='ltr' id='par_1_113' title="bbox 2467 5629 2867 5700">
     <span class='ocr_line' id='line_1_113' title="bbox 2467 5629 2867 5700; baseline 0.003 -18"><span class='ocrx_word' id='word_1_798' title='bbox 2467 5629 2867 5700; x_wconf 80' lang='lat' dir='ltr'><strong>Argumentum.</strong></span> 
     </span>
    </p>
   </div>
   <div class='ocr_carea' id='block_1_114' title="bbox 1884 5718 3433 5792">
    <p class='ocr_par' dir='ltr' id='par_1_114' title="bbox 1884 5718 3433 5792">
     <span class='ocr_line' id='line_1_114' title="bbox 1884 5718 3433 5792; baseline 0.001 -18"><span class='ocrx_word' id='word_1_799' title='bbox 1884 5720 1989 5777; x_wconf 86' lang='lat' dir='ltr'><strong>Per</strong></span> <span class='ocrx_word' id='word_1_800' title='bbox 2026 5722 2170 5776; x_wconf 82' lang='lat' dir='ltr'><strong>hunc</strong></span> <span class='ocrx_word' id='word_1_801' title='bbox 2202 5720 2469 5791; x_wconf 84' lang='lat' dir='ltr'><strong>psalmum</strong></span> <span class='ocrx_word' id='word_1_802' title='bbox 2506 5723 2841 5777; x_wconf 85' lang='lat' dir='ltr'><strong>vocationem</strong></span> <span class='ocrx_word' id='word_1_803' title='bbox 2892 5722 3131 5792; x_wconf 85' lang='lat' dir='ltr'><strong>gentium</strong></span> <span class='ocrx_word' id='word_1_804' title='bbox 3162 5718 3433 5791; x_wconf 80' lang='lat' dir='ltr'><strong>signiﬁcat</strong></span> 
     </span>
    </p>
   </div>
   <div class='ocr_carea' id='block_1_115' title="bbox 1962 5888 2483 5966">
    <p class='ocr_par' dir='ltr' id='par_1_115' title="bbox 1962 5888 2483 5966">
     <span class='ocr_line' id='line_1_115' title="bbox 1962 5888 2483 5966; baseline 0.004 -17"><span class='ocrx_word' id='word_1_805' title='bbox 1962 5888 2071 5965; x_wconf 77' lang='lat'><strong>(36)</strong></span> <span class='ocrx_word' id='word_1_806' title='bbox 2112 5894 2268 5953; x_wconf 80' lang='lat' dir='ltr'><strong>Forte</strong></span> <span class='ocrx_word' id='word_1_807' title='bbox 2299 5896 2483 5966; x_wconf 79' lang='grc' dir='ltr'><em>μέσον.</em></span> 
     </span>
    </p>
   </div>
  </div>
