4108 6496
643 467 742 524 371

1458 465 1514 519 S.
1547 465 1916 522 ATHANASII
1953 467 2104 525 OI’I’.
2150 468 2331 523 PARS
2370 467 2452 525 III.
2500 463 3020 521 -ΕΧΕΟΕΊΊΟΑ,

3791 466 3893 520 372

715 597 769 646 et
797 603 1166 642 remissmncm
1201 587 1270 642 ob
1300 601 1453 642 suam
1483 588 1548 642 ad
1580 587 1746 644 Deum
1795 591 2204 646 conversionem
2243 625 2248 643 ι

2380 591 2474 642 καὶ
2494 589 2592 662 τὴν
2626 586 2923 656 γενομένην
2967 585 3150 647 αὐτοῖς
3206 583 3292 637 διὰ
3326 584 3424 655 τῆς
3458 583 3593 656 πρὸς
3637 585 3730 638 τὸν
3760 584 3894 638 Θεὸν

715 678 845 747 ipsis
874 692 1209 732 concessam.
1241 675 1320 730 Ad
1349 675 1461 732 haec
1485 677 1691 734 inducit
1719 677 2004 736 Judaicum
2038 695 2208 750 popu-

716 769 858 829 lum.
883 770 974 838 qui
1027 778 1149 838 post
1189 768 1522 824 vocationem
1556 771 1794 839 gentium
1839 780 2059 840 peccata
2108 787 2207 825 sua

714 862 1017 926 conﬁtetur,
1050 869 1104 917 et
1139 871 1290 931 rogat
1328 861 1440 930 ipse
1463 876 1682 932 quoque
1707 868 1767 916 ut
1801 878 1897 934 per
1930 863 2208 919 Christum

714 953 1140 1009 misericordiam
1177 963 1564 1022 consequatur.

714 1046 767 1102 2.
811 1047 1157 1113 Benedixisti,
1194 1046 1434 1111 Domine,
1463 1053 1656 1100 terram
1699 1057 1864 1100 tuam.
1918 1047 1982 1102 Et
2023 1063 2210 1103 revera

644 1137 788 1194 Deus
812 1149 864 1194 et
897 1138 1054 1193 Pater
1087 1137 1382 1202 benedixit,
1418 1138 1532 1194 sive
1561 1139 1764 1209 placuit
1799 1139 1900 1208 ipsi
1931 1140 2113 1196 omnia
2156 1141 2212 1195 in

644 1234 862 1286 Christo
919 1232 1240 1286 instaurare.
1299 1233 1548 1286 Auertisti
1612 1234 1970 1302 captivitatem
2023 1231 2210 1287 Jacob.

643 1323 779 1379 Nam
807 1340 928 1378 cum
957 1323 1159 1379 Iudaeis
1191 1324 1424 1393 primum
1455 1324 1850 1394 pradicaverit,
1886 1325 2085 1379 multos
2126 1341 2214 1380 re-

646 1418 814 1472 demit
847 1434 876 1472 a
913 1417 1177 1487 spirituali
1220 1417 1534 1486 captivitate
1565 1417 1618 1472 in
1650 1432 1813 1487 quam
1841 1417 2058 1471 abducti
2095 1416 2213 1470 fuc-

646 1519 790 1566 rant.
839 1509 965 1564 Haec
994 1510 1106 1580 (37)
1143 1509 1467 1578 signiﬁcavit
1497 1509 1764 1563 Dominus
1813 1518 1937 1579 post
1985 1509 2217 1578 prophe-

647 1604 777 1657 tiam
821 1602 992 1668 Isaiaa,
1026 1619 1146 1673 qua:
1180 1604 1259 1657 sic
1296 1603 1459 1658 habet
1491 1621 1504 1658 :
1543 1602 1778 1672 Spiritus
1815 1601 2028 1654 Domini
2063 1618 2217 1670 super

649 1713 748 1760 me,
789 1711 847 1749 eo
899 1695 1037 1765 quod
1081 1699 1289 1749 auxerit
1337 1711 1447 1758 me,
1503 1693 1861 1764 euangelizare
1904 1693 2216 1762 pauperibus

647 1785 789 1838 misit
838 1801 937 1848 me,
967 1784 1256 1854 prazdi'care
1303 1783 1520 1854 captiuis
1567 1783 1925 1836 remissionem
1967 1792 2015 1835 et
2063 1783 2215 1836 edacis

648 1878 1026 1932 restitutionem
1053 1877 1189 1930 visus
1207 1878 1248 1906 ¹⁰
1269 1919 1283 1942 ,
1317 1877 1502 1930 dicens
1529 1893 1542 1929 :
1572 1874 1740 1929 Hodie
1761 1875 1974 1944 impleta
1999 1884 2074 1928 est
2095 1891 2217 1944 pro-

2378 681 2712 753 ἐπιστροφῆς
2735 679 2946 748 ἄφεσιν.
2987 677 3106 729 Ἔτι
3154 692 3213 728 τε
3243 677 3455 745 εἱσάγει
3486 677 3579 730 τὸν
3626 676 3896 730 Ἰουδαίων

2383 773 2510 828 λαὸν
2543 771 2681 844 μετὰ
2711 771 2807 840 τὴν
2834 767 2944 821 τῶν
2973 766 3144 820 ἐθνῶν
3167 767 3357 836 κλῆσιν
3403 766 3730 837 ἐξομολογού
3741 782 3898 836 μενον

2381 864 2466 932 ἐφ’
2515 858 2596 926 οἷς
2623 862 2891 932 ἥμαρτεν,
2924 856 3178 922 ἀξιοῦντα
3229 857 3324 910 καὶ
3356 858 3518 911 αὐτὸν
3544 856 3640 911 τοῦ
3665 856 3756 910 διὰ
3806 854 3897 909 τοῦ

2383 952 2619 1024 Χριστοῦ
2651 952 2833 1016 ἐλέους
2861 954 3066 1022 τυχεῖν.

2384 1047 2759 1113 Εὺδόκησας,
2793 1047 2988 1112 Κύριε,
3036 1043 3154 1111 τὴν
3192 1041 3309 1112 γῆν
3328 1059 3465 1096 σου.
3493 1043 3604 1094 Καὶ
3623 1043 3735 1113 γὰρ
3763 1041 3897 1114 ἀλη-

2315 1138 2423 1203 θῶς
2451 1138 2742 1208 εὐδόκησεν
2787 1139 2816 1190 ό
2857 1136 2989 1199 Θεὸς
3021 1134 3117 1188 καὶ
3169 1135 3360 1206 Πατὴρ
3410 1133 3900 1202 ἀνακεφαλαιώσα-

2316 1227 2438 1280 σθαι
2472 1226 2541 1280 τὰ
2564 1226 2739 1279 πάντα
2789 1226 2846 1277 ἐν
2909 1224 2988 1295 τῷ
3029 1224 3270 1296 Χριστῷ.
3337 1223 3743 1291 Ἀπέστρεψας
3786 1222 3902 1290 τὴν

2315 1318 2734 1386 αἰχμαλωσίαν
2769 1316 2981 1372 Ἰακώϐ.
3008 1317 3200 1379 Αύτοῖς
3246 1315 3356 1386 γὰρ
3413 1314 3629 1386 πρῶτον
3658 1313 3903 1385 κηρύξας

2316 1408 2428 1469 τοῖς
2466 1405 2759 1469 Ἰουδαίοις,
2786 1405 3118 1477 λελύτρωται
3149 1404 3377 1468 πολλοὺς
3412 1404 3512 1473 τῆς
3558 1403 3901 1458 καταλαεού-

2317 1515 2416 1568 σης
2463 1498 2661 1561 αὐτοὺς
2694 1497 2891 1567 νοητῆς
2941 1497 3336 1568 αἰχμαλωσίας.
3388 1497 3686 1568 Ἐδήλωσεν
3735 1497 3902 1550 όΣω-

2315 1591 2417 1661 τὴρ
2462 1590 2602 1660 μετὰ
2636 1591 2734 1662 τὴν
2781 1590 3000 1643 Ἡσαΐου
3047 1590 3416 1662 προφητείαν,
3476 1592 3574 1660 τὴν
3627 1590 3898 1658 φήσασαν·

2315 1681 2556 1752 Πνεῦμα
2587 1681 2808 1749 Κυρίου
2862 1681 2953 1732 ἐπ’
2974 1679 3097 1749 ἐμὲ,
3147 1676 3219 1735 οὗ
3258 1681 3490 1733 εἵνεκεν
3537 1680 3751 1749 ἐχρισέ
3807 1695 3902 1747 με,

2315 1774 2822 1842 εὐαγγελίσασθαι
2851 1772 3108 1841 πτωχοῖς
3143 1770 3493 1828 ἀπέσταλκέ
3517 1789 3612 1840 με,
3649 1771 3905 1841 κηρῦξαι

2315 1861 2711 1933 αἰχμαλώτοις
2760 1861 3009 1932 ἄφεσιν,
3079 1862 3175 1916 καὶ
3225 1860 3476 1931 τυφλοῖς
3546 1861 3903 1932 ἀνάϐλεψιν,

647 1970 822 2042 phetia
853 1969 961 2024 haec
992 1969 1046 2022 in
1073 1969 1289 2022 auribus
1320 1971 1502 2022 vestris
1523 1968 1584 2021 ".
1622 1967 1740 2038 Ipse
1791 1969 1936 2023 enim
1985 1976 2090 2031 est,
2118 1968 2212 2038 qui
2247 2002 2248 2009 η

2323 1953 2502 2007 εἰπών·
2535 1952 2805 2023 Σήμερον
2847 1952 3234 2021 πεπλήρωται
3293 1953 3331 2019 ἡ
3396 1953 3729 2021 προφητεία
3755 1952 3904 2018 αὕτη

647 2077 750 2117 nos
784 2076 815 2115 a
847 2061 1140 2116 multorum
1171 2061 1396 2115 deorum
1423 2075 1653 2115 erroneo
1685 2061 1834 2115 cultu
1871 2071 1923 2115 et
1953 2076 1981 2113 a
2011 2059 2216 2113 daemo-

650 2167 776 2205 num
809 2152 1066 2206 servitute
1099 2151 1366 2212 liberavit,
1395 2159 1449 2204 et
1474 2158 1696 2204 catenas
1728 2159 2072 2220 peccatorum
2105 2149 2216 2204 sol-

649 2242 744 2295 vit.

722 2328 1024 2401 Utrumque
1065 2331 1154 2386 hic
1185 2331 1447 2402 propheta
1491 2331 1756 2403 prmdicit,
1787 2332 2023 2389 ﬁliorum
2051 2334 2218 2391 Israel

649 2439 713 2476 ex
747 2420 1018 2494 Babylone
1042 2423 1298 2490 reditum,
1335 2435 1385 2479 et
1422 2425 1652 2479 salutem
1680 2426 1866 2480 mundi
1899 2445 1912 2479 :
1946 2442 2010 2481 ac
2039 2427 2219 2497 dupli-

648 2515 697 2568 ci
727 2514 887 2569 modo
921 2523 1092 2569 totum
1119 2524 1359 2569 enarrat.
1387 2515 1594 2572 Sensus
1623 2527 1802 2572 autem
1827 2526 1909 2572 est
1940 2535 1953 2569 :
1988 2516 2098 2573 Deo
2129 2534 2221 2573 ac-

649 2616 864 2676 ceptum
914 2616 996 2660 est
1040 2621 1136 2660 cor
1166 2607 1366 2660 bonum
1404 2622 1467 2662 ac
1503 2609 1832 2675 studiosum,
1858 2610 2002 2678 quod
2049 2609 2218 2679 ipsius

652 2707 791 2752 terra
820 2705 924 2760 est,
946 2698 1072 2770 quia
1096 2698 1288 2768 recipit
1313 2699 1432 2770 ejus
1460 2716 1668 2768 semen,
1691 2716 1755 2757 ac
1781 2699 1958 2757 reddit
1980 2700 2216 2757 fructum

649 2786 979 2857 centuplum.

719 2969 777 3026 3.
817 2968 1084 3023 Remisisti
1124 2969 1453 3037 iniquitatem
1494 2967 1656 3037 plebis
1694 2977 1815 3023 tute.
1853 2969 1983 3034 Qua!
2018 2985 2112 3040 per
2151 2971 2216 3025 ﬁ-

653 3064 776 3116 dem
809 3061 876 3115 ad
907 3061 1080 3130 ipsum
1109 3061 1360 3124 accessit,
1395 3060 1470 3114 ait
1497 3069 1679 3116 autem
1713 3061 1968 3130 populum
2005 3078 2071 3115 ex
2096 3078 2221 3133 gen-

653 3153 798 3210 tibus
826 3165 1094 3218 coactum,
1127 3153 1281 3223 juxta
1318 3152 1446 3206 illud
1484 3169 1512 3206 a
1545 3152 1808 3208 Zacharia
1835 3155 2093 3224 propheta
2122 3155 2218 3209 di-

2318 2048 2388 2100 ὲν
2419 2046 2542 2112 τοῖς
2578 2045 2730 2099 ὠσίν
2753 2046 2938 2115 ὑμῶν.
2973 2045 3146 2108 Αὐτὸς
3176 2044 3284 2116 γὰρ
3311 2047 3338 2097 6
3363 2044 3579 2108 παύσας
3630 2044 3908 2098 δουλεύον-

2319 2155 2416 2202 τας
2437 2138 2584 2209 ἡμᾶς
2613 2136 2863 2208 πολυθέῳ
2899 2137 3073 2208 πλάνῃ
3133 2137 3226 2189 καὶ
3278 2136 3516 2209 δαίμοσι,
3566 2138 3665 2202 τάς
3703 2155 3766 2191 τε
3800 2136 3907 2190 τῶν

2320 2228 2728 2301 ἁμαρτημάτων
2765 2228 2932 2291 λύσας
2963 2228 3164 2300 σειράς.

2402 2320 2709 2390 Ἀμφότερα
2747 2319 2983 2375 ἐνταῦθα
3031 2318 3431 2390 προφητεύεται
3481 2320 3515 2390 ἦ
3545 2337 3604 2374 τε
3657 2323 3767 2375 ἀπὸ
3798 2325 3901 2377 Βα-

2320 2409 2555 2471 ϐυλῶνος
2585 2408 2692 2460 τῶν
2732 2407 2867 2460 υἱῶν
2907 2407 3126 2478 Ἰσραὴλ
3174 2408 3431 2471 ἐπάνοδος
3462 2411 3558 2462 καὶ
3595 2411 3696 2482 τῆς
3730 2415 3910 2467 οἱκου-

2323 2501 2492 2572 μένης
2520 2498 2783 2570 σωτηρία·
2815 2500 2910 2552 καὶ
2940 2499 3132 2562 διττῶς
3175 2499 3295 2553 ὅλον
3332 2499 3630 2571 ἐξηγεῖται.
3677 2504 3828 2574 Πρὸς
3854 2505 3909 2559 δὲ

2317 2592 2572 2646 διάνοιαν*
2610 2591 2835 2643 Εύδοκεῖ
2867 2589 3070 2661 Κύριος
3101 2591 3199 2662 τὴν
3234 2591 3446 2662 ἀγαθὴν
3474 2593 3570 2646 καὶ
3616 2597 3910 2651 σπουδαίαν

2318 2682 2566 2751 καρδίαν,
2595 2681 2697 2752 γῆν
2755 2679 2919 2732 αὑτοῦ
2975 2682 3368 2750 τυγχάνουσαν,
3428 2682 3516 2735 διὰ
3557 2684 3620 2736 τὸ
3658 2685 3911 2754 δέχεσθαι

2316 2773 2407 2826 τὸν
2455 2773 2652 2843 σπόρον
2705 2771 2796 2824 τὸν
2839 2772 2968 2841 παρ’
3022 2772 3206 2836 αὑτοῦ,
3241 2774 3336 2828 καὶ
3378 2775 3910 2833 ἑκατονταπλασίονα

2317 2867 2706 2938 καρποφορεῖν.

2399 2959 2649 3030 Ἁφῆκας
2716 2959 2822 3024 τὰς
2859 2959 3110 3028 ἀνομίας
3158 2958 3237 3024 τῷ
3290 2957 3419 3024 λαῷ
3463 2976 3600 3014 σου.
3663 2962 3771 3015 Τοῦ
3817 2964 3904 3017 διὰ

2315 3051 2415 3121 τῆς
2463 3051 2698 3114 πίστεως
2729 3050 3022 3121 γενομένου
3079 3051 3243 3106 αὐτοῦ
3277 3050 3427 3104 λαοῦο
3473 3051 3622 3122 λέγει
3675 3054 3734 3106 δὲ
3759 3055 3821 3107 τὸ
3845 3054 3903 3122 ἐξ

2316 3141 2507 3206 ἐθνῶν,
2565 3143 2705 3197 κατὰ
2733 3143 2794 3196 τὸ
2822 3145 3110 3215 εἰρημένον
3171 3144 3275 3196 ὑπὸ
3335 3144 3606 3217 Ζαχαρίου
3637 3145 3733 3199 τοῦ
3772 3164 3906 3219 προ-

654 3256 800 3301 ctum
833 3263 847 3299 :
883 3243 948 3298 In
995 3245 1090 3298 illa
1141 3246 1224 3298 die
1279 3245 1576 3313 confugient
1611 3244 1681 3297 ad
1729 3244 2014 3300 Dominum
2041 3255 2214 3316 gentes

2323 3235 2509 3306 φήτου’
2579 3237 2681 3290 Ἐν
2719 3235 2920 3306 ἐκείνῃ
2952 3235 3022 3304 τῇ
3056 3233 3243 3304 ἡμέρᾳ
3285 3237 3766 3304 καταφεύξονται
3809 3237 3908 3291 ἐπὶ

653 3337 853 3404 mulae,
879 3351 927 3390 et
953 3345 1105 3390 erunt
1139 3337 1240 3405 ipsi
1266 3337 1320 3389 in
1347 3335 1595 3404 populum
1618 3337 1681 3390 “.

724 3493 777 3548 5.
819 3489 1068 3546 Converte
1102 3508 1213 3556 nos,
1254 3490 1389 3544 Deus
1433 3491 1686 3544 salutaris
1725 3501 1924 3546 noster.
1960 3489 2225 3560 Depreca-

655 3587 859 3640 tionem
895 3585 1052 3640 oﬁ‘ert
1080 3599 1143 3638 ex
1179 3600 1408 3654 persona
1438 3585 1616 3653 populi
1653 3583 1984 3651 Judaaorum,
2024 3599 2220 3654 rogan-

656 3677 792 3730 tium
820 3683 878 3729 ut
906 3684 959 3731 et
991 3676 1090 3746 ipsi
1121 3678 1348 3746 gratiam
1384 3685 1813 3746 consequantur.

727 3854 836 3908 8-9.
885 3852 1112 3908 Ostende
1137 3853 1308 3916 nobis,
1345 3851 1586 3918 Domine,
1617 3853 2032 3908 misericordiam
2056 3865 2222 3907 tuam.

657 3944 794 3998 Cum
827 3943 1000 4014 Cyrus
1035 3943 1330 3998 Persarum
1361 3960 1476 4010 rex,
1506 3943 1664 4013 juxta
1690 3945 1841 4000 Isaiae
1869 3945 2226 4016 prophetiam,

657 4037 917 4092 redeundi
960 4044 1281 4107 potestatem
1312 4037 1570 4101 dedisset,
1602 4036 1860 4091 festinant
1889 4039 2115 4107 patriam
2152 4055 2230 4092 re-

661 4139 844 4200 petere
890 4144 1084 4194 suam,
1133 4133 1188 4184 et
1231 4136 1514 4197 pr0pterea
1564 4126 1730 4182 Deum
1804 4139 2129 4198 precantur,
2174 4140 2231 4184 ut

661 4233 966 4294 promptam
1018 4221 1151 4292 ipsis
1185 4235 1280 4289 pro
1308 4219 1596 4274 clementia
1630 4235 1728 4274 sua
1781 4220 2009 4275 salutem
2048 4220 2230 4275 confe-

665 4323 766 4366 rat.
800 4311 1094 4376 Citissime,
1131 4311 1324 4380 inquit,
1349 4325 1382 4363 o
1409 4309 1656 4376 Domine,
1693 4321 1838 4365 tuam
1892 4311 2046 4365 nobis
2074 4311 2230 4366 boni-

664 4411 827 4455 tatem
859 4400 1103 4465 ostende,
1139 4409 1197 4453 ut
1251 4410 1398 4454 tuam
1448 4401 1681 4456 salutem
1728 4415 2150 4472 consequamur,
2180 4411 2233 4456 et

664 4509 729 4547 ex
769 4492 854 4548 his
902 4493 1037 4548 locis
1086 4493 1446 4562 commigrare
1495 4493 1793 4562 possimus.
1821 4493 1957 4547 Cum
1999 4493 2077 4548 sic
2108 4509 2233 4562 pro-

667 4586 826 4654 pheta
858 4585 1306 4654 snppiicationem
1353 4585 1512 4654 quasi
1546 4599 1613 4638 ex
1645 4585 1859 4639 illorum
1895 4601 2124 4655 persona
2157 4585 2234 4638 of-

669 4644 824 4738 lerat,
864 4644 979 4728 1)έί-
1007 4689 1326 4743 responsum
1371 4644 1575 4743 accipit
1614 4684 1668 4730 et
1699 4675 1775 4728 ait
1809 4695 1822 4730 :
1854 4644 2081 4730 Audiam
2108 4677 2231 4746 quid
2265 4644 2308 4702 ί)

666 4766 911 4835 loquatur
940 4769 994 4820 in
1041 4782 1120 4818 me
1167 4765 1425 4819 Dominus
1472 4752 1635 4820 Dea}.
1669 4765 1808 4820 Cum
1840 4765 1996 4820 ﬁnem
2024 4767 2231 4837 suppli-

664 4857 823 4913 candi
874 4857 1088 4912 fecisset
1130 4859 1416 4929 propheta,
1450 4872 1775 4928 responsum
1802 4873 1831 4912 a
1871 4857 2073 4929 Spiritu
2109 4875 2232 4915 cum

667 4949 882 5004 silentio
912 4948 1132 5019 excipit.

740 5039 824 5094 Io.
880 5038 1247 5096 Verumtamen
1301 5057 1458 5112 prope
1513 5043 1751 5097 timentes
1825 5056 1944 5095 cum
2001 5039 2235 5094 salutare

668 5131 852 5191 ipsius.
885 5129 1174 5201 Excipiens
1225 5133 1487 5203 propheta
1539 5148 1863 5204 responsum
1897 5133 2040 5202 quod
2083 5134 2236 5187 audi-

670 5233 824 5276 turus
856 5231 968 5275 erat
1001 5237 1030 5275 a
1065 5220 1175 5276 Deo
1204 5224 1268 5276 de
1300 5237 1495 5292 genere
1542 5238 1642 5279 suo
1663 5262 1679 5287 ,
1727 5223 1856 5277 illud
1889 5231 2060 5281 notat.
2092 5222 2235 5290 quod

669 5324 892 5382 paratus
925 5313 996 5367 sit
1025 5314 1280 5369 omnibus
1312 5328 1479 5385 prope
1509 5315 1724 5378 adesse,
1759 5315 1805 5370 si
1843 5314 1961 5383 ejus
1989 5315 2236 5369 timorem

672 5405 903 5473 amplexi
941 5404 1140 5460 fuerint
1181 5423 1195 5459 :
1229 5407 1504 5476 continget
1533 5415 1711 5460 autem
1745 5407 1810 5461 iis
1835 5406 1928 5476 qui
1959 5405 2046 5460 Dei
2075 5406 2236 5460 timo-

675 5514 783 5553 rem
815 5498 1047 5568 amplexi
1080 5498 1302 5562 fuerint,
1335 5499 1483 5568 quod
1522 5499 1573 5553 in
1605 5500 1776 5566 gloria
1812 5498 2134 5554 inhabitent.
2171 5497 2237 5552 Ut

2246 3310 2288 3367 (ἶ
2323 3325 2432 3379 τὸν
2459 3327 2680 3394 Κύριον
2711 3325 2859 3394 ἔθνη
2911 3327 3132 3390 πολλὰ,
3175 3325 3275 3380 καὶ
3335 3325 3581 3380 ἔσονται
3624 3327 3791 3393 αὑτῷ
3825 3331 3914 3392 είς

2326 3419 2500 3471 λαόν.

2410 3508 2814 3576 Ἐπίστρεψον
2833 3504 3010 3576 ἡμᾶς,
3030 3509 3063 3560 ό
3084 3507 3228 3574 Θεὸς
3252 3508 3372 3562 τῶν
3389 3509 3698 3576 σωτηρίων
3722 3507 3912 3576 ἡμῶν.

2345 3596 2623 3650 Ἐντεῦθεν
2682 3597 2917 3651 ἱκετείαν
2971 3597 3279 3668 ἀναπέμπει
3350 3600 3415 3651 ἐκ
3471 3596 3766 3668 προσώπου
3819 3597 3913 3650 τοῦ

2335 3688 2461 3742 λαοῦ
2512 3689 2620 3742 τῶν
2684 3688 2973 3756 Ἰουδαίων,
3032 3688 3326 3754 ἀξιούντων
3360 3689 3453 3742 καὶ
3502 3689 3698 3752 αὐτοὺς
3731 3692 3914 3760 τυχεῖν

2335 3783 2432 3852 τῆς
2469 3780 2708 3851 χάριτος.

2401 3873 2608 3938 Δεῖξον
2634 3871 2800 3942 ἡμῖν,
2827 3872 3023 3940 Κύριε,
3063 3871 3132 3927 τὸ
3189 3873 3364 3939 ἔλεός
3412 3890 3553 3928 σου.
3581 3873 3773 3946 Κύρου
3823 3874 3915 3928 τοῦ

2331 3965 2554 4038 Περσῶν
2615 3963 3046 4035 βασιλεύσαντος,
3083 3965 3224 4019 κατὰ
3251 3964 3348 4036 τὴν
3385 3965 3477 4018 τοῦ
3520 3966 3746 4020 Ἡσαΐου
3778 3983 3918 4037 προ-

2331 4056 2586 4128 φητείαν,
2653 4055 2945 4119 δεδωκότος
3008 4055 3108 4126 τῆς
3161 4055 3422 4109 ἐπανόδου
3479 4056 3576 4127 τὴν
3643 4056 3915 4122 ἐξουσίαν,

2333 4149 2638 4216 ἐπείγονται
2661 4147 2760 4218 τὴν
2787 4145 3113 4214 ἐνεγκοῦσαν
3149 4147 3498 4209 καταλαϐεῖν.
3532 4147 3631 4200 Διὰ
3669 4148 3734 4219 δὴ
3759 4148 3920 4204 τοῦτο

2331 4241 2419 4294 τὸν
2450 4240 2584 4293 Θεὸν
2634 4238 2953 4305 ἱκετεύουσι,
2989 4243 3213 4310 ταχεῖαν
3260 4241 3444 4303 αὐτοῖς
3489 4240 3577 4294 διὰ
3611 4240 3920 4313 φιλανθρω-

2334 4334 2461 4396 πίας
2494 4335 2799 4404 παρασχεῖν
2835 4332 3128 4404 σωτηρίαν.
3183 4333 3443 4404 Τάχιστα,
3504 4334 3689 4405 φησὶν,
3739 4327 3787 4387 ὦ
3816 4335 3915 4388 Δέ-

2335 4443 2527 4489 σποτα,
2556 4425 2654 4496 τὴν
2686 4427 2784 4496 σὴν
2811 4427 2943 4496 ἡμῖν
2969 4425 3278 4494 ἀγαθότητα
3324 4426 3516 4492 δεῖξον,
3549 4427 3635 4480 ῖνα
3663 4426 3916 4497 τύχωμεν

2333 4517 2431 4588 τῆς
2461 4519 2562 4589 σῆς
2591 4517 2864 4589 σωτηρίας
2885 4517 2980 4572 καὶ
3000 4517 3102 4588 τῆς
3123 4517 3371 4571 ἐντεῦθεν
3400 4517 3740 4589 ἀπαλλαγῆς.
3759 4519 3916 4574 οὕτω

2334 4608 2431 4678 τὴν
2463 4607 2693 4666 ἱκετείαν
2716 4605 2790 4670 ὡς
2812 4607 2872 4672 ἐξ
2895 4606 3117 4660 ἐκείνων
3145 4609 3173 4660 6
3197 4608 3478 4678 προφήτης
3507 4609 3914 4678 προσενεγκὼν,

2335 4699 2546 4770 δέχεται
2578 4697 2670 4751 τοῦ
2703 4697 2838 4752 Θεοῦ
2868 4699 2966 4769 τὴν
2987 4698 3276 4771 ἀπόκρισιν
3299 4698 3392 4752 καί
3415 4714 3597 4768 φησιν’
3637 4698 3916 4754 ’Δκούσο-

2329 4807 2435 4860 μαι
2461 4791 2517 4844 τί
2538 4789 2797 4856 λαλήσει
2849 4790 2918 4842 ἐν
2941 4790 3068 4859 ἐμοὶ
3112 4791 3328 4858 Κύριος
3359 4793 3392 4844 d
3418 4790 3580 4855 Θεός.
3618 4789 3916 4862 Παυσάμε-

2334 4897 2422 4943 νος
2455 4882 2483 4933 6
2526 4881 2808 4952 προφήτης
2858 4881 3085 4944 ἱκεσίας,
3116 4882 3214 4953 τὴν
3261 4881 3410 4953 παρὰ
3471 4879 3566 4934 τοῦ
3595 4879 3918 4952 Πνεύματος

2335 4974 2622 5045 ἀπόκρισιν
2652 4974 2927 5045 ἐκδέχεται
2953 4974 3189 5029 σιωπῶν.

2407 5062 2581 5132 Πλὴν
2605 5064 2784 5134 ἐγγὺς
2816 5064 2933 5119 τῶν
2982 5064 3364 5135 φοϐουμένων
3394 5065 3581 5120 αὑτὸν
3626 5064 3694 5119 τό
3724 5065 3916 5134 σωτή-

2329 5173 2466 5224 ριον
2517 5156 2726 5210 αὑτοῦ.
2770 5157 3153 5228 Ἑκδεχόμενος
3181 5159 3210 5210 6
3240 5158 3526 5229 προφήτης
3551 5157 3649 5229 τὴν
3683 5159 3916 5232 ἀπόκρι-

2341 5265 2443 5314 σιν,
2478 5250 2544 5319 ἧν
2569 5247 2872 5318 ἀκούσομαι
2899 5249 3025 5320 περὶ
3072 5247 3166 5301 τοῦ
3217 5248 3406 5318 γένους
3459 5266 3562 5319 μου
3611 5250 3766 5321 παρὰ
3822 5251 3912 5304 τοῦ

2339 5339 2496 5405 Θεοῦ,
2538 5341 2713 5394 ἐκεῖνο
2755 5339 2916 5408 ἐγνω,
2962 5339 3038 5404 ὡς
3081 5341 3246 5394 πᾶσιν
3289 5340 3507 5411 ἕτοιμος
3537 5340 3622 5412 εἴη
3661 5341 3912 5410 γενέσθαι

2340 5433 2524 5501 ἐγγὺς,
2555 5431 2610 5486 εί
2657 5451 2719 5502 γε
2749 5433 2840 5488 τὸν
2877 5434 3044 5488 αὐτοῦ
3098 5433 3261 5504 φόϐον
3313 5432 3658 5498 ἀσπάζοιντο·
3700 5433 3911 5505 cup“;-

2343 5539 2491 5576 σεται
2536 5524 2592 5577 δὲ
2621 5526 2731 5588 τοῖς
2763 5525 3158 5596 ἀσπαζομένοις
3185 5523 3244 5578 τὸ
3289 5526 3348 5578 ἐν
3395 5523 3522 5596 δόξῃ
3548 5522 3909 5596 κακασκηνῶ-

675 5593 926 5646 inhabitet
961 5591 1130 5661 gloria
1169 5593 1224 5645 in
1265 5603 1403 5646 terra
1437 5603 1638 5647 nostra.
1671 5592 1766 5650 His
1796 5593 2064 5665 signiﬁcat
2097 5609 2241 5650 oeco—

2344 5633 2453 5669 σαι.
2491 5615 2597 5671 Τοῦ
2647 5591 3106 5687 κατασχηνῶσαι
3153 5617 3340 5682 δόξαν
3369 5617 3438 5670 ὲν
3485 5591 3561 5686 τῇ
3596 5615 3673 5686 τῇ

747 5767 790 5800 ¹⁰
831 5770 928 5823 lsa.
963 5783 1075 5833 ut,
1104 5769 1153 5822 1.
1232 5770 1271 5800 ¹¹
1312 5767 1446 5824 Luc.
1479 5787 1552 5837 tv,
1580 5773 1666 5828 2i.
1749 5775 1790 5806 ¹¹
1835 5772 1998 5827 Zach.
2035 5787 2092 5837 ιι,
2118 5769 2201 5824 11.

747 5880 858 5957 (57)
899 5881 1022 5939 llaec
1054 5883 1220 5940 dubia
1249 5895 1396 5946 sunt,
