4108 6532
223 459 326 514 375
1270 463 1636 522 EXPOSITIO
1671 462 1738 518 IN
1786 462 2115 521 PSALMUM
2156 464 2415 522 LXXXV.
3383 461 3486 515 374

224 571 336 642 Τὴν
375 571 528 642 μετά
588 575 791 648 σαρκὸς
840 575 1147 648 οίκονομιαν
1195 577 1288 632 τοῦ
1350 577 1686 647 Μονογενοῦς
1733 576 1810 630 διὰ

1924 582 2162 634 nomiam
2201 578 2470 650 Unigeniti
2525 593 2648 634 cum
2691 591 2874 632 carne.
2906 575 3066 632 Facta
3103 577 3300 646 quippe
3331 579 3486 636 nobis

221 661 434 718 τούτων
469 667 761 736 σημαίνει.
810 665 999 736 Γέγονε
1030 667 1139 740 γάρ
1187 669 1319 738 ἡμῖν
1354 667 1505 740 παρά
1547 666 1641 722 τοῦ
1685 666 1810 721 Θεοῑ¹

1925 681 2007 725 est
2030 686 2059 724 a
2097 668 2206 724 Deo
2241 679 2294 724 et
2321 668 2706 739 Patrejustitia
2735 676 2789 722 et
2811 682 2916 737 pax
2944 676 2997 722 et
3029 666 3401 722 misericordia
3435 680 3490 725 et

224 756 318 809 καὶ
371 757 610 833 Πατρὸς
654 760 968 832 δικαιοσύνη
1037 762 1132 814 καὶ⁹
1162 763 1353 834 εἰρήνη
1411 762 1504 815 καὶ
1561 760 1707 824 ἔλεος
1730 760 1810 814 καῖ

1924 761 2144 815 veritas.
2172 757 2394 828 Nosque
2422 759 2707 813 miseratus
2731 758 2916 813 docuit
2947 758 3264 826 veritatem;
3294 761 3403 814 imo
3436 771 3489 816 et

221 848 482 920 ἀλήθεια.
546 852 809 924 Ἐλεήσας
842 854 899 908 δὲ
942 856 1090 926 ἡμᾶς
1147 854 1352 919 ἐδίδαξε
1400 855 1498 926 τὴν
1541 853 1810 926 ἀλήθειαν

1919 852 2095 921 justos
2119 849 2349 905 reddidit
2380 865 2501 916 nos,
2526 850 2809 920 paciﬁcans
2847 849 3024 903 omnia
3065 849 3117 902 in
3165 851 3332 920 seipse
3368 866 3486 924 quc

219 942 314 994 καὶ
346 941 464 1014 μὴν
493 945 600 998 καὶ
627 944 866 1009 δικαίους
919 946 1218 1018 ἀπέφηνεν,
1260 946 1722 1014 εἰρηνοποιήσας
1750 944 1810 999 τό

1921 945 1976 997 in
2017 944 2142 998 coelo
2171 953 2220 997 et
2241 959 2359 1013 qua
2391 943 2444 997 in
2481 951 2617 998 terra
2637 941 2690 1000 “.

216 1031 426 1085 πάντα
456 1032 538 1087 ἐν
566 1033 730 1102 αὑτῷ
775 1035 848 1090 τά
871 1053 936 1090 τε
962 1037 1032 1092 ἐν
1080 1034 1160 1103 τῷ
1193 1035 1424 1106 οὐρανῷ
1465 1037 1562 1092 καὶ
1596 1037 1668 1092 τὰ
1721 1035 1820 1090 ἐπὶ

217 1118 330 1190 τῆς
362 1119 511 1190 τῆς.

293 1214 530 1280 Ἔλεος
589 1214 689 1269 καὶ
717 1216 969 1283 ἀλήθεια
1022 1215 1438 1283 συνήντησαν.
1493 1217 1687 1288 Σαφῶς
1720 1217 1821 1290 τὴν

215 1303 304 1357 διά
332 1305 439 1375 τῆς
467 1305 744 1361 Θεοτόκου
774 1308 865 1361 καὶ
905 1306 1284 1378 Ἀειπαρθένου
1338 1307 1693 1362 ἀνατείλασαν
1741 1308 1822 1379 τῷ

213 1396 418 1469 κόσμῳ
449 1399 725 1471 κηρύττει
771 1399 1048 1472 ἀλήθειαν.
1080 1401 1250 1464 Αὐτὸς
1291 1401 1399 1472 γάρ
1445 1403 1592 1454 ἐστιν
1620 1402 1653 1472 ἡ
1683 1400 1818 1472 ἀλή-

214 1487 363 1554 θεια,
410 1493 463 1544 εί
507 1493 609 1546 καὶ
669 1492 956 1564 γεγένηται
1015 1493 1081 1546 ὲκ
1135 1494 1414 1562 γυναικός.
1459 1494 1817 1560 Δικαιοσύνη

1999 1206 2086 1262 ll.
2129 1204 2493 1260 Misericordia
2526 1216 2573 1260 et
2620 1201 2813 1260 ueritas
2851 1205 3181 1260 obviaverunt
3228 1205 3350 1258 sibi.
3378 1202 3485 1260 Ve-

1920 1299 2134 1353 ritatem
2196 1314 2318 1369 qua:
2369 1315 2467 1368 per
2522 1297 2805 1369 Deiparam
2866 1306 2920 1352 et
2964 1313 3176 1368 semper
3216 1297 3486 1368 Virginem

1921 1391 2125 1445 mundo
2155 1397 2344 1446 exorta
2373 1399 2457 1447 est
2485 1400 2668 1460 aperte
2692 1389 2967 1460 praedicat.
2995 1388 3113 1459 Ipse
3145 1403 3378 1459 namque
3405 1397 3489 1444 est

1920 1483 2138 1549 veritas,
2169 1483 2383 1537 etiamsi
2412 1497 2475 1537 ex
2506 1482 2732 1538 muliere
2765 1489 2927 1537 natus
2965 1482 3055 1536 sit.
3081 1478 3303 1534 Iustitia
3341 1480 3486 1535 enim

1918 1586 1966 1630 et
2001 1592 2106 1645 pax
2135 1591 2258 1631 vere
2305 1576 2558 1631 osculata:
2600 1584 2746 1644 sunt,
2779 1590 2876 1646 per
2897 1574 3174 1628 veritatem
3228 1573 3375 1627 illam
3421 1589 3486 1628 ex

1919 1683 2132 1738 semper
2165 1666 2382 1739 Virgine
2408 1665 2636 1738 Dcipara
2666 1668 2869 1722 mundo
2899 1667 3182 1721 orientem.

216 1579 328 1653 γὰρ
351 1583 461 1637 καὶ
498 1583 754 1653 ἀλήθεια
816 1586 1230 1654 κατεφίλησαν
1285 1583 1473 1653 σαφῶς
1500 1585 1590 1638 διά
1622 1583 1720 1656 τὴν
1753 1586 1818 1637 ὲκ

215 1674 318 1743 τῆς
361 1675 764 1748 ’Δειπαρθένου
794 1677 1054 1731 Θεοτόκου
1097 1675 1452 1732 ἀνατείλασαν
1502 1677 1579 1748 τῷ
1629 1677 1818 1749 κόσμῳ

216 1764 284 1816 ἀλ
325 1764 518 1822 θειαν.

286 1766 406 1912 gat
469 1858 830 1928 δικαιοσύνη
885 1860 954 1914 ἐκ
1033 1861 1142 1916 τοῦ
1201 1859 1463 1930 οὐρανοῦ
1507 1857 1810 1929 διέκυψεν.

1991 1851 2078 1906 12.
2123 1849 2188 1904 Et
2233 1850 2451 1920 iustitia
2496 1851 2561 1904 de
2616 1849 2744 1903 caelo
2781 1849 3067 1918 prospexit.
3103 1847 3292 1902 Simile
3322 1856 3406 1903 est
3434 1847 3486 1902 id

219 1945 458 2019 Ὅμοιον
483 1950 551 2004 τὸ
585 1924 871 2023 εἰρημένον
933 1952 1072 2024 πρὸς
1106 1953 1206 2024 τὴν
1243 1924 1541 2023 άαρθένονο
1579 1924 1810 2021 Πνεῦμα

1918 1943 2062 2012 quod
2093 1942 2159 1996 ad
2187 1941 2463 2014 Virginem
2492 1942 2696 1997 dictum
2725 1941 2826 1995 fuit
2854 1959 2866 1996 :
2892 1939 3121 2012 Spiritus
3151 1949 3365 1994 sanctus
3391 1956 3483 1994 su-

216 2037 400 2107 ἅτιον
447 2041 846 2096 ἐπελεύσεται
872 2042 968 2096 ἐπὶ
1003 2042 1097 2108 σὲ,
1125 2043 1219 2097 καὶ
1248 2043 1316 2096 τὰ
1361 2042 1508 2112 ἑξῆς.

1916 2036 2172 2105 perveniet
2208 2036 2260 2088 in
2291 2035 2413 2104 te“,
2449 2045 2553 2090 etc.

292 2128 411 2182 Καὶ
455 2129 574 2199 γὰρ
613 2132 646 2184 ό
696 2131 910 2199 Κύριος
946 2129 1124 2185 δώσει
1176 2131 1571 2201 χρηστότητα.
1625 2131 1810 2193 Ὅταν.

1994 2130 2081 2185 15.
2124 2128 2328 2183 Etenim
2356 2127 2610 2182 Dominus
2637 2127 2782 2181 dabit
2805 2126 3197 2196 benignitatem.
3222 2123 3380 2185 Cum,
3402 2122 3486 2176 in-

217 2219 382 2288 φησι,
420 2219 554 2273 καθ’
600 2221 901 2292 ὑπερδολὴν
959 2223 1324 2295 χρηστότητος
1373 2221 1654 2293 ἐπιλάμψῃ
1702 2225 1810 2285 τοῖς

1916 2223 2054 2295 quit,
2103 2222 2174 2277 ob
2221 2237 2490 2277 summam
2523 2221 2935 2292 benignitatem,
2965 2233 3060 2273 eos
3092 2217 3186 2287 qui
3235 2215 3288 2270 in
3339 2225 3484 2269 terra

219 2309 314 2362 ιπὶ
348 2311 456 2382 τῆς
484 2313 590 2383 γῆς
621 2313 650 2364 ὁ
682 2311 904 2383 Κύριος,
934 2315 1056 2367 τότε
1100 2316 1194 2369 καί
1220 2317 1402 2387 ἡμεῖς,
1433 2315 1597 2388 νοητὴ
1637 2316 1810 2388 ὑπάρ-

1915 2325 2042 2371 sunt
2079 2313 2470 2369 illuminaverit
2517 2312 2779 2368 Dominus
2805 2352 2820 2378 ,
2854 2320 2984 2366 tunc
3015 2318 3069 2366 et
3091 2325 3191 2363 nos
3215 2309 3309 2378 qui
3341 2317 3484 2362 terra

221 2416 414 2468 χοντες
443 2401 544 2472 γῆ,
584 2403 712 2468 τοὺς
737 2406 1136 2475 πνευματικοὺς
1189 2406 1435 2478 καρποὺς
1464 2404 1810 2479 ἀποδώσομεν

1915 2423 2107 2464 sumus
2135 2405 2458 2478 spiritualis,
2487 2405 2799 2475 spirituales
2833 2403 3061 2474 iustitia:
3086 2400 3299 2457 fructus
3326 2401 3484 2455 dabi-

218 2491 320 2562 τῆς
351 2492 727 2565 δικαιοσύνης.
1914 2516 2059 2556 mus.

293 2586 662 2655 Δικαιοσύνη
730 2586 986 2642 ἐνώπιον
1055 2589 1243 2644 αὑτοῦ
1318 2593 1810 2661 προπορεύσεται.

1985 2594 2072 2649 14.
2107 2591 2332 2647 Iustitia
2382 2600 2502 2646 ante
2564 2607 2681 2645 eum
2733 2587 3045 2643 ambulabit.
3090 2585 3226 2642 Cum
3260 2584 3485 2640 dixisset

220 2673 435 2740 Εἰπὼν,
468 2677 545 2742 ὡς
571 2675 787 2749 δώσειή
817 2679 983 2749 νοητὴ
1027 2678 1101 2750 γῆ
1156 2679 1248 2732 τὸν
1291 2681 1524 2752 καρπὸν,
1572 2681 1810 2736 διδάσκει

1912 2685 2248 2757 spiritualem
2306 2694 2504 2738 terram
2559 2683 2808 2738 daturam
2860 2696 2980 2737 esse
3009 2679 3246 2735 fructum
3299 2690 3482 2754 suum,

221 2769 555 2834 πῶςδώσει.
583 2771 707 2834 Πῶς
734 2770 790 2824 δὲ
829 2769 1010 2835 δώσει,
1062 2771 1095 2844 ἢ
1127 2773 1253 2826 ὅταν
1296 2773 1460 2827 αὐτοῦ
1499 2774 1594 2829 τοῦ
1645 2777 1810 2848 ἐργα-

1912 2779 2018 2850 iam
2055 2775 2213 2830 docet
2258 2789 2368 2846 quo
2419 2783 2578 2845 pacto
2628 2773 2823 2829 datura
2860 2773 2951 2828 sit.
2990 2770 3275 2839 Quomodo
3311 2770 3480 2828 dabit.

222 2857 463 2930 ζομένου
512 2860 573 2913 τὸ
618 2859 821 2928 ἀγαθὸν
849 2861 882 2930 ἡ
911 2861 1245 2932 δικαιοσύνη,
1302 2864 1678 2934 προδαδίσασα
1732 2867 1810 2930 είς

1912 2871 2015 2926 nisi
2070 2885 2193 2925 eum
2247 2867 2460 2939 justitia
2508 2865 2930 2938 prmambulans,
2962 2881 3183 2938 gressus
3234 2866 3354 2936 ejus
3389 2865 3484 2936 qul

224 2953 321 3022 τὴν
344 2953 465 3008 ἂνω
490 2953 728 3022 ἄγουσαν
747 2952 884 3018 ὁδὸν,
903 2954 1201 3030 κατευθύνῃ
1226 2956 1319 3010 τού
1341 2957 1510 3030 αὐτὴν
1526 2959 1810 3031 πορευομέ-

1912 2972 2171 3034 Operatur
2211 2962 2411 3016 bonum
2440 2969 2495 3014 et
2527 2959 2728 3014 incedit
2759 2959 2813 3012 in
2840 2959 2923 3013 via
2955 2973 3076 3029 qua;
3112 2973 3330 3013 sursum
3365 2965 3484 3012 ten-

222 3059 316 3098 νου
347 3044 423 3099 τά
446 3044 603 3116 διαὸή
613 3062 786 3117 pata;

405 3137 723 3207 Προσευχὴ
772 3137 851 3205 τῷ
902 3138 1101 3193 Δάυΐδ.
1143 3139 1448 3193 ΨΑΛΜΟΣ
1497 3143 1634 3197 HE’.

854 3233 1190 3297 ’Υπόθεσις.

1911 3057 2010 3124 dit,
2046 3057 2098 3110 in
2131 3056 2247 3125 ipsa
2277 3053 2365 3108 via
2398 3051 2696 3108 direxerit?

2076 3148 2261 3205 Oratio
2288 3147 2391 3218 ipsi
2428 3145 2620 3200 David.
2661 3140 3003 3199 PSALMUS
3041 3139 3321 3195 LXXXV.

2496 3239 2900 3309 Argumentum.

226 3316 525 3383 Φωτισθεὶς
557 3319 646 3373 διά
666 3319 760 3374 τοῦ
801 3321 1114 3392 Πνεύματος
1141 3293 1208 3375 τὰ
1233 3323 1361 3393 περὶ
1390 3322 1489 3393 τῆς
1510 3325 1810 3395 παρουσίας

1913 3329 2049 3383 Cum
2083 3343 2177 3398 per
2211 3327 2472 3399 Spiritum
2509 3293 2848 3382 illuminatus
2872 3333 3058 3381 nosset
3095 3324 3288 3378 beatus
3315 3319 3484 3377 David

296 3411 393 3467 τοῦ
445 3412 784 3482 Μονογενοῦς
828 3414 856 3467 ὁ
884 3413 1149 3485 μακάριος
1189 3414 1369 3478 Δαυῒδ,
1428 3416 1521 3470 καὶ
1570 3415 1669 3488 τὴν
1697 3417 1813 3469 ἐσο-

297 3503 471 3574 μένην
526 3505 689 3557 παντὶ
748 3504 827 3576 τῷ
882 3503 1274 3575 καταφεύγοντι
1326 3505 1464 3578 πρὸς
1518 3507 1678 3560 αὑτὸν
1707 3506 1812 3561 τῶν

294 3595 712 3666 ἁμαρτημάτων
747 3596 962 3666 ἄφεσιν,
1019 3598 1242 3663 είκότως
1288 3599 1603 3670 ἀναπέμπει
1647 3617 1813 3672 προσ-

295 3687 493 3760 ευχὴν,
547 3688 643 3742 ἕνα
685 3687 780 3741 καὶ
822 3686 986 3741 αὑτὸν
1023 3689 1190 3753 ἀξιῶν
1235 3689 1523 3761 εὑρεθῆναι
1566 3691 1676 3745 τῶν
1711 3709 1814 3745 σω-

299 3778 547 3852 ζομένων
575 3781 664 3835 διά
693 3781 792 3852 τῆς
829 3780 1071 3853 χάριτος.

299 3873 551 3935 Κλῖνον,
599 3875 796 3942 Κύριε,
841 3873 909 3927 τὸ
961 3868 1072 3940 οὖς
1135 3889 1251 3927 σου
1314 3873 1413 3928 καί
1465 3873 1812 3930 ἐπάκουσόν

227 3981 366 4033 μου.
401 3964 566 4032 Μέγα
607 3967 717 4035 γὰρ
747 3967 822 4028 ὡς
850 3964 1064 4036 ἀληθῶς
1097 3965 1308 4034 ἑφόδιον
1331 3965 1466 4038 πρὸς
1493 3967 1553 4020 τὸ
1587 3967 1813 4039 εὐχόμε-

235 4071 321 4109 νον
355 4055 725 4110 ἐπακούεσθαι
771 4057 805 4126 ὴ
857 4055 1345 4129 ταπεινοφροσύνη.
1393 4058 1521 4111 Ὅτι
1579 4059 1813 4128 πτωχός

235 4148 329 4202 καί
355 4147 548 4217 πένης
583 4147 700 4217 ειμι
728 4146 860 4218 ἐγώ.
892 4149 1476 4221 Ταπεινοφρονήματος
1506 4149 1605 4220 τῆς
1641 4167 1811 4221 προσ-

233 4241 397 4311 ευχῆς
451 4241 514 4294 τὸ
575 4241 878 4312 προοίμιον.
938 4241 1049 4312 Τῆς
1094 4242 1203 4313 γὰρ
1267 4241 1609 4313 δικαιοσύνης
1647 4243 1811 4314 ἄμφω

233 4330 564 4403 κεκτημένοι
591 4331 682 4386 τὸν
713 4331 960 4397 πλοῦτον,
1001 4334 1108 4386 ὅτε
1159 4331 1322 4387 Δαυτδ
1363 4335 1457 4388 καὶ
1490 4336 1519 4388 ὀ
1564 4333 1811 4399 Ἐζεκίας

233 4421 366 4492 πρὸς
394 4421 586 4475 τοῦτον
621 4421 721 4493 μὲν
746 4423 848 4494 οὐχ
869 4420 1077 4494 ἐώρων,
1128 4425 1207 4488 είς
1250 4423 1307 4477 δὲ
1338 4425 1436 4496 την
1460 4426 1559 4497 τῆς
1596 4424 1808 4495 φύσεως

236 4512 424 4566 πενίαν
446 4511 776 4578 ἀπέϐλεπον,
795 4514 1000 4568 καὶτὸν
1014 4513 1146 4568 Θεὸν
1175 4515 1424 4588 ἠντιϐόλη
1433 4533 1530 4570 σαν
1549 4518 1809 4588 οίκτεῖραι

1984 3437 2104 3491 quae
2147 3421 2438 3476 adventum
2470 3417 2742 3489 Unigeniti
2776 3419 3113 3489 spectabant,
3145 3427 3304 3487 atque
3334 3414 3483 3471 futu-

1984 3529 2101 3568 ram
2149 3512 2405 3567 omnibus
2454 3508 2547 3582 qui
2600 3510 2666 3565 ad
2699 3525 2822 3565 eum
2858 3508 3212 3578 confugerent
3244 3517 3488 3576 peccato-

1987 3619 2106 3657 rum
2145 3602 2548 3668 remissionem,
2573 3603 2696 3672 jure
2726 3601 3027 3656 orationem
3078 3599 3253 3666 oﬂ‘crt,
3284 3612 3484 3670 rugans

1984 3705 2041 3748 ut
2079 3694 2194 3765 ipse
2223 3709 2367 3748 unus
2401 3709 2522 3749 esse
2548 3694 2986 3763 deprehendatur
3030 3707 3220 3748 eorum
3265 3693 3356 3763 qui
3390 3707 3486 3762 per

1983 3786 2213 3858 gratiam
2247 3787 2477 3842 salutem
2510 3795 2937 3855 consequuntur.

1983 3879 2033 3933 1.
2083 3877 2308 3942 lnclina,
2356 3878 2598 3945 Domine,
2642 3893 2822 3931 aurem
2861 3885 3027 3942 tuam,
3057 3885 3106 3929 et
3150 3873 3344 3929 exaudi
3381 3889 3480 3928 me.

1911 3970 2226 4043 Opportuna
2253 3986 2385 4026 sane
2415 3971 2498 4024 via
2530 3980 2589 4025 ut
2623 3970 2749 4040 quis
2777 3969 3123 4034 exaudiatur,
3152 3976 3236 4024 est
3263 3966 3484 4022 humili-

1913 4074 2014 4122 tas.
2043 4062 2310 4127 Quoniam
2346 4062 2493 4128 inops
2522 4068 2572 4114 et
2607 4074 2807 4129 pauper
2845 4075 2962 4112 sum
2986 4074 3098 4129 ego.
3155 4056 3268 4127 (38)
3296 4054 3486 4110 Humi-

1912 4157 2080 4211 litatis
2112 4165 2196 4211 est
2220 4154 2545 4226 proemium
2575 4153 2629 4206 in
2658 4149 2918 4207 oratione.
2951 4147 3086 4203 Nam
3116 4147 3341 4219 iustitia:
3367 4164 3486 4202 am-

1909 4249 1980 4304 bo
2029 4247 2249 4303 divitias
2293 4247 2636 4318 possidentes
2691 4243 2858 4299 David
2902 4253 3063 4314 atque
3102 4241 3383 4308 Ezechias,
3414 4243 3484 4297 ad

1910 4357 2004 4397 eas
2050 4357 2160 4396 non
2202 4340 2587 4411 respiciebant,
2629 4339 2724 4394 sed
2772 4348 2980 4393 natura:
3006 4337 3244 4407 inopiam
3271 4346 3484 4407 specta-

1911 4434 2059 4498 bant,
2097 4443 2150 4489 et
2183 4431 2295 4487 Deo
2321 4432 2700 4502 supplicabant
2731 4440 2790 4485 ut
2822 4446 2940 4485 eam
2990 4438 3306 4501 paupertate
3349 4430 3484 4485 atre-

1910 4537 2054 4582 etam
2098 4526 2474 4581 miseraretur.
2518 4523 2650 4578 Illud
2686 4532 2865 4578 autem
2905 4519 3183 4590 :Inclina,
3234 4519 3479 4587 Domine,

232 4604 435 4677 ταύτην
485 4605 726 4694 mulsia
777 4607 1227 4678 συνεζευγμένην.
1293 4609 1366 4662 Τὸ
1430 4609 1487 4663 δὲ
1511 4650 1528 4675 ,
1564 4609 1804 4675 κλῖνον,

1912 4637 2092 4674 aurem
2132 4630 2300 4684 tuam,
2329 4635 2397 4674 ex
2432 4616 2749 4688 metaphora
2783 4616 3016 4686 positum
3066 4623 3169 4680 est,
3217 4615 3375 4685 quasi
3414 4632 3481 4671 ex

232 4699 427 4765 Κύριε,
461 4697 530 4749 τὸ
555 4690 664 4762 οὖς
691 4709 828 4759 σου,
885 4698 950 4750 ὲκ
993 4699 1302 4770 μεταφορᾶς
1349 4699 1590 4754 τέθεικεν
1623 4699 1804 4772 ἀρρώ-

1912 4709 2221 4767 inﬁrmitate
2268 4726 2374 4766 non
2428 4709 2602 4780 possit
2644 4708 2809 4763 altius
2841 4707 3098 4774 clamare,
3129 4715 3183 4764 et
3208 4707 3482 4764 medicum

232 4806 357 4843 στου
387 4788 536 4852 τινὸς
569 4787 674 4841 ὑπὸ
698 4787 978 4854 ἀσθενείας
1005 4791 1374 4863 γεγωνότερον
1403 4792 1465 4845 ού
1505 4791 1803 4862 δυναμένου

229 4880 431 4945 λαλεῖν,
465 4881 560 4932 καὶ
605 4879 696 4932 τὸν
725 4880 908 4953 ίατρδν
941 4880 1285 4952 προσκλίνειν
1343 4881 1422 4953 τῷ
1449 4883 1679 4955 στόματι
1705 4883 1804 4954 τὴν

230 4971 399 5043 ἀκοὴν
427 4968 848 5039 ἀναγκάζοντος.

295 5062 583 5126 Φύλαξον
641 5061 755 5131 τὴν
800 5064 1010 5132 ψυχήν
1066 5082 1215 5134 μου,
1274 5063 1364 5118 ὅτι
1432 5063 1603 5131 ὅσιός
1665 5067 1801 5136 ειμι.

239 5153 354 5222 Ἀφ’
385 5145 462 5205 ὧν
492 5150 852 5223 κατώρθωσεν
878 5152 1098 5222 ἀγαθῶν
1140 5154 1546 5227 ὲπακουσθῆναι
1579 5155 1798 5223 ἐξαιτεῖ.

228 5241 439 5296 Σῶσον
477 5241 586 5295 τὸν
610 5241 836 5296 δοῦλόν
864 5258 1001 5307 σου,
1045 5244 1077 5296 ό
1118 5244 1260 5309 Θεός
1310 5261 1461 5312 μου,
1501 5244 1607 5298 τὸν
1635 5246 1805 5300 ἐλπι-

227 5332 398 5394 (ma
442 5331 543 5386 ἐπὶ
585 5331 707 5386 σοι.
751 5332 967 5404 Ἐπειδὴ
1007 5333 1150 5386 ὅσιον
1194 5333 1384 5387 ἑαυτὸν
1416 5334 1800 5408 ἀνηγόρευσεν,

226 5425 317 5478 ἐπὶ
347 5425 411 5478 τὸ
433 5423 688 5479 ταπεινὸν
730 5424 891 5478 πάλιν
939 5423 1234 5496 καταφέρει
1268 5425 1361 5478 τὸν
1406 5423 1580 5495 λόγον,
1621 5427 1802 5481 δοῦλον

229 5515 414 5568 ἑαυτὸν
447 5514 900 5586 ἀπογραφόμενος
928 5514 1019 5568 τοῦ
1051 5514 1206 5579 Θεοῦ,
1234 5517 1328 5570 καὶ
1366 5515 1452 5568 ἐπ’
1480 5517 1627 5587 αὐτῷ
1659 5519 1802 5588 μόνῳ

231 5605 322 5676 τὴν
349 5606 544 5662 ἐλπίδα
571 5607 673 5677 τῆς
697 5606 970 5678 σωτηρίας
1003 5607 1145 5678 ἔχειν
1173 5607 1655 5680 ἐπαγγειλάμενος.

265 5757 305 5793 ¹⁸
342 5759 556 5816 Coloss.
589 5778 628 5827 ι,
661 5758 752 5813 20.
829 5759 870 5790 “
907 5758 1040 5817 Luc.
1073 5778 1111 5829 ι,
1143 5763 1233 5818 δι.

1911 4809 2068 4872 cogat
2097 4809 2156 4856 ut
2187 4816 2347 4857 aures
2370 4802 2451 4857 ori
2482 4801 2787 4856 admoveat.

1977 5062 2027 5115 2.
2073 5062 2292 5116 Custodi
2324 5065 2558 5115 animam
2599 5079 2786 5130 meam,
2818 5065 3066 5132 quoniam
3096 5074 3307 5117 sanctus
3337 5079 3476 5121 sum.

1905 5152 1986 5208 0b
2016 5153 2157 5207 bona
2184 5168 2349 5222 opera
2375 5169 2498 5224 quae
2524 5155 2693 5209 edidit
2720 5155 2960 5225 postulat
2983 5155 3228 5211 exaudiri
3258 5171 3336 5211 se.
3353 5155 3480 5211 Sal-

1907 5260 2025 5297 vum
2055 5244 2142 5312 [ac
2174 5260 2377 5299 servum
2422 5255 2590 5310 tuum,
2619 5244 2759 5300 Deus
2795 5261 2960 5310 meus,
3001 5255 3296 5315 sperantem
3325 5246 3381 5300 in
3409 5257 3476 5302 te.

1908 5332 2200 5404 Postquam
2249 5350 2307 5390 se
2345 5347 2593 5391 sanctum
2645 5351 2765 5392 esse
2810 5337 2966 5402 dixit,
2997 5337 3065 5392 ad
3116 5337 3478 5394 humilitatem

1911 5441 2127 5480 rursum
2168 5441 2476 5482 sermonem
2507 5428 2791 5495 convertit,
2828 5444 3044 5483 servum
3084 5443 3205 5484 sese
3250 5428 3481 5484 Domino

1909 5518 2209 5583 ascribens,
2242 5529 2405 5588 atque
2438 5535 2588 5591 spem
2622 5519 2812 5577 salutis
2849 5521 2904 5576 in
2950 5522 3100 5577 illum
3131 5529 3343 5577 tantum
3381 5522 3476 5576 ha-

1909 5611 2037 5666 bere
2061 5626 2120 5667 se
2148 5612 2466 5670 testiﬁcatus

293 5877 403 5950 (38)
445 5875 631 5933 Locus
676 5886 980 5948 suspectus,
1012 5887 1093 5934 est
1140 5880 1190 5933 in
1238 5894 1344 5933 uno
1373 5884 1580 5936 tantum
1612 5883 1794 5942 codice
1833 5883 2052 5941 nomine
2076 5883 2381 5939 Athanasii.
