4108 6556
616 438 719 492 575
1414 434 1470 488 S.
1511 432 1882 488 ATHANASII
1925 432 2075 488 OPP.
2117 431 2294 487 PARS
2336 432 2421 486 lll.
2467 463 2533 472 -——
2572 431 2982 487 EXEGETICA.

686 555 738 606 3.
782 551 1024 605 Miserere
1052 552 1172 617 mei,
1205 550 1443 617 Domine,
1470 552 1718 621 quoniam
1752 552 1819 603 ad
1848 559 1895 604 te
1919 551 2178 604 clamabo.
2210 556 2254 610 Α

3747 427 3847 482 3'16

2365 548 2657 616 Ἐλέησόν
2703 565 2799 618 με,
2832 549 3028 614 Κύριε,
3056 546 3143 598 ὅτι
3189 543 3337 614 πρὸς
3362 543 3435 596 σὲ
3467 541 3846 610 κεκράξομαι·

619 640 883 698 Doccmur
908 644 1075 705 hisce,
1108 658 1230 696 eum
1252 643 1344 712 qui
1369 658 1397 696 a
1428 641 1537 696 Deo
1563 641 1840 712 quidpiam
1872 641 1999 694 boni
2039 642 2182 696 acci-

618 751 744 804 pere
773 736 1026 798 voluerit,
1060 735 1256 788 debere
1302 735 1640 790 incessanter
1674 734 1727 788 in
1772 734 2026 804 precibus
2057 749 2181 787 ver-

618 829 749 882 sari.

687 918 740 972 5.
785 917 1044 982 Quoniam
1078 928 1156 984 tu,
1183 918 1423 982 Domine,
1443 919 1617 972 suavis
1643 927 1692 972 et
1719 920 1883 971 mitis.
1903 917 2067 972 Docet
2087 932 2182 972 eos

618 1011 710 1080 qui
743 1012 808 1065 ad
838 1011 1003 1064 Deum
1027 1010 1312 1074 accedunt,
1334 1019 1392 1063 ut
1414 1026 1480 1064 ne
1507 1011 1654 1064 anxii
1689 1011 1816 1068 sint.
1836 1012 1879 1063 si
1909 1010 2050 1063 dona
2073 1019 2184 1062 tan-

620 1102 785 1169 tisper
806 1101 1034 1154 dill'erat.
1064 1101 1178 1155 Erit
1206 1103 1403 1170 quippe
1434 1101 1541 1156 illis
1575 1101 1862 1170 propitius,
1884 1109 2069 1170 utpote
2090 1100 2180 1170 qui

618 1202 931 1249 mansuetus
967 1191 1035 1246 sit
1067 1201 1120 1245 et
1151 1191 1300 1245 dives
1333 1192 1385 1244 in
1420 1192 1812 1245 misericordia.

686 1367 738 1421 8.
783 1366 905 1422 Non
934 1379 1010 1422 est
1037 1371 1227 1423 similis
1274 1370 1352 1422 tui
1393 1369 1446 1421 in
1475 1369 1600 1434 diis,
1637 1369 1876 1422 Domine.
1918 1367 2056 1422 Deos
2086 1382 2183 1421 vo-

617 1469 703 1513 cat
755 1471 972 1515 sanctos
1008 1462 1299 1530 prOphetas
1346 1460 1413 1515 ad
1462 1477 1603 1530 quos
1650 1477 1828 1515 sermo
1860 1459 2073 1514 Domini
2104 1460 2184 1514 la-

615 1564 754 1607 ctus.
783 1553 872 1608 Ait
899 1563 1076 1607 autem
1109 1554 1378 1608 neminem
1408 1555 1790 1624 prophetarum
1831 1556 2072 1622 potuisse
2114 1553 2181 1606 li-

614 1643 805 1700 berare
851 1645 1098 1699 homines
1132 1660 1160 1698 a
1190 1654 1434 1714 peccato,
1481 1646 1585 1699 nisi
1643 1646 1818 1699 solum
1869 1644 2180 1707 Dominum,

611 1735 766 1802 juxta
809 1735 861 1788 id
900 1735 1046 1804 quod
1089 1736 1219 1790 alibi
1263 1736 1469 1790 dictum
1500 1745 1624 1789 est:
1665 1733 1786 1788 Non
1830 1735 2051 1805 legatus,
2081 1751 2181 1789 non

616 1825 852 1894 angelus,
885 1825 974 1879 sed
1006 1827 1111 1893 ipse
1144 1826 1401 1880 Dominus
1430 1827 1652 1881 salvavit
1687 1844 1779 1881 nos
1801 1827 1863 1879 “'.

688 2002 772 2056 11.
814 2001 1043 2056 Lwtetur
1069 2018 1158 2054 cor
1190 2019 1358 2056 meum
1387 2013 1442 2056 ut
1467 2004 1646 2057 timeat
1680 2021 1867 2058 nomen
1893 2015 2059 2059 tuum.
2079 2004 2181 2070 Qui

615 2096 809 2164 pietate
860 2110 986 2166 erga
1037 2096 1204 2150 Deum
1259 2099 1560 2150 instructus
1593 2106 1696 2160 est,
1734 2097 2029 2166 legitimum
2062 2099 2184 2151 vita:

614 2189 920 2243 inStitulum
964 2192 1324 2258 amplectitur.
1357 2190 1678 2253 Huiusmodi
1707 2198 1886 2242 autem
1933 2191 2040 2242 vita
2071 2203 2183 2241 ma-

614 2291 697 2333 ter
742 2289 825 2334 est
875 2281 1091 2336 laetitiae.
1120 2283 1309 2336 Merito
1361 2283 1544 2352 itaque
1583 2281 1850 2351 Propheta
1901 2281 2084 2335 divino
2125 2279 2186 2334 ti-

616 2387 768 2424 more
813 2386 910 2425 cor
963 2387 1121 2426 suum
1170 2373 1428 2428 ludificari
1481 2387 1637 2441 posse
1668 2372 1891 2439 putavit.
1929 2370 2005 2424 lta
2038 2371 2182 2424 enim

615 2461 742 2514 alibi
781 2477 998 2530 quoque
1024 2463 1098 2516 ait
1120 2463 1161 2493 “‘
1192 2483 1204 2517 :
1243 2463 1478 2517 Laetetur
1506 2479 1596 2515 cor
1628 2462 1973 2530 quwrentium
2004 2461 2185 2514 Domi-

614 2569 758 2618 num,
783 2563 836 2608 et
863 2554 1112 2608 iterum"
1141 2570 1154 2607 :
1186 2554 1385 2608 Memor
1407 2554 1488 2623 fui
1519 2553 1636 2617 Dei,
1656 2565 1702 2607 et
1736 2553 2021 2606 delectatus
2046 2568 2181 2606 sum.

687 2729 1082 2798 i2.Conﬁtebor
1106 2729 1221 2794 tibi,
1245 2729 1461 2780 Domine
1488 2728 1626 2781 Deus
1646 2742 1810 2790 meus,
1838 2727 1888 2778 in
1909 2733 2012 2777 tote
2033 2723 2187 2777 corde

617 2840 749 2877 meo.
810 2821 1012 2877 Mutata
1041 2832 1262 2892 repente
1287 2824 1533 2876 oratione
1564 2820 1617 2873 in
1649 2818 2051 2875 confessionem
2073 2857 2088 2882 ,
2122 2832 2186 2871 eo

616 2915 758 2985 quod
795 2915 1060 2970 liberatus
1091 2912 1256 2967 fuerit
1284 2913 1354 2966 ab
1378 2911 1593 2966 inferno
1615 2950 1631 2976 ,
1682 2924 1906 2965 causam
1941 2909 2189 2962 enuntiat

616 3023 715 3060 cur
745 3006 1074 3076 peccaverit,
1108 3005 1339 3059 insidias
1369 3003 1665 3057 multorum
1697 3011 1862 3072 atque
1886 3001 2186 3071 potentium

619 3112 1056 3154 commemorans
1081 3138 1095 3158 ,
1135 3096 1311 3165 iisque
1341 3094 1673 3148 adumbrans
1704 3092 2005 3148 invisibiles
2034 3101 2187 3163 pote-

619 3201 809 3257 states,
837 3205 957 3260 quae
986 3188 1156 3243 Deum
1189 3196 1313 3242 ante
1348 3187 1540 3242 oculos
1571 3201 1679 3240 non
1713 3186 2074 3240 constituunt.
2107 3183 2183 3237 Tu

618 3296 825 3348 autem,
858 3281 1109 3346 Domine,
1145 3281 1239 3345 ait,
1273 3278 1598 3334 concessisti
1629 3292 1692 3332 ea
1718 3294 1837 3346 qua:
1867 3277 2088 3330 minime
2112 3276 2184 3330 illi

619 3373 1024 3445 exspectabant,
1048 3381 1140 3425 tua
1169 3370 1454 3424 clementia
1483 3369 1718 3423 liberans
1748 3369 1983 3420 animam
2013 3383 2186 3421 meam

621 3482 686 3521 ex
737 3464 952 3519 inferno
1011 3462 1280 3518 inferiori.
1349 3460 1474 3517 Haec
1533 3470 1714 3516 autem
1763 3459 1894 3514 dicit
1937 3459 2189 3513 Christus

621 3559 929 3614 astantibus
960 3557 1182 3628 regibus
1230 3566 1387 3610 terrae
1420 3563 1474 3610 et
1506 3554 1842 3624 principibus
1883 3553 2087 3608 coactis
2135 3554 2188 3607 in

623 3668 792 3706 unum
824 3662 1014 3705 contra
1052 3650 1253 3719 ipsum.

693 3744 780 3798 15.
851 3742 989 3807 Quia
1047 3743 1413 3797 misericordia
1445 3753 1537 3796 tua
1568 3758 1758 3812 magna
1788 3752 1863 3794 est
1901 3759 2056 3811 super
2089 3759 2186 3797 me.

623 3836 788 3903 Quasi
846 3838 959 3906 jam
993 3846 1325 3893 consecutus
1374 3837 1518 3905 quod
1575 3837 1826 3905 precibus
1878 3836 2188 3905 postulavit,

626 3945 881 4000 magnam
916 3929 1011 3982 Dei
1047 3929 1480 3984 misericordiam
1516 3943 1574 3982 se
1609 3928 1662 3982 in
1715 3929 1908 3985 saecula
1940 3929 2191 3983 laudatu-

625 4039 746 4075 rum
777 4023 873 4087 ait,
929 4022 1057 4092 quia
1091 4037 1282 4077 eorum
1317 4021 1529 4076 animas
1563 4021 1628 4076 de
1658 4037 1823 4076 manu
1859 4019 2017 4075 inferi
2057 4021 2191 4076 libe-

624 4114 783 4167 ravit.

701 4205 786 4259 M.
829 4204 1008 4270 Deus,
1067 4204 1236 4274 iniqui
1290 4205 1688 4260 insurrexerunt
1738 4222 1893 4272 super
1943 4223 2039 4260 me.
2101 4205 2195 4262 llis

627 4297 868 4352 ostendit
924 4313 983 4353 se
1043 4297 1097 4350 in
1159 4307 1438 4367 peccatum
1493 4297 1625 4352 illud
1677 4298 1955 4367 delapsum
2005 4298 2192 4355 fuisse.

628 4389 917 4455 Quomodo
945 4398 1124 4442 autem
1148 4431 1160 4450 .
1187 4389 1288 4444 nisi
1321 4391 1449 4460 quia
1487 4405 1759 4461 synagoga
1802 4391 2050 4460 quaedam
2085 4408 2198 4446 ma-

629 4482 898 4551 lignorum
924 4481 1211 4550 spirituum
1244 4483 1563 4546 insurrexit,
1595 4491 1648 4536 et
1679 4484 2042 4553 supplantavit
2073 4500 2196 4540 eum

631 4589 699 4626 ne
732 4573 948 4628 virtutis
981 4590 1200 4628 cursum
1243 4575 1490 4630 teneret?

705 4664 791 4728 15,
827 4665 912 4718 16.
952 4665 1017 4716 Et
1045 4676 1100 4718 tu
1122 4706 1135 4730 ,
1168 4665 1388 4720 Domine
1424 4667 1562 4722 Deus
1601 4685 1765 4732 meus,
1811 4672 2124 4736 miseralor,
2157 4681 2203 4725 et

635 4755 931 4808 misericors
956 4797 971 4820 ,
1006 4768 1111 4833 etc.
1150 4757 1413 4826 Etiamsi,
1456 4761 1668 4831 inquit,
1707 4763 2114 4833 insurgentibus
2149 4765 2202 4818 in

633 4863 720 4901 Inc
751 4831 1343 4918 malignis'spiritibus,
1375 4853 1428 4905 in
1463 4863 1745 4922 peccatum
1780 4855 2021 4924 dejectus
2059 4872 2204 4918 sum,

634 4955 698 4992 ac
731 4955 826 5008 per
859 4939 991 4994 illud
1028 4942 1079 4994 in
1118 4942 1388 4998 infernum
1425 4947 1577 4999 illum
1625 4946 1960 5011 inferiorem,
2028 4949 2120 5002 sed
2149 4958 2205 5002 tu

635 5029 750 5099 ipse
771 5072 787 5094 ,
816 5030 1050 5088 Domine
1073 5076 1087 5099 ,
1122 5044 1241 5089 tuas
1272 5038 1392 5092 illas
1426 5039 1801 5094 miserationes
1833 5039 1884 5092 in
1919 5056 2002 5093 me
2032 5040 2204 5093 cllun-

637 5121 772 5175 dens
803 5122 1042 5179 liberasti
1072 5127 1310 5181 animam
1348 5145 1561 5192 meam;
1597 5147 1766 5199 quare
1795 5147 2014 5185 rursum
2049 5133 2206 5186 mise»

639 5213 930 5269 ricordiam
957 5219 1190 5285 postulo.
1229 5218 1418 5276 Veniet
1437 5231 1616 5277 autem
1650 5224 1784 5277 mihi
1808 5224 2202 5288 misericordia,

637 5321 761 5358 eum
790 5324 874 5361 me
904 5312 1182 5376 respicias.

715 5398 798 5451 17.
836 5398 947 5454 Fac
983 5418 1182 5455 mecum
1213 5405 1422 5475 signum
1456 5407 1509 5458 in
1542 5406 1754 5460 bonum.
1809 5406 1962 5462 Sicut
1988 5409 2117 5462 olim
2156 5410 2208 5462 in

640 5488 877 5561 Egypto
913 5494 1037 5548 tiliis
1073 5493 1238 5550 Israel
1275 5496 1488 5566 signum
1513 5498 1661 5552 dedit
1696 5498 1976 5562 Dominus,
2011 5508 2071 5552 ut
2103 5514 2209 5552 non

645 5581 960 5636 laederentur
1012 5585 1079 5639 ab
1120 5588 1571 5653 exterminatorc;
1626 5588 1697 5642 ita
1742 5598 1794 5643 et
1841 5589 1943 5643 sibi
1993 5589 2207 5657 signum

2281 642 2528 694 Διδάσκει
2559 642 2704 711 ἡμᾶς
2737 642 2765 692 6
2801 639 2976 706 λόγος,
3020 637 3094 700 ὡς
3148 636 3237 690 τὸν
3276 634 3597 706 βουλόμενόν
3626 651 3681 685 τι
3703 633 3851 703 παρὰ

2282 730 2373 783 τοῦ
2400 729 2532 783 Θεοῦ
2548 730 2730 783 λαϐεῖν
2752 729 2976 798 ἀγαθὸν,
2999 727 3336 784 ἀδιάλειπτον
3357 726 3436 780 δεῖ
3450 720 3660 778 εἷναιὲν
3686 741 3852 794 προσ-

2283 823 2487 889 ευχαῖς.

2356 913 2479 965 Ὀτι
2502 912 2603 976 σὺ,
2636 913 2828 979 Κύριε,
2852 911 3117 979 χρηστὸς
3145 908 3241 961 καὶ
3280 904 3564 971 ἐπιεικής.
3599 904 3853 958 Διδάσκει

2281 1000 2406 1063 τοὺς
2428 1001 2893 1072 προσερχομένους
2925 998 3042 1069 Θεῷ
3092 998 3165 1069 μὴ
3217 998 3462 1068 ἁκηδιᾷν,
3488 998 3536 1048 εί
3574 997 3672 1047 καὶ
3718 996 3853 1064 πρὸς

2282 1092 2459 1159 ὀλίγον
2511 1093 2609 1162 τὴν
2658 1093 2801 1146 δόσιν
2853 1090 3228 1144 ἀναϐάλλεται.
3261 1089 3584 1159 Ἐσταιγὰρ
3630 1087 3853 1149 πάντως

2282 1185 2463 1246 αὐτοῖς
2497 1184 2748 1253 ἐπήκοος,
2800 1182 2893 1236 ἁτε
2941 1181 3175 1252 χρηστὸς
3215 1179 3289 1233 ὢν
3336 1182 3432 1233 καὶ
3463 1179 3595 1232 πολὺ
3625 1179 3748 1230 λίαν
3776 1180 3853 1239 είς

2283 1275 2427 1337 ἔλεος
2461 1274 2729 1335 πλούσιος.

2355 1368 2475 1419 Οὐκ
2500 1364 2669 1419 ἔστιν
2691 1366 2889 1433 ὅμοιός
2919 1381 3015 1418 σοι
3043 1365 3114 1417 ἐν
3141 1362 3316 1427 θεοῖς,
3347 1364 3541 1430 Κύριε.
3563 1361 3734 1423 Θεοὺς
3758 1360 3853 1430 μὲν

2282 1460 2388 1532 γὰρ
2418 1463 2543 1524 τοὺς
2575 1459 2759 1528 ἁγίους
2790 1460 3070 1529 προφήτας
3125 1458 3278 1527 φησὶ,
3321 1457 3455 1528 πρὸς
3503 1453 3595 1517 οὓς
3624 1456 3654 1508 6
3700 1454 3855 1521 λόγος

2281 1552 2372 1605 τοῦ
2392 1551 2525 1604 Θεοῦ
2559 1551 2790 1620 ἐγένετο.
2819 1550 2978 1618 Λέγει
3004 1549 3082 1616 δὲ,
3117 1551 3196 1603 ὃτι
3228 1548 3400 1611 οὐδεὶς
3419 1547 3526 1599 τῶν
3557 1545 3856 1616 προφητῶν

2284 1641 2555 1706 ἐξελέσθαι
2585 1644 2708 1705 τοὺς
2763 1641 3077 1713 ἀνθρώπους
3115 1641 3213 1712 τῆς
3265 1640 3535 1711 ἁμαρτίας
3569 1638 3788 1707 ἴσχυσεν
3821 1635 3853 1706 ἢ

2286 1733 2443 1802 μόνος
2471 1733 2630 1796 αὐτὸς
2659 1733 2686 1784 6
2713 1733 2935 1804 Κύριος,
2968 1732 3109 1787 κατὰ
3160 1732 3221 1785 τὸ
3272 1730 3559 1802 εἰρημένον
3589 1726 3853 1798 ἀλλαχοῦ·

2287 1829 2366 1880 Οὐ
2399 1827 2684 1894 πρέσϐυς,
2722 1829 2831 1881 οὐκ
2883 1825 3153 1894 ἅγγελος,
3195 1824 3331 1877 ἀλλ’
3375 1822 3556 1887 αὐτὸς
3587 1823 3619 1874 ὀ
3643 1821 3859 1888 Κύριος

2211 1899 2253 1953 Β
2280 1917 2513 1972 ἔσωσεν
2537 1916 2712 1987 ἡμᾶς.

2354 2009 2756 2079 Εὐφρανθήτω
2796 2009 2832 2075 ἡ
2872 2007 3083 2076 καρδία
3123 2024 3262 2076 μου,
3317 2005 3423 2059 τοῦ
3454 2005 3768 2074 φοϐεῖσθαι
3794 2003 3859 2055 t6

2284 2102 2467 2172 ὄνομά
2497 2118 2634 2155 σου.
2672 2103 2730 2153 Ὁ
2763 2099 2861 2170 τὴν
2889 2100 3017 2171 περ)⁸
3043 2099 3174 2152 Θεὸν
3201 2097 3484 2151 εὑλὰὁειαν
3519 2094 3860 2167 κεκτημένος

2282 2195 2381 2264 τὴν
2410 2193 2628 2263 ἔννομον
2659 2193 2965 2256 ἀσπάζεται
3011 2191 3302 2244 πολιτείαν.
3334 2190 3532 2259 Μήτηρ
3567 2187 3625 2240 δὲ
3664 2189 3864 2256 εὐφρο-

2285 2285 2506 2356 σύνηςὴ
2536 2283 2755 2354 τοιαύτη
2793 2283 2920 2354 ζωή.
2969 2284 3207 2345 Εἰκότως
3265 2281 3442 2335 τοίνυν
3493 2281 3522 2333 6
3577 2281 3864 2351 προφήτης

2281 2377 2360 2448 τῷ
2391 2377 2540 2448 φόϐῳ
2561 2376 2656 2448 τὴν
2691 2376 2893 2428 οἰκείαν
2923 2373 3289 2445 εὐφρανθῆναι
3311 2372 3537 2444 καρδίαν
3573 2369 3864 2423 ὑπώπτευ-

2287 2487 2397 2522 σεν.
2432 2468 2588 2521 Οὕτω
2636 2467 2745 2537 γὰρ
2800 2467 2894 2519 καὶ
2940 2464 3172 2535 ἀλλαχοῦ
3227 2479 3410 2535 φησιν*
3455 2460 3864 2532 Εὑφρανθήτω

2284 2560 2495 2629 καρδία
2516 2559 2843 2628 ζητούντων
2890 2558 2997 2612 τὸν
3030 2559 3267 2626 Κύριον’
3299 2559 3394 2611 καὶ
3432 2557 3613 2611 πάλιν
3653 2553 3864 2624 Ἐμγήο

2283 2656 2443 2719 σθην
2471 2653 2576 2707 τοῦ
2614 2653 2782 2716 Θεοῦ,
2812 2652 2908 2705 καὶ
2940 2650 3299 2720 εὐφράνθην.

2369 2743 2918 2813 Ἑξομολοτήσομαι
2971 2759 3090 2808 σοι,
3139 2743 3381 2810 Κύριεό
3431 2743 3575 2807 Θεός
3598 2757 3741 2809 μου,
3795 2739 3868 2792 ἐν

2286 2838 2398 2906 ὅλῃ
2426 2837 2635 2906 καρδίᾳ
2653 2854 2791 2906 μου.
2844 2835 3180 2890 Μεταδαλὼν
3210 2836 3309 2907 τὴν
3367 2833 3678 2904 προσευχὴν
3705 2831 3866 2896 εὐθὺς

2286 2934 2366 2994 εἰς
2391 2931 2795 3001 ἐξομολόγησιν,
2827 2930 2911 2998 ἐφ’
2962 2925 3044 2992 οἷς
3093 2927 3332 3000 ὲρῤύσθη
3359 2925 3452 2980 τοῦ
3480 2925 3629 2998 ᾅδου,
3656 2924 3757 2996 τὴν
3783 2924 3866 2979 al—

2287 3024 2406 3077 τίαν
2437 3022 2831 3094 ὲξαγορεύειδι“
2855 3024 2921 3093 ἢν
2952 3024 3188 3093 ἥμαρτε,
3218 3021 3391 3089 λέγων
3421 3019 3714 3089 ἐπιϐουλὴν
3742 3018 3868 3071 πολ-

2287 3117 2392 3169 λῶν
2413 3134 2472 3169 τε
2497 3117 2591 3169 καὶ
2625 3115 2918 3186 κραταιῶν,
2950 3115 3313 3184 αἰνιττόμενος
3343 3110 3441 3174 τὰς
3481 3112 3748 3182 ἁορὰτους
3779 3109 3868 3162 δυ-

2216 3234 2257 3291 C
2288 3212 2499 3282 νάμεις,
2540 3208 2613 3280 μὴ
2645 3208 2878 3280 θεμένας
2923 3207 3027 3277 πρὸ
3080 3205 3187 3258 τῶν
3218 3202 3510 3274 ὀφθαλμῶν
3566 3201 3656 3254 τὸν
3713 3201 3868 3255 Θεόν.

2294 3305 2364 3357 Σὺ
2394 3304 2470 3366 δὲ,
2501 3302 2695 3372 Κύριε,
2726 3301 2911 3369 φησιν,
2943 3300 3085 3368 ἁπερ
3119 3300 3315 3350 ἐκεῖνοι
3358 3296 3430 3366 μὴ
3459 3294 3872 3365 προσεδόκησαν

2296 3394 2695 3467 συνεχώρησας,
2749 3393 3051 3465 ῥυσάμενος
3096 3390 3195 3459 τὴν
3256 3387 3433 3456 ψυχήν
3495 3403 3594 3456 μου
3647 3385 3706 3450 ἐξ
3744 3385 3874 3454 ᾅδου

2295 3488 2606 3542 κατωτὰτου
2633 3482 3013 3555 φιλανθρωπία
3040 3485 3106 3551 τῇ
3147 3483 3234 3550 σῇ.
3267 3479 3428 3547 Λέγει
3453 3478 3510 3530 δὲ
3546 3476 3720 3530 ταῦτα
3742 3477 3875 3548 Χρι-

2297 3581 2439 3644 στὸς,
2472 3577 2866 3650 παραστάντων
2889 3574 2996 3627 τῶν
3032 3571 3293 3643 βασιλέων
3343 3571 3442 3639 τῆς
3469 3569 3593 3639 γῆς,
3625 3569 3717 3622 καὶ
3767 3569 3876 3622 τῶν

2296 3671 2568 3742 ἀρχόντων
2598 3666 2967 3738 συναχθέντων
3006 3666 3098 3718 ἐπὶ
3124 3665 3186 3716 τὸ
3217 3662 3347 3716 αὐτὸ
3377 3664 3496 3714 κατ’
3519 3661 3708 3716 αὑτοῦ.

2370 3762 2496 3813 ’Ότι
2532 3757 2598 3812 τὸ
2634 3760 2806 3822 ἔλεός
2849 3772 2964 3809 σου
3009 3755 3161 3823 μέγα
3206 3753 3298 3805 ἐπ’
3348 3751 3468 3820 ἐμέ.
3515 3751 3602 3813 Ὦς
3663 3751 3766 3821 ἤδη
3799 3750 3878 3813 είς

2299 3851 2470 3922 πέρας
2521 3849 2698 3902 αὐτῶν
2749 3847 3008 3916 ἀχθείσης
3061 3844 3161 3912 τῆς
3213 3840 3544 3912 προσευχῆς,
3607 3839 3669 3893 τὸ
3732 3841 3876 3910 μέγα

2298 3942 2443 4004 ἕλεος
2464 3940 2558 3994 τοῦ
2585 3938 2717 3992 Θεοῦ
2744 3941 2822 4002 είς
2845 3939 2970 4000 τοὺς
2996 3935 3197 3998 αἰῶνας
3219 3935 3451 3988 αίνέσειν
3485 3933 3668 4003 φησίν·
3705 3933 3788 3985 ὃτι
3815 3931 3878 4003 δὴ

2301 4035 2394 4088 καὶ
2420 4033 2600 4087 αὐτῶν
2630 4034 2694 4086 ὲκ
2730 4031 2908 4103 χειρὸς
2941 4029 3069 4102 ᾅδου
3096 4028 3195 4091 τὰς
3221 4028 3396 4097 ψυχὰς
3425 4023 3820 4096 ἠλευθέρωσεν.

2347 4211 2409 4263 Ὀ
2427 4208 2589 4273 Θεὸς,
2610 4204 2932 4274 παράνομοι
2953 4204 3381 4268 ἐπανέστησαν
3397 4199 3488 4253 ἐπ’
3500 4197 3619 4268 ἐμέ.
3633 4197 3881 4253 Δείκνυσι

2302 4301 2390 4354 διὰ
2414 4297 2730 4360 τούτων,ὡς
2767 4298 2845 4360 είς
2878 4295 2973 4366 τὴν
3005 4294 3278 4365 ἁμαρτίαν
3311 4293 3524 4361 ἐκείνην
3556 4291 3879 4344 κατέπεσεν.

2287 4384 2429 4456 ’Πῶς
2460 4392 2537 4453 δὲ,
2573 4391 2606 4461 ἢ
2634 4393 2698 4442 ὲκ
2715 4387 2809 4442 τοῦ
2838 4387 3159 4457 συναγωγήν
3199 4400 3321 4437 τινα
3362 4381 3611 4453 πονηρῶν
3639 4381 3880 4452 πνευμά-

2307 4504 2414 4540 των
2441 4485 2816 4555 ὲπαναστῆναι
2878 4481 2972 4534 καὶ
3021 4477 3374 4534 ὑποσκελίσαι
3408 4476 3572 4531 αὑτὸν
3616 4475 3714 4529 τοῦ
3764 4478 3881 4530 κατ’

2234 4577 2276 4630 D
2305 4577 2503 4650 ἀρετὴν
2537 4577 2763 4648 δρόμου;

2376 4671 2486 4724 Καὶ
2545 4668 2647 4734 σὺ,
2698 4669 2872 4741 Κύριε
2922 4670 2954 4721 ό
3016 4668 3158 4730 Θεος
3199 4682 3340 4733 μου,
3412 4663 3727 4730 οἰκτίρμων
3787 4663 3878 4715 καὶ

2306 4760 2593 4831 ἐλεήμων.
2625 4761 2686 4812 Ei
2739 4759 2852 4823 καὶ,
2905 4756 3320 4811 ἐπαναστάντων
3355 4772 3441 4825 μοι
3474 4753 3580 4805 τῶν
3632 4753 3884 4824 πονηρῶν

2311 4853 2657 4923 πνευμάτων,
2690 4853 2842 4921 φησι,
2870 4849 3207 4919 κατηνέχθην
3245 4850 3323 4910 είς
3356 4847 3649 4918 ἁμαρτίαν,
3676 4849 3770 4900 καὶ
3818 4847 3882 4900 δι’

2311 4947 2478 5016 αὐτῆς
2523 4946 2601 5008 εἰς
2644 4946 2733 4997 τὸν
2794 4944 3147 5015 προκείμενον
3202 4940 3510 4995 κατώτατον
3559 4940 3713 5011 ᾅδην·
3752 4940 3885 4994 ἁλλὰ

2313 5039 2399 5101 σὺ,
2430 5037 2622 5108 Κύριε,
2653 5037 2832 5101 αὐτὸς,
2867 5038 2991 5100 τοὺς
3036 5036 3266 5097 οἰκείους
3306 5033 3618 5102 οἰκτιρμοὺς
3653 5033 3750 5085 καὶ
3799 5031 3883 5085 ἐπ’

2312 5131 2434 5200 ἐμοὶ
2462 5128 2804 5199 ὲφαπλώσας,
2836 5131 3050 5202 cepam
3083 5129 3178 5199 τὴν
3205 5127 3378 5198 ψυχήν
3414 5143 3531 5195 μου
3559 5123 3636 5176 διὸ
3661 5123 3755 5176 καὶ
3783 5123 3883 5177 πά-

2312 5223 2393 5275 λιν
2428 5222 2692 5276 ἐλεεῖσθαι
2726 5222 2941 5288 έξαιτῶ.
2994 5222 3183 5273 Ἔσται
3235 5219 3290 5271 δέ
3329 5234 3418 5288 μοι
3443 5219 3470 5268 6
3497 5216 3642 5276 ἕλεος
3676 5215 3763 5267 διὰ
3791 5211 3880 5268 τοῦ

2315 5308 2602 5383 ἐπιϐλέψαι
2638 5331 2693 5365 σε
2721 5317 2798 5378 εἰς
2818 5314 2931 5383 ἐμέ.

2384 5409 2650 5472 Ποίησον
2685 5408 2805 5465 μετ’
2829 5405 2973 5475 ἑμοῦ
3003 5403 3254 5473 σημεῖον
3288 5404 3373 5466 εἰς
3394 5398 3634 5468 ἀγαθόν.
3674 5400 3879 5469 ’Ὠσπερ

2315 5497 2481 5550 πάλαι
2531 5497 2586 5548 ἐν
2635 5498 2894 5566 Αἰγυπτῳ
2951 5497 3062 5557 τοῖς
3107 5495 3240 5555 υἱοῖς
3295 5488 3507 5561 Ἰσραὴλ
3546 5490 3771 5558 σημεῖον
3801 5487 3880 5541 δέ-

2313 5589 2482 5643 δωκεν
2515 5590 2542 5642 ὁ
2571 5588 2721 5651 Θεὸς,
2748 5586 2840 5641 τοῦ
2871 5587 2944 5659 μὴ
2992 5584 3308 5657 ἀδικηθῆναι
3354 5579 3549 5644 αὐτοὺς
3600 5579 3752 5650 παρὰ.
3789 5577 3876 5633 τοῦ
