4108 6504
170 451 257 504 377
1168 455 1536 515 EXPOSITIO
1577 460 1641 516 IN
1683 460 2009 520 PSALMUH
2048 465 2354 524 LXXXVII.

3267 474 3372 529 578

171 562 478 655 ὀλοθρευτοῦ,
504 564 651 618 οὕτω
674 568 767 620 καὶ
811 567 959 639 αὐτῷ
988 572 1211 641 σημεῖον
1249 575 1469 645 δοθῆναι
1493 575 1708 647 ἐξαιτεῖ,

1822 582 1931 637 dari
1969 595 2146 654 rogat,
2178 594 2236 639 ut
2261 599 2360 655 per
2385 583 2519 640 illud
2553 594 2819 651 servetur,
2863 595 2917 641 et
2947 584 3201 642 inimicos
3240 601 3373 644 con-

171 656 295 721 ὃιιως
319 654 381 709 ἂν
412 657 505 710 καὶ
530 658 776 731 φυλαχθῇ
806 660 872 714 δι’
898 662 1083 728 αὐτοῦ,
1116 665 1210 719 καὶ
1231 668 1567 743 καταισχύνῃ
1589 673 1713 735 τοὺς
1814 675 2025 730 fundat.

171 746 391 821 ἐχθρούς.

326 838 450 905 Τοῖς
474 839 629 906 υἱοῖς
662 844 809 911 Κορὲ
840 846 1147 901 ΨΑΛΜΟΣ
1180 846 1359 917 ᾠδῆς.
1393 850 1535 919 Πςν.

772 939 785 957 ⁸
794 941 1043 994 Υπόθεσι
1049 961 1100 1006 ς.

174 1024 366 1093 ’ᾼδουσι
395 1027 555 1082 πάλιν
578 1030 669 1082 τὸν
702 1030 912 1101 ψαλμὸν
971 1033 1160 1087 τοῦτον
1212 1037 1261 1088 οἱ
1293 1033 1388 1090 τιὸ
1425 1036 1567 1109 Κορὲ
1612 1038 1717 1092 υἱοὶ

225 1119 296 1180 είς
354 1120 450 1191 τὴν
498 1122 844 1194 Ἐκκλησίαν,
874 1125 942 1177 δι’
970 1126 1135 1178 αὑτοῦ
1196 1128 1558 1197 κηρύσσοντες
1610 1129 1715 1182 τῶν

228 1208 387 1262 ἐθνῶν
416 1212 516 1282 τὴν
547 1213 760 1283 κλῆσιν,
822 1216 916 1269 καὶ
950 1217 1049 1286 τὴν
1085 1219 1383 1290 γενομένην
1420 1220 1715 1290 ἐπίλαμψιν

227 1304 287 1370 τῇ
336 1303 632 1375 Ἐκκλησία
665 1306 759 1359 τοῦ
792 1308 1124 1376 Μονογενοῦς
1149 1310 1236 1363 διὰ
1269 1311 1364 1379 τῆς
1414 1312 1549 1381 μετὰ
1582 1328 1714 1382 σαρο

229 1391 313 1454 κὸς
339 1394 668 1466 οἰκονομίας.

231 1485 287 1534 Οἱ
320 1484 572 1553 θεμέλιοι
618 1487 805 1543 αὐτοῦ
860 1491 929 1544 ἑν
981 1492 1103 1558 τοῖς
1146 1493 1310 1561 ὄρεσι
1346 1494 1471 1559 τοῖς
1502 1495 1713 1565 ἁγίοις.

171 1574 322 1627 Αὖτοῦ
358 1577 456 1646 μὲν
484 1579 578 1631 τοῦ
611 1580 1014 1650 κληθέντοςδιὰ
1046 1586 1142 1655 τῆς
1180 1588 1414 1650 πίστεως
1443 1587 1593 1641 λαοῦ.
1623 1588 1718 1641 Λέ-

169 1682 241 1732 γει
264 1667 335 1729 δὲ,
373 1671 452 1723 ὅτι
488 1673 548 1736 ἐξ
576 1673 746 1728 ὲθνῶν
769 1674 894 1740 λαὸς
922 1678 1315 1752 ὲπῳκοδομήθη
1345 1682 1437 1734 ἐπὶ
1459 1681 1537 1752 τῷ
1567 1681 1720 1753 θεμεο

169 1757 252 1821 λίψ
284 1760 386 1813 τῶν
420 1763 734 1819 ἀποστόλων
768 1768 861 1822 καὶ
892 1770 1205 1841 προφητῶν.

242 1850 451 1919 Ἀγαπᾷ
490 1857 707 1924 Κύριος
734 1860 840 1925 τὰς
892 1862 1089 1927 πύλας
1119 1862 1271 1917 Σιὼν
1326 1866 1475 1933 ὑπὲρ
1522 1865 1717 1919 πάντα

170 1944 230 1996 τὰ
267 1947 619 2017 σκηνώματα
676 1951 897 2007 Ἰακώϐ.
964 1955 1141 2017 Πύλας
1181 1955 1317 2008 Σιὼν
1345 1956 1441 2027 τὴν
1484 1958 1715 2027 εἰσαγω-

169 2040 311 2105 γικὴν
360 2042 453 2093 καὶ
491 2042 805 2114 στοιχειώδη
859 2046 1208 2101 διδασκαλίαν
1248 2048 1348 2119 τῆς
1392 2050 1716 2120 Ἐκκλησίας

171 2133 301 2200 φησί·
338 2134 666 2205 σκηνώματα
689 2136 745 2190 δὲ
768 2138 957 2191 Ἰακὼὸ
979 2139 1074 2210 τὴν
1093 2141 1234 2194 κατὰ
1254 2141 1415 2211 νόμον
1441 2142 1710 2211 λατρείαν.

169 2226 314 2293 Φησὶν
341 2222 432 2280 οὖν
459 2227 535 2290 ὡς
559 2229 895 2303 αίρετωτέρα
944 2233 1191 2304 κέκριται
1239 2234 1387 2305 παρὰ
1420 2234 1495 2304 τῷ
1519 2234 1637 2305 Θεῷ
1680 2236 1713 2305 ἡ

170 2316 469 2389 εὐαγγελικὴ
504 2320 751 2373 πολιτεία
773 2323 873 2391 τῆς
923 2323 1065 2376 κατὰ
1114 2325 1275 2395 νόμον
1303 2324 1575 2395 λατρείας.

230 2406 640 2478 Δεδοξασμένα
665 2411 931 2479 ἐλαλήθη
956 2412 1089 2480 περὶ
1143 2414 1282 2475 σοῦ,
1325 2415 1363 2483 ἡ
1404 2416 1580 2480 πόλις
1611 2414 1717 2469 τοῦ

172 2496 321 2549 Θεοῦ.
368 2500 528 2561 Πόλις
586 2502 686 2569 μὲν
742 2504 774 2570 ἡ
806 2503 1120 2573 Ἐκκλησία.
1172 2506 1305 2558 Ποῖα
1357 2506 1718 2575 δεδοξασμένα

172 2588 379 2660 ἐλαλήθη
400 2593 527 2662 περὶ
583 2592 771 2663 αὐτῆς,
813 2594 846 2665 ἢ
900 2594 961 2647 τὸ
986 2595 1306 2664 κατοικῆσαι
1349 2596 1407 2649 ὲν
1454 2596 1589 2666 αὐτῇ
1626 2597 1716 2649 τὸν

171 2681 445 2755 Μονογενῆ,
477 2686 623 2739 κατὰ
646 2688 705 2740 τὸ
733 2687 1038 2758 είρημένοψ
1062 2682 1203 2743 Ὧδε
1243 2687 1600 2754 κατοικήσω,
1630 2688 1719 2742 ὅτι

172 2776 513 2847 ᾐρετισάμην
550 2781 778 2849 αὑτήν;

230 2869 654 2938 Μνησθήσομαι
726 2870 908 2923 Ῥαὰϐ
978 2870 1077 2922 καὶ
1151 2870 1522 2936 Βαϐυλῶνος.
1598 2870 1718 2924 Τῶν

172 2960 583 3028 ἐπιστρεφόντων
629 2962 708 3025 είς
752 2961 873 3030 ἐμὲ,
913 2962 1066 3032 φησι,
1111 2963 1330 3033 μνήμην
1390 2964 1469 3026 είς
1519 2963 1720 3032 ἀγαθὸν

174 3054 461 3121 ποιήσομαι,
502 3053 535 3122 ἢ
591 3053 685 3105 καὶ
727 3053 833 3106 τῶν
863 3054 1106 3117 ἐκτόπως
1160 3055 1240 3117 εἰς
1286 3054 1595 3125 φιληδονίαν
1629 3058 1721 3108 ὲκ-

172 3144 499 3206 κεκλικότων,
536 3144 631 3198 καὶ
652 3136 761 3199 τῶν
790 3145 927 3215 ἄγαν
957 3145 1507 3219 εἰδωλολατρούντων.
1540 3145 1723 3201 Ταῦτα

170 3234 263 3303 γὰρ
304 3238 428 3305 ἡμῖν
475 3238 715 3309 ὲσήμανε
750 3236 839 3291 διὰ
886 3238 987 3307 τῆς
1047 3237 1215 3290 Ῥαὰϐ
1260 3239 1353 3290 καὶ
1385 3236 1717 3299 Βαϐυλῶνος.

172 3324 266 3377 Καὶ
304 3326 451 3381 Ἰδοὺ
496 3328 835 3397 ἀλλόφυλοι
894 3328 991 3380 καὶ
1051 3328 1231 3394 Τύρος
1292 3327 1385 3379 καὶ
1427 3326 1575 3391 λαός
1604 3324 1721 3378 τῶν

170 3420 457 3476 Αἰθιόπων.
488 3424 738 3476 Διδάσκει
764 3422 912 3493 ἡμᾶς
941 3423 969 3474 ὁ
1014 3419 1171 3487 λόγος
1203 3419 1409 3488 σαφῶς,
1440 3420 1521 3473 ὅτι
1559 3418 1624 3490 δὴ
1658 3421 1722 3473 ἐκ

170 3513 365 3569 πάντων
396 3517 503 3571 τῶν
533 3517 703 3569 ἐθνῶν
736 3517 769 3586 ἡ
810 3515 1102 3585 Ἐκκλησία
1132 3512 1477 3584 συνέστηκεν.

231 3605 422 3675 Μήτηρ
479 3607 635 3661 Σιὼν
663 3607 801 3675 ἐρεῖ·
857 3609 1232 3674 Ἀνθρωπος,
1264 3605 1361 3658 καὶ
1414 3604 1725 3673 ἄνθρωπος

168 3698 530 3766 ἐγεινήθηὲν
558 3698 733 3766 αὐτῇ.
774 3697 1000 3769 Μητέρα
1050 3697 1202 3767 φησὶ,
1260 3696 1413 3767 δῆλον
1440 3696 1517 3760 δὲ,
1563 3698 1645 3750 ὅτι
1673 3696 1721 3749 ot

172 3791 579 3852 πεπιστευκότες
623 3788 718 3860 τὴν
746 3786 884 3841 Σιὼν
916 3789 1033 3857 ἦτοι
1066 3786 1164 3857 τὴν
1218 3784 1540 3856 Ἐκκλησίαν
1600 3788 1723 3839 ἐπι-

170 3879 486 3951 γραφόμεθα,
514 3882 570 3933 ὲν
603 3873 684 3952 ᾖὸ
713 3878 1015 3951 ἄνθρωπος.
1038 3877 1120 3948 ἢὸ
1150 3875 1308 3941 αὐτὸς
1336 3880 1364 3932 ὁ
1392 3875 1724 3947 θεμελιώσας

170 3970 340 4040 αὑτήν.
382 3968 553 4035 Οὗτος
607 3972 664 4025 δέ
714 3973 862 4025 ἐστιν
906 3973 936 4025 ὁ
996 3973 1286 4043 γενόμενος
1345 3972 1411 4025 δι’
1441 3970 1588 4041 ἡμᾶς
1626 3968 1722 4022 ἇν-

171 4058 385 4132 θρωπος,
418 4065 516 4118 καὶ
551 4062 1019 4132 ἐπαγγελλόμενος
1050 4065 1143 4117 ἐπὶ
1171 4064 1270 4135 τὴν
1325 4063 1531 4134 πέτραν
1566 4061 1727 4131 θεμε-

170 4150 339 4208 λιῶσαι
385 4156 483 4226 τὴν
537 4156 881 4225 Ἐκκλησίαν.

234 4250 437 4317 Κύριος
497 4249 844 4319 damnarat
901 4248 971 4301 ἐν
1018 4246 1215 4318 γραρῇ
1256 4245 1423 4302 λαῶν
1470 4246 1568 4301 καὶ
1619 4246 1726 4313 ἀρ-

172 4340 398 4407 χόντων.
436 4342 558 4395 Τῶν
591 4341 754 4406 λαῶν,
800 4342 954 4412 φησὶ,
1000 4340 1092 4393 καὶ
1127 4339 1234 4393 τῶν
1295 4339 1571 4410 ἀρχόντων
1618 4338 1726 4391 τῶν

172 4429 220 4481 ἐν
250 4432 375 4502 αὐτῇ
434 4436 503 4502 τῇ
549 4432 841 4503 Ἐκκλησία
872 4431 1199 4502 γενομένων,
1230 4430 1258 4482 ό
1306 4429 1509 4497 Κύριος
1536 4428 1729 4497 διηγή-

172 4538 304 4575 σεται
333 4523 688 4593 τὴνγραψήν.
745 4525 853 4577 Καὶ
885 4523 998 4586 πῶς
1048 4522 1135 4584 ἂν,
1165 4520 1349 4591 φησὶν,
1390 4519 1423 4590 ἢ
1454 4518 1551 4589 τὴν
1587 4518 1723 4569 ἀπο-

1909 852 1962 908 1.
1997 852 2153 908 Filii:
2186 869 2318 909 uere
2348 852 2687 911 PSALMUS
2718 855 2947 911 Cantici.
2978 853 3295 913 LXXXVI.

2394 949 2792 1018 Argumentum.

1816 1035 1969 1091 Hunc
1992 1052 2184 1093 rursus
2207 1037 2474 1106 psalmum
2506 1051 2709 1093 canunt
2742 1039 2835 1094 lilii
2864 1038 3003 1094 Core
3034 1040 3089 1094 in
3122 1038 3375 1094 Ecclesia

1884 1132 2144 1201 gratiam,
2181 1132 2519 1186 vocationem
2572 1133 2815 1202 gentium
2871 1133 3262 1202 praedicantes,
3320 1140 3376 1187 et

1888 1225 2305 1279 illustratiouem
2350 1224 2625 1295 Unigcniti
2662 1224 2716 1278 in
2750 1223 2993 1282 Ecclesia
3019 1225 3253 1279 futuram
3281 1240 3376 1295 per

1887 1316 2244 1370 uacouomiam
2278 1316 2461 1372 carnis

1890 1495 2261 1551 Fundamenta
2288 1496 2401 1566 ejus
2435 1498 2489 1552 in
2519 1497 2782 1552 tuentibus
2830 1498 3049 1551 sanctis.
3106 1495 3239 1564 Ejus
3272 1495 3379 1551 sci—

1818 1589 1941 1643 licet
1974 1588 2160 1658 populi
2203 1589 2297 1659 qui
2341 1603 2438 1658 per
2473 1590 2630 1644 [idem
2664 1599 2889 1644 vocatus
2921 1601 3023 1644 est.
3076 1588 3165 1642 Ait
3194 1595 3376 1640 autem

1816 1696 1883 1734 ex
1911 1682 2165 1751 gentibus
2196 1680 2521 1736 aediﬁcatum
2558 1680 2725 1735 fuisse
2757 1681 3015 1749 pupulum
3060 1676 3222 1748 super
3252 1674 3379 1730 lun-

1817 1772 2129 1828 dumcntum
2159 1774 2529 1843 apostolorum
2560 1783 2613 1827 et
2639 1773 3047 1842 proliltctarum.

1886 1862 1941 1916 2.
1968 1861 2155 1934 Diligit
2180 1864 2439 1917 Dominus
2468 1872 2648 1933 portas
2674 1861 2803 1917 Sion
2827 1878 2982 1930 super
3006 1860 3182 1913 omnia
3211 1859 3385 1913 taber-

1818 1957 2007 2010 nacula
2037 1955 2226 2011 Iacob.
2276 1954 2469 2010 Portas
2505 1954 2636 2009 Sion
2674 1953 2936 2008 initialem
2986 1962 3039 2008 et
3082 1951 3383 2007 elementa-

1817 2064 1928 2103 rem
1964 2048 2218 2104 Ecclesiae
2262 2049 2563 2104 doctrinam
2613 2049 2767 2110 dicit,
2824 2045 3171 2101 tabernacula
3203 2052 3381 2097 autem

1817 2140 1987 2196 Jacob
2025 2139 2249 2210 legalem
2295 2140 2523 2196 cultum.
2586 2139 2675 2194 Ait
2724 2139 2891 2208 igitur
2921 2137 3213 2207 optabilius
3242 2132 3384 2204 apud

1821 2235 1988 2289 Deum
2019 2249 2140 2289 esse
2163 2233 2539 2304 evangelicum
2575 2231 2888 2288 institutum
2925 2227 3077 2299 legali
3107 2228 3277 2283 cultu.

1887 2414 1941 2467 5.
1975 2410 2219 2466 Gloriosa
2251 2409 2396 2465 dicta
2428 2418 2547 2466 sunt
2579 2409 2642 2464 de
2674 2418 2742 2475 te,
2778 2408 2961 2461 civitas
3002 2404 3114 2458 Dei.
3176 2401 3387 2457 Civitas

1820 2513 1900 2558 est
1931 2501 2192 2556 Ecclesia.
2243 2502 2501 2567 Quantam
2534 2501 2767 2570 gloriosa
2814 2499 2957 2553 dicta
3003 2505 3132 2551 sunt
3173 2492 3240 2548 de
3270 2493 3385 2557 illa,

1821 2595 1926 2647 nisi
1961 2593 2103 2663 quod
2150 2593 2203 2646 in
2252 2608 2315 2647 ea
2350 2578 2557 2647 habitet
2589 2590 2913 2660 Unigenitus
2936 2630 2951 2650 .
2994 2588 3149 2657 juxta
3180 2586 3385 2641 dictum

1821 2684 1951 2738 illud
1981 2702 1995 2737 :
2023 2682 2125 2736 Hic
2150 2681 2397 2735 habitabo
2426 2684 2675 2751 quoniam
2701 2682 2835 2750 elegi
2859 2677 3071 2733 eam"?

1889 2861 1943 2915 4.
1981 2859 2184 2914 Memor
2229 2875 2316 2913 ero
2365 2856 2548 2912 Raltab
2596 2865 2645 2910 et
2692 2855 3000 2925 Babylonis.
3061 2853 3257 2908 Eorum
3290 2854 3385 2923 qui

1822 2958 1888 3012 ad
1914 2973 1998 3012 me
2019 2963 2431 3020 convertuntur,
2457 2954 2552 3018 ait,
2584 2951 2903 3006 memoriam
2933 2950 3001 3004 ad
3030 2949 3232 3003 bonum
3263 2962 3389 3001 con-

1822 3049 2050 3105 servabo
2082 3067 2095 3103 :
2130 3056 2223 3101 aut
2248 3061 2434 3101 eorum
2466 3046 2561 3115 qui
2602 3045 2912 3099 indecenter
2942 3041 3008 3095 ad
3060 3039 3387 3108 voluptatem

1821 3140 2183 3203 declinarunt,
2210 3139 2324 3193 sive
2346 3152 2536 3191 eorum
2560 3136 2652 3205 qui
2676 3134 2990 3190 idololatriae
3010 3132 3161 3185 valde
3187 3126 3387 3183 addicti

1825 3233 1994 3286 fuere.
2058 3229 2181 3285 Haec
2227 3228 2371 3283 enim
2409 3228 2566 3281 nobis
2602 3224 2930 3296 signiﬁcavit
2974 3238 3069 3291 per
3104 3220 3291 3274 Rallab
3333 3228 3387 3273 et

1824 3321 2175 3392 Babylonem.
2235 3320 2368 3374 Ecce
2407 3318 2712 3387 alienigena:
2755 3325 2803 3369 et
2858 3313 3028 3385 Tyrus
3064 3322 3111 3366 et
3164 3310 3385 3380 populus

1822 3411 2155 3483 tEtliiopnm.
2245 3408 2430 3465 Palam
2464 3408 2550 3462 liis
2579 3407 2759 3462 verbis
2789 3406 3081 3461 edoccmur
3110 3417 3174 3456 ex
3210 3400 3387 3455 omni-

1823 3506 1925 3561 bus
1953 3504 2201 3577 geutibus
2232 3500 2528 3556 Ecclesium
2556 3508 2827 3554 constare.

1894 3597 1946 3651 5.
1982 3596 2154 3649 Mater
2182 3592 2309 3646 Sion
2346 3593 2521 3644 dicet:
2554 3589 2722 3641 "orno
2743 3627 2758 3651 ,
2790 3598 2838 3641 et
2869 3588 3019 3640 homo
3047 3596 3202 3638 natus
3230 3593 3306 3637 est
3334 3582 3389 3634 in

1822 3706 1901 3743 ca.
1932 3685 2156 3739 Matrem
2188 3682 2357 3745 dicit,
2410 3679 2761 3735 manifestum
2810 3688 2989 3731 autem
3020 3683 3105 3730 est
3151 3689 3251 3727 nos
3296 3672 3389 3742 qui

1823 3777 2099 3834 credimus
2134 3773 2184 3828 id
2215 3771 2368 3826 Sioni
2396 3772 2510 3828 sive
2534 3770 2788 3824 Ecclesia:
2814 3766 3168 3835 aseripturos,
3200 3764 3251 3816 in
3283 3778 3390 3831 qua

1823 3880 1906 3927 est
1928 3870 2112 3932 homo,
2147 3867 2260 3923 sive
2283 3866 2329 3921 is
2355 3865 2468 3934 ipse
2497 3864 2588 3933 qui
2619 3859 2861 3915 fundavit
2895 3873 3012 3913 eam
3089 3855 3187 3910 llic
3210 3863 3389 3908 autem

1822 3977 1900 4018 est
1932 3961 2025 4033 qui
2052 3975 2148 4030 pro
2188 3959 2343 4014 nobis
2376 3957 2540 4010 homo
2565 3953 2740 4008 factus
2769 3960 2851 4007 est
2872 3994 2885 4015 ,
2911 3959 2963 4004 et
2995 3964 3086 4019 qut
3122 3946 3392 4017 pollicitus

1824 4063 1908 4110 cst
1940 4069 1999 4109 se
2023 4066 2185 4121 supra
2216 4059 2423 4120 petram
2458 4046 2849 4101 :edilicaturum
2880 4042 3196 4096 Ecclesiam.

1895 4232 1947 4285 6.
1988 4229 2243 4284 Dominus
2275 4224 2514 4279 narrabit
2566 4225 2620 4277 in
2666 4221 2946 4293 scripturis
2992 4219 3302 4290 populorum
3339 4225 3390 4270 et

1826 4325 2144 4394 principum.
2200 4318 2558 4387 Populorum,
2587 4314 2781 4385 inquit,
2806 4323 2857 4367 et
2886 4312 3189 4383 principum
3218 4309 3311 4379 qui
3336 4308 3389 4361 in

1827 4416 1943 4484 ipsa
1973 4410 2209 4467 Ecclesia
2242 4419 2405 4463 erunt
2446 4409 2769 4477 scripturam
2808 4404 3069 4456 Dominus
3090 4401 3388 4457 enarrabit.

1828 4505 1893 4560 Et
1924 4522 2028 4575 qua
2065 4502 2273 4556 ratione
2306 4500 2461 4564 illud,
2492 4500 2593 4553 nisi
2622 4498 2748 4567 quia
2783 4494 3200 4563 descriptionem
3243 4492 3390 4544 illam

171 4616 364 4687 νραιρὴν
388 4617 487 4686 τὴν
527 4616 822 4685 γενομένην
856 4617 913 4668 ὲν
966 4617 1076 4677 τοῖς
1126 4613 1394 4685 οὐρανοῖς,
1436 4612 1502 4681 ἣν
1565 4608 1721 4671 αὐτὸς

1830 4603 1881 4655 in
1911 4599 2061 4655 emlis
2092 4597 2289 4650 factum
2332 4595 2442 4648 illis
2494 4593 2607 4661 ipse
2648 4588 2891 4643 narrabit
2920 4587 3104 4641 dicens
3130 4584 3173 4615 ¹⁹
3202 4600 3215 4636 :
3246 4581 3391 4635 Cau-

175 4706 333 4770 αὐτοῖς
361 4707 680 4777 διηγήσεται
710 4706 881 4773 λέγων
907 4722 919 4735 ο
955 4704 1217 4772 Χαίρετε,
1250 4703 1339 4756 ὅτι
1366 4703 1439 4756 τὰ
1467 4700 1726 4768 ὀνόματα

176 4796 323 4863 ὑμῶν
346 4799 576 4870 ἐγράφη
600 4798 669 4850 ἐν
696 4798 819 4864 τοῖς
843 4796 1155 4866 οὐρανοῖς;

245 4886 332 4953 Ὡς
364 4887 851 4958 εὐφραινομένων
882 4888 1123 4941 πάντων
1157 4887 1195 4954 ὴ
1224 4885 1495 4939 κατοικία
1514 4883 1582 4937 ἐν
1604 4882 1724 4935 σοί.

175 4974 343 5041 Ὅταν,
379 4980 580 5050 φησὶν,
637 4981 694 5032 ἐν
736 4978 817 5031 σοὶ
880 4980 1097 5033 πάντων
1155 4980 1188 5049 ἡ
1242 4978 1495 5031 κατοικία
1534 4974 1641 5027 τῶν
1669 4975 1726 5025 ὲν

175 5073 231 5140 τῇ
263 5072 551 5144 Ἐκκλησία
576 5073 819 5143 γένηται,
851 5071 973 5125 τότε
1017 5073 1111 5127 καλ⁸
1156 5071 1490 5141 εὐφροσύνης
1521 5068 1638 5120 ἔσον

176 5162 403 5235 πλήρεις.

187 5256 307 5323 ’ῼόὴ
348 5262 663 5316 ΨΑΛΜΟΥ
688 5260 811 5327 τοῖς
838 5258 989 5325 υἱοῖς
1022 5256 1187 5327 Κορέ.
1232 5258 1336 5321 Εἰς
1359 5250 1530 5321 τέλος
1577 5256 1727 5325 ὑπὲρ

235 5352 456 5406 Μαειιὲθ
479 5351 585 5406 τοῦ
630 5350 1040 5419 ἀποκριθῆναι,
1080 5334 1386 5415 συνέσεως
1444 5350 1621 5415 Ἑθὰμ
1647 5348 1728 5413 τῷ

251 5441 608 5510 Ἰσραηλίτῃ.
643 5441 774 5496 HZ'.

764 5534 778 5554 '
790 5537 1092 5600 Υαόθεσις.

206 5624 267 5677 Fv
308 5627 473 5698 τούτῳ
512 5645 592 5695 τῳ
660 5625 857 5695 ψαλμῴ
903 5626 930 5676 ὁ
968 5624 1060 5677 τοῦ
1118 5622 1351 5693 Χριστοῦ
1417 5624 1727 5695 εἰσφέρεται

242 5716 472 5785 θάνατος,
504 5720 563 5773 ὃν
595 5717 733 5787 ὑπὲρ
762 5716 916 5787 ἡμῶν
973 5715 1272 5780 ἀνεδέξατο·
1305 5715 1451 5780 ὅπως
1494 5714 1587 5771 καὶ
1620 5718 1728 5781 τοῖς

245 5859 283 5890 ’⁸
334 5859 472 5918 Psal.
503 5874 691 5928 cxxxt,
727 5858 810 5914 ll.
892 5858 932 5890 "
957 5855 1086 5912 Luc.
1127 5873 1178 5925 ι,
1208 5854 1295 5910 20.

1827 4692 1941 4746 dcte
1969 4690 2094 4760 quia
2128 4688 2345 4741 nomina
2389 4694 2560 4739 ucstra
2585 4683 2782 4751 scripta
2815 4688 2935 4735 sunt
2970 4679 3024 4731 in
3052 4674 3239 4731 ca’lis?

1902 4869 1951 4919 7.
2012 4864 2157 4919 Sicut
2198 4863 2494 4919 lartantium
2544 4861 2775 4913 omnium
2817 4856 3074 4910 habitatio
3109 4865 3183 4909 est
3220 4854 3273 4906 in
3320 4861 3387 4903 te.

1831 4957 2081 5025 Quando,
2119 4958 2229 5018 ait,
2260 4954 2503 5009 omnium
2543 4952 2634 5022 qui
2668 4952 2720 5003 in
2751 4948 2991 5003 Ecclesia
3023 4957 3150 5001 sunt
3184 4944 3391 4998 habita-

1643 5082 1729 5119 ται
1832 5052 1904 5103 tio
1938 5049 1991 5101 in
2025 5057 2075 5102 te
2105 5046 2289 5110 fuerit,
2324 5055 2453 5099 tunc
2482 5042 2663 5097 laetitia
2695 5041 2836 5109 pleni
2870 5048 3047 5092 erunt.

1837 5249 1882 5301 1.
1919 5246 2195 5300 Canticum
2230 5240 2522 5297 PSALMI.
2584 5236 2647 5291 In
2686 5238 2840 5308 ﬁnem
2895 5254 2987 5305 pro
3033 5236 3292 5289 Halleler
3324 5235 3392 5287 ad

1906 5338 2342 5408 respondendum,
2366 5334 2664 5389 intellectus
2696 5332 2885 5385 Ellmnt
2918 5329 3179 5386 Isrurlitte
3207 5327 3389 5399 [Vulg.

1902 5449 2023 5487 cum
2053 5432 2212 5487 llebr.
2246 5428 2433 5482 Etltam
2472 5425 2785 5497 Ezrahite}.
2817 5423 3019 5477 LXXX
3040 5421 3164 5476 ΠΙ.

2416 5522 2812 5590 Argumentum.

1830 5618 1885 5672 in
1916 5620 2018 5673 hoc
2064 5617 2273 5689 psalmo
2317 5612 2518 5669 Christi
2553 5628 2723 5675 mors,
2756 5626 2916 5680 quam
2953 5626 3048 5679 pro
3082 5607 3236 5662 nobis
3269 5624 3390 5662 sus-

1902 5716 2078 5785 cepit,
2138 5720 2473 5769 memoratur
2517 5727 2529 5764 :
2569 5719 2627 5765 ut
2664 5719 2949 5779 postquam
2986 5705 3267 5776 spiritibus
3298 5702 3388 5775 qui
