4108 6494
694 450 800 509 379

751 566 801 619 in
837 566 1053 622 inferno
1087 582 1248 623 erant
1278 569 1663 638 praedicasset,
1709 570 1861 625 daret
1892 572 2249 626 resurrectio-
2278 576 2325 633 Α

750 675 895 712 nem.
945 658 1114 715 Deﬂet
1143 670 1321 715 autem
1357 659 1658 717 Jerusalem
1680 703 1695 727 ,
1726 672 1911 734 utpote
1940 679 2063 734 quae
2095 665 2248 720 exci-

752 752 969 806 disseta
998 768 1093 822 spe
1120 752 1173 806 in
1212 754 1412 823 ipsum.
1446 755 1566 824 Ipsa
1595 765 1776 811 autem
1806 756 2107 812 Jerusalem
2135 758 2251 812 sive

750 845 1010 914 populus,
1032 846 1160 900 olim
1186 862 1282 902 ceu
1311 847 1530 918 quidam
1558 848 1759 905 chorus
1783 859 1921 916 erat,
1947 852 2247 906 secundum

743 937 887 1005 quod
918 939 1089 1006 portio
1114 948 1166 993 et
1192 955 1314 995 sors
1338 940 1457 1010 ejus
1502 942 1954 1011 nuncupabatur;
1985 943 2249 1013 quamob-

750 1045 864 1083 rem
910 1046 1009 1099 pro
1043 1032 1309 1086 Maheleth
1345 1034 1640 1104 inscriptus
1672 1044 1754 1090 est
1786 1036 2065 1104 psalmus,
2101 1036 2249 1108 quod

748 1120 968 1186 dicitur,
1001 1122 1217 1179 chorea:
1251 1125 1363 1179 sive
1393 1126 1568 1182 chori.
1618 1125 1887 1193 Quoniam
1922 1137 2103 1184 autem
2129 1146 2251 1201 pro-

752 1212 981 1267 fundum
1027 1224 1111 1269 est
1154 1215 1353 1272 Christi
1385 1219 1703 1288 mysterium
1732 1262 1747 1287 ,
1780 1222 1936 1277 valde
1982 1223 2165 1277 subtili
2197 1233 2251 1279 et

753 1309 1024 1378 spirituali
1058 1321 1235 1366 mente
1260 1328 1399 1381 Opus
1431 1322 1515 1367 est
1543 1313 1609 1369 ad
1643 1316 1773 1371 illud
1800 1316 2245 1388 intelligendum;

755 1416 958 1470 quare,
1015 1401 1360 1470 Intellectus,
1411 1405 1746 1464 inscribitur.
1811 1407 2019 1464 Dicitur
2066 1420 2247 1465 autem

746 1493 991 1559 psalmus
1020 1493 1221 1549 IEman
1249 1511 1370 1550 esse
1390 1537 1405 1561 ,
1440 1497 1493 1552 in
1526 1496 1761 1569 Egypto
1783 1516 1813 1553 a
1836 1499 2018 1572 Moyse
2052 1500 2245 1556 iactus.

749 1581 847 1638 Hic
879 1596 1061 1640 autem
1088 1584 1288 1641 Eman
1324 1604 1490 1659 nepos
1517 1600 1636 1645 erat
1665 1590 1877 1646 lsraelis
1900 1635 1915 1657 ,
1946 1601 2131 1662 utpote
2153 1596 2247 1663 qui

741 1674 1097 1818 :lescenderet
1129 1694 1197 1733 ex
1256 1679 1420 1748 Zara,
1472 1683 1565 1753 qui
1601 1694 1719 1739 erat
1770 1685 1915 1741 ﬁlius
1966 1685 2119 1743 Juda:
2152 1688 2247 1744 lilii

765 1768 977 1818 sraelis.

765 1768 977 1821 sraelis.

743 1859 798 1912 ‘2.
838 1858 1054 1916 Domine
1115 1861 1250 1917 Deus
1300 1869 1491 1921 satutis
1541 1884 1700 1933 mea,
1766 1874 1821 1922 in
1870 1871 1956 1924 die
2000 1873 2246 1928 clamavi.

678 1945 873 2018 Utpote
894 1950 1105 2019 bonus,
1143 1968 1268 2007 cum
1293 1954 1704 2027 videretvpopuli
1742 1960 1952 2030 lapsum
1992 1972 2046 2016 et
2086 1962 2247 2018 disci-

676 2040 788 2109 puli
819 2043 1110 2111 perniciem
1134 2085 1151 2111 ,
1200 2061 1389 2115 preces
1420 2064 1518 2117 pro
1553 2050 1621 2105 iis
1643 2050 1872 2107 eﬂ‘undit
1898 2053 1965 2107 ad
2004 2051 2245 2120 Patrem,

675 2140 754 2196 ut,
797 2132 1163 2203 improbitatis
1206 2137 1430 2193 minime
1459 2142 1773 2212 participes,
1804 2144 2033 2200 salutem
2067 2154 2122 2201 et
2142 2147 2246 2217 ipsi

673 2236 766 2291 per
792 2238 916 2278 eum
952 2228 1421 2284 nanciscerentur.

739 2405 795 2459 ι.
839 2408 979 2471 Quia
1024 2410 1221 2479 repleta
1248 2420 1325 2465 est
1366 2412 1521 2466 malis
1560 2414 1742 2468 anima
1795 2431 1930 2470 mea.
2007 2414 2248 2473 Tametsi

675 2494 792 2565 ipse
817 2507 1036 2566 peccata
1066 2509 1250 2555 nostra
1279 2503 1522 2570 pertulit,
1553 2512 1607 2557 et
1630 2519 1728 2572 pro
1755 2504 1911 2559 nobis
1933 2505 2097 2570 dolet,
2124 2506 2249 2576 jure

674 2604 731 2645 se
746 2590 904 2646 malis
933 2592 1194 2661 repletum
1226 2594 1320 2647 ait.
1374 2592 1439 2648 Et
1468 2596 1577 2648 vita
1608 2612 1721 2650 mea
1745 2597 1950 2666 inferno
1974 2601 2247 2669 appropin~

673 2685 869 2753 quavit.
916 2682 1029 2738 Hoc
1057 2685 1134 2739 ait
1162 2686 1287 2755 quia
1319 2701 1414 2756 per
1445 2689 1672 2758 gratiam
1718 2686 1812 2743 Dei
1847 2705 1946 2760 pro
1991 2692 2249 2747 universo

673 2777 874 2833 mundo
903 2779 1139 2849 gustavit
1177 2790 1432 2835 mortem.

738 2955 792 3012 5.
823 2954 1021 3011 Factus
1045 2974 1164 3011 sunt
1190 2959 1327 3012 sicut
1352 2958 1505 3011 homo
1531 2959 1645 3013 sine
1667 2958 1936 3029 adjutorio
1961 2959 2099 3013 inter
2120 2976 2254 3013 mor-

671 3060 789 3106 tuos
820 3051 973 3106 liber.
1003 3051 1166 3106 Solus
1189 3051 1349 3107 Jesus
1376 3063 1429 3107 et
1453 3061 1702 3108 mortuus
1726 3063 1809 3107 est
1833 3070 1930 3123 pro
1952 3054 2255 3122 iniquitati-

672 3157 771 3199 Dus
795 3145 977 3214 populi
1006 3145 1204 3200 ductus
1226 3147 1290 3200 ad
1317 3156 1571 3208 mortem,
1594 3146 1749 3215 juxta
1782 3147 1937 3199 Isaiae
1959 3147 2211 3200 vocmn.‘°
2238 3164 2251 3199 :

672 3245 730 3291 et
754 3247 1000 3291 mortuus
1023 3253 1146 3291 cum
1171 3246 1316 3291 esset
1346 3237 1496 3291 solus
1521 3246 1637 3291 erat
1662 3238 1878 3290 liber".
1906 3235 2085 3307 Neque
2105 3238 2249 3291 enim
2279 3275 2321 3331 ο

670 3337 949 3397 peccatum
985 3328 1219 3382 habebat
1246 3328 1392 3397 quod
1423 3330 1597 3398 ipsum
1636 3329 1797 3382 morti
1831 3328 2034 3384 faceret
2073 3330 2247 3384 obno-

672 3420 839 3474 xium.
872 3418 1210 3490 Quapropter
1233 3420 1429 3476 dixit"
1457 3439 1471 3475 :
1503 3422 1825 3476 Potestatem
1855 3423 2019 3475 habeo
2050 3440 2245 3489 ponen-

670 3512 726 3565 di
744 3512 977 3565 animam
1010 3499 1201 3577 meam,
1224 3523 1273 3567 et
1302 3514 1493 3565 iterum
1512 3523 1821 3583 potestatem
1850 3514 2011 3567 habeo
2034 3530 2244 3568 sumen-

671 3603 726 3657 di
755 3621 892 3658 eam.

740 3694 794 3749 6.
848 3695 999 3750 Sicut
1030 3696 1287 3751 vulnerati
1321 3698 1637 3755 dormientes
1671 3702 1727 3754 in
1757 3700 2031 3769 sepulcris.
2078 3699 2243 3755 Simi-

674 3786 777 3852 lis,
815 3786 1025 3857 inquit,
1063 3788 1238 3844 factus
1274 3806 1394 3843 sum
1423 3790 1737 3846 hominibus
1764 3792 2061 3849 vulneratis
2084 3804 2136 3848 ct
2162 3793 2246 3863 ja-

669 3879 923 3935 centibus
953 3881 1006 3933 in
1042 3881 1336 3947 sepulcris,
1385 3882 1474 3951 qui
1509 3896 1633 3936 cum
1663 3892 1814 3938 tuum
1840 3885 2101 3937 auxilium
2135 3900 2243 3939 non

672 3970 1049 4038 accepissent,
1083 3985 1187 4023 non
1224 3980 1549 4041 acceperunt
1593 3972 2070 4026 resurrectionem.
2131 3971 2244 4043 Ego

670 4072 852 4117 autem
888 4061 1206 4117 vulneratus
1237 4078 1381 4127 sum,
1416 4063 1615 4132 inquit,
1650 4074 1871 4133 propter
1897 4072 2118 4134 peccata
2148 4079 2243 4135 po-

670 4154 805 4225 puli,
840 4162 893 4209 et
922 4154 974 4208 in
1011 4155 1277 4223 sepulcris
1308 4153 1415 4219 fui,
1451 4156 1545 4209 sed
1582 4172 1689 4209 non
1725 4156 1796 4209 ibi
1824 4157 2085 4221 remansi,
2114 4173 2185 4227 qu
2213 4173 2241 4211 a

674 4255 731 4301 et
766 4254 889 4316 post
923 4246 1379 4313 vulnerationem,
1407 4256 1459 4302 et
1487 4256 1607 4317 post
1636 4246 2027 4316 depositionem
2062 4248 2113 4301 in
2154 4265 2243 4304 se-

671 4338 895 4409 pulcro,
948 4337 1053 4394 mei
1109 4338 1423 4395 meministi.
1494 4337 1785 4394 Resurrexi
1834 4341 1977 4395 enim
2038 4341 2243 4396 calcata

672 4439 869 4484 morte.

742 4521 796 4576 8.
841 4520 1013 4592 Super
1043 4537 1123 4575 me
1155 4523 1496 4590 conﬁrmatus
1523 4532 1599 4577 est
1626 4523 1775 4593 furor
1807 4533 1948 4577 tuus.
1979 4522 2241 4578 Furorem

673 4612 770 4668 Dei
802 4624 959 4668 vocat
991 4613 1427 4669 maleilictionem
1468 4619 1693 4682 mortis,
1742 4617 2024 4671 hominum
2060 4615 2242 4687 generi
2281 4637 2325 4692 υ

671 4703 901 4758 illatam.
932 4701 1071 4768 Quia
1103 4703 1268 4773 igitur
1298 4705 1604 4761 maledictio
1635 4721 1733 4774 pro
1756 4706 1915 4761 nobis
1946 4704 2122 4761 factus
2144 4716 2245 4773 est,

672 4796 797 4851 ideo
829 4794 1069 4850 furorem
1102 4794 1198 4851 Dei
1229 4812 1393 4866 super
1418 4812 1475 4851 se
1514 4798 1901 4852 conﬁrmatum
1934 4798 2088 4855 dicit.

742 4976 811 5032 Et
833 4993 1008 5032 omnes
1034 4976 1225 5047 ﬂuctus
1266 4986 1380 5030 tuos
1415 4975 1677 5029 induxiin
1709 4992 1867 5044 super
1889 4991 1987 5029 me.
2026 4974 2249 5031 Fluctus

672 5070 789 5127 sive
813 5070 1076 5125 elationes
1108 5077 1298 5130 vocat,
1331 5069 1705 5123 vehementem
1755 5084 1971 5138 poenam
2004 5068 2243 5122 homini-

672 5162 775 5217 bus
798 5158 1262 5231 praevaricationis
1291 5172 1460 5213 causa
1491 5156 1773 5213 iullictam.
1805 5156 2089 5229 Signilicat
2118 5158 2245 5211 item

675 5264 931 5308 mortem.

748 5445 800 5500 9.
858 5444 1033 5515 Longe
1074 5442 1247 5515 fecisti
1273 5453 1427 5499 notos
1455 5459 1594 5498 meos
1621 5460 1655 5497 a
1684 5458 1784 5497 me.
1868 5440 1983 5497 Hoc
2015 5443 2092 5497 ait
2117 5444 2249 5513 quia

676 5547 919 5605 tempore
949 5532 1221 5606 passionis
1243 5548 1437 5589 omnes
1472 5533 1809 5603 reliquerunt
1833 5546 1980 5587 eum.
2043 5530 2247 5586 Posue-

679 5636 801 5682 runt
828 5642 908 5681 me
936 5627 1379 5681 abominationcm
1404 5626 1526 5681 sibi.
1585 5624 1717 5680 Vide
1745 5624 2017 5696 quomodo
2049 5626 2245 5679 etiam-

757 5764 933 5819 ”lsa.
971 5781 1087 5826 Llll,
1125 5763 1177 5817 8.
1256 5764 1297 5795 ¹¹
1336 5762 1479 5818 Psal.
1516 5777 1761 5831 uxxvu,
1795 5765 1847 5818 6.

1510 452 1566 507 S.
1607 451 1976 510 ATHANASII
2015 454 2163 511 OPP.
2206 454 2386 509 PARS
2423 453 2510 510 ΙΙΙ.
2547 482 2615 493 -
2652 447 3062 507 EXEGETICA.

3828 450 3933 506 380

2420 571 2478 623 ἐν
2513 568 2640 641 ᾅδου
2671 565 2912 639 κηρύξας
2939 562 3213 634 πνεύμασι
3243 561 3555 633 δωρήσηται
3578 560 3679 631 τὴν
3697 561 3935 616 ἀνάστα·

2419 677 2524 715 σιν.
2566 657 2944 712 Ἀποκλαίεται
2972 654 3030 708 δέ
3057 653 3153 708 καὶ
3193 652 3295 725 τὴν
3333 651 3706 724 Ἰερουσαλὴμ,
3735 650 3836 706 ἅτε
3868 652 3933 722 δὴ

2418 746 2826 818 ἐκπεσουμένην
2858 744 2958 816 τῆς
2995 744 3078 805 εἰς
3129 740 3292 794 αὐτὸν
3326 739 3560 802 ἐλπίδος.
3600 738 3751 809 Αὕτη
3807 738 3866 791 δέ
3898 740 3933 809 ἡ

2430 838 2803 913 Ἰερουσαλὴμ,
2861 838 2980 909 ἦτοι
3023 836 3053 887 ὁ
3082 833 3233 898 λαὸς,
3285 831 3450 887 πάλαι
3508 826 3618 884 οἶόν
3650 848 3734 895 τις
3772 831 3934 903 χορὸς

2418 930 2507 1007 ἦν,
2547 932 2682 988 καθὸ
2736 930 2832 985 καὶ
2863 929 3021 1002 μερὶς
3053 925 3218 982 αὑτοῦ
3264 926 3359 979 καὶ
3408 925 3608 997 κλῆρος
3654 942 3935 997 προσηγο-

2418 1025 2623 1099 ρεύετο’
2649 1023 2728 1077 διὸ
2758 1022 2853 1077 καὶ
2888 1021 3026 1093 πρὸς
3072 1017 3288 1074 Μαελέθ
3314 1017 3716 1088 ἐπιγέγραπται
3740 1020 3770 1070 ό
3798 1017 3935 1087 ψαλ-

2422 1118 2543 1190 μὸς,
2572 1116 2738 1170 ὅέστι
2776 1113 2994 1185 χορείας
3040 1111 3159 1182 ἦτοι
3208 1109 3396 1182 χοροῦ.
3448 1108 3664 1180 Ἐπειδὴ
3704 1108 3763 1162 δὲ
3797 1107 3934 1179 βαθὺ

2417 1210 2480 1263 τὸ
2500 1206 2738 1281 Χριστοῦ
2775 1205 3093 1277 μυστήριον,
3120 1202 3211 1256 καὶ
3268 1202 3386 1255 λίαν
3435 1201 3637 1272 λεπτῆς
3691 1200 3937 1263 διανοίας

2418 1300 2500 1354 δεῖ
2546 1295 2921 1370 πνευματικῆς
2966 1293 3099 1365 πρὸς
3156 1292 3216 1345 τὸ
3265 1292 3503 1346 συνιέναι
3560 1290 3712 1344 αύτόο
3738 1290 3934 1344 τούτου

2415 1391 2576 1463 χάριν
2605 1388 2917 1452 Συνέσεως
2944 1384 3372 1455 ἐπιγέγραπται.
3430 1384 3665 1452 Λέγεται
3722 1382 3783 1436 δὲ
3836 1380 3933 1435 τοῦ

2420 1483 2599 1555 Αίμάν
2640 1477 2780 1536 εἶναι
2810 1480 2840 1533 ὁ
2884 1477 3118 1549 ψαλμὸς,
3144 1476 3204 1528 ἐν
3242 1473 3503 1545 Αίγύπτῳ
3532 1473 3669 1545 πρὸς
3688 1471 3936 1535 Μωσέως

2420 1574 2808 1645 πεποιημένος.
2842 1564 3009 1634 Οῦτος
3042 1567 3097 1620 δέ
3135 1569 3165 1621 ό
3202 1567 3381 1638 Αίμάν
3418 1566 3531 1636 (59)
3567 1564 3834 1634 ἀπόγονος
3866 1560 3934 1635 ἦν

2420 1667 2515 1721 τοῦ
2558 1665 2796 1738 Ἰσραὴλ,
2833 1665 2927 1717 ἆτε
2950 1662 3170 1729 ἔκγονος
3203 1657 3279 1711 ὢν
3305 1656 3401 1711 τοῦ
3434 1655 3606 1727 Ζαρὰ,
3632 1656 3693 1721 ὃς
3724 1651 3795 1724 ἦν
3820 1656 3936 1718 υίὸς

2416 1758 2510 1812 τοῦ
2545 1757 2733 1821 Ἰούδα,
2767 1755 2864 1808 τοῦ
2904 1752 3017 1808 υίοῦ
3052 1750 3294 1823 Ἰσραήλ.

2420 1852 2596 1919 Κύριε
2623 1853 2655 1904 ὀ
2688 1848 2831 1915 Θεὸς
2851 1846 2961 1915 τῆς
2995 1845 3294 1913 σωτηρίας
3346 1860 3489 1913 μου,
3537 1839 3767 1910 ἡμέρας
3803 1838 3934 1893 ἐκέ-

2281 1921 2322 1978 B
2351 1942 2559 2011 κραξα.
2597 1942 2728 1994 "Are
2761 1939 2963 2008 ἀγαθὸς
3018 1935 3115 2001 ὣν,
3167 1932 3325 1997 εἰδὼς
3368 1931 3467 2004 τὴν
3508 1929 3783 1984 ἐκπτωσιν
3839 1928 3935 1983 τοῦ

2346 2032 2476 2086 λαοῦ
2510 2032 2606 2087 καὶ
2637 2030 2734 2101 τὴν
2754 2029 2847 2082 τοῦ
2883 2026 3126 2099 μαθητοῦ
3170 2023 3470 2087 ἀπώλειαν,
3505 2020 3605 2085 τὰς
3644 2020 3789 2092 ὑπὲρ
3841 2020 3937 2073 αύ-

2346 2124 2456 2178 τῶν
2481 2123 2868 2194 ἀναπέμπεται
2897 2119 3034 2191 πρὸς
3069 2118 3161 2171 τὸν
3200 2116 3424 2187 Πατέρα
3446 2115 3632 2186 εύχάς’
3660 2114 3812 2177 ὅπως
3846 2111 3933 2176 ἂν,

2345 2217 2446 2287 τῆς
2479 2215 2678 2277 κακίας
2720 2214 2797 2284 μὴ
2850 2208 3266 2282 μεταλαϐόντες,
3311 2208 3406 2261 καὶ⁵
3430 2206 3584 2260 αὐτοὶ
3608 2206 3709 2275 τῆς
3738 2204 3808 2258 δι’
3840 2204 3939 2257 αύ-

2346 2308 2440 2365 τοῦ
2473 2308 2745 2379 σωτηρίας
2774 2304 3007 2376 τύχοιεν.

2422 2398 2551 2451 Ὀτι
2581 2394 2860 2461 ἐπλήσθη
2886 2391 3088 2449 κακῶν
3133 2391 3173 2459 ή
3219 2387 3390 2459 ψυχή
3432 2406 3572 2459 μου.
3624 2387 3690 2440 Εί
3730 2386 3827 2439 καὶ
3851 2400 3945 2437 au—

2347 2490 2440 2554 τὸς
2470 2488 2569 2552 τάς
2606 2486 2883 2559 ἁμαρτίας
2912 2485 3071 2557 ἡμῶν
3104 2483 3394 2548 ἐϐάστασε,
3451 2481 3547 2535 καὶ
3599 2480 3730 2551 περὶ
3778 2476 3939 2550 ὴμῶν

2348 2585 2622 2647 ὀδυνᾶται,
2679 2582 2904 2645 εἰκότως
2943 2582 3039 2634 καὶ
3099 2579 3287 2633 κακῶν
3336 2574 3725 2649 ἐμπέπλησται
3777 2590 3935 2647 φησι.

2350 2678 2460 2733 Καὶ
2503 2678 2542 2745 ἡ
2600 2674 2713 2741 ζωή
2761 2692 2882 2744 μου
2932 2672 3013 2739 τῷ
3074 2671 3188 2740 ᾄδῃ
3221 2671 3456 2740 ﬁnias.
3520 2668 3695 2721 Τοῦτό
3745 2684 3934 2738 φησιν,

2350 2766 2539 2837 ἐπειδὴ
2592 2766 2734 2837 ὑπὲρ
2800 2764 3001 2827 παντὸς
3068 2762 3249 2834 χάριτι
3298 2760 3434 2815 Θεοῦ
3503 2760 3770 2829 ἐγεύσατο
3838 2758 3936 2812 θα-

2351 2860 2531 2913 νάτου.

2436 2951 2763 3023 Ἐγενήθην
2801 2948 2945 3005 ὡσεί
3001 2949 3313 3020 ἄνθρωπος
3353 2950 3686 3018 ἀϐοήθητος
3740 2948 3814 3003 ἐν
3837 2966 3938 3005 γε·-

2353 3045 2516 3114 κροῒς
2540 3045 2872 3111 ἐλεύθερος.
2916 3042 3091 3105 Μόνος
3134 3040 3339 3111 Ἰησοῦς
3374 3040 3468 3094 καὶ
3499 3040 3772 3094 ἀπέθανεν
3795 3042 3939 3110 ὑπὲρ

2354 3135 2729 3207 τῶνάνομιῶν
2780 3134 2874 3188 τοῦ
2912 3134 3039 3188 λαοῦ
3086 3133 3354 3204 ἀγόμενος
3383 3134 3463 3197 είς
3497 3132 3751 3199 θάνατον,
3794 3150 3936 3187 κατα

2354 3226 2453 3297 τὴν
2485 3226 2707 3279 Ἠσαίου
2735 3226 2937 3295 φωνήν·
2980 3225 3074 3277 καὶ
3110 3225 3305 3295 νεκρὸς
3333 3224 3401 3279 ἂν
3428 3224 3711 3295 ἐλεύθερος
3732 3219 3804 3297 ἦν
3851 3226 3939 3296 μό·

2353 3334 2478 3381 νοςν
2540 3318 2599 3371 ού
2650 3317 2759 3389 γὰρ
2817 3312 2962 3388 εἶχεν
3002 3316 3274 3388 ἁμαρτίαν
3328 3317 3429 3388 τὴν
3477 3317 3705 3387 κάτοχον
3773 3318 3937 3373 αὐτὸν

2353 3411 2610 3465 ποιοῦσαν
2640 3411 2874 3481 θανάτῳ.
2910 3409 3000 3462 Διὸ
3055 3409 3150 3462 καὶ
3196 3408 3403 3478 ἐλεγενο
3448 3410 3777 3473 Ἐξουσίαν
3820 3412 3938 3481 ἔχω

2353 3504 2538 3559 θεῖναι
2568 3505 2683 3571 τὴν
2718 3504 2934 3575 ψυχήν
2950 3522 3092 3575 μου,
3121 3504 3218 3558 καὶ
3259 3483 3446 3557 ίπὰλιν
3482 3502 3781 3568 ἐξουσίαν
3819 3505 3938 3575 ἔχω

2352 3592 2561 3650 λαϐεῖν
2585 3594 2795 3663 αὑτήν.

2435 3687 2589 3740 Ὠσεὶ
2618 3687 2964 3757 τραυματίαι
3012 3686 3406 3755 καθεύδοντες
3443 3690 3514 3743 ἐν
3557 3688 3740 3757 τάφῳ.
3789 3690 3937 3761 Ιιαρο

2351 3780 2556 3850 όμοιος,
2589 3779 2744 3849 φησὶ,
2779 3779 2978 3847 γέγονα
3018 3777 3325 3851 ἀνθρώποις
3373 3782 3938 3852 τετραυματισμένοις

2352 3870 2447 3923 καὶ
2480 3871 2753 3940 κειμένοις
2782 3871 2839 3923 ἐν
2888 3871 3185 3941 μνήμασιν,
3234 3871 3305 3937 οἳ,
3336 3873 3435 3944 τῆς
3478 3874 3576 3944 σῆς
3634 3872 3711 3946 μὴ
3742 3875 3935 3945 τυχόν-

2351 3979 2440 4026 τες
2465 3962 2803 4034 ἐπικουρίας,
2852 3962 2912 4016 ού
2974 3965 3336 4037 τετυχήκασιν
3385 3967 3757 4031 ἀναστάσεως.
3797 3967 3936 4035 Ἐγὼ

2349 4053 2407 4107 δὲ
2459 4054 2955 4126 τετραυμάτισμαι,
3029 4056 3184 4128 φησι,
3240 4056 3330 4110 διά
3372 4058 3471 4121 τὰς
3521 4059 3800 4131 ἁμαρτίας
3842 4060 3936 4113 τοῦ

2349 4145 2479 4199 λαοῦ
2504 4186 2518 4210 ,
2552 4146 2647 4198 καὶ
2696 4147 2753 4199 ἐν
2790 4147 2981 4215 τάφοις
3019 4147 3249 4215 γέγονα,
3284 4148 3346 4200 ού
3382 4149 3488 4219 μὴν
3516 4152 3610 4202 καί
3633 4151 3935 4223 ἀπέμεινα·

2352 4239 2486 4293 διότι
2516 4256 2617 4311 μου
2640 4240 2733 4293 καὶ
2756 4240 2894 4310 μετὰ
2923 4238 3018 4311 τὴν
3058 4237 3262 4310 τρῶσιν
3301 4240 3395 4293 καὶ
3432 4240 3532 4313 τὴν
3564 4242 3623 4293 ἐν
3664 4242 3745 4315 τῷ
3780 4246 3935 4316 τάτεῳ

2351 4332 2647 4386 κατάθεσιν
2717 4331 3013 4404 ἐμνήσθης.
3069 4331 3325 4405 Ἀνέστην
3372 4332 3482 4403 γάρ
3535 4337 3791 4406 πατήσας
3845 4338 3934 4392 τὸν

2350 4422 2597 4479 θάνατον.

2434 4514 2559 4567 Ἐπ’
2585 4511 2691 4583 ἐμὲ
2718 4513 3119 4582 ὲπεστηρίχθη
3150 4516 3183 4567 δ
3231 4514 3417 4583 θυμός
3444 4530 3583 4568 σου.
3624 4514 3811 4587 Θυμδν
3843 4518 3934 4571 τοῦ

2349 4605 2485 4659 Θεοῦ
2511 4622 2644 4677 φησι
2672 4607 2771 4677 τὴν
2803 4606 3185 4676 ἐπενεχθεῖσαν
3231 4605 3308 4677 τῷ
3335 4607 3445 4661 τῶν
3483 4606 3793 4679 ἀνθρώπων
3847 4611 3936 4679 γέο

2356 4713 2436 4751 νει
2483 4696 2576 4751 τοῦ
2619 4697 2847 4751 θανάτου
2898 4698 3163 4771 κατάραν.
3236 4697 3450 4771 Ἐπειδὴ
3502 4701 3682 4753 τοίνυν
3713 4702 3935 4771 γέγονεν

2358 4791 2499 4863 ὑπὲρ
2550 4790 2707 4861 ἡμῶν
2764 4791 2997 4861 κατάρα,
3048 4790 3240 4845 τούτου
3284 4792 3444 4865 χάριν
3496 4793 3591 4847 τὸν
3622 4792 3799 4865 θυμὸν
3844 4796 3933 4850 τοῦ

2354 4885 2489 4939 Θεοῦ
2520 4885 2606 4937 ἐπ’
2653 4884 2813 4938 αὑτὸν
2848 4884 3233 4956 ἐπεστηρίχθαι
3254 4888 3405 4957 φησί.

2426 4976 2537 5031 Καὶ
2565 4974 2797 5043 πάντας
2831 4975 2972 5044 τοὺς
2998 4980 3438 5048 μετεωρισμούς
3477 4994 3595 5034 σου
3636 4981 3935 5052 ἐπήγαγες

2354 5070 2447 5123 ἐπ’
2470 5068 2596 5138 ἐμέ.
2631 5069 3055 5140 Μετεωρισμοὺς
3093 5069 3193 5141 τὴν
3243 5070 3380 5142 μετά
3440 5071 3802 5144 σφοδρότητος
3836 5074 3933 5127 ἐπ-

2354 5160 2671 5231 ενεχθεῖσαν
2722 5160 2800 5233 τῷ
2830 5160 2939 5214 τῶν
2984 5160 3288 5235 ἀνθρώπων
3330 5163 3474 5233 γένει
3520 5165 3661 5237 ύπέρ
3693 5166 3797 5237 τῆς
3838 5184 3935 5220 πα-

2359 5251 2638 5322 ραϐάσεως
2670 5250 2827 5322 δίκην
2870 5250 3023 5322 φησί.
3076 5252 3338 5325 Σημαίνει
3385 5254 3441 5309 δέ
3490 5255 3655 5310 πάλιν
3694 5256 3790 5312 τὸν
3836 5256 3930 5313 θά-

2353 5360 2530 5398 νατον.

2442 5434 2816 5505 Ἐμάκρυνας
2858 5434 2995 5503 τοὺς
3073 5439 3381 5508 γνωστούς
3438 5457 3557 5509 μου
3601 5438 3704 5492 ἀπ’
3764 5439 3925 5511 ἐμοῦ.

2354 5526 2525 5581 Τοῦτό
2561 5544 2746 5597 φησιν,
2779 5527 2965 5601 ἐπειδὴ
3006 5530 3205 5594 πάντες
3255 5530 3417 5583 αὑτὸν
3473 5531 3765 5586 κατέλιπον
3794 5532 3928 5587 κατὰ

2353 5622 2443 5676 τὸν
2474 5622 2569 5676 τοῦ
2604 5622 2806 5687 πάθους
2836 5623 3044 5693 καιρόν.
3073 5624 3319 5679 Ἐθεντό
3333 5641 3409 5693 με
3459 5623 3777 5697 βδέλυγμα
3798 5621 3902 5681 (ut)

1926 5766 1971 5795 "
2012 5761 2169 5817 Joan.
2209 5761 2377 5825 κ,18.

752 5883 867 5941 t39l
906 5884 993 5940 Sic
1043 5884 1262 5943 Vulgata
1314 5883 1503 5940 Eman.
1557 5886 1661 5942 Sed
1688 5884 1875 5942 Graeca
1910 5883 2247 5943 Psalmorum
2289 5881 2849 5954 exemplaria,'l50é;i.
