4108 6498
206 480 298 536 381
1251 477 1612 534 EXPOSITIO
1651 479 1716 532 IN
1755 478 2080 535 PSALMUH
2120 478 2403 534 LXXXVII

3327 483 3431 538 382

204 596 339 663 τοῖς.
370 597 519 666 Ὅρα
555 595 671 658 πῶς
697 595 790 648 καὶ
828 593 990 666 μέχρι
1020 594 1115 649 νύν
1155 594 1396 650 Ἰουδαῖοι
1445 597 1508 648 τὸ
1538 595 1763 668 Χριστοῦ

1873 613 2000 650 num
2027 595 2198 651 Judai
2245 594 2448 650 Christi
2483 609 2678 651 nomen
2723 605 3092 652 exsecrentur.
3178 596 3431 654 Traditus

203 690 364 758 ὄνομα
405 686 804 756 βδελύσσονται.
848 684 1208 754 Παρεδόθην,
1259 686 1359 741 καὶ
1409 689 1520 741 οὐκ
1561 688 1770 752 ἐξεποο

196 780 476 847 ρευόμην.
515 778 686 833 Τοῦτό
725 794 877 848 φησι,
901 777 989 831 διά
1014 778 1075 831 τὸ
1094 777 1476 834 κατάκλειστον
1503 781 1663 834 αὑτὸν
1683 797 1773 850 γε·

203 871 378 924 νέα-θαι
407 872 466 924 ὲν
499 873 568 941 τῇ
599 870 744 940 οίκίᾳ
769 870 860 924 τοῦ
889 871 1354 942 ἀρχισυναγώγου.

270 967 332 1018 οι
378 964 680 1032 ὀφθαλμοί
723 981 842 1032 μου
887 965 1240 1032 ἡσθένησαν
1290 964 1408 1018 ἀπὸ
1456 965 1769 1033 πτωχείας.

214 1056 631 1124 Ἀπεκλαιόμην,
669 1057 850 1126 φησὶν,
882 1057 1020 1128 ὑπὲρ
1061 1057 1153 1110 τοῦ
1204 1056 1355 1120 λαοῦ,
1402 1055 1523 1110 ἰδὼν
1579 1058 1774 1120 αὐτοὺς

201 1148 290 1200 τοῦ
318 1148 460 1201 κατά
504 1149 638 1202 Θεδν
666 1149 892 1202 πλούτου
925 1150 1356 1220 ὲκπεσουμένους
1386 1150 1478 1203 καὶ
1520 1151 1600 1212 εἰς
1628 1165 1774 1203 πτωο

205 1243 348 1312 χείαν
378 1243 884 1312 κατενηνεγμένους
914 1243 1166 1314 ἐσχάτην.

282 1333 610 1400 Ἐκέκραξα
640 1334 788 1400 πρὸς
819 1332 912 1395 σὲ,
946 1335 1141 1400 Κύριε,
1169 1334 1321 1399 ὅλην
1365 1331 1480 1400 τὴν
1522 1331 1767 1401 ἡμέραν.

207 1425 336 1478 Ἕνα
386 1425 571 1480 τοίνυν
606 1428 769 1496 πόρον
817 1424 905 1488 δὸς
946 1425 1048 1494 τῆς
1080 1424 1187 1477 τῶν
1218 1423 1402 1476 δεινῶν
1429 1424 1768 1493 ἀπαλλαγῆς,

203 1518 295 1586 τὴν
349 1517 470 1585 σὴν,
501 1517 768 1578 Δέσποτα,
803 1517 1158 1588 προμηθείαν.
1199 1516 1482 1570 Ἐκτείνων
1531 1517 1638 1588 γὰρ
1686 1517 1771 1569 ἀεὶ

203 1606 294 1670 τάς
327 1610 515 1680 χεῖρας
553 1606 813 1660 ἀντιδολῶ
847 1623 924 1660 σε.
955 1607 1065 1678 Τὴν
1111 1605 1310 1676 πικράν
1354 1606 1410 1660 δὲ
1459 1607 1557 1678 τῆς
1597 1607 1772 1677 ψυχῆς

202 1698 387 1768 ὀδύνην
428 1699 588 1754 τοῦτο
626 1699 684 1751 τὸ
718 1698 904 1768 σχῆμα
952 1697 1270 1768 δηλοῖ.’Υπὺ
1323 1697 1429 1769 γὰρ
1463 1701 1556 1768 τῆς
1585 1698 1771 1770 χρείας

203 1791 660 1861 ἀναγκαζόμενος,
684 1791 1094 1863 σπουδαιότερόν
1113 1809 1194 1856 τις
1217 1791 1445 1844 ἱκετεύει
1468 1790 1770 1844 τὺν’δούναι

205 1883 519 1952 δυνάμενον.

1874 705 2011 748 sum.
2039 700 2089 742 et
2118 703 2221 742 non
2247 687 2568 758 egrediebar.
2610 687 2728 743 Hoc
2754 688 2831 744 ait
2857 690 2984 760 quia
3015 689 3304 748 conclusus
3331 691 3434 747 fuit

1875 777 1926 831 in
1956 779 2118 832 domo
2145 777 2406 848 principis
2435 791 2739 847 synagoga.

1947 956 2033 1009 10.
2076 954 2230 1010 Oculi
2287 957 2388 1009 mei
2433 955 2749 1026 languerunt
2799 972 2909 1024 pra
2942 956 3144 1025 inopia.
3188 955 3429 1025 Flebam,

1871 1048 2067 1117 inquit,
2108 1063 2206 1116 pro
2236 1047 2442 1116 populo
2472 1059 2702 1102 cernens
2731 1061 2826 1101 eos
2855 1062 2883 1100 a
2919 1046 3154 1111 divitiis,
3199 1062 3320 1116 quae
3347 1061 3433 1102 se-

1876 1139 2113 1193 cundum
2139 1137 2307 1192 Deum
2342 1147 2490 1204 sunt,
2523 1137 2590 1192 ad
2618 1147 2917 1192 extremam
2947 1147 3315 1209 paupertatem
3339 1140 3433 1194 de-

1870 1230 2070 1299 lapsos.

1943 1322 2028 1375 11.
2055 1319 2292 1375 Clamavi
2317 1320 2386 1374 ad
2410 1329 2479 1384 te,
2506 1318 2745 1387 Domine,
2780 1331 2891 1374 tota
2921 1321 3025 1376 die.
3068 1320 3246 1376 Unum
3276 1321 3432 1376 nobis

1870 1411 2073 1466 exitum
2110 1419 2170 1465 ut
2210 1427 2238 1465 a
2271 1411 2424 1464 malis
2454 1410 2750 1466 liberemur
2794 1410 3052 1480 prabeto,
3103 1419 3273 1474 tuam,
3321 1407 3431 1465 Do-

1870 1505 2038 1568 mine,
2062 1501 2479 1574 providentiam.
2513 1500 2648 1556 Nam
2684 1517 2899 1572 semper
2920 1518 3112 1557 manus
3136 1503 3432 1558 extendens

1871 1606 1924 1650 te
1953 1597 2232 1665 deprecor.
2265 1593 2364 1649 Hic
2402 1607 2566 1664 porro
2595 1593 2814 1648 habitus
2843 1595 3097 1648 acerbum
3139 1594 3303 1648 animi
3334 1594 3432 1648 do-

1869 1689 2038 1743 lorem
2075 1687 2297 1742 indicat.
2352 1684 2680 1741 Necessitate
2719 1687 2919 1756 quippe
2962 1695 3181 1741 coactus
3206 1685 3432 1754 quilibet

1870 1778 2056 1842 homo,
2095 1777 2392 1832 ferventius
2413 1777 2745 1848 eisupplicat
2766 1778 2856 1848 qui
2887 1778 2938 1832 id
2971 1777 3204 1832 tribuere
3231 1787 3429 1848 potest.

270 1939 362 2042 Mi;
415 1975 543 2042 τοῖς
591 1975 824 2043 νεκροῖς
869 1974 1140 2041 ποιήσεις
1193 1973 1532 2045 θαυμάσια;
1569 1973 1763 2042 ‘Iarpol

1941 1973 2024 2026 ιε.
2057 1969 2312 2041 Nunquid
2342 1971 2562 2024 mortuis
2579 1971 2740 2040 facies
2765 1971 3032 2024 mirabilia
3051 1971 3076 2023 .’
3094 1969 3283 2023 Medici
3312 1986 3429 2023 sus-

203 2065 657 2130 ιὶναστήσουσι;
682 2067 793 2129 Τάς
826 2068 1003 2131 αἰτίας
1021 2069 1164 2137 ἡμᾶς
1187 2066 1423 2120 διδάσκει
1445 2067 1544 2137 τῆς
1574 2069 1653 2130 είς
1677 2066 1768 2119 τὸν

204 2156 425 2210 θάνατον
479 2156 645 2210 αύτοῦ
701 2157 949 2221 καθόδου,
979 2159 1254 2228 μονονουχὶ
1300 2158 1504 2225 λέγων·
1550 2157 1766 2228 Ἐπειδὴ

202 2247 317 2300 οὔτε
363 2252 578 2318 νεκροῖς
633 2249 872 2314 δυνατὸν,
905 2252 1057 2322 φησι,
1097 2251 1422 2322 ποιήσασθαι
1469 2251 1764 2320 θαυμάσια,

203 2340 319 2395 οὔτε
361 2343 568 2414 ίατροῖς
596 2343 938 2413 ⁸ἀναστῆσαι,
985 2344 1069 2396 ἵνα
1113 2341 1606 2413 ὲξομολογήσωνταί
1660 2359 1765 2405 σοι,

201 2432 316 2485 οὕτε
349 2434 455 2502 μὴν
488 2436 538 2486 'ol
571 2435 628 2487 ὲν
657 2438 721 2504 τῇ
751 2435 993 2505 ἀπωλείᾳ
1018 2434 1231 2487 δυνατοὶ
1261 2428 1400 2504 ἦσαν
1443 2433 1646 2502 γνῶναί
1674 2449 1765 2487 σου

200 2520 290 2589 τὴν
335 2523 622 2592 ἀλήθειαν
663 2523 849 2576 τούτου
897 2524 1074 2595 χάριν,
1101 2518 1145 2578 ὧ
1179 2524 1376 2595 Πάτερ,
1406 2524 1500 2577 καὶ
1549 2527 1660 2586 τοῖς
1709 2527 1767 2576 ὲν

201 2611 319 2681 ᾅδου
352 2613 846 2685 καταλελόγισμαι·
895 2617 980 2668 ἵνα
1014 2616 1341 2678 ἀναστάντες
1370 2616 1418 2668 οἱ
1452 2616 1508 2667 ὲν
1547 2617 1612 2685 τῇ
1651 2615 1766 2667 ἑπι-

201 2703 501 2780 λελησμὲνῃ
553 2710 623 2778 γῇ
668 2708 761 2761 καὶ
806 2708 915 2760 τῶν
966 2707 1282 2779 Θαυμασίων
1323 2725 1418 2761 σου
1447 2710 1639 2778 πεῖραν
1667 2707 1764 2761 λά-

202 2795 358 2861 θοιεν,
393 2799 490 2850 καὶ
537 2798 900 2869 διηγήσωνται
945 2801 995 2852 οἱ
1050 2799 1214 2853 πάλαι
1261 2802 1318 2852 ὲν
1349 2799 1427 2870 τῷ
1456 2799 1636 2853 σκότει
1666 2800 1765 2871 τὴν

201 2885 448 2956 ἀλήθειάν
478 2903 593 2940 σου.

266 2979 356 3045 Μὴ
385 2979 739 3046 διηγήσεται
775 2998 863 3048 τις
901 2981 971 3035 ἐν
1003 2981 1082 3048 τῷ
1112 2982 1271 3051 τάφῳ
1293 2981 1376 3035 ’τὸ
1414 2982 1584 3050 ἔλεός
1615 2998 1764 3047 σονς

202 3067 282 3137 Μὴ
307 3069 554 3133 δυνατὸν,
580 3072 732 3140 φησι,
751 3073 876 3133 τοὺς
901 3073 977 3134 εἰς
999 3071 1144 3124 κόνιν
1171 3070 1515 3135 διαλυθέντας
1539 3074 1764 3144 νεκροὺς

203 3161 287 3211 καὶ
320 3163 376 3213 ἐν
421 3161 501 3232 τῷ
538 3161 684 3231 ζόφῳ
733 3161 825 3214 τοῦ
880 3162 1107 3215 θανάτου
1161 3163 1464 3231 διάγοντας,
1501 3165 1592 3217 καὶ
1624 3163 1761 3235 λήθῃ

1869 2063 2145 2118 citabant?
2183 2061 2292 2117 Nos
2318 2061 2507 2118 edocet
2547 2077 2668 2133 quae
2706 2077 2867 2117 causa
2911 2063 2983 2118 sit
3045 2060 3188 2131 quod
3244 2063 3431 2116 mortis

1868 2168 2110 2228 tempore
2165 2154 2525 2218 descenderit,
2590 2163 2798 2208 tantum
2859 2168 2966 2208 non
3026 2151 3098 2206 ita
3161 2151 3425 2221 loquens:

1867 2250 2156 2318 Quoniam,
2203 2247 2399 2318 inquit,
2431 2259 2608 2316 neque
2639 2245 2840 2300 mortui
2887 2254 3115 2314 possunt
3161 2242 3429 2298 mirabilia

1867 2345 2065 2410 facere,
2099 2358 2273 2414 neque
2304 2341 2497 2396 medici
2528 2340 2792 2394 suscitare
2820 2347 2877 2392 ut
2908 2337 3266 2392 conﬁteantur
3287 2333 3383 2388 tibi
3411 2371 3428 2398 ,

1867 2452 2042 2508 neque
2065 2436 2100 2490 ii
2132 2435 2224 2506 qui
2254 2434 2308 2488 in
2341 2431 2579 2503 pernicie
2612 2437 2766 2486 erant
2808 2443 2970 2482 nosse
3006 2436 3261 2496 poterant
3287 2424 3430 2479 veri-

1867 2541 2030 2586 tatem
2073 2539 2243 2592 tuam,
2302 2524 2468 2595 hujus
2517 2523 2592 2578 rei
2627 2522 2818 2592 gratia,
2848 2535 2880 2574 ο
2922 2517 3115 2582 Pater,
3147 2524 3432 2587 repntatns

1866 2638 1986 2678 sum
2033 2635 2157 2675 cum
2207 2619 2274 2674 iis
2300 2618 2392 2687 qui
2427 2625 2556 2670 sunt
2605 2615 2660 2668 in
2711 2611 2965 2675 inferno;
3000 2619 3062 2664 ut
3085 2609 3335 2666 suseitati
3388 2607 3428 2662 ii

1865 2712 1958 2781 qui
1997 2718 2124 2764 sunt
2162 2708 2216 2762 in
2257 2716 2400 2762 terra
2455 2705 2768 2768 oblivionis,
2822 2703 3154 2757 mirabilium
3209 2710 3426 2754 tuorum

1863 2803 2290 2873 experimentum
2344 2798 2631 2868 accipiant,
2681 2806 2736 2850 et
2769 2795 2862 2866 qui
2920 2793 3048 2848 olim
3088 2794 3142 2848 in
3189 2793 3430 2850 tenebris

1864 2903 2019 2952 erant
2040 2903 2292 2950 enarrent
2321 2894 2598 2946 veritatem
2631 2901 2798 2944 tuam.

1937 2988 2024 3040 15.
2058 2986 2312 3055 Nunquid
2334 2984 2599 3038 enarrabit
2631 2983 2823 3052 aliquis
2852 2982 2907 3034 in
2957 2980 3194 3050 sepulcro
3221 2977 3428 3031 miseri-

1865 3079 2099 3133 cordiam
2131 3088 2274 3130 tuam
2295 3078 2319 3130 .9
2341 3074 2480 3129 Num
2517 3084 2712 3144 potest,
2739 3073 2935 3142 inquit,
2968 3074 3102 3138 ﬁeri,
3138 3083 3194 3126 ut
3227 3071 3427 3126 monui

1866 3171 1918 3224 in
1957 3172 2230 3242 pulverem
2269 3169 2468 3223 redacti
2515 3167 2608 3236 qui
2654 3167 2707 3220 in
2750 3166 2939 3220 umbra
2977 3165 3168 3218 mortis
3200 3165 3423 3234 degunt.

199 3251 672 3323 παραδεδομένους,
705 3253 804 3322 τῆς
835 3256 932 3322 σῆς
964 3253 1180 3304 ἔσεσθαι
1213 3253 1634 3325 φιλανθρωπίας,
1671 3257 1763 3308 καὶ

1864 3271 1917 3316 et
1952 3263 2210 3316 oblivioni
2234 3261 2412 3314 traditi
2442 3269 2588 3326 sunt,
2614 3267 2717 3314 tuae
2744 3259 2852 3314 sint
2881 3257 3180 3313 clementia:
3205 3256 3428 3327 partici«

198 3343 296 3395 τῶν
326 3346 432 3397 σῶν
454 3345 746 3414 θαυμάτων
777 3345 972 3407 θεατὰς
996 3345 1334 3414 καταστῆσαι
1362 3361 1377 3408 ;

265 3441 358 3507 Μὴ
411 3441 828 3507 γνωσθήσεται
871 3439 942 3493 ἐν
987 3438 1066 3504 τῷ
1109 3440 1307 3492 σκότει
1351 3438 1422 3492 τὰ
1467 3438 1765 3509 θαυμάσιά

201 3545 343 3593 σου;
371 3532 583 3600 Ὥσπερ
624 3533 680 3582 ἐν
725 3533 834 3591 τοῖς
861 3528 1191 3582 ἀπολωλόσιν
1219 3529 1317 3582 ούκ
1345 3528 1488 3581 ἐστιν
1518 3528 1760 3600 ἀλήθεια,

197 3615 358 3680 οὕτως
404 3621 460 3670 ὲν
509 3621 618 3680 τοῖς
649 3618 1047 3688 ὲσκοτισμένοις
1079 3618 1178 3669 ούκ
1207 3616 1320 3669 ἔστι
1350 3619 1646 3688 θαυμάσια.
1684 3621 1760 3690 Γῆ

199 3708 586 3780 ἐπιλελησμένη
618 3709 733 3760 ἐστὶ
758 3708 902 3780 ψυχὴ
935 3708 1125 3780 λογικὴ
1158 3708 1267 3762 τῶν
1290 3707 1384 3762 τοῦ
1411 3709 1565 3777 ἀγίου
1589 3709 1760 3763 Πνεύ-

200 3816 358 3870 ματος
388 3801 732 3872 ἐστερημένη
759 3801 1004 3874 καρπῶν.

263 3895 382 3947 'Ira
429 3895 508 3958 τί,
551 3896 745 3963 Κύριε,
785 3894 1036 3960 ἁπωθεῖς
1066 3894 1180 3961 τὴν
1210 3895 1421 3966 ψυχήν
1446 3913 1586 3965 μου,
1612 3895 1759 3948 ἁπο-

198 3985 461 4054 στρέφεις
491 3983 559 4037 τὸ
588 3987 908 4052 πρόσωπόν
939 4002 1052 4040 σου
1077 3987 1177 4040 ἀπ’
1199 3987 1374 4055 ἐμοῦ;
1409 3987 1466 4040 '0
1504 3988 1600 4057 μὲν
1622 3987 1759 4060 ὑπὲρ

194 4075 280 4128 τοῦ
311 4074 440 4128 λαοῦ
479 4073 837 4144 προσηύχετο,
859 4075 908 4125 οἱ
934 4074 988 4127 δὲ
1016 4075 1262 4140 ἀναξίους
1291 4078 1512 4140 ἑαυτοὺς
1537 4077 1635 4147 τῆς
1658 4094 1761 4130 σω-

194 4169 378 4236 τηρίας
425 4167 494 4219 δι’
529 4164 830 4236 ὑπερϐολὴν
886 4166 1082 4230 κακίας
1129 4168 1546 4238 ἀποφαίνονται·
1599 4170 1760 4221 οἱονεὶ

199 4272 464 4313 αποακτον
519 4257 684 4312 αὑτοῦ
729 4257 826 4329 τὴν
874 4259 1012 4331 ὑπὲρ
1057 4259 1234 4313 αὐτῶν
1287 4260 1646 4325 καθιστῶντες
1674 4262 1759 4314 εὑ-

195 4353 306 4420 χήν.

257 4443 494 4512 Πτωχός
521 4444 634 4509 εἶμι
657 4443 770 4513 ἐγὼ
789 4445 886 4498 καὶ
911 4445 980 4498 ἐν
999 4445 1207 4510 κόποις
1227 4445 1294 4498 ἐκ
1316 4445 1595 4514 νεότητός
1613 4463 1752 4514 μου.

193 4536 400 4606 Πτωχὸς
429 4538 531 4607 μὲν
555 4535 643 4587 διὰ
673 4536 731 4586 τὸ
761 4537 944 4589 δούλου
974 4536 1155 4589 λαϐεῖν
1193 4540 1403 4609 μορφήν
1421 4555 1434 4569 ⁸
1469 4540 1527 4591 ἐν
1568 4537 1752 4601 κόποις

1863 3367 1976 3422 pes,
2005 3361 2058 3406 et
2098 3361 2311 3406 tuorum
2346 3351 2673 3405 mirabilium
2701 3349 3110 3418 speculatores?

1935 3444 2023 3498 H.
2063 3441 2315 3513 Nunquid
2370 3452 2744 3512 cognoscentur
2795 3442 2849 3492 in
2891 3439 3114 3493 tenebris
3154 3437 3424 3491 mirabilia

1865 3535 1998 3590 tua?
2039 3533 2502 3602 Quemadmodum
2539 3533 2679 3602 apud
2717 3547 2812 3588 eos
2863 3532 2956 3602 qui
2986 3533 3266 3603 perierunt
3317 3550 3423 3588 non

1861 3637 1944 3681 est
1963 3627 2190 3689 veritas;
2219 3626 2289 3678 ita
2317 3627 2455 3692 apud
2481 3640 2573 3678 eos
2605 3624 2700 3692 qui
2755 3624 2808 3676 in
2857 3623 3096 3679 tenebris
3129 3636 3276 3687 sunt,
3314 3640 3424 3679 non

1862 3726 1988 3770 sunt
2013 3717 2300 3770 mirabilia.
2333 3715 2499 3768 Terra
2523 3715 2830 3781 oblivionis,
2858 3725 2942 3769 est
2965 3716 3145 3769 anima
3179 3718 3421 3770 rationa-

1861 3807 1927 3862 lis
1957 3806 2221 3860 fructibus
2256 3804 2492 3876 Spiritus
2521 3806 2693 3861 sancti
2729 3808 2952 3875 privata.

1934 3898 2018 3952 15.
2063 3897 2279 3968 thuid,
2330 3899 2584 3962 Domine,
2635 3897 2839 3966 repellis
2895 3899 3185 3952 orationem
3231 3913 3419 3953 meum.

1861 3994 2051 4046 avertis
2087 3992 2273 4061 [aciem
2305 4001 2448 4042 tuam
2473 4006 2504 4041 a
2536 3989 2659 4042 me?
2688 3989 2783 4043 ille
2825 3989 3044 4058 quidem
3092 4005 3190 4059 pro
3223 3991 3421 4059 pOpulo

1860 4085 2201 4153 precabatur,
2253 4081 2352 4149 ipsi
2403 4094 2532 4132 vero
2575 4078 2644 4133 ob
2679 4079 2948 4148 ingentem
3005 4079 3264 4132 malitiam
3302 4094 3420 4133 sese

1860 4176 2032 4228 salute
2064 4172 2315 4239 indignos
2349 4171 2602 4236 reddunt,
2640 4169 2711 4224 ila
2747 4179 2805 4224 ut
2831 4169 2949 4239 ejus
2982 4170 3283 4224 orationem
3319 4183 3415 4240 pro

1860 4262 1990 4330 ipsis
2018 4260 2253 4314 oblatam
2282 4259 2437 4328 quasi
2473 4259 2716 4313 inutilem
2745 4258 2997 4314 eﬂiciant.

1931 4436 2015 4490 16.
2059 4434 2274 4507 Pauper
2304 4452 2418 4491 sum
2468 4453 2559 4506 ego
2586 4446 2634 4488 et
2673 4437 2726 4489 in
2772 4435 3040 4490 laboribus
3078 4454 3111 4490 a
3143 4448 3418 4507 juventam

1857 4549 1991 4585 mea.
2031 4528 2243 4600 Pauper
2266 4531 2481 4600 quidem
2520 4529 2648 4598 quia
2695 4530 2835 4585 servi
2887 4529 3117 4584 formam
3169 4535 3413 4602 accepit;

191 4627 239 4679 δὲ
270 4630 328 4681 ἐκ
356 4632 629 4697 νεότητος,
674 4627 804 4679 διότι
849 4630 910 4680 ὲκ
958 4627 1284 4696 σπαργάνων
1329 4629 1507 4682 αὐτῶν
1532 4629 1756 4682 ἐπεϐου-

1864 4625 1910 4678 in
1943 4625 2220 4680 laboribus
2259 4635 2438 4678 autem
2491 4639 2520 4677 a
2548 4625 2850 4695 juventute,
2887 4625 3015 4694 quia
3050 4627 3119 4681 ab
3153 4627 3286 4696 ipsis
3327 4628 3415 4682 in-

192 4719 364 4775 λεύετο
411 4721 567 4792 παρά
617 4737 676 4772 τε
735 4719 970 4791 Ἡρώδου
1030 4719 1123 4773 καὶ
1178 4719 1285 4773 τῶν
1336 4723 1534 4791 ὁμοίων
1584 4721 1747 4793 αὐτῷ.

202 4814 465 4882 ’Υψωθείς
503 4813 571 4866 δὲ
599 4811 996 4879 ὲταπεινώθην
1033 4811 1130 4865 καὶ
1165 4811 1753 4882 ἐξηπορήθην.”Υψω-

1854 4719 2159 4784 cnnabulis,
2187 4716 2418 4772 Herodis
2447 4728 2500 4772 et
2532 4719 2790 4772 similium
2823 4718 2924 4789 ipsi
2965 4720 3246 4774 hominum
3275 4720 3413 4776 insi-

1849 4810 1957 4893 {liis
1991 4811 2260 4880 appetitus
2298 4819 2402 4865 est.
2449 4809 2733 4864 Exn/tatus
2765 4821 2939 4864 autem
2967 4811 3276 4866 nuniiliatus
3295 4826 3412 4866 sunt

193 4921 266 4958 σιν
296 4907 391 4977 μὲν
419 4906 524 4977 τὴν
569 4905 661 4958 ἐπὶ
707 4902 800 4958 τοῦ
835 4904 1065 4976 σταυροῦ
1110 4903 1294 4959 ἀνοδόν
1327 4921 1478 4975 φησι,
1521 4906 1657 4958 κατά
1692 4903 1748 4959 τὺ

1864 4911 1899 4954 ει
1959 4901 2320 4955 conturbatus.
2374 4900 2762 4956 Exaltationem
2815 4901 2947 4955 dicit
2993 4917 3279 4957 ascensum
3341 4902 3409 4957 ad

191 4999 464 5070 εἰρημένον
494 4996 797 5051 ὑπἀὐτοῦ·
833 4998 1011 5051 Ὅταν
1035 4995 1320 5065 ὑψώσητε
1347 4995 1456 5049 τὸν
1487 4995 1628 5050 Υιὸν
1641 4996 1748 5051 τοῦ

1864 5008 2062 5048 :rucem
2088 5037 2102 5060 ,
2134 4992 2290 5062 juxta
2334 4994 2384 5048 id
2427 4995 2570 5064 quod
2607 4995 2674 5048 sb
2702 4993 2794 5048 illo
2848 4994 3053 5049 dictum
3107 5004 3190 5049 est
3227 5013 3242 5049 :
3275 4993 3408 5050 Cum

189 5090 510 5160 ἀνθρώπου.
555 5089 629 5142 “re
675 5089 750 5152 δὲ,
802 5087 1220 5156 ἐταπεινώθην,
1271 5086 1359 5140 διὰ
1404 5087 1503 5159 τὴν
1557 5087 1748 5158 μέχρις

1864 5086 2202 5140 rxaltaueritis
2237 5083 2432 5140 Filium
2466 5085 2692 5139 hominis
2725 5084 2788 5138 ".
2820 5082 2953 5140 Illud
2984 5094 3188 5151 autem,
3229 5087 3406 5142 humi-

192 5178 305 5232 ἰδου
335 5180 564 5234 κάθοδον
595 5177 764 5246 λέγει.

260 5269 505 5339 Ἑπ⁸ἐμὲ
547 5267 800 5336 διῆλθον
845 5273 904 5322 at
948 5267 1116 5338 ὀργαί
1144 5285 1282 5322 σου.
1319 5268 1527 5332 Πᾶσαν,
1565 5266 1746 5338 φησιν,

194 5360 430 5433 ἐκίνησας
479 5363 599 5414 κατ’
630 5359 764 5431 ἐμοῦ
793 5362 890 5431 τὴν
916 5362 1082 5432 ὀργήν
1102 5376 1116 5391 ⁶
1163 5361 1257 5414 καὶ
1294 5362 1412 5422 ταῖς
1439 5360 1748 5431 φοϐερωτά-

1844 5180 2006 5234 liatus
2035 5195 2174 5245 sum,
2204 5178 2272 5234 de
2296 5193 2396 5234 suo
2428 5178 2482 5231 in
2515 5179 2788 5233 infernum
2816 5179 3080 5234 descensu
3112 5180 3207 5233 ait.

1917 5270 2006 5336 Π,
2049 5270 2134 5324 18.
2165 5268 2233 5322 In
2272 5285 2352 5323 me
2395 5271 2715 5324 transierunt
2746 5273 2842 5325 ire
2869 5282 2993 5335 tute,
3029 5281 3134 5326 etc.
3177 5269 3404 5326 Omnem

1844 5363 2003 5427 iram,
2032 5363 2227 5431 inquit,
2256 5362 2543 5418 adversum
2589 5377 2674 5417 me
2702 5363 2948 5417 excitasti
2975 5380 2990 5429 ;
3033 5373 3086 5418 et
3124 5363 3406 5418 terribilis-

190 5462 293 5511 ταις
323 5469 386 5520 με
418 5449 744 5522 διετάραξας
770 5453 1078 5522 τιμωρίαις,
1106 5452 1198 5505 καὶ
1235 5451 1458 5516 ταύταις
1496 5452 1745 5524 καθάπερ

1864 5455 1998 5508 simis
2044 5469 2131 5507 me
2179 5453 2456 5522 suppliciis
2508 5450 2867 5518 conturbasti,
2914 5455 3090 5524 iisque
3119 5470 3216 5509 ceu
3243 5456 3402 5525 aquis

190 5536 358 5595 ὕδασιν
386 5543 713 5615 ὑποδρύχιόν
745 5562 811 5616 με
845 5545 1170 5614 πεποίηκας.

262 5633 617 5706 Ἐμάκρυνας
641 5636 742 5690 ἀπ’
774 5637 920 5708 ἐμοῦ
956 5639 1138 5708 φίλον
1180 5637 1275 5693 καὶ
1323 5641 1589 5709 πλησίον
1637 5638 1733 5694 καὶ

246 5852 290 5888 ⁸³
310 5852 460 5912 Joan.
487 5873 605 5923 vni,
630 5855 721 5912 9.8.

1847 5560 1931 5598 me
1962 5545 2284 5600 demersisti.

1914 5637 1997 5693 t9.
2030 5636 2307 5709 Elongasli
2330 5655 2362 5692 a
2393 5655 2471 5693 me
2499 5640 2725 5694 amicum
2750 5649 2800 5694 et
2836 5640 3155 5710 proximum,
3176 5649 3225 5696 ct
3247 5645 3402 5697 notos
