4108 6494
682 460 790 518 385
1524 458 1581 511 S.
1622 457 1987 512 ATHANASII
2028 460 2178 516 OPP.
2219 457 2396 515 PARS
2435 455 2524 510 Ill.
2557 485 2628 494 --
2658 450 3063 506 EXEGETICA.
3807 444 3910 498 384

683 591 821 629 meos
870 591 902 629 a
935 576 1166 629 miseria.
1217 574 1485 628 Miseriam
1525 586 1681 627 vocat
1715 576 1982 643 passionis
2009 586 2241 644 tempus.

2350 572 2481 637 τοὺς
2520 570 2824 641 τνωστούς
2863 585 2980 635 μου
3022 565 3138 619 ἀπὸ
3183 560 3594 629 ταλαιπωρίας.
3625 559 3915 644 Ταλαιταυ-

681 669 772 721 Ait
796 667 960 736 igitur
1018 675 1260 736 tempore
1290 666 1556 734 passionis
1592 668 1798 722 amicos
1840 679 1892 722 et
1934 679 2090 724 notos
2121 671 2244 723 reli-

2350 659 2466 729 ρίαν
2491 657 2581 708 τὸν
2602 654 2696 708 τοῦ
2720 653 2922 715 πάθους
2951 651 3140 722 καιρὸν
3169 650 3584 720 κατασημαίνει.
3612 647 3776 714 Λέγει
3797 643 3912 707 οῦν,

682 759 869 827 quisse
910 760 1108 828 ipsum.
1166 757 1243 811 Ac
1301 757 1559 826 quoniam
1615 758 1789 826 factus
1821 767 1897 811 est
1936 758 2086 812 Patri
2126 758 2244 812 obe-

2350 750 2419 813 ὡς
2451 747 2602 819 παρὰ
2643 747 2705 799 τὸ
2737 746 2908 807 πάθος
2943 744 3103 799 αὑτὸν
3131 742 3224 796 καὶ
3251 744 3296 794 οἱ
3331 741 3472 810 φίλοι
3501 741 3594 793 καὶ
3627 743 3674 793 οἱ
3710 738 3915 809 γνώρι-

682 851 831 904 diem
863 865 1024 920 usque
1053 850 1121 902 ad
1150 859 1391 914 mortem,
1428 858 1647 902 mortem
1668 859 1841 911 autem
1864 851 2034 903 crucis
2071 850 2116 881 "
2140 890 2154 914 ,
2189 852 2242 904 in

2350 858 2434 911 μοι
2484 839 2852 908 ἐγκατέλιπον.
2872 836 3087 890 Ἐπειδὴ
3131 835 3187 888 δέ
3232 834 3474 904 γέγονεν
3519 832 3795 896 ὑπήκοος
3839 830 3917 895 τῷ

683 957 846 997 cruce
881 951 1060 996 autem
1095 942 1317 997 relictus
1345 953 1428 997 est
1454 958 1482 994 a
1515 943 1831 1010 discipulis,
1886 943 2006 996 ideo
2031 941 2241 996 Patrem

683 1050 845 1089 suum
873 1034 1160 1105 elongasse
1189 1035 1396 1090 amicos
1428 1043 1482 1089 et
1512 1043 1671 1090 notos
1692 1035 1841 1089 dicit.

682 1287 732 1343 I.
774 1285 1108 1344 PSALMUS
1153 1289 1444 1342 intellectas
1480 1287 1702 1341 Ait/iam
1751 1284 2014 1338 Israelita:
2062 1283 2242 1356 [Vulg.

795 1389 919 1428 cum
949 1373 1137 1436 Hebr.,
1159 1373 1380 1426 Ait/tam
1410 1369 1723 1442 Ezraliitw].
1755 1368 1957 1423 LXXX
1976 1367 2139 1422 VIII.

1273 1456 1312 1508 Α
1324 1473 1413 1526 rgu
1422 1473 1529 1508 men
1540 1465 1590 1507 tn
1601 1472 1668 1508 m.

679 1545 732 1600 ln
773 1549 1127 1618 praesentibus
1154 1547 1357 1603 Christi
1387 1563 1452 1601 ex
1498 1547 1702 1602 semine
1735 1545 1898 1600 David
1949 1545 2248 1616 generatim

747 1656 907 1701 nem,
956 1650 1011 1695 et
1061 1643 1180 1711 ejus
1217 1656 1466 1710 regnum,
1505 1638 1855 1703 vaticinatur,
1910 1638 2243 1705 insuperque

748 1735 1042 1787 salutarem
1075 1734 1383 1802 passionem
1418 1746 1579 1801 quam
1617 1745 1713 1799 pro
1763 1730 1922 1783 nobis
1964 1729 2243 1784 sustinuit.

752 1822 1059 1878 Intellectus
1107 1833 1286 1877 autem
1319 1822 1613 1891 inscriptus
1649 1830 1766 1883 est,
1808 1821 1936 1890 quia
1980 1819 2244 1890 spirituali

751 1926 930 1970 mente
957 1931 1094 1986 opus
1124 1917 1460 1972 estmaxime
1488 1917 1552 1969 ad
1593 1913 1996 1984 intelligendam
2043 1923 2244 1983 mystc-
2274 1929 2316 1987 Β

750 2009 956 2063 riorum
1010 2008 1129 2077 ejus
1162 2009 1604 2078 profunditatem.
1664 2005 1736 2059 De
1787 2004 1981 2058 Eman
2032 2015 2233 2071 autem,

748 2101 891 2170 quod
933 2110 985 2154 et
1029 2102 1144 2170 ipse
1177 2102 1438 2170 propheta
1485 2099 1670 2162 fuerit,
1720 2098 1774 2152 in
1804 2098 2240 2166 prwcedentibus

750 2192 861 2262 jam
893 2204 1203 2248 enarratum
1239 2202 1342 2250 est.

751 2283 804 2337 2.
841 2283 1231 2339 Misericordias
1262 2294 1400 2344 tuas,
1445 2281 1685 2344 Domine,
1729 2281 1784 2333 in
1819 2289 2073 2334 internum
2123 2296 2244 2333 can-

685 2377 823 2430 tabo.
856 2377 920 2431 Et
943 2395 1079 2448 quas
1109 2377 1507 2433 misericordias
1534 2376 1786 2430 Domini?
1816 2391 2082 2444 quasnam
2116 2391 2239 2445 erga

682 2483 784 2522 nos
812 2467 1005 2533 eﬂ'ecit,
1027 2486 1164 2539 quas
1193 2479 1412 2523 cantare
1441 2468 1778 2523 debeamus?
1809 2468 2066 2519 nimirum
2097 2467 2244 2535 quod

682 2559 1018 2629 principatus
1060 2572 1114 2617 et
1159 2570 1454 2630 potestates
1513 2561 1580 2614 de
1612 2558 1786 2612 medio
1839 2558 2141 2619 sustulerit.
2193 2566 2248 2612 et

683 2651 858 2721 ipsum
888 2651 1086 2706 diaboli
1121 2653 1406 2720 imperium
1444 2670 1456 2704 ε
1489 2667 1696 2720 nosque
1729 2650 2037 2704 liberaverit
2067 2665 2095 2704 a
2121 2665 2247 2720 pec-

685 2754 807 2797 cato
829 2754 883 2796 et
913 2754 1099 2799 morte.
1125 2743 1188 2797 In
1217 2747 1599 2815 generationem
1643 2753 1693 2797 et
1722 2746 2106 2814 generationem
2146 2760 2245 2796 an-

685 2836 936 2888 nuntiabo
975 2837 1239 2888 veritatem
1271 2845 1410 2889 tuam
1449 2837 1501 2888 in
1530 2851 1617 2888 ore
1647 2851 1778 2887 meo.
1812 2823 2024 2888 Veritas
2076 2833 2248 2887 Patris

684 2933 770 2980 est
807 2925 992 2983 Filius.
1026 2943 1184 2997 quem
1215 2928 1389 2982 sancti
1422 2928 1474 2980 in
1504 2925 1905 2995 generationem
1943 2934 1996 2979 et
2023 2940 2249 2993 genera-

685 3016 887 3070 tionem
921 3019 972 3071 in
1009 3034 1103 3072 ore
1133 3028 1344 3086 gestant
1373 3035 1386 3072 τ
1418 3031 1596 3070 sermo
1625 3015 1767 3069 enim
1817 3015 1971 3086 quasi
2017 3015 2086 3070 ab
2118 3030 2248 3086 apo-

685 3105 876 3161 stolico
900 3106 1066 3160 choro
1089 3107 1349 3176 provedit.

756 3199 810 3251 '5.
856 3197 1116 3263 Quoniam
1156 3201 1394 3254 dixisti:
1444 3199 1510 3254 In
1573 3209 1826 3254 wternum
1884 3195 2249 3251 misericordia

2344 933 2524 1000 Πατρὶ
2557 931 2731 1002 μέχρι
2763 928 3045 992 θανάτου,
3078 925 3335 983 θανάτου
3367 924 3434 978 δὲ
3465 923 3755 991 σταυροῦ,
3784 925 3842 974 ἐν
3863 922 3919 974 δὲ

2344 1025 2422 1095 τῷ
2452 1024 2668 1095 σταυρῷ
2693 1022 3110 1078 καταλέλειπται
3142 1018 3291 1087 παρὰ
3318 1017 3424 1070 τῶν
3465 1015 3724 1091 μαθητῶν
3744 1031 3758 1044 ·
3797 1012 3919 1065 τού-

2343 1133 2435 1169 του
2485 1118 2643 1188 χάριν
2689 1116 2779 1169 τὸν
2826 1115 3044 1184 Πατέρα
3078 1110 3241 1165 αὑτοῦ
3278 1108 3548 1182 μακρῦναι
3572 1109 3699 1169 τοὺς
3733 1106 3917 1174 φίλους

2344 1211 2438 1262 καὶ
2463 1212 2586 1271 τοὺς
2607 1207 2911 1278 γνωρίμους
2939 1206 3104 1274 λέγει.

2425 1304 2522 1354 ΨΑ
2540 1302 2740 1354 ΛΜοΣ
2785 1296 3090 1363 συνέσεως
3142 1292 3322 1362 Λῑθὰμ
3363 1292 3441 1358 τῷ
3496 1291 3852 1358 Ἰσραηλίτῃ.

3065 1383 3201 1433 HII'.

2973 1464 3295 1528 Ὑπόθεσις.

2358 1563 2444 1615 Ἐν
2485 1564 2597 1624 τοῖς
2638 1559 2868 1632 παροῦσι
2908 1558 3004 1628 τὴν
3032 1558 3095 1610 ἐκ
3125 1556 3434 1626 σπέρματος
3464 1551 3626 1605 Δαυῒδ
3661 1550 3917 1620 γέννησιν

2412 1654 2505 1707 τοῦ
2537 1652 2796 1724 Χριστοῦ,
2837 1651 2931 1704 καὶ
2972 1651 3072 1720 τὴν
3125 1646 3398 1718 βασιλείαν
3441 1643 3602 1699 αὐτοῦ
3645 1641 3919 1706 θεσπίζει,

2415 1745 2508 1798 καὶ
2558 1744 2662 1815 μὴν
2706 1745 2800 1796 καὶ¹
2856 1743 2916 1796 τὸ
2961 1740 3131 1803 πάθος
3178 1739 3236 1791 τὸ
3271 1739 3531 1807 σωτήριον
3566 1735 3592 1788 ὃ
3627 1734 3922 1804 ὑπέμεινεν

2416 1837 2556 1907 ὑπὲρ
2609 1835 2782 1906 ἡμῶν,
2816 1832 3126 1900 Συνέσεως
3157 1831 3214 1884 δέ
3265 1828 3685 1899 ἐπιγέγραπται,
3738 1827 3921 1894 ἐπειδὴ

2414 1927 2780 1999 πνευματικοῦ
2813 1928 3045 1998 μάλιστα
3077 1924 3232 1994 χρεία
3266 1921 3357 1975 νοῦ
3390 1921 3527 1993 πρὸς
3555 1920 3617 1972 τὸ
3648 1923 3846 1990 νοῆσαι
3864 1919 3924 1970 τὸ

2414 2022 2572 2092 βάθος
2597 2020 2704 2074 τῶν
2730 2020 2896 2073 αὐτοῦ
2921 2018 3251 2089 μυστηρίων.
3270 2017 3348 2069 Τὰ
3372 2016 3425 2068 δὲ
3450 2014 3576 2084 περὶ
3601 2013 3696 2065 τοῦ
3721 2011 3922 2081 sine»,

2413 2114 2487 2176 ὼς
2516 2114 2609 2166 καὶ
2635 2108 2788 2174 οὗτος
2822 2113 3104 2182 προφήτης
3129 2106 3217 2180 ἦν,
3247 2111 3302 2161 ἐν
3336 2111 3446 2171 τοῖς
3476 2103 3811 2178 προλαϐοῦσι
3834 2118 3909 2156 σαι

2415 2206 2528 2275 φῶς
2551 2205 2914 2276 διηγόρευται.

2421 2297 2494 2351 Τὰ
2519 2296 2659 2364 eam
2694 2313 2829 2359 σου,
2853 2297 3046 2362 Κύριε,
3069 2298 3153 2360 εἰς
3188 2293 3293 2346 τὸν
3321 2291 3506 2344 αίῶνα
3532 2291 3776 2358 ᾄσομαι.
3815 2285 3923 2342 Καὶ

2346 2394 2473 2444 ποῖα
2521 2389 2592 2441 τὰ
2636 2388 2758 2458 ἐλέη
2797 2387 2891 2440 τοῦ
2923 2386 3148 2456 Κυρίου,
3175 2383 3210 2438 ἃ
3251 2384 3547 2451 πεποίηκεν
3580 2384 3658 2443 εἰς
3689 2383 3862 2451 ἡμᾶς,
3890 2380 3925 2434 ἃ

2345 2483 2439 2536 καὶ
2468 2482 2611 2552 ᾄδειν
2640 2480 2959 2549 ὀφείλομεν;
3001 2477 3032 2548 ἢ
3078 2475 3138 2529 τὸ
3176 2476 3419 2530 καθελεῖν
3474 2472 3570 2544 μὲν
3604 2472 3706 2535 τὰς
3751 2472 3925 2542 ἀρχὰς

2349 2575 2440 2628 καὶ
2474 2574 2569 2636 τὰς
2609 2572 2874 2638 ἐξουσίας,
2917 2571 3009 2624 καὶ
3038 2569 3167 2623 αὐτὸ
3198 2567 3292 2620 τοῦ
3323 2566 3564 2620 διαϐόλου
3597 2565 3660 2617 τὸ
3686 2565 3920 2634 κράτος·

2347 2662 2702 2734 ἐλευθερῶσαι
2733 2662 2788 2713 δὲ
2811 2662 2956 2730 ἡμᾶς
2990 2658 3259 2728 ἁμαρτίας
3286 2657 3380 2710 καὶ
3407 2656 3658 2708 θανάτου.
3705 2657 3814 2720 Εὶς
3835 2670 3927 2721 τε·

2347 2756 2492 2810 νεὰν
2518 2755 2615 2807 καὶ
2648 2752 2861 2821 γενεὰν
2892 2747 3208 2817 ἀπαγγελῶ
3240 2748 3355 2813 τὴν
3383 2744 3671 2810 ἀλήθειάν
3709 2763 3828 2798 σου
3860 2746 3928 2798 ὲν

2349 2846 2427 2911 τῷ
2454 2844 2703 2913 στόματί
2727 2861 2862 2912 μου.
2883 2841 3127 2910 Ἀλήθεια
3160 2839 3256 2909 μὲν
3278 2837 3370 2890 τοῦ
3398 2836 3609 2907 [ἰατρὸς
3633 2836 3662 2888 ὁ
3695 2835 3847 2898 Υἱὸς.
3867 2834 3925 2887 ὃν

2351 2938 2443 2990 καὶ
2475 2938 2554 2998 εἰς
2583 2933 2774 3002 γενεὰν
2803 2934 2895 2986 καὶ
2930 2932 3121 3000 γενεὰν
3159 2930 3250 2982 ἐπὶ
3279 2929 3541 2998 στόματος
3569 2929 3618 2980 οἱ
3655 2928 3804 2995 ᾶγιοι
3835 2926 3923 2995 φέο

2353 3041 2565 3096 ρουσιν·
2615 3022 2730 3075 ἐστι
2776 3022 2884 3090 γὰρ
2927 3024 2956 3074 ὁ
3000 3020 3156 3088 λόγος
3199 3019 3273 3081 ὼς
3301 3018 3409 3070 ἀπὸ
3438 3016 3531 3070 τοῦ
3565 3013 3928 3070 ἀποστολικοῦ

2449 3130 2530 3164 Ου.

2449 3130 2530 3164 ου.

2350 3130 2541 3255 χοῐίΟτι
2559 3198 2727 3268 εἶπας
2748 3217 2760 3230 ’
2798 3201 2900 3265 Εἰς
2921 3197 3025 3251 τὸν
3047 3195 3229 3250 αἰῶνα
3250 3197 3421 3260 ἕλεος
3455 3193 3923 3263 οικοδομηθήσε-

688 3292 1055 3359 ωάὶβσαὺὶιιιν.
1119 3292 1222 3355 Τυ,
1255 3293 1447 3361 inquit,
1497 3307 1530 3346 ο
1586 3292 1833 3355 Domine,
1887 3291 2144 3361 dignatus
2190 3305 2248 3345 es

2354 3313 2465 3351 ται.
2482 3297 2574 3357 Σὺ,
2588 3288 2632 3347 ὧ
2645 3293 2905 3354 Δέσποτα,
2924 3292 3103 3360 φησὶν,
3123 3286 3543 3356 ἐπαγγείλασθαι
3555 3287 3920 3356 κατηξίωσας.

685 3382 946 3452 polliceri,
994 3383 1046 3436 in
1106 3393 1366 3439 teternum
1426 3384 1854 3438 misericordiam
1914 3397 2162 3452 magnam
2197 3391 2249 3436 et

687 3473 984 3526 mirabilem
1038 3474 1254 3532 assidue
1309 3475 1680 3528 aalilieandam
1741 3475 1794 3527 in
1843 3474 2034 3537 ctelis,
2083 3474 2134 3526 id
2169 3482 2251 3527 est

687 3567 1118 3635 prmparandam,
1152 3567 1263 3620 sive
1287 3567 1649 3619 excitandam.
1675 3564 1810 3618 Nam
1846 3566 1990 3635 quod
2022 3565 2249 3618 aediﬁca-

688 3664 776 3710 tur
813 3658 1213 3726 quodammodo
1257 3659 1521 3712 excitatur
1551 3666 1603 3711 et
1631 3656 1878 3727 erigitur.
1934 3656 2026 3711 Est
2068 3665 2248 3709 autem

689 3747 820 3802 illud
861 3749 1008 3804 salus
1036 3758 1089 3804 et
1118 3750 1286 3818 gratia
1324 3766 1417 3819 per
1445 3750 1721 3804 Christum
1753 3749 1895 3803 data.
1941 3747 2249 3803 Misericor-

689 3839 775 3891 dia
804 3838 1019 3908 quidem
1059 3839 1148 3893 Dei
1188 3840 1434 3894 homines
1485 3840 1746 3905 zedilicat,
1810 3841 2008 3895 veritas
2063 3849 2246 3894 autem

689 3939 955 3998 prmparat
982 3941 1196 3985 sanctas
1223 3931 1467 3984 virtutes.
1496 3930 1894 3996 Pra'parabitur
1919 3932 2110 3984 veritas
2134 3942 2246 3986 tua.

689 4019 1151 4086 Quemadmodum
1186 4023 1331 4077 salus
1367 4022 1566 4076 Christi
1605 4022 1975 4076 misericordia
2001 4032 2054 4076 et
2079 4024 2247 4091 gratia

687 4119 931 4177 vocatur,
959 4113 1031 4165 ita
1062 4128 1277 4182 quoque
1307 4123 1530 4168 vocatur
1554 4114 1774 4176 veritas,
1807 4128 1927 4182 quae
1969 4130 2142 4183 usque
2182 4115 2249 4168 ad

689 4202 875 4268 ctelos,
902 4203 997 4269 ait,
1024 4205 1255 4259 excitata
1276 4215 1357 4258 est
1379 4220 1473 4274 per
1490 4205 1808 4275 sanguinem
1835 4246 1849 4271 ,
1882 4205 1996 4260 sive
2026 4207 2077 4258 in
2110 4218 2247 4262 terra

690 4298 804 4352 sive
831 4299 884 4351 in
913 4299 1071 4352 coelo.
1471 4371 1473 4374 ρ

757 4389 810 4444 4.
843 4391 1090 4459 Disposui
1119 4400 1482 4446 testamentum
1510 4391 1684 4445 electis
1725 4393 1850 4445 nteis
1871 4433 1885 4455 ,
1918 4391 2245 4458 Abrahamo,

690 4481 885 4552 inquit,
915 4492 968 4538 et
990 4482 1232 4539 Iacobo:
1267 4485 1332 4539 iis
1359 4485 1504 4538 enim
1539 4484 1935 4553 promissiones
1977 4484 2042 4539 de
2089 4484 2248 4539 Chri-

689 4583 775 4627 sto
793 4571 958 4638 dedit,
993 4573 1146 4642 juxta
1174 4575 1223 4628 id
1255 4577 1400 4643 quod
1432 4573 1636 4628 dictum
1669 4585 1755 4630 est
1787 4592 1800 4628 :
1843 4573 1909 4627 Et
1946 4575 2249 4629 benedicen-

691 4673 778 4716 tur
808 4665 861 4718 in
884 4668 1075 4719 semine
1105 4675 1190 4718 tuo
1220 4683 1394 4720 omnes
1425 4666 1590 4721 tribus
1626 4675 1778 4722 terra:
1809 4668 1876 4721 ⁸⁸.
1919 4667 2105 4721 Juravi
2138 4667 2247 4720 Da~

689 4755 775 4808 vid
805 4772 948 4810 servo
995 4774 1124 4810 meo.
1156 4756 1220 4810 Et
1251 4758 1468 4812 ubinam
1490 4759 1715 4829 juravit,
1755 4760 1857 4812 nisi
1896 4775 2018 4814 cum
2048 4760 2251 4813 diceret

690 4847 765 4901 illi
801 4866 813 4901 :
846 4845 912 4899 Et
951 4852 1047 4902 erit
1081 4861 1359 4920 postquam
1398 4851 1596 4917 impleti
1646 4851 1842 4920 fuerint
1893 4853 2005 4904 dies
2061 4851 2158 4914 tni,
2200 4858 2248 4902 et

690 4941 966 4996 dormieris
992 4960 1108 4996 cum
1142 4945 1378 5014 patribus
1405 4946 1507 4997 tuis
1530 4984 1546 5009 ,
1574 4952 1816 5014 exsurget
1842 4944 1905 4996 de
1941 4945 2135 4998 semine
2160 4953 2248 4997 tuo

690 5033 845 5099 alius,
869 5036 959 5106 qui
985 5038 1083 5088 erit
1116 5052 1179 5089 ea:
1216 5048 1387 5090 ventre
1418 5046 1505 5088 tuo
1532 5053 1549 5088 .’
1573 5035 1640 5088 Ει
1670 5035 1979 5104 prwparabo
2006 5037 2059 5088 in
2097 5044 2248 5089 ωιτν-

689 5143 811 5180 nam
847 5144 1059 5196 regnum
1112 5129 1244 5194 eius.
1302 5129 1421 5198 Ipse
1471 5130 1752 5197 azdi/icabit
1786 5129 1997 5181 domum
2047 5127 2246 5180 nomini

691 5232 822 5269 meo.
857 5214 924 5270 Et
956 5218 1152 5284 erigam
1182 5235 1394 5287 regnum
1423 5219 1532 5287 ejus
1552 5221 1615 5286 in
1657 5218 1928 5272 swculam.
1990 5216 2100 5288 Ego
2156 5233 2244 5271 ero

689 5306 767 5358 illi
797 5309 848 5359 in
872 5317 1094 5374 patrem,
1119 5320 1166 5362 et
1203 5311 1310 5378 ipse
1338 5311 1436 5361 erit
1473 5310 1601 5363 mihi
1632 5310 1683 5360 in
1719 5310 1886 5376 ﬁlium
1916 5309 2001 5362 "?

2353 3392 2433 3444 ὅτι
2479 3392 2560 3452 είς
2600 3389 2691 3440 τὸν
2741 3385 2911 3439 αἰῶνα
2945 3380 3207 3454 διηνεκῶς
3241 3380 3386 3443 ἕλεος
3424 3378 3565 3448 μέγα
3591 3379 3686 3432 καὶ
3717 3377 3928 3450 θαυμα.

2356 3482 2476 3534 στὸν
2523 3476 3039 3548 οἰκοδομηθήσεταιυ
3087 3473 3115 3524 ὃ
3160 3473 3276 3524 ἐστι
3330 3469 3928 3541 κατασκευασθήσεται,

2353 3574 2517 3643 ῆγουν
2549 3569 2920 3640 ἐγερθήσεται.
2941 3566 3014 3618 Τὸ
3042 3564 3151 3635 γὰρ
3178 3561 3624 3644 οίκρδομούμενον
3655 3560 3929 3631 ἐγείρεταί

2355 3681 2470 3726 πως
2501 3662 2596 3715 καὶ
2618 3659 3082 3714 ἀνίσταται.Ἔττι
3107 3656 3163 3709 δὲ
3192 3654 3347 3707 τοῦτο
3377 3655 3409 3723 ἡ
3437 3652 3524 3704 διὰ
3558 3652 3796 3723 Χριστοῦ
3828 3669 3931 3705 σω-

2350 3755 2511 3827 τηρία
2535 3755 2627 3807 καὶ
2653 3753 2829 3823 χάρις.
2861 3751 2932 3804 Τὸ
2959 3750 3054 3821 μὲν
3095 3748 3242 3810 ἕλεος
3273 3746 3364 3800 τοῦ
3398 3745 3532 3798 Θεοῦ
3564 3747 3689 3808 τοὺς
3719 3746 3929 3814 ἀνθρώο

2352 3863 2485 3908 πους
2514 3843 2860 3913 οἰκοδομεῖ,ή
2916 3840 2971 3892 δὲ
3019 3839 3244 3911 ἀλήθεια
3293 3836 3570 3907 ἐτοιμάξει
3621 3837 3720 3901 τὰς
3771 3838 3929 3905 ἁγίας

2350 3933 3170 4006 δυνάμεις.Ἐτοιμασθήσεται
3212 3930 3249 3997 ἡ
3298 3929 3548 3999 ἀλήθειά
3572 3931 3929 4000 σου.Ὠσπερ

2352 4029 2491 4099 ἠδιὰ
2525 4026 2758 4099 Χριστοῦ
2795 4027 3037 4098 σωτηρία
3068 4026 3214 4089 ἕλεος
3257 4025 3350 4078 καὶ
3385 4026 3564 4096 χάρις.
3597 4025 3741 4077 οὕτω
3772 4025 3867 4077 καὶ
3895 4024 3927 4093 ἡ

2351 4119 2573 4190 ἀλήθεια
2611 4119 2768 4172 πάλιν
2807 4119 3071 4178 καλεῖται,
3101 4117 3134 4187 ἡ
3167 4118 3260 4168 καὶ
3289 4116 3478 4188 μέχρις
3513 4120 3761 4186 οὐρανων
3793 4129 3893 4185 εγη

2352 4228 2566 4282 γερται,
2603 4211 2759 4281 φησὶ,
2786 4209 2876 4263 διὰ
2901 4207 2992 4262 τοῦ
3027 4209 3275 4278 αἵματος,
3307 4209 3414 4260 εἴτε
3459 4208 3553 4260 ἐπὶ
3600 4207 3703 4278 γῆς
3734 4207 3846 4260 εἴτε
3874 4207 3928 4257 ἐν

2351 4301 2585 4373 οὐρανῷ.

2420 4393 2700 4462 Διεθέμην
2745 4391 3037 4460 διαθήκην
3079 4390 3203 4456 τοῖς
3258 4388 3564 4453 ἐκλεκτοῖς
3601 4405 3723 4457 μου
3755 4404 3770 4418 ·
3808 4387 3926 4440 Ἀδ-

2353 4487 2519 4559 ραὰμ,
2545 4487 2694 4556 φησὶ,
2714 4487 2808 4538 καὶ
2837 4484 3026 4538 Ἰακώὸ
3050 4502 3062 4514 ·
3092 4484 3299 4538 τούτοις
3329 4482 3435 4552 γὰρ
3453 4482 3516 4552 δὴ
3530 4481 3626 4545 τὰς
3639 4482 3769 4551 περὶ
3791 4482 3922 4551 Χρι-

2356 4576 2479 4629 στοῦ
2535 4573 2860 4641 ἐπαγγελίας
2918 4573 3115 4625 δέδωκε
3169 4573 3306 4624 κατὰ
3355 4572 3415 4622 τὸ
3457 4571 3774 4642 εἰρημένον
3811 4571 3917 4623 Καὶ

2351 4665 2930 4734 ἑνευλογηθήσονται
2960 4665 3030 4716 ἐν
3066 4663 3143 4729 τῷ
3174 4662 3466 4732 σπέρματί
3492 4677 3606 4716 σου
3646 4661 3841 4717 πᾶσαι
3870 4665 3926 4715 al

2351 4758 2535 4828 φυλαὶ
2567 4755 2676 4823 τῆς
2721 4742 3091 4826 γῆς.⁹Ωμοο-α
3120 4754 3298 4808 Δαυῒδ
3326 4753 3404 4817 τῷ
3431 4753 3628 4819 δούλῳ
3655 4771 3797 4821 μου.
3824 4754 3929 4805 Καὶ

2353 4849 2457 4903 ποῦ
2493 4849 2703 4918 ὤμοσεν
2744 4847 2776 4917 ἢ
2821 4850 2877 4900 ἐν
2907 4847 2983 4917 τῷ
3009 4850 3179 4900 εἰπεῖν
3214 4846 3347 4916 πρὸς
3375 4845 3533 4898 αὐτόν
3555 4863 3567 4874 ·
3609 4845 3718 4897 Καὶ
3758 4845 3928 4897 ἔσται

2351 4939 2496 4992 ὅταν
2529 4936 2924 5005 πληρωθῶσιν
2950 4942 3007 4991 ai
3037 4938 3244 5006 ἡμέραι
3276 4954 3411 4996 σου,
3454 4935 3547 4987 καὶ
3589 4935 3925 5002 κοιμηθήσῃ

2346 5030 2494 5101 μετὰ
2544 5030 2661 5083 τῶν
2712 5029 2982 5098 πατέρων
3031 5046 3180 5084 σου·
3240 5028 3644 5092 ἀναστήσεται
3699 5026 3770 5078 ἐκ
3825 5025 3926 5078 τοῦ

2352 5123 2690 5193 σπέρματός
2728 5138 2845 5177 σου
2891 5121 3097 5187 ἄλλος,
3144 5120 3211 5186 ὃς
3249 5121 3417 5173 ἔσται
3450 5119 3515 5171 ἐκ
3551 5115 3661 5185 τῆς
3695 5117 3927 5182 κοιλίας

2351 5235 2486 5270 σου.
2517 5219 2623 5271 Kal
2655 5215 2944 5285 ἑτοιμάσω
2978 5219 3066 5282 εὶς
3107 5214 3214 5268 τὸν
3253 5212 3437 5266 αἰῶνα
3463 5211 3575 5279 τὴν
3600 5212 3928 5275 ,ϐασιλείαν

2350 5310 2550 5364 αὑτοῦ.
2589 5311 2778 5376 Αὐτὸς
2816 5309 3192 5379 οἰκοδομήσει
3217 5304 3384 5361 οἷκον
3407 5304 3486 5370 τῷ
3514 5305 3762 5373 ὀνόματί
3789 5321 3924 5372 μου.

687 5401 794 5453 Καὶ
822 5399 1138 5468 ἀνορθώσω
1171 5402 1284 5470 τὴν
1307 5403 1631 5468 ,βασιλείαν
1660 5403 1842 5456 αὐτοῦ
1869 5404 1954 5466 εὶς
1997 5403 2102 5455 τὸν
2125 5399 2324 5455 αἰῶνα.
2345 5404 2490 5472 Ἐγὼ
2524 5405 2734 5472 ἔσομαι
2776 5402 2933 5467 αὐτῷ
2983 5407 3070 5468 εις
3117 5401 3362 5469 πατέρα,
3401 5398 3496 5452 καὶ
3537 5398 3721 5463 αὐτὸς
3755 5398 3823 5450 ἕο
3837 5413 3923 5448 ται

682 5507 783 5562 μοι
804 5494 890 5556 είς
912 5493 1057 5546 υἱόν.

760 5587 812 5641 5.
849 5585 1246 5655 Conﬁtebuntur
1291 5590 1404 5642 σαιίί
1450 5590 1717 5644 mirabilia
1772 5598 1883 5644 tua.
1936 5588 2050 5643 Hoc
2075 5590 2150 5643 ait
2174 5590 2242 5643 ob

689 5677 967 5734 Christum
995 5690 1203 5747 natum,
1239 5692 1292 5738 et
1319 5682 1461 5752 quod
1491 5683 1666 5752 angeli
1699 5683 2010 5753 pastoribus
2034 5698 2244 5736 annun-

2434 5585 3006 5655 Ἐξομολογηὶσονται
3029 5601 3081 5638 οι
3109 5590 3348 5653 ουρανοι
3372 5601 3443 5636 τα
3468 5580 3771 5652 θαυμάσια
3788 5597 3921 5634 σου.

2351 5679 2520 5734 Τοῦτό
2545 5696 2676 5751 φησι
2705 5679 2790 5733 διὰ
2819 5679 2904 5733 τοῦ
2931 5677 3280 5750 γεννηθέντος
3299 5675 3558 5748 Χριστοῦ,
3587 5676 3681 5729 καὶ
3705 5673 3923 5744 ποιμέσι

765 5885 806 5918 ³⁸
832 5883 1065 5958 Philipp.
1096 5902 1157 5955 ll,
1190 5886 1241 5943 8.
1315 5888 1360 5920 "
1387 5886 1522 5944 Gen.
1555 5901 1690 5953 χχιι,
1721 5886 1808 5943 l8.
1876 5887 1922 5920 “
1955 5885 1974 5941 ι
2003 5885 2182 5942 Paral.
2218 5900 2349 5953 xvn,
2387 5881 2562 5938 ll-li.
