4108 6496
169 442 264 495 585

1175 442 1536 499 EXPOSI'I‘IO
1565 443 1633 498 IN
1675 445 2003 501 PSALMUII
2047 445 2382 502 LXXXVIII.

3292 444 3398 504 386

167 563 282 624 τοὺς
331 560 608 628 ἀγγέλους
659 561 1100 632 εὐαγγελίζεσθαι
1125 563 1407 633 λέγοντας·
1451 564 1579 618 Ὀτι
1613 565 1735 618 ἐτέ-

1840 568 2086 622 tiaverint
2108 567 2350 622 dicentes
2381 583 2394 618 :
2438 566 2576 631 Quia
2600 575 2754 620 natus
2778 575 2855 620 est
2881 565 3027 620 nobis
3057 564 3209 618 hodie
3239 563 3396 619 Chri-

167 656 271 720 χθη
298 651 444 721 ἡμῖν
460 651 732 722 σήμερον
744 655 995 722 Χριστὸς
1010 656 1221 725 Κύριος
1239 657 1309 710 ἐν
1335 656 1506 710 πόλει
1534 655 1731 710 Δαυτδ.

169 745 268 796 Καὶ
293 745 490 817 ἐτέρας
521 745 578 798 δὲ
604 747 929 818 ἐπουρανίου
955 748 1242 820 στρατείας
1275 748 1479 818 πλῆθος
1511 748 1736 819 ὀφθῆναι

167 835 422 902 λεγόντων
443 853 456 868 ·
490 839 648 902 Δόξα
675 839 745 891 ὲν
771 840 1051 906 ὑψίστοις
1085 837 1225 904 Θεῷ,
1255 841 1352 894 καί
1379 840 1476 893 ἐπὶ
1514 838 1623 909 γῆς
1655 843 1737 893 εί-

159 926 332 995 mira.

234 1021 357 1073 Ὀτι
383 1021 477 1087 τίς
505 1021 577 1074 ἐν
604 1021 884 1091 νεφέλαις
923 1022 1276 1090 ίσωθήσεται
1311 1022 1389 1088 τῷ
1423 1023 1646 1090 Κυρίῳς
1675 1023 1738 1076 Εἰ

166 1112 252 1164 καὶ
278 1112 506 1180 γέγονεν
541 1114 844 1187 ἄνθρωπος,
879 1116 1064 1186 φησὶν,
1088 1117 1116 1168 6
1139 1114 1464 1186 Μονογενὴς,
1491 1116 1583 1169 καὶ
1613 1116 1739 1169 καθ-

165 1205 286 1274 ῆκεν
313 1205 514 1259 ἑαυτὸν
558 1209 637 1270 είς
673 1207 920 1262 ἑκούσιον
943 1209 1193 1273 κένωσιν,
1223 1209 1316 1260 καὶ⁵
1347 1207 1502 1262 ἔλαϐε
1524 1209 1621 1280 τὴν
1643 1208 1736 1262 τοῦ

163 1296 343 1350 δούλου
379 1302 631 1369 μορφήν·
672 1299 808 1353 ἀλλὰ
859 1302 952 1354 καὶ
1003 1301 1172 1365 οὕτως
1222 1302 1367 1354 ἐστὶν
1413 1301 1738 1373 ἀσύγκριτος

167 1387 298 1460 ὑπὲρ
321 1390 536 1454 πάντας
563 1392 654 1444 καὶ
681 1393 960 1463 οὐρανίους
996 1394 1279 1464 δυνάμειςο
1303 1397 1360 1446 αἱ
1397 1396 1492 1466 μὲν
1518 1395 1626 1468 γάρ
1659 1399 1738 1449 ol-

167 1478 372 1531 κετικδν
415 1478 601 1549 ἔχουσι
630 1480 814 1552 τάγμα
833 1500 846 1512 ·
886 1484 914 1535 6
937 1483 996 1536 δὲ
1023 1485 1298 1556 Δεσπότης
1331 1485 1439 1539 τῶν
1467 1485 1600 1538 ὅλων
1622 1487 1738 1539 ἐστὶ

169 1572 254 1623 καὶ
281 1569 494 1641 κύριος.
529 1573 688 1628 Ἀλλά
722 1575 828 1646 μὴν
853 1576 972 1630 οὐδὲ
1003 1578 1073 1631 ἐν
1094 1577 1244 1644 υἱοῖς
1280 1579 1425 1633 Θεοῦ
1452 1580 1634 1650 ὅμοιός
1657 1580 1738 1644 τίς

167 1661 304 1713 ἐστιν
352 1661 532 1732 αὐτῷ.
566 1664 676 1717 Καὶ
719 1665 875 1719 τοῦτο
906 1667 1058 1721 αὐτοὶ
1102 1669 1435 1742 μαρτυροῦσι
1469 1671 1736 1740 λέγοντες,

167 1752 241 1804 ὅτι
279 1753 380 1808 Ἐκ
409 1756 519 1809 τοῦ
542 1755 931 1828 πληρώματος
948 1762 1132 1815 αὐτοῦ
1158 1761 1380 1829 πάντες
1403 1764 1576 1833 ἡμεῖς
1602 1765 1739 1819 ἐλά-

168 1845 356 1914 ϐομεν.
379 1849 594 1902 Οὐκοῦν
618 1853 645 1904 6
675 1851 772 1921 μὲν
794 1852 1008 1908 δίδωσιν
1032 1853 1106 1918 ὡς
1131 1854 1281 1922 Θεὸς,
1302 1858 1351 1909 οἱ
1371 1857 1427 1910 δὲ
1451 1857 1736 1912 πλουτοῦσι

166 1938 227 1991 τὰ
251 1943 381 2011 παρ’
414 1941 604 1996 αὑτοῦ.

242 2030 292 2083 '0
321 2033 470 2098 Θεὸς
502 2034 962 2104 ἐνδοξαζόμενος
997 2038 1068 2090 ὲν
1088 2037 1291 2108 βουλῇ
1319 2040 1520 2109 ἁγίων,
1550 2040 1736 2110 μέγας

168 2117 259 2171 καὶ
317 2123 593 2190 φοϐερός.
625 2125 832 2197 Ὠσπερ
880 2128 929 2179 οἱ
985 2127 1228 2182 ἀσύνετοι
1305 2131 1738 2197 σκανδαλίζονται

167 2207 398 2277 ὁρῶντες
434 2212 599 2264 αὑτὸν
630 2216 685 2266 ὲν
719 2218 783 2286 τῇ
841 2216 936 2270 τοῦ
979 2217 1162 2273 δούλου
1213 2225 1416 2293 μορφῇ,
1452 2224 1737 2291 ἀκούοντες

165 2298 218 2351 δὲ
239 2301 492 2369 λέγοντος
530 2305 695 2359 αὑτοῦ
720 2323 733 2336 ·
777 2309 925 2379 Ἐγώ
954 2313 1070 2379 εἰμι
1103 2313 1140 2380 ἠ
1175 2312 1453 2380 ἀλήθειαο
1479 2317 1593 2381 καὶ,
1617 2317 1739 2386 Πρὸ

165 2395 264 2448 τοῦ
299 2397 550 2468 Ἀϐραὰμ
602 2403 877 2469 γενέσθαι
926 2403 1040 2471 ἐγώ
1088 2407 1203 2473 ειμι
1227 2422 1243 2439 ο
1279 2405 1452 2471 οὕτως
1492 2411 1541 2462 oi
1593 2411 1736 2478 ἆγιοι

166 2487 468 2557 τοῦμπαλιν
501 2490 811 2557 δοξάζουσιν
844 2494 1023 2560 αὑτὸν,
1053 2497 1146 2550 καὶ
1195 2498 1368 2568 μέγαν
1389 2501 1484 2554 καὶ
1511 2501 1739 2574 φοσερὸν

168 2581 403 2636 καλοῦσι.
427 2584 538 2636 Καὶ
569 2584 726 2637 τοῦτο
751 2586 959 2640 ἐκεῖθεν
984 2587 1160 2659 δῆλον,
1194 2593 1257 2644 ἐκ
1287 2591 1379 2644 τοῦ
1402 2592 1495 2660 τὸν
1518 2595 1614 2663 μὲν
1637 2597 1737 2648 Πέ-

166 2687 286 2741 τρον
331 2672 527 2746 ὥσπερ
574 2675 640 2730 ὲκ
693 2677 955 2748 στόματος
1005 2681 1261 2735 ἁπάντων
1315 2682 1474 2754 βοᾷνο
1516 2685 1599 2738 Σὺ
1627 2683 1738 2741 eid

169 2766 416 2834 Χριστὸς
527 2770 659 2837 Υἱὸς
706 2771 812 2826 τοῦ
861 2773 1008 2827 Θεοῦ
1060 2773 1166 2827 τοῦ
1209 2771 1451 2843 ζῶντοςο
1493 2777 1652 2831 πάλιν
1681 2779 1738 2832 δὲ

167 2859 287 2920 τοὺς
332 2861 581 2922 πάντας·
628 2863 878 2930 Ἀληθῶς
927 2865 1074 2918 Θεοῦ
1117 2865 1249 2931 Υἱὸς
1279 2864 1365 2921 εἷο
1395 2870 1484 2922 ὅτε
1535 2873 1600 2940 τῇ
1652 2869 1739 2924 Θα-

169 2945 334 3021 λάσσῃ
368 2951 469 3004 καὶ
502 2953 614 3014 τοῖς
644 2951 863 3022 ἀνέμοις
892 2953 1244 3026 ἐπετίμησεν.

236 3042 500 3108 Δυνατὸς
526 3039 599 3106 εἴ,
634 3044 827 3111 Κύριε,
867 3046 962 3099 καὶ
995 3046 1033 3113 ἡ
1066 3047 1316 3114 ἀλήθειὰ
1373 3065 1488 3103 σου
1536 3053 1738 3116 κύκλῳ

169 3145 305 3186 σου·
355 3134 444 3188 σὺ
474 3135 778 3202 δεσπόζεις
810 3138 913 3191 τοῦ
955 3139 1208 3207 κράτους
1250 3140 1356 3210 τῆς
1398 3143 1734 3212 θαλάσσης.

1837 667 1949 710 stus
1974 656 2228 710 Dominus
2264 658 2316 710 in
2346 657 2554 709 civitate
2605 653 2775 708 David
2802 655 2867 710 ”.
2908 652 2973 708 Et
3005 653 3150 722 quod
3175 651 3400 706 alterius

1836 749 2072 803 cmlestis
2093 749 2364 803 exercitus
2391 747 2680 801 multitudo
2708 746 2823 800 visa
2852 743 3019 798 fuerit
3052 743 3351 799 dicentium
3382 761 3395 797 :

1838 838 2020 895 Gloria
2042 843 2095 894 in
2124 842 2340 895 excelsis
2372 841 2496 905 Deo,
2520 850 2567 894 et
2605 841 2659 893 in
2683 850 2823 892 terra
2845 853 2951 905 pas:
2983 838 3048 892 ³⁸.

1909 1036 1958 1090 7.
1985 1035 2244 1101 Quoniam
2272 1038 2389 1106 quis
2437 1037 2491 1090 in
2520 1037 2743 1091 nubibus
2797 1039 3091 1108 aquabitur
3138 1038 3398 1092 Domino?

1837 1125 2086 1191 Etiamsi,
2119 1127 2313 1197 inquit,
2353 1124 2677 1199 Unigenitus
2703 1127 2881 1186 factus
2915 1130 2984 1184 sit
3015 1130 3198 1196 homo,
3231 1139 3284 1184 et
3307 1130 3396 1183 de-

1837 1220 1986 1273 misit
2017 1235 2076 1273 se
2104 1221 2170 1274 ad
2203 1220 2571 1274 voluntariam
2603 1222 3032 1286 evacuationem,
3058 1232 3216 1292 atque
3246 1236 3395 1275 acce-

1838 1313 1913 1382 pit
1943 1313 2082 1367 servi
2109 1312 2361 1380 formam,
2395 1314 2542 1383 atqui
2576 1313 2737 1367 etiam
2770 1313 2848 1369 sic
2893 1323 2977 1369 est
3010 1313 3398 1382 incomparabi-

1837 1405 1924 1472 lis,
1957 1413 2010 1460 et
2039 1420 2227 1461 omnes
2254 1407 2415 1461 etiam
2441 1406 2688 1462 caelestes
2715 1407 2939 1461 virtutes
2969 1406 3260 1460 antecellit.
3291 1403 3397 1459 Illa:

1837 1512 2071 1567 namque
2101 1499 2461 1553 domesticum
2492 1506 2546 1552 et
2574 1498 2983 1553 ministerialem
3019 1498 3217 1552 habent
3254 1499 3398 1552 ordi-

1838 1605 1995 1654 nem;
2031 1589 2290 1644 Dominus
2317 1599 2495 1644 autem
2525 1591 2901 1645 universorum
2947 1600 3029 1644 est
3067 1589 3396 1645 dominator.

1840 1680 1950 1735 lmo
1981 1695 2107 1733 vero
2131 1697 2305 1750 neque
2333 1682 2383 1734 in
2415 1682 2540 1750 ﬁliis
2569 1681 2664 1735 Dei
2699 1683 2970 1752 quispiam
3003 1682 3198 1736 similis
3215 1682 3262 1736 ei
3293 1692 3396 1736 est.

1838 1775 1904 1829 Et
1935 1776 2036 1829 hoc
2080 1776 2178 1844 ipsi
2214 1776 2582 1830 testiﬁcantur
2613 1777 2893 1830 dicentes:
2948 1774 3032 1828 Ea:
3077 1776 3400 1844 plenitudine

1837 1866 1949 1934 ejus
1985 1882 2075 1918 nos
2113 1882 2287 1919 omnes
2347 1867 2637 1933 accepimus
2685 1868 2748 1919 ".
2805 1865 2871 1920 Et
2918 1868 3006 1920 ille
3036 1868 3254 1936 quidem
3309 1868 3398 1923 dat

1841 1967 2021 2026 utpote
2055 1957 2219 2022 Deus,
2255 1957 2308 2010 Ιιί
2340 1972 2466 2011 vero
2495 1958 2613 2026 ejus
2644 1958 2802 2011 donis
2829 1958 3025 2012 divites
3065 1967 3209 2012 sunt.

1909 2048 1961 2102 8.
2011 2047 2150 2101 Deus
2183 2049 2272 2118 qui
2321 2050 2653 2118 gloriﬁcatur
2689 2050 2744 2101 in
2805 2048 3023 2102 consilio
3075 2057 3397 2112 sanctorum,

1839 2159 2057 2213 magnus
2101 2153 2149 2197 et
2208 2143 2482 2197 terribilis.
2515 2141 2982 2208 Quemadmodum
3032 2142 3400 2211 imprudentes

1838 2238 2273 2294 scandalizantur
2291 2235 2531 2289 videntes
2555 2249 2676 2287 eum
2702 2235 2753 2287 in
2783 2235 2923 2288 servi
2959 2233 3152 2299 forma,
3183 2236 3400 2288 audien-

1839 2341 2026 2400 tesque
2082 2339 2261 2382 tamen
2314 2342 2437 2380 eum
2470 2326 2772 2380 dicentem:
2818 2323 2928 2396 Ego
2961 2341 3075 2378 sum
3098 2326 3287 2378 veritas
3316 2325 3395 2389 ³⁶;

1836 2431 1888 2476 et
1920 2439 1935 2477 :
1987 2421 2280 2488 Antequam
2329 2417 2594 2471 Abraham
2638 2417 2783 2485 ﬁeret
2819 2433 2912 2487 ego
2950 2433 3065 2470 sum
3106 2418 3181 2482 ³¹;
3211 2427 3400 2470 contra

1837 2513 2011 2568 sancti
2041 2511 2342 2581 gloriﬁcant
2393 2524 2541 2575 eum,
2576 2523 2944 2578 magnumque
2993 2523 3055 2561 ac
3102 2509 3398 2562 terribilem

1836 2612 2050 2656 vocant.
2078 2599 2230 2667 Quod
2266 2601 2392 2655 hinc
2422 2601 2599 2669 palam
2628 2607 2731 2665 est,
2773 2601 2918 2667 quod
2961 2599 3156 2653 Petrus
3196 2615 3293 2653 ceu
3331 2617 3398 2655 ex

1836 2695 2079 2749 omnium
2099 2709 2191 2749 ore
2212 2694 2435 2748 clamet:
2464 2691 2540 2744 Tu
2563 2709 2615 2746 es
2631 2690 2872 2747 Cltris'us
2905 2690 3075 2745 Filius
3093 2690 3187 2744 Dei
3209 2691 3312 2745 vivi
3330 2691 3396 2757 “;

1837 2798 2134 2852 omnesque
2171 2797 2390 2837 rursum
2427 2797 2439 2831 :
2478 2778 2601 2833 Vere
2645 2778 2821 2833 Filius
2867 2780 2964 2834 Dei
2997 2795 3049 2833 es
3081 2779 3147 2846 ³⁸,
3183 2780 3401 2849 quando

1836 2891 1986 2930 mare
2010 2885 2065 2931 et
2093 2885 2279 2931 ventos
2309 2873 2625 2944 increpavit.

1904 3071 2071 3138 9,10.
2111 3074 2305 3126 Potens
2346 3087 2418 3135 es,
2465 3069 2708 3135 Domine,
2737 3079 2784 3122 et
2818 3069 3005 3122 veritas
3030 3078 3122 3122 tua
3181 3068 3237 3120 in
3289 3067 3394 3120 eir-

1837 3167 1981 3220 cuitu
2005 3175 2112 3218 tuo.
2149 3164 2226 3217 Tu
2260 3164 2549 3216 dominaris
2579 3164 2830 3231 potestati
2859 3163 3042 3214 maris.
3085 3159 3400 3215 Declaratur

171 3226 448 3280 Δείκνυσιν
475 3230 503 3281 6
527 3227 698 3296 λόγος,
734 3231 808 3296 ὡς
840 3232 998 3296 αὐτὸς
1026 3234 1054 3286 6
1086 3235 1144 3286 ἐν
1179 3237 1242 3305 τῇ
1267 3235 1360 3288 τοῦ
1389 3235 1574 3289 δούλου
1608 3255 1735 3309 μορ-

1836 3274 1958 3314 eum
1991 3258 2082 3328 qui
2129 3257 2183 3310 in
2211 3256 2385 3310 forma
2432 3255 2573 3310 servi
2604 3254 2717 3317 est‘,
2768 3254 3014 3307 eumdem
3050 3252 3228 3323 ipsum
3276 3267 3399 3308 esse

171 3322 238 3389 φῇ
266 3321 418 3373 ἐστιν
444 3323 472 3373 6
505 3322 598 3374 ml
627 3323 723 3394 τὴν
753 3325 925 3397 ὑγρὰν
963 3327 1020 3393 ἐξ
1066 3327 1238 3398 ἀρχῆς
1271 3329 1605 3399 παραγαγὼν
1641 3332 1731 3384 οὐ⁹

171 3411 319 3463 σίαν·
352 3414 453 3466 καὶ
485 3414 646 3479 αὐτὸς
689 3417 833 3470 ἐστιν
879 3419 908 3470 6
955 3418 1212 3482 τεθεικὼς
1256 3420 1437 3491 ἄμμον
1478 3422 1622 3492 ὄριον
1664 3425 1728 3492 τῇ

172 3499 428 3576 Θαλάσσῃ.
459 3504 550 3557 καὶ
572 3505 806 3576 εἰρηκὼς
835 3509 970 3578 αὐτῇ
995 3525 1008 3539 ·
1037 3510 1224 3577 Μέχρι
1247 3511 1459 3565 τούτου
1485 3512 1729 3581 ἐλεύσῃ,

171 3595 260 3648 καὶ
282 3601 398 3664 οὐχ
423 3597 970 3667 ὑπερϐήσῃ.Ἐδειξε
990 3601 1046 3654 δὲ
1065 3603 1221 3656 τοῦτο
1249 3604 1490 3677 ὑπάρχον
1513 3606 1729 3679 ἀληθὲς,

171 3690 498 3759 ἐπιτιμήσας
543 3689 638 3744 καὶ
685 3694 750 3762 τῇ
801 3691 1042 3766 Θαλάσσῃ
1074 3697 1169 3749 καὶ
1213 3701 1325 3761 τοῖς
1370 3699 1606 3770 ἀνέμοις,
1642 3702 1730 3754 ὅτε

173 3781 298 3849 μετά
361 3781 474 3834 τῶν
532 3783 786 3855 μαθητῶν
840 3786 1118 3841 συνέπλεε.
1153 3790 1263 3842 Τὸν
1299 3789 1367 3842 δὲ
1394 3790 1589 3845 σάλον
1616 3791 1732 3845 τῶν

170 3873 446 3942 κυμάτων
479 3874 666 3943 αὐτῆς
691 3876 771 3929 σὺ
805 3879 1253 3945 καταπραϋνεις.
1299 3879 1382 3933 Σὺ
1417 3880 1742 3948 ὲταπείνωτ

169 3980 278 4031 σας
311 3965 394 4032 ὡς
427 3967 788 4034 τραυματίαν
835 3967 940 4020 τὸν
984 3967 1391 4039 ὑπερήφανον.
1433 3971 1602 4036 Αὐτὸς
1623 3973 1730 4046 γάρ

170 4056 308 4110 ἐστιν
341 4058 371 4110 6
408 4055 579 4126 δήσας
606 4059 697 4111 τὸν
729 4058 944 4131 ἰσχυρὸν
974 4059 1067 4112 καὶ
1104 4059 1197 4113 τὸν
1240 4062 1604 4132 ὑπερήφανον,
1638 4067 1732 4119 καὶ

170 4145 435 4214 δεδωκὼς
450 4150 560 4213 τοῖς
583 4149 747 4203 αἰντοῦ
778 4150 987 4204 πατεῖν
1008 4151 1208 4206 ἐπάνω
1230 4153 1421 4223 ὄφεων
1447 4155 1546 4210 καί
1564 4173 1733 4226 σκορ-

171 4238 316 4292 πίων
340 4239 439 4292 καὶ
463 4239 561 4292 ἐπὶ
590 4237 795 4294 πᾶσαν
830 4239 943 4307 τὴν
978 4239 1234 4311 δύναμιν
1265 4242 1371 4297 τοῦ
1399 4244 1636 4314 ἐχθροῦ.

234 4330 337 4382 Σοί
357 4332 516 4383 εἰσιν
551 4332 605 4383 ol
635 4331 896 4398 οὐρανοί,
918 4329 1013 4384 καί
1041 4331 1125 4400 σή
1151 4332 1321 4387 ἐστιν
1353 4335 1392 4402 ἠ
1424 4333 1732 4409 γῆ.“Ὠσπερ

170 4421 260 4492 τῆς
283 4421 558 4494 θαλάσσης
584 4424 857 4494 Δεσπότης
884 4425 1049 4491 ἐστὶν,
1081 4423 1222 4479 οὕτω
1245 4427 1336 4481 καὶ
1361 4428 1468 4482 τῶν
1491 4429 1731 4502 οὐρανῶν

1832 3349 1923 3417 qui
1951 3348 2229 3401 humidam
2257 3346 2615 3401 substantiam
2639 3344 2932 3414 produxit;
2956 3354 3117 3413 atque
3141 3343 3393 3397 eumdem

1834 3439 2009 3507 ipsum
2040 3452 2159 3492 esse
2186 3437 2277 3507 qui
2311 3436 2491 3505 posuit
2540 3451 2759 3488 arenam
2785 3437 2838 3489 in
2871 3437 3160 3489 terminum
3194 3434 3359 3487 maris

1830 3539 1885 3586 et
1914 3530 2051 3584 dixit
2099 3529 2149 3583 ei
2183 3547 2196 3584 :
2238 3527 2520 3597 Hucusque
2574 3527 2764 3591 venies,
2815 3542 2905 3579 nec
2935 3523 3280 3595 pertransibis
3325 3522 3390 3578 “.

1832 3623 1945 3680 Hoc
1970 3633 2149 3679 autem
2182 3639 2366 3678 verum
2394 3638 2516 3678 esse
2554 3618 3006 3676 commonstravit
3042 3617 3261 3689 quando
3308 3616 3392 3672 inv

1831 3719 2070 3789 crepavit
2125 3733 2276 3772 mare
2302 3726 2356 3772 et
2383 3725 2591 3780 ventos,
2644 3730 2768 3769 cum
2825 3713 3100 3783 navigaret
3129 3727 3235 3766 una
3265 3727 3390 3766 cum

1829 3809 2131 3879 discipulis.
2165 3807 2370 3861 Motum
2398 3812 2573 3858 autem
2608 3805 2865 3873 ﬂuctuum
2900 3804 3012 3873 ejus
3061 3814 3116 3856 tu
3156 3804 3389 3873 mitigas.

1835 3901 1912 3956 Tu
1936 3899 2229 3954 Itumiliasti
2253 3899 2388 3952 sicut
2421 3896 2750 3950 vulneratum
2773 3894 3070 3965 superbum.
3092 3892 3211 3964 Ipse
3237 3907 3391 3946 nam-

1831 4009 1935 4063 que
1968 4001 2051 4048 est
2091 3993 2185 4062 qui
2227 3990 2413 4060 ligavit
2445 3987 2637 4044 fortem
2669 3999 2722 4044 et
2747 3987 3041 4058 superbum
3079 3986 3146 4049 ³⁸,
3196 3985 3393 4048 etsuis

1831 4084 1973 4138 dedit
1996 4091 2304 4150 potestatem
2335 4080 2579 4134 calcandi
2607 4095 2763 4148 super
2783 4088 3045 4148 serpentes
3086 4087 3134 4131 et
3160 4079 3391 4145 scorpio-

1831 4193 1940 4238 nes,
1969 4186 2015 4230 et
2048 4191 2202 4245 super
2224 4189 2422 4228 onmem
2451 4175 2690 4227 uirtutem
2720 4172 2921 4226 inimici
2951 4170 3017 4223 “.

1901 4265 1990 4326 12,
2022 4263 2109 4318 15.
2139 4262 2235 4316 Tui
2267 4273 2386 4316 sunt
2428 4262 2565 4325 cali,
2593 4272 2642 4314 et
2665 4270 2758 4314 tua
2783 4269 2860 4314 est
2895 4267 3056 4313 terra.
3095 4253 3248 4311 Sicut
3275 4271 3388 4309 ma-

1831 4359 1908 4410 ris
1926 4366 2010 4411 est
2040 4354 2324 4419 Dominus,
2353 4358 2424 4407 ita
2454 4363 2508 4406 et
2547 4353 2810 4407 cmlorum
2844 4361 2896 4405 et
2933 4351 3199 4404 universa:
3231 4357 3388 4402 terra:

1831 4449 2098 4503 conditor.
2133 4447 2321 4503 Orbem
2353 4455 2504 4498 terra!
2537 4453 2588 4497 et
2623 4443 3004 4513 plenitudinem
3037 4441 3149 4511 ejus
3182 4451 3238 4494 tu
3267 4440 3391 4512 {un-

171 4517 392 4588 τιοιητὴς
439 4517 534 4570 καὶ
574 4519 676 4587 γῆς
716 4519 952 4589 ἁπάσης.
987 4521 1106 4588 Τὴν
1142 4522 1502 4592 οίκουμένην
1533 4525 1629 4577 καὶ
1664 4525 1728 4579 τὸ

1835 4539 1988 4592 dasti.
2022 4537 2330 4607 Aquilonem
2364 4545 2411 4590 et
2438 4551 2579 4589 mare
2607 4543 2662 4587 tu
2694 4534 2905 4588 creasti.
2937 4532 3144 4586 Tltabor
3176 4544 3225 4587 et
3253 4532 3391 4586 Her-

171 4584 452 4678 πλήρωμα
476 4584 673 4678 αὐτῆς
691 4609 771 4663 σὺ
793 4584 1204 4680 ἐθεμελίωσας.
1241 4584 1351 4668 τὸὲρ
1375 4584 1606 4683 βιὲρῤᾶν
1631 4618 1726 4670 και

1835 4584 1988 4592 __-.-.
2022 4584 2329 4607 --τ----πη
2365 4584 2408 4590 --
3093 4584 3127 4586 η
3180 4584 3220 4587 -_
3253 4584 3346 4586 --η

1835 4647 1973 4684 mon.
2008 4628 2165 4685 llisce
2207 4629 2382 4683 verbis
2418 4639 2655 4699 quatuor
2694 4637 2847 4681 terra:
2890 4636 3068 4696 partes
3099 4625 3391 4694 signiﬁcat,

171 4699 278 4767 τὴν
307 4699 629 4756 θάλασσαν
678 4703 759 4758 σὺ
803 4705 1067 4771 ἔκτισας.
1111 4706 1310 4774 Θαόὼρ
1354 4706 1454 4760 και
1488 4708 1728 4786 Ἑρμῶν.

1835 4735 1928 4790 per
1955 4721 2282 4790 aquilonem,
2307 4719 2758 4789 septentrionales
2786 4719 3035 4788 regiones
3060 4732 3074 4782 ;
3103 4731 3199 4785 per
3217 4730 3389 4780 mare,

171 4791 244 4844 Τὰ
274 4793 515 4864 τέσσαρα
548 4793 687 4864 μέρη
718 4795 814 4866 τῆς
847 4797 1167 4867 οἰκουμένης
1190 4796 1276 4850 διὰ
1297 4796 1501 4851 τούτων
1534 4800 1732 4869 σημαί-

1835 4813 2212 4869 occidentales.
2264 4812 2408 4866 Mare
2451 4827 2685 4882 namque
2720 4810 2999 4880 Scriptura
3039 4817 3194 4864 vocat
3241 4811 3389 4865 occi-

169 4902 271 4938 νει·
303 4886 394 4940 διὰ
427 4887 525 4955 μὲν
561 4886 652 4939 τοῦ
685 4886 856 4958 βορρᾶ
883 4888 952 4942 τά
987 4888 1208 4960 άρκτῷα
1250 4890 1411 4962 μέρη,
1442 4891 1530 4945 διὰ
1552 4891 1608 4944 δὲ
1631 4892 1730 4963 τῆς

1835 4909 2086 4962 dentem:
2143 4921 2240 4976 per
2295 4915 2532 4961 montem
2593 4903 2862 4968 llermon,
2914 4904 3239 4970 meridiem;
3293 4917 3391 4973 per

170 4977 436 5048 θαλάσσης
460 4976 530 5030 τὰ
574 4978 670 5049 τῆς
708 4980 961 5051 ἑσπέρας.
993 4981 1275 5036 Θάλασσαν
1305 4981 1413 5053 γὰρ
1459 4983 1493 5051 ἠ
1539 4981 1726 5054 Γραφὴ

1835 4998 2066 5065 Tliabor,
2093 4998 2388 5054 orientem.

167 5070 256 5140 τὴν
282 5069 523 5140 ἑσπέραν
548 5069 702 5123 καλεί
725 5087 740 5102 ο
766 5071 854 5124 διὰ
875 5071 934 5124 δὲ
965 5072 1060 5126 τοῦ
1100 5072 1313 5145 Ἑρμὼν
1340 5073 1496 5145 ὅρους
1521 5074 1613 5127 τὸν
1638 5074 1728 5128 νό-

166 5177 250 5214 τον
267 5179 280 5192 ·
311 5161 405 5215 διὰ
427 5163 484 5232 δὲ
504 5161 598 5215 τοῦ
631 5161 825 5236 Θαὸὼρ
853 5164 1010 5237 ὅρους
1037 5165 1196 5222 πάλιν
1227 5165 1322 5237 τὴν
1350 5166 1630 5238 ἀνατολήν.

235 5255 344 5320 Σὸς
373 5257 408 5309 ὀ
433 5253 703 5324 βραχίων
742 5258 892 5325 μετὰ
936 5256 1391 5325 δυναστείας.⁹0
1425 5258 1534 5323 σὸς,
1559 5253 1604 5312 ὧ
1634 5260 1730 5314 Δέ-

1903 5259 1985 5315 14.
2016 5257 2183 5312 Tuum
2210 5258 2480 5311 brachium
2506 5273 2623 5312 cum
2647 5257 2899 5325 potentia,
2932 5265 3034 5309 etc.
3071 5251 3270 5319 Tuum,
3304 5252 3386 5304 in-

170 5361 352 5407 σποτα,
386 5344 644 5418 βραχίων,
673 5347 856 5417 φησὶν,
884 5348 1208 5420 ὲπιδειχθείη
1249 5351 1362 5413 τοῖς
1406 5351 1537 5404 πᾶσι
1593 5350 1730 5420 μετὰ

1835 5352 1966 5421 quit,
2003 5349 2228 5404 Domine
2282 5348 2566 5405 brachium
2611 5348 2864 5402 omnibus
2908 5345 3224 5401 ostendatur
3260 5358 3385 5397 cum

167 5434 489 5499 δυναστείας.
520 5435 584 5490 Εἰ
611 5437 717 5509 γὰρ
738 5438 830 5491 καὶ
849 5437 1070 5506 γέγονεν
1094 5439 1378 5509 ἄνθρωπος
1403 5441 1496 5494 καὶ
1519 5441 1724 5511 πέφηνε

1835 5441 2088 5513 potentia.
2130 5438 2354 5495 Etiamsi
2393 5442 2538 5497 enim
2579 5439 2745 5496 homo
2776 5437 2954 5494 factus
2985 5439 3076 5503 sit,
3117 5446 3169 5491 et
3190 5436 3386 5492 similis

167 5527 279 5581 καθ’
313 5528 487 5600 ἡμᾶς,
527 5527 644 5582 ἀλλ’
664 5528 909 5602 ἐμφανὴς
934 5531 1165 5603 κατέστη
1188 5534 1220 5602 ἡ
1250 5532 1350 5604 τῆς
1377 5532 1725 5604 μεγαλειότη-

1835 5534 1991 5590 nobis
2039 5533 2387 5604 apparuerit;
2435 5541 2492 5588 at
2531 5533 2814 5604 perspicua
2860 5529 2963 5586 fuit
2996 5529 3383 5599 magnitudinis

240 5766 281 5796 ”
329 5764 464 5821 Luc.
499 5782 562 5831 ιι,
595 5765 681 5818 il.
746 5766 790 5798 "
823 5767 953 5822 ibid.
981 5767 1066 5820 Η.
1151 5768 1195 5800 ¹⁹
1224 5766 1383 5823 Joan.
1413 5784 1453 5834 ι,
1489 5768 1574 5823 l6.
1658 5768 1704 5799 ⁸⁸
1725 5765 1883 5823 Joan.
1930 5786 2040 5833 xiv,
2070 5770 2125 5825 6.
2234 5770 2275 5801 "
2309 5770 2468 5826 Joan.
2498 5786 2612 5836 vui,
2656 5769 2743 5828 58.
2825 5773 2866 5805 "
2897 5769 3087 5824 Maztn.
3130 5784 3241 5832 svr,
3296 5769 3381 5828 l6.

172 5833 210 5871 ³³
237 5837 422 5891 Matth.
458 5854 569 5902 xiv,
595 5837 682 5891 '53.
773 5837 817 5868 “
842 5835 944 5894 Job
975 5853 1202 5905 xxxviii,
1236 5839 1322 5893 ll.
1379 5833 1643 5894 "Matth.
1687 5853 1782 5903 sn,
1807 5840 1897 5895 29.
1967 5840 2010 5872 ³⁸
2038 5839 2168 5895 Luc.
2205 5857 2261 5904 ι,
2290 5843 2376 5896 19.
