4108 6490
714 419 817 474 387

1548 419 1605 474 S.
1646 418 2015 475 ATHANASH
2056 419 2209 476 OPP.
2246 420 2426 478 PARS
2458 422 2547 479 Ill.
2582 453 2653 465 --
2684 421 3096 478 EXEGETICA.

3840 422 3942 478 388

715 548 834 602 eius
863 532 1191 602 prmstantia.
1222 530 1398 602 Atque
1437 532 1490 587 ld
1522 533 1625 588 sibi
1653 534 1767 587 vult
1795 535 1925 589 illud
1954 553 1967 588 :
1999 532 2268 589 Firmetur

2368 554 2457 601 τος
2481 536 2643 591 αὐτοῦ
2679 538 2941 608 ὑπεροχή.
2971 538 3082 591 Καὶ
3114 536 3270 591 τοῦτό
3296 540 3411 592 ἐστι
3440 538 3530 592 τό·
3566 534 3943 607 Κραταιωθήε

714 637 900 674 manus
924 632 1036 684 tua,
1069 620 1333 675 exaltetur
1354 620 1569 675 dextera
1595 632 1707 676 tua.

786 711 872 776 16,
902 712 986 767 17.
1009 711 1203 766 Beatus
1229 712 1449 781 populus
1479 713 1569 781 qui
1588 714 1688 766 scit
1701 713 2098 782 jubilationem.
2124 714 2273 771 Post-

711 818 875 872 quam
928 802 1238 872 praadicavit
1294 803 1723 858 incarnationem
1796 802 2092 875 Unigeniti,
2146 806 2274 875 jure

712 897 899 949 beatos
922 894 1179 964 praedicat
1199 909 1294 948 eos
1318 896 1412 963 qui
1450 894 1553 948 hoc
1579 896 1895 965 mysterium
1926 897 2267 952 edidicerint.

712 985 827 1042 Hoc
850 995 1027 1041 autem
1058 996 1139 1043 est
1166 987 1406 1041 victoria:
1434 986 1677 1041 carmina
1701 988 1799 1056 ipsi
1821 1004 2035 1042 canere.
2069 988 2273 1044 Jubila-

710 1080 788 1133 tio
815 1081 960 1132 enim
1005 1090 1086 1134 est
1124 1080 1401 1133 canticum
1447 1080 1513 1134 de
1548 1082 1836 1149 prostratis
1882 1081 2118 1136 inimicis
2158 1082 2266 1136 edi-

711 1179 847 1223 tum.
891 1170 993 1224 Pro
1038 1171 1194 1224 nobis
1226 1173 1367 1224 enim
1414 1187 1649 1240 pugnam
1681 1172 1956 1227 commisit
1996 1187 2059 1227 ac
2080 1173 2273 1227 devicit

711 1261 1047 1316 adversarias
1070 1271 1381 1331 potestates.
1405 1263 1644 1327 Domine,
1677 1265 1728 1316 in
1756 1264 1954 1318 lumine
1988 1265 2157 1318 vultus
2197 1266 2273 1318 tui

710 1354 1074 1419 ambulabunt,
1105 1365 1152 1408 et
1191 1356 1243 1407 in
1292 1358 1500 1409 nomine
1546 1367 1632 1409 tuo
1657 1357 2011 1410 exsultabant.
2043 1355 2271 1412 Sanctos

708 1449 982 1519 apostolos
1029 1464 1155 1503 suos
1203 1450 1390 1503 beatos
1452 1450 1726 1518 praedicat,
1780 1452 1906 1517 quia
1956 1447 2175 1502 nomine
2221 1456 2273 1503 et

708 1540 903 1594 virtute
927 1539 1046 1609 ejus
1072 1540 1336 1610 stupenda
1368 1540 1457 1594 illa
1492 1555 1655 1610 opera
1689 1539 1942 1594 edeb’ant.

777 1717 864 1772 18.
905 1715 970 1770 Et
1022 1716 1075 1769 in
1127 1716 1444 1785 beneplacito
1494 1727 1583 1770 tuo
1627 1717 1950 1770 exaltabitur
1979 1734 2140 1770 cornu
2181 1733 2274 1771 no-

703 1820 892 1866 strum.
954 1807 1133 1864 Cornu
1195 1811 1326 1864 dicit
1380 1811 1630 1878 gloriam.
1686 1809 1826 1864 Dicit
1888 1810 2051 1879 igitur
2113 1810 2267 1879 quasi

2372 647 2450 682 τω
2481 630 2516 696 si
2541 630 2668 697 χείρ
2696 645 2809 682 σου
2833 645 2846 658 ·
2877 628 3167 697 ὐψωθήτω
3193 631 3231 698 ή
3254 627 3420 693 δεξιά
3449 646 3584 684 σου.

2440 717 2740 788 Μακάριος
2772 723 2803 773 ό
2831 719 2981 785 λαὸς
3017 722 3049 773 ό
3086 719 3394 789 γινώσκων
3424 718 3799 789 ἀλαλαγμόν.
3830 718 3945 788 Κη-

2376 809 2539 882 ρύξας
2578 810 2675 881 τὴν
2721 810 3134 883 ὲνανθρώπησιν
3184 811 3278 864 τοῦ
3317 810 3673 879 Μονογενοῦς,
3721 808 3949 871 είκάτως

2376 900 2665 973 μακαρίζει
2713 903 2839 966 τοὺς
2887 903 2950 955 τὸ
3007 902 3171 955 αὑτοῦ
3225 903 3561 973 ἐκμαθόντας
3626 903 3944 973 μυστήριον.

2373 993 2541 1047 Τοῦτο
2573 994 2631 1046 δέ
2660 996 2775 1047 ἐστι
2811 995 2870 1047 τὸ
2895 995 3019 1058 τοὺς
3044 994 3336 1058 ἐπινικίους
3366 994 3507 1066 ᾄδειν
3536 992 3703 1063 αὐτῷ.
3725 971 3947 1044 ’λλαλα-

2372 1084 2509 1154 γμὸς
2546 1084 2655 1155 γάρ
2677 1086 2823 1138 ἐστιν
2850 1086 2883 1154 ἡ
2916 1085 3007 1137 ἐπὶ
3030 1087 3140 1147 τοῖς
3166 1084 3421 1137 πεσοῦσιν
3442 1083 3651 1155 ἐχθροῖς
3682 1081 3941 1151 γινομένη

2372 1174 2501 1245 ᾠδή.
2536 1175 2883 1246 Παρετάξατο
2924 1176 2981 1229 δὲ
3027 1176 3165 1248 ὑπὲρ
3212 1178 3388 1248 ἡμῶν,
3418 1176 3513 1229 καὶ
3553 1176 3809 1243 νενίκηκε
3848 1172 3945 1235 τὰς

2373 1267 2747 1337 ἀντικειμένας
2768 1267 3038 1337 δυνάμεις.
3054 1268 3247 1333 Κύριε,
3274 1269 3342 1321 ὲν
3362 1265 3440 1333 τῷ
3460 1266 3605 1336 φωτὶ
3632 1265 3739 1319 τοῦ
3762 1281 3945 1332 προσ·

2371 1357 2534 1411 ὠπου
2581 1373 2695 1411 σου
2730 1359 3142 1427 πορεύσονται,
3185 1360 3280 1411 καί
3326 1359 3396 1411 ἐν
3439 1356 3518 1423 τῷ
3556 1356 3803 1425 ὀνόματί
3829 1371 3943 1409 σου

2372 1451 2859 1521 ἁγιαλλιάσονται.
2887 1452 3021 1515 Τοὺς
3056 1451 3242 1521 ἁγίους
3274 1450 3435 1504 αὑτοῦ
3474 1449 3804 1510 ἀποστόλους
3836 1464 3939 1516 μα-

2374 1544 2585 1614 καρίζει
2608 1585 2621 1607 ,
2656 1545 2735 1596 ὅτι
2761 1544 2823 1615 δὴ
2852 1543 2928 1614 τῷ
2955 1544 3175 1614 ὀνόματι
3200 1543 3363 1596 αὐτοῦ
3390 1544 3483 1595 καὶ
3508 1545 3571 1613 τῇ
3599 1540 3828 1610 δυνάμει
3849 1540 3942 1593 αὐ-

2372 1634 2465 1687 τοῦ
2496 1636 2710 1687 ἐποίουν
2738 1636 2838 1688 ὅσα
2873 1635 3086 1686 ἐποίουν
3111 1633 3406 1705 παράδοξα.

2442 1728 2550 1781 Καὶ
2600 1729 2669 1781 ἐν
2710 1726 2783 1795 τῇ
2823 1727 3064 1794 εὐδοκία
3102 1742 3217 1780 σου
3254 1724 3636 1794 ὑψωθήσεται
3659 1724 3727 1775 τὸ
3765 1722 3945 1791 κέρας

2375 1818 2562 1889 ἡμῶν.
2595 1819 2773 1889 Κέρας
2796 1819 2891 1889 τὴν
2912 1818 3067 1884 δόξαν
3088 1818 3239 1888 φησί.
3271 1816 3431 1884 Λέγει
3459 1812 3568 1879 οὖν,
3588 1815 3663 1878 ὡς
3690 1814 3827 1884 πρὸς
3855 1814 3944 1867 τὸν

704 1900 917 1955 Patrem
972 1902 1253 1972 alloquens
1292 1902 1604 1967 :Quoniam
1666 1900 1760 1956 tibi
1814 1902 2016 1971 placuit
2061 1904 2271 1956 mittere

2373 1911 2589 1980 Πατέρα
2608 1926 2621 1938 ·
2654 1909 2867 1979 Ἐπειδὴ
2892 1910 2953 1962 σὺ
2981 1909 3284 1979 ηὐδόκησας
3316 1905 3627 1959 ἀποστεῖλαι
3656 1905 3746 1956 τὸν
3772 1904 3944 1957 Μονο-

705 1995 1073 2065 Unigenitum,
1126 1996 1245 2049 ideo
1289 1996 1459 2065 gloria
1501 2007 1684 2050 nostra
1728 1995 1959 2050 excitata
2010 2004 2111 2049 est.
2140 1994 2267 2049 Glo-

702 2088 895 2142 rillcati
923 2088 1067 2142 enim
1106 2103 1297 2141 sumus
1328 2088 1741 2144 conresuscitati
1768 2103 1893 2142 cum
1938 2086 2177 2152 Christo,
2213 2095 2267 2143 et

703 2185 992 2246 regnantes
1017 2191 1139 2230 cum
1167 2176 1257 2229 illo
1289 2175 1353 2229 ³⁷.

773 2267 861 2323 20.
897 2267 1037 2322 Tunc
1083 2269 1287 2322 locutus
1332 2284 1383 2322 es
1430 2268 1481 2320 in
1520 2267 1712 2321 visione
1754 2267 1882 2336 ﬁliis
1927 2269 2050 2322 tuis.
2092 2266 2264 2332 Tunc,

705 2364 842 2430 sive,
873 2364 1025 2429 olim,
1056 2365 1151 2428 ait,
1185 2378 1280 2434 per
1308 2363 1541 2416 visiones
1587 2363 1953 2431 propheticas,
1988 2363 2113 2417 liliis
2139 2365 2264 2430 tuis,

701 2455 769 2509 iis
825 2457 1029 2511 scilicet
1078 2456 1171 2525 qui
1237 2456 1303 2508 ad
1356 2456 1589 2511 tiliorum
1660 2454 1755 2511 Dei
1818 2457 2165 2525 adoptionem
2214 2467 2265 2511 et

701 2546 1019 2615 dignitatem
1075 2546 1251 2600 vocati
1296 2555 1443 2611 sunt,
1494 2546 1709 2601 locutus
1761 2561 1839 2600 es.
1889 2546 2030 2611 Quid
2084 2557 2263 2600 autem

702 2638 916 2694 locutus
943 2655 1001 2694 es
1030 2640 1131 2693 nisi
1171 2638 1300 2692 illud
1330 2656 1343 2691 :
1378 2638 1540 2691 Posui
1573 2638 1897 2706 adjutorium
1927 2641 1982 2692 in
2010 2652 2216 2707 potente
2244 2642 2268 2693 ."

700 2731 933 2786 Perinde
968 2741 1147 2785 autem
1186 2741 1267 2785 est
1297 2747 1360 2785 ac
1389 2732 1432 2786 si
1462 2732 1663 2785 diceret
1702 2752 1713 2784 :
1747 2730 1871 2786 Dedi
1915 2734 2179 2787 auxilium
2213 2733 2263 2786 in

703 2833 921 2894 potente
950 2823 1179 2876 inlirmis
1204 2835 1256 2877 et
1281 2838 1309 2877 ιι
1340 2826 1553 2877 Salaria:
1577 2823 1863 2892 tyrannide
1881 2825 2182 2893 oppressis,
2209 2834 2268 2879 ut

703 2915 1053 2986 confugerent
1086 2916 1151 2969 ad
1189 2925 1482 2986 potentem.
1518 2916 1716 2971 Potens
1754 2927 1932 2970 autem
1966 2918 2075 2979 ille,
2105 2934 2264 2987 quem

701 3010 845 3066 dedit
897 3010 1054 3063 nobis
1095 3008 1252 3063 Pater
1296 3009 1363 3062 ad
1406 3010 1689 3074 auxilium,
1744 3009 1996 3064 Christus
2045 3012 2266 3064 omnino

697 3112 816 3165 est;
848 3116 972 3154 nam
999 3109 1079 3155 est
1110 3100 1373 3155 Dominus
1402 3102 1659 3154 virtutum
1680 3101 1743 3154 ³⁸.
1776 3100 2022 3156 Exaltavi
2048 3103 2263 3156 electum

698 3195 762 3247 dc
790 3193 932 3261 plebe
956 3209 1087 3247 mea.
1123 3191 1307 3247 Inveni
1348 3191 1519 3246 David
1552 3210 1758 3247 servum
1794 3211 1983 3248 meum.
2028 3194 2266 3263 Intelligo

698 3284 973 3338 Christum
1004 3300 1067 3338 cx
1104 3286 1309 3340 semine
1339 3283 1527 3347 David,
1554 3287 1647 3354 qui
1676 3286 1879 3340 electus
1915 3295 2137 3339 vocatus
2162 3295 2264 3349 est,

698 3386 911 3445 propter
946 3376 1081 3445 quod
1130 3384 1178 3427 et
1224 3375 1361 3429 Deus
1398 3378 1645 3429 exaltari!
1671 3377 1821 3429 illum
1859 3376 1923 3428 ³³.
1962 3374 2269 3446 lterumque

699 3477 861 3521 vocat
903 3468 1051 3521 illum
1094 3465 1352 3520 Davidem
1400 3478 1670 3537 quatenus
1718 3484 1784 3522 ex
1848 3470 2055 3523 semine
2100 3468 2268 3523 David

699 3559 928 3624 erat“;
972 3574 1187 3612 servum
1236 3560 1385 3621 item,
1432 3561 1561 3630 quia
1610 3561 1661 3614 in
1704 3558 1877 3616 forma
1928 3564 2067 3616 servi
2107 3577 2268 3631 appa-

700 3652 808 3705 ruit
845 3652 910 3706 “.
947 3650 1072 3705 Oleo
1122 3661 1303 3705 sancto
1361 3670 1471 3707 meo
1516 3655 1645 3706 ιιιιαὶ
1670 3670 1811 3707 eum.
1843 3655 1978 3709 Cum
2030 3653 2267 3708 Verbum

699 3754 842 3799 esset
876 3742 1034 3807 Dens,
1060 3753 1219 3799 natus
1252 3754 1335 3799 est
1370 3748 1665 3801 secundum
1700 3763 1919 3803 carnem
1942 3763 2007 3803 ex
2043 3749 2268 3803 muliere

700 3847 754 3891 et
788 3838 949 3893 homo
993 3838 1210 3908 prodiit,
1248 3854 1473 3895 manens
1511 3839 1652 3896 Deus
1676 3851 1733 3896 ut
1775 3851 1930 3897 erat:
1964 3853 2093 3897 tunc
2119 3843 2266 3911 judi-

700 3929 844 3983 cium
880 3944 973 3999 per
1019 3937 1069 3982 te
1124 3929 1417 3997 accipiens,
1474 3943 1820 4000 nuncupatus
1858 3942 1941 3988 est
1986 3933 2261 3989 Christus.

699 4016 835 4072 Nam
868 4033 991 4072 cum
1024 4016 1257 4071 Verbum
1288 4026 1430 4072 esset
1452 4018 1592 4073 Deus
1614 4030 1669 4074 et
1698 4036 1791 4076 rex
1825 4032 1949 4077 ante
1977 4024 2173 4078 saecula
2198 4024 2263 4089 δ’,

700 4124 822 4179 qua:
844 4118 1024 4163 nostra
1054 4118 1207 4163 erant
1234 4108 1333 4163 sibi
1368 4110 1585 4180 propria
1615 4112 1811 4179 eﬂ‘ecit,
1844 4122 1901 4168 ut
1931 4129 2031 4169 nos
2054 4114 2121 4169 iis
2147 4131 2266 4185 qua:

698 4200 800 4272 ipsi
832 4202 1045 4270 propria
1076 4209 1232 4255 erant
1263 4201 1457 4257 divites
1492 4218 1764 4261 essemus.

766 4291 855 4345 22.
904 4289 1095 4342 Manus
1122 4292 1262 4343 enim
1302 4306 1415 4343 mea
1459 4292 1813 4346 auxiliabitur
1854 4296 1923 4349 ei.
1958 4294 2049 4348 Ait
2079 4295 2267 4351 Salva-

696 4387 830 4434 tor:
868 4378 1038 4449 Opera
1072 4395 1187 4449 qute
1225 4380 1368 4435 dedit
1417 4382 1544 4434 mihi
1590 4380 1753 4437 I’ater
1798 4394 1854 4437 ut
1898 4386 2117 4454 Iccium,
2150 4388 2265 4455 ipsa

697 4486 856 4539 opera
886 4471 1237 4540 testiﬁcantur
1262 4474 1325 4525 de
1360 4488 1459 4536 me,
1494 4472 1617 4542 quia
1652 4475 1763 4545 ipse
1796 4478 1937 4530 misit
1984 4494 2063 4531 me
2100 4478 2165 4532 “.
2202 4478 2265 4534 Et

2369 2002 2520 2071 γενῆ,
2556 2000 2743 2054 τούτου
2778 2000 2934 2070 χάριν
2964 2000 2997 2069 ἡ
3029 1998 3154 2061 δόξα
3182 1996 3338 2067 ἡμῶν
3371 1995 3737 2064 διεγηγερται.
3798 1990 3944 2044 Ἐδο-

2369 2094 2643 2165 ξάσθημεν
2680 2091 2787 2164 γὰρ
2834 2089 3245 2163 συνεγερθέντες
3285 2086 3524 2160 Χριστῷ,
3557 2085 3650 2140 καὶ
3678 2083 3946 2155 συμϐασι-

2367 2186 2654 2248 λεύσαντες
2682 2184 2848 2255 αὐτῷ.

2444 2278 2579 2331 Τότε
2612 2275 2918 2343 ἐλάλησας
2944 2274 3015 2326 ἐν
3051 2270 3255 2340 ὁράσει
3283 2270 3404 2337 τοῖς
3431 2270 3582 2337 υἱοῖς
3613 2286 3751 2324 σου.
3788 2268 3943 2329 Τότε,

2367 2372 2485 2425 ἀντὶ
2523 2368 2636 2433 τοῦ,
2667 2367 2855 2431 πάλαι,
2885 2367 3039 2436 φησι,
3078 2363 3143 2416 δι’
3169 2362 3411 2434 ὁράσεων
3448 2359 3802 2433 προφητικῶν
3838 2358 3945 2419 τοῖς

2368 2467 2502 2525 υἱοῖς
2530 2479 2644 2525 σου,
2680 2461 2829 2528 λέγει
2856 2459 2914 2512 δὲ
2940 2462 3051 2521 τοῖς
3076 2456 3429 2526 κεκλημένοις
3457 2456 3535 2516 είς
3564 2453 3623 2505 τὸ
3643 2453 3741 2519 τῆς
3768 2450 3944 2503 υἱοθε-

2370 2558 2488 2618 σίας
2527 2553 2761 2623 ἀξίωμα,
2798 2551 3080 2622 ὲλὰλησας.
3110 2550 3173 2603 Τί
3195 2549 3250 2601 δὲ
3283 2546 3547 2616 ὲλάλησας
3581 2544 3613 2614 ἢ
3648 2542 3707 2596 τό
3729 2560 3742 2573 ⁶
3789 2542 3945 2596 Ἐθέ-

2361 2664 2488 2716 μην
2512 2644 2801 2711 ,βοήθειαν
2826 2644 2921 2696 ἐπὶ
2955 2642 3243 2703 δυνατόν;
3272 2640 3495 2709 Ὅμοιον
3526 2636 3582 2689 δὲ
3615 2636 3747 2688 ὡσεὶ
3773 2633 3942 2702 λέγον

2367 2738 2603 2801 Δέδωκα,
2640 2735 2791 2807 φησι,
2833 2733 3082 2805 βοήθειαν
3120 2733 3212 2784 ἐπὶ
3260 2730 3479 2784 δυνατὸν
3531 2732 3644 2792 τοῖς
3675 2725 3945 2795 ζάσθενέσι

2367 2832 2461 2883 καὶ
2502 2825 3005 2894 πλεονεκτουμένοις
3044 2821 3150 2875 ὑπὸ
3175 2820 3267 2873 τοῦ
3302 2821 3534 2884 Σατανᾶ,
3568 2819 3663 2872 τοῦ
3695 2833 3945 2885 καταφυ-

2367 2924 2482 2989 γεῖν
2528 2920 2619 2972 ἐπὶ
2652 2916 2892 2971 δυνατόν.
2911 2916 2967 2967 '0
2993 2914 3048 2966 δέ
3074 2930 3134 2981 γε
3167 2912 3408 2976 δυνατὸς,
3434 2912 3493 2964 ὃν
3535 2910 3766 2964 δέδωκεν
3814 2910 3946 2980 ἡμῖν

2367 3016 2444 3075 είς
2475 3010 2721 3081 βοήθειαν
2754 3011 2781 3061 6
2814 3007 3023 3078 Πατὴρ,
3052 3005 3283 3075 Χριστός
3305 3021 3406 3057 που
3439 3004 3653 3064 πάντως
3675 2999 3792 3053 ἐστί
3815 3016 3828 3027 °
3855 2998 3947 3051 καὶ

2367 3106 2473 3176 γάρ
2521 3106 2634 3157 ἐστι
2679 3100 2959 3171 δυνάμεων
2996 3098 3228 3169 Κύριοςο
3260 3098 3504 3164 ’Υψωσα
3548 3092 3841 3171 ἐκλεκτὸν
3876 3091 3944 3143 ἐκ

2367 3199 2473 3254 τοῦ
2512 3197 2664 3253 λαοῦ
2700 3214 2839 3266 μου,
2879 3191 3057 3264 εὗρον
3081 3191 3261 3246 Δαυῒδ
3297 3190 3399 3244 τὸν
3426 3189 3652 3244 δοῦλόν
3673 3207 3816 3258 μου.
3834 3187 3946 3240 Ἐν-

2368 3291 2475 3344 νόει
2503 3289 2733 3360 Χριστὸν
2780 3288 2871 3339 τὸν
2916 3289 2980 3339 ὲκ
3026 3285 3337 3356 σπέρματος
3367 3281 3548 3345 Δαυῖδ,
3581 3280 3837 3333 ἐκλεκτὸν
3865 3296 3947 3333 κε-

2368 3381 2652 3452 κλημένον,
2680 3378 2771 3432 διὸ
2796 3377 2892 3430 καί
2924 3380 2955 3430 ό
2986 3376 3129 3441 Θεὸς
3155 3374 3340 3429 αὐτὸν
3361 3374 3743 3441 ὐπερύψωσε.
3785 3370 3947 3425 Δαυὶδ

2366 3474 2422 3527 δὲ
2480 3473 2639 3526 πάλιν
2701 3469 2860 3524 αὑτὸν
2910 3465 3182 3537 ὀνομάζει,
3222 3465 3352 3518 καθὸ
3402 3466 3466 3517 ὲκ
3521 3464 3838 3535 σπέρματος
3880 3459 3947 3535 ἦν

2366 3566 2558 3618 Λαυῖδ⁸
2597 3563 2689 3618 καὶ
2725 3563 2829 3633 μὴν
2864 3560 2956 3614 καὶ
2979 3558 3183 3622 δοῦλον,
3214 3556 3301 3609 διὰ
3349 3555 3408 3609 τὸ
3448 3558 3504 3608 ὲν
3533 3557 3597 3626 τῇ
3627 3555 3722 3608 τοῦ
3760 3554 3944 3608 δούλου

2369 3656 2548 3725 μορφῇ
2590 3652 2904 3723 πεφηνέναι.
2923 3652 3023 3706 Ἑν
3045 3650 3225 3716 ἐλαίῳ
3257 3648 3401 3718 ἁγίῳ
3436 3664 3555 3716 μου
3586 3647 3801 3715 ἕχρισα
3840 3649 3946 3700 αὑ·-

2364 3748 2625 3801 τόν.”οτε
2655 3746 2786 3808 Θεὸς
2811 3739 2877 3813 ἦν
2917 3746 2945 3795 6
2971 3743 3161 3809 Λόγος,
3198 3738 3458 3811 ἐγεννήθη
3496 3742 3637 3792 κατὰ
3669 3737 3850 3809 σάρκα
3884 3739 3946 3790 ὲκ

2364 3838 2636 3908 γυναικὸς,
2659 3838 2753 3891 καὶ
2777 3833 3043 3907 προῆλθεν
3066 3830 3371 3900 ἄνθρωπος,
3399 3830 3571 3898 μένων
3594 3830 3670 3892 ὡς
3691 3826 3759 3899 ἦν
3786 3829 3941 3890 Θεός³

2364 3932 2505 3995 τότε,
2541 3930 2635 4000 τὴν
2683 3928 2862 4002 κρίσιν
2888 3927 2976 3981 διὰ
3023 3928 3081 3980 σὲ
3129 3924 3331 3988 λαϐὼν,
3359 3921 3651 3993 ὠνομάσθη
3684 3921 3940 3992 Χριστός.

2363 4023 2494 4086 Θεὸς
2521 4022 2628 4091 γὰρ
2649 4020 2721 4073 ὢν
2750 4024 2777 4073 6
2800 4020 2969 4088 Λόγος
2992 4019 3086 4072 καὶ
3114 4017 3363 4086 βασιλεὺς
3393 4014 3499 4086 πρὸ
3526 4012 3739 4067 αἰώνων
3764 4013 3941 4082 ὑπάρ-

2364 4133 2491 4187 χων,
2531 4114 2889 4181 ίδιοποιήσατο
2921 4111 2990 4164 τὰ
3013 4110 3276 4180 ἡμέτερα,
3298 4109 3386 4161 ἶνα
3419 4108 3513 4161 καὶ
3554 4108 3712 4177 ἡμεῖς
3746 4106 3817 4158 τὰ
3843 4106 3943 4158 αὑ-

2363 4207 2456 4261 τοῦ
2483 4207 2892 4277 πλουτήσωμεν.

2444 4300 2504 4355 Ἡ
2528 4299 2636 4368 γὰρ
2680 4298 2805 4366 χείρ
2837 4312 2955 4365 μου
2996 4290 3509 4361 συναντιλήψεται
3543 4287 3796 4354 αὐτῷ.⁹0
3829 4289 3942 4342 Σω-

2364 4391 2465 4462 τὴρ
2493 4390 2698 4459 ἔφασκε
2720 4405 2732 4417 ·
2768 4387 2843 4441 Τὰ
2887 4387 3031 4456 ἔργα
3072 4385 3111 4440 ἁ
3142 4382 3361 4439 δέδωκέ
3382 4399 3482 4452 μοι
3524 4384 3556 4435 ὀ
3592 4379 3795 4448 Πατὴρ
3844 4380 3943 4433 ἶνα

2365 4483 2616 4551 ποιήσω,
2651 4483 2803 4536 αὐτὰ
2844 4480 2915 4533 τὰ
2961 4480 3103 4548 ἔργα
3147 4473 3433 4547 μαρτυρεῖ
3472 4473 3603 4541 περὶ
3648 4472 3817 4540 ἐμοῦ,
3856 4472 3943 4525 ὅτι

698 4563 931 4617 iterum:
965 4563 1007 4616 Α
1049 4565 1240 4633 ιιιείριο
1276 4565 1411 4618 nihil
1449 4566 1653 4637 loquor.
1695 4566 1859 4621 Pater
1891 4579 2065 4622 autent
2105 4571 2159 4623 in
2188 4586 2266 4623 me

2368 4574 2549 4639 αὑτός
2589 4589 2664 4643 με
2720 4570 3097 4625 ἀπέσταλκε·
3150 4567 3243 4621 καὶ
3290 4565 3490 4620 πάλιν·
3538 4562 3653 4616 Ἀπ’
3681 4562 3941 4631 ἐμαυτοῦ

697 4669 909 4706 manens
941 4654 1048 4722 ipse
1076 4654 1207 4722 facit
1246 4671 1404 4724 opera
1448 4656 1513 4709 “.
1561 4657 1626 4711 Et
1657 4659 1757 4714 hoc
1800 4659 1977 4728 ipsum
2006 4674 2088 4717 est
2120 4664 2267 4732 quod

697 4760 841 4799 nunc
866 4743 1025 4800 Pater
1053 4744 1119 4799 de
1146 4745 1240 4800 illo
1273 4747 1405 4802 dicit
1442 4766 1455 4801 :
1493 4747 1685 4804 Manus
1709 4752 1849 4803 enim
1890 4768 2005 4805 mea
2041 4753 2271 4808 auxilia-

697 4836 837 4891 bitur
863 4838 931 4904 ei,
960 4848 1009 4891 et
1042 4838 1315 4892 brachium
1349 4856 1515 4893 meum
1554 4843 1875 4911 confortallit
1908 4860 2047 4902 eum.

769 5009 857 5063 Ξῖ).
898 5008 1049 5064 Nihil
1081 5012 1320 5082 proﬁciet
1352 5015 1597 5070 inimicus
1638 5018 1691 5071 in
1728 5034 1808 5074 ea.
1843 5019 2070 5078 Etiamsi
2117 5024 2269 5079 dixe-

703 5105 803 5158 rint
846 5122 859 5158 :
914 5101 1111 5167 Venite,
1161 5107 1459 5161 ocridamus
1510 5125 1651 5174 eum,
1693 5120 1740 5164 et
1795 5112 2078 5168 habeamus
2117 5116 2263 5171 nobis

700 5195 1055 5249 hicreditatem
1084 5198 1197 5268 ejus
1236 5198 1301 5253 ⁸³.
1343 5198 1447 5253 Sed
1480 5201 1791 5270 hujusmodi
1827 5205 2113 5261 consilium
2150 5216 2259 5261 tam

698 5286 910 5340 Satanae
935 5303 1096 5356 quam
1140 5286 1342 5343 Judzeis
1378 5291 1569 5347 inutile
1596 5304 1733 5357 erat,
1778 5307 1832 5349 et
1872 5294 2074 5351 frustra
2098 5300 2265 5354 cessit

699 5378 801 5433 illis
841 5378 1070 5435 facinus.
1107 5379 1422 5437 Resurrexit
1444 5384 1645 5455 quippe
1677 5387 1927 5441 Salvator
1954 5391 2109 5443 tertia
2146 5390 2257 5457 die,

698 5477 982 5538 postquam
1013 5478 1239 5525 mortem
1283 5473 1732 5531 conculcassetet
1775 5479 2065 5549 spoliasset
2092 5480 2258 5535 infer-

699 5574 826 5613 num
854 5576 870 5627 ;
900 5570 947 5614 et
980 5561 1222 5617 ascendit
1248 5565 1313 5619 ad
1356 5564 1573 5622 Patrem
1618 5579 1671 5623 et
1728 5569 1894 5625 Deum
1940 5576 2032 5641 qui
2084 5583 2169 5629 est
2201 5575 2255 5628 in

697 5653 891 5707 caelis:
933 5662 1124 5725 estque
1173 5655 1227 5709 in
1276 5656 1498 5713 dextera
1543 5661 1722 5717 throni
1776 5664 2166 5733 nia-gnitudinis
2200 5668 2255 5721 in

2368 4664 2535 4721 λαλῶ
2565 4662 2840 4719 οὐδέν-,⁸0
2882 4661 2951 4714 δὲ
2990 4660 3191 4729 Πατὴρ
3227 4661 3259 4713 ό
3296 4659 3367 4711 ἐν
3401 4654 3529 4725 ἐμοὶ
3561 4653 3763 4724 μένων
3792 4652 3945 4707 ποιεῖ

2369 4759 2442 4811 τὰ
2464 4757 2605 4827 ἔργα
2633 4757 2833 4821 αὑτός.
2866 4755 2975 4808 Καὶ
3002 4752 3157 4806 τοῦτό
3181 4753 3328 4805 ἔστιν
3355 4750 3383 4802 δ
3410 4748 3556 4816 λέγει
3579 4745 3673 4799 νῦν
3700 4748 3729 4800 6
3756 4745 3941 4815 Πατὴρ

2370 4846 2499 4917 περὶ
2524 4844 2687 4900 αὑτοῦ
2709 4861 2722 4875 ’
2769 4844 2828 4899 Ἠ
2860 4843 2967 4913 γὰρ
2995 4843 3122 4912 χείρ
3144 4860 3263 4912 μου
3292 4836 3807 4905 συναντιλὴψεται
3835 4840 3940 4891 ah-

2368 4936 2468 5005 τῷ,
2505 4938 2605 4992 καί
2632 4942 2664 4991 ό
2686 4937 2958 5006 ,ϐραχίων
2984 4952 3105 5005 μου
3136 4932 3489 5001 κατισχύσει
3522 4930 3727 4984 αὐτόν.

2440 5032 2561 5085 Οὐκ
2592 5026 2889 5098 ὠφελήσει
2913 5026 3123 5095 ἐχθρὸς
3154 5024 3223 5077 ἐν
3253 5022 3430 5088 αὐτῷ.
3462 5022 3525 5075 Ei
3551 5022 3645 5075 καὶ
3662 5023 3936 5093 εἰρήκασι·

2367 5120 2561 5183 Δεῦτε,
2602 5119 3041 5186 ἀποκτείνωμεν
3081 5114 3288 5180 αὐτὸν,
3332 5113 3431 5166 καὶ
3466 5111 3710 5181 σχῶμεν
3737 5111 3941 5176 αὐτοῖς

2366 5212 2481 5279 τὴν
2521 5210 2924 5279 κληρονομίαν
2966 5206 3182 5260 αὐτοῦ’
3212 5207 3325 5259 ἀλλ’
3351 5201 3419 5277 ἦν
3447 5206 3703 5275 ἀνόνητος
3735 5204 3816 5274 τῷ
3844 5204 3943 5256 Σα-

2366 5304 2503 5373 τανᾷ
2546 5303 2641 5355 καὶ
2673 5303 2781 5363 τοῖς
2818 5298 3089 5362 Ἰουδαίοις
3119 5300 3152 5368 ὴ
3187 5296 3398 5367 σκέψις,
3432 5298 3525 5349 καὶ
3556 5297 3633 5358 εἰς
3662 5296 3941 5365 ἄφρακτον

2368 5394 2667 5465 ἐκϐέϐηκεν
2695 5394 2874 5455 αὐτοῖς
2916 5391 2977 5443 τὸ
3026 5389 3349 5461 ἐγχείρημα.
3369 5388 3591 5441 ’Λνεϐίω
3624 5388 3736 5459 γὰρ
3766 5392 3796 5441 6
3828 5390 3912 5440 Σω

2366 5485 2469 5557 τηρ
2496 5486 2809 5557 τριήμερος,
2836 5483 3085 5555 πατήσας
3122 5482 3211 5534 τὸν
3254 5481 3481 5535 θάνατον
3512 5482 3605 5535 καὶ
3639 5481 3940 5545 σκυλεύσας

2367 5574 2455 5626 τὸν
2495 5572 2655 5643 ᾅδην
2694 5573 2787 5625 καὶ
2828 5570 2993 5642 ἀνέϐη
3046 5569 3178 5638 πρὸς
3221 5569 3312 5622 τὸν
3359 5573 3415 5623 ὲν
3453 5571 3699 5640 οὐρανοῖς
3724 5570 3940 5643 Πατέρα

2364 5666 2457 5719 καί
2496 5663 2625 5716 Θεόν
2646 5680 2660 5694 °
2698 5663 2791 5718 καὶ
2838 5663 2982 5716 ἔστιν
3013 5663 3069 5714 ὲν
3103 5660 3250 5733 δεξιᾷ
3282 5662 3372 5716 τοῦ
3404 5662 3593 5733 θρόνου
3622 5661 3723 5731 τῆς
3769 5677 3937 5732 μεγα-

703 5761 803 5848 h”
835 5763 1029 5848 Eph-es.
1065 5782 1123 5832 ιι,
1150 5768 1236 5848 6_.__
1271 5769 1313 5801 ³⁸
1339 5770 1479 5848 Psal.
1519 5788 1674 5836 xxiii,
1722 5773 1807 5848 i0.
1881 5774 1934 5848 ’_’_
1960 5772 2192 5848 Philipp.
2228 5793 2287 5838 ιι,

2369 5817 2382 5848 .
2464 5776 2509 5809 ⁸⁸
2540 5775 2739 5832 Rom.t
2791 5776 2845 5831 3.
2887 5775 2929 5807 “
2978 5773 3210 5845 Philipp.
3255 5791 3317 5831 ιι.
3347 5772 3396 5826 7.
3471 5775 3513 5804 δ’
3567 5772 3705 5829 Pssl.
3744 5788 3932 5837 Lm",

710 5833 787 5890 ‘2.
862 5834 907 5868 ”
929 5834 1145 5903 Joen.v,
1170 5839 1257 5895 36.
1338 5840 1381 5872 “
1410 5840 1566 5898 Joan.
1598 5833 1705 5907 τιν,
1739 5844 1830 5900 10.
1894 5844 1937 5876 ⁸⁸
1963 5833 2156 5903 Matth.-
2181 5833 2295 5913 ut,
2319 5847 2406 5902 58.
