4108 6502
165 473 264 529 389

1168 466 1530 524 EXPOSITIO
1569 465 1633 522 IN
1671 463 2002 521 PSALMUM
2043 462 2370 519 LXXXVIII.

3295 458 3399 516 390

165 589 405 660 λωσύνης
459 593 522 645 ὲν
566 589 807 662 ὑψηλοῖς,
853 590 1069 644 πάντων
1115 590 1403 662 κατάρχων
1459 584 1600 658 μετά
1643 582 1738 638 τοῦ

1852 583 2094 650 excelsis,
2130 581 2385 637 omnibus
2413 593 2690 649 imperans
2716 593 2841 634 cum
2873 577 3118 648 genitore
3143 590 3265 632 suo.
3291 574 3398 632 Ve-

169 683 289 738 ἰδίου
335 685 688 756 γεννήτορας.
719 682 924 736 Οὐκοῦν
969 682 1168 754 ἀληθὲς
1211 683 1273 736 τὸ
1312 680 1620 753 εἰρημένον,
1656 679 1737 732 ὅτι

169 777 283 830 οὐκ
310 775 621 846 ὠφελήσει
644 774 855 844 ἐχθρὸς
878 775 949 830 ἐν
984 773 1163 841 αὐτῷ.

227 865 339 920 Καὶ
375 869 676 935 συγκόψω
711 867 829 922 ἀπὸ
863 867 970 921 τοῦ
1009 863 1334 936 προσώπου
1373 863 1560 919 αὐτοῦ
1597 861 1739 928 τοὺς

163 956 412 1026 ἐχθροὺς
476 958 686 1013 αὐτοῦ.
740 958 1134 1029 Παραδίδονται
1177 958 1286 1030 γὰρ
1330 958 1399 1028 τῇ
1452 955 1740 1025 Ῥωμαίων

166 1051 443 1122 στρατείᾳ,
469 1051 567 1104 καί⁵
594 1050 880 1104 διολώλασι
905 1049 1206 1112 παντελῶς.

229 1141 338 1196 Καὶ
363 1142 404 1208 ἠ
432 1140 686 1208 ἀλήθειά
702 1159 820 1211 μου
843 1142 941 1195 καί
965 1140 1030 1195 τὸ
1049 1141 1222 1207 ἔλεός
1237 1158 1356 1209 μου
1380 1139 1510 1209 μετ’
1530 1135 1737 1192 αὑτοῦ.

177 1231 464 1303 Ἀλήθειαν
486 1231 582 1294 τὴν
603 1235 660 1286 ὲν
685 1232 952 1303 πνεύματι
986 1233 1079 1286 καὶ
1097 1232 1326 1303 ἀληθείᾳ
1358 1229 1612 1302 λατρείαν
1641 1246 1742 1299 φη-

167 1327 247 1379 σὶν
272 1368 286 1392 ,
321 1327 391 1398 ἥν
421 1329 753 1398 εἰσηγήσατο
781 1330 910 1398 ἡμῖν
935 1331 963 1382 6
991 1328 1224 1396 Χριστὸς
1255 1327 1393 1382 κατὰ
1429 1325 1490 1380 τὸ
1522 1323 1736 1395 εἰρημέ·

165 1433 251 1469 νον
294 1417 438 1488 πρὸς
489 1417 588 1487 τὴν
634 1421 692 1471 ὲν
734 1421 798 1489 τῇ
844 1418 1124 1489 Σαμαρείᾳ
1149 1421 1407 1486 γυναῖκαο
1434 1416 1677 1486 Πνεῦμα
1711 1422 1743 1473 ὀ

167 1508 329 1574 Θεὸς,
360 1507 466 1561 καί
497 1508 640 1574 τοὺς
681 1507 1176 1577 προσκυνοῦντας
1211 1507 1415 1573 αὑτὸν,
1459 1509 1529 1562 ἐν
1564 1510 1744 1562 πνεύ-

164 1610 298 1662 ματι
326 1595 431 1649 καί
459 1597 709 1664 ἀληθείᾳ
734 1596 827 1650 δεῖ
856 1597 1241 1666 προσκυνεῖν.
1275 1599 1384 1652 Καὶ
1415 1598 1477 1652 τὸ
1513 1599 1660 1663 ἔλεος
1686 1599 1744 1653 δὲ

164 1685 223 1737 οὐ
255 1685 322 1739 δι’
351 1686 522 1742 ἄλλου
572 1688 869 1759 πεποίηκεν
904 1691 933 1742 6
975 1689 1106 1753 Θεὸς
1150 1691 1229 1753 εἰς
1275 1691 1424 1760 ἡμᾶς
1464 1689 1614 1762 sane
1650 1692 1745 1744 τοῦ

170 1777 499 1846 μονογενοῦς
526 1778 688 1832 αὑτοῦ
718 1779 866 1834 Υἰοῦ.
896 1781 974 1834 Δι’
1002 1779 1166 1834 αὑτοῦ
1199 1781 1306 1853 γὰρ
1338 1783 1497 1854 μόνου
1526 1784 1620 1838 καί
1647 1784 1747 1856 τὴν

1840 687 1960 728 rum
1999 673 2181 742 itaque
2218 679 2302 726 est
2332 668 2474 740 quod
2507 668 2744 724 dicitur:
2779 666 2930 722 Nihil
2954 667 3190 739 proﬁciet
3219 667 3396 721 inimi-

1838 781 1930 820 cus
1963 765 2020 818 in
2049 779 2131 819 eo.

1905 856 1996 912 24.
2039 855 2109 910 Et
2128 851 2398 909 concidam
2425 867 2458 905 a
2486 849 2619 921 facie
2638 849 2802 921 ipsius
2830 849 3072 906 inimicos
3101 852 3235 923 ejus.
3267 850 3402 908 Tra-

1838 947 1937 1003 diti
1977 960 2211 1016 namque
2242 951 2373 1000 sunt
2400 941 2776 998 Romanorum
2805 943 3090 1010 exercitui,
3130 953 3185 1000 et
3217 946 3401 1001 fundi-

1839 1045 1928 1092 tus
1954 1037 2253 1107 perierunt.

1907 1128 1997 1184 25.
2026 1127 2095 1182 Et
2125 1128 2316 1183 veritas
2355 1141 2472 1179 mea
2501 1133 2550 1178 et
2577 1125 2937 1180 misericordia
2971 1141 3087 1180 mea
3115 1142 3234 1181 cum
3267 1128 3402 1196 ipso.

1841 1219 2136 1276 Veritatem
2164 1218 2521 1274 dicitcultum
2564 1216 2618 1271 in
2657 1218 2853 1288 spiritu
2889 1227 2944 1273 ct
2971 1219 3215 1286 veritate,
3241 1235 3404 1290 quem

1843 1313 2055 1368 induxit
2084 1312 2240 1367 nobis
2273 1310 2541 1376 Christus,
2568 1309 2720 1380 juxta
2747 1309 2800 1362 id
2831 1309 2976 1379 quod
3006 1310 3210 1365 dictum
3235 1319 3319 1366 est
3339 1309 3404 1365 ad

1844 1405 2241 1459 Samaritanam
2280 1402 2561 1457 mulierem
2596 1419 2608 1454 :
2651 1399 2882 1471 Spiritus
2919 1412 2998 1456 est
3042 1401 3206 1466 Deus,
3231 1409 3282 1456 et
3315 1403 3407 1472 qui

1841 1495 2067 1548 adorant
2094 1509 2213 1548 eum
2236 1493 2291 1546 in
2316 1493 2509 1562 spiritu
2529 1500 2578 1546 et
2624 1492 2841 1546 veritate
2873 1500 3074 1561 oportet
3102 1491 3324 1546 adorare
3337 1491 3405 1546 “.

1843 1581 2272 1640 Misericordiam
2313 1597 2443 1638 vero
2481 1597 2589 1644 non
2635 1596 2732 1650 per
2774 1582 2942 1636 alium
2987 1581 3144 1637 nobis
3178 1582 3409 1637 contulit

1845 1677 1988 1733 Deus
2027 1691 2192 1747 quam
2225 1691 2320 1746 per
2365 1675 2706 1745 unigenitum
2747 1672 2942 1728 Filium
2977 1689 3159 1729 suum.
3193 1673 3296 1730 Per
3323 1673 3406 1746 ip-

1845 1784 1968 1825 sum
1993 1770 2137 1825 enim
2173 1768 2345 1824 solum
2375 1776 2426 1822 et
2459 1766 2831 1822 adorationem
2863 1768 2917 1821 in
2965 1768 3161 1836 spiritu
3186 1778 3240 1822 et
3269 1767 3410 1822 veri-

168 1867 223 1920 ἰν
252 1868 530 1939 πνεύματι
558 1869 650 1923 καὶ
687 1869 915 1941 ἀληθείᾳ
941 1869 1216 1941 ἐμάθομεν
1249 1871 1634 1944 προσκύνησιν,
1655 1855 1747 1926 καὶ

1852 1867 1958 1915 tate
1988 1858 2333 1921 edidicimus,
2365 1866 2420 1912 et
2449 1855 2876 1913 misericordiam
2901 1858 3177 1912 consecuti
3197 1873 3408 1924 sumus,

168 1958 614 2032 κατηλεήθημεν,
652 1939 1028 2033 ἀναιρεθέντος
1061 1939 1316 2026 θανάτου,
1361 1964 1456 2017 καί¹
1489 1939 1586 2034 τῆς
1613 1964 1743 2035 φθο-

1852 1951 2023 2006 deleta
2052 1958 2224 2005 morte
2249 1959 2302 2004 et
2325 1951 2672 2019 corruptione
2691 1949 2758 2004 de
2790 1949 2969 2005 medio
2992 1950 3222 2005 sublata.
3254 1949 3323 2004 Et
3355 1951 3412 2004 in

171 2051 267 2120 ρᾶς
312 2052 380 2104 ὲκ
431 2052 596 2122 μέσου
627 2053 943 2125 γενομένης.
975 2054 1087 2109 Kal
1121 2055 1191 2108 ἐν
1220 2053 1300 2120 τῷ
1345 2056 1590 2125 ὀνόματι
1625 2073 1744 2126 μου

169 2143 560 2210 ὑψωθήσεται
601 2145 666 2198 τὸ
700 2144 878 2214 κέρας
911 2145 1118 2202 αὐτοῦ.
1148 2147 1272 2211 Τοῖς
1317 2146 1425 2220 γὰρ
1469 2148 1744 2219 ὀνόμασιν,

169 2228 248 2298 οἷς
289 2235 530 2305 μάλιστα
567 2237 834 2306 πρέπουσι
875 2237 952 2309 τῷ
989 2239 1182 2310 Πατρί,
1223 2240 1318 2293 καὶ
1368 2241 1529 2305 αὐτὸς
1562 2243 1591 2294 6
1623 2241 1748 2305 Υἰὸς

171 2322 488 2389 δοξάζεταιο
535 2323 645 2380 οἷόν
694 2326 744 2379 τί
786 2344 956 2397 φημι’
1004 2327 1135 2392 Θεὸς
1179 2328 1431 2400 ἀληθινὸς
1461 2331 1489 2383 ὁ
1517 2331 1745 2402 anili"

171 2415 328 2470 τοῦτό
348 2411 468 2471 ἐστι
492 2419 586 2472 καὶ
616 2419 739 2483 Υἱός
761 2436 774 2451 ⁸
810 2420 971 2484 αὐτὸς
999 2423 1107 2493 γάρ
1133 2423 1277 2477 ἐστιν
1301 2425 1334 2495 ὴ
1361 2422 1615 2494 ἀλήθεια·
1657 2423 1750 2477 καὶ

173 2507 205 2576 ἡ
231 2508 344 2577 ζωὴ
376 2509 520 2563 κατὰ
551 2511 710 2579 φύσιν
745 2513 774 2565 6
803 2513 992 2586 Πατήρ
1026 2515 1142 2567 ἐστί
1170 2530 1229 2568 τε
1256 2514 1350 2568 καὶ
1390 2515 1748 2585 ὀνομάζεται,

173 2599 330 2653 τοῦτο
372 2600 433 2653 δὲ
475 2601 635 2656 πάλιν
661 2604 756 2657 καὶ
776 2606 804 2658 6
827 2606 954 2667 Υἰός
973 2621 986 2634 °
1024 2607 1186 2668 αὐτὸς
1217 2605 1326 2676 γάρ
1358 2623 1522 2677 φησιν
1541 2624 1556 2638 ·
1607 2606 1752 2675 Ἔγπώ

175 2693 287 2760 εἰμι
307 2694 348 2761 ἠ
377 2693 713 2761 ἀνάστασις
745 2697 840 2750 καί
871 2696 908 2763 ἠ
939 2696 1071 2766 ζωή.
1103 2696 1214 2768 (59)
1243 2697 1410 2752 Τοῦτο
1434 2698 1587 2766 ἔλεγε
1615 2699 1751 2769 πρὸς

176 2783 263 2836 τὸν
290 2783 490 2839 ἑαυτοῦ
516 2787 752 2858 Πατέρα,
790 2789 870 2842 ὅτι
904 2788 1108 2843 Πάντα
1137 2789 1208 2844 τὰ
1241 2789 1352 2860 ἐμὰ
1373 2788 1456 2844 σά
1476 2790 1630 2857 ἐστι,
1653 2792 1747 2845 καί

178 2873 249 2928 τὰ
267 2877 353 2930 σὰ
377 2876 512 2946 ἐμά.

250 2966 359 3020 Kal
405 2966 664 3036 θήσομαι
700 2968 769 3020 ἐν
802 2969 1083 3038 θαλάσσῃ
1112 2971 1278 3040 χεῷα
1304 2972 1509 3027 αὐτοῦ.
1544 2973 1753 3027 Θάλασο

182 3071 277 3108 σαν
317 3055 440 3126 μὲν,
466 3054 543 3118 ὡς
589 3057 1017 3130 προειρήκαμεν,
1053 3060 1150 3131 τὴν
1196 3062 1254 3114 ὲν
1297 3062 1528 3132 δυσμαῖς
1571 3063 1753 3135 χώραν

182 3147 346 3217 φησί’
384 3147 661 3218 ποταμοὺς
702 3149 760 3206 δὲ
799 3150 898 3223 τήν
942 3151 1112 3224 μέσην
1141 3153 1248 3207 τῶν
1277 3155 1539 3226 ποταμῶν
1582 3155 1751 3224 λέγει,

1851 2043 2058 2097 nomine
2085 2057 2195 2095 meo
2212 2039 2537 2095 excitabitur
2565 2057 2725 2096 cornu
2757 2041 2891 2110 ejus.
2927 2041 3243 2096 Nominibus
3264 2041 3409 2096 enim

1849 2149 1969 2205 qua:
2004 2134 2236 2188 maxime
2273 2131 2418 2186 Patri
2450 2133 2796 2195 conveniunt,
2841 2134 2953 2201 ipse
2991 2146 3211 2202 quoque
3238 2131 3411 2187 Filius

1849 2237 2074 2282 ornatur
2115 2243 2128 2279 :
2173 2224 2403 2294 exempli
2459 2239 2623 2280 causa
2671 2225 2795 2278 dico
2841 2241 2855 2278 :
2912 2223 3056 2279 Deus
3114 2239 3276 2280 verus
3327 2235 3412 2281 est

1850 2316 2043 2382 Pater;
2091 2317 2324 2386 idipsum
2364 2326 2448 2371 est
2482 2314 2650 2371 Filius
2684 2336 2697 2370 :
2733 2317 2847 2386 ipse
2880 2331 3117 2386 namque
3154 2325 3238 2371 est
3267 2318 3409 2372 veri-

1849 2419 1931 2464 tas
1960 2426 1973 2462 :
1999 2417 2054 2463 et
2077 2409 2183 2462 vita
2217 2407 2515 2463 secundum
2563 2416 2812 2462 naturam
2845 2407 3004 2463 Pater
3030 2415 3114 2462 est
3162 2416 3216 2462 et
3248 2422 3413 2463 voca-

1852 2510 1963 2567 tur,
1995 2501 2127 2556 illud
2169 2501 2297 2556 item
2342 2511 2424 2556 est
2465 2499 2634 2556 Filius
2672 2519 2686 2554 :
2730 2502 2845 2570 ipse
2874 2516 3110 2569 namque
3142 2501 3217 2556 ait
3256 2519 3268 2554 :
3301 2498 3412 2570 Ego

1851 2608 1966 2646 sum
1985 2593 2296 2647 resurrectio
2333 2601 2380 2646 et
2413 2592 2538 2647 vita.
2566 2591 2678 2662 (59)
2710 2589 2825 2646 Hoc
2849 2591 3062 2646 dicebat
3099 2589 3188 2646 ille
3216 2591 3284 2646 ad
3312 2589 3417 2646 Pa-

1853 2692 2008 2738 trem:
2040 2681 2234 2738 Omnia
2265 2698 2380 2736 mea
2415 2691 2510 2736 tua
2534 2691 2676 2750 sunt,
2715 2691 2764 2738 et
2794 2691 2886 2736 tua
2906 2698 3022 2737 mea
3047 2690 3168 2738 sunt
3189 2680 3262 2736 ιδ’.

1921 2982 2014 3038 26.
2074 2981 2143 3037 Et
2169 2999 2360 3053 ponam
2387 2983 2442 3037 in
2465 2985 2600 3038 mari
2623 3000 2832 3037 manum
2863 2983 2998 3053 ejus.
3024 2983 3192 3050 Mare,
3219 2985 3298 3042 uti
3323 3002 3415 3043 su-

1855 3089 1949 3142 pra
1968 3075 2228 3139 diximus,
2265 3074 2652 3130 occidentalem
2697 3075 2971 3146 regionem
3008 3083 3166 3130 vocat
3194 3093 3209 3142 ;
3237 3075 3419 3131 ﬂumi-

1857 3180 1926 3221 na
1967 3179 2096 3220 vero
2151 3163 2597 3236 Mesopotamiam
2648 3166 2763 3221 sive
2813 3167 3075 3222 orientem
3118 3175 3413 3239 nuncupat.

179 3240 299 3311 ήτοι
341 3239 445 3310 τὴν
486 3240 770 3313 ἀνατολήν.
800 3243 968 3313 Φησὶν
992 3239 1104 3309 οὖν,
1134 3245 1216 3299 δτι
1241 3247 1322 3310 εἰς
1346 3247 1524 3301 πᾶσαν
1558 3246 1658 3318 τὴν
1679 3247 1750 3302 ol-

1856 3253 1944 3310 Ait
1963 3255 2145 3326 itaque
2173 3270 2270 3328 per
2301 3270 2517 3314 omnem
2556 3266 2753 3312 terram
2796 3256 2915 3326 ejus
2955 3271 3093 3328 opus
3130 3265 3416 3312 extensum

181 3331 456 3402 κουμένην
484 3332 517 3403 ἡ
547 3330 708 3386 αὑτοῦ
755 3333 953 3405 πρᾶξις
989 3335 1367 3406 ἰκταθήσεται.
1413 3337 1521 3392 Kal
1565 3338 1635 3391 ἐν
1657 3352 1757 3392 πο-

181 3418 387 3490 ταμοῖς
414 3419 619 3485 δεξιὰν
647 3422 851 3477 αὑτοῦ.
873 3423 958 3474 Ἐν
988 3423 1085 3493 μὲν
1115 3426 1181 3495 τῇ
1213 3424 1454 3497 θαλάσσῃ
1481 3424 1687 3482 τίθεται
1721 3428 1754 3499 ή

183 3513 304 3583 χεὶρ
329 3511 427 3565 τοῦ
456 3511 712 3584 Χριστοῦ,
736 3513 793 3564 ἰν
818 3511 874 3565 δὲ
907 3514 1017 3576 τοῖς
1046 3518 1307 3585 ’ποταμοῖς
1333 3518 1366 3587 ή
1389 3515 1539 3583 δεξιὰ
1569 3516 1755 3571 αὑτοῦ.

185 3604 327 3676 Πλὴν
360 3604 456 3657 ἰὰν
487 3603 702 3677 θελήσῃ.
736 3605 769 3674 ἡ
803 3603 1045 3659 θάλασσα
1085 3606 1293 3675 γίνεται
1337 3607 1582 3679 ποταμός
1602 3624 1617 3640 ο
1663 3609 1758 3663 καὶ

185 3696 343 3750 πάλιν
375 3696 405 3746 6
443 3695 704 3766 ποταμὸς,
727 3695 822 3749 ἰὰν
848 3699 1060 3771 τηρήσῃ
1099 3700 1191 3754 τὸν
1221 3702 1285 3754 ἰκ
1311 3700 1410 3772 τῆς
1437 3701 1643 3768 κοιλίας
1670 3704 1761 3758 αὐ·

182 3784 274 3839 τοῦ
311 3785 504 3858 ῥέοντα
537 3786 798 3858 ποταμὸν,
821 3787 915 3842 τοῦ
955 3787 1159 3854 ζῶντος
1205 3789 1396 3855 ὕδατος
1419 3792 1629 3860 γίνεται
1662 3793 1758 3848 06-

184 3876 378 3934 λασσα.

253 3967 452 4034 Αὐτὸς
496 3968 916 4026 ἐπικαλέσααί
960 3988 1034 4041 με
1049 3987 1064 4004 θ
1117 3971 1319 4042 Πατήρ
1368 3992 1488 4044 μου
1544 3971 1602 4030 sl
1652 3975 1755 4040 σὺ,

187 4062 329 4126 Oeric
350 4077 494 4129 μου.
530 4060 697 4114 Πάλιν
735 4061 965 4117 ἐνταῦθα
1001 4065 1359 4136 οἰκονομικῶς
1407 4067 1437 4121 6
1482 4085 1760 4140 σεσαρκωο

187 4151 343 4220 μένος
363 4150 498 4205 Θεὸν
523 4152 716 4208 εαυτοῦ
728 4154 817 4208 τὸν
834 4155 1052 4227 Πατέρα
1080 4154 1254 4221 καλεῖ,
1286 4155 1459 4226 λέγων
1482 4175 1496 4190 ·
1517 4160 1763 4228 Πορεύο-

181 4261 286 4311 μαι
315 4243 469 4312 πρὸς
507 4243 615 4299 τὸν
643 4245 874 4313 Πατέρα
900 4264 1019 4316 μου
1051 4246 1148 4301 καί
1187 4247 1416 4318 Πατέρα
1440 4249 1623 4320 ὐμιῖιν,
1661 4251 1759 4306 καί

188 4337 334 4391 Geor
371 4353 494 4405 μου
526 4336 624 4389 καί
664 4337 810 4391 Θεὸν
837 4338 1098 4408 ὐμῶν.⁹υ
1137 4341 1247 4411 γὰρ
1297 4343 1581 4414 προφήτης
1625 4344 1759 4412 φησί

186 4428 313 4499 περί
365 4426 553 4494 αὐτοῦ,
581 4428 791 4482 παιδίον
837 4427 1172 4500 γεννώμενον
1216 4432 1588 4504 προφητεύων,
1624 4433 1757 4488 Θεὸν

187 4519 405 4589 ἰσχυρὸν
435 4518 622 4587 ἔλεγεν
653 4520 836 4584 αὐτὸν,
863 4521 1083 4593 Πατέρα
1111 4522 1205 4576 τοῦ
1233 4524 1516 4595 μέλλοντος
1541 4526 1752 4591 αἰῶνος.

1857 3347 1944 3402 iri.
1970 3345 2040 3401 Et
2061 3348 2113 3400 in
2146 3346 2450 3415 ﬂuminibus
2478 3345 2745 3400 dexteram
2770 3346 2905 3416 ejus.
2931 3348 2990 3401 In
3021 3347 3157 3402 mari
3196 3348 3418 3418 ponitur

1856 3451 2050 3492 manus
2079 3435 2306 3504 Christi,
2348 3435 2403 3491 in
2430 3435 2743 3493 ﬂuminibus
2779 3446 2961 3492 autem
3004 3437 3226 3494 dextera
3269 3437 3411 3510 ejus.

1855 3526 2056 3584 Verum
2082 3527 2128 3582 si
2152 3527 2300 3593 velit,
2326 3544 2475 3584 mare
2500 3530 2726 3586 efficitur
2751 3528 2949 3586 ﬂumen
2979 3549 2993 3586 :
3025 3539 3079 3586 et
3105 3540 3293 3588 contra
3315 3530 3416 3586 Ilu-

1856 3635 1976 3675 men
2006 3618 2051 3675 si
2085 3618 2223 3676 alvei
2261 3620 2346 3676 sui
2384 3635 2580 3693 aquam
2613 3621 2863 3687 retine’at,
2891 3636 3048 3692 aqua:
3091 3622 3228 3678 viva:
3252 3639 3413 3679 mare

1855 3711 2101 3768 edicitur.

1923 3972 2015 4028 27.
2061 3969 2184 4040 Ipse
2215 3969 2476 4026 invocabit
2511 3985 2591 4024 me
2623 3985 2642 4023 :
2682 3967 2848 4024 Pater
2885 3987 3029 4026 meus
3067 3988 3121 4026 es
3153 3982 3229 4037 tu,
3275 3958 3416 4032 Deus

1858 4080 2022 4119 meus.
2061 4061 2176 4119 Hoc
2201 4062 2323 4117 loco
2349 4061 2443 4132 qui
2475 4061 2788 4118 incarnatus
2817 4073 2900 4117 est
2927 4079 3023 4133 per
3053 4071 3412 4125 teconomiam

1859 4156 2027 4211 Deum
2061 4163 2217 4208 vocat
2245 4152 2458 4206 Patrem
2491 4167 2650 4207 suum
2674 4153 2860 4209 dicens
2886 4173 2899 4209 :
2937 4153 3084 4210 Vado
3106 4159 3176 4212 ad
3198 4157 3416 4218 Patrem

1858 4263 2030 4302 meum
2077 4255 2127 4300 et
2173 4244 2390 4299 Patrem
2437 4254 2683 4310 oestrum,
2727 4244 2895 4300 Deum
2944 4262 3114 4302 meum
3161 4259 3212 4304 et
3250 4250 3416 4307 Deum

1857 4348 2086 4394 vestrum
2118 4336 2184 4392 “.
2223 4334 2358 4391 Nam
2403 4336 2665 4405 propheta
2692 4336 2758 4392 de
2790 4338 2884 4394 illo
2912 4337 3173 4408 loquitur,
3197 4357 3321 4398 cum
3350 4343 3418 4401 de

1857 4445 2024 4500 puero
2075 4437 2202 4484 nato
2247 4427 2649 4498 praenuntians,
2711 4429 2879 4484 Deum
2942 4429 3138 4488 fortem
3204 4437 3418 4494 vocavit

1859 4522 2032 4585 illum,
2058 4520 2270 4574 Patrem
2297 4519 2464 4575 futuri
2491 4519 2675 4574 saeculi
2699 4519 2762 4573 “.

254 4613 359 4675 Εἰς
389 4609 496 4663 τὸν
517 4609 704 4664 αἰῶνα
726 4611 974 4680 φυλάξω
1001 4612 1160 4679 αὐτῷ
1190 4614 1257 4668 τὸ
1295 4617 1466 4682 ἔλεός
1503 4634 1622 4686 μου
1663 4617 1750 4671 καὶ

1929 4613 2021 4668 τι».
2063 4611 2130 4666 1η
2155 4619 2405 4666 teternum
2434 4610 2646 4665 servabo
2683 4609 2767 4664 illi
2802 4613 3220 4670 misericordiam
3247 4633 3414 4672 meam

185 4699 480 4769 διαθήκην
504 4717 643 4770 μου.
671 4701 830 4774 Λύτῷ
855 4704 952 4774 μὲν
979 4704 1057 4775 τῷ
1087 4707 1465 4761 πεπιστευκύτι
1496 4707 1564 4761 δι’
1589 4707 1753 4762 αὐτοῦ

185 4792 295 4865 λαῷ
329 4793 714 4863 imm.vast
744 4796 800 4850 δὲ
827 4797 926 4867 τὴν
960 4796 1048 4850 διὰ
1088 4798 1325 4862 πίστεως
1355 4798 1546 4869 ἄφεσιν
1585 4799 1750 4868 λέγει.

185 4884 459 4958 Διαθήκην
502 4885 560 4940 δὲ
602 4887 699 4958 τὴν
743 4887 869 4942 νέαν
918 4889 1101 4960 φησιν,
1133 4891 1198 4960 ὴν
1239 4891 1333 4944 καὶ
1362 4891 1559 4962 πιστὴν
1591 4887 1751 4958 εἶναι,

184 4977 304 5028 ἀντί
337 4975 468 5039 τῶν,
498 4976 710 5048 ἀσφαλῆ
754 4978 849 5031 καὶ
881 4977 1103 5048 βασαίαν
1133 4982 1226 5034 καὶ
1257 4981 1539 5052 μένουσαν.
1558 4981 1621 5036 Ἦ
1656 4981 1754 5054 μὲν

185 5066 289 5139 γὰρ
318 5066 510 5138 πρώτη
546 5067 778 5140 διαθήκη
823 5069 1091 5125 πέπαυται
1135 5072 1223 5126 διὰ
1248 5073 1308 5126 τὸ
1335 5073 1504 5144 αὐτῆς
1535 5073 1755 5141 ἀσθενὲς

188 5158 278 5212 καὶ
299 5158 575 5228 ἀνωφελές
595 5175 609 5190 ο
637 5160 788 5214 οὐδὶν
815 5159 923 5232 γὰρ
948 5162 1258 5217 ἰτελείωσεν
1281 5165 1309 5217 6
1335 5164 1514 5234 νόμος.

257 5342 364 5395 Καὶ
393 5339 653 5411 θήσομαι
675 5346 761 5410 εἰς
786 5345 895 5400 τὸν
917 5345 1102 5400 αἰῶνα
1122 5347 1228 5402 τοῦ
1251 5347 1464 5414 αἰῶνος
1487 5349 1552 5402 τὸ
1578 5347 1760 5419 σπέρ-

184 5449 265 5501 μα
285 5434 492 5489 αὐτοῦ.
522 5434 598 5488 Οὐ
634 5435 898 5490 παύσεται
935 5438 1044 5509 γὰρ
1092 5437 1151 5492 τὸ
1192 5438 1530 5510 Χριστιανῶν
1566 5440 1756 5511 ὄνομα,

192 5525 280 5578 καὶ
310 5525 408 5597 τῆς
435 5527 796 5599 εὐαγγελικῆς
832 5528 1085 5602 λατρείας
1133 5531 1167 5602 ή
1213 5529 1470 5602 δύναμις·
1506 5533 1758 5604 διηνεκὴς

191 5612 243 5667 δὲ
273 5617 469 5687 μᾶλλον
495 5618 648 5673 ισται
677 5619 772 5673 καὶ
799 5620 1191 5692 ἁκατάληκτος.

1857 4713 1906 4759 et
1936 4713 2304 4759 testamentum
2332 4717 2523 4757 meum.
2567 4702 2675 4772 Ipsi
2719 4703 2928 4759 scilicet
2960 4707 3161 4776 popqu
3199 4709 3292 4777 qui
3323 4723 3419 4779 per

1856 4810 1979 4851 eum
2017 4794 2265 4850 credidit.
2290 4793 2719 4849 Misericordiam
2741 4803 2922 4850 autem
2955 4805 3110 4853 vocat
3137 4801 3417 4856 remissio-

1858 4902 1980 4943 nem
2004 4901 2126 4957 qua:
2169 4901 2264 4957 per
2307 4885 2465 4939 iidem
2505 4885 2800 4941 oblinetur.
2841 4886 3245 4945 Testamentum
3289 4906 3418 4948 vero

1861 4993 2060 5033 novum
2090 4977 2187 5043 ait,
2215 4977 2357 5048 quod
2389 4976 2544 5032 ﬁdele
2576 4975 2726 5043 dicit,
2756 4979 2961 5035 scilicet
2988 4979 3224 5048 tinuum,
3258 4997 3417 5039 secu-

1859 5085 1980 5126 rum
2009 5078 2063 5124 et
2093 5085 2340 5124 manens.
2365 5067 2498 5124 Nam
2522 5071 2754 5140 primum
2789 5072 2919 5127 illud
2943 5082 3321 5130 testamentum
3347 5076 3417 5131 ob

1861 5161 2229 5216 inﬁrmitatem
2253 5169 2305 5214 et
2330 5159 2678 5215 inutilitatem
2706 5177 2859 5217 suam
2897 5163 3078 5219 desiit.
3099 5163 3246 5219 Nihil
3270 5165 3416 5222 enim

1861 5252 1924 5309 ad
1954 5250 2248 5320 perfectum
2275 5249 2500 5305 deduxit
2520 5252 2625 5308 lex.

1932 5341 2019 5398 30.
2075 5341 2145 5396 Et
2188 5358 2379 5412 ponam
2426 5344 2482 5397 in
2527 5344 2777 5398 secutum
2824 5345 3008 5399 stt-culi
3053 5361 3224 5401 semen
3280 5351 3414 5418 ejus.

1862 5437 2147 5506 Nunquam
2181 5435 2416 5491 cessabit
2456 5437 2600 5491 enim
2637 5435 3073 5492 Christianorum
3115 5454 3333 5506 nomen,
3365 5453 3419 5498 et

1863 5529 2036 5583 virtus
2073 5527 2372 5594 evangelici
2411 5528 2625 5594 cultus;
2664 5529 2776 5586 imo
2817 5529 2999 5600 potius
3034 5541 3291 5602 perpetua
3315 5533 3420 5591 erit

1857 5631 1910 5678 et
1934 5619 2369 5676 interminabilis.

259 5751 303 5786 “
331 5751 490 5810 Joan.
518 5771 592 5818 tv,
625 5755 716 5811 24.
757 5755 800 5788 δ’
831 5755 990 5813 Joan.
1037 5775 1168 5826 xm,
1202 5759 1288 5814 10.
1366 5761 1412 5794 ⁸³
1445 5759 1602 5819 Joan.
1641 5777 1732 5830 xx,

1852 5801 1865 5818 .
1942 5761 1986 5794 ”
2024 5759 2125 5817 lsa.
2167 5776 2240 5825 Ix,
2278 5757 2328 5817 6.

256 5868 366 5941 (59)
406 5870 506 5928 llic
529 5870 713 5928 deﬁcit
739 5882 1049 5927 contextus.
