4108 6502
190 439 296 498 395

1215 437 1569 495 EXPOSITIO
1611 437 1680 492 IN
1714 435 2045 492 PSALMUM
2088 434 2417 490 LXXXVIII.

3317 427 3423 490 394

193 560 445 630 ἐχθροὺς
481 560 689 617 αὐτοῦ.
746 563 1000 632 Ἐχαιρον
1050 578 1158 632 γαρ
1207 563 1298 616 καὶ
1342 562 1583 616 ἐπέσειον
1622 559 1767 631 αύτῷ

1891 561 2107 614 nimicos
2134 560 2268 628 ejus.
2303 555 2620 611 Gaudebant
2669 557 2811 611 enim
2847 565 2898 608 et
2933 556 3218 612 movebant
3247 558 3420 628 capit)

193 649 289 714 τὰς
315 651 566 720 κεφαλὰς
589 691 604 716 ,
633 651 864 724 ὁρῶντες
894 651 1054 705 αύτδν
1083 652 1175 705 ἐπὶ
1205 651 1359 717 ξύλου
1401 652 1763 723 κρεμάμενον.

275 742 696 812 Ἀπέστρεψιας
734 742 845 811 τὴν
868 743 1175 812 ,βοήθειαν
1204 743 1314 813 τῆς
1336 745 1635 813 ῥομφαίας
1665 745 1769 798 αὑ-

193 835 321 890 τοῦ.
368 837 591 908 Ἐπειδὴ
616 836 796 902 ἀξίους
827 837 981 901 ὄντας
1014 838 1112 909 τὴν
1141 838 1373 908 ἐσχάτην
1404 838 1558 908 δίκην
1586 839 1768 890 ἀποτῖ-

198 942 287 980 σαι
332 930 467 992 τοὺς
512 928 929 1000 σταυρώσαντας
958 930 1048 984 τὸν
1100 930 1355 1001 μονογενῆ
1387 930 1480 982 τού
1512 929 1641 982 θεοῦ
1678 929 1771 981 καὶ

197 1018 416 1090 [ἰατρὸς
448 1020 574 1073 Υἱὺν
605 1021 666 1073 ού
698 1020 1065 1092 τετιμώρηται
1107 1024 1444 1093 παραχρῆμα
1463 1064 1486 1093 ,_
1509 1023 1612 1093 ea
1645 1024 1772 1076 πο).-

196 1110 292 1181 λὴν
327 1111 741 1183 φιλανθρωπίαν
769 1090 1305 1185 καιρδννμετανοίας
1446 1090 1534 1169 δῖἀ
1585 1115 1650 1185 βα
1661 1116 1774 1170 πτί-

201 1219 430 1275 σματος,
468 1206 561 1258 καὶ
591 1207 773 1269 αὐτοῖς
803 1207 1152 1279 χαριζόμενος
1173 1223 1185 1235 °
1215 1207 1403 1261 τούτου
1452 1208 1609 1278 χάριν
1639 1210 1773 1262 ἁπο-

202 1298 435 1369 στρὲψαι
479 1299 691 1366 λέγεται
725 1298 822 1370 τὴν
853 1298 1101 1371 βοήθειαν
1131 1301 1228 1371 τῆς
1281 1301 1549 1372 ῥομφαίας
1587 1299 1771 1354 αὑτοῦ.

201 1387 273 1440 Τὸ
296 1388 380 1451 δὲ,
414 1387 822 1458 ἀπέστρεψας,
853 1389 1002 1454 ἀντὶ,
1037 1390 1289 1460 ἐπέσχες.

270 1479 632 1547 Κατέλυσας
680 1481 797 1534 ἀπὸ
834 1482 1202 1551 καθαρισμοῦ
1234 1482 1438 1536 αὐτοῦ.
1474 1481 1580 1547 Τὸ,
1636 1498 1775 1535 κατ-

201 1570 459 1637 έλυσας,
477 1573 596 1625 ἀντὶ
625 1573 737 1636 τοῦ,
769 1575 1128 1645 κατήνεγκας.
1151 1575 1505 1645 Κατήνεγκας
1534 1570 1646 1638 οὖν,
1674 1592 1778 1645 φη-

206 1666 322 1729 σὶν,
357 1667 482 1736 ἢτοι
507 1666 920 1737 παρεσκεύασας
953 1667 1033 1730 είς
1063 1665 1122 1718 τὸ
1156 1666 1535 1730 πιστεύεσθαι,
1567 1667 1648 1720 ὅτι
1678 1684 1778 1720 κα-

205 1755 371 1828 θαρός
410 1759 581 1811 ἐστιν.
645 1758 935 1830 Ἐπενοήθη
965 1758 1071 1832 γὰρ
1096 1755 1234 1813 εἶναι
1269 1760 1502 1830 πονηρὸς
1526 1801 1540 1824 ,
1584 1759 1675 1813 καὶ
1707 1759 1780 1824 ὡς

206 1849 535 1920 ἁμαρτωλὸς
566 1849 863 1921 κατεκρίθη
891 1889 905 1912 ,
953 1849 1050 1902 καί
1081 1851 1150 1903 ἐν
1180 1849 1302 1916 τοῖς
1354 1851 1594 1920 ἀνόμοις
1648 1851 1781 1904 ἑλο·

1869 665 1990 714 sua,
2020 650 2263 702 videntes
2289 663 2411 701 eum
2441 647 2493 700 in
2524 647 2667 717 ligno
2707 647 3026 716 pendentem
3044 648 3110 702 ".

1939 743 2027 797 Η.
2086 741 2330 795 Avertisti
2375 739 2701 807 adjutorium
2748 739 2912 809 gladii
2962 740 3094 803 eius.
3155 739 3424 805 Quoniam

1869 850 1964 890 eos
1989 835 2081 904 qui
2114 832 2447 902 unigenitum
2480 829 2572 884 Dei
2604 839 2657 884 ct
2698 827 2875 885 Patris
2910 828 3104 883 Filium
3140 828 3427 885 cruciﬁxi:-

1871 933 2022 986 runt,
2061 932 2302 977 extremo
2338 919 2606 991 supplicio
2635 921 2863 990 dignos,
2915 935 3022 974 non
3063 920 3244 974 statim
3281 921 3427 973 ultus

1871 1024 1988 1074 est;
2025 1015 2116 1070 sed
2147 1029 2241 1084 per
2275 1027 2541 1068 summam
2568 1011 2903 1066 clementiam
2930 1020 3140 1081 tempus
3166 1011 3428 1081 pmnitcu-

1875 1109 1962 1163 tia'
1991 1123 2085 1178 per
2109 1105 2435 1176 baptismum
2461 1105 2605 1159 dedit
2633 1103 2773 1169 illis;
2823 1104 2942 1158 ideo
2988 1103 3119 1158 dicit
3169 1101 3430 1157 avertisse

1874 1201 2200 1269 adjutorium
2227 1199 2385 1270 gladii
2414 1199 2530 1266 ejus
2557 1215 2571 1262 ;
2605 1197 2734 1252 illud
2763 1204 2965 1260 autem,
2997 1196 3254 1258 avertisti,
3286 1194 3432 1249 acci-

1876 1295 2018 1364 pitur
2049 1307 2166 1363 pro,
2197 1290 2487 1346 retinuisti.

1947 1472 2036 1526 45.
2072 1469 2395 1524 Destruxisti
2433 1484 2549 1521 eum
2583 1467 2647 1520 ab
2685 1465 3068 1520 emundatione.
3125 1460 3257 1516 Illud
3281 1499 3295 1522 ,
3338 1459 3430 1512 ἄρα

1879 1561 2144 1628 struxisti,
2178 1576 2299 1630 pro,
2332 1557 2593 1630 dejecisti,
2625 1557 2861 1628 positum
2892 1566 2995 1618 est,
3027 1554 3077 1608 id
3108 1560 3211 1619 est,
3253 1553 3430 1622 proi'i-

1881 1654 2007 1709 disti
2059 1662 2118 1708 ut
2163 1652 2472 1707 crederetur
2515 1664 2702 1720 purus.
2767 1646 2901 1701 Nam
2931 1645 3190 1716 putabant
3228 1643 3430 1698 malum

1880 1761 2021 1811 esse,
2055 1756 2108 1799 et
2139 1743 2294 1814 quasi
2325 1750 2575 1812 peccator
2605 1741 2890 1794 damnatus
2920 1746 3032 1801 est,
3079 1746 3127 1790 et
3175 1737 3309 1789 inter
3331 1736 3434 1788 iui-

1881 1855 2010 1910 quos
2035 1845 2306 1907 reputatus
2336 1835 2404 1889 ⁸⁸.
2438 1832 2703 1887 Thronum
2729 1831 2840 1902 ejus
2859 1831 2914 1883 in
2946 1839 3140 1883 terram
3169 1827 3430 1880 collisisti.

206 1915 410 2009 ricam.
445 1937 555 1994 Τὸν
571 1915 786 2008 θρόνονρ
806 1915 991 1993 αύτοῦ
1009 1941 1096 2005 εις
1114 1939 1228 2008 τὴν
1247 1915 1364 2008 Ῠῆν
1389 1915 1775 2008 “dati/I505“?-

1886 1931 2014 1999 Quia
2044 1930 2335 1985 carnaliter
2361 1941 2556 1996 passus
2582 1935 2684 1984 est.
2719 1933 2772 1978 et
2805 1921 2980 1977 factus
3008 1929 3093 1976 est
3119 1920 3260 1973 inter
3287 1933 3435 1972 mor-

218 2032 442 2101 Ἐπειδὴ
477 2031 710 2085 πέπονθε
745 2031 1048 2102 σαρκικῶς,
1097 2031 1192 2084 καὶ
1229 2031 1451 2100 γέγονεν
1479 2033 1538 2085 ὲν
1569 2035 1780 2104 νεκροῖς

208 2125 518 2196 ἐλεύθερος*
549 2123 865 2194 νομίσαντες
890 2126 937 2177 οἱ
971 2123 1413 2194 σταυρώσαντες,
1466 2124 1548 2178 ὅτι
1579 2141 1780 2178 πεπον-

209 2216 318 2280 θὼς
347 2216 668 2288 συνεστάλη,
693 2216 789 2270 καὶ
817 2216 1091 2269 πέπαυται
1125 2216 1218 2270 τοῦ
1244 2217 1338 2271 καὶ
1356 2217 1495 2282 ὅλως
1519 2212 1658 2272 εἶναι
1687 2217 1781 2271 καὶ

207 2306 571 2378 ὀνομάζεσθαι
589 2325 606 2341 ο
638 2307 725 2362 διὰ
745 2306 900 2360 τοῦτο
932 2308 1030 2373 τὰς
1053 2308 1162 2361 τῶν
1187 2308 1610 2380 σταυρωσάντων
1651 2309 1781 2362 ὑπο-

209 2399 360 2462 νοίας
391 2399 738 2472 διερμηνεύει
769 2400 974 2471 λέγων·
1037 2401 1150 2456 Τὸν·
1197 2402 1413 2470 θρόνον
1461 2401 1647 2456 αὐτοῦ
1695 2405 1782 2468 εις

210 2490 328 2560 τὴν
350 2490 472 2561 γῆν
499 2493 884 2562 κατέρῤαξας.

285 2585 437 2648 Ἕως
460 2585 623 2648 πότε,
652 2585 846 2653 Κύριε,
873 2585 1221 2654 ἀποστρέφῃ
1252 2588 1338 2652 εις
1366 2585 1555 2652 τέλος,
1579 2585 1785 2639 ἐκκαυο

213 2671 463 2741 θήσεται
493 2674 574 2739 ὡς
603 2673 793 2742 πῦρ’ή
825 2672 969 2743 ὀργή
1000 2689 1147 2737 σου;
1175 2671 1450 2740 Τουτέστι,
1483 2674 1660 2747 Μέχρι
1700 2673 1782 2727 τί-

214 2782 301 2830 νος
336 2757 546 2836 ἰσχύσει
585 2763 655 2819 τά
686 2764 791 2819 τῶν
844 2766 1108 2821 Ἰουδαίων
1135 2767 1456 2838 τολμήματι
1478 2805 1492 2829 ,
1525 2769 1783 2820 ἐπισπού-

213 2854 485 2920 δαζόντων
527 2855 626 2926 τὴν
673 2854 766 2908 τοῦ
819 2856 1152 2924 Μονογενοῦς
1204 2857 1297 2909 καὶ
1334 2855 1584 2927 Σωτῆρος
1627 2855 1784 2927 ἡμῶν

218 2945 559 3017 σταύρωσινς
619 2945 677 2998 '0
703 2944 759 2998 δὲ
789 2945 1112 3017 Σύμμαχος·
1176 2947 1322 3009 Ἕως
1358 2948 1550 3011 τίνος,
1585 2949 1782 3015 Κύριε,

216 3035 613 3105 ἁποκρυόἠσῃ
637 3038 724 3105 εὶς
749 3036 948 3105 τέλος,
977 3036 1341 3108 φλεγήσεται
1368 3038 1447 3104 ὡς
1481 3037 1600 3106 πῦρ
1625 3041 1658 3092 ό
1685 3041 1785 3093 θυ-

211 3130 328 3196 μός
360 3143 516 3192 σου;
543 3129 718 3200 Μέχρι
747 3130 891 3194 τίνος
912 3171 927 3192 ,
963 3132 1116 3202 φησὶ.
1151 3131 1393 3186 Δέσποτα
1411 3172 1425 3196 ,
1454 3132 1554 3186 ούκ
1583 3131 1785 3196 ἐθέλεις

223 3219 352 3316 ἰθεῖν
383 3218 483 3281 τὰς
529 3221 800 3316 ἡμετέρας
825 3221 1013 3285 ὀδύνας
1032 3262 1046 3285 ,
1076 3221 1184 3274 οὐδ’
1219 3221 1477 3294 ὲπιφαίνῃ
1522 3223 1616 3276 καὶ
1642 3219 1785 3286 λύεις
1811 3257 1855 3316 c

218 3312 315 3375 τὰς
344 3311 627 3382 συμφοράς
648 3327 663 3342 ·
686 3312 822 3365 ἀλλὰ
850 3312 1098 3384 καθάπερ
1120 3311 1232 3383 πῦρ
1254 3313 1353 3384 τὴν
1375 3314 1542 3383 ὀργὴν
1566 3317 1631 3384 τῇ
1657 3316 1785 3385 μνήο

223 3420 300 3475 μῃ
329 3403 608 3476 ἡμετέρων
641 3404 966 3477 ἁμαρτάδων
998 3404 1270 3471 ἐκκαίεις;

290 3494 602 3564 Μνήσθητι
647 3497 738 3563 τίς
758 3513 878 3566 μου
923 3497 962 3564 ἠ
996 3498 1350 3564 ὑπόστασις.
1427 3497 1542 3551 Ἐπ’
1574 3495 1784 3568 ἀφθαρο

223 3588 344 3659 σία,
379 3589 548 3657 φησι,
582 3588 670 3642 τὸν
701 3588 985 3660 ἄνθρωπον
1019 3589 1350 3661 πεποίηκας,
1377 3589 1470 3643 καὶ
1499 3591 1617 3642 κατ’
1648 3588 1788 3642 εἰκό-

221 3696 291 3732 να
318 3678 422 3749 τὴν
452 3678 548 3750 σὴν
585 3679 822 3742 ἔπλασας
850 3679 1009 3732 αὐτόν
1029 3697 1042 3709 ’
1101 3679 1234 3732 ἀλλὰ
1261 3681 1482 3749 γέγονεν
1519 3680 1624 3733 ὑπὸ
1659 3680 1789 3750 φθο-

226 3767 325 3838 ρὰν
357 3767 418 3832 ἐξ
454 3768 690 3839 ἀπάτης,
714 3768 896 3839 φησίν.
919 3767 1123 3821 Ούκοῦν
1153 3768 1250 3840 τὴν
1277 3769 1582 3841 ἀφθαρσίαν
1609 3771 1789 3834 ἐπίδος

225 3857 312 3913 ἶνα
341 3856 638 3923 σώζωνται,
665 3857 912 3930 καθάπερ
939 3858 1177 3930 ἐπλάσθη
1212 3853 1272 3913 τὸ
1301 3859 1528 3930 ποίημα.

298 4035 398 4101 Τίς
419 4035 589 4089 ἐστιν
614 4034 920 4104 ἄνθρωπος
944 4036 1012 4102 ὃς
1039 4033 1273 4103 ζήσεται
1304 4039 1400 4093 καί
1432 4041 1543 4092 οὐκ
1581 4038 1788 4108 ὄψεται

224 4124 518 4187 mirator;
547 4125 766 4190 Οὐδεὶς,
800 4127 990 4198 φησιν,
1021 4126 1142 4182 οὔτε
1160 4127 1388 4184 θανάτου
1406 4131 1667 4202 κρείττων
1694 4148 1788 4199 γε-

223 4217 466 4289 νήσεται,
486 4215 608 4270 οὕτε
635 4218 740 4290 μὴν
759 4217 828 4272 ἐκ
849 4217 1046 4287 χειρὸς
1067 4219 1214 4285 ᾅδου
1239 4220 1352 4289 τὴν
1375 4221 1584 4291 ψυχὴν
1603 4221 1803 4276 αὐτοῦ-

217 4309 490 4375 ρύσεται,
517 4310 565 4361 εί
595 4307 670 4381 μὴ
698 4309 784 4374 σὺ,
808 4309 989 4380 φησὶν,
1013 4304 1058 4362 ὧ
1081 4309 1344 4376 Δέσποτα,
1380 4311 1476 4383 τὴν
1499 4312 1789 4366 ἀνάστασιν

224 4396 444 4450 imbuite.

255 4396 560 4547 πὲορυέεωι
587 4490 659 4544 τὰ
700 4489 838 4559 ἐλέη
865 4509 981 4546 σου
1021 4491 1094 4546 τὰ
1122 4491 1364 4563 ἀρχαῖα,
1395 4494 1609 4562 Κύριε;
1667 4494 1789 4565 Ἀρ-

1881 2034 2003 2079 tuos
2032 2021 2186 2084 liber,
2225 2019 2326 2073 rati
2365 2018 2458 2088 qui
2495 2016 2877 2071 crucifixet‘unt
2914 2027 3074 2076 eum,
3115 2024 3433 2081 oppressum

1882 2111 2052 2169 fuisse
2075 2127 2172 2182 per
2213 2107 2542 2180 passionem,
2596 2122 2659 2161 ac
2686 2105 2910 2160 omnino
2938 2104 3098 2159 tinem
3145 2102 3435 2158 exsisteinti

1881 2204 2074 2260 fecisse
2104 2218 2203 2258 nec
2227 2201 2366 2256 ultra
2394 2197 2782 2254 nominandum
2819 2195 2965 2250 fore:
3003 2195 3124 2249 ideo
3145 2193 3434 2264 Propheta.

1882 2310 2091 2350 eorum.
2117 2294 2210 2364 qui
2242 2292 2630 2348 cruciﬁxerunt
2677 2286 3133 2344 existimationem
3169 2286 3437 2355 interpre-

1883 2393 2026 2440 tatur
2052 2385 2237 2440 dicens
2265 2401 2278 2437 :
2313 2381 2577 2435 Thronum
2601 2380 2714 2449 ejus
2741 2379 2794 2432 in
2828 2389 3019 2432 terram
3041 2378 3303 2433 cotlisisti.

1946 2586 2036 2641 Π.
2070 2583 2363 2654 Usquequo,
2396 2579 2645 2643 Domine,
2690 2581 2878 2635 avertis
2905 2581 2962 2633 in
3001 2579 3184 2647 ﬁnem,
3227 2577 3440 2630 exarde-

1882 2685 1988 2732 scet
2032 2677 2167 2731 sicut
2199 2676 2336 2746 ignis
2371 2676 2454 2727 ira
2490 2674 2626 2727 tua?
2686 2672 2740 2728 Id
2768 2681 2869 2736 est,
2906 2669 3198 2741 Usquequo
3224 2667 3439 2723 ludam--

1883 2785 2004 2827 rum
2037 2783 2204 2824 ausus
2245 2766 2643 2837 praevalebunt,
2691 2765 2784 2834 qui
2808 2771 3001 2819 curant
3031 2771 3088 2816 ut
3117 2760 3437 2831 Unigenitus

1883 2871 1938 2917 et
1966 2859 2214 2916 Salvator
2235 2866 2416 2912 noster
2437 2853 2819 2925 cruciligaturf
2841 2851 3199 2924 Symmachus
3220 2859 3398 2904 autem
3422 2868 3434 2903 :

1889 2952 2162 3023 Usquequo
2186 2990 2201 3015 ,
2232 2949 2486 3016 Domine,
2529 2946 2859 3001 absconderis
2905 2944 2960 2997 in
2990 2944 3177 3012 ﬁnem,
3223 2941 3440 2994 exarde—

1884 3055 1989 3099 scet
2021 3054 2077 3097 ut
2104 3043 2240 3113 ignis
2266 3043 2418 3112 furor
2445 3041 2608 3094 tuus?
2626 3039 2935 3110 Usquequo,
2968 3035 3165 3106 inquit,
3196 3033 3441 3098 Domine,

1885 3152 1994 3193 non
2020 3136 2104 3191 vis
2136 3133 2404 3204 respicere
2449 3131 2665 3187 dolores
2706 3139 2947 3194 nostros,
3003 3143 3178 3197 neque
3218 3141 3444 3198 apparat

1886 3240 1940 3287 et
1966 3229 2114 3286 eruis
2144 3241 2244 3284 nos
2277 3242 2309 3281 a
2335 3223 2769 3288 calamitatibus;
2815 3221 2908 3276 sed
2933 3220 3088 3290 quasi
3136 3218 3276 3289 ignis
3307 3219 3441 3271 iram

1888 3333 2037 3379 tuam
2078 3337 2172 3391 per
2224 3327 2571 3390 peccatorum
2622 3324 2935 3372 nostrorum
2986 3313 3301 3370 memoriam
3354 3328 3444 3366 ac-

1887 3413 2112 3470 cendia?

1953 3501 2043 3559 48.
2092 3501 2383 3557 Memorare
2424 3516 2538 3572 qua:
2573 3516 2687 3554 mea
2715 3498 3033 3554 substantia.
3098 3499 3155 3552 In
3201 3499 3449 3553 incorru-

1888 3596 2093 3669 ptione,
2140 3595 2337 3666 inquit,
2384 3593 2657 3649 hominem
2705 3592 2919 3658 fecisti,
2957 3601 3012 3648 et
3060 3592 3126 3647 ad
3157 3591 3445 3661 imaginem

1888 3697 2038 3744 tuam
2083 3686 2331 3743 formasti
2375 3700 2539 3748 eum;
2598 3685 2692 3740 sed
2727 3683 2918 3740 fraude
2966 3685 3366 3740 circumventus
3396 3683 3448 3735 in

1889 3780 2293 3850 corruptionem
2330 3777 2550 3832 decidit.
2596 3774 2782 3846 Itaque
2813 3777 2939 3831 dato
2975 3775 3052 3829 illi
3081 3773 3446 3843 incorruptio-

1890 3887 2035 3936 nem,
2068 3879 2129 3926 ut
2164 3870 2391 3926 salutem
2420 3877 2820 3939 consequatur,
2840 3870 2910 3924 'in
2928 3884 3086 3940 quem
3114 3867 3275 3923 tinem
3308 3881 3447 3936 Opus

1891 3962 2022 4018 illud
2057 3959 2304 4017 effectum
2339 3969 2443 4016 est.

1963 4055 2050 4110 49.
2085 4054 2216 4120 Quis
2239 4063 2313 4108 est
2338 4053 2489 4106 homo
2515 4052 2604 4122 qui
2626 4050 2757 4104 vivet
2774 4057 2822 4102 et
2850 4065 2949 4101 non
2972 4047 3163 4103 videbit
3190 4059 3403 4103 mortem
3427 4051 3452 4104 ἲ

1893 4143 2084 4212 Nemo,
2119 4144 2332 4214 inquit,
2359 4150 2454 4197 aut
2481 4149 2654 4196 morte
2678 4140 2923 4209 superior
2949 4139 3085 4206 erit,
3115 4149 3209 4194 aut
3235 4141 3452 4194 redime:

1893 4237 2127 4290 animam
2147 4251 2297 4290 suam
2323 4235 2386 4288 de
2418 4249 2576 4287 manu
2606 4231 2798 4302 inferi,
2833 4231 2939 4286 nisi
2964 4237 3023 4284 tu
3043 4271 3060 4298 ,
3103 4231 3299 4302 inquit,
3348 4231 3450 4283 Do-

1894 4329 2058 4397 mine,
2091 4329 2548 4384 resurrectionem
2571 4324 2933 4382 concesseris.

1963 4488 2052 4543 50.
2088 4486 2186 4541 Ubi
2211 4495 2331 4540 sunt
2357 4484 2733 4538 misericordiw
2768 4493 2872 4538 tute
2906 4482 3155 4554 antiquae,
3187 4479 3453 4536 Domine?

224 4586 352 4654 χαΐα
378 4582 504 4654 ἰλὲη
535 4580 631 4635 τοῦ
658 4581 814 4643 Θεοῦ,
850 4583 1032 4652 φησὶν,
1068 4585 1102 4655 ἡ
1130 4584 1234 4654 πρὸ
1261 4583 1564 4656 καταϐολῆς
1589 4584 1786 4655 κόσμου

1895 4581 2157 4650 Antiquas
2209 4577 2301 4632 Dei
2361 4576 2767 4632 misericordias
2796 4585 2986 4641 vocat,
3048 4573 3449 4628 renovatioucm

224 4674 505 4749 ὡρισμένη
537 4675 618 4737 εἰς
643 4673 946 4746 ἀφθαρσίαν
977 4676 1431 4747 ἀναστοιχείωσις.

293 4856 610 4925 Μνήσθητι
631 4892 648 4920 ,
681 4855 878 4922 Κύριε,
911 4853 1018 4909 τοῦ
1055 4853 1394 4926 ὀνειδισμοὶ)
1419 4854 1538 4908 τῶν
1561 4855 1792 4909 οούλων

224 4964 362 5006 σου.
408 4948 625 5019 Ἐπειδὴ
649 4945 964 5001 ὠνείδισάν
990 4963 1056 5018 με
1075 4985 1091 5010 ,
1117 4945 1288 5017 Κύριε
1307 4985 1321 5010 ,
1346 4949 1398 5000 ot
1424 4947 1621 5017 ἐχθροί
1649 4933 1801 5014 σου,

224 5042 528 5112 φάσκοντες
567 5039 778 5108 ψευδεῖς
818 5033 954 5091 εἶναι
986 5037 1084 5101 τὰς
1117 5037 1245 5108 περὶ
1288 5036 1421 5108 ἐμοῦ
1461 5042 1573 5101 τοῖς
1620 5037 1795 5093 ἔθνεσι

222 5130 516 5202 διδομένας
547 5129 906 5198 ἐπαγγελίας·
961 5120 1121 5182 αὗται
1166 5128 1222 5181 δὲ
1259 5122 1398 5199 ἦσαν
1448 5130 1509 5183 τὸ
1556 5129 1792 5199 σωθῆναι

223 5224 383 5287 αὐτὰ,
417 5221 512 5276 καὶ
529 5220 904 5293 ἀπαλλαγῆναι
925 5220 1153 5275 θανάτου
1178 5219 1270 5274 καὶ
1295 5221 1568 5293 ἁμαρτιας
1587 5238 1598 5249 ·
1642 5223 1795 5278 ὠνεί-

223 5315 376 5368 δισαν
407 5314 466 5368 δὲ
505 5311 813 5385 ἀφορῶντες
845 5314 926 5376 εἰς
973 5312 1064 5366 τὸν
1119 5311 1345 5365 θάνατον
1377 5312 1466 5366 τὸν
1507 5312 1666 5384 ἐμόν’
1702 5316 1796 5368 καὶ

229 5404 492 5475 ματαίους
534 5402 704 5467 αύτάς
735 5398 874 5455 εἶναι
903 5402 1184 5473 ἀπέφηναν
1204 5419 1216 5432 ·
1253 5401 1439 5456 τούτου
1476 5405 1632 5475 χάριν
1660 5405 1793 5458 αἰτῶ

230 5511 308 5550 σοι
335 5494 672 5568 μνησθῆναιο
715 5493 782 5548 τὸ
805 5493 913 5565 γάρ
979 5493 1366 5563 ἀντάλλαγμα
1410 5493 1514 5548 τοῦ
1539 5496 1794 5563 Χριστοῦ

229 5604 342 5644 σου
366 5587 708 5655 ὠνείδισαγ,
740 5587 920 5659 φησιν.
975 5586 1075 5658 Εῖη
1103 5587 1159 5641 δὲ
1184 5585 1245 5640 τὸ
1264 5585 1611 5659 ἀντάλλαγμα
1631 5586 1793 5641 αὐτού

229 5678 258 5731 ὁ
285 5678 512 5743 Θάνατος
545 5677 711 5732 αύτοῦ
745 5679 836 5730 καὶ
869 5675 928 5730 τὸ
950 5669 1116 5739 uiua,
1147 5677 1206 5728 τὸ
1239 5676 1549 5748 ἀντίλυτρον
1580 5679 1795 5751 δεδομέ-

291 5858 336 5888 ⁸⁸
369 5856 564 5911 Matth.
593 5868 772 5915 xxvii,
798 5853 886 5907 59.
958 5855 1004 5885 ⁸⁸
1044 5850 1146 5905 Isa.
1178 5868 1294 5916 LIII,
1321 5853 1405 5907 η.

539 5954 806 6013 Ριτιιοι..
853 5949 970 6012 Gn.
1018 5949 1070 6010 Χ
1085 5947 1280 6010 XVII.

1895 4671 2041 4726 illam
2060 4670 2113 4724 in
2139 4667 2618 4737 incorruptionem,
2638 4677 2762 4722 ante
2791 4665 2979 4720 mundi
3009 4661 3451 4718 constitutionem

1895 4764 2189 4819 deﬁnitam.

1968 4858 2058 4913 51.
2091 4856 2293 4910 Memor
2315 4865 2445 4917 esto,
2478 4851 2715 4918 Domine,
2759 4849 3025 4921 opprobrii
3045 4865 3308 4904 servorum
3337 4860 3455 4900 tuo-

1900 4961 2040 4999 rum.
2086 4941 2223 5011 Quia
2263 4943 2395 4997 mihi
2420 4981 2435 5006 ,
2478 4939 2738 5006 Domine,
2771 4939 3213 5010 exprobrauerunt
3250 4938 3453 4991 inimici

1898 5038 1997 5099 tui,
2025 5036 2267 5091 dicentes
2296 5035 2460 5090 falsas
2497 5049 2620 5089 esse
2647 5032 3036 5104 promissiones
3078 5030 3328 5102 gentibus
3354 5031 3457 5085 ἀοι·

1896 5139 1980 5184 tas
2032 5145 2154 5200 quae
2194 5144 2281 5183 me
2329 5129 2664 5198 spectabant.
2716 5125 2884 5182 Erant
2920 5137 3098 5181 autem
3127 5125 3231 5178 illa:
3257 5122 3452 5193 hujus-

1899 5219 2082 5284 modi,
2124 5220 2268 5290 quod
2319 5218 2524 5274 scilicet
2567 5219 2795 5274 salutem
2836 5227 3207 5272 consecutura
3251 5225 3453 5277 essent.

1896 5319 1951 5366 et
1986 5310 2279 5366 liberanda:
2317 5324 2349 5363 a
2384 5321 2558 5363 mor-te
2581 5318 2634 5364 et
2659 5325 2687 5364 a
2714 5316 2952 5380 peccato.
2981 5307 3457 5378 Exprobravetunt

1899 5410 2078 5457 autem
2105 5441 2119 5465 ,
2156 5410 2384 5457 mortem
2416 5417 2590 5457 meam
2637 5401 3011 5473 respicientes,
3043 5410 3097 5454 et
3120 5412 3286 5453 vanas
3334 5411 3458 5450 esse

1899 5493 2295 5566 promissiones
2325 5492 2444 5550 illas
2484 5494 2848 5550 declararunt.
2909 5492 3034 5548 Ideo
3083 5505 3215 5559 rogo
3260 5498 3349 5553 te,
3397 5499 3459 5542 ut

1900 5601 2109 5643 memor
2129 5586 2235 5651 sis;
2256 5602 2403 5654 nam,
2422 5586 2616 5657 inquit,
2632 5585 3067 5654 exprobrauerunt
3088 5579 3457 5635 commutatio-

1901 5694 2013 5732 nem
2046 5674 2245 5731 Christi
2277 5677 2371 5730 tui.
2423 5676 2784 5732 Commutatio
2832 5683 3009 5729 autem
3042 5673 3194 5742 ejus,
3246 5669 3458 5725 videtur

2981 5939 3094 6001 13‘
