4108 6494
659 407 763 465 595

1501 407 1553 461 S.
1598 406 1960 462 ATIIANASH
1999 406 2147 461 OPP.
2192 406 2368 462 PARS
2407 406 2490 462 111.
2532 437 2600 448 —-—-
2639 408 3048 470 EXECETICA.

3776 423 3880 480 596

660 537 782 575 esse
814 533 958 575 mors
985 527 1037 574 et
1070 519 1290 588 sanguis
1323 519 1519 589 ipsius,
1561 522 1652 590 qui
1699 522 1858 576 datus
1892 531 1972 576 est
2003 523 2054 575 iu
2085 535 2209 592 pre-

2311 538 2398 573 νον
2425 521 2521 590 τῆς
2551 522 2642 574 τοῦ
2675 524 2875 595 κόσμου
2901 529 3170 598 σωτηρίας
3190 547 3201 560 ·
3226 530 3254 581 ὃ
3283 535 3375 584 καὶ
3402 532 3683 588 ὠνείδισαν
3708 576 3724 599 ,
3752 537 3858 593 ὕπο

662 612 794 665 tium
826 626 924 680 pro
957 610 1138 664 mundi
1186 610 1376 665 salute.
1425 610 1704 679 Ejusmodi
1751 613 1978 682 pretium
2015 615 2088 667 illi
2114 630 2212 669 ex-

2315 614 2676 684 λαμόάνοντες
2713 618 2872 673 αὑτὸν
2907 622 3271 692 κεκρατῆσθαι
3305 624 3534 697 θανάτῳ.
3611 630 3750 682 Ἀλλ’
3782 633 3884 685 οὐκ

660 702 1070 769 probravcrunt,
1125 701 1380 770 suspicati
1422 718 1546 757 cum
1600 703 1702 757 sub
1745 706 1935 760 mortis
1990 705 2214 774 imperio

2314 706 2606 776 ἀπὲμεινεν
2635 709 2663 760 ό
2691 709 2746 759 ἐν
2775 713 2984 780 νεκροῖς
3012 711 3288 785 ἐλεύθερος
3309 733 3323 747 ο
3358 717 3557 787 ἀνέστη
3586 718 3645 772 δὲ
3684 723 3883 792 μᾶλλον

658 793 842 847 fuisse.
904 791 1006 846 Sed
1034 807 1140 844 non
1175 792 1435 846 remansit
1467 793 1519 847 in
1547 808 1608 847 ea
1645 795 1736 864 qui
1786 803 1868 849 est
1903 795 2042 849 inter
2071 810 2215 848 mor-

656 894 779 936 tuos
810 883 978 946 liber.
1018 882 1110 936 sed
1150 883 1327 951 potius
1370 883 1524 937 tertia
1553 884 1638 937 dic
1670 886 1984 940 resurrexit.
2035 884 2214 951 Quare

661 983 829 1026 totum
872 974 1120 1042 obsignat
1158 973 1425 1042 psalmum
1451 974 1504 1026 in
1539 975 1650 1028 haec
1683 975 1840 1028 verba
1871 976 2209 1031 desinendo:

729 1065 817 1117 5'5.
872 1064 1183 1118 Benedictus
1218 1064 1471 1118 Dominus
1517 1066 1571 1118 in
1605 1075 1888 1134 (cternum,
1932 1068 2047 1137 ﬁat,
2092 1069 2210 1137 ﬁat.

655 1153 820 1219 Quasi
849 1156 1089 1211 videlicet
1116 1157 1202 1210 ille
1227 1156 1338 1226 jam
1364 1167 1720 1213 resurrexertt
1749 1170 1800 1216 et
1827 1161 2128 1214 ascenderit
2157 1161 2208 1214 in

2315 801 2623 873 τριήμερος.
2657 801 2745 854 Διὸ
2775 804 2866 856 καὶ
2898 806 3274 876 ἐπισφραγίζει
3295 811 3323 863 ό
3355 809 3566 880 ψαλμὸς
3593 812 3657 865 τό
3677 828 3692 842 '

2384 1074 2724 1143 Εὐλογητὸς
2751 1077 2960 1145 Κύριος
2992 1082 3078 1145 εις
3116 1080 3220 1134 τὸν
3247 1083 3430 1136 αἰῶνα
3449 1125 3464 1151 ,
3491 1086 3724 1156 γένοιτο
3741 1132 3755 1156 ,
3785 1092 3883 1162 τέ-

2310 1180 2493 1217 mito.
2545 1164 2629 1227 Ὠς
2654 1165 2978 1233 ἀναστάντος
3007 1170 3107 1240 ἤδη
3143 1173 3306 1226 αὐτοῦ
3338 1176 3428 1230 καὶ
3455 1178 3771 1247 ἀνελθόντος
3804 1187 3886 1248 εἰς

658 1247 843 1312 caelos,
877 1255 930 1301 et
952 1247 1263 1301 benedictus
1293 1248 1489 1312 fuerit,
1523 1250 1572 1303 id
1606 1260 1722 1314 est,
1754 1249 2094 1306 confessione
2124 1267 2211 1306 ce-

2307 1254 2432 1317 τοίις
2470 1255 2748 1326 οὐρανοὺς,
2797 1259 2888 1310 καὶ
2916 1259 3330 1332 εὐλογουμένου.
3367 1267 3484 1337 ἦτοι
3529 1270 3886 1342 ἐξομολογου-

662 1338 894 1392 lebratus
927 1339 1088 1392 fuerit
1122 1339 1174 1392 in
1204 1340 1398 1393 smcula
1420 1356 1540 1394 cuni
1563 1339 1721 1396 Patre
1751 1358 1870 1397 suo.

795 1433 844 1484 1.
891 1431 1077 1486 Oratio
1112 1433 1308 1502 Moysis
1341 1433 1566 1488 hominis
1598 1434 1716 1488 Dei.
1752 1433 2064 1489 LXXXIX.

1230 1526 1626 1594 Argumentum.

655 1614 824 1680 lianc,
869 1615 962 1677 ait,
1001 1615 1303 1670 orationem
1349 1617 1400 1670 in
1431 1619 1644 1672 arcanis
1672 1617 2023 1684 descripsisse
2056 1619 2206 1690 Moy-

722 1722 848 1769 sen,
904 1716 960 1760 ut
1004 1708 1095 1777 qui
1149 1709 1610 1777 consequentibus
1657 1712 1992 1780 temporibus
2036 1712 2205 1767 futuri

719 1806 873 1852 erant
918 1807 1172 1860 nossent,
1216 1799 1492 1867 quomodo
1538 1801 2077 1870 Oportcretconliteri
2109 1804 2202 1859 de-

2311 1344 2472 1414 μένου
2506 1347 2584 1408 είς
2613 1347 2737 1410 τοὺς
2766 1349 2968 1408 αἰῶνας
3003 1353 3138 1421 μετὰ
3167 1355 3260 1407 τοῦ
3291 1357 3419 1410 ἰδίου
3448 1361 3684 1433 Πατρός.

2343 1435 2657 1505 Προσευχὴ
2689 1439 2984 1506 Μωῦσέως
3008 1443 3318 1510 ἀνθρώπου
3351 1449 3455 1502 τοῦ
3490 1453 3659 1507 Θεοῦ.
3699 1457 3842 1510 ΙΙΘ’.

2933 1533 2946 1552 ⁸
2961 1536 3263 1604 Υπόθεσις.

2307 1617 2554 1690 Ταύτην,
2584 1622 2745 1690 φησὶ,
2775 1623 2872 1694 τὴν
2906 1627 3209 1697 προσευχὴν
3243 1631 3298 1681 ἐν
3324 1631 3658 1704 ἀπορρήτοις
3687 1637 3885 1706 ἀναγε-

2378 1709 2622 1780 γραφότα
2649 1711 2740 1765 τὸν
2766 1714 2968 1766 Μωσέα
3014 1717 3375 1788 παραδοῦναι·
3421 1724 3568 1787 ὅπως
3609 1725 3676 1779 ἂν
3707 1727 3887 1798 ἔχοιεν

2376 1801 2425 1852 οι
2457 1801 2597 1854 κατὰ
2628 1803 2851 1874 καιροὺς
2877 1805 3106 1872 εἰδέναι,
3143 1809 3258 1873 πῶς
3284 1811 3364 1864 δεῖ
3391 1814 3587 1879 αὐτοὺς
3627 1817 3884 1888 ἐξομολο-

718 1887 896 1956 lapsos
923 1888 974 1941 iu
1008 1888 1363 1952 calamitates,
1392 1905 1514 1958 qua:
1540 1891 1671 1960 ipsis
1701 1891 1754 1945 in
1779 1894 2036 1949 extremis
2073 1905 2204 1949 tem-

2369 1892 2580 1961 γεῖσθαι
2611 1895 2998 1966 περιπεσόντας
3030 1902 3147 1962 ταῖς
3179 1907 3480 1976 συμφοραῖς
3500 1946 3514 1970 ,
3561 1908 3616 1960 αἲ
3647 1887 3875 1979 γεγόνα-

718 1977 942 2046 poribus
991 1977 1340 2041 acciderunt,
1389 1988 1672 2050 postquam
1717 1981 1949 2038 Domino
1991 1985 2207 2041 inobse-

712 2075 944 2137 quentes
978 2067 1196 2124 fuerunt
1222 2070 1482 2142 illumque
1525 2073 1857 2130 occiderunt.
1911 2074 1981 2131 Ut
2013 2091 2081 2132 ne
2104 2094 2204 2132 au-

717 2172 823 2217 tete
851 2178 944 2233 per
978 2165 1236 2233 temporis
1265 2165 1676 2222 diuturnitatem
1725 2168 1984 2223 oblivioni
2023 2171 2205 2227 trade-

717 2264 886 2318 retur,
919 2253 1150 2310 Psalmis
1180 2256 1382 2311 inscrta
1415 2256 1544 2322 fuit,
1574 2257 1763 2328 etjure
1790 2269 1911 2330 post
1934 2261 2203 2330 psalmum

715 2346 1104 2415 octogesimum
1134 2357 1382 2403 octavum
1412 2350 1505 2420 qui
1536 2351 1842 2419 passionem
1881 2351 2096 2408 Domini
2130 2351 2205 2408 Si-

716 2436 956 2505 gnificat.

715 2527 974 2592 Domine,
1023 2529 1281 2598 refugium
1326 2529 1498 2598 factus
1553 2546 1605 2583 cs
1674 2531 1856 2597 nobis,
1903 2551 1935 2586 a
1992 2551 2204 2604 genera-

647 2620 782 2672 tione
809 2619 864 2672 in
893 2619 1295 2687 generationem.
1345 2618 1738 2689 lmploraturus
1769 2622 1860 2678 Dei
1893 2626 2204 2682 misericor-

646 2708 789 2762 diam
811 2749 826 2772 ,
862 2708 984 2778 jure
1011 2709 1336 2778 prooemium
1361 2710 1510 2765 ducit
1535 2726 1563 2764 a
1609 2712 1887 2770 beneﬁciis
1917 2716 2030 2786 jam
2061 2734 2202 2788 saepe

645 2799 746 2853 sibi
777 2800 1005 2855 collatis.
1042 2798 1172 2867 Qua:
1200 2810 1379 2857 autem
1404 2803 1665 2859 beneficia
1695 2811 2043 2875 generatione
2073 2828 2203 2867 con-

646 2891 856 2956 tulerit,
910 2893 1187 2949 advertere
1227 2895 1350 2950 licet
1390 2912 1455 2950 ex
1496 2898 1562 2951 iis
1591 2914 1711 2967 quae
1751 2900 1853 2954 sub
1895 2900 2197 2970 Pharaone,

643 2997 763 3052 qua:
800 2983 902 3037 sub
934 2981 1060 3038 Jesu
1084 3024 1100 3051 ,
1146 2995 1197 3038 et
1219 2999 1283 3039 ex
1315 2985 1384 3040 iis
1407 3002 1528 3056 qua:
1563 2989 1615 3042 in
1646 2988 1922 3062 Babylone
1955 2999 2199 3069 contige-

643 3084 787 3126 "ml.

711 3163 764 3217 2.
803 3161 1113 3231 Priusquam
1138 3175 1335 3220 montes
1365 3167 1568 3234 ﬁerent,
1610 3180 1657 3224 et
1683 3172 2002 3239 [armaretur
2032 3187 2191 3234 terra.

2380 2001 2460 2037 σιν
2489 1985 2668 2049 αὐτοῖς
2697 1988 2783 2039 ἐπ’
2812 1988 3054 2059 ἐσχάτων
3084 1990 3190 2043 τῶν
3223 1993 3428 2064 χρόνων
3458 1997 3596 2066 μετὰ
3619 1999 3717 2071 τὴν
3738 2003 3884 2056 κατὰ

2374 2077 2468 2129 τοῦ
2490 2079 2692 2150 Κυρίου
2716 2081 2818 2133 ἀπε
2830 2081 2998 2137 ίθειάν
3019 2100 3078 2136 τε
3103 2085 3194 2137 καὶ
3221 2088 3528 2156 μιαιφονίαν
3553 2093 3877 2165 γενομένην.

2372 2168 2558 2232 Ὅπως
2583 2171 2638 2223 δὲ
2661 2174 2733 2242 μὴ
2765 2173 2900 2247 λήθῃ
2924 2176 3199 2249 παραδοθῇ
3231 2179 3308 2250 τῷ
3335 2182 3530 2254 χρόνῳ,
3554 2185 3878 2244 ὲντέτακται

2376 2263 2433 2314 ὲν
2458 2264 2568 2324 τοῖς
2599 2265 2843 2333 Ψαλμοῖς
2862 2283 2876 2298 ·
2904 2268 2997 2320 καὶ
3027 2271 3248 2335 εἰκότως
3273 2274 3412 2341 μετά
3433 2276 3523 2331 τὸν
3549 2286 3662 2350 mf,
3691 2281 3749 2347 ὃς
3779 2286 3882 2339 καὶ

2377 2350 2435 2405 τὸ
2466 2353 2633 2418 πάθος
2660 2355 2753 2408 τοῦ
2780 2357 2983 2428 Κυρίου
3013 2365 3428 2433 κατασημαίνει.

2375 2526 2580 2593 Κύριε,
2621 2527 2933 2598 καταφυγὴ
2972 2531 3261 2598 ἐγενήθης
3289 2534 3522 2602 ἡμῖνέν
3557 2537 3730 2606 γενεᾷ
3775 2541 3874 2594 καὶ

2301 2613 2494 2683 γενεᾷ.
2520 2616 2741 2670 Μέλλων
2762 2618 3135 2673 ἐπικαλεῖσθαι
3155 2621 3244 2674 τὸν
3266 2623 3395 2677 Θεὸν
3423 2627 3502 2688 είς
3535 2626 3707 2694 ἔλεον,
3736 2630 3878 2683 εἰκό-

2302 2724 2407 2769 τως
2439 2706 2498 2770 ἐξ
2532 2701 2604 2761 ὧν
2636 2708 2734 2778 ἤδη
2768 2708 3026 2773 πολλάκις
3060 2712 3392 2784 εὐηργέτησε
3426 2719 3568 2769 ποιεῖ
3602 2719 3662 2771 τὸ
3692 2721 3876 2789 προοίο

2304 2814 2442 2866 μιον.
2477 2797 2599 2861 Πῶς
2627 2797 2685 2851 δὲ
2714 2798 2854 2852 κατὰ
2879 2802 3070 2869 γενεὰν
3109 2804 3461 2877 εὐηργέτησε,
3489 2808 3644 2861 τοῦτο
3670 2810 3766 2863 ἴδοι
3791 2829 3876 2873 τις

2300 2885 2379 2950 εἷς
2408 2904 2465 2939 τε
2492 2888 2558 2941 τὰ
2589 2889 2682 2942 ἐπὶ
2709 2889 2800 2943 τοῦ
2836 2891 3033 2962 Φαραὼ
3064 2894 3371 2965 ἀποϐλέψας
3441 2898 3519 2961 εἴς
3565 2915 3624 2952 τε
3664 2899 3735 2953 τά
3783 2903 3876 2955 ἐπὶ

2312 2977 2505 3048 Ἰησοῦ,
2535 2981 2613 3044 εἴς
2637 2998 2695 3034 τε
2725 2981 2793 3034 τὰ
2824 2982 2914 3036 ἐπὶ
2945 2984 3276 3049 Βαϐυλῶνος.

2369 3176 2488 3244 Πρὸ
2535 3178 2639 3232 τοῦ
2685 3180 2788 3248 ὄρη
2827 3181 3182 3251 γενηθῆναι,
3223 3185 3322 3238 καὶ
3369 3190 3716 3259 πλασθῆναι
3759 3194 3875 3263 τὴν

639 3254 776 3321 Quia
800 3271 1016 3310 carnem
1045 3255 1258 3310 Domini
1303 3268 1604 3326 spectantes
1624 3301 1640 3326 ,
1677 3278 1887 3318 merum
1916 3266 2190 3326 hominem

2296 3269 2430 3337 γῆν.
2503 3271 2717 3342 Ἐπειδὴ
2766 3275 2844 3337 είς
2881 3276 2978 3346 τὴν
3012 3276 3189 3347 σάρκα
3235 3280 3469 3349 ὁρῶντες
3498 3251 3611 3337 τοῦ.
3636 3251 3870 3358 Κυρίου,

638 3363 758 3402 esse
784 3348 1059 3416 putabant,
1089 3347 1472 3420 dicebantque:
1512 3349 1748 3422 Triginta
1778 3372 1940 3410 annos
1964 3361 2192 3415 nondum

642 3436 794 3489 habes
833 3446 881 3490 et
915 3436 1178 3492 Abraham
1211 3441 1382 3494 vidisti
1403 3441 1445 3472 "
1472 3442 1495 3496 ἲ
1533 3441 1597 3496 Ει
1627 3443 1730 3500 hoc
1760 3449 1994 3505 maxime
2018 3454 2191 3509 ruina:

639 3541 801 3581 causa
834 3525 933 3582 fuit
959 3528 1081 3590 illis.
1113 3531 1259 3600 quod
1284 3533 1595 3601 ignorarent
1623 3536 1900 3594 deitatem.
1944 3541 2192 3614 Quapro—

639 3628 757 3690 pter
798 3619 905 3690 jam
939 3622 1255 3678 conﬁtentes
1286 3625 1473 3680 dicunt
1508 3641 1632 3682 eum
1660 3639 1784 3684 ante
1825 3635 2005 3688 omnia
2038 3637 2193 3706 opifi-

639 3712 721 3767 cia
740 3710 886 3767 Patri
914 3715 1259 3771 coexsistere.

703 3892 756 3944 5.
794 3889 875 3944 Ne
903 3901 1106 3945 avertas
1147 3894 1402 3948 hominem
1432 3898 1483 3950 in
1512 3897 1883 3954 humilitatem.
1937 3904 2017 3960 Ab
2069 3905 2193 3961 hinc

639 3975 998 4035 confessionis
1041 3982 1324 4038 exordium
1369 3986 1605 4043 ducitur.
1668 3988 1842 4061 Rogat
1893 4004 2074 4049 autem
2134 4006 2192 4050 ut

638 4068 855 4137 quando
896 4079 1080 4140 gentes
1110 4087 1297 4129 omnes
1326 4077 1391 4130 ad
1431 4079 1788 4150 cognitionem
1823 4084 2062 4139 veritatis
2095 4103 2191 4140 vo-

637 4160 797 4224 cavit,
833 4161 946 4231 ipse
970 4179 1186 4234 quoque
1217 4178 1580 4225 convertatur.
1619 4169 1696 4224 Tu
1737 4172 1957 4238 dixisti,
1987 4177 2186 4248 inquit.

637 4250 859 4307 Domine
890 4272 902 4308 :
935 4252 1324 4321 Convertimini,
1358 4258 1458 4324 ﬁlii
1487 4273 1831 4318 convertentes
1854 4306 1868 4332 ,
1908 4276 1957 4320 et
1985 4271 2184 4324 sannbo

634 4345 970 4398 contritiones
999 4356 1196 4400 vestras
1221 4349 1283 4402 ⁸⁸.
1319 4348 1456 4414 Quia
1489 4351 1651 4421 igitur
1689 4358 1938 4413 conversi
1976 4375 2185 4427 sumus,

635 4451 702 4491 ne
722 4447 1003 4493 convertas
1029 4454 1128 4494 nos
1159 4441 1212 4494 in
1248 4442 1604 4501 humilitatem
1637 4463 1731 4502 seu
1758 4449 2133 4520 abjectionetn.

701 4529 755 4584 ό.
787 4529 1050 4596 Quoniam
1081 4533 1222 4587 mille
1249 4538 1373 4590 anni
1395 4549 1516 4592 ante
1545 4540 1722 4594 oculos
1756 4552 1872 4598 tuos
1894 4585 1908 4610 ,
1941 4543 2181 4610 Domine,

632 4630 736 4676 etc.
764 4620 998 4693 Tempus
1022 4625 1208 4696 legalis
1239 4628 1418 4684 cultus
1451 4629 1650 4685 indicat
1674 4671 1689 4695 ,
1722 4648 1820 4701 per
1858 4635 2016 4706 cujus
2057 4653 2184 4708 spa-

637 4713 768 4766 tium
804 4715 1051 4771 absoluto
1073 4718 1309 4774 maxime
1343 4722 1541 4790 templo
1574 4721 1775 4779 floruit.
1813 4727 1857 4778 Α
1880 4726 2186 4785 Salomonis

631 4806 775 4859 enim
805 4806 898 4874 qui
927 4807 1145 4863 domum
1175 4810 1427 4867 excitavit
1461 4823 1701 4883 tempore
1731 4815 1796 4869 ad
1829 4833 1999 4888 usque
2039 4820 2186 4875 obsi—

631 4896 880 4963 dionem,
926 4913 1046 4967 quae
1093 4911 1212 4969 post
1255 4904 1613 4958 venerabilem
1660 4920 1875 4961 crucem
1935 4911 2181 4982 contigit,

631 4998 1014 5059 computantur
1058 4994 1184 5047 anni
1232 4996 1395 5052 mille.
1460 4998 1565 5052 Sed
1597 4997 1721 5062 isti,
1773 4998 1978 5069 inquit,
2036 5004 2183 5057 mille

632 5083 782 5146 anni,
814 5092 872 5137 ut
896 5101 1001 5139 una
1033 5086 1150 5142 dies
1177 5086 1229 5140 in
1255 5097 1545 5160 conspectu
1596 5097 1690 5144 tuo
1724 5094 2028 5161 computari
2057 5111 2184 5165 pos-

631 5183 792 5235 sunt,
850 5174 959 5228 imo
1005 5191 1134 5231 vero
1177 5178 1387 5233 modica
1417 5178 1524 5234 diei
1558 5195 1703 5249 pars.
1767 5179 1958 5236 Merito
2002 5196 2182 5240 autem

629 5265 773 5318 nocti
814 5277 1117 5334 comparat,
1160 5279 1369 5341 tempus
1403 5273 1710 5341 prmeedens
1748 5269 2044 5330 Salvatoris
2088 5277 2184 5331 atl-

629 5366 870 5421 ventum,
894 5360 1108 5427 coquod
1145 5361 1196 5415 in
1223 5363 1456 5418 tenebris
1482 5373 1536 5418 ct
1567 5364 1616 5417 in
1650 5363 1969 5420 confusione
1993 5383 2182 5424 omnes

631 5447 875 5502 hinnitu-3
906 5459 1108 5516 essent,
1137 5455 1261 5521 quia
1287 5457 1527 5512 nondum
1558 5457 1689 5525 ipsis
1711 5469 1936 5514 exortus
1957 5472 2073 5515 erat
2096 5464 2178 5517 sol

619 5537 861 5607 justitiz.

692 5801 736 5834 ⁸⁷
779 5802 910 5858 Lur.
946 5821 1062 5872 vui,
1097 5809 1184 5865 57.
1254 5811 1299 5843 ⁸⁸
1329 5811 1525 5869 Jerem.
1556 5829 1636 5880 ιιι,
1664 5815 1750 5870 ti.

2293 3363 2444 3432 ψιλὸν
2475 3364 2755 3436 ἄνθρωπον
2787 3367 3033 3437 ἐνόμιζον
3071 3368 3316 3437 λέγοντες
3341 3387 3354 3400 ·
3395 3375 3568 3427 Οὔπω
3594 3393 3867 3444 τριακονο

2293 3450 2503 3518 ταετὴς
2532 3451 2802 3521 γέγονας,
2830 3454 2928 3506 καὶ
2968 3455 3220 3525 Ἀϐραὰμ
3246 3457 3546 3527 ἐώρακας;
3579 3465 3691 3518 Καὶ
3717 3468 3870 3521 τοῦτο

2293 3542 2475 3605 αὐτοῖς
2506 3543 2736 3612 μάλιστα
2778 3545 2948 3598 αἴτιον
2998 3547 3096 3618 τῆς
3149 3548 3472 3616 ἐκπτώσεως
3526 3555 3714 3624 γέγονε
3741 3598 3757 3623 ,
3809 3561 3870 3613 τὸ

2294 3633 2506 3701 ἀγνοεῖν
2535 3635 2631 3706 τὴν
2653 3635 2898 3708 θεότητα.
2931 3638 3030 3692 Διὰ
3062 3639 3217 3694 τοῦτο
3248 3641 3341 3695 νῦν
3365 3644 3863 3721 ἐξομολογούμενοι,

2295 3727 2477 3796 σαφῶς
2509 3727 2670 3781 αὑτὸν
2701 3724 2841 3782 εἶναι
2888 3731 3102 3800 λέγουσι
3150 3733 3240 3788 τὸν
3289 3734 3394 3807 πρὸ
3422 3737 3604 3809 πάσης
3634 3742 3865 3808 κτίσεως

2295 3819 2520 3872 συνόντα
2550 3819 2627 3889 τῷ
2666 3822 2861 3892 Πατρί.

2359 3911 2456 3978 Μὴ
2532 3911 2920 3981 ἁποστρέψοῃς
2981 3913 3291 3984 ἄνθρωπον
3347 3920 3433 3984 εὶς
3484 3922 3863 3979 ταπείνωσιν.

2304 4001 2576 4055 Ἐντεῦθεν
2609 4005 2641 4073 ή
2677 4002 3079 4074 ἐξομολόγησις.
3143 4007 3307 4072 ’Δξιοί
3333 4008 3389 4062 δὲ
3438 4011 3532 4081 ἀφ’
3561 4005 3637 4066 ὧν
3686 4015 3865 4071 πάντα

2290 4090 2355 4144 τὰ
2388 4091 2512 4162 ἔθνη
2547 4095 2626 4157 είς
2659 4094 2953 4162 ἐπίγνωσιν
2982 4096 3238 4168 ἀληθείας
3268 4100 3492 4154 ἐκάλεσε
3512 4142 3526 4167 ,
3577 4105 3672 4159 καὶ
3702 4110 3862 4171 αὐτὸς

2289 4183 2706 4255 ἐπιστραφῆναι.
2744 4187 2818 4238 Σὺ
2853 4183 3030 4251 εἶπας,
3068 4189 3233 4260 φησὶν
3254 4230 3268 4255 ,
3300 4185 3344 4244 ὧ
3370 4192 3614 4248 Δέσποτα
3635 4211 3649 4226 ’
3715 4197 3864 4251 Ἐπι-

2287 4273 2602 4342 στρέψατε,
2628 4277 2741 4331 υἱοὶ
2759 4277 3237 4348 ἐπιστρέφοντες,
3255 4281 3352 4334 καί
3373 4281 3612 4354 ἰάσομαι
3633 4287 3704 4342 τὰ
3723 4307 3862 4344 avr-

2287 4367 2573 4436 τρίμματα
2603 4369 2784 4438 ὑμῶν.
2844 4371 3058 4442 Ἐπειδὴ
3090 4374 3268 4427 τοίνυν
3302 4374 3750 4451 ἑπεστρέψαμεν,
3786 4385 3858 4455 μὴ

2288 4457 2629 4530 ἀποστρέψῃς
2659 4464 2803 4532 ἡμᾶς
2831 4465 2910 4526 εἰς
2937 4464 3281 4520 ταπείνωσιν.

2364 4550 2489 4603 Ὅτι
2517 4553 2680 4620 χίλια
2706 4553 2809 4621 ἔτη
2838 4555 2909 4608 ἐν
2932 4556 3256 4625 ὀφθαλμοῖς
3288 4575 3403 4613 σου
3422 4601 3436 4624 ,
3476 4563 3674 4629 Κύριε.
3759 4566 3858 4618 Τὸν

2291 4640 2481 4709 καιρὸν
2508 4643 2605 4711 τῆς
2629 4645 2688 4695 ὲν
2717 4643 2864 4713 νόμῳ
2892 4644 3140 4718 λατρείας
3173 4650 3306 4719 φησὶ
3327 4687 3342 4711 ,
3385 4650 3505 4704 καθ’
3531 4652 3588 4705 ὃν
3625 4654 3859 4723 μάλιστα

2291 4731 2719 4798 ἑπιτελεσθέντος
2764 4734 2858 4787 τοῦ
2893 4737 3033 4791 θείου
3081 4739 3208 4792 ναοῦ
3251 4740 3502 4815 ἤνθησεν.
3580 4744 3713 4797 Ἀπὸ
3751 4746 3857 4818 γὰρ

2290 4821 2631 4891 Σολομῶντος
2660 4824 2750 4877 τοῦ
2779 4826 2868 4880 τὸν
2893 4824 3038 4883 οἷκον
3078 4832 3386 4903 ἐγείραντος
3421 4835 3582 4905 μέχρι
3611 4836 3714 4907 τῆς
3760 4856 3855 4891 πο-

2290 4913 2532 4986 λιορκίας
2557 4916 2653 4987 τῆς
2690 4920 2829 4987 μετά
2856 4922 2948 4974 τὸν
2978 4923 3157 4993 τίμιον
3187 4927 3483 4998 γενομένης
3514 4931 3746 5001 σταυρὸν
3778 4934 3855 4994 εἰς

2286 5004 2442 5059 τοῦτο
2475 5009 2731 5062 συντείνει
2761 5011 2853 5084 ἔτη
2883 5014 3044 5084 χίλια,
3084 5017 3238 5071 Ἀλλά
3264 5018 3454 5083 ταῦτα,
3490 5022 3642 5094 φησὶ,
3678 5025 3748 5076 τὰ
3777 5025 3855 5094 χί-

2288 5098 2375 5150 λια
2421 5098 2514 5170 ἔτη
2557 5101 2651 5169 μία
2681 5104 2859 5175 ἡμέρα
2893 5106 3161 5180 λογισθείη
3197 5110 3422 5163 ἐνώπιόν
3469 5129 3561 5166 σου
3587 5127 3603 5144 ·
3655 5115 3854 5185 μᾶλλον

2292 5191 2388 5260 μὲν
2435 5188 2529 5245 οὖν
2567 5196 2756 5266 μικρὸν
2808 5198 3016 5270 ἡμέρας
3070 5203 3271 5272 μόριον.
3331 5204 3568 5268 Εἰκότως
3609 5205 3667 5258 δὲ
3701 5210 3854 5260 νυκτὶ

2290 5284 2607 5352 παρεικάζει
2634 5288 2721 5340 τὸν
2747 5289 2850 5360 πρὸ
2869 5291 2966 5362 τῆς
2997 5294 3286 5364 ἐπιδημίας
3322 5295 3415 5349 τοῦ
3451 5297 3699 5368 Σωτῆρος
3734 5318 3854 5353 και-

2292 5374 2411 5443 ρόψ
2440 5375 2530 5428 ἅτε
2561 5375 2634 5440 ὡς
2660 5381 2717 5432 ὲν
2767 5382 2943 5454 άωρίᾳ
2976 5384 3067 5437 καὶ
3099 5388 3352 5457 συγχύσει
3386 5389 3599 5442 πάντων
3629 5389 3848 5461 ἀνθρὼ-

2287 5483 2403 5519 πων
2427 5468 2592 5521 όντων
2611 5509 2624 5532 ,
2657 5472 2742 5526 διὰ
2774 5473 2833 5526 τὸ
2866 5477 3028 5548 μήπω
3056 5479 3236 5544 αὐτοῖς
3273 5480 3546 5535 ἀνατεῖλαι
3572 5482 3665 5537 τὸν
3702 5483 3848 5553 ἥλιον

2284 5559 2379 5629 τῆς
2405 5559 2763 5636 δικαιοσύνης.
