4108 6494
172 449 264 505 597
1214 451 1573 508 EXPOSITIO
1612 452 1675 507 IN
1714 452 2036 509 PSALMUM
2079 453 2361 508 LXXXIX.

3312 463 3416 519 398

238 571 313 625 re
340 569 797 642 ἐξουδενιίιματα
827 571 1024 626 αὐτῶν
1054 573 1158 642 ἔτη
1190 574 1434 629 ἔσονται
1465 574 1533 628 τὸ
1573 576 1742 644 πρωΐ.

1916 576 1967 629 5.
2010 576 2142 641 Qua:
2186 593 2281 645 pro
2333 574 2499 629 nihilo
2545 573 2823 643 habentur,
2872 592 3052 631 coruus
3096 580 3224 635 anni
3266 594 3415 635 erunt

181 663 315 715 Ὠσεὶ
342 662 685 735 σαφέστερον
715 664 865 734 ἔλεγε
888 682 902 694 ·
948 666 1028 720 Τὰ
1064 666 1160 736 ἔτη
1192 665 1402 729 αὐτῶν,
1432 667 1541 721 τῶν
1576 668 1747 739 ἁρνη⁴

173 754 412 824 σαμένων
462 772 525 809 σε
558 756 799 827 δηλονότι
824 796 836 819 ,
884 760 942 810 ἐν
986 758 1324 830 ὲξουθενήσει
1371 761 1521 814 ἔσται
1554 762 1741 833 πολλῇ.

179 850 431 917 Γεγόνασι
457 850 571 922 γὰρ
600 851 970 923 καταπάτημα
997 853 1091 907 καὶ
1119 854 1418 925 ἀνθρώπων
1445 856 1538 909 καὶ
1559 856 1747 927 δαιμό-

172 960 286 1007 νων,
322 943 418 997 ᾰτε
452 944 546 998 τὸν
572 944 930 1016 λυτρούμενον
958 946 1051 1000 καὶ
1089 946 1329 1010 σώζοντα
1358 949 1553 1013 αὐτοὺς
1577 950 1746 1022 ἀρνη-

173 1035 407 1105 σάμενοι.

238 1126 306 1181 Τὸ
334 1129 493 1197 πρωῒ
534 1128 794 1196 ἀνθῆσαι
830 1130 929 1184 καὶ
966 1131 1267 1199 παρέλθοι.
1314 1135 1466 1202 Πρωι
1522 1135 1621 1206 μὲν
1650 1135 1745 1188 τὸν

171 1220 348 1293 καιρὸν
380 1223 481 1292 τῆς
509 1223 808 1293 γενομένης
837 1224 1019 1287 αὐτοῖς
1051 1225 1369 1294 ἐπιφανείας
1412 1225 1648 1298 Χριστοῦ
1687 1230 1744 1281 ἐν

171 1310 241 1381 τῷ
270 1312 383 1385 ὀρει
407 1314 545 1367 Σινᾶ
570 1317 1055 1387 κατασημαίνουσι.
1084 1319 1286 1385 Χλόην
1316 1319 1372 1371 δὲ
1395 1319 1494 1390 τὴν
1518 1319 1744 1392 νομικὴν

172 1400 412 1474 λατρείαν
438 1405 610 1474 δηλοῖ,
640 1408 735 1461 ἅτε
759 1407 953 1478 μικρὸν
977 1408 1204 1480 ὕστερον
1234 1412 1588 1482 μαραίνεσθαι
1620 1413 1745 1483 μέλ-

171 1492 370 1547 λουσαν.
427 1496 498 1547 Τὸ
526 1496 783 1565 ἑσπέρας
827 1499 1126 1553 ἀποπέσοι
1151 1540 1166 1563 ,
1193 1503 1597 1570 σκληρυνθείη
1644 1504 1740 1557 καί

171 1583 503 1655 {ripas-08h].
544 1587 811 1658 Ἑσπέραν
834 1591 966 1660 φησι
995 1590 1084 1643 τὸν
1115 1592 1201 1644 ἐπ’
1224 1592 1468 1662 ἐσχάτων
1496 1592 1588 1646 τοῦ
1616 1594 1745 1647 αἰῶ-

171 1692 251 1737 νος
287 1677 482 1747 καιρὸν
506 1716 521 1740 ,
558 1678 677 1730 καθ’
706 1679 765 1731 ὃν
798 1681 891 1733 καὶ
922 1680 1189 1749 ὲπέφανεν
1234 1683 1263 1734 ὀ
1310 1684 1651 1755 Μονογενής·
1685 1687 1745 1739 ὲν

169 1758 209 1833 ᾧ
241 1766 302 1839 δὴ
328 1769 424 1821 καὶ
455 1769 734 1840 παρῆλθεν
762 1772 796 1843 ή
828 1773 927 1842 τῆς
951 1772 1092 1825 κατὰ
1125 1774 1287 1844 νόμον
1311 1774 1562 1847 λατρείας
1588 1776 1746 1849 ἀνοη-

172 1873 266 1922 σις,
297 1859 699 1931 σκληρυνοεῖσα
726 1864 907 1934 ἀπάτῃ
938 1865 1034 1934 τῆς
1062 1864 1360 1930 ἀπειθείας.

1848 680 2015 720 mane.
2052 664 2217 729 Quasi
2268 665 2507 734 apertius
2549 666 2752 721 diceret
2783 683 2797 720 :
2826 666 2969 721 Anni
3011 683 3202 724 eorum
3242 672 3334 741 qui
3368 681 3418 725 te

1845 756 2287 826 abuegaveruut,
2334 758 2388 811 in
2453 766 2819 827 contemptum
2871 768 3123 829 magnum
3174 762 3413 817 venient.

1846 844 2088 900 Fuerunt
2131 847 2274 901 cnim
2321 848 2376 901 in
2418 849 2884 904 conculcationem
2923 859 2979 906 et
3007 852 3320 908 hominibus
3362 866 3417 910 et

1845 939 2202 1003 daemonibus,
2236 948 2423 1009 utpote
2454 941 2548 1011 qui
2580 956 2704 996 eum
2735 943 2830 1013 qui
2862 944 3010 1013 ipsos
3048 945 3336 1001 redimeret
3360 957 3415 1002 et

1846 1033 2026 1087 salvos
2060 1031 2256 1087 faceret
2290 1034 2693 1103 ahnegaverint.

1915 1125 1968 1177 6.
2013 1123 2169 1178 Mane
2192 1125 2378 1193 ﬂoreat
2402 1135 2449 1179 et
2477 1135 2728 1181 transeat.
2756 1126 2859 1181 Per
2892 1143 3100 1191 vocem,
3130 1146 3305 1196 mane,
3336 1131 3413 1186 si-

1845 1215 2104 1285 gniﬁcant
2160 1228 2371 1285 tempus
2425 1234 2535 1287 quo
2589 1220 2838 1288 apparuit
2889 1220 2998 1274 illis
3058 1220 3322 1277 Dominus
3357 1222 3411 1276 in

1846 1314 2031 1360 monte
2055 1306 2205 1361 Sina.
2234 1305 2411 1361 Herba
2434 1317 2613 1362 autem
2640 1307 2908 1378 signiﬁcat
2930 1310 3151 1377 legalem
3181 1310 3410 1378 cultum,

1847 1406 2033 1467 utpote
2082 1399 2174 1465 qui
2234 1398 2376 1453 haud
2424 1401 2593 1455 multo
2646 1410 3035 1470 postarescere
3061 1401 3271 1457 debeat.
3308 1399 3411 1457 Ve-

1844 1502 1986 1555 spere
2037 1487 2265 1554 decidat,
2306 1490 2515 1544 induret
2557 1500 2607 1545 et
2659 1502 2904 1545 arescat:
2932 1507 3212 1563 vesperam
3256 1506 3413 1550 vocat

1845 1590 2059 1650 tempus
2113 1581 2167 1634 in
2216 1581 2321 1636 line
2344 1584 2526 1637 saeculi
2557 1582 2823 1649 futurum,
2857 1599 2966 1655 quo
2998 1585 3248 1655 apparuit
3278 1583 3413 1642 Uni-

1844 1671 2056 1741 genitus
2083 1686 2097 1722 ε
2129 1672 2181 1723 in
2208 1686 2316 1742 quo
2341 1673 2652 1742 pertransiit
2677 1671 2778 1729 ﬂos
2806 1673 2993 1743 legalis
3024 1674 3225 1740 cultus,
3258 1674 3413 1731 falla-

1844 1765 1928 1817 cia
1958 1763 2383 1835 inohscqueutiaa
2415 1764 2718 1821 induratus.

237 1951 355 2005 Ὅτι
405 1927 767 2023 lii-Eumoer
945 1927 1021 2025 τῇ
1055 1957 1200 2026 ὀργῇ
1231 1927 1366 2012 σου.
1420 1959 1614 2030 Σαφῶς
1645 1960 1741 2025 τὰς

1914 1959 1965 2012 7.
2011 1958 2149 2023 Quia
2170 1960 2454 2029 defecimus
2484 1962 2539 2014 ia
2568 1962 2650 2015 ira
2680 1972 2790 2018 tua.
2825 1962 3023 2035 Aperte
3057 1974 3283 2021 narrant
3322 1981 3416 2022 ca-

170 2042 546 2114 ἐπενεχθείσας
592 2047 773 2110 αύτοίς
818 2048 1100 2118 συμφορὰς
1142 2049 1229 2101 διὰ
1258 2049 1326 2101 τά
1357 2050 1463 2104 ίδια
1495 2052 1743 2125 ἁμαρτή-

173 2151 308 2204 ματα
332 2136 730 2207 διαγορεύουσι.
763 2140 871 2191 Καὶ
904 2140 1177 2204 Ἰουδαίοις
1199 2141 1401 2205 ταῦτα,
1450 2144 1539 2197 καὶ
1579 2148 1743 2200 πᾶσιν

170 2226 471 2297 ἀνθρώποις
500 2229 754 2298 ἁρμόδια.
784 2231 892 2285 Καὶ
914 2232 1023 2303 γὰρ
1046 2231 1154 2284 τῶν
1175 2231 1477 2304 ἀνθρώπων
1500 2237 1532 2308 ή
1560 2238 1740 2307 φύσις,

170 2320 506 2390 παρανομίας
535 2320 753 2375 τίνουσα
779 2323 952 2385 δίκας,
975 2323 1255 2395 ὑπεϐλήθη
1277 2329 1394 2390 ταῖς
1418 2335 1741 2402 συμφοραῖς,

172 2411 258 2461 καὶ
284 2414 408 2474 ταῖς
443 2413 814 2477 παντοδαπαῖς
846 2414 1231 2487 περικλύζεται
1264 2420 1601 2489 τρικυμίαις.
1634 2424 1744 2477 Καὶ

181 2501 436 2567 Ἰουδαῖοι,
473 2504 565 2557 διὰ
586 2504 682 2575 τὴν
716 2506 977 2577 πονηρίαν
1007 2509 1108 2580 τῆς
1134 2508 1381 2583 γνώμης,
1409 2512 1511 2584 τῆς
1535 2515 1746 2570 ἐλευθε-

172 2590 286 2658 ρίας
320 2592 603 2655 ἐξέπεσον.

238 2681 411 2735 Ἐθου
440 2682 551 2748 τὰς
567 2683 816 2753 ἀνομίας
838 2684 1006 2755 ήμῶν
1032 2686 1310 2741 ἐναντιον
1334 2704 1471 2744 σου.
1498 2691 1571 2743 Οὐ
1606 2709 1746 2764 παρ-

169 2769 322 2838 ἦλθες
339 2811 355 2834 .
385 2776 545 2842 φησὶ,
573 2775 671 2838 τὰς
694 2776 924 2847 ἀνομίας
949 2776 1128 2847 ἡμῶν,
1188 2778 1281 2832 ἆτε
1308 2781 1463 2851 ἡμῶν
1491 2782 1745 2837 ὲπικαλευ

173 2862 412 2932 σαμὲνων
440 2865 614 2930 αὐτάς
642 2868 724 2929 είς
749 2868 848 2931 τὰς
871 2870 1076 2923 ἑαυτῶν
1102 2872 1343 2941 κεφαλάς
1361 2914 1376 2937 ,
1400 2873 1487 2927 διὰ
1511 2874 1572 2927 τὸ
1593 2876 1745 2947 εἰρη-

172 2952 344 3007 κέναιο
383 2955 455 3009 Τὸ
486 2951 630 3024 οἶμα
659 2957 846 3010 αὐτοῦ
871 2958 963 3027 ἐφ’
994 2960 1151 3029 ἡμᾶς
1181 2962 1277 3016 καὶ
1305 2962 1403 3016 ἐπὶ
1454 2964 1526 3018 τὰ
1564 2965 1746 3020 τέκνα

171 3045 349 3114 ἡμῶν.
407 3048 471 3100 '0
496 3046 642 3101 αἰὼν
662 3047 830 3116 ἡμῶν
853 3053 940 3117 είς
958 3053 1264 3123 φωτισμὸν
1287 3056 1393 3109 τοῦ
1421 3057 1745 3125 προσώπου

171 3148 297 3193 συν.
376 3138 527 3191 Ὢσεὶ
571 3138 787 3209 ἔλεγεν
832 3142 890 3197 '0
924 3142 1037 3214 βίος
1066 3145 1225 3216 ἡμῶν
1272 3148 1364 3201 καὶ
1397 3150 1454 3203 αί
1507 3152 1565 3203 ὲν
1598 3150 1746 3221 αὐτῷ

1844 2050 2114 2107 lamitates
2159 2052 2290 2122 ipsis
2331 2052 2403 2107 ob
2446 2053 2661 2123 propria
2700 2066 2921 2123 peccata
2970 2056 3169 2113 illatas.
3200 2056 3270 2113 Et
3298 2057 3414 2115 haec

1845 2158 1968 2198 cum
2006 2142 2228 2210 Jndteis,
2257 2154 2368 2199 tum
2414 2145 2666 2216 omnibus
2706 2145 3018 2202 hominibus
3058 2150 3409 2206 conveniunt.

1846 2233 2138 2290 Hominum
2194 2237 2395 2306 quippe
2441 2247 2653 2304 natura,
2698 2252 2886 2307 pinnas
2932 2240 3069 2294 dans
3112 2241 3415 2312 iniquitatis

1845 2338 1977 2386 suae,
2010 2325 2414 2381 calamitatibus
2438 2327 2682 2397 subjecta
2708 2336 2792 2384 est
2818 2336 2872 2384 et
2892 2329 3209 2387 decumanis
3234 2331 3414 2390 ﬂucti-

1846 2415 1947 2471 bus
1978 2415 2327 2487 demergitur.
2358 2416 2527 2472 Judaei
2559 2434 2682 2475 vero
2726 2421 2797 2475 ob
2843 2423 3040 2478 mentis
3075 2424 3336 2481 malitiam
3379 2440 3413 2482 a

1846 2505 2091 2562 libertate
2124 2507 2261 2576 lapsi
2287 2516 2435 2563 sunt.

1914 2703 1968 2756 8.
2011 2702 2247 2760 Posuisti
2295 2708 2599 2778 iniquitates
2655 2722 2863 2768 nostras
2913 2716 2967 2769 in
2993 2726 3269 2786 conspectu
3301 2728 3414 2776 tuo.

1844 2789 1962 2849 Non
2015 2798 2453 2866 prastermisisti,
2505 2802 2720 2874 inquit,
2768 2790 3097 2876 iniquitates
3152 2817 3413 2874 nostras.

1844 2884 2044 2956 quippe
2069 2902 2192 2943 cum
2230 2905 2330 2946 nos
2374 2892 2473 2962 ipsi
2502 2908 2598 2948 eas
2626 2894 2678 2948 in
2705 2895 2880 2966 capita
2908 2906 3094 2953 nostra
3124 2914 3415 2956 revocave-

1845 2975 2039 3040 rimus,
2075 2979 2201 3048 quia
2237 2980 2515 3037 diximus:
2547 2982 2773 3055 Sanguis
2799 2986 2910 3055 ejus
2937 3004 3091 3057 super
3123 3006 3217 3043 nos
3244 3001 3293 3044 et
3325 3008 3415 3045 su-

1844 3082 1936 3135 per
1982 3067 2123 3136 ﬁlios
2165 3074 2448 3127 nostros".
2482 3072 2748 3129 Surculum
2781 3091 3015 3133 nostrum
3055 3081 3109 3133 in
3138 3081 3415 3137 illumina-

1848 3157 1984 3212 tione
2015 3160 2188 3213 vultus
2224 3163 2323 3214 tui.
2352 3162 2430 3217 Ac
2464 3164 2507 3218 si
2538 3166 2743 3221 diceret
2778 3166 2939 3223 :Vita
2977 3178 3163 3225 nostra
3200 3179 3254 3226 et
3292 3170 3413 3239 ejus

171 3232 389 3303 πράξεις
416 3235 652 3307 πονηραὶ
681 3236 955 3306 φαίνονται
992 3237 1070 3308 τῷ
1095 3239 1372 3311 προσώπῳ
1401 3259 1515 3297 σου.
1582 3242 1745 3296 Οὐδὲν

1847 3263 2033 3318 opera,
2052 3250 2193 3305 mala
2228 3252 2478 3308 videntur
2505 3255 2561 3309 in
2595 3268 2888 3327 conspectu
2910 3268 3025 3313 tuo.
3042 3258 3191 3316 Nihil
3211 3232 3413 3334 quippe

172 3324 271 3397 γὰρ
309 3326 587 3399 ἠγνόησας
607 3329 713 3381 τῶν
750 3329 809 3381 ὲν
837 3330 965 3400 ἡμῖν
1002 3333 1403 3401 πεπραγμένων
1444 3333 1538 3386 ἀπ’
1567 3335 1741 3407 ἀρχῆς

1846 3338 2064 3410 ignoras
2110 3358 2299 3398 eorum
2333 3360 2454 3416 quas
2500 3346 2554 3400 in
2605 3324 2763 3403 nobis
2808 3359 2926 3406 acta
2980 3364 3109 3415 sunt
3147 3324 3413 3409 ab-init-io

175 3416 327 3488 μέχρι
356 3417 570 3481 τέλους.

238 3507 362 3561 Ὀτι
392 3506 586 3561 πᾶσαι
613 3509 673 3559 αἱ
694 3506 904 3575 ἡμέραι
932 3507 1099 3577 ἡμῶν
1122 3507 1425 3576 ἐξέλιπον,
1443 3512 1541 3565 καὶ
1572 3512 1641 3566 ἐν
1668 3511 1745 3582 τῇ

173 3597 309 3666 ὀργῇ
353 3615 472 3651 σου
511 3597 887 3669 ἐξελίπομεν.
948 3600 1009 3653 Ἦ
1036 3601 1276 3674 ἁμαρτία
1295 3644 1309 3669 ,
1335 3603 1499 3676 φησὶ,
1525 3603 1620 3677 τὴν
1648 3604 1746 3675 σὴν

171 3687 330 3760 ὀργὴν
362 3690 588 3762 ἐκίνησε
636 3692 756 3744 καθ’
787 3692 943 3763 ἡμῶν
967 3709 982 3724 ⁸
1030 3695 1062 3763 ἡ
1094 3694 1150 3746 δὲ
1178 3694 1313 3765 ὀργὴ
1355 3694 1453 3765 τὴν
1479 3696 1746 3770 τιμωρίαν

172 3782 443 3853 ἐπήγαγεν
470 3800 485 3813 ³
524 3785 557 3853 ἠ
582 3784 637 3837 δὲ
659 3786 898 3856 τιμωρία
922 3785 1018 3849 τὰς
1042 3786 1230 3850 ὀδύνας
1269 3788 1590 3858 ἐπήνεγκεν.
1657 3790 1746 3843 Ἐν

172 3871 372 3939 ὀδύναις
402 3881 514 3947 γάρ
549 3876 642 3928 τὸν
674 3876 849 3944 ὀλίγον
880 3876 1035 3947 ἡμῶν
1070 3877 1446 3950 διετελέσαμεν
1482 3878 1614 3950 βίον.
1671 3883 1748 3936 Τὰ

172 3966 267 4028 ἐτη
301 3966 472 4036 ἡμῶν
506 3968 645 4021 ὡσεὶ
676 3966 907 4035 ἀράχνῃ
939 3969 1253 4037 ἐμελέτων.
1314 3971 1478 4024 Οὐδὲν
1509 3971 1743 4041 βέόαιον,

173 4058 348 4127 φησὶν.
374 4058 499 4111 οὐδὲ
527 4059 791 4131 στατηρὸν
814 4062 847 4131 ἡ
881 4060 1192 4134 ἀνθρωπεία
1218 4063 1376 4133 φύσις
1408 4064 1519 4135 ἔχει
1536 4082 1551 4095 ο
1593 4065 1746 4136 δίκην

174 4149 411 4221 ἀράχνης
440 4151 737 4207 διασπᾶται
778 4152 997 4225 ῥᾳδίως.

240 4243 307 4295 Δί
331 4241 548 4311 ἡμέραι
566 4240 686 4294 τῶν
709 4242 861 4296 ἐτῶν
881 4243 1049 4311 ἡμῶν
1070 4246 1140 4297 ἐν
1160 4244 1363 4312 αὐτοῖς
1391 4246 1748 4316 ἐϐδομήκον-

174 4345 241 4384 ra
262 4331 388 4401 ἐτη.
460 4333 646 4387 Ἔοικε
679 4332 851 4389 ταῦτα
874 4337 985 4398 τοῖς
1018 4336 1121 4389 ὑπὸ
1146 4336 1241 4389 τοῦ
1270 4339 1607 4410 πατριάρχου
1640 4340 1746 4393 ἰα-

174 4420 282 4475 κὼὸ
319 4423 633 4497 εἰρημένοις
655 4442 668 4455 ·
705 4428 774 4480 Al
800 4424 1011 4495 ἡμέραι
1031 4444 1152 4496 μου
1179 4429 1382 4496 μικραὶ
1431 4429 1531 4482 καί
1562 4448 1747 4500 πονη-

169 4514 261 4583 ραὶ
279 4519 387 4571 οὐκ
406 4517 687 4585 ἔφθασαν
704 4519 791 4584 είς
812 4517 917 4584 τὰς
940 4517 1162 4587 ἡμέρας
1184 4518 1299 4573 τῶν
1320 4518 1587 4588 πατέρων
1602 4539 1743 4590 μου.

1847 3449 2022 3503 usque
2045 3435 2113 3490 ad
2144 3437 2328 3492 linem.

1915 3526 1968 3581 9.
2012 3526 2274 3593 Quoniam
2297 3545 2470 3581 omnes
2498 3529 2607 3584 dies
2630 3535 2798 3585 nostri
2830 3532 3154 3601 defecerunt,
3181 3545 3231 3589 et
3253 3537 3305 3591 in
3330 3538 3414 3592 ira

1847 3628 1938 3673 tua
1962 3619 2267 3689 defecimus.
2303 3619 2613 3690 Peccatum,
2648 3622 2846 3693 inquit,
2882 3623 3017 3680 iram
3050 3636 3199 3683 tuam
3224 3629 3416 3685 adver-

1846 3726 1966 3766 sum
2018 3727 2118 3769 nos
2170 3713 2497 3781 concitavit;
2541 3714 2621 3769 ira
2666 3730 2794 3769 vero
2841 3718 3164 3787 supplicium
3199 3721 3413 3791 intulit;

1847 3803 2170 3873 supplicium
2231 3805 2447 3861 dolores
2496 3806 2728 3860 induxit.
2764 3806 2824 3860 ln
2877 3806 3163 3865 doloribus
3212 3813 3413 3882 quippe

1846 3896 2120 3949 modicum
2158 3896 2283 3951 vitae
2330 3904 2532 3950 nostra:
2581 3907 2792 3967 tempus
2840 3902 3227 3972 transegimus.
3272 3906 3415 3959 Anni

1847 3987 2012 4040 nostri
2046 3987 2182 4041 sicut
2206 4002 2400 4040 aranea
2431 3988 2841 4044 meditabantur.
2873 3987 3018 4045 Nihil
3051 3992 3292 4057 ﬁrmum.
3328 3996 3417 4051 iu—

1846 4080 1984 4150 quit,
2016 4080 2151 4133 nihil
2179 4080 2371 4135 stabile
2398 4091 2604 4137 natura:
2629 4092 2827 4137 nostra:
2858 4084 3000 4142 inest
3032 4101 3047 4139 :
3082 4085 3257 4142 instar
3292 4102 3417 4144 ara-

1847 4185 1961 4225 nea
1990 4171 2146 4226 facile
2174 4172 2515 4243 discerpitur.

1916 4263 2002 4317 10.
2044 4264 2168 4320 Dies
2213 4283 2470 4319 annorum
2515 4276 2811 4320 nostrorum
2838 4268 2894 4320 in
2922 4269 3051 4339 ipsis
3086 4274 3416 4342 septuaginta

1847 4358 1997 4422 anni,
2027 4365 2132 4412 etc.
2166 4355 2355 4411 lstharc
2383 4356 2581 4412 similia
2618 4366 2746 4413 sunt
2781 4356 2849 4414 iis
2870 4375 2992 4429 qua:
3015 4359 3151 4416 dixit
3185 4365 3417 4433 patriar-

1846 4447 1949 4501 cha
1981 4445 2147 4502 Jacob
2177 4469 2190 4501 :
2224 4446 2348 4501 Dies
2383 4448 2483 4502 mei
2505 4450 2661 4517 pauci
2690 4459 2736 4503 et
2770 4451 2919 4515 mali,
2959 4468 3060 4505 non
3079 4467 3416 4520 pervenerunt

1847 4536 1916 4589 ad
1953 4539 2063 4591 dies
2109 4549 2319 4606 patrum
2366 4556 2596 4593 meorum
2613 4540 2679 4593 ‘°.
2716 4538 2854 4595 Sunt
2899 4540 3084 4613 itaQue
3133 4546 3228 4615 qui
3276 4545 3414 4602 uitra

175 4601 287 4655 Εἰσὶ
317 4604 416 4675 μὲν
440 4600 539 4659 οὖν
562 4606 613 4660 οἳ
646 4606 739 4660 καὶ
772 4606 989 4661 πλείονα
1018 4607 1112 4659 τοῦ
1158 4608 1445 4679 εἰρημένου
1479 4609 1745 4664 διαϐιοῦσι

1850 4600 2164 4698 praedictum
2198 4640 2408 4701 tempus
2437 4632 2601 4685 vitam
2645 4631 2970 4699 extrahunt;
2996 4600 3112 4689 Ised
3148 4600 3201 4689 id
3230 4639 3415 4706 paucis

176 4695 382 4763 χρόνον·
412 4696 533 4750 ἀλλ’
562 4699 735 4751 ὲκείνο
761 4699 849 4751 ἐπ’
885 4699 1080 4768 ὀλίγων
1110 4700 1411 4770 συμϐαίνει.
1446 4699 1520 4756 Τὸ
1546 4701 1602 4754 δὲ
1630 4719 1746 4755 κοι-

174 4787 257 4839 νὸν
281 4790 375 4843 καὶ
400 4788 479 4854 ὡς
506 4789 600 4842 ἰπὶ
622 4790 730 4845 τῶν
757 4790 1023 4845 πλείστων
1069 4791 1303 4862 κρατοῦν
1344 4792 1574 4847 ἐνταῦθα
1605 4794 1748 4849 διδά-

178 4895 307 4935 σκει.
347 4881 564 4953 Ὥσπερ
585 4881 692 4954 γὰρ
711 4882 820 4937 τῶν
846 4884 1091 4955 πρόωρον
1113 4884 1416 4956 δεχομένων
1445 4885 1544 4957 τὴν
1567 4886 1749 4940 τελευ-

176 4970 265 5042 τὴν
286 4974 385 5027 οὐκ
413 4976 711 5047 ἐποιήσατο
731 4978 953 5048 μνήμην
970 5015 985 5041 ,
1015 4978 1157 5031 οὕτω
1185 4995 1292 5030 των
1316 4978 1520 5049 σφόδρα
1561 4980 1749 5049 γερόν-

176 5082 273 5120 των
294 5067 371 5139 τῷ
402 5069 691 5141 μακροϐίῳ
716 5069 1125 5125 καταλέλοιπεν.
1197 5067 1330 5123 Ἀλλ’
1357 5070 1505 5140 ὅμως
1526 5109 1541 5134 ,
1589 5072 1743 5142 φησὶ,

177 5159 263 5212 καὶ
287 5162 315 5213 ὁ
344 5160 553 5233 βραχὺς
582 5155 734 5225 οὗτος
777 5163 967 5235 χρόνος
1005 5163 1197 5235 ὀδύνης
1235 5163 1330 5218 καὶ
1373 5162 1548 5217 πόνων
1578 5163 1750 5235 ἐμπέ-

181 5251 427 5324 πλησται.
467 5256 595 5308 Ὅτι
631 5255 856 5325 ἐπῆλθε
890 5257 1152 5325 πραότης
1176 5256 1268 5324 ἐφ’
1290 5252 1466 5323 ἡμᾶς,
1495 5254 1592 5307 καὶ
1621 5270 1751 5309 παι-

179 5344 599 5418 δευθησόμεθα.
646 5348 861 5421 Ἐπειδὴ
889 5350 1079 5421 νεκρός
1102 5366 1186 5413 τις
1213 5348 1306 5401 καὶ
1338 5345 1556 5417 εὐτελὴς
1578 5349 1607 5401 ὀ
1638 5347 1748 5417 βίος

180 5436 345 5505 ἡμῶν,
378 5439 474 5492 καὶ
502 5438 566 5492 ού
593 5438 931 5511 γινώσκομεν
953 5440 1005 5495 τί
1042 5440 1193 5494 ἔσται
1233 5441 1363 5509 ἡμῖν
1402 5436 1538 5508 μετὰ
1576 5438 1749 5493 ταῦτα

183 5527 279 5582 ἀπὸ
306 5530 397 5583 τοῦ
430 5533 670 5602 κράτους
711 5548 837 5585 σου·
894 5532 1082 5587 τούτου
1119 5531 1277 5603 χάριν
1333 5529 1522 5601 πράως
1543 5569 1560 5593 ,
1595 5530 1747 5602 φησὶ,

187 5619 460 5679 παίδευσον
488 5625 659 5694 ἡμᾶς.
690 5624 764 5677 Τὸ
786 5629 916 5698 γάρ,
949 5626 1247 5694 ἐπῆλθεν,
1273 5623 1402 5676 ἀντὶ
1439 5621 1532 5676 τοῦ
1557 5662 1572 5686 ,
1601 5623 1752 5677 ἐπέλ-

251 5900 294 5932 ⁸⁹
331 5900 520 5959 Matth.
556 5918 726 5969 sxvu,
753 5903 842 5958 25.
921 5904 965 5935 "
1005 5905 1137 5959 Gen.
1176 5920 1341 5975 ιιι-ιι,
1380 5906 1428 5961 9.

1848 4720 2133 4792 contingit.
2153 4720 2253 4776 Hie
2278 4732 2457 4776 autem
2484 4721 2758 4791 signiﬁcat
2780 4723 2926 4793 quod
2956 4724 3117 4795 vulgo
3142 4727 3341 4793 evenit,
3363 4738 3411 4783 et

1848 4811 1901 4864 in
1942 4811 2189 4883 pluribus
2232 4812 2545 4883 contingere
2587 4810 2742 4870 solet.
2775 4813 3238 4880 Quemadmodum
3266 4821 3414 4875 enim

1847 4904 2177 4958 mentionem
2227 4919 2333 4958 non
2387 4903 2518 4959 fecit
2553 4920 2742 4960 eorum
2772 4907 2862 4977 qui
2886 4919 3211 4977 pramature
3242 4923 3414 4968 morte

1846 4996 2139 5060 tolluntur,
2173 4997 2253 5052 sic
2284 5011 2380 5051 eos
2411 4997 2505 5067 qui
2536 4998 2601 5053 ad
2630 5007 2927 5054 extremam
2958 5011 3291 5059 senectutem
3317 5019 3414 5059 vc-

1846 5089 2023 5152 niuut,
2067 5099 2248 5158 utpote
2275 5090 2591 5160 grandaevos
2627 5093 2990 5162 prtetermisit.
3016 5096 3294 5159 Attamen,
3326 5097 3413 5151 in-

1846 5183 1983 5251 quit,
2016 5182 2274 5250 perhreve
2297 5182 2427 5237 illud
2449 5192 2688 5253 tempus,
2716 5186 2923 5241 doloris
2946 5194 2999 5242 et
3021 5186 3267 5241 laborum
3302 5189 3411 5258 ple-

1849 5290 1976 5328 num
2012 5283 2111 5328 est.
2142 5274 2406 5341 Quoniam
2438 5278 2729 5344 superuenit
2754 5279 3118 5345 mansuetudo,
3160 5289 3210 5332 et
3252 5285 3403 5336 corri-

1847 5366 2069 5433 piemur.
2103 5364 2371 5432 Quoniam
2408 5383 2506 5423 ceu
2535 5380 2746 5425 mortua
2779 5381 2831 5425 et
2859 5370 3150 5426 admodum
3182 5372 3304 5427 vilis
3332 5383 3411 5427 est

1850 5460 1957 5511 vita
1990 5467 2196 5526 nostra,
2237 5472 2290 5515 et
2335 5459 2650 5530 ignoramus
2691 5462 2821 5531 quid
2858 5463 3015 5518 nobis
3050 5473 3173 5532 post
3206 5464 3321 5520 haec
3350 5467 3412 5520 ab

1849 5550 2078 5622 imperio
2126 5560 2220 5607 tuo
2266 5551 2510 5608 futurum
2543 5555 2649 5623 sit;
2701 5555 2842 5623 ideo,
2874 5556 3071 5627 inquit.
3100 5572 3224 5612 cum
3261 5572 3387 5611 man

1850 5646 2138 5704 suetudine
2179 5647 2393 5719 corripe
2423 5663 2545 5704 nos.
2593 5646 2728 5705 Nam
2765 5648 2915 5717 illud,
2958 5652 3270 5720 supervenit,
3298 5664 3410 5719 pro.
