4126 6488
676 451 780 507 399

1531 439 1586 492 S.
1631 434 2000 491 ATHANASH
2039 433 2189 487 OPP.
2230 430 2408 485 PARS
2451 430 2538 482 ιιι.
2579 459 2648 468 -
2679 427 3083 483 EXEGETICA.

3824 423 3930 482 400

674 560 1040 634 superveniat,
1077 557 1169 610 ait.
1195 554 1476 609 Postulant
1507 563 1687 606 autem
1724 549 2123 618 corrcptionem
2154 561 2243 599 ac-
2275 581 2284 606 ι

2355 546 2446 608 ὕοι,
2476 547 2627 616 φησί.
2660 545 2876 598 Λὶτοῦσι
2903 545 2959 597 δὲ
2985 548 3083 615 τῆς
3114 544 3200 598 διὰ
3222 544 3454 615 Χριστὸν
3481 544 3730 609 παιδείας
3763 562 3932 615 μετα-

673 660 854 726 cipere
880 668 974 722 per
999 649 1296 711 Christum,
1333 647 1424 716 qui
1460 653 1544 700 est
1570 645 1788 699 dextera
1823 642 2025 705 l’alris,
2059 656 2246 711 qnam-

675 753 861 806 obrem
893 747 967 801 ait
996 765 1011 801 :

751 845 834 908 l3,
868 843 954 897 15.
997 840 1280 894 Dextera":
1337 845 1482 888 tuam
1538 836 1612 886 sic
1659 844 1837 886 nolam
1890 833 1997 902 fac,
2043 841 2146 886 etc.
2187 829 2242 884 In

674 939 949 996 communi
980 935 1217 1006 positum
1251 941 1334 986 cst
1373 931 1522 990 illud,
1561 939 1737 981 nolam
1772 927 1878 995 fac,
1915 926 1988 980 ita
2028 933 2086 978 ut
2117 939 2244 978 scn-

676 1045 770 1083 sus
797 1028 865 1082 sit
899 1045 914 1082 :
947 1023 1136 1079 Notam
1181 1021 1266 1076 fac
1308 1021 1467 1075 nobis
1514 1020 1792 1074 dexteram
1843 1026 2013 1080 tuam,
2049 1016 2098 1070 id
2140 1026 2242 1077 est,

676 1121 985 1184 Christum;
1020 1124 1174 1170 notos
1204 1114 1288 1168 fac
1315 1111 1468 1165 nobis
1496 1126 1589 1166 eos
1619 1109 1711 1179 qui
1746 1109 1798 1162 in
1827 1108 1988 1162 corde
2026 1106 2244 1175 sapien-

676 1215 805 1267 tiam
854 1211 1094 1266 habent:
1126 1207 1201 1263 illi
1237 1214 1418 1260 autem
1469 1218 1590 1258 esse
1635 1202 1888 1256 videntur
1920 1199 2151 1270 apostoli
2193 1209 2245 1254 et

675 1303 1035 1374 evangelista,
1067 1315 1297 1372 quorum
1323 1311 1485 1367 Opera
1517 1294 1893 1351 conversionis
1920 1292 2110 1346 modos
2131 1291 2246 1345 edi-

674 1396 926 1451 dicimus.

743 1488 830 1553 H,
864 1487 949 1541 15.
993 1485 1192 1555 Repleti
1219 1500 1399 1537 sumus
1424 1499 1572 1536 mane
1595 1481 1960 1536 misericordia
1985 1491 2095 1535 tua.
2119 1480 2245 1537 Haec

673 1583 825 1635 aiunt
853 1579 1007 1650 quasi
1031 1579 1141 1648 jam
1173 1577 1437 1632 orationis
1481 1576 1642 1630 linem
1678 1583 1731 1629 et
1778 1589 2002 1644 scopum
2032 1575 2248 1629 invene-

675 1677 801 1728 rint.
835 1674 1052 1728 Orietur
1099 1685 1334 1740 namque
1380 1670 1487 1724 illis
1523 1667 1617 1722 Sol
1645 1668 1871 1737 iustitia:
1899 1668 1953 1722 in
1989 1683 2248 1722 consum-

677 1765 913 1819 inationc
951 1763 1131 1818 saeculi
1162 1762 1345 1831 hujus.

746 1857 833 1911 l6.
875 1855 1089 1924 Respice
1119 1857 1171 1908 in
1204 1871 1374 1908 serros
1411 1866 1549 1920 tuos,
1580 1863 1628 1907 et
1668 1855 1722 1906 in
1751 1870 1908 1922 opera
1937 1863 2049 1906 tua.
2084 1853 2240 1916 Illud,

2351 637 2532 690 λαϐεῖν
2553 678 2566 701 ,
2603 639 2659 700 ὃς
2693 639 2806 690 ἐστι
2841 636 2988 702 δεξιὰ
3016 637 3109 689 τοῦ
3140 637 3349 708 Πατρός
3369 653 3382 667 ·
3410 636 3488 689 διό
3521 653 3686 706 φησι·

2428 818 2544 886 Τὴν
2575 817 2779 881 δεξιάν
2806 834 2921 873 σου
2953 819 3140 884 οὕτως
3165 818 3457 888 γνώρισόν
3475 835 3595 888 μοι.
3652 819 3791 872 ’Λπο
3816 836 3931 872 κοι-

2353 908 2443 962 νοῦ
2472 910 2551 973 τὸ,
2583 907 2894 979 γνώρισον,
2921 909 3007 962 ἴνα
3084 925 3098 940 ’
3131 910 3240 969 Καὶ
3268 908 3532 979 γνώρισον
3565 911 3698 980 ἡμῖν
3725 907 3934 981 τὴνβε-

2354 1000 2470 1066 ξιάν
2505 1018 2596 1053 σου
2623 1040 2637 1065 ,
2668 1000 2910 1053 τουτέστι
2938 1000 3171 1073 Χριστόν
3195 1020 3207 1031 ο
3259 1000 3522 1071 γνώρισον
3553 1001 3610 1054 δὲ
3643 1003 3780 1072 ἡμῖν
3809 1002 3933 1066 τοὺς

2351 1094 2416 1162 τῇ
2447 1091 2641 1163 καρδίᾳ
2661 1091 2756 1163 τὴν
2778 1093 2968 1162 σοφίαν
2991 1093 3210 1163 ἔχοντας
3227 1111 3241 1126 ο
3264 1086 3408 1146 οὗτοι
3429 1094 3472 1146 δ’
3496 1093 3561 1147 ἂν
3585 1090 3698 1147 εἷεν
3719 1097 3768 1149 0i
3789 1095 3932 1164 ἅγιοι

2353 1181 2633 1235 ἀπόστολοι
2660 1184 2753 1237 καὶ
2783 1184 3185 1253 εὑαγγελισταὶ,
3217 1185 3282 1238 δι’
3314 1179 3387 1240 ὧν
3411 1187 3502 1239 καὶ
3529 1185 3816 1258 ἐμάθομεν
3835 1186 3934 1257 τῆς

2354 1274 2684 1345 ἐπιστροφῆς
2720 1277 2845 1340 τοὺς
2874 1277 3126 1346 τρόπους.

2435 1479 2925 1547 Ἐγεστλιξσθημεν
2962 1477 3027 1531 τὸ
3061 1479 3210 1546 πρωῒ
3248 1477 3354 1532 τοῦ
3383 1478 3595 1544 ἐλέους
3626 1495 3769 1533 σου.
3849 1480 3936 1543 Ὠς

2352 1570 2450 1640 ἤδη
2493 1571 2591 1640 τῆς
2624 1571 2786 1642 εὐχῆς
2837 1572 3086 1643 εὑρόντες
3121 1571 3182 1623 τὸ
3229 1571 3402 1638 πέρας
3427 1571 3492 1624 τά
3521 1571 3701 1625 τοιάδε
3747 1574 3930 1642 φασίν.

2366 1660 2636 1715 ’Λνατελεῖ
2656 1662 2763 1732 γάρ
2779 1663 2874 1714 καὶ
2904 1663 3085 1725 αὐτοῖς
3108 1663 3136 1713 ὀ
3153 1659 3448 1734 Ἥλιοςτῆς
3471 1661 3822 1733 δικαιοσύνης
3846 1664 3938 1717 ἐπὶ

2355 1753 2633 1825 συντελείᾳ
2658 1753 2752 1807 τοῦ
2787 1753 2982 1818 αἰῶνος
3017 1753 3232 1808 τούτου.

2423 1841 2530 1893 Kal
2567 1842 2654 1894 ἴδε
2680 1841 2779 1894 ἐπὶ
2818 1842 2958 1907 τοὺς
2979 1842 3237 1909 δούλους
3259 1858 3399 1910 σου,
3429 1844 3530 1898 καὶ
3563 1845 3662 1899 ἐπὶ
3695 1846 3769 1900 τὰ
3793 1847 3940 1915 ἔργα

676 1950 891 2019 respice,
933 1963 1126 2002 rursus
1169 1948 1405 2017 positum
1436 1962 1556 2016 pro,
1589 1947 1896 2014 respexisti,
1943 1946 1995 2000 id
2030 1958 2132 2009 est,
2166 1947 2247 2000 in-
2281 1917 2284 1972 ἶ

2355 1945 2487 1985 σου.
2521 1931 2621 1995 Τὸ,
2650 1930 2772 1997 ἴδε,
2819 1932 2979 1986 πάλιν
3006 1933 3127 1987 ἀντὶ
3164 1933 3255 1986 τοῦ
3274 1974 3289 1998 ,
3329 1934 3432 1998 ἴδες
3451 1975 3466 1999 ,
3498 1937 3618 2005 ἦτοι
3646 1937 3938 2007 ἐπεσκέψω

676 2043 896 2112 spexisti
927 2055 1109 2096 servos
1141 2050 1262 2096 tuos
1295 2049 1349 2094 et
1374 2055 1535 2108 opera
1579 2055 1837 2093 manuum
1877 2049 2120 2098 tuarum.
2148 2039 2250 2095 Per

675 2149 837 2205 quam
867 2133 1250 2194 visitationem,
1274 2131 1615 2201 splendorem
1644 2147 1709 2186 ac
1739 2131 1920 2184 lumen
1949 2130 2042 2184 Dei
2075 2131 2248 2185 nosui

677 2229 941 2293 videntes,
970 2241 1033 2281 ac
1053 2225 1324 2291 conversi,
1350 2232 1555 2278 rectam
1591 2223 1735 2276 viam
1767 2222 2248 2286 ineedamus,cum

676 2318 1048 2375 conversionis
1077 2332 1242 2387 opera
1275 2315 1709 2386 impleverimus.

748 2497 832 2552 I7.
879 2494 946 2550 Et
979 2497 1045 2550 sit
1077 2494 1319 2566 splendor
1359 2494 1568 2548 Domini
1597 2493 1694 2548 Dei
1723 2493 1891 2547 nostri
1934 2508 2088 2562 super
2134 2507 2247 2545 nos.

678 2591 784 2648 Nos
807 2590 1116 2662 splendidos
1155 2605 1219 2644 ac
1245 2590 1485 2644 illustres
1515 2587 1693 2642 eﬂ‘ecit
1713 2587 1898 2640 lumen
1924 2585 2251 2656 cognitionis

679 2686 807 2750 ῡςίς
836 2695 892 2739 et
916 2682 1088 2736 Judaei
1115 2691 1236 2750 post
1261 2681 1491 2734 reditum
1532 2679 1814 2748 conspicui
1846 2678 1973 2733 item
2004 2677 2245 2733 fuerunt.

681 2776 748 2830 Et
774 2792 930 2845 opera
949 2791 1209 2828 manuum
1237 2782 1538 2827 nostrarum
1569 2772 1758 2842 dirige.
1805 2769 1979 2841 Opera
2011 2782 2137 2827 sunt
2170 2773 2248 2826 le-

679 2872 795 2937 gis';
833 2883 970 2938 Opus
1014 2877 1215 2930 autem,
1244 2875 1325 2920 est
1353 2864 1484 2918 illud
1510 2865 1654 2934 quod
1687 2865 1739 2917 in
1775 2879 1913 2918 nova
1947 2864 2061 2934 lege
2091 2863 2252 2932 perli-

680 2962 836 3016 nitur.
871 2960 1006 3015 Nam
1037 2962 1090 3014 in
1123 2957 1300 3014 Veteri
1336 2959 1472 3028 Lege
1493 2958 1644 3011 varia
1667 2968 1822 3011 erant
1849 2957 2112 3011 sacrilicia
2149 2975 2162 3013 :
2195 2957 2247 3011 in

681 3053 823 3108 Nova
863 3063 1043 3107 autem
1095 3051 1245 3104 solus
1286 3048 1454 3103 Filius
1486 3048 1818 3102 immolatur.
1856 3047 1924 3101 Et
1961 3065 2087 3118 Opus
2135 3067 2267 3113 mas

680 3161 843 3199 riuum
891 3155 1192 3198 nostrarum
1239 3139 1427 3212 dirige.
1460 3141 1634 3211 Opera
1683 3159 1941 3198 manuum
1973 3153 2102 3198 sunt
2135 3145 2248 3198 sin-

2346 2025 2474 2086 τοὺς
2507 2023 2724 2087 δούλους
2775 2040 2866 2076 σου
2903 2025 2996 2078 καὶ
3026 2026 3094 2079 τὰ
3130 2025 3265 2096 ἔργα
3310 2027 3420 2080 τῶν
3451 2027 3649 2099 χειρῶν
3681 2046 3802 2083 σου.
3861 2035 3936 2083 Δι’

2347 2110 2415 2186 ἦς
2444 2116 2749 2186 ἐπισκοπῆς
2781 2115 2879 2187 τὴν
2912 2116 3269 2188 λαμπρότητα
3307 2119 3401 2172 καὶ
3441 2119 3502 2173 τὸ
3530 2119 3646 2190 φῶς
3669 2121 3767 2175 τοῦ
3799 2121 3938 2175 Θεοῦ

2347 2210 2380 2278 ἡ
2391 2207 2504 2277 μῶν
2532 2207 2866 2278 ἑωρακότες,
2897 2208 2990 2261 καὶ
3019 2209 3446 2280 ἐπιστρέψαντες
3469 2250 3484 2274 ,
3511 2212 3938 2284 κατευθυνθεὶη-

2351 2316 2449 2370 μεν
2478 2300 2561 2369 ἐφ’
2590 2294 2671 2363 οἷς
2700 2300 2800 2371 τὴν
2854 2301 2952 2372 τῆς
2980 2303 3314 2374 ἐπιστροφῆς
3344 2301 3541 2375 πρᾶξιν
3575 2305 3797 2377 ἀποπλη
3809 2307 3936 2378 ροῦ-

2353 2407 2473 2461 μεν.

2426 2482 2535 2537 Kal
2575 2482 2730 2535 ἔστω
2753 2484 2791 2551 ἡ
2817 2484 3165 2552 λαμπρότης
3192 2486 3411 2553 Κυρίου
3440 2485 3546 2540 τοῦ
3585 2485 3736 2540 Θεοῦ
3768 2486 3942 2556 ἡμῶν

2349 2571 2440 2641 ἐρ’
2468 2572 2643 2641 ἡμᾶς.
2687 2575 2797 2628 Καὶ
2825 2575 2972 2644 ἡμᾶς
3012 2573 3297 2645 λαμπροὺς
3330 2576 3421 2628 καὶ
3468 2579 3788 2648 περιφανεῖς
3833 2577 3941 2630 ἀπ-

2350 2667 2516 2738 έφηνε
2547 2667 2644 2738 τῆς
2669 2667 2996 2735 θεογνωσίας
3022 2667 3081 2720 τὸ
3112 2667 3245 2735 φῶς·
3273 2667 3367 2720 καὶ
3392 2668 3633 2722 Ἰουδαῖοι
3666 2668 3808 2739 μετὰ
3839 2669 3938 2739 τὴν

2351 2759 2606 2812 ἐπάνοδον
2644 2759 2994 2829 περίϐλεπτοι
3034 2759 3194 2812 πάλιν
3227 2760 3496 2828 ἐγένοντο.
3545 2760 3656 2814 Καὶ
3686 2761 3760 2813 τὰ
3794 2761 3940 2829 ἔργα

2351 2845 2469 2899 τῶν
2498 2845 2710 2916 χειρῶν
2743 2847 2910 2916 ἡμῶν
2938 2848 3326 2903 κατεύθιννον.
3387 2851 3564 2920 Ἔργα
3596 2848 3690 2902 τοῦ
3729 2851 3900 2920 νόμον
3922 2866 3934 2876 ·

2352 2937 2509 3010 ἔργον
2535 2940 2595 2992 τὸ
2623 2942 2679 2992 ὲν
2712 2943 2776 3012 τῇ
2809 2941 2924 3012 Νέᾳ
2957 2939 3276 3012 τελούμενον
3370 2942 3457 2996 Ἐν
3491 2945 3557 3014 τῇ
3583 2942 3695 3014 γὰρ
3725 2942 3943 3014 Παλαιᾷ

2351 3031 2598 3104 διάφοροι
2627 3033 2807 3087 ουσίαι
2828 3051 2841 3064 ·
2876 3036 2934 3087 ὲν
2965 3036 3022 3088 δὲ
3055 3040 3120 3106 τῇ
3156 3037 3270 3108 Νέᾳ
3298 3037 3457 3106 μόνος
3495 3041 3522 3090 ὀ
3567 3037 3697 3101 Υἱὸς
3723 3036 3939 3094 θύεται.

2352 3125 2461 3177 Καὶ
2489 3125 2553 3177 τὸ
2581 3126 2754 3194 ἔργον
2779 3125 2895 3179 τῶν
2916 3127 3128 3196 χειρῶν·
3148 3127 3316 3197 ἡμῶν
3339 3129 3729 3182 κατεύθυνον.
3761 3130 3936 3200 Ἐργσ

682 3239 818 3308 gula:
846 3238 1086 3293 actiones
1116 3256 1129 3291 ς
1172 3251 1310 3305 opus
1336 3252 1616 3300 manuum,
1651 3244 1736 3291 est
1770 3237 2008 3308 cognitio
2032 3251 2152 3307 qua:
2181 3251 2244 3291 ex
2274 3268 2284 3315 ε

2356 3216 2455 3286 μὲν
2504 3217 2703 3287 χειρῶν
2731 3219 2878 3272 ἐστιν
2919 3221 2949 3289 ἡ
2988 3219 3109 3272 καθ’
3140 3221 3378 3290 ἑκάστην
3406 3219 3604 3291 πρᾶξις
3626 3236 3639 3250 ·
3684 3219 3851 3291 ἔργον
3882 3220 3941 3273 δὲ

682 3332 766 3386 his
786 3331 980 3385 evenit.

681 3419 822 3474 Laus
847 3420 1039 3472 cantici
1066 3418 1254 3482 David,
1281 3429 1422 3471 caret
1447 3419 1784 3486 inscriptione
1805 3420 1946 3486 apud
1981 3419 2248 3475 llebra'os.

1411 3508 1528 3562 XC.

1264 3600 1664 3671 Argumentum.

685 3692 974 3764 Postquam
1005 3693 1058 3747 in
1087 3693 1420 3764 octogesimo
1448 3709 1590 3748 nono
1619 3693 1828 3763 psalmo
1851 3691 2060 3748 Judaici
2087 3708 2254 3763 popu-

753 3784 789 3839 li
837 3785 1176 3840 aversionem
1221 3784 1558 3847 declaravit,
1607 3795 1997 3853 consequenter
2049 3785 2102 3838 in
2153 3786 2254 3840 hoc

753 3879 965 3948 psalmo
1013 3889 1303 3946 personam
1344 3875 1552 3930 inducit
1579 3890 1771 3929 eorum
1816 3877 1910 3945 qui
1962 3893 2056 3946 per
2096 3877 2254 3932 Chri-

757 3978 902 4024 stum
952 3966 1314 4022 consummati
1350 3977 1495 4030 sunt,
1528 3976 1582 4021 et
1628 3982 1723 4037 per
1773 3982 1898 4022 eum
1946 3970 2256 4036 spiritualcs

755 4059 937 4114 hostes
979 4065 1255 4128 superant,
1293 4058 1634 4129 principatus
1666 4057 1913 4113 videlicet
1938 4069 1991 4113 et
2021 4070 2256 4129 potesta-

758 4161 858 4212 tes,
889 4158 943 4204 et
973 4160 1206 4204 rectores
1234 4150 1415 4204 mundi
1449 4151 1791 4205 tenebrarum
1831 4152 2046 4218 harum,
2077 4163 2130 4208 et
2155 4156 2258 4224 spi-

759 4241 972 4296 ritualia
1004 4242 1276 4310 nequitim,
1304 4242 1590 4310 ipsumque
1635 4243 1901 4298 nefarium
1955 4244 2210 4300 Satanam
2239 4265 2252 4311 ;

757 4335 848 4401 qui
893 4334 1058 4388 variis
1094 4332 1269 4386 modis
1305 4333 1358 4385 in
1386 4333 1637 4402 prmsenti
1686 4334 1896 4401 psalmo
1943 4336 2255 4407 signiliean-

763 4436 869 4479 lur.
901 4423 1086 4479 Timor
1132 4426 1337 4480 scilicet
1375 4433 1699 4488 nocturnus.
1735 4427 1929 4498 sagitta
1980 4431 2170 4482 volans
2203 4430 2254 4482 in

757 4518 862 4582 die,
896 4518 1167 4588 negotium
1200 4517 1584 4587 perambulatis
1631 4518 1684 4571 in
1735 4521 1992 4584 tenebris,
2026 4525 2180 4575 ruina
2204 4533 2258 4576 et

758 4610 1081 4664 daemonium
1119 4609 1496 4673 meridianum,
1531 4611 1675 4664 mille
1729 4619 1783 4664 et
1834 4613 2017 4666 decem
2065 4614 2254 4679 millia,
2289 4602 2334 4657 Ῑ)

761 4703 928 4771 aspis,
973 4701 1280 4762 basiliscos,
1318 4701 1401 4755 leo
1439 4711 1492 4756 et
1535 4702 1721 4758 draco.
1767 4704 2040 4760 Adversus
2097 4706 2260 4761 hosce

763 4808 955 4848 omnes
985 4793 1189 4847 homini
1226 4793 1318 4847 Dei
1348 4794 1628 4850 victoriam
1657 4798 1900 4851 ascribit.

763 4975 815 5028 1.
859 4971 961 5037 Qui
996 4972 1198 5024 habitat
1246 4973 1298 5023 in
1341 4971 1606 5040 adjutorio
1648 4972 1926 5026 Altissimi.
1983 4972 2261 5043 Prophctt-

695 5081 794 5120 cus
823 5067 1067 5134 spiritus,
1103 5064 1372 5118 hominem
1397 5063 1491 5133 qui
1537 5065 1798 5117 auxilium
1835 5073 1888 5118 ct
1929 5079 2086 5133 opem
2119 5067 2258 5133 tulit,

697 5158 749 5212 id
797 5165 879 5211 cst
915 5156 1214 5218 Christum,
1245 5155 1336 5225 qui
1372 5169 1454 5211 est
1484 5154 1646 5208 etiam
1676 5155 2009 5221 Altissimus,
2044 5158 2260 5212 beatum

697 5247 972 5317 praedicat.
1007 5245 1290 5311 Quomodo
1320 5262 1426 5298 non
1475 5246 1664 5300 beatus
1690 5248 1804 5316 qui,
1843 5255 1900 5300 ut
1935 5246 2101 5303 Deum
2139 5251 2261 5304 coeli

698 5349 1058 5409 protectorem
1109 5338 1328 5393 haberet
1379 5337 1575 5406 dignus
1603 5340 1816 5394 habitus
1843 5340 1966 5394 est?
1997 5340 2063 5395 In
2085 5352 2261 5411 prote-

700 5426 867 5480 ctione
896 5425 988 5479 Dei
1011 5424 1123 5478 caeli
1153 5426 1578 5480 commorabitur.
1605 5425 1708 5491 Qui
1742 5433 1926 5479 manet
1959 5426 2010 5479 in
2041 5426 2144 5482 hoc
2170 5429 2266 5481 ad-

698 5519 904 5590 jutorio
940 5517 1236 5588 protegitur
1263 5526 1316 5571 et
1344 5518 1664 5570 custoditur.

772 5610 828 5666 2.
873 5610 1018 5664 Dicet
1061 5609 1281 5662 Domino
1313 5624 1331 5661 :
1359 5608 1636 5677 Susceptor
1680 5626 1821 5664 meus
1857 5627 1910 5664 es
1943 5620 2018 5664 tu.
2068 5611 2266 5683 Ecquis

706 5710 790 5755 est
813 5700 905 5769 qui
941 5699 1042 5752 hoc
1079 5697 1306 5751 Domino
1335 5698 1483 5761 dicit,
1517 5697 1618 5753 nisi
1642 5699 1809 5755 homo
1841 5700 1932 5772 qui
1966 5703 2184 5756 conlidit
2214 5702 2262 5755 in

705 5792 842 5863 ipso,
875 5801 927 5846 et
956 5791 1115 5846 saluti
1153 5791 1270 5861 ejus
1301 5789 1517 5844 innixus
1546 5793 1664 5847 cst?

2353 3310 2573 3381 χειρῶν,
2605 3312 2666 3363 ἐκ
2697 3311 2902 3364 τούτων
2939 3312 3405 3384 ὲπισυμὸαίνουσα
3431 3313 3653 3382 γνῶσις.

2339 3397 2518 3465 Αἶνος
2543 3400 2702 3468 ᾠδῆς
2743 3401 2819 3466 τῷ
2851 3402 3059 3466 Δαυῒδ,
3094 3386 3497 3472 ἀνεπίγραφος
3532 3405 3670 3471 παρ’
3717 3403 3941 3474 Ἐϐραί-

3016 3510 3124 3559 οις.
3191 3496 3274 3560 ιη’.

2977 3583 2989 3600 '
3002 3583 3310 3649 Υπὸθεσις.

2365 3673 2692 3738 ’Λκολούθως
2727 3673 2862 3745 μετὰ
2885 3675 2947 3727 τὸ
2980 3674 3216 3745 δηλῶσαι
3241 3673 3334 3727 τοῦ
3382 3673 3647 3727 Ἰουδαίων
3673 3674 3809 3730 λαοῦ
3838 3676 3943 3747 τὴν

2423 3766 2770 3838 ἀποστροφὴν
2805 3768 2859 3818 ὲν
2893 3765 2970 3836 τῷ
3011 3765 3355 3837 ὀγδοηκοστῷ
3390 3766 3594 3834 ὲννάτῳ
3616 3767 3845 3839 ψαλμῷ,
3881 3769 3938 3820 ἐν

2421 3857 2596 3926 τούτῳ
2647 3857 2724 3928 τῷ
2779 3856 2977 3927 ψαλμῷ
3029 3857 3089 3910 τὸ
3136 3857 3426 3927 πρόσωπον
3457 3859 3666 3926 εἰσάγει
3695 3861 3807 3913 τῶν
3849 3862 3941 3914 διὰ.

2424 3949 2656 4022 Χριστοῦ
2683 3949 2888 4004 τελειου
2898 3949 3093 4020 μένων,
3120 3949 3213 4003 καὶ
3237 3949 3507 4003 νικώντων
3529 3951 3594 4004 δι’
3620 3952 3790 4006 αὑτοῦ
3811 3955 3941 4016 τοὺς

2426 4044 2648 4114 νοητοὺς
2685 4043 2910 4115 ἐχθροὺς
2930 4082 2944 4106 ,
2975 4043 3151 4113 ἀρχάς
3183 4042 3380 4116 δηλαδὴ
3411 4045 3502 4097 καὶ
3528 4043 3806 4110 ἐξουσίας,
3842 4047 3938 4100 καὶ

2423 4136 2550 4198 τοὺς
2595 4136 3042 4206 κοσμοκράτορας
3075 4135 3167 4188 τοῦ
3199 4134 3419 4197 σκότους
3452 4135 3642 4189 τούτου
3666 4175 3680 4200 ,
3735 4139 3836 4190 καὶ
3868 4138 3940 4190 τὰ

2427 4227 2770 4297 πνευματικὰ
2790 4227 2888 4296 τῆς
2916 4224 3179 4298 πονηρίας
3196 4265 3210 4287 ,
3237 4226 3329 4279 καὶ
3352 4226 3510 4279 αὐτὸν
3532 4226 3623 4279 τὸν
3652 4227 3936 4300 ἀλιτήριον

2427 4324 2691 4376 Σατανᾶν·
2731 4322 2780 4376 οἳ
2811 4324 2902 4376 καὶ
2931 4323 3284 4396 πολυτρόπως
3314 4324 3399 4378 διὰ
3419 4325 3524 4378 τῶν
3553 4329 3940 4399 προκειμένων

2431 4417 2944 4488 κατασημαίνονται.
3009 4416 3172 4480 Φόϐος
3211 4434 3271 4470 τε
3303 4420 3609 4490 νυκτερινὸς
3643 4424 3736 4475 καὶ
3783 4423 3939 4492 βέλος

2430 4513 2641 4583 ἡμέρας
2663 4513 2978 4584 πετόμενον,
3005 4515 3095 4567 καὶ
3127 4517 3355 4586 πρᾶγμα
3383 4515 3846 4587 διαπορευόμενον
3879 4519 3940 4568 ὲν

2435 4602 2634 4665 σκότει,
2671 4603 2762 4654 καὶ
2789 4602 3098 4675 σύμπτωμα
3122 4607 3214 4658 καὶ
3239 4605 3509 4676 δαιμόνιον
3537 4606 3936 4678 μεσημϐρινὸν,

2432 4695 2524 4748 καὶ
2555 4695 2787 4764 χιλιάδες
2817 4697 2908 4749 καὶ
2941 4698 3196 4768 μυριάδες
3220 4739 3235 4762 ,
3267 4699 3360 4752 καὶ
3406 4700 3569 4762 ἀσπὶς
3595 4740 3609 4763 ,
3646 4702 3740 4754 καὶ
3777 4701 3936 4770 βασι-

2435 4784 2636 4849 λίσκος,
2661 4787 2755 4839 καὶ
2775 4787 2928 4853 λέων,
2948 4789 3037 4841 καὶ
3063 4788 3294 4858 δράκων.
3312 4790 3465 4843 Κατὰ
3486 4790 3690 4843 τούτων
3710 4790 3774 4862 δὴ
3807 4793 3942 4847 πάν-

2429 4895 2536 4929 των
2560 4877 2657 4948 τὴν
2680 4879 2834 4948 νίκην
2881 4880 3196 4950 ἀναγορεύει
3227 4880 3304 4951 τῷ
3335 4880 3427 4933 τοῦ
3458 4879 3592 4933 Θεοῦ
3636 4881 3936 4956 ἀνθρώπῳ.

2446 4971 2507 5022 '0
2541 4969 2826 5024 κατοικῶν
2849 4973 2918 5024 ἐν
2937 4973 3186 5039 βοηθείᾳ
3214 4971 3319 5025 τοῦ
3353 4972 3652 5040 Ὑψίστου,
3695 4973 3769 5028 Τὸ
3801 4994 3938 5048 προ-

2367 5061 2590 5131 φητικὸν
2618 5061 2832 5132 πνεῦμα
2863 5063 2952 5115 τὸν
2981 5063 3264 5132 ἄνθρωπον
3289 5064 3378 5116 τὸν
3407 5067 3771 5137 ποιησάμενον
3803 5066 3938 5137 βοή-

2367 5153 2514 5204 θειαν
2545 5154 2638 5205 καὶ
2663 5155 2976 5224 ἐπικουρίαν
2993 5154 3242 5225 Χριστὸν,
3265 5155 3323 5218 ὃς
3355 5157 3448 5209 καὶ
3480 5157 3624 5209 ἔστιν
3643 5157 3936 5227 ’Υψιστος,

2371 5243 2678 5313 μακαρίζει.
2705 5243 2827 5307 Πῶς
2848 5244 2955 5314 γάρ
2978 5246 3036 5296 οὐ
3061 5246 3325 5316 μακάριος
3345 5249 3373 5299 ὁ
3392 5246 3482 5299 τὸν
3502 5247 3633 5302 Θεὸν
3653 5248 3746 5301 τοῦ
3769 5250 3940 5320 οὖρα-

2366 5336 2458 5388 νοῦ
2486 5341 2790 5407 σκεπαστὴν
2819 5337 2961 5406 ἔχειν
2989 5336 3235 5401 ἀξιωθείς
3260 5357 3274 5404 ;
3311 5339 3412 5392 Ἐν
3436 5339 3632 5408 σκέπῃ
3653 5341 3760 5394 τοῦ
3784 5341 3939 5396 Θεοῦ

2366 5426 2471 5479 τοῦ
2496 5426 2755 5494 οὐρανοῦ
2785 5427 3235 5495 αὐλισθήσεται.
3286 5429 3345 5479 ’0
3374 5430 3549 5498 μένων
3577 5431 3636 5482 ὲν
3663 5431 3836 5502 ταύτῃ
3865 5434 3938 5503 τῇ

2370 5517 2586 5590 βοηθείᾳ
2616 5517 2869 5570 σκέπεται
2895 5519 2987 5572 καὶ
3020 5519 3363 5587 φυλάσσεται.

2450 5610 2604 5678 Ἐρεῐ
2629 5610 2707 5676 τῷ
2739 5613 2961 5678 Κυρίῳ·
3011 5610 3411 5680 Ἀντιλιξτττωρ
3436 5628 3554 5678 μου
3585 5609 3659 5667 ετ.
3715 5611 3828 5666 Kal.
3853 5613 3939 5678 τις

2366 5707 2394 5756 ὁ
2423 5703 2496 5777 τῷ
2521 5702 2705 5773 Κυρίῳ
2736 5702 2904 5769 λέγων
2933 5703 2965 5774 ἢ
2994 5703 3273 5772 ἄνθρωπος
3301 5705 3329 5754 ὁ
3361 5689 3737 5768 πεποιθὼς’ὲπ’
3763 5705 3935 5780 αὐτῷ,

2369 5791 2458 5848 is“.
2486 5797 2576 5848 ἐπὶ
2605 5797 2666 5864 τῇ
2698 5795 2935 5865 conﬁgi;
2962 5795 3125 5849 αὑτοῦ
3151 5795 3591 5868 ἐπερειδόμενοςς
