  <div class='ocr_page' id='page_1' title='image "/cluster/home/n/w/nwhite01/storage/ocr_20150623/27/uva.x030474749/210.png"; bbox 0 0 4126 6502; ppageno 0'>
   <div class='ocr_carea' id='block_1_1' title="bbox 176 457 266 516">
    <p class='ocr_par' dir='ltr' id='par_1_1' title="bbox 176 457 266 516">
     <span class='ocr_line' id='line_1_1' title="bbox 176 457 266 516; baseline -0.033 0"><span class='ocrx_word' id='word_1_1' title='bbox 176 457 266 516; x_wconf 77' lang='grc' dir='ltr'><strong>ιοι</strong></span> 
     </span>
    </p>
   </div>
   <div class='ocr_carea' id='block_1_2' title="bbox 175 664 1734 739">
    <p class='ocr_par' dir='ltr' id='par_1_2' title="bbox 175 664 1734 739">
     <span class='ocr_line' id='line_1_2' title="bbox 175 664 1734 739; baseline -0.003 -17"><span class='ocrx_word' id='word_1_2' title='bbox 175 670 243 733; x_wconf 83' lang='grc' dir='ltr'><strong>ὡς</strong></span> <span class='ocrx_word' id='word_1_3' title='bbox 267 668 323 722; x_wconf 78' lang='lat' dir='ltr'><strong>al</strong></span> <span class='ocrx_word' id='word_1_4' title='bbox 347 664 719 739; x_wconf 77' lang='grc' dir='ltr'>ἀντικείμεναι</span> <span class='ocrx_word' id='word_1_5' title='bbox 753 668 1011 737; x_wconf 78' lang='grc' dir='ltr'>δυνάμεις</span> <span class='ocrx_word' id='word_1_6' title='bbox 1040 666 1127 719; x_wconf 72' lang='grc' dir='ltr'><strong>διὰ</strong></span> <span class='ocrx_word' id='word_1_7' title='bbox 1156 664 1358 717; x_wconf 85' lang='grc' dir='ltr'>τούτων</span> <span class='ocrx_word' id='word_1_8' title='bbox 1389 665 1734 736; x_wconf 77' lang='grc' dir='ltr'>κατασημαί-</span> 
     </span>
    </p>
   </div>
   <div class='ocr_carea' id='block_1_3' title="bbox 176 775 362 811">
    <p class='ocr_par' dir='ltr' id='par_1_3' title="bbox 176 775 362 811">
     <span class='ocr_line' id='line_1_3' title="bbox 176 775 362 811; baseline 0 0"><span class='ocrx_word' id='word_1_9' title='bbox 176 775 362 811; x_wconf 77' lang='grc' dir='ltr'>νονται.</span> 
     </span>
    </p>
   </div>
   <div class='ocr_carea' id='block_1_4' title="bbox 250 850 1732 923">
    <p class='ocr_par' dir='ltr' id='par_1_4' title="bbox 250 850 1732 923">
     <span class='ocr_line' id='line_1_4' title="bbox 250 850 1732 923; baseline -0.005 -14"><span class='ocrx_word' id='word_1_10' title='bbox 250 856 348 909; x_wconf 78' lang='grc' dir='ltr'><em>Ἐν</em></span> <span class='ocrx_word' id='word_1_11' title='bbox 384 852 513 920; x_wconf 86' lang='grc' dir='ltr'>τοῖς</span> <span class='ocrx_word' id='word_1_12' title='bbox 551 851 938 923; x_wconf 69' lang='grc' dir='ltr'>μεταφρένοις</span> <span class='ocrx_word' id='word_1_13' title='bbox 987 850 1171 905; x_wconf 80' lang='grc' dir='ltr'>αὐτοῦ</span> <span class='ocrx_word' id='word_1_14' title='bbox 1223 850 1561 903; x_wconf 71' lang='grc' dir='ltr'><strong>ἐπισκιάσει</strong></span> <span class='ocrx_word' id='word_1_15' title='bbox 1613 865 1732 903; x_wconf 82' lang='grc' dir='ltr'>σοι.</span> 
     </span>
    </p>
   </div>
   <div class='ocr_carea' id='block_1_5' title="bbox 177 941 1736 1018">
    <p class='ocr_par' dir='ltr' id='par_1_5' title="bbox 177 941 1736 1018">
     <span class='ocr_line' id='line_1_5' title="bbox 177 941 1736 1018; baseline -0.004 -19"><span class='ocrx_word' id='word_1_16' title='bbox 177 945 456 1018; x_wconf 79' lang='grc' dir='ltr'>Εἱρτικότος</span> <span class='ocrx_word' id='word_1_17' title='bbox 504 945 597 1000; x_wconf 75' lang='grc' dir='ltr'>τοῦ</span> <span class='ocrx_word' id='word_1_18' title='bbox 628 943 913 1016; x_wconf 81' lang='grc' dir='ltr'>ἀνθρώπου</span> <span class='ocrx_word' id='word_1_19' title='bbox 946 943 1040 996; x_wconf 79' lang='grc' dir='ltr'>τοῦ</span> <span class='ocrx_word' id='word_1_20' title='bbox 1084 943 1218 997; x_wconf 85' lang='grc' dir='ltr'><strong>Θεοῦ</strong></span> <span class='ocrx_word' id='word_1_21' title='bbox 1240 983 1255 1008; x_wconf 87' lang='grc'><em>,</em></span> <span class='ocrx_word' id='word_1_22' title='bbox 1310 944 1384 1006; x_wconf 81' lang='grc' dir='ltr'>ὼς</span> <span class='ocrx_word' id='word_1_23' title='bbox 1404 941 1546 1004; x_wconf 68' lang='grc' dir='ltr'>’Θεὸς</span> <span class='ocrx_word' id='word_1_24' title='bbox 1576 941 1736 1003; x_wconf 77' lang='grc' dir='ltr'>αὐτος</span> 
     </span>
    </p>
   </div>
   <div class='ocr_carea' id='block_1_6' title="bbox 178 1031 1735 1111">
    <p class='ocr_par' dir='ltr' id='par_1_6' title="bbox 178 1031 1735 1111">
     <span class='ocr_line' id='line_1_6' title="bbox 178 1031 1735 1111; baseline -0.006 -17"><span class='ocrx_word' id='word_1_25' title='bbox 178 1039 385 1111; x_wconf 77' lang='grc' dir='ltr'>ῥύσεται</span> <span class='ocrx_word' id='word_1_26' title='bbox 418 1041 485 1093; x_wconf 71' lang='grc' dir='ltr'>ἐκ</span> <span class='ocrx_word' id='word_1_27' title='bbox 531 1042 631 1109; x_wconf 82' lang='grc' dir='ltr'>τῆς</span> <span class='ocrx_word' id='word_1_28' title='bbox 660 1037 767 1092; x_wconf 83' lang='grc' dir='ltr'>τῶν</span> <span class='ocrx_word' id='word_1_29' title='bbox 813 1035 1091 1109; x_wconf 78' lang='grc' dir='ltr'>θηρευτῶν</span> <span class='ocrx_word' id='word_1_30' title='bbox 1141 1035 1399 1103; x_wconf 84' lang='grc' dir='ltr'>παγίδος,</span> <span class='ocrx_word' id='word_1_31' title='bbox 1435 1032 1498 1086; x_wconf 74' lang='grc' dir='ltr'>ἐκ</span> <span class='ocrx_word' id='word_1_32' title='bbox 1538 1049 1595 1086; x_wconf 89' lang='grc' dir='ltr'><strong>τε</strong></span> <span class='ocrx_word' id='word_1_33' title='bbox 1628 1031 1735 1085; x_wconf 82' lang='grc' dir='ltr'><strong>τῶν</strong></span> 
     </span>
    </p>
   </div>
   <div class='ocr_carea' id='block_1_7' title="bbox 176 1124 1737 1203">
    <p class='ocr_par' dir='ltr' id='par_1_7' title="bbox 176 1124 1737 1203">
     <span class='ocr_line' id='line_1_7' title="bbox 176 1124 1737 1203; baseline -0.006 -19"><span class='ocrx_word' id='word_1_34' title='bbox 176 1128 493 1203; x_wconf 59' lang='grc' dir='ltr'>ταμχωδῶν</span> <span class='ocrx_word' id='word_1_35' title='bbox 515 1130 709 1199; x_wconf 86' lang='grc' dir='ltr'>λόγων.</span> <span class='ocrx_word' id='word_1_36' title='bbox 734 1129 1085 1199; x_wconf 72' lang='grc' dir='ltr'>ἀποκρίνεται</span> <span class='ocrx_word' id='word_1_37' title='bbox 1106 1127 1166 1181; x_wconf 82' lang='grc' dir='ltr'>τὺ</span> <span class='ocrx_word' id='word_1_38' title='bbox 1188 1125 1411 1196; x_wconf 77' lang='grc' dir='ltr'>Πνεῦμα</span> <span class='ocrx_word' id='word_1_39' title='bbox 1433 1124 1494 1178; x_wconf 82' lang='grc' dir='ltr'><strong>τὸ</strong></span> <span class='ocrx_word' id='word_1_40' title='bbox 1524 1140 1737 1195; x_wconf 77' lang='grc' dir='ltr'>προφη-</span> 
     </span>
    </p>
   </div>
   <div class='ocr_carea' id='block_1_8' title="bbox 177 1213 1737 1293">
    <p class='ocr_par' dir='ltr' id='par_1_8' title="bbox 177 1213 1737 1293">
     <span class='ocr_line' id='line_1_8' title="bbox 177 1213 1737 1293; baseline -0.005 -19"><span class='ocrx_word' id='word_1_41' title='bbox 177 1221 315 1275; x_wconf 78' lang='grc' dir='ltr'>τικὸν</span> <span class='ocrx_word' id='word_1_42' title='bbox 343 1219 761 1293; x_wconf 79' lang='grc' dir='ltr'>παραθαρσύνον</span> <span class='ocrx_word' id='word_1_43' title='bbox 794 1220 954 1273; x_wconf 71' lang='grc' dir='ltr'>αὑτὸν</span> <span class='ocrx_word' id='word_1_44' title='bbox 983 1218 1075 1272; x_wconf 72' lang='grc' dir='ltr'><strong>καὶ</strong></span> <span class='ocrx_word' id='word_1_45' title='bbox 1107 1218 1187 1280; x_wconf 86' lang='grc' dir='ltr'><strong>είς</strong></span> <span class='ocrx_word' id='word_1_46' title='bbox 1213 1214 1467 1286; x_wconf 83' lang='grc' dir='ltr'>ἀνδρείαν</span> <span class='ocrx_word' id='word_1_47' title='bbox 1520 1213 1737 1267; x_wconf 75' lang='grc' dir='ltr'>ὓπαλεῖ-</span> 
     </span>
    </p>
   </div>
   <div class='ocr_carea' id='block_1_9' title="bbox 179 1304 1739 1383">
    <p class='ocr_par' dir='ltr' id='par_1_9' title="bbox 179 1304 1739 1383">
     <span class='ocr_line' id='line_1_9' title="bbox 179 1304 1739 1383; baseline -0.004 -19"><span class='ocrx_word' id='word_1_48' title='bbox 179 1328 267 1380; x_wconf 78' lang='grc' dir='ltr'><strong>φον</strong></span> <span class='ocrx_word' id='word_1_49' title='bbox 286 1312 682 1383; x_wconf 74' lang='grc' dir='ltr'>πνευματικήψ</span> <span class='ocrx_word' id='word_1_50' title='bbox 723 1312 818 1363; x_wconf 79' lang='grc' dir='ltr'>Ἐν</span> <span class='ocrx_word' id='word_1_51' title='bbox 846 1308 967 1373; x_wconf 85' lang='grc' dir='ltr'>τοῖς</span> <span class='ocrx_word' id='word_1_52' title='bbox 991 1305 1384 1378; x_wconf 63' lang='grc' dir='ltr'>μετιιςτρένοις</span> <span class='ocrx_word' id='word_1_53' title='bbox 1405 1304 1590 1358; x_wconf 71' lang='grc' dir='ltr'>αὐτοῦ</span> <span class='ocrx_word' id='word_1_54' title='bbox 1613 1305 1739 1358; x_wconf 77' lang='grc' dir='ltr'>ἑπι-</span> 
     </span>
    </p>
   </div>
   <div class='ocr_carea' id='block_1_10' title="bbox 181 1393 1739 1471">
    <p class='ocr_par' dir='ltr' id='par_1_10' title="bbox 181 1393 1739 1471">
     <span class='ocr_line' id='line_1_10' title="bbox 181 1393 1739 1471; baseline -0.006 -15"><span class='ocrx_word' id='word_1_55' title='bbox 181 1400 413 1456; x_wconf 82' lang='grc' dir='ltr'>σκιάσει</span> <span class='ocrx_word' id='word_1_56' title='bbox 448 1416 552 1457; x_wconf 89' lang='grc' dir='ltr'><strong>σοι</strong></span> <span class='ocrx_word' id='word_1_57' title='bbox 582 1416 597 1433; x_wconf 80' lang='lat'><strong><em>°</em></strong></span> <span class='ocrx_word' id='word_1_58' title='bbox 642 1402 774 1454; x_wconf 80' lang='grc' dir='ltr'>ὡσεὶ</span> <span class='ocrx_word' id='word_1_59' title='bbox 802 1400 1134 1471; x_wconf 75' lang='grc' dir='ltr'>σαφέστερον</span> <span class='ocrx_word' id='word_1_60' title='bbox 1157 1397 1342 1466; x_wconf 91' lang='grc' dir='ltr'>λέγοι·</span> <span class='ocrx_word' id='word_1_61' title='bbox 1402 1393 1643 1463; x_wconf 68' lang='grc' dir='ltr'>Καλύψει</span> <span class='ocrx_word' id='word_1_62' title='bbox 1680 1411 1739 1447; x_wconf 82' lang='grc' dir='ltr'><strong>σε</strong></span> 
     </span>
    </p>
   </div>
   <div class='ocr_carea' id='block_1_11' title="bbox 180 1482 1740 1560">
    <p class='ocr_par' dir='ltr' id='par_1_11' title="bbox 180 1482 1740 1560">
     <span class='ocr_line' id='line_1_11' title="bbox 180 1482 1740 1560; baseline -0.004 -19"><span class='ocrx_word' id='word_1_63' title='bbox 180 1488 275 1541; x_wconf 73' lang='grc' dir='ltr'>ὑπὸ</span> <span class='ocrx_word' id='word_1_64' title='bbox 321 1487 420 1560; x_wconf 81' lang='grc' dir='ltr'><strong>τὴν</strong></span> <span class='ocrx_word' id='word_1_65' title='bbox 467 1488 628 1543; x_wconf 78' lang='grc' dir='ltr'>σκιὰν</span> <span class='ocrx_word' id='word_1_66' title='bbox 661 1486 767 1540; x_wconf 82' lang='grc' dir='ltr'>τῶν</span> <span class='ocrx_word' id='word_1_67' title='bbox 814 1484 1097 1555; x_wconf 73' lang='grc' dir='ltr'><strong>πτερύγων</strong></span> <span class='ocrx_word' id='word_1_68' title='bbox 1134 1482 1333 1538; x_wconf 71' lang='grc' dir='ltr'>αὑτοῦ*</span> <span class='ocrx_word' id='word_1_69' title='bbox 1385 1484 1477 1535; x_wconf 76' lang='grc' dir='ltr'><strong>καὶ</strong></span> <span class='ocrx_word' id='word_1_70' title='bbox 1512 1482 1616 1554; x_wconf 77' lang='grc' dir='ltr'>μὴν</span> <span class='ocrx_word' id='word_1_71' title='bbox 1646 1483 1740 1535; x_wconf 76' lang='grc' dir='ltr'><strong>καὶ</strong></span> 
     </span>
    </p>
   </div>
   <div class='ocr_carea' id='block_1_12' title="bbox 177 1567 1739 1649">
    <p class='ocr_par' dir='ltr' id='par_1_12' title="bbox 177 1567 1739 1649">
     <span class='ocr_line' id='line_1_12' title="bbox 177 1567 1739 1649; baseline -0.004 -18"><span class='ocrx_word' id='word_1_72' title='bbox 177 1576 315 1649; x_wconf 75' lang='grc' dir='ltr'>ὅπλῳ</span> <span class='ocrx_word' id='word_1_73' title='bbox 362 1579 626 1633; x_wconf 80' lang='grc' dir='ltr'>σκεπάσει</span> <span class='ocrx_word' id='word_1_74' title='bbox 676 1592 757 1630; x_wconf 88' lang='grc' dir='ltr'>σε.</span> <span class='ocrx_word' id='word_1_75' title='bbox 807 1567 881 1630; x_wconf 66' lang='grc'><strong>0⁷5</strong></span> <span class='ocrx_word' id='word_1_76' title='bbox 915 1574 979 1643; x_wconf 75' lang='grc' dir='ltr'><strong>δὴ</strong></span> <span class='ocrx_word' id='word_1_77' title='bbox 1010 1573 1300 1644; x_wconf 72' lang='grc' dir='ltr'><strong>γενομένου</strong></span> <span class='ocrx_word' id='word_1_78' title='bbox 1326 1611 1341 1636; x_wconf 84' lang='grc'><em>,</em></span> <span class='ocrx_word' id='word_1_79' title='bbox 1375 1571 1599 1642; x_wconf 79' lang='grc' dir='ltr'>ούδεμία</span> <span class='ocrx_word' id='word_1_80' title='bbox 1631 1571 1739 1625; x_wconf 77' lang='grc' dir='ltr'>τῶν</span> 
     </span>
    </p>
   </div>
   <div class='ocr_carea' id='block_1_13' title="bbox 178 1665 1350 1740">
    <p class='ocr_par' dir='ltr' id='par_1_13' title="bbox 178 1665 1350 1740">
     <span class='ocr_line' id='line_1_13' title="bbox 178 1665 1350 1740; baseline -0.003 -19"><span class='ocrx_word' id='word_1_81' title='bbox 178 1669 558 1740; x_wconf 77' lang='grc' dir='ltr'><strong>ἀντικειμένων</strong></span> <span class='ocrx_word' id='word_1_82' title='bbox 590 1668 872 1739; x_wconf 77' lang='grc' dir='ltr'>δυνάμεων</span> <span class='ocrx_word' id='word_1_83' title='bbox 900 1665 1242 1739; x_wconf 69' lang='grc' dir='ltr'>παραϐλὰψει</span> <span class='ocrx_word' id='word_1_84' title='bbox 1271 1681 1350 1718; x_wconf 85' lang='grc' dir='ltr'>σε.</span> 
     </span>
    </p>
   </div>
   <div class='ocr_carea' id='block_1_14' title="bbox 252 1754 1742 1829">
    <p class='ocr_par' dir='ltr' id='par_1_14' title="bbox 252 1754 1742 1829">
     <span class='ocr_line' id='line_1_14' title="bbox 252 1754 1742 1829; baseline -0.005 -14"><span class='ocrx_word' id='word_1_85' title='bbox 252 1761 380 1815; x_wconf 71' lang='grc' dir='ltr'><strong>Ἀπὸ</strong></span> <span class='ocrx_word' id='word_1_86' title='bbox 400 1759 634 1826; x_wconf 74' lang='grc' dir='ltr'>βέλους</span> <span class='ocrx_word' id='word_1_87' title='bbox 654 1759 982 1829; x_wconf 74' lang='grc' dir='ltr'><strong>πετομένου</strong></span> <span class='ocrx_word' id='word_1_88' title='bbox 1012 1756 1258 1827; x_wconf 73' lang='grc' dir='ltr'>ἡμέρας.</span> <span class='ocrx_word' id='word_1_89' title='bbox 1304 1754 1632 1826; x_wconf 74' lang='grc' dir='ltr'>’Δκέιῦαρτόν</span> <span class='ocrx_word' id='word_1_90' title='bbox 1662 1771 1742 1807; x_wconf 83' lang='grc' dir='ltr'>τι·</span> 
     </span>
    </p>
   </div>
   <div class='ocr_carea' id='block_1_15' title="bbox 178 1843 1743 1923">
    <p class='ocr_par' dir='ltr' id='par_1_15' title="bbox 178 1843 1743 1923">
     <span class='ocr_line' id='line_1_15' title="bbox 178 1843 1743 1923; baseline -0.006 -16"><span class='ocrx_word' id='word_1_91' title='bbox 178 1870 237 1907; x_wconf 82' lang='grc' dir='ltr'><strong>να</strong></span> <span class='ocrx_word' id='word_1_92' title='bbox 264 1852 493 1923; x_wconf 86' lang='grc' dir='ltr'>δύναμιν</span> <span class='ocrx_word' id='word_1_93' title='bbox 520 1852 615 1905; x_wconf 77' lang='grc' dir='ltr'><strong>νύν</strong></span> <span class='ocrx_word' id='word_1_94' title='bbox 650 1851 801 1922; x_wconf 83' lang='grc' dir='ltr'>βέλος</span> <span class='ocrx_word' id='word_1_95' title='bbox 837 1849 1138 1919; x_wconf 78' lang='grc' dir='ltr'>ὠνόμασεν.</span> <span class='ocrx_word' id='word_1_96' title='bbox 1204 1846 1346 1901; x_wconf 74' lang='grc' dir='ltr'><strong>Ἀπὸ</strong></span> <span class='ocrx_word' id='word_1_97' title='bbox 1386 1843 1743 1913; x_wconf 37' lang='grc' dir='ltr'>σινομπτὼμα-</span> 
     </span>
    </p>
   </div>
   <div class='ocr_carea' id='block_1_16' title="bbox 1291 456 2247 517">
    <p class='ocr_par' dir='ltr' id='par_1_16' title="bbox 1291 456 2247 517">
     <span class='ocr_line' id='line_1_16' title="bbox 1291 456 2247 517; baseline 0.005 -5"><span class='ocrx_word' id='word_1_98' title='bbox 1291 456 1650 513; x_wconf 72' lang='grc' dir='ltr'><strong>ΕΧΡΟΞΠΊΟ</strong></span> <span class='ocrx_word' id='word_1_99' title='bbox 1689 459 1752 512; x_wconf 73' lang='lat' dir='ltr'><strong>l-N</strong></span> <span class='ocrx_word' id='word_1_100' title='bbox 1792 459 2118 517; x_wconf 70' lang='lat' dir='ltr'><strong>l’SALMUM</strong></span> <span class='ocrx_word' id='word_1_101' title='bbox 2160 460 2247 517; x_wconf 74' lang='lat' dir='ltr'><strong>XC</strong></span> 
     </span>
    </p>
   </div>
   <div class='ocr_carea' id='block_1_17' title="bbox 241 572 1803 646">
    <p class='ocr_par' dir='ltr' id='par_1_17' title="bbox 241 572 1803 646">
     <span class='ocr_line' id='line_1_17' title="bbox 241 572 1803 646; baseline -0.003 -15"><span class='ocrx_word' id='word_1_102' title='bbox 241 578 363 630; x_wconf 86' lang='grc' dir='ltr'><strong>ὀτι</strong></span> <span class='ocrx_word' id='word_1_103' title='bbox 391 575 575 642; x_wconf 82' lang='grc' dir='ltr'>αὐτὸς</span> <span class='ocrx_word' id='word_1_104' title='bbox 590 576 845 645; x_wconf 75' lang='grc' dir='ltr'>ῥύσεταί</span> <span class='ocrx_word' id='word_1_105' title='bbox 864 590 937 629; x_wconf 90' lang='grc' dir='ltr'><strong>σε</strong></span> <span class='ocrx_word' id='word_1_106' title='bbox 964 572 1033 629; x_wconf 74' lang='grc' dir='ltr'>ἐκ</span> <span class='ocrx_word' id='word_1_107' title='bbox 1053 576 1320 641; x_wconf 73' lang='grc' dir='ltr'>παγίδος.</span> <span class='ocrx_word' id='word_1_108' title='bbox 1358 574 1726 646; x_wconf 64' lang='grc' dir='ltr'>Πρωδίὸαξεν,</span> <span class='ocrx_word' id='word_1_109' title='bbox 1763 584 1803 635; x_wconf 77' lang='grc' dir='ltr'><strong>Α</strong></span> 
     </span>
    </p>
   </div>
   <div class='ocr_carea' id='block_1_18' title="bbox 3292 457 3397 515">
    <p class='ocr_par' dir='ltr' id='par_1_18' title="bbox 3292 457 3397 515">
     <span class='ocr_line' id='line_1_18' title="bbox 3292 457 3397 515; baseline -0.01 0"><span class='ocrx_word' id='word_1_110' title='bbox 3292 457 3397 515; x_wconf 71' lang='grc'><strong>402</strong></span> 
     </span>
    </p>
   </div>
   <div class='ocr_carea' id='block_1_19' title="bbox 1902 576 3395 647">
    <p class='ocr_par' dir='ltr' id='par_1_19' title="bbox 1902 576 3395 647">
     <span class='ocr_line' id='line_1_19' title="bbox 1902 576 3395 647; baseline 0.001 -17"><span class='ocrx_word' id='word_1_111' title='bbox 1902 578 1953 631; x_wconf 87' lang='lat'><strong>&#39;5.</strong></span> <span class='ocrx_word' id='word_1_112' title='bbox 1999 576 2259 638; x_wconf 77' lang='lat' dir='ltr'><strong>Quoniam</strong></span> <span class='ocrx_word' id='word_1_113' title='bbox 2296 578 2405 645; x_wconf 83' lang='lat' dir='ltr'><strong>ipse</strong></span> <span class='ocrx_word' id='word_1_114' title='bbox 2446 578 2686 631; x_wconf 80' lang='lat' dir='ltr'><strong>liberabit</strong></span> <span class='ocrx_word' id='word_1_115' title='bbox 2738 590 2786 631; x_wconf 86' lang='lat' dir='ltr'><strong>te</strong></span> <span class='ocrx_word' id='word_1_116' title='bbox 2827 578 2890 631; x_wconf 88' lang='lat' dir='ltr'><strong>de</strong></span> <span class='ocrx_word' id='word_1_117' title='bbox 2916 577 3121 647; x_wconf 60' lang='lat' dir='ltr'><strong>laqueo,</strong></span> <span class='ocrx_word' id='word_1_118' title='bbox 3148 586 3251 631; x_wconf 89' lang='lat' dir='ltr'><strong>etc.</strong></span> <span class='ocrx_word' id='word_1_119' title='bbox 3276 576 3395 632; x_wconf 64' lang='lat' dir='ltr'><strong>iam</strong></span> 
     </span>
    </p>
   </div>
   <div class='ocr_carea' id='block_1_20' title="bbox 1836 668 3227 739">
    <p class='ocr_par' dir='ltr' id='par_1_20' title="bbox 1836 668 3227 739">
     <span class='ocr_line' id='line_1_20' title="bbox 1836 668 3227 739; baseline 0 -18"><span class='ocrx_word' id='word_1_120' title='bbox 1836 673 2017 722; x_wconf 78' lang='lat' dir='ltr'><strong>dormt</strong></span> <span class='ocrx_word' id='word_1_121' title='bbox 2044 669 2385 723; x_wconf 73' lang='lat' dir='ltr'><strong>adversarios</strong></span> <span class='ocrx_word' id='word_1_122' title='bbox 2422 677 2711 736; x_wconf 71' lang='lat' dir='ltr'><strong>potestates</strong></span> <span class='ocrx_word' id='word_1_123' title='bbox 2743 669 2890 724; x_wconf 86' lang='lat' dir='ltr'><strong>hisce</strong></span> <span class='ocrx_word' id='word_1_124' title='bbox 2914 668 3227 739; x_wconf 81' lang='lat' dir='ltr'><strong>signiﬁcari.</strong></span> 
     </span>
    </p>
   </div>
   <div class='ocr_carea' id='block_1_21' title="bbox 1905 843 3398 917">
    <p class='ocr_par' dir='ltr' id='par_1_21' title="bbox 1905 843 3398 917">
     <span class='ocr_line' id='line_1_21' title="bbox 1905 843 3398 917; baseline 0 -18"><span class='ocrx_word' id='word_1_125' title='bbox 1905 845 1959 907; x_wconf 75' lang='grc' dir='ltr'>ι,</span> <span class='ocrx_word' id='word_1_126' title='bbox 1995 844 2028 899; x_wconf 84' lang='grc'>5</span> <span class='ocrx_word' id='word_1_127' title='bbox 2091 843 2331 914; x_wconf 72' lang='lat' dir='ltr'><strong>Scapulis</strong></span> <span class='ocrx_word' id='word_1_128' title='bbox 2353 846 2462 899; x_wconf 56' lang='lat' dir='ltr'><strong>suis</strong></span> <span class='ocrx_word' id='word_1_129' title='bbox 2485 845 2813 899; x_wconf 84' lang='lat' dir='ltr'><strong>obumbrabit</strong></span> <span class='ocrx_word' id='word_1_130' title='bbox 2838 846 2952 911; x_wconf 79' lang='lat' dir='ltr'><strong>tibi,</strong></span> <span class='ocrx_word' id='word_1_131' title='bbox 2980 856 3080 901; x_wconf 89' lang='lat' dir='ltr'><strong>ctc.</strong></span> <span class='ocrx_word' id='word_1_132' title='bbox 3106 844 3398 917; x_wconf 80' lang='lat' dir='ltr'><strong>Postquam</strong></span> 
     </span>
    </p>
   </div>
   <div class='ocr_carea' id='block_1_22' title="bbox 1834 934 3401 1005">
    <p class='ocr_par' dir='ltr' id='par_1_22' title="bbox 1834 934 3401 1005">
     <span class='ocr_line' id='line_1_22' title="bbox 1834 934 3401 1005; baseline 0.002 -15"><span class='ocrx_word' id='word_1_133' title='bbox 1834 934 2061 990; x_wconf 79' lang='lat' dir='ltr'><strong>dixisset</strong></span> <span class='ocrx_word' id='word_1_134' title='bbox 2110 938 2271 990; x_wconf 87' lang='lat' dir='ltr'><strong>homo</strong></span> <span class='ocrx_word' id='word_1_135' title='bbox 2308 936 2419 999; x_wconf 86' lang='lat' dir='ltr'><strong>Dei,</strong></span> <span class='ocrx_word' id='word_1_136' title='bbox 2450 939 2592 1005; x_wconf 86' lang='lat' dir='ltr'><strong>quod</strong></span> <span class='ocrx_word' id='word_1_137' title='bbox 2641 937 2780 991; x_wconf 80' lang='lat' dir='ltr'><strong>Deus</strong></span> <span class='ocrx_word' id='word_1_138' title='bbox 2813 937 2928 1005; x_wconf 83' lang='lat' dir='ltr'><strong>ipse</strong></span> <span class='ocrx_word' id='word_1_139' title='bbox 2960 937 3283 993; x_wconf 73' lang='lat' dir='ltr'><strong>liberaturus</strong></span> <span class='ocrx_word' id='word_1_140' title='bbox 3332 939 3401 994; x_wconf 81' lang='lat' dir='ltr'><strong>sit</strong></span> 
     </span>
    </p>
   </div>
   <div class='ocr_carea' id='block_1_23' title="bbox 1835 1027 3400 1097">
    <p class='ocr_par' dir='ltr' id='par_1_23' title="bbox 1835 1027 3400 1097">
     <span class='ocr_line' id='line_1_23' title="bbox 1835 1027 3400 1097; baseline 0.004 -16"><span class='ocrx_word' id='word_1_141' title='bbox 1835 1027 1903 1081; x_wconf 90' lang='lat' dir='ltr'><strong>de</strong></span> <span class='ocrx_word' id='word_1_142' title='bbox 1953 1028 2147 1097; x_wconf 86' lang='lat' dir='ltr'><strong>laqueo</strong></span> <span class='ocrx_word' id='word_1_143' title='bbox 2199 1029 2509 1082; x_wconf 77' lang='lat' dir='ltr'><strong>venantium</strong></span> <span class='ocrx_word' id='word_1_144' title='bbox 2545 1040 2599 1084; x_wconf 85' lang='lat' dir='ltr'><strong>et</strong></span> <span class='ocrx_word' id='word_1_145' title='bbox 2643 1046 2672 1083; x_wconf 88' lang='lat' dir='ltr'><strong>a</strong></span> <span class='ocrx_word' id='word_1_146' title='bbox 2707 1031 2886 1084; x_wconf 72' lang='lat' dir='ltr'><strong>verbis</strong></span> <span class='ocrx_word' id='word_1_147' title='bbox 2919 1031 3262 1095; x_wconf 81' lang='lat' dir='ltr'><strong>turbulentis,</strong></span> <span class='ocrx_word' id='word_1_148' title='bbox 3312 1050 3400 1087; x_wconf 88' lang='lat' dir='ltr'><strong>re-</strong></span> 
     </span>
    </p>
   </div>
   <div class='ocr_carea' id='block_1_24' title="bbox 1837 1118 3404 1190">
    <p class='ocr_par' dir='ltr' id='par_1_24' title="bbox 1837 1118 3404 1190">
     <span class='ocr_line' id='line_1_24' title="bbox 1837 1118 3404 1190; baseline 0.001 -16"><span class='ocrx_word' id='word_1_149' title='bbox 1837 1118 2066 1188; x_wconf 84' lang='lat' dir='ltr'><strong>spondet</strong></span> <span class='ocrx_word' id='word_1_150' title='bbox 2098 1118 2332 1187; x_wconf 74' lang='lat' dir='ltr'><strong>Spiritus</strong></span> <span class='ocrx_word' id='word_1_151' title='bbox 2357 1118 2706 1189; x_wconf 83' lang='lat' dir='ltr'><strong>propheticus</strong></span> <span class='ocrx_word' id='word_1_152' title='bbox 2742 1122 2880 1174; x_wconf 82' lang='lat' dir='ltr'><strong>dans</strong></span> <span class='ocrx_word' id='word_1_153' title='bbox 2916 1121 3017 1190; x_wconf 83' lang='lat' dir='ltr'><strong>ipsi</strong></span> <span class='ocrx_word' id='word_1_154' title='bbox 3052 1121 3326 1187; x_wconf 80' lang='lat' dir='ltr'><strong>liduciam,</strong></span> <span class='ocrx_word' id='word_1_155' title='bbox 3348 1131 3404 1176; x_wconf 84' lang='lat' dir='ltr'><strong>et</strong></span> 
     </span>
    </p>
   </div>
   <div class='ocr_carea' id='block_1_25' title="bbox 1838 1211 3403 1282">
    <p class='ocr_par' dir='ltr' id='par_1_25' title="bbox 1838 1211 3403 1282">
     <span class='ocr_line' id='line_1_25' title="bbox 1838 1211 3403 1282; baseline 0.003 -19"><span class='ocrx_word' id='word_1_156' title='bbox 1838 1212 1903 1263; x_wconf 87' lang='lat' dir='ltr'><strong>ad</strong></span> <span class='ocrx_word' id='word_1_157' title='bbox 1934 1211 2301 1266; x_wconf 82' lang='lat' dir='ltr'><strong>fortitudinem</strong></span> <span class='ocrx_word' id='word_1_158' title='bbox 2330 1213 2614 1267; x_wconf 86' lang='lat' dir='ltr'><strong>concitans</strong></span> <span class='ocrx_word' id='word_1_159' title='bbox 2642 1214 2974 1282; x_wconf 85' lang='lat' dir='ltr'><strong>spiritualcm</strong></span> <span class='ocrx_word' id='word_1_160' title='bbox 2996 1232 3008 1268; x_wconf 89' lang='lat'>:</span> <span class='ocrx_word' id='word_1_161' title='bbox 3031 1213 3271 1282; x_wconf 82' lang='lat' dir='ltr'><strong>Scapulis</strong></span> <span class='ocrx_word' id='word_1_162' title='bbox 3294 1218 3403 1268; x_wconf 88' lang='lat' dir='ltr'><strong>suis</strong></span> 
     </span>
    </p>
   </div>
   <div class='ocr_carea' id='block_1_26' title="bbox 1838 1304 3407 1375">
    <p class='ocr_par' dir='ltr' id='par_1_26' title="bbox 1838 1304 3407 1375">
     <span class='ocr_line' id='line_1_26' title="bbox 1838 1304 3407 1375; baseline 0.004 -20"><span class='ocrx_word' id='word_1_163' title='bbox 1838 1304 2161 1360; x_wconf 75' lang='lat' dir='ltr'><strong>obumbrabit</strong></span> <span class='ocrx_word' id='word_1_164' title='bbox 2184 1305 2296 1370; x_wconf 83' lang='lat' dir='ltr'><strong>tibi,</strong></span> <span class='ocrx_word' id='word_1_165' title='bbox 2317 1305 2471 1375; x_wconf 85' lang='lat' dir='ltr'><strong>quasi</strong></span> <span class='ocrx_word' id='word_1_166' title='bbox 2489 1306 2689 1361; x_wconf 86' lang='lat' dir='ltr'><strong>clarius</strong></span> <span class='ocrx_word' id='word_1_167' title='bbox 2706 1306 2939 1363; x_wconf 83' lang='lat' dir='ltr'><strong>diceret:</strong></span> <span class='ocrx_word' id='word_1_168' title='bbox 2962 1308 3076 1362; x_wconf 88' lang='lat' dir='ltr'><strong>Sub</strong></span> <span class='ocrx_word' id='word_1_169' title='bbox 3093 1308 3283 1362; x_wconf 87' lang='lat' dir='ltr'><strong>umbra</strong></span> <span class='ocrx_word' id='word_1_170' title='bbox 3302 1309 3407 1361; x_wconf 88' lang='lat' dir='ltr'><strong>ala-</strong></span> 
     </span>
    </p>
   </div>
   <div class='ocr_carea' id='block_1_27' title="bbox 1837 1400 3407 1469">
    <p class='ocr_par' dir='ltr' id='par_1_27' title="bbox 1837 1400 3407 1469">
     <span class='ocr_line' id='line_1_27' title="bbox 1837 1400 3407 1469; baseline 0 -17"><span class='ocrx_word' id='word_1_171' title='bbox 1837 1413 1957 1453; x_wconf 86' lang='lat' dir='ltr'><strong>rum</strong></span> <span class='ocrx_word' id='word_1_172' title='bbox 1995 1413 2216 1452; x_wconf 88' lang='lat' dir='ltr'><strong>suarum</strong></span> <span class='ocrx_word' id='word_1_173' title='bbox 2242 1407 2483 1469; x_wconf 83' lang='lat' dir='ltr'><strong>proteget</strong></span> <span class='ocrx_word' id='word_1_174' title='bbox 2513 1410 2583 1459; x_wconf 87' lang='lat' dir='ltr'><strong>te.</strong></span> <span class='ocrx_word' id='word_1_175' title='bbox 2618 1409 2779 1467; x_wconf 87' lang='lat' dir='ltr'><strong>atque</strong></span> <span class='ocrx_word' id='word_1_176' title='bbox 2818 1400 2979 1453; x_wconf 89' lang='lat' dir='ltr'><strong>etiam</strong></span> <span class='ocrx_word' id='word_1_177' title='bbox 3012 1406 3168 1455; x_wconf 90' lang='lat' dir='ltr'><strong>scuto</strong></span> <span class='ocrx_word' id='word_1_178' title='bbox 3200 1401 3407 1469; x_wconf 79' lang='lat' dir='ltr'><strong>aperiet</strong></span> 
     </span>
    </p>
   </div>
   <div class='ocr_carea' id='block_1_28' title="bbox 1838 1488 3407 1560">
    <p class='ocr_par' dir='ltr' id='par_1_28' title="bbox 1838 1488 3407 1560">
     <span class='ocr_line' id='line_1_28' title="bbox 1838 1488 3407 1560; baseline -0.001 -15"><span class='ocrx_word' id='word_1_179' title='bbox 1838 1502 1909 1546; x_wconf 90' lang='lat' dir='ltr'><strong>te.</strong></span> <span class='ocrx_word' id='word_1_180' title='bbox 1949 1491 2067 1557; x_wconf 79' lang='lat' dir='ltr'><strong>Quo</strong></span> <span class='ocrx_word' id='word_1_181' title='bbox 2096 1488 2239 1545; x_wconf 79' lang='lat' dir='ltr'><strong>facto</strong></span> <span class='ocrx_word' id='word_1_182' title='bbox 2268 1491 2409 1543; x_wconf 84' lang='lat' dir='ltr'><strong>nulla</strong></span> <span class='ocrx_word' id='word_1_183' title='bbox 2431 1506 2496 1545; x_wconf 83' lang='lat' dir='ltr'><strong>ex</strong></span> <span class='ocrx_word' id='word_1_184' title='bbox 2522 1490 2851 1547; x_wconf 73' lang='lat' dir='ltr'><strong>adversariis</strong></span> <span class='ocrx_word' id='word_1_185' title='bbox 2875 1492 3231 1560; x_wconf 81' lang='lat' dir='ltr'><strong>potestatibus</strong></span> <span class='ocrx_word' id='word_1_186' title='bbox 3252 1492 3407 1546; x_wconf 62' lang='lat' dir='ltr'><strong>laedet</strong></span> 
     </span>
    </p>
   </div>
   <div class='ocr_carea' id='block_1_29' title="bbox 1840 1592 1911 1639">
    <p class='ocr_par' dir='ltr' id='par_1_29' title="bbox 1840 1592 1911 1639">
     <span class='ocr_line' id='line_1_29' title="bbox 1840 1592 1911 1639; baseline 0.028 -2"><span class='ocrx_word' id='word_1_187' title='bbox 1840 1592 1911 1639; x_wconf 91' lang='lat' dir='ltr'><strong>te.</strong></span> 
     </span>
    </p>
   </div>
   <div class='ocr_carea' id='block_1_30' title="bbox 1909 1762 3414 1837">
    <p class='ocr_par' dir='ltr' id='par_1_30' title="bbox 1909 1762 3414 1837">
     <span class='ocr_line' id='line_1_30' title="bbox 1909 1762 3414 1837; baseline 0 -18"><span class='ocrx_word' id='word_1_188' title='bbox 1909 1764 1963 1819; x_wconf 87' lang='lat'><strong>6.</strong></span> <span class='ocrx_word' id='word_1_189' title='bbox 2003 1764 2047 1817; x_wconf 75' lang='grc' dir='ltr'><em>Α</em></span> <span class='ocrx_word' id='word_1_190' title='bbox 2088 1767 2283 1835; x_wconf 77' lang='lat' dir='ltr'><strong>sagitta</strong></span> <span class='ocrx_word' id='word_1_191' title='bbox 2322 1763 2528 1819; x_wconf 79' lang='lat' dir='ltr'><strong>volante</strong></span> <span class='ocrx_word' id='word_1_192' title='bbox 2562 1766 2619 1819; x_wconf 88' lang='lat' dir='ltr'><strong>in</strong></span> <span class='ocrx_word' id='word_1_193' title='bbox 2643 1763 2749 1832; x_wconf 84' lang='lat' dir='ltr'><strong>die,</strong></span> <span class='ocrx_word' id='word_1_194' title='bbox 2775 1776 2879 1821; x_wconf 85' lang='lat' dir='ltr'><strong>etc.</strong></span> <span class='ocrx_word' id='word_1_195' title='bbox 2915 1762 3189 1835; x_wconf 79' lang='lat' dir='ltr'><strong>impuram</strong></span> <span class='ocrx_word' id='word_1_196' title='bbox 3222 1782 3414 1837; x_wconf 88' lang='lat' dir='ltr'><strong>quam-</strong></span> 
     </span>
    </p>
   </div>
   <div class='ocr_carea' id='block_1_31' title="bbox 1840 1856 3412 1928">
    <p class='ocr_par' dir='ltr' id='par_1_31' title="bbox 1840 1856 3412 1928">
     <span class='ocr_line' id='line_1_31' title="bbox 1840 1856 3412 1928; baseline 0.001 -18"><span class='ocrx_word' id='word_1_197' title='bbox 1840 1856 1965 1911; x_wconf 87' lang='lat' dir='ltr'><strong>dam</strong></span> <span class='ocrx_word' id='word_1_198' title='bbox 2015 1867 2332 1926; x_wconf 86' lang='lat' dir='ltr'><strong>potestatem</strong></span> <span class='ocrx_word' id='word_1_199' title='bbox 2374 1873 2519 1913; x_wconf 86' lang='lat' dir='ltr'><strong>nunc</strong></span> <span class='ocrx_word' id='word_1_200' title='bbox 2563 1858 2814 1928; x_wconf 79' lang='lat' dir='ltr'><strong>sagittam</strong></span> <span class='ocrx_word' id='word_1_201' title='bbox 2854 1868 3029 1913; x_wconf 79' lang='lat' dir='ltr'><strong>vocat.</strong></span> <span class='ocrx_word' id='word_1_202' title='bbox 3081 1858 3123 1911; x_wconf 78' lang='grc' dir='ltr'><em>Α</em></span> <span class='ocrx_word' id='word_1_203' title='bbox 3177 1859 3329 1911; x_wconf 86' lang='lat' dir='ltr'><strong>ruina</strong></span> <span class='ocrx_word' id='word_1_204' title='bbox 3362 1869 3412 1912; x_wconf 85' lang='lat' dir='ltr'><strong>et</strong></span> 
     </span>
    </p>
   </div>
   <div class='ocr_carea' id='block_1_32' title="bbox 177 1935 1758 2014">
    <p class='ocr_par' dir='ltr' id='par_1_32' title="bbox 177 1935 1745 2014">
     <span class='ocr_line' id='line_1_32' title="bbox 177 1935 1745 2014; baseline -0.007 -15"><span class='ocrx_word' id='word_1_205' title='bbox 177 1961 272 2013; x_wconf 85' lang='grc' dir='ltr'><strong>τος</strong></span> <span class='ocrx_word' id='word_1_206' title='bbox 302 1945 401 1998; x_wconf 73' lang='grc' dir='ltr'>καὶ</span> <span class='ocrx_word' id='word_1_207' title='bbox 428 1944 741 2014; x_wconf 75' lang='grc' dir='ltr'>δαιμονίου</span> <span class='ocrx_word' id='word_1_208' title='bbox 760 1938 1190 2012; x_wconf 75' lang='grc' dir='ltr'>μεσημϐρινοῦ.</span> <span class='ocrx_word' id='word_1_209' title='bbox 1223 1940 1297 1991; x_wconf 78' lang='grc' dir='ltr'><strong>Οὐ</strong></span> <span class='ocrx_word' id='word_1_210' title='bbox 1327 1936 1605 2008; x_wconf 75' lang='grc' dir='ltr'><strong>σύγκριμα</strong></span> <span class='ocrx_word' id='word_1_211' title='bbox 1632 1935 1745 1989; x_wconf 85' lang='grc' dir='ltr'>δαι-</span> 
     </span>
    </p>
   </div>
   <div class='ocr_carea' id='block_1_33' title="bbox 1855 1935 3413 2014">
    <p class='ocr_par' dir='ltr' id='par_1_33' title="bbox 1855 1948 3413 2006">
     <span class='ocr_line' id='line_1_33' title="bbox 1855 1948 3413 2006; baseline 0.002 -6"><span class='ocrx_word' id='word_1_212' title='bbox 1855 1948 2102 2003; x_wconf 70' lang='grc' dir='ltr'>1αεηιοηὶο</span> <span class='ocrx_word' id='word_1_213' title='bbox 2129 1951 2442 2004; x_wconf 86' lang='lat' dir='ltr'><strong>meridiano.</strong></span> <span class='ocrx_word' id='word_1_214' title='bbox 2466 1993 2479 2005; x_wconf 90' lang='lat'><strong>.</strong></span> <span class='ocrx_word' id='word_1_215' title='bbox 2511 1988 2526 2004; x_wconf 91' lang='lat'><strong>.</strong></span> <span class='ocrx_word' id='word_1_216' title='bbox 2556 1948 2691 2003; x_wconf 80' lang='lat' dir='ltr'><strong>Nam</strong></span> <span class='ocrx_word' id='word_1_217' title='bbox 2723 1950 3083 2005; x_wconf 89' lang='lat' dir='ltr'><strong>meridianum</strong></span> <span class='ocrx_word' id='word_1_218' title='bbox 3114 1949 3413 2006; x_wconf 65' lang='lat' dir='ltr'><strong>daemonem</strong></span> 
     </span>
    </p>
   </div>
   <div class='ocr_carea' id='block_1_34' title="bbox 181 2027 1749 2108">
    <p class='ocr_par' dir='ltr' id='par_1_34' title="bbox 181 2027 1749 2108">
     <span class='ocr_line' id='line_1_34' title="bbox 181 2027 1749 2108; baseline -0.004 -20"><span class='ocrx_word' id='word_1_219' title='bbox 181 2036 426 2108; x_wconf 74' lang='grc' dir='ltr'><strong>μανιῶδες</strong></span> <span class='ocrx_word' id='word_1_220' title='bbox 458 2033 826 2107; x_wconf 60' lang='grc' dir='ltr'>μεσημϐρίας.</span> <span class='ocrx_word' id='word_1_221' title='bbox 863 2030 966 2086; x_wconf 70' lang='grc' dir='ltr'><strong>Τὸν</strong></span> <span class='ocrx_word' id='word_1_222' title='bbox 993 2029 1102 2103; x_wconf 77' lang='grc' dir='ltr'>γὰρ</span> <span class='ocrx_word' id='word_1_223' title='bbox 1133 2027 1498 2102; x_wconf 72' lang='grc' dir='ltr'>μεσημϐρινὸν</span> <span class='ocrx_word' id='word_1_224' title='bbox 1518 2028 1749 2099; x_wconf 77' lang='grc' dir='ltr'>δαίμονά</span> 
     </span>
    </p>
   </div>
   <div class='ocr_carea' id='block_1_35' title="bbox 180 2121 910 2199">
    <p class='ocr_par' dir='ltr' id='par_1_35' title="bbox 180 2121 910 2199">
     <span class='ocr_line' id='line_1_35' title="bbox 180 2121 910 2199; baseline -0.008 -19"><span class='ocrx_word' id='word_1_225' title='bbox 180 2142 333 2199; x_wconf 78' lang='grc' dir='ltr'>φησιν</span> <span class='ocrx_word' id='word_1_226' title='bbox 362 2123 505 2180; x_wconf 82' lang='grc' dir='ltr'>εἶναι</span> <span class='ocrx_word' id='word_1_227' title='bbox 542 2125 639 2195; x_wconf 78' lang='grc' dir='ltr'>τῆς</span> <span class='ocrx_word' id='word_1_228' title='bbox 664 2121 910 2193; x_wconf 83' lang='grc' dir='ltr'>ἀκηδίας.</span> 
     </span>
    </p>
   </div>
   <div class='ocr_carea' id='block_1_36' title="bbox 242 2206 1749 2280">
    <p class='ocr_par' dir='ltr' id='par_1_36' title="bbox 242 2206 1749 2280">
     <span class='ocr_line' id='line_1_36' title="bbox 242 2206 1749 2280; baseline -0.004 -13"><span class='ocrx_word' id='word_1_229' title='bbox 242 2212 518 2267; x_wconf 67' lang='lat' dir='ltr'><strong>Hermian</strong></span> <span class='ocrx_word' id='word_1_230' title='bbox 550 2211 741 2266; x_wconf 83' lang='grc' dir='ltr'><strong>ὲκτοῦ</strong></span> <span class='ocrx_word' id='word_1_231' title='bbox 771 2212 1015 2277; x_wconf 63' lang='lat' dir='ltr'><strong>relicom;</strong></span> <span class='ocrx_word' id='word_1_232' title='bbox 1041 2225 1157 2264; x_wconf 87' lang='grc' dir='ltr'><strong>σου</strong></span> <span class='ocrx_word' id='word_1_233' title='bbox 1184 2206 1405 2280; x_wconf 70' lang='grc' dir='ltr'>χιλιάς.</span> <span class='ocrx_word' id='word_1_234' title='bbox 1470 2208 1663 2272; x_wconf 82' lang='grc' dir='ltr'>Κλίτος</span> <span class='ocrx_word' id='word_1_235' title='bbox 1687 2208 1749 2261; x_wconf 71' lang='grc' dir='ltr'>τὸ</span> 
     </span>
    </p>
   </div>
   <div class='ocr_carea' id='block_1_37' title="bbox 179 2300 1750 2378">
    <p class='ocr_par' dir='ltr' id='par_1_37' title="bbox 179 2300 1750 2378">
     <span class='ocr_line' id='line_1_37' title="bbox 179 2300 1750 2378; baseline -0.003 -21"><span class='ocrx_word' id='word_1_236' title='bbox 179 2303 457 2378; x_wconf 76' lang='grc' dir='ltr'>ἀριστερὸν</span> <span class='ocrx_word' id='word_1_237' title='bbox 500 2304 665 2377; x_wconf 82' lang='grc' dir='ltr'>μέρος</span> <span class='ocrx_word' id='word_1_238' title='bbox 714 2303 1003 2375; x_wconf 65' lang='grc' dir='ltr'>σημαίνει,</span> <span class='ocrx_word' id='word_1_239' title='bbox 1037 2302 1263 2365; x_wconf 73' lang='grc' dir='ltr'>εἰκότως</span> <span class='ocrx_word' id='word_1_240' title='bbox 1294 2302 1413 2373; x_wconf 82' lang='grc' dir='ltr'>μέν.</span> <span class='ocrx_word' id='word_1_241' title='bbox 1468 2301 1655 2370; x_wconf 85' lang='grc' dir='ltr'>Τούτῳ</span> <span class='ocrx_word' id='word_1_242' title='bbox 1692 2300 1750 2353; x_wconf 75' lang='grc' dir='ltr'>δὲ</span> 
     </span>
    </p>
   </div>
   <div class='ocr_carea' id='block_1_38' title="bbox 178 2390 1749 2467">
    <p class='ocr_par' dir='ltr' id='par_1_38' title="bbox 178 2390 1749 2467">
     <span class='ocr_line' id='line_1_38' title="bbox 178 2390 1749 2467; baseline -0.003 -19"><span class='ocrx_word' id='word_1_243' title='bbox 178 2395 268 2459; x_wconf 71' lang='grc' dir='ltr'>τὰς</span> <span class='ocrx_word' id='word_1_244' title='bbox 308 2395 557 2467; x_wconf 79' lang='grc' dir='ltr'>χιλιάδας</span> <span class='ocrx_word' id='word_1_245' title='bbox 595 2394 964 2448; x_wconf 69' lang='grc' dir='ltr'>ἐπιϐουλεύειν</span> <span class='ocrx_word' id='word_1_246' title='bbox 990 2394 1145 2464; x_wconf 85' lang='grc' dir='ltr'>φησί·</span> <span class='ocrx_word' id='word_1_247' title='bbox 1182 2396 1294 2456; x_wconf 87' lang='grc' dir='ltr'>τοῖς</span> <span class='ocrx_word' id='word_1_248' title='bbox 1323 2409 1387 2461; x_wconf 85' lang='grc' dir='ltr'><strong>γε</strong></span> <span class='ocrx_word' id='word_1_249' title='bbox 1421 2390 1526 2463; x_wconf 75' lang='grc' dir='ltr'>μὴν</span> <span class='ocrx_word' id='word_1_250' title='bbox 1554 2391 1749 2458; x_wconf 80' lang='grc' dir='ltr'>δεξιοῖς</span> 
     </span>
    </p>
   </div>
   <div class='ocr_carea' id='block_1_39' title="bbox 179 2481 1747 2561">
    <p class='ocr_par' dir='ltr' id='par_1_39' title="bbox 179 2481 1747 2561">
     <span class='ocr_line' id='line_1_39' title="bbox 179 2481 1747 2561; baseline -0.004 -21"><span class='ocrx_word' id='word_1_251' title='bbox 179 2486 270 2552; x_wconf 72' lang='grc' dir='ltr'>τὰς</span> <span class='ocrx_word' id='word_1_252' title='bbox 292 2489 577 2561; x_wconf 77' lang='grc' dir='ltr'>μυριάδας.</span> <span class='ocrx_word' id='word_1_253' title='bbox 608 2488 687 2541; x_wconf 78' lang='grc' dir='ltr'><strong>Τὰ</strong></span> <span class='ocrx_word' id='word_1_254' title='bbox 704 2487 810 2557; x_wconf 73' lang='grc' dir='ltr'>γὰρ</span> <span class='ocrx_word' id='word_1_255' title='bbox 828 2485 1069 2551; x_wconf 71' lang='grc' dir='ltr'>ἐπιδέξια</span> <span class='ocrx_word' id='word_1_256' title='bbox 1088 2482 1195 2537; x_wconf 85' lang='grc' dir='ltr'><strong>τῶν</strong></span> <span class='ocrx_word' id='word_1_257' title='bbox 1214 2483 1549 2554; x_wconf 77' lang='grc' dir='ltr'>πραγμάτων</span> <span class='ocrx_word' id='word_1_258' title='bbox 1568 2481 1747 2553; x_wconf 70' lang='grc' dir='ltr'>ἡμῶν,</span> 
     </span>
    </p>
   </div>
   <div class='ocr_carea' id='block_1_40' title="bbox 182 2571 1751 2650">
    <p class='ocr_par' dir='ltr' id='par_1_40' title="bbox 182 2571 1751 2650">
     <span class='ocr_line' id='line_1_40' title="bbox 182 2571 1751 2650; baseline -0.005 -20"><span class='ocrx_word' id='word_1_259' title='bbox 182 2579 267 2631; x_wconf 82' lang='grc' dir='ltr'><strong>καὶ</strong></span> <span class='ocrx_word' id='word_1_260' title='bbox 292 2578 401 2631; x_wconf 80' lang='grc' dir='ltr'>τῶν</span> <span class='ocrx_word' id='word_1_261' title='bbox 434 2577 649 2650; x_wconf 80' lang='grc' dir='ltr'>ἀρετῶν</span> <span class='ocrx_word' id='word_1_262' title='bbox 678 2577 771 2631; x_wconf 76' lang='grc' dir='ltr'>καὶ</span> <span class='ocrx_word' id='word_1_263' title='bbox 817 2576 1012 2648; x_wconf 73' lang='grc' dir='ltr'>ἰσχυρὰ</span> <span class='ocrx_word' id='word_1_264' title='bbox 1060 2576 1155 2629; x_wconf 71' lang='grc' dir='ltr'>καὶ</span> <span class='ocrx_word' id='word_1_265' title='bbox 1197 2573 1645 2644; x_wconf 82' lang='grc' dir='ltr'>θαυμαστότερα,</span> <span class='ocrx_word' id='word_1_266' title='bbox 1691 2571 1751 2623; x_wconf 81' lang='grc' dir='ltr'><strong>τὸ</strong></span> 
     </span>
    </p>
   </div>
   <div class='ocr_carea' id='block_1_41' title="bbox 182 2661 1751 2739">
    <p class='ocr_par' dir='ltr' id='par_1_41' title="bbox 182 2661 1751 2739">
     <span class='ocr_line' id='line_1_41' title="bbox 182 2661 1751 2739; baseline -0.004 -20"><span class='ocrx_word' id='word_1_267' title='bbox 182 2666 375 2738; x_wconf 78' lang='grc' dir='ltr'>πλῆθος</span> <span class='ocrx_word' id='word_1_268' title='bbox 421 2667 534 2723; x_wconf 79' lang='grc' dir='ltr'>τῶν</span> <span class='ocrx_word' id='word_1_269' title='bbox 584 2666 837 2739; x_wconf 71' lang='grc' dir='ltr'>πονηρῶν</span> <span class='ocrx_word' id='word_1_270' title='bbox 872 2665 1153 2735; x_wconf 82' lang='grc' dir='ltr'>δυνάμεων</span> <span class='ocrx_word' id='word_1_271' title='bbox 1203 2661 1503 2734; x_wconf 72' lang='grc' dir='ltr'>παραλύειν</span> <span class='ocrx_word' id='word_1_272' title='bbox 1544 2662 1751 2732; x_wconf 79' lang='grc' dir='ltr'>ἐπιχει-</span> 
     </span>
    </p>
   </div>
   <div class='ocr_carea' id='block_1_42' title="bbox 183 2777 350 2831">
    <p class='ocr_par' dir='ltr' id='par_1_42' title="bbox 183 2777 350 2831">
     <span class='ocr_line' id='line_1_42' title="bbox 183 2777 350 2831; baseline 0.006 -20"><span class='ocrx_word' id='word_1_273' title='bbox 183 2777 350 2831; x_wconf 73' lang='grc' dir='ltr'>ρουοτι.</span> 
     </span>
    </p>
   </div>
   <div class='ocr_carea' id='block_1_43' title="bbox 244 2840 1754 2918">
    <p class='ocr_par' dir='ltr' id='par_1_43' title="bbox 244 2840 1754 2918">
     <span class='ocr_line' id='line_1_43' title="bbox 244 2840 1754 2918; baseline -0.007 -14"><span class='ocrx_word' id='word_1_274' title='bbox 244 2849 414 2918; x_wconf 72' lang='grc' dir='ltr'><strong>Πλὴν</strong></span> <span class='ocrx_word' id='word_1_275' title='bbox 438 2849 564 2916; x_wconf 84' lang='grc' dir='ltr'>τοῖς</span> <span class='ocrx_word' id='word_1_276' title='bbox 585 2846 911 2918; x_wconf 63' lang='grc' dir='ltr'>ὀφθαλμοῖς</span> <span class='ocrx_word' id='word_1_277' title='bbox 927 2860 1045 2901; x_wconf 89' lang='grc' dir='ltr'><strong>σου</strong></span> <span class='ocrx_word' id='word_1_278' title='bbox 1068 2843 1481 2913; x_wconf 81' lang='grc' dir='ltr'>κατανοήσεις.</span> <span class='ocrx_word' id='word_1_279' title='bbox 1501 2840 1754 2915; x_wconf 77' lang='grc' dir='ltr'><strong>Βλαόήσῃ</strong></span> 
     </span>
    </p>
   </div>
   <div class='ocr_carea' id='block_1_44' title="bbox 186 2932 1756 3012">
    <p class='ocr_par' dir='ltr' id='par_1_44' title="bbox 186 2932 1756 3012">
     <span class='ocr_line' id='line_1_44' title="bbox 186 2932 1756 3012; baseline -0.005 -19"><span class='ocrx_word' id='word_1_280' title='bbox 186 2941 277 3011; x_wconf 78' lang='grc' dir='ltr'>μὲν</span> <span class='ocrx_word' id='word_1_281' title='bbox 311 2942 487 3004; x_wconf 81' lang='grc' dir='ltr'>οὐδὲν,</span> <span class='ocrx_word' id='word_1_282' title='bbox 518 2940 702 3012; x_wconf 78' lang='grc' dir='ltr'>φησὶν,</span> <span class='ocrx_word' id='word_1_283' title='bbox 733 2942 797 2993; x_wconf 82' lang='grc' dir='ltr'>ὲκ</span> <span class='ocrx_word' id='word_1_284' title='bbox 817 2938 930 2991; x_wconf 83' lang='grc' dir='ltr'>τῶν</span> <span class='ocrx_word' id='word_1_285' title='bbox 955 2935 1414 2991; x_wconf 75' lang='grc' dir='ltr'>ἐπιϐουλευόντων</span> <span class='ocrx_word' id='word_1_286' title='bbox 1433 2952 1445 2965; x_wconf 69' lang='grc'><strong>⁸</strong></span> <span class='ocrx_word' id='word_1_287' title='bbox 1480 2932 1756 3005; x_wconf 77' lang='grc' dir='ltr'>συμϐήσε-</span> 
     </span>
    </p>
   </div>
   <div class='ocr_carea' id='block_1_45' title="bbox 183 3026 1353 3101">
    <p class='ocr_par' dir='ltr' id='par_1_45' title="bbox 183 3026 1353 3101">
     <span class='ocr_line' id='line_1_45' title="bbox 183 3026 1353 3101; baseline -0.003 -16"><span class='ocrx_word' id='word_1_288' title='bbox 183 3049 265 3087; x_wconf 78' lang='grc' dir='ltr'><strong>ται</strong></span> <span class='ocrx_word' id='word_1_289' title='bbox 295 3033 352 3087; x_wconf 82' lang='grc' dir='ltr'><strong>δέ</strong></span> <span class='ocrx_word' id='word_1_290' title='bbox 379 3049 464 3086; x_wconf 87' lang='grc' dir='ltr'><strong>σοι</strong></span> <span class='ocrx_word' id='word_1_291' title='bbox 491 3032 755 3096; x_wconf 75' lang='grc' dir='ltr'>πεσόντας</span> <span class='ocrx_word' id='word_1_292' title='bbox 787 3031 912 3085; x_wconf 78' lang='grc' dir='ltr'>ἰδεῖν</span> <span class='ocrx_word' id='word_1_293' title='bbox 948 3031 1076 3094; x_wconf 79' lang='grc' dir='ltr'>τοὺς</span> <span class='ocrx_word' id='word_1_294' title='bbox 1103 3026 1353 3101; x_wconf 75' lang='grc' dir='ltr'>ἐχθρούς.</span> 
     </span>
    </p>
   </div>
   <div class='ocr_carea' id='block_1_46' title="bbox 254 3113 1755 3191">
    <p class='ocr_par' dir='ltr' id='par_1_46' title="bbox 254 3113 1755 3191">
     <span class='ocr_line' id='line_1_46' title="bbox 254 3113 1755 3191; baseline -0.005 -17"><span class='ocrx_word' id='word_1_295' title='bbox 254 3121 359 3175; x_wconf 75' lang='grc' dir='ltr'><strong>Τὸν</strong></span> <span class='ocrx_word' id='word_1_296' title='bbox 392 3121 686 3191; x_wconf 67' lang='grc' dir='ltr'>Ὕψιστον</span> <span class='ocrx_word' id='word_1_297' title='bbox 702 3121 842 3174; x_wconf 76' lang='grc' dir='ltr'>ἔθου</span> <span class='ocrx_word' id='word_1_298' title='bbox 872 3116 1227 3190; x_wconf 70' lang='grc' dir='ltr'>καταφυγήν</span> <span class='ocrx_word' id='word_1_299' title='bbox 1255 3133 1393 3171; x_wconf 90' lang='grc' dir='ltr'>σου.</span> <span class='ocrx_word' id='word_1_300' title='bbox 1438 3113 1755 3185; x_wconf 73' lang='grc' dir='ltr'>Ἀντιφθέγ-</span> 
     </span>
    </p>
   </div>
   <div class='ocr_carea' id='block_1_47' title="bbox 185 3207 1756 3282">
    <p class='ocr_par' dir='ltr' id='par_1_47' title="bbox 185 3207 1756 3282">
     <span class='ocr_line' id='line_1_47' title="bbox 185 3207 1756 3282; baseline -0.004 -18"><span class='ocrx_word' id='word_1_301' title='bbox 185 3227 329 3280; x_wconf 80' lang='grc' dir='ltr'>γεται</span> <span class='ocrx_word' id='word_1_302' title='bbox 356 3212 417 3266; x_wconf 81' lang='grc' dir='ltr'>τὸ</span> <span class='ocrx_word' id='word_1_303' title='bbox 439 3211 537 3265; x_wconf 74' lang='grc' dir='ltr'>τοῦ</span> <span class='ocrx_word' id='word_1_304' title='bbox 564 3211 698 3265; x_wconf 84' lang='grc' dir='ltr'>Θεοῦ</span> <span class='ocrx_word' id='word_1_305' title='bbox 722 3210 1032 3282; x_wconf 80' lang='grc' dir='ltr'>ἀνθρώπου,</span> <span class='ocrx_word' id='word_1_306' title='bbox 1053 3210 1115 3263; x_wconf 81' lang='grc' dir='ltr'><strong>τὸ</strong></span> <span class='ocrx_word' id='word_1_307' title='bbox 1146 3208 1367 3279; x_wconf 81' lang='grc' dir='ltr'>Πνεῦμα</span> <span class='ocrx_word' id='word_1_308' title='bbox 1393 3207 1454 3261; x_wconf 79' lang='grc' dir='ltr'>τὸ</span> <span class='ocrx_word' id='word_1_309' title='bbox 1486 3223 1756 3277; x_wconf 76' lang='grc' dir='ltr'>προφητι-</span> 
     </span>
    </p>
   </div>
   <div class='ocr_carea' id='block_1_48' title="bbox 186 3298 1570 3376">
    <p class='ocr_par' dir='ltr' id='par_1_48' title="bbox 186 3298 1570 3376">
     <span class='ocr_line' id='line_1_48' title="bbox 186 3298 1570 3376; baseline -0.004 -20"><span class='ocrx_word' id='word_1_310' title='bbox 186 3302 293 3369; x_wconf 75' lang='grc' dir='ltr'>κὸν,</span> <span class='ocrx_word' id='word_1_311' title='bbox 318 3305 441 3359; x_wconf 79' lang='grc' dir='ltr'>ὅσον</span> <span class='ocrx_word' id='word_1_312' title='bbox 466 3304 568 3376; x_wconf 80' lang='grc' dir='ltr'><strong>τῆς</strong></span> <span class='ocrx_word' id='word_1_313' title='bbox 600 3306 677 3367; x_wconf 85' lang='grc' dir='ltr'><strong>είς</strong></span> <span class='ocrx_word' id='word_1_314' title='bbox 698 3302 829 3357; x_wconf 72' lang='grc' dir='ltr'>Θεὸν</span> <span class='ocrx_word' id='word_1_315' title='bbox 858 3300 1071 3364; x_wconf 74' lang='grc' dir='ltr'>ἐλπίδος</span> <span class='ocrx_word' id='word_1_316' title='bbox 1091 3300 1154 3354; x_wconf 79' lang='grc' dir='ltr'>τὸ</span> <span class='ocrx_word' id='word_1_317' title='bbox 1176 3299 1369 3373; x_wconf 80' lang='grc' dir='ltr'>κέρδος</span> <span class='ocrx_word' id='word_1_318' title='bbox 1403 3298 1570 3352; x_wconf 75' lang='grc' dir='ltr'>ἐστίν.</span> 
     </span>
    </p>
   </div>
   <div class='ocr_carea' id='block_1_49' title="bbox 253 3385 1755 3461">
    <p class='ocr_par' dir='ltr' id='par_1_49' title="bbox 253 3385 1755 3461">
     <span class='ocr_line' id='line_1_49' title="bbox 253 3385 1755 3461; baseline -0.005 -14"><span class='ocrx_word' id='word_1_319' title='bbox 253 3394 335 3447; x_wconf 86' lang='grc' dir='ltr'><strong>Οὐ</strong></span> <span class='ocrx_word' id='word_1_320' title='bbox 361 3392 835 3461; x_wconf 69' lang='grc' dir='ltr'>κροσελεύσεται</span> <span class='ocrx_word' id='word_1_321' title='bbox 880 3389 1031 3459; x_wconf 80' lang='grc' dir='ltr'>πρὸς</span> <span class='ocrx_word' id='word_1_322' title='bbox 1069 3388 1145 3443; x_wconf 82' lang='grc' dir='ltr'>σὲ</span> <span class='ocrx_word' id='word_1_323' title='bbox 1184 3387 1357 3443; x_wconf 76' lang='grc' dir='ltr'>κακά.</span> <span class='ocrx_word' id='word_1_324' title='bbox 1398 3388 1465 3441; x_wconf 78' lang='grc' dir='ltr'><strong>Ἠ</strong></span> <span class='ocrx_word' id='word_1_325' title='bbox 1515 3385 1625 3459; x_wconf 76' lang='grc' dir='ltr'>γὰρ</span> <span class='ocrx_word' id='word_1_326' title='bbox 1655 3386 1755 3457; x_wconf 82' lang='grc' dir='ltr'>τῆς</span> 
     </span>
    </p>
   </div>
   <div class='ocr_carea' id='block_1_50' title="bbox 188 3479 1756 3557">
    <p class='ocr_par' dir='ltr' id='par_1_50' title="bbox 188 3479 1756 3557">
     <span class='ocr_line' id='line_1_50' title="bbox 188 3479 1756 3557; baseline -0.005 -16"><span class='ocrx_word' id='word_1_327' title='bbox 188 3485 374 3552; x_wconf 82' lang='grc' dir='ltr'>κακίας</span> <span class='ocrx_word' id='word_1_328' title='bbox 403 3486 568 3557; x_wconf 80' lang='grc' dir='ltr'>φύσις</span> <span class='ocrx_word' id='word_1_329' title='bbox 601 3484 797 3550; x_wconf 74' lang='grc' dir='ltr'>ἔξωθεν</span> <span class='ocrx_word' id='word_1_330' title='bbox 824 3485 1139 3555; x_wconf 76' lang='grc' dir='ltr'>ἐπέρχεται,</span> <span class='ocrx_word' id='word_1_331' title='bbox 1177 3483 1277 3552; x_wconf 79' lang='grc' dir='ltr'>τῆς</span> <span class='ocrx_word' id='word_1_332' title='bbox 1318 3481 1524 3554; x_wconf 78' lang='grc' dir='ltr'>ἀρετῆς</span> <span class='ocrx_word' id='word_1_333' title='bbox 1547 3479 1756 3534; x_wconf 72' lang='grc' dir='ltr'>οἴκοθεν</span> 
     </span>
    </p>
   </div>
   <div class='ocr_carea' id='block_1_51' title="bbox 189 3571 1758 3651">
    <p class='ocr_par' dir='ltr' id='par_1_51' title="bbox 189 3571 1758 3651">
     <span class='ocr_line' id='line_1_51' title="bbox 189 3571 1758 3651; baseline -0.005 -20"><span class='ocrx_word' id='word_1_334' title='bbox 189 3579 278 3651; x_wconf 79' lang='grc' dir='ltr'>τὴν</span> <span class='ocrx_word' id='word_1_335' title='bbox 306 3579 579 3651; x_wconf 77' lang='grc' dir='ltr'>πρόφασιν</span> <span class='ocrx_word' id='word_1_336' title='bbox 602 3579 851 3649; x_wconf 71' lang='grc' dir='ltr'>ἐχούσης.</span> <span class='ocrx_word' id='word_1_337' title='bbox 883 3575 1028 3646; x_wconf 73' lang='grc' dir='ltr'><strong>Εύθῆ</strong></span> <span class='ocrx_word' id='word_1_338' title='bbox 1056 3576 1163 3646; x_wconf 73' lang='grc' dir='ltr'>γὰρ</span> <span class='ocrx_word' id='word_1_339' title='bbox 1187 3575 1217 3627; x_wconf 71' lang='grc' dir='ltr'><strong>ὁ</strong></span> <span class='ocrx_word' id='word_1_340' title='bbox 1262 3574 1397 3636; x_wconf 79' lang='grc' dir='ltr'>Θεὸς</span> <span class='ocrx_word' id='word_1_341' title='bbox 1420 3572 1512 3625; x_wconf 83' lang='grc' dir='ltr'><strong>τὸν</strong></span> <span class='ocrx_word' id='word_1_342' title='bbox 1551 3571 1758 3642; x_wconf 82' lang='grc' dir='ltr'>ἅνθρω-</span> 
     </span>
    </p>
   </div>
   <div class='ocr_carea' id='block_1_52' title="bbox 190 3660 1757 3739">
    <p class='ocr_par' dir='ltr' id='par_1_52' title="bbox 190 3660 1757 3739">
     <span class='ocr_line' id='line_1_52' title="bbox 190 3660 1757 3739; baseline -0.006 -16"><span class='ocrx_word' id='word_1_343' title='bbox 190 3686 285 3723; x_wconf 80' lang='grc' dir='ltr'><strong>πον</strong></span> <span class='ocrx_word' id='word_1_344' title='bbox 304 3668 626 3739; x_wconf 74' lang='grc' dir='ltr'>πεποίηκεν,</span> <span class='ocrx_word' id='word_1_345' title='bbox 677 3666 767 3732; x_wconf 78' lang='grc' dir='ltr'><strong>ὃς,</strong></span> <span class='ocrx_word' id='word_1_346' title='bbox 823 3664 1067 3737; x_wconf 76' lang='grc' dir='ltr'>ζητήσας</span> <span class='ocrx_word' id='word_1_347' title='bbox 1118 3663 1411 3733; x_wconf 80' lang='grc' dir='ltr'>λογισμοὺς</span> <span class='ocrx_word' id='word_1_348' title='bbox 1464 3660 1757 3732; x_wconf 82' lang='grc' dir='ltr'>πονηροὺς,</span> 
     </span>
    </p>
   </div>
   <div class='ocr_carea' id='block_1_53' title="bbox 191 3752 1760 3829">
    <p class='ocr_par' dir='ltr' id='par_1_53' title="bbox 191 3752 1760 3829">
     <span class='ocr_line' id='line_1_53' title="bbox 191 3752 1760 3829; baseline -0.005 -16"><span class='ocrx_word' id='word_1_349' title='bbox 191 3760 382 3827; x_wconf 75' lang='grc' dir='ltr'>ἔξωθεν</span> <span class='ocrx_word' id='word_1_350' title='bbox 430 3760 783 3815; x_wconf 73' lang='grc' dir='ltr'>ἐπεσπάσατο</span> <span class='ocrx_word' id='word_1_351' title='bbox 828 3757 926 3829; x_wconf 78' lang='grc' dir='ltr'>τὴν</span> <span class='ocrx_word' id='word_1_352' title='bbox 959 3754 1180 3811; x_wconf 83' lang='grc' dir='ltr'>κακίαν.</span> <span class='ocrx_word' id='word_1_353' title='bbox 1208 3755 1321 3809; x_wconf 82' lang='lat' dir='ltr'><strong>Kal</strong></span> <span class='ocrx_word' id='word_1_354' title='bbox 1373 3752 1599 3824; x_wconf 79' lang='grc' dir='ltr'>μάστιξ</span> <span class='ocrx_word' id='word_1_355' title='bbox 1646 3754 1760 3806; x_wconf 82' lang='grc' dir='ltr'>οὐκ</span> 
     </span>
    </p>
   </div>
   <div class='ocr_carea' id='block_1_54' title="bbox 191 3842 1764 3923">
    <p class='ocr_par' dir='ltr' id='par_1_54' title="bbox 191 3842 1764 3923">
     <span class='ocr_line' id='line_1_54' title="bbox 191 3842 1764 3923; baseline -0.006 -18"><span class='ocrx_word' id='word_1_356' title='bbox 191 3851 368 3923; x_wconf 68' lang='lat' dir='ltr'><strong>eme?</strong></span> <span class='ocrx_word' id='word_1_357' title='bbox 387 3852 458 3907; x_wconf 79' lang='grc' dir='ltr'>ἐν</span> <span class='ocrx_word' id='word_1_358' title='bbox 486 3850 569 3918; x_wconf 82' lang='grc' dir='ltr'>τῷ</span> <span class='ocrx_word' id='word_1_359' title='bbox 591 3848 933 3920; x_wconf 63' lang='grc' dir='ltr'>σκηνώματι</span> <span class='ocrx_word' id='word_1_360' title='bbox 969 3864 1106 3904; x_wconf 90' lang='grc' dir='ltr'>σου.</span> <span class='ocrx_word' id='word_1_361' title='bbox 1157 3847 1400 3920; x_wconf 77' lang='grc' dir='ltr'>Θαρῤεῖν</span> <span class='ocrx_word' id='word_1_362' title='bbox 1441 3846 1638 3907; x_wconf 78' lang='grc' dir='ltr'>αὐτοὺς</span> <span class='ocrx_word' id='word_1_363' title='bbox 1670 3842 1764 3897; x_wconf 77' lang='grc' dir='ltr'>καὶ</span> 
     </span>
    </p>
   </div>
   <div class='ocr_carea' id='block_1_55' title="bbox 196 3933 1761 4016">
    <p class='ocr_par' dir='ltr' id='par_1_55' title="bbox 196 3933 1761 4016">
     <span class='ocr_line' id='line_1_55' title="bbox 196 3933 1761 4016; baseline -0.01 -17"><span class='ocrx_word' id='word_1_364' title='bbox 196 3943 353 4016; x_wconf 78' lang='grc' dir='ltr'>μηδὲν</span> <span class='ocrx_word' id='word_1_365' title='bbox 383 3942 552 4016; x_wconf 73' lang='grc' dir='ltr'>ἀηδὲς</span> <span class='ocrx_word' id='word_1_366' title='bbox 605 3939 890 3995; x_wconf 84' lang='grc' dir='ltr'>πείσεσθαι</span> <span class='ocrx_word' id='word_1_367' title='bbox 935 3936 1393 4009; x_wconf 83' lang='grc' dir='ltr'>παρακελεύεται,</span> <span class='ocrx_word' id='word_1_368' title='bbox 1428 3936 1493 3987; x_wconf 80' lang='grc' dir='ltr'>ὲκ</span> <span class='ocrx_word' id='word_1_369' title='bbox 1543 3933 1635 3986; x_wconf 84' lang='grc' dir='ltr'>τοῦ</span> <span class='ocrx_word' id='word_1_370' title='bbox 1671 3950 1761 3986; x_wconf 82' lang='grc' dir='ltr'>πι-</span> 
     </span>
    </p>
   </div>
   <div class='ocr_carea' id='block_1_56' title="bbox 196 4028 1764 4105">
    <p class='ocr_par' dir='ltr' id='par_1_56' title="bbox 196 4028 1764 4105">
     <span class='ocr_line' id='line_1_56' title="bbox 196 4028 1764 4105; baseline -0.008 -14"><span class='ocrx_word' id='word_1_371' title='bbox 196 4037 399 4092; x_wconf 81' lang='grc' dir='ltr'>στεύειν</span> <span class='ocrx_word' id='word_1_372' title='bbox 444 4032 678 4105; x_wconf 77' lang='grc' dir='ltr'>ᾶγγελον</span> <span class='ocrx_word' id='word_1_373' title='bbox 727 4031 920 4104; x_wconf 68' lang='grc' dir='ltr'>βοηθὸν</span> <span class='ocrx_word' id='word_1_374' title='bbox 965 4030 1075 4085; x_wconf 83' lang='grc' dir='ltr'>τῶν</span> <span class='ocrx_word' id='word_1_375' title='bbox 1120 4031 1200 4093; x_wconf 86' lang='grc' dir='ltr'><strong>είς</strong></span> <span class='ocrx_word' id='word_1_376' title='bbox 1229 4028 1361 4081; x_wconf 82' lang='grc' dir='ltr'>Θεὸν</span> <span class='ocrx_word' id='word_1_377' title='bbox 1406 4028 1764 4080; x_wconf 79' lang='grc' dir='ltr'>πιστευόντων</span> 
     </span>
    </p>
   </div>
   <div class='ocr_carea' id='block_1_57' title="bbox 197 4127 709 4200">
    <p class='ocr_par' dir='ltr' id='par_1_57' title="bbox 197 4127 709 4200">
     <span class='ocr_line' id='line_1_57' title="bbox 197 4127 709 4200; baseline -0.006 -16"><span class='ocrx_word' id='word_1_378' title='bbox 197 4127 709 4200; x_wconf 85' lang='grc' dir='ltr'>καταπεμπόμενον.</span> 
     </span>
    </p>
   </div>
   <div class='ocr_carea' id='block_1_58' title="bbox 266 4209 1765 4290">
    <p class='ocr_par' dir='ltr' id='par_1_58' title="bbox 266 4209 1765 4290">
     <span class='ocr_line' id='line_1_58' title="bbox 266 4209 1765 4290; baseline -0.01 -13"><span class='ocrx_word' id='word_1_379' title='bbox 266 4223 385 4276; x_wconf 86' lang='grc' dir='ltr'>Ὅτι</span> <span class='ocrx_word' id='word_1_380' title='bbox 420 4219 550 4287; x_wconf 84' lang='grc' dir='ltr'>τοῖς</span> <span class='ocrx_word' id='word_1_381' title='bbox 574 4217 850 4290; x_wconf 68' lang='grc' dir='ltr'>ἀγγέλοις</span> <span class='ocrx_word' id='word_1_382' title='bbox 892 4214 1077 4271; x_wconf 80' lang='grc' dir='ltr'>αὑτοῦ</span> <span class='ocrx_word' id='word_1_383' title='bbox 1099 4211 1424 4270; x_wconf 76' lang='grc' dir='ltr'>ἐντελεῖται</span> <span class='ocrx_word' id='word_1_384' title='bbox 1469 4210 1604 4280; x_wconf 74' lang='grc' dir='ltr'>περὶ</span> <span class='ocrx_word' id='word_1_385' title='bbox 1628 4209 1765 4264; x_wconf 87' lang='grc' dir='ltr'>σοῦ.</span> 
     </span>
    </p>
   </div>
   <div class='ocr_carea' id='block_1_59' title="bbox 200 4299 1770 4379">
    <p class='ocr_par' dir='ltr' id='par_1_59' title="bbox 200 4299 1770 4379">
     <span class='ocr_line' id='line_1_59' title="bbox 200 4299 1770 4379; baseline -0.007 -16"><span class='ocrx_word' id='word_1_386' title='bbox 200 4309 362 4365; x_wconf 75' lang='grc' dir='ltr'>Τοῦτο</span> <span class='ocrx_word' id='word_1_387' title='bbox 393 4312 492 4365; x_wconf 83' lang='grc' dir='ltr'>καὶ</span> <span class='ocrx_word' id='word_1_388' title='bbox 522 4311 580 4363; x_wconf 74' lang='grc' dir='ltr'>ὲν</span> <span class='ocrx_word' id='word_1_389' title='bbox 603 4307 680 4379; x_wconf 85' lang='grc' dir='ltr'>τῷ</span> <span class='ocrx_word' id='word_1_390' title='bbox 702 4307 780 4375; x_wconf 84' lang='grc' dir='ltr'>λγ⁴</span> <span class='ocrx_word' id='word_1_391' title='bbox 807 4306 909 4376; x_wconf 72' lang='grc' dir='ltr'><strong>ἔφη</strong></span> <span class='ocrx_word' id='word_1_392' title='bbox 936 4302 1158 4375; x_wconf 44' lang='lat' dir='ltr'><strong>omne</strong></span> <span class='ocrx_word' id='word_1_393' title='bbox 1194 4300 1575 4371; x_wconf 61' lang='grc' dir='ltr'>Παρεμϐαλεῖ,</span> <span class='ocrx_word' id='word_1_394' title='bbox 1600 4299 1703 4369; x_wconf 70' lang='lat' dir='ltr'><strong>dm</strong></span> <span class='ocrx_word' id='word_1_395' title='bbox 1714 4315 1770 4352; x_wconf 86' lang='grc' dir='ltr'>ε-</span> 
     </span>
    </p>
   </div>
   <div class='ocr_carea' id='block_1_60' title="bbox 199 4382 1768 4472">
    <p class='ocr_par' dir='ltr' id='par_1_60' title="bbox 199 4382 1768 4472">
     <span class='ocr_line' id='line_1_60' title="bbox 199 4382 1768 4472; baseline -0.009 -15"><span class='ocrx_word' id='word_1_396' title='bbox 199 4405 304 4469; x_wconf 64' lang='grc' dir='ltr'><strong>λος</strong></span> <span class='ocrx_word' id='word_1_397' title='bbox 344 4402 574 4472; x_wconf 81' lang='grc' dir='ltr'>Κυρίου</span> <span class='ocrx_word' id='word_1_398' title='bbox 601 4400 805 4466; x_wconf 73' lang='grc' dir='ltr'>κύκλῳ</span> <span class='ocrx_word' id='word_1_399' title='bbox 829 4396 950 4452; x_wconf 80' lang='grc' dir='ltr'><strong>τῶν</strong></span> <span class='ocrx_word' id='word_1_400' title='bbox 979 4382 1363 4467; x_wconf 73' lang='grc' dir='ltr'>φόϐουμένων</span> <span class='ocrx_word' id='word_1_401' title='bbox 1412 4391 1631 4456; x_wconf 73' lang='grc' dir='ltr'><strong>αὑτὸν,</strong></span> <span class='ocrx_word' id='word_1_402' title='bbox 1671 4391 1768 4445; x_wconf 76' lang='grc' dir='ltr'>καὶ</span> 
     </span>
    </p>
   </div>
   <div class='ocr_carea' id='block_1_61' title="bbox 195 4481 1769 4568">
    <p class='ocr_par' dir='ltr' id='par_1_61' title="bbox 195 4481 1769 4568">
     <span class='ocr_line' id='line_1_61' title="bbox 195 4481 1769 4568; baseline -0.008 -23"><span class='ocrx_word' id='word_1_403' title='bbox 195 4490 434 4557; x_wconf 80' lang='grc' dir='ltr'>ῥύσεται</span> <span class='ocrx_word' id='word_1_404' title='bbox 463 4488 710 4554; x_wconf 82' lang='grc' dir='ltr'>αὐτούς.</span> <span class='ocrx_word' id='word_1_405' title='bbox 746 4485 1052 4568; x_wconf 78' lang='grc' dir='ltr'>’Δκούωμεν</span> <span class='ocrx_word' id='word_1_406' title='bbox 1083 4485 1139 4539; x_wconf 82' lang='grc' dir='ltr'>δὲ</span> <span class='ocrx_word' id='word_1_407' title='bbox 1181 4485 1276 4539; x_wconf 76' lang='grc' dir='ltr'><strong>καὶ</strong></span> <span class='ocrx_word' id='word_1_408' title='bbox 1313 4482 1505 4537; x_wconf 84' lang='grc' dir='ltr'>Ἰακὼὸ</span> <span class='ocrx_word' id='word_1_409' title='bbox 1531 4481 1626 4535; x_wconf 80' lang='grc' dir='ltr'><strong>τοῦ</strong></span> <span class='ocrx_word' id='word_1_410' title='bbox 1661 4499 1769 4535; x_wconf 82' lang='grc' dir='ltr'>πα-</span> 
     </span>
    </p>
   </div>
   <div class='ocr_carea' id='block_1_62' title="bbox 201 4574 1769 4652">
    <p class='ocr_par' dir='ltr' id='par_1_62' title="bbox 201 4574 1769 4652">
     <span class='ocr_line' id='line_1_62' title="bbox 201 4574 1769 4652; baseline -0.005 -18"><span class='ocrx_word' id='word_1_411' title='bbox 201 4580 455 4652; x_wconf 78' lang='grc' dir='ltr'>τριάρχου</span> <span class='ocrx_word' id='word_1_412' title='bbox 486 4578 767 4647; x_wconf 52' lang='grc' dir='ltr'>λέγοντος</span> <span class='ocrx_word' id='word_1_413' title='bbox 814 4578 876 4630; x_wconf 91' lang='lat'><strong>&#39;0</strong></span> <span class='ocrx_word' id='word_1_414' title='bbox 909 4576 1165 4648; x_wconf 68' lang='grc' dir='ltr'>ἄγγελος</span> <span class='ocrx_word' id='word_1_415' title='bbox 1194 4575 1545 4643; x_wconf 75' lang='grc' dir='ltr'>όρυόμενός</span> <span class='ocrx_word' id='word_1_416' title='bbox 1578 4590 1655 4638; x_wconf 84' lang='grc' dir='ltr'><strong>με</strong></span> <span class='ocrx_word' id='word_1_417' title='bbox 1701 4574 1769 4626; x_wconf 82' lang='grc' dir='ltr'>ἐκ</span> 
     </span>
    </p>
   </div>
   <div class='ocr_carea' id='block_1_63' title="bbox 199 4666 1772 4739">
    <p class='ocr_par' dir='ltr' id='par_1_63' title="bbox 199 4666 1772 4739">
     <span class='ocr_line' id='line_1_63' title="bbox 199 4666 1772 4739; baseline -0.006 -12"><span class='ocrx_word' id='word_1_418' title='bbox 199 4672 437 4729; x_wconf 70' lang='grc' dir='ltr'>πάντων</span> <span class='ocrx_word' id='word_1_419' title='bbox 465 4670 591 4727; x_wconf 81' lang='grc' dir='ltr'><strong>τῶν</strong></span> <span class='ocrx_word' id='word_1_420' title='bbox 618 4669 819 4726; x_wconf 78' lang='grc' dir='ltr'>κακῶν</span> <span class='ocrx_word' id='word_1_421' title='bbox 842 4687 974 4739; x_wconf 69' lang='grc' dir='ltr'>μου.</span> <span class='ocrx_word' id='word_1_422' title='bbox 999 4670 1111 4724; x_wconf 73' lang='grc' dir='ltr'><strong>Καὶ</strong></span> <span class='ocrx_word' id='word_1_423' title='bbox 1137 4670 1166 4722; x_wconf 88' lang='grc' dir='ltr'><strong>ό</strong></span> <span class='ocrx_word' id='word_1_424' title='bbox 1196 4671 1366 4737; x_wconf 83' lang='grc' dir='ltr'>μέγας</span> <span class='ocrx_word' id='word_1_425' title='bbox 1407 4666 1657 4738; x_wconf 79' lang='grc' dir='ltr'>Ἀϐρααμ</span> <span class='ocrx_word' id='word_1_426' title='bbox 1681 4666 1772 4719; x_wconf 81' lang='grc' dir='ltr'><strong>τὸν</strong></span> 
     </span>
    </p>
   </div>
   <div class='ocr_carea' id='block_1_64' title="bbox 202 4757 1777 4837">
    <p class='ocr_par' dir='ltr' id='par_1_64' title="bbox 202 4757 1777 4837">
     <span class='ocr_line' id='line_1_64' title="bbox 202 4757 1777 4837; baseline -0.003 -20"><span class='ocrx_word' id='word_1_427' title='bbox 202 4764 410 4837; x_wconf 71' lang='grc' dir='ltr'>οἰκέτην</span> <span class='ocrx_word' id='word_1_428' title='bbox 432 4762 872 4836; x_wconf 72' lang='grc' dir='ltr'>παραθαρρύνων</span> <span class='ocrx_word' id='word_1_429' title='bbox 901 4762 1005 4832; x_wconf 79' lang='grc' dir='ltr'><strong>εφη</strong></span> <span class='ocrx_word' id='word_1_430' title='bbox 1021 4779 1036 4793; x_wconf 90' lang='grc'><strong>·</strong></span> <span class='ocrx_word' id='word_1_431' title='bbox 1073 4762 1127 4815; x_wconf 88' lang='lat'><strong>&#39;0</strong></span> <span class='ocrx_word' id='word_1_432' title='bbox 1153 4759 1294 4827; x_wconf 79' lang='grc' dir='ltr'>Θεὸς</span> <span class='ocrx_word' id='word_1_433' title='bbox 1325 4757 1655 4814; x_wconf 76' lang='grc' dir='ltr'>ἀποστελεῖ</span> <span class='ocrx_word' id='word_1_434' title='bbox 1670 4757 1777 4812; x_wconf 82' lang='grc' dir='ltr'><strong>τὸν</strong></span> 
     </span>
    </p>
   </div>
   <div class='ocr_carea' id='block_1_65' title="bbox 204 4849 1776 4927">
    <p class='ocr_par' dir='ltr' id='par_1_65' title="bbox 204 4849 1776 4927">
     <span class='ocr_line' id='line_1_65' title="bbox 204 4849 1776 4927; baseline -0.003 -18"><span class='ocrx_word' id='word_1_435' title='bbox 204 4856 454 4927; x_wconf 67' lang='grc' dir='ltr'>ἄγγελον</span> <span class='ocrx_word' id='word_1_436' title='bbox 514 4854 701 4910; x_wconf 81' lang='grc' dir='ltr'>αὐτοῦ</span> <span class='ocrx_word' id='word_1_437' title='bbox 738 4853 853 4924; x_wconf 77' lang='grc' dir='ltr'>πρὸ</span> <span class='ocrx_word' id='word_1_438' title='bbox 896 4851 1221 4924; x_wconf 80' lang='grc' dir='ltr'>προσώπου</span> <span class='ocrx_word' id='word_1_439' title='bbox 1267 4867 1406 4917; x_wconf 85' lang='grc' dir='ltr'>σου,</span> <span class='ocrx_word' id='word_1_440' title='bbox 1452 4851 1550 4906; x_wconf 78' lang='grc' dir='ltr'>καὶ</span> <span class='ocrx_word' id='word_1_441' title='bbox 1601 4849 1776 4919; x_wconf 70' lang='grc' dir='ltr'><strong>λήψῃ</strong></span> 
     </span>
    </p>
   </div>
   <div class='ocr_carea' id='block_1_66' title="bbox 207 4944 1777 5017">
    <p class='ocr_par' dir='ltr' id='par_1_66' title="bbox 207 4944 1777 5017">
     <span class='ocr_line' id='line_1_66' title="bbox 207 4944 1777 5017; baseline -0.004 -14"><span class='ocrx_word' id='word_1_442' title='bbox 207 4948 452 5017; x_wconf 73' lang='grc' dir='ltr'>γυναῖκα</span> <span class='ocrx_word' id='word_1_443' title='bbox 488 4946 697 5002; x_wconf 79' lang='grc' dir='ltr'>Ἰσαὰκ</span> <span class='ocrx_word' id='word_1_444' title='bbox 726 4945 808 5013; x_wconf 82' lang='grc' dir='ltr'>τῷ</span> <span class='ocrx_word' id='word_1_445' title='bbox 837 4946 946 5013; x_wconf 79' lang='grc' dir='ltr'>υὶῷ</span> <span class='ocrx_word' id='word_1_446' title='bbox 990 4964 1111 5017; x_wconf 83' lang='grc' dir='ltr'><strong>μου</strong></span> <span class='ocrx_word' id='word_1_447' title='bbox 1144 4945 1393 5000; x_wconf 77' lang='grc' dir='ltr'>ἐκεῖθεν.</span> <span class='ocrx_word' id='word_1_448' title='bbox 1432 4944 1777 5015; x_wconf 83' lang='grc' dir='ltr'>Πανταχόθεν</span> 
     </span>
    </p>
   </div>
   <div class='ocr_carea' id='block_1_67' title="bbox 206 5034 1777 5113">
    <p class='ocr_par' dir='ltr' id='par_1_67' title="bbox 206 5034 1777 5113">
     <span class='ocr_line' id='line_1_67' title="bbox 206 5034 1777 5113; baseline -0.006 -18"><span class='ocrx_word' id='word_1_449' title='bbox 206 5041 375 5095; x_wconf 83' lang='grc' dir='ltr'>τοίνυν</span> <span class='ocrx_word' id='word_1_450' title='bbox 409 5038 781 5113; x_wconf 77' lang='grc' dir='ltr'>μανθάνομεν,</span> <span class='ocrx_word' id='word_1_451' title='bbox 806 5038 883 5102; x_wconf 79' lang='grc' dir='ltr'>ὡς</span> <span class='ocrx_word' id='word_1_452' title='bbox 912 5039 1005 5093; x_wconf 78' lang='grc' dir='ltr'>καὶ</span> <span class='ocrx_word' id='word_1_453' title='bbox 1022 5038 1090 5093; x_wconf 83' lang='grc' dir='ltr'>δι’</span> <span class='ocrx_word' id='word_1_454' title='bbox 1120 5036 1368 5107; x_wconf 78' lang='grc' dir='ltr'>ἀγγέλων</span> <span class='ocrx_word' id='word_1_455' title='bbox 1394 5037 1623 5108; x_wconf 83' lang='grc' dir='ltr'>φρουρεῖ</span> <span class='ocrx_word' id='word_1_456' title='bbox 1648 5034 1777 5097; x_wconf 77' lang='grc' dir='ltr'>τοὺς</span> 
     </span>
    </p>
   </div>
   <div class='ocr_carea' id='block_1_68' title="bbox 206 5126 1774 5197">
    <p class='ocr_par' dir='ltr' id='par_1_68' title="bbox 206 5126 1774 5197">
     <span class='ocr_line' id='line_1_68' title="bbox 206 5126 1774 5197; baseline -0.004 -12"><span class='ocrx_word' id='word_1_457' title='bbox 206 5134 281 5197; x_wconf 79' lang='grc' dir='ltr'>εἰς</span> <span class='ocrx_word' id='word_1_458' title='bbox 305 5133 469 5189; x_wconf 78' lang='grc' dir='ltr'>αὑτὸν</span> <span class='ocrx_word' id='word_1_459' title='bbox 500 5129 825 5195; x_wconf 75' lang='grc' dir='ltr'>πεποιθότας</span> <span class='ocrx_word' id='word_1_460' title='bbox 854 5133 882 5184; x_wconf 86' lang='grc' dir='ltr'><strong>ό</strong></span> <span class='ocrx_word' id='word_1_461' title='bbox 911 5128 1020 5184; x_wconf 85' lang='grc' dir='ltr'><strong>τῶν</strong></span> <span class='ocrx_word' id='word_1_462' title='bbox 1043 5129 1179 5183; x_wconf 82' lang='grc' dir='ltr'>ὅλων</span> <span class='ocrx_word' id='word_1_463' title='bbox 1204 5127 1357 5192; x_wconf 87' lang='grc' dir='ltr'>Θεός.</span> <span class='ocrx_word' id='word_1_464' title='bbox 1408 5126 1518 5181; x_wconf 84' lang='grc' dir='ltr'><strong>Τοῦ</strong></span> <span class='ocrx_word' id='word_1_465' title='bbox 1563 5126 1774 5195; x_wconf 66' lang='grc' dir='ltr'>διαφυ-</span> 
     </span>
    </p>
   </div>
   <div class='ocr_carea' id='block_1_69' title="bbox 209 5217 1775 5291">
    <p class='ocr_par' dir='ltr' id='par_1_69' title="bbox 209 5217 1775 5291">
     <span class='ocr_line' id='line_1_69' title="bbox 209 5217 1775 5291; baseline -0.007 -9"><span class='ocrx_word' id='word_1_466' title='bbox 209 5224 383 5291; x_wconf 69' lang='grc' dir='ltr'>λάξαι</span> <span class='ocrx_word' id='word_1_467' title='bbox 408 5238 488 5280; x_wconf 76' lang='grc' dir='ltr'><strong>σε</strong></span> <span class='ocrx_word' id='word_1_468' title='bbox 511 5225 583 5279; x_wconf 74' lang='grc' dir='ltr'><strong>ἐν</strong></span> <span class='ocrx_word' id='word_1_469' title='bbox 606 5221 830 5290; x_wconf 77' lang='grc' dir='ltr'>πάσαις</span> <span class='ocrx_word' id='word_1_470' title='bbox 851 5221 980 5289; x_wconf 80' lang='grc' dir='ltr'>ταῖς</span> <span class='ocrx_word' id='word_1_471' title='bbox 1004 5220 1165 5288; x_wconf 82' lang='grc' dir='ltr'>ὁδοῖς</span> <span class='ocrx_word' id='word_1_472' title='bbox 1207 5234 1345 5275; x_wconf 87' lang='grc' dir='ltr'>σου.</span> <span class='ocrx_word' id='word_1_473' title='bbox 1385 5218 1442 5272; x_wconf 87' lang='grc'><strong>’0</strong></span> <span class='ocrx_word' id='word_1_474' title='bbox 1491 5219 1550 5273; x_wconf 82' lang='grc' dir='ltr'>ὲν</span> <span class='ocrx_word' id='word_1_475' title='bbox 1585 5217 1775 5291; x_wconf 74' lang='grc' dir='ltr'>μηδενὶ</span> 
     </span>
    </p>
   </div>
   <div class='ocr_carea' id='block_1_70' title="bbox 213 5307 1775 5385">
    <p class='ocr_par' dir='ltr' id='par_1_70' title="bbox 213 5307 1775 5385">
     <span class='ocr_line' id='line_1_70' title="bbox 213 5307 1775 5385; baseline -0.005 -17"><span class='ocrx_word' id='word_1_476' title='bbox 213 5317 436 5382; x_wconf 84' lang='grc' dir='ltr'>πταίων,</span> <span class='ocrx_word' id='word_1_477' title='bbox 475 5307 634 5380; x_wconf 70' lang='grc' dir='ltr'>οὗτος</span> <span class='ocrx_word' id='word_1_478' title='bbox 688 5312 1106 5385; x_wconf 74' lang='grc' dir='ltr'>διαφυλάσσεται</span> <span class='ocrx_word' id='word_1_479' title='bbox 1139 5312 1197 5364; x_wconf 81' lang='grc' dir='ltr'>ὲν</span> <span class='ocrx_word' id='word_1_480' title='bbox 1230 5310 1431 5373; x_wconf 74' lang='grc' dir='ltr'>πάσαις</span> <span class='ocrx_word' id='word_1_481' title='bbox 1471 5311 1589 5372; x_wconf 81' lang='grc' dir='ltr'>ταῖς</span> <span class='ocrx_word' id='word_1_482' title='bbox 1637 5308 1775 5370; x_wconf 83' lang='grc' dir='ltr'>ὁδοῖς</span> 
     </span>
    </p>
   </div>
   <div class='ocr_carea' id='block_1_71' title="bbox 211 5407 392 5465">
    <p class='ocr_par' dir='ltr' id='par_1_71' title="bbox 211 5407 392 5465">
     <span class='ocr_line' id='line_1_71' title="bbox 211 5407 392 5465; baseline 0.011 -4"><span class='ocrx_word' id='word_1_483' title='bbox 211 5407 392 5465; x_wconf 80' lang='grc' dir='ltr'>αὑτοῦ.</span> 
     </span>
    </p>
   </div>
   <div class='ocr_carea' id='block_1_72' title="bbox 274 5493 1776 5569">
    <p class='ocr_par' dir='ltr' id='par_1_72' title="bbox 274 5493 1776 5569">
     <span class='ocr_line' id='line_1_72' title="bbox 274 5493 1776 5569; baseline -0.007 -13"><span class='ocrx_word' id='word_1_484' title='bbox 274 5499 523 5569; x_wconf 64' lang='grc' dir='ltr'>Μήποτε</span> <span class='ocrx_word' id='word_1_485' title='bbox 550 5498 911 5568; x_wconf 68' lang='grc' dir='ltr'>προσκόψῃς</span> <span class='ocrx_word' id='word_1_486' title='bbox 941 5495 1090 5566; x_wconf 74' lang='grc' dir='ltr'>πρὸς</span> <span class='ocrx_word' id='word_1_487' title='bbox 1116 5496 1292 5551; x_wconf 73' lang='grc' dir='ltr'>λίθον</span> <span class='ocrx_word' id='word_1_488' title='bbox 1322 5495 1427 5549; x_wconf 73' lang='grc' dir='ltr'>τὸν</span> <span class='ocrx_word' id='word_1_489' title='bbox 1456 5493 1610 5547; x_wconf 78' lang='grc' dir='ltr'>πόδα</span> <span class='ocrx_word' id='word_1_490' title='bbox 1637 5507 1776 5547; x_wconf 89' lang='grc' dir='ltr'>σου.</span> 
     </span>
    </p>
   </div>
   <div class='ocr_carea' id='block_1_73' title="bbox 226 5582 1778 5663">
    <p class='ocr_par' dir='ltr' id='par_1_73' title="bbox 226 5582 1778 5663">
     <span class='ocr_line' id='line_1_73' title="bbox 226 5582 1778 5663; baseline -0.008 -17"><span class='ocrx_word' id='word_1_491' title='bbox 226 5590 282 5646; x_wconf 84' lang='lat'><strong>&#39;0</strong></span> <span class='ocrx_word' id='word_1_492' title='bbox 330 5589 467 5656; x_wconf 78' lang='grc' dir='ltr'>ποῦς</span> <span class='ocrx_word' id='word_1_493' title='bbox 505 5590 605 5663; x_wconf 68' lang='grc' dir='ltr'>μιν</span> <span class='ocrx_word' id='word_1_494' title='bbox 633 5589 731 5661; x_wconf 82' lang='grc' dir='ltr'>τὴν</span> <span class='ocrx_word' id='word_1_495' title='bbox 754 5587 933 5660; x_wconf 77' lang='grc' dir='ltr'>ψυχὴν</span> <span class='ocrx_word' id='word_1_496' title='bbox 962 5584 1256 5659; x_wconf 77' lang='grc' dir='ltr'>σημαίνει,</span> <span class='ocrx_word' id='word_1_497' title='bbox 1306 5587 1336 5638; x_wconf 86' lang='grc' dir='ltr'><strong>ό</strong></span> <span class='ocrx_word' id='word_1_498' title='bbox 1378 5583 1436 5638; x_wconf 76' lang='grc' dir='ltr'>δὲ</span> <span class='ocrx_word' id='word_1_499' title='bbox 1486 5582 1632 5647; x_wconf 79' lang='grc' dir='ltr'>λίθος</span> <span class='ocrx_word' id='word_1_500' title='bbox 1680 5582 1778 5653; x_wconf 74' lang='grc' dir='ltr'><strong>τὴν</strong></span> 
     </span>
    </p>
   </div>
   <div class='ocr_carea' id='block_1_74' title="bbox 220 5684 509 5756">
    <p class='ocr_par' dir='ltr' id='par_1_74' title="bbox 220 5684 509 5756">
     <span class='ocr_line' id='line_1_74' title="bbox 220 5684 509 5756; baseline 0 -17"><span class='ocrx_word' id='word_1_501' title='bbox 220 5684 509 5756; x_wconf 64' lang='grc' dir='ltr'>ἁμαρτίαν.</span> 
     </span>
    </p>
   </div>
   <div class='ocr_carea' id='block_1_75' title="bbox 281 5852 1464 5927">
    <p class='ocr_par' dir='ltr' id='par_1_75' title="bbox 281 5852 1464 5927">
     <span class='ocr_line' id='line_1_75' title="bbox 281 5852 1464 5927; baseline -0.007 -10"><span class='ocrx_word' id='word_1_502' title='bbox 281 5863 319 5894; x_wconf 82' lang='grc'><strong>⁶¹</strong></span> <span class='ocrx_word' id='word_1_503' title='bbox 359 5859 501 5918; x_wconf 82' lang='lat' dir='ltr'><strong>Psal.</strong></span> <span class='ocrx_word' id='word_1_504' title='bbox 541 5874 750 5927; x_wconf 68' lang='lat' dir='ltr'><strong>xxxut,</strong></span> <span class='ocrx_word' id='word_1_505' title='bbox 772 5858 827 5915; x_wconf 86' lang='lat'><strong>8.</strong></span> <span class='ocrx_word' id='word_1_506' title='bbox 900 5859 942 5891; x_wconf 79' lang='lat'>“</span> <span class='ocrx_word' id='word_1_507' title='bbox 972 5854 1107 5914; x_wconf 82' lang='lat' dir='ltr'><strong>Cen.</strong></span> <span class='ocrx_word' id='word_1_508' title='bbox 1140 5872 1327 5920; x_wconf 73' lang='lat' dir='ltr'><strong>xum,</strong></span> <span class='ocrx_word' id='word_1_509' title='bbox 1379 5852 1464 5911; x_wconf 66' lang='lat'><strong>£6.</strong></span> 
     </span>
    </p>
   </div>
   <div class='ocr_carea' id='block_1_76' title="bbox 1846 2042 2343 2113">
    <p class='ocr_par' dir='ltr' id='par_1_76' title="bbox 1846 2042 2343 2113">
     <span class='ocr_line' id='line_1_76' title="bbox 1846 2042 2343 2113; baseline -0.004 -15"><span class='ocrx_word' id='word_1_510' title='bbox 1846 2043 1925 2098; x_wconf 80' lang='lat' dir='ltr'><strong>ait</strong></span> <span class='ocrx_word' id='word_1_511' title='bbox 1950 2042 2178 2113; x_wconf 65' lang='lat' dir='ltr'><strong>pigritia:</strong></span> <span class='ocrx_word' id='word_1_512' title='bbox 2202 2057 2343 2098; x_wconf 82' lang='lat' dir='ltr'><strong>esse.</strong></span> 
     </span>
    </p>
   </div>
   <div class='ocr_carea' id='block_1_77' title="bbox 1923 2214 3416 2282">
    <p class='ocr_par' dir='ltr' id='par_1_77' title="bbox 1923 2214 3416 2282">
     <span class='ocr_line' id='line_1_77' title="bbox 1923 2214 3416 2282; baseline -0.002 -10"><span class='ocrx_word' id='word_1_513' title='bbox 1923 2218 1975 2272; x_wconf 86' lang='lat'><strong>7.</strong></span> <span class='ocrx_word' id='word_1_514' title='bbox 2020 2216 2223 2273; x_wconf 79' lang='lat' dir='ltr'><strong>Cadent</strong></span> <span class='ocrx_word' id='word_1_515' title='bbox 2250 2234 2282 2271; x_wconf 93' lang='lat' dir='ltr'><strong>a</strong></span> <span class='ocrx_word' id='word_1_516' title='bbox 2305 2216 2471 2272; x_wconf 88' lang='lat' dir='ltr'><strong>latere</strong></span> <span class='ocrx_word' id='word_1_517' title='bbox 2505 2229 2595 2273; x_wconf 89' lang='lat' dir='ltr'><strong>tuo</strong></span> <span class='ocrx_word' id='word_1_518' title='bbox 2622 2216 2785 2282; x_wconf 82' lang='lat' dir='ltr'><strong>mille,</strong></span> <span class='ocrx_word' id='word_1_519' title='bbox 2805 2225 2913 2273; x_wconf 89' lang='lat' dir='ltr'><strong>etc.</strong></span> <span class='ocrx_word' id='word_1_520' title='bbox 2940 2214 3107 2272; x_wconf 87' lang='lat' dir='ltr'><strong>Latus</strong></span> <span class='ocrx_word' id='word_1_521' title='bbox 3134 2215 3416 2271; x_wconf 85' lang='lat' dir='ltr'><strong>sinistrum</strong></span> 
     </span>
    </p>
   </div>
   <div class='ocr_carea' id='block_1_78' title="bbox 1848 2309 3418 2383">
    <p class='ocr_par' dir='ltr' id='par_1_78' title="bbox 1848 2309 3418 2383">
     <span class='ocr_line' id='line_1_78' title="bbox 1848 2309 3418 2383; baseline -0.003 -15"><span class='ocrx_word' id='word_1_522' title='bbox 1848 2311 2206 2383; x_wconf 72' lang='lat' dir='ltr'><strong>signiﬁcatur,</strong></span> <span class='ocrx_word' id='word_1_523' title='bbox 2232 2311 2427 2366; x_wconf 87' lang='lat' dir='ltr'><strong>merito</strong></span> <span class='ocrx_word' id='word_1_524' title='bbox 2470 2311 2712 2381; x_wconf 78' lang='lat' dir='ltr'><strong>quidem.</strong></span> <span class='ocrx_word' id='word_1_525' title='bbox 2744 2309 2883 2366; x_wconf 81' lang='lat' dir='ltr'><strong>Huic</strong></span> <span class='ocrx_word' id='word_1_526' title='bbox 2907 2326 3035 2367; x_wconf 77' lang='lat' dir='ltr'><strong>vero</strong></span> <span class='ocrx_word' id='word_1_527' title='bbox 3062 2310 3215 2365; x_wconf 83' lang='lat' dir='ltr'><strong>lateri</strong></span> <span class='ocrx_word' id='word_1_528' title='bbox 3250 2310 3418 2364; x_wconf 84' lang='lat' dir='ltr'><strong>millia</strong></span> 
     </span>
    </p>
   </div>
   <div class='ocr_carea' id='block_1_79' title="bbox 1848 2400 3421 2459">
    <p class='ocr_par' dir='ltr' id='par_1_79' title="bbox 1848 2400 3421 2459">
     <span class='ocr_line' id='line_1_79' title="bbox 1848 2400 3421 2459; baseline -0.001 -2"><span class='ocrx_word' id='word_1_529' title='bbox 1848 2403 2097 2459; x_wconf 89' lang='lat' dir='ltr'><strong>insidiari</strong></span> <span class='ocrx_word' id='word_1_530' title='bbox 2120 2403 2195 2457; x_wconf 87' lang='lat' dir='ltr'><strong>ait</strong></span> <span class='ocrx_word' id='word_1_531' title='bbox 2226 2421 2241 2457; x_wconf 90' lang='lat'><strong>:</strong></span> <span class='ocrx_word' id='word_1_532' title='bbox 2272 2402 2480 2459; x_wconf 81' lang='lat' dir='ltr'><strong>dextris</strong></span> <span class='ocrx_word' id='word_1_533' title='bbox 2512 2411 2691 2457; x_wconf 89' lang='lat' dir='ltr'><strong>autem</strong></span> <span class='ocrx_word' id='word_1_534' title='bbox 2720 2402 2905 2457; x_wconf 90' lang='lat' dir='ltr'><strong>decem</strong></span> <span class='ocrx_word' id='word_1_535' title='bbox 2942 2400 3129 2455; x_wconf 77' lang='lat' dir='ltr'><strong>millia.</strong></span> <span class='ocrx_word' id='word_1_536' title='bbox 3160 2401 3421 2456; x_wconf 78' lang='lat' dir='ltr'><strong>Dexteras</strong></span> 
     </span>
    </p>
   </div>
   <div class='ocr_carea' id='block_1_80' title="bbox 1848 2492 3422 2566">
    <p class='ocr_par' dir='ltr' id='par_1_80' title="bbox 1848 2492 3422 2566">
     <span class='ocr_line' id='line_1_80' title="bbox 1848 2492 3422 2566; baseline -0.003 -16"><span class='ocrx_word' id='word_1_537' title='bbox 1848 2495 2048 2566; x_wconf 91' lang='lat' dir='ltr'><strong>quippe</strong></span> <span class='ocrx_word' id='word_1_538' title='bbox 2077 2496 2317 2550; x_wconf 84' lang='lat' dir='ltr'><strong>actiones</strong></span> <span class='ocrx_word' id='word_1_539' title='bbox 2342 2503 2580 2559; x_wconf 88' lang='lat' dir='ltr'><strong>nostras,</strong></span> <span class='ocrx_word' id='word_1_540' title='bbox 2609 2505 2663 2550; x_wconf 88' lang='lat' dir='ltr'><strong>et</strong></span> <span class='ocrx_word' id='word_1_541' title='bbox 2694 2494 2961 2549; x_wconf 77' lang='lat' dir='ltr'><strong>virtutum</strong></span> <span class='ocrx_word' id='word_1_542' title='bbox 2997 2502 3145 2564; x_wconf 82' lang='lat' dir='ltr'><strong>gesta</strong></span> <span class='ocrx_word' id='word_1_543' title='bbox 3174 2492 3245 2546; x_wconf 74' lang='lat' dir='ltr'><strong>im</strong></span> <span class='ocrx_word' id='word_1_544' title='bbox 3261 2493 3333 2546; x_wconf 87' lang='lat' dir='ltr'><strong>tia</strong></span> <span class='ocrx_word' id='word_1_545' title='bbox 3357 2509 3422 2547; x_wconf 88' lang='lat' dir='ltr'><strong>ae</strong></span> 
     </span>
    </p>
   </div>
   <div class='ocr_carea' id='block_1_81' title="bbox 1850 2584 3418 2656">
    <p class='ocr_par' dir='ltr' id='par_1_81' title="bbox 1850 2584 3418 2656">
     <span class='ocr_line' id='line_1_81' title="bbox 1850 2584 3418 2656; baseline -0.003 -15"><span class='ocrx_word' id='word_1_546' title='bbox 1850 2586 2185 2641; x_wconf 83' lang='lat' dir='ltr'><strong>mirabiliora</strong></span> <span class='ocrx_word' id='word_1_547' title='bbox 2220 2626 2237 2650; x_wconf 90' lang='lat'><strong>,</strong></span> <span class='ocrx_word' id='word_1_548' title='bbox 2294 2585 2584 2640; x_wconf 82' lang='lat' dir='ltr'><strong>multitudo</strong></span> <span class='ocrx_word' id='word_1_549' title='bbox 2652 2584 3013 2656; x_wconf 79' lang='lat' dir='ltr'><strong>malignarum</strong></span> <span class='ocrx_word' id='word_1_550' title='bbox 3093 2592 3418 2654; x_wconf 77' lang='lat' dir='ltr'><strong>potestatqu</strong></span> 
     </span>
    </p>
   </div>
   <div class='ocr_carea' id='block_1_82' title="bbox 1849 2681 2410 2734">
    <p class='ocr_par' dir='ltr' id='par_1_82' title="bbox 1849 2681 2410 2734">
     <span class='ocr_line' id='line_1_82' title="bbox 1849 2681 2410 2734; baseline -0.009 0"><span class='ocrx_word' id='word_1_551' title='bbox 1849 2686 2092 2734; x_wconf 83' lang='lat' dir='ltr'><strong>evertere</strong></span> <span class='ocrx_word' id='word_1_552' title='bbox 2122 2681 2410 2731; x_wconf 86' lang='lat' dir='ltr'><strong>conantur.</strong></span> 
     </span>
    </p>
   </div>
   <div class='ocr_carea' id='block_1_83' title="bbox 1924 2846 3425 2910">
    <p class='ocr_par' dir='ltr' id='par_1_83' title="bbox 1924 2846 3425 2910">
     <span class='ocr_line' id='line_1_83' title="bbox 1924 2846 3425 2910; baseline -0.009 1"><span class='ocrx_word' id='word_1_553' title='bbox 1924 2857 1977 2910; x_wconf 87' lang='lat'><strong>8.</strong></span> <span class='ocrx_word' id='word_1_554' title='bbox 2027 2852 2394 2909; x_wconf 78' lang='lat' dir='ltr'><strong>Verumtamen</strong></span> <span class='ocrx_word' id='word_1_555' title='bbox 2421 2848 2587 2906; x_wconf 84' lang='lat' dir='ltr'><strong>oculis</strong></span> <span class='ocrx_word' id='word_1_556' title='bbox 2617 2850 2719 2904; x_wconf 85' lang='lat' dir='ltr'><strong>tuis</strong></span> <span class='ocrx_word' id='word_1_557' title='bbox 2747 2848 3118 2904; x_wconf 75' lang='lat' dir='ltr'><strong>considerabis.</strong></span> <span class='ocrx_word' id='word_1_558' title='bbox 3147 2846 3308 2906; x_wconf 70' lang='lat' dir='ltr'><strong>Nihil.</strong></span> <span class='ocrx_word' id='word_1_559' title='bbox 3342 2846 3425 2899; x_wconf 79' lang='lat' dir='ltr'><strong>in-</strong></span> 
     </span>
    </p>
   </div>
   <div class='ocr_carea' id='block_1_84' title="bbox 1853 2936 3425 3019">
    <p class='ocr_par' dir='ltr' id='par_1_84' title="bbox 1853 2936 3425 3019">
     <span class='ocr_line' id='line_1_84' title="bbox 1853 2936 3425 3019; baseline -0.008 -17"><span class='ocrx_word' id='word_1_560' title='bbox 1853 2950 1992 3019; x_wconf 84' lang='lat' dir='ltr'><strong>quit,</strong></span> <span class='ocrx_word' id='word_1_561' title='bbox 2021 2947 2213 3001; x_wconf 64' lang='lat' dir='ltr'><strong>lzcdent</strong></span> <span class='ocrx_word' id='word_1_562' title='bbox 2243 2954 2294 2999; x_wconf 86' lang='lat' dir='ltr'><strong>te</strong></span> <span class='ocrx_word' id='word_1_563' title='bbox 2325 2942 2691 3000; x_wconf 87' lang='lat' dir='ltr'><strong>insidiatores.</strong></span> <span class='ocrx_word' id='word_1_564' title='bbox 2726 2939 3012 3013; x_wconf 79' lang='lat' dir='ltr'><strong>Continget</strong></span> <span class='ocrx_word' id='word_1_565' title='bbox 3038 2948 3216 2995; x_wconf 84' lang='lat' dir='ltr'><strong>autem</strong></span> <span class='ocrx_word' id='word_1_566' title='bbox 3238 2936 3337 2993; x_wconf 85' lang='lat' dir='ltr'><strong>tibi</strong></span> <span class='ocrx_word' id='word_1_567' title='bbox 3366 2943 3425 2992; x_wconf 90' lang='lat' dir='ltr'><strong>ut</strong></span> 
     </span>
    </p>
   </div>
   <div class='ocr_carea' id='block_1_85' title="bbox 1855 3035 2698 3109">
    <p class='ocr_par' dir='ltr' id='par_1_85' title="bbox 1855 3035 2698 3109">
     <span class='ocr_line' id='line_1_85' title="bbox 1855 3035 2698 3109; baseline -0.005 -16"><span class='ocrx_word' id='word_1_568' title='bbox 1855 3039 2037 3109; x_wconf 89' lang='lat' dir='ltr'><strong>lapsos</strong></span> <span class='ocrx_word' id='word_1_569' title='bbox 2064 3037 2247 3092; x_wconf 80' lang='lat' dir='ltr'><strong>videas</strong></span> <span class='ocrx_word' id='word_1_570' title='bbox 2278 3035 2528 3090; x_wconf 87' lang='lat' dir='ltr'><strong>inimicos</strong></span> <span class='ocrx_word' id='word_1_571' title='bbox 2556 3042 2698 3089; x_wconf 87' lang='lat' dir='ltr'><strong>tuos.</strong></span> 
     </span>
    </p>
   </div>
   <div class='ocr_carea' id='block_1_86' title="bbox 1925 3121 3427 3195">
    <p class='ocr_par' dir='ltr' id='par_1_86' title="bbox 1925 3121 3427 3195">
     <span class='ocr_line' id='line_1_86' title="bbox 1925 3121 3427 3195; baseline -0.005 -10"><span class='ocrx_word' id='word_1_572' title='bbox 1925 3131 1979 3187; x_wconf 91' lang='lat'><strong>9.</strong></span> <span class='ocrx_word' id='word_1_573' title='bbox 2019 3129 2349 3183; x_wconf 80' lang='lat' dir='ltr'><strong>Altissimum</strong></span> <span class='ocrx_word' id='word_1_574' title='bbox 2403 3127 2627 3195; x_wconf 89' lang='lat' dir='ltr'><strong>posuisti</strong></span> <span class='ocrx_word' id='word_1_575' title='bbox 2664 3125 2924 3195; x_wconf 77' lang='lat' dir='ltr'><strong>refugium</strong></span> <span class='ocrx_word' id='word_1_576' title='bbox 2962 3135 3128 3178; x_wconf 85' lang='lat' dir='ltr'><strong>tuum.</strong></span> <span class='ocrx_word' id='word_1_577' title='bbox 3192 3121 3427 3193; x_wconf 86' lang='lat' dir='ltr'><strong>Spiritus</strong></span> 
     </span>
    </p>
   </div>
   <div class='ocr_carea' id='block_1_87' title="bbox 1858 3215 3428 3292">
    <p class='ocr_par' dir='ltr' id='par_1_87' title="bbox 1858 3215 3428 3292">
     <span class='ocr_line' id='line_1_87' title="bbox 1858 3215 3428 3292; baseline -0.003 -17"><span class='ocrx_word' id='word_1_578' title='bbox 1858 3222 2202 3292; x_wconf 85' lang='lat' dir='ltr'><strong>propheticus</strong></span> <span class='ocrx_word' id='word_1_579' title='bbox 2250 3218 2493 3274; x_wconf 76' lang='lat' dir='ltr'><strong>vicissim</strong></span> <span class='ocrx_word' id='word_1_580' title='bbox 2545 3216 2842 3288; x_wconf 86' lang='lat' dir='ltr'><strong>alloquitur</strong></span> <span class='ocrx_word' id='word_1_581' title='bbox 2873 3216 3123 3286; x_wconf 89' lang='lat' dir='ltr'><strong>spiritum</strong></span> <span class='ocrx_word' id='word_1_582' title='bbox 3188 3215 3428 3271; x_wconf 77' lang='lat' dir='ltr'><strong>hominis</strong></span> 
     </span>
    </p>
   </div>
   <div class='ocr_carea' id='block_1_88' title="bbox 1780 3289 3350 3382">
    <p class='ocr_par' dir='ltr' id='par_1_88' title="bbox 1780 3289 3350 3382">
     <span class='ocr_line' id='line_1_88' title="bbox 1780 3289 3350 3382; baseline -0.004 -13"><span class='ocrx_word' id='word_1_583' title='bbox 1780 3289 1823 3347; x_wconf 65' lang='grc' dir='ltr'><strong>δ</strong></span> <span class='ocrx_word' id='word_1_584' title='bbox 2000 3313 2202 3368; x_wconf 84' lang='lat' dir='ltr'><strong>docens</strong></span> <span class='ocrx_word' id='word_1_585' title='bbox 2223 3320 2486 3382; x_wconf 82' lang='lat' dir='ltr'><strong>quantum</strong></span> <span class='ocrx_word' id='word_1_586' title='bbox 2521 3310 2593 3366; x_wconf 89' lang='lat' dir='ltr'><strong>sit</strong></span> <span class='ocrx_word' id='word_1_587' title='bbox 2620 3312 2734 3381; x_wconf 86' lang='lat' dir='ltr'><strong>spei</strong></span> <span class='ocrx_word' id='word_1_588' title='bbox 2763 3324 2890 3381; x_wconf 79' lang='lat' dir='ltr'><strong>erga</strong></span> <span class='ocrx_word' id='word_1_589' title='bbox 2925 3309 3091 3363; x_wconf 89' lang='lat' dir='ltr'><strong>Deum</strong></span> <span class='ocrx_word' id='word_1_590' title='bbox 3119 3308 3350 3363; x_wconf 86' lang='lat' dir='ltr'><strong>lucrum.</strong></span> 
     </span>
    </p>
   </div>
   <div class='ocr_carea' id='block_1_89' title="bbox 1930 3397 3427 3462">
    <p class='ocr_par' dir='ltr' id='par_1_89' title="bbox 1930 3397 3427 3462">
     <span class='ocr_line' id='line_1_89' title="bbox 1930 3397 3427 3462; baseline -0.006 0"><span class='ocrx_word' id='word_1_591' title='bbox 1930 3406 2016 3462; x_wconf 81' lang='lat' dir='ltr'><strong>l0.</strong></span> <span class='ocrx_word' id='word_1_592' title='bbox 2050 3402 2170 3458; x_wconf 80' lang='lat' dir='ltr'><strong>Non</strong></span> <span class='ocrx_word' id='word_1_593' title='bbox 2194 3401 2435 3459; x_wconf 73' lang='lat' dir='ltr'><strong>accedent</strong></span> <span class='ocrx_word' id='word_1_594' title='bbox 2467 3400 2536 3456; x_wconf 86' lang='lat' dir='ltr'><strong>ad</strong></span> <span class='ocrx_word' id='word_1_595' title='bbox 2572 3410 2622 3454; x_wconf 87' lang='lat' dir='ltr'><strong>te</strong></span> <span class='ocrx_word' id='word_1_596' title='bbox 2658 3400 2823 3455; x_wconf 85' lang='lat' dir='ltr'><strong>mala.</strong></span> <span class='ocrx_word' id='word_1_597' title='bbox 2880 3397 3018 3454; x_wconf 87' lang='lat' dir='ltr'><strong>Nam</strong></span> <span class='ocrx_word' id='word_1_598' title='bbox 3074 3400 3201 3454; x_wconf 89' lang='lat' dir='ltr'><strong>mali</strong></span> <span class='ocrx_word' id='word_1_599' title='bbox 3233 3408 3427 3454; x_wconf 90' lang='lat' dir='ltr'><strong>natura</strong></span> 
     </span>
    </p>
   </div>
   <div class='ocr_carea' id='block_1_90' title="bbox 1856 3490 3427 3558">
    <p class='ocr_par' dir='ltr' id='par_1_90' title="bbox 1856 3490 3427 3558">
     <span class='ocr_line' id='line_1_90' title="bbox 1856 3490 3427 3558; baseline -0.005 -6"><span class='ocrx_word' id='word_1_600' title='bbox 1856 3499 2199 3552; x_wconf 85' lang='lat' dir='ltr'><strong>extrinsecus</strong></span> <span class='ocrx_word' id='word_1_601' title='bbox 2237 3493 2476 3558; x_wconf 79' lang='lat' dir='ltr'><strong>advenit,</strong></span> <span class='ocrx_word' id='word_1_602' title='bbox 2503 3507 2627 3547; x_wconf 87' lang='lat' dir='ltr'><strong>cum</strong></span> <span class='ocrx_word' id='word_1_603' title='bbox 2652 3500 2841 3547; x_wconf 85' lang='lat' dir='ltr'><strong>contra</strong></span> <span class='ocrx_word' id='word_1_604' title='bbox 2866 3490 3039 3547; x_wconf 81' lang='lat' dir='ltr'><strong>virtus</strong></span> <span class='ocrx_word' id='word_1_605' title='bbox 3074 3490 3427 3545; x_wconf 88' lang='lat' dir='ltr'><strong>intrinsecam</strong></span> 
     </span>
    </p>
   </div>
   <div class='ocr_carea' id='block_1_91' title="bbox 1859 3584 3427 3645">
    <p class='ocr_par' dir='ltr' id='par_1_91' title="bbox 1859 3584 3427 3645">
     <span class='ocr_line' id='line_1_91' title="bbox 1859 3584 3427 3645; baseline -0.005 0"><span class='ocrx_word' id='word_1_606' title='bbox 1859 3590 2315 3645; x_wconf 87' lang='lat' dir='ltr'><strong>habeatcausam.</strong></span> <span class='ocrx_word' id='word_1_607' title='bbox 2346 3584 2480 3640; x_wconf 78' lang='lat' dir='ltr'><strong>Nam</strong></span> <span class='ocrx_word' id='word_1_608' title='bbox 2530 3584 2673 3641; x_wconf 82' lang='lat' dir='ltr'><strong>Deus</strong></span> <span class='ocrx_word' id='word_1_609' title='bbox 2725 3584 2851 3641; x_wconf 79' lang='lat' dir='ltr'><strong>fecit</strong></span> <span class='ocrx_word' id='word_1_610' title='bbox 2890 3584 3165 3639; x_wconf 86' lang='lat' dir='ltr'><strong>hominem</strong></span> <span class='ocrx_word' id='word_1_611' title='bbox 3198 3592 3427 3645; x_wconf 86' lang='lat' dir='ltr'><strong>rectum,</strong></span> 
     </span>
    </p>
   </div>
   <div class='ocr_carea' id='block_1_92' title="bbox 1861 3677 3429 3755">
    <p class='ocr_par' dir='ltr' id='par_1_92' title="bbox 1861 3677 3429 3755">
     <span class='ocr_line' id='line_1_92' title="bbox 1861 3677 3429 3755; baseline -0.004 -17"><span class='ocrx_word' id='word_1_612' title='bbox 1861 3685 1954 3755; x_wconf 86' lang='lat' dir='ltr'><strong>qui</strong></span> <span class='ocrx_word' id='word_1_613' title='bbox 2010 3696 2263 3753; x_wconf 76' lang='lat' dir='ltr'><strong>quzerens</strong></span> <span class='ocrx_word' id='word_1_614' title='bbox 2312 3679 2665 3750; x_wconf 76' lang='lat' dir='ltr'><strong>cogitationes</strong></span> <span class='ocrx_word' id='word_1_615' title='bbox 2722 3678 2915 3745; x_wconf 87' lang='lat' dir='ltr'><strong>malas,</strong></span> <span class='ocrx_word' id='word_1_616' title='bbox 2959 3678 3298 3734; x_wconf 88' lang='lat' dir='ltr'><strong>extrinsecus</strong></span> <span class='ocrx_word' id='word_1_617' title='bbox 3325 3677 3429 3733; x_wconf 84' lang='lat' dir='ltr'><strong>sibi</strong></span> 
     </span>
    </p>
   </div>
   <div class='ocr_carea' id='block_1_93' title="bbox 1863 3768 3429 3839">
    <p class='ocr_par' dir='ltr' id='par_1_93' title="bbox 1863 3768 3429 3839">
     <span class='ocr_line' id='line_1_93' title="bbox 1863 3768 3429 3839; baseline -0.004 -11"><span class='ocrx_word' id='word_1_618' title='bbox 1863 3775 2121 3829; x_wconf 86' lang='lat' dir='ltr'><strong>malitiam</strong></span> <span class='ocrx_word' id='word_1_619' title='bbox 2180 3771 2419 3825; x_wconf 86' lang='lat' dir='ltr'><strong>attraxit.</strong></span> <span class='ocrx_word' id='word_1_620' title='bbox 2461 3768 2532 3822; x_wconf 88' lang='lat' dir='ltr'><strong>Et</strong></span> <span class='ocrx_word' id='word_1_621' title='bbox 2573 3768 2841 3839; x_wconf 83' lang='lat' dir='ltr'><strong>ﬂagellum</strong></span> <span class='ocrx_word' id='word_1_622' title='bbox 2887 3784 2989 3822; x_wconf 90' lang='lat' dir='ltr'><strong>non</strong></span> <span class='ocrx_word' id='word_1_623' title='bbox 3036 3770 3429 3838; x_wconf 80' lang='lat' dir='ltr'><strong>appropinqua-</strong></span> 
     </span>
    </p>
   </div>
   <div class='ocr_carea' id='block_1_94' title="bbox 1864 3855 3432 3929">
    <p class='ocr_par' dir='ltr' id='par_1_94' title="bbox 1864 3855 3432 3929">
     <span class='ocr_line' id='line_1_94' title="bbox 1864 3855 3432 3929; baseline -0.005 -12"><span class='ocrx_word' id='word_1_624' title='bbox 1864 3864 1935 3918; x_wconf 82' lang='lat' dir='ltr'><strong>bit</strong></span> <span class='ocrx_word' id='word_1_625' title='bbox 1972 3861 2309 3917; x_wconf 85' lang='lat' dir='ltr'><strong>tabernaculo</strong></span> <span class='ocrx_word' id='word_1_626' title='bbox 2339 3872 2450 3916; x_wconf 87' lang='lat' dir='ltr'><strong>tuo.</strong></span> <span class='ocrx_word' id='word_1_627' title='bbox 2482 3859 2766 3916; x_wconf 80' lang='lat' dir='ltr'><strong>Conﬁdcre</strong></span> <span class='ocrx_word' id='word_1_628' title='bbox 2794 3858 2949 3929; x_wconf 85' lang='lat' dir='ltr'><strong>jubet</strong></span> <span class='ocrx_word' id='word_1_629' title='bbox 2973 3873 3089 3919; x_wconf 86' lang='lat' dir='ltr'><strong>cos,</strong></span> <span class='ocrx_word' id='word_1_630' title='bbox 3131 3855 3275 3926; x_wconf 89' lang='lat' dir='ltr'><strong>quod</strong></span> <span class='ocrx_word' id='word_1_631' title='bbox 3298 3856 3432 3909; x_wconf 88' lang='lat' dir='ltr'><strong>nihil</strong></span> 
     </span>
    </p>
   </div>
   <div class='ocr_carea' id='block_1_95' title="bbox 1865 3950 3434 4026">
    <p class='ocr_par' dir='ltr' id='par_1_95' title="bbox 1865 3950 3434 4026">
     <span class='ocr_line' id='line_1_95' title="bbox 1865 3950 3434 4026; baseline -0.004 -17"><span class='ocrx_word' id='word_1_632' title='bbox 1865 3957 2135 4026; x_wconf 83' lang='lat' dir='ltr'><strong>ingratum</strong></span> <span class='ocrx_word' id='word_1_633' title='bbox 2167 3954 2397 4021; x_wconf 86' lang='lat' dir='ltr'><strong>accidat,</strong></span> <span class='ocrx_word' id='word_1_634' title='bbox 2432 3962 2618 4024; x_wconf 85' lang='lat' dir='ltr'><strong>utpote</strong></span> <span class='ocrx_word' id='word_1_635' title='bbox 2645 3952 2740 4023; x_wconf 90' lang='lat' dir='ltr'><strong>qui</strong></span> <span class='ocrx_word' id='word_1_636' title='bbox 2783 3951 2967 4007; x_wconf 89' lang='lat' dir='ltr'><strong>credat</strong></span> <span class='ocrx_word' id='word_1_637' title='bbox 3014 3950 3241 4005; x_wconf 87' lang='lat' dir='ltr'><strong>missum</strong></span> <span class='ocrx_word' id='word_1_638' title='bbox 3269 3964 3434 4019; x_wconf 79' lang='lat' dir='ltr'><strong>ange-</strong></span> 
     </span>
    </p>
   </div>
   <div class='ocr_carea' id='block_1_96' title="bbox 1866 4041 3425 4114">
    <p class='ocr_par' dir='ltr' id='par_1_96' title="bbox 1866 4041 3425 4114">
     <span class='ocr_line' id='line_1_96' title="bbox 1866 4041 3425 4114; baseline -0.003 -12"><span class='ocrx_word' id='word_1_639' title='bbox 1866 4048 1978 4102; x_wconf 84' lang='lat' dir='ltr'><strong>lum</strong></span> <span class='ocrx_word' id='word_1_640' title='bbox 2013 4047 2180 4102; x_wconf 79' lang='lat' dir='ltr'><strong>fuisse</strong></span> <span class='ocrx_word' id='word_1_641' title='bbox 2206 4046 2579 4100; x_wconf 83' lang='lat' dir='ltr'><strong>auxiliatorem</strong></span> <span class='ocrx_word' id='word_1_642' title='bbox 2618 4058 2806 4099; x_wconf 88' lang='lat' dir='ltr'><strong>eorum</strong></span> <span class='ocrx_word' id='word_1_643' title='bbox 2837 4043 2931 4114; x_wconf 88' lang='lat' dir='ltr'><strong>qui</strong></span> <span class='ocrx_word' id='word_1_644' title='bbox 2979 4043 3032 4095; x_wconf 78' lang='lat' dir='ltr'><strong>in</strong></span> <span class='ocrx_word' id='word_1_645' title='bbox 3094 4041 3261 4096; x_wconf 70' lang='lat' dir='ltr'><strong>Deum</strong></span> <span class='ocrx_word' id='word_1_646' title='bbox 3311 4057 3425 4097; x_wconf 87' lang='lat' dir='ltr'><strong>cre-</strong></span> 
     </span>
    </p>
   </div>
   <div class='ocr_carea' id='block_1_97' title="bbox 1867 4139 2021 4194">
    <p class='ocr_par' dir='ltr' id='par_1_97' title="bbox 1867 4139 2021 4194">
     <span class='ocr_line' id='line_1_97' title="bbox 1867 4139 2021 4194; baseline -0.013 0"><span class='ocrx_word' id='word_1_647' title='bbox 1867 4139 2021 4194; x_wconf 88' lang='lat' dir='ltr'><strong>dunt.</strong></span> 
     </span>
    </p>
   </div>
   <div class='ocr_carea' id='block_1_98' title="bbox 1942 4223 3434 4301">
    <p class='ocr_par' dir='ltr' id='par_1_98' title="bbox 1942 4223 3434 4301">
     <span class='ocr_line' id='line_1_98' title="bbox 1942 4223 3434 4301; baseline -0.003 -17"><span class='ocrx_word' id='word_1_648' title='bbox 1942 4232 2028 4284; x_wconf 78' lang='lat' dir='ltr'><strong>ll.</strong></span> <span class='ocrx_word' id='word_1_649' title='bbox 2064 4230 2324 4296; x_wconf 83' lang='lat' dir='ltr'><strong>Quoniam</strong></span> <span class='ocrx_word' id='word_1_650' title='bbox 2355 4229 2550 4301; x_wconf 78' lang='lat' dir='ltr'><strong>angelis</strong></span> <span class='ocrx_word' id='word_1_651' title='bbox 2575 4229 2685 4283; x_wconf 85' lang='lat' dir='ltr'><strong>suis</strong></span> <span class='ocrx_word' id='word_1_652' title='bbox 2711 4226 2981 4282; x_wconf 86' lang='lat' dir='ltr'><strong>mandabit</strong></span> <span class='ocrx_word' id='word_1_653' title='bbox 3007 4226 3070 4280; x_wconf 89' lang='lat' dir='ltr'><strong>de</strong></span> <span class='ocrx_word' id='word_1_654' title='bbox 3098 4234 3163 4281; x_wconf 86' lang='lat' dir='ltr'><strong>te.</strong></span> <span class='ocrx_word' id='word_1_655' title='bbox 3195 4223 3434 4296; x_wconf 84' lang='lat' dir='ltr'><strong>ldipsum</strong></span> 
     </span>
    </p>
   </div>
   <div class='ocr_carea' id='block_1_99' title="bbox 1870 4317 3439 4393">
    <p class='ocr_par' dir='ltr' id='par_1_99' title="bbox 1870 4317 3439 4393">
     <span class='ocr_line' id='line_1_99' title="bbox 1870 4317 3439 4393; baseline -0.004 -16"><span class='ocrx_word' id='word_1_656' title='bbox 1870 4321 1924 4377; x_wconf 89' lang='lat' dir='ltr'><strong>in</strong></span> <span class='ocrx_word' id='word_1_657' title='bbox 1954 4323 2225 4378; x_wconf 90' lang='lat' dir='ltr'><strong>tricesimo</strong></span> <span class='ocrx_word' id='word_1_658' title='bbox 2258 4322 2417 4378; x_wconf 88' lang='lat' dir='ltr'><strong>tertio</strong></span> <span class='ocrx_word' id='word_1_659' title='bbox 2453 4321 2662 4393; x_wconf 85' lang='lat' dir='ltr'><strong>psalmo</strong></span> <span class='ocrx_word' id='word_1_660' title='bbox 2697 4321 2772 4375; x_wconf 85' lang='lat' dir='ltr'><strong>ait</strong></span> <span class='ocrx_word' id='word_1_661' title='bbox 2802 4340 2815 4376; x_wconf 94' lang='lat'><strong>:</strong></span> <span class='ocrx_word' id='word_1_662' title='bbox 2844 4317 3320 4375; x_wconf 82' lang='lat' dir='ltr'><strong>Castrametabilnr</strong></span> <span class='ocrx_word' id='word_1_663' title='bbox 3348 4335 3439 4372; x_wconf 89' lang='lat' dir='ltr'><strong>an-</strong></span> 
     </span>
    </p>
   </div>
   <div class='ocr_carea' id='block_1_100' title="bbox 1871 4411 3438 4486">
    <p class='ocr_par' dir='ltr' id='par_1_100' title="bbox 1871 4411 3438 4486">
     <span class='ocr_line' id='line_1_100' title="bbox 1871 4411 3438 4486; baseline -0.002 -19"><span class='ocrx_word' id='word_1_664' title='bbox 1871 4416 2015 4486; x_wconf 77' lang='lat' dir='ltr'><strong>gelus</strong></span> <span class='ocrx_word' id='word_1_665' title='bbox 2043 4414 2257 4469; x_wconf 87' lang='lat' dir='ltr'><strong>Domini</strong></span> <span class='ocrx_word' id='word_1_666' title='bbox 2288 4415 2341 4467; x_wconf 87' lang='lat' dir='ltr'><strong>in</strong></span> <span class='ocrx_word' id='word_1_667' title='bbox 2379 4414 2604 4467; x_wconf 83' lang='lat' dir='ltr'><strong>circuitu</strong></span> <span class='ocrx_word' id='word_1_668' title='bbox 2641 4413 2935 4466; x_wconf 87' lang='lat' dir='ltr'><strong>timentium</strong></span> <span class='ocrx_word' id='word_1_669' title='bbox 2985 4426 3103 4464; x_wconf 88' lang='lat' dir='ltr'><strong>eum</strong></span> <span class='ocrx_word' id='word_1_670' title='bbox 3142 4411 3207 4465; x_wconf 86' lang='grc'><strong>⁶¹.</strong></span> <span class='ocrx_word' id='word_1_671' title='bbox 3237 4411 3438 4465; x_wconf 82' lang='lat' dir='ltr'><strong>Audia-</strong></span> 
     </span>
    </p>
   </div>
   <div class='ocr_carea' id='block_1_101' title="bbox 1875 4500 3437 4573">
    <p class='ocr_par' dir='ltr' id='par_1_101' title="bbox 1875 4500 3437 4573">
     <span class='ocr_line' id='line_1_101' title="bbox 1875 4500 3437 4573; baseline -0.004 -13"><span class='ocrx_word' id='word_1_672' title='bbox 1875 4521 1994 4561; x_wconf 87' lang='lat' dir='ltr'><strong>mus</strong></span> <span class='ocrx_word' id='word_1_673' title='bbox 2028 4513 2209 4560; x_wconf 85' lang='lat' dir='ltr'><strong>autem</strong></span> <span class='ocrx_word' id='word_1_674' title='bbox 2261 4503 2623 4573; x_wconf 85' lang='lat' dir='ltr'><strong>patriarcham</strong></span> <span class='ocrx_word' id='word_1_675' title='bbox 2653 4500 2823 4557; x_wconf 71' lang='lat' dir='ltr'><strong>Iacob</strong></span> <span class='ocrx_word' id='word_1_676' title='bbox 2850 4501 3115 4556; x_wconf 88' lang='lat' dir='ltr'><strong>dicentem</strong></span> <span class='ocrx_word' id='word_1_677' title='bbox 3154 4518 3165 4553; x_wconf 95' lang='lat'>:</span> <span class='ocrx_word' id='word_1_678' title='bbox 3210 4500 3437 4571; x_wconf 75' lang='lat' dir='ltr'><strong>Angelus</strong></span> 
     </span>
    </p>
   </div>
   <div class='ocr_carea' id='block_1_102' title="bbox 1874 4589 3439 4668">
    <p class='ocr_par' dir='ltr' id='par_1_102' title="bbox 1874 4589 3439 4668">
     <span class='ocr_line' id='line_1_102' title="bbox 1874 4589 3439 4668; baseline -0.003 -19"><span class='ocrx_word' id='word_1_679' title='bbox 1874 4600 1965 4668; x_wconf 86' lang='lat' dir='ltr'><strong>qui</strong></span> <span class='ocrx_word' id='word_1_680' title='bbox 1984 4596 2179 4667; x_wconf 88' lang='lat' dir='ltr'><strong>eripuit</strong></span> <span class='ocrx_word' id='word_1_681' title='bbox 2209 4612 2289 4648; x_wconf 89' lang='lat' dir='ltr'><strong>me</strong></span> <span class='ocrx_word' id='word_1_682' title='bbox 2312 4609 2375 4649; x_wconf 76' lang='lat' dir='ltr'><strong>ea:</strong></span> <span class='ocrx_word' id='word_1_683' title='bbox 2400 4594 2641 4647; x_wconf 88' lang='lat' dir='ltr'><strong>omnibus</strong></span> <span class='ocrx_word' id='word_1_684' title='bbox 2666 4591 2822 4645; x_wconf 85' lang='lat' dir='ltr'><strong>malis</strong></span> <span class='ocrx_word' id='word_1_685' title='bbox 2859 4592 2986 4646; x_wconf 87' lang='lat' dir='ltr'><strong>meis</strong></span> <span class='ocrx_word' id='word_1_686' title='bbox 3016 4591 3081 4643; x_wconf 82' lang='lat'><strong>“.</strong></span> <span class='ocrx_word' id='word_1_687' title='bbox 3117 4589 3183 4643; x_wconf 82' lang='lat' dir='ltr'><strong>Et</strong></span> <span class='ocrx_word' id='word_1_688' title='bbox 3210 4606 3439 4660; x_wconf 81' lang='lat' dir='ltr'><strong>magnus</strong></span> 
     </span>
    </p>
   </div>
   <div class='ocr_carea' id='block_1_103' title="bbox 1874 4681 3435 4746">
    <p class='ocr_par' dir='ltr' id='par_1_103' title="bbox 1874 4681 3435 4746">
     <span class='ocr_line' id='line_1_103' title="bbox 1874 4681 3435 4746; baseline -0.006 -2"><span class='ocrx_word' id='word_1_689' title='bbox 1874 4690 2145 4746; x_wconf 81' lang='lat' dir='ltr'><strong>Abraham</strong></span> <span class='ocrx_word' id='word_1_690' title='bbox 2177 4686 2475 4743; x_wconf 89' lang='lat' dir='ltr'><strong>domestico</strong></span> <span class='ocrx_word' id='word_1_691' title='bbox 2518 4699 2617 4740; x_wconf 90' lang='lat' dir='ltr'><strong>suo</strong></span> <span class='ocrx_word' id='word_1_692' title='bbox 2679 4681 2928 4739; x_wconf 88' lang='lat' dir='ltr'><strong>liduciam</strong></span> <span class='ocrx_word' id='word_1_693' title='bbox 2979 4682 3181 4735; x_wconf 86' lang='lat' dir='ltr'><strong>addens</strong></span> <span class='ocrx_word' id='word_1_694' title='bbox 3214 4681 3392 4736; x_wconf 88' lang='lat' dir='ltr'><strong>aiebat</strong></span> <span class='ocrx_word' id='word_1_695' title='bbox 3423 4700 3435 4735; x_wconf 91' lang='lat'><strong>:</strong></span> 
     </span>
    </p>
   </div>
   <div class='ocr_carea' id='block_1_104' title="bbox 1876 4773 3440 4849">
    <p class='ocr_par' dir='ltr' id='par_1_104' title="bbox 1876 4773 3440 4849">
     <span class='ocr_line' id='line_1_104' title="bbox 1876 4773 3440 4849; baseline -0.006 -15"><span class='ocrx_word' id='word_1_696' title='bbox 1876 4779 2014 4835; x_wconf 80' lang='lat' dir='ltr'><strong>Deus</strong></span> <span class='ocrx_word' id='word_1_697' title='bbox 2038 4781 2208 4834; x_wconf 86' lang='lat' dir='ltr'><strong>mittet</strong></span> <span class='ocrx_word' id='word_1_698' title='bbox 2260 4777 2502 4849; x_wconf 81' lang='lat' dir='ltr'><strong>angelum</strong></span> <span class='ocrx_word' id='word_1_699' title='bbox 2549 4792 2702 4830; x_wconf 88' lang='lat' dir='ltr'><strong>suum</strong></span> <span class='ocrx_word' id='word_1_700' title='bbox 2748 4783 2868 4829; x_wconf 86' lang='lat' dir='ltr'><strong>ante</strong></span> <span class='ocrx_word' id='word_1_701' title='bbox 2928 4773 3118 4844; x_wconf 80' lang='lat' dir='ltr'><strong>faciem</strong></span> <span class='ocrx_word' id='word_1_702' title='bbox 3168 4782 3333 4836; x_wconf 84' lang='lat' dir='ltr'><strong>tuam,</strong></span> <span class='ocrx_word' id='word_1_703' title='bbox 3393 4783 3440 4825; x_wconf 91' lang='lat' dir='ltr'><strong>et</strong></span> 
     </span>
    </p>
   </div>
   <div class='ocr_carea' id='block_1_105' title="bbox 1875 4863 3441 4943">
    <p class='ocr_par' dir='ltr' id='par_1_105' title="bbox 1875 4863 3441 4943">
     <span class='ocr_line' id='line_1_105' title="bbox 1875 4863 3441 4943; baseline -0.007 -16"><span class='ocrx_word' id='word_1_704' title='bbox 1875 4873 2100 4943; x_wconf 82' lang='lat' dir='ltr'><strong>accipies</strong></span> <span class='ocrx_word' id='word_1_705' title='bbox 2123 4887 2340 4927; x_wconf 73' lang='lat' dir='ltr'><strong>uxorem</strong></span> <span class='ocrx_word' id='word_1_706' title='bbox 2386 4868 2546 4924; x_wconf 87' lang='lat' dir='ltr'><strong>Isaac</strong></span> <span class='ocrx_word' id='word_1_707' title='bbox 2574 4868 2688 4939; x_wconf 82' lang='lat' dir='ltr'><strong>ﬁlio</strong></span> <span class='ocrx_word' id='word_1_708' title='bbox 2716 4883 2828 4922; x_wconf 90' lang='lat' dir='ltr'><strong>meo</strong></span> <span class='ocrx_word' id='word_1_709' title='bbox 2867 4865 3053 4921; x_wconf 74' lang='lat' dir='ltr'><strong>exinde</strong></span> <span class='ocrx_word' id='word_1_710' title='bbox 3086 4865 3151 4918; x_wconf 83' lang='lat'><strong>“.</strong></span> <span class='ocrx_word' id='word_1_711' title='bbox 3187 4863 3259 4918; x_wconf 84' lang='lat' dir='ltr'><strong>Ex</strong></span> <span class='ocrx_word' id='word_1_712' title='bbox 3293 4864 3441 4918; x_wconf 90' lang='lat' dir='ltr'><strong>omni</strong></span> 
     </span>
    </p>
   </div>
   <div class='ocr_carea' id='block_1_106' title="bbox 1876 4958 3441 5039">
    <p class='ocr_par' dir='ltr' id='par_1_106' title="bbox 1876 4958 3441 5039">
     <span class='ocr_line' id='line_1_106' title="bbox 1876 4958 3441 5039; baseline -0.004 -18"><span class='ocrx_word' id='word_1_713' title='bbox 1876 4977 2027 5038; x_wconf 85' lang='lat' dir='ltr'><strong>parte</strong></span> <span class='ocrx_word' id='word_1_714' title='bbox 2077 4968 2242 5039; x_wconf 80' lang='lat' dir='ltr'><strong>igitur</strong></span> <span class='ocrx_word' id='word_1_715' title='bbox 2290 4965 2607 5033; x_wconf 87' lang='lat' dir='ltr'><strong>ediscimus,</strong></span> <span class='ocrx_word' id='word_1_716' title='bbox 2660 4963 2805 5035; x_wconf 86' lang='lat' dir='ltr'><strong>quod</strong></span> <span class='ocrx_word' id='word_1_717' title='bbox 2866 4962 3243 5017; x_wconf 69' lang='lat' dir='ltr'><strong>universorum</strong></span> <span class='ocrx_word' id='word_1_718' title='bbox 3300 4958 3441 5029; x_wconf 74' lang='lat' dir='ltr'><strong>Deus</strong></span> 
     </span>
    </p>
   </div>
   <div class='ocr_carea' id='block_1_107' title="bbox 1876 5052 3439 5130">
    <p class='ocr_par' dir='ltr' id='par_1_107' title="bbox 1876 5052 3439 5130">
     <span class='ocr_line' id='line_1_107' title="bbox 1876 5052 3439 5130; baseline -0.008 -15"><span class='ocrx_word' id='word_1_719' title='bbox 1876 5075 1972 5115; x_wconf 89' lang='lat' dir='ltr'><strong>eos</strong></span> <span class='ocrx_word' id='word_1_720' title='bbox 2003 5060 2097 5130; x_wconf 88' lang='lat' dir='ltr'><strong>qui</strong></span> <span class='ocrx_word' id='word_1_721' title='bbox 2128 5058 2357 5115; x_wconf 89' lang='lat' dir='ltr'><strong>credunt</strong></span> <span class='ocrx_word' id='word_1_722' title='bbox 2389 5058 2444 5113; x_wconf 92' lang='lat' dir='ltr'><strong>in</strong></span> <span class='ocrx_word' id='word_1_723' title='bbox 2494 5056 2671 5129; x_wconf 90' lang='lat' dir='ltr'><strong>ipsum</strong></span> <span class='ocrx_word' id='word_1_724' title='bbox 2725 5070 2821 5126; x_wconf 87' lang='lat' dir='ltr'><strong>per</strong></span> <span class='ocrx_word' id='word_1_725' title='bbox 2862 5053 3082 5124; x_wconf 76' lang='lat' dir='ltr'><strong>angelos</strong></span> <span class='ocrx_word' id='word_1_726' title='bbox 3147 5052 3439 5106; x_wconf 82' lang='lat' dir='ltr'><strong>custodiat.</strong></span> 
     </span>
    </p>
   </div>
   <div class='ocr_carea' id='block_1_108' title="bbox 1886 5142 3442 5211">
    <p class='ocr_par' dir='ltr' id='par_1_108' title="bbox 1886 5142 3442 5211">
     <span class='ocr_line' id='line_1_108' title="bbox 1886 5142 3442 5211; baseline -0.007 -5"><span class='ocrx_word' id='word_1_727' title='bbox 1886 5150 1955 5207; x_wconf 87' lang='lat' dir='ltr'><strong>Ut</strong></span> <span class='ocrx_word' id='word_1_728' title='bbox 2001 5152 2296 5207; x_wconf 84' lang='lat' dir='ltr'><strong>custodiant</strong></span> <span class='ocrx_word' id='word_1_729' title='bbox 2327 5163 2375 5207; x_wconf 84' lang='lat' dir='ltr'><strong>te</strong></span> <span class='ocrx_word' id='word_1_730' title='bbox 2421 5153 2476 5205; x_wconf 89' lang='lat' dir='ltr'><strong>in</strong></span> <span class='ocrx_word' id='word_1_731' title='bbox 2497 5148 2735 5208; x_wconf 86' lang='lat' dir='ltr'><strong>omnibus</strong></span> <span class='ocrx_word' id='word_1_732' title='bbox 2764 5148 2861 5203; x_wconf 83' lang='lat' dir='ltr'><strong>viis</strong></span> <span class='ocrx_word' id='word_1_733' title='bbox 2905 5145 3031 5201; x_wconf 87' lang='lat' dir='ltr'><strong>tuis.</strong></span> <span class='ocrx_word' id='word_1_734' title='bbox 3060 5142 3164 5211; x_wconf 85' lang='lat' dir='ltr'><strong>Qui</strong></span> <span class='ocrx_word' id='word_1_735' title='bbox 3195 5144 3247 5198; x_wconf 91' lang='lat' dir='ltr'><strong>in</strong></span> <span class='ocrx_word' id='word_1_736' title='bbox 3294 5143 3442 5198; x_wconf 91' lang='lat' dir='ltr'><strong>nullo</strong></span> 
     </span>
    </p>
   </div>
   <div class='ocr_carea' id='block_1_109' title="bbox 1880 5234 3265 5315">
    <p class='ocr_par' dir='ltr' id='par_1_109' title="bbox 1880 5234 3265 5315">
     <span class='ocr_line' id='line_1_109' title="bbox 1880 5234 3265 5315; baseline -0.008 -16"><span class='ocrx_word' id='word_1_737' title='bbox 1880 5244 2164 5315; x_wconf 88' lang='lat' dir='ltr'><strong>delinquit,</strong></span> <span class='ocrx_word' id='word_1_738' title='bbox 2196 5246 2243 5299; x_wconf 90' lang='lat' dir='ltr'><strong>is</strong></span> <span class='ocrx_word' id='word_1_739' title='bbox 2278 5244 2580 5299; x_wconf 87' lang='lat' dir='ltr'><strong>custoditur</strong></span> <span class='ocrx_word' id='word_1_740' title='bbox 2617 5242 2670 5296; x_wconf 90' lang='lat' dir='ltr'><strong>in</strong></span> <span class='ocrx_word' id='word_1_741' title='bbox 2706 5240 2959 5297; x_wconf 87' lang='lat' dir='ltr'><strong>omnibus</strong></span> <span class='ocrx_word' id='word_1_742' title='bbox 2998 5237 3098 5292; x_wconf 79' lang='lat' dir='ltr'><strong>viis</strong></span> <span class='ocrx_word' id='word_1_743' title='bbox 3130 5234 3265 5291; x_wconf 81' lang='lat' dir='ltr'><strong>suis.</strong></span> 
     </span>
    </p>
   </div>
   <div class='ocr_carea' id='block_1_110' title="bbox 1959 5491 3422 5574">
    <p class='ocr_par' dir='ltr' id='par_1_110' title="bbox 1959 5491 3422 5574">
     <span class='ocr_line' id='line_1_110' title="bbox 1959 5491 3422 5574; baseline -0.012 -13"><span class='ocrx_word' id='word_1_744' title='bbox 1959 5508 2047 5561; x_wconf 68' lang='lat'><strong>13.</strong></span> <span class='ocrx_word' id='word_1_745' title='bbox 2097 5504 2179 5558; x_wconf 81' lang='lat' dir='ltr'><strong>Ne</strong></span> <span class='ocrx_word' id='word_1_746' title='bbox 2228 5504 2361 5574; x_wconf 81' lang='lat' dir='ltr'><strong>{orte</strong></span> <span class='ocrx_word' id='word_1_747' title='bbox 2404 5498 2643 5569; x_wconf 72' lang='lat' dir='ltr'><strong>offendas</strong></span> <span class='ocrx_word' id='word_1_748' title='bbox 2695 5495 2763 5551; x_wconf 81' lang='lat' dir='ltr'><strong>ad</strong></span> <span class='ocrx_word' id='word_1_749' title='bbox 2809 5493 3037 5565; x_wconf 87' lang='lat' dir='ltr'><strong>lapidem</strong></span> <span class='ocrx_word' id='word_1_750' title='bbox 3066 5491 3241 5563; x_wconf 86' lang='lat' dir='ltr'><strong>pedem</strong></span> <span class='ocrx_word' id='word_1_751' title='bbox 3274 5499 3422 5544; x_wconf 85' lang='lat' dir='ltr'><strong>tuum</strong></span> 
     </span>
    </p>
   </div>
   <div class='ocr_carea' id='block_1_111' title="bbox 1884 5590 3059 5666">
    <p class='ocr_par' dir='ltr' id='par_1_111' title="bbox 1884 5590 3059 5666">
     <span class='ocr_line' id='line_1_111' title="bbox 1884 5590 3059 5666; baseline -0.011 -12"><span class='ocrx_word' id='word_1_752' title='bbox 1884 5599 1985 5654; x_wconf 79' lang='lat' dir='ltr'><strong>Pes</strong></span> <span class='ocrx_word' id='word_1_753' title='bbox 2015 5598 2251 5654; x_wconf 79' lang='lat' dir='ltr'><strong>animam</strong></span> <span class='ocrx_word' id='word_1_754' title='bbox 2275 5593 2564 5666; x_wconf 79' lang='lat' dir='ltr'><strong>signiﬁcat,</strong></span> <span class='ocrx_word' id='word_1_755' title='bbox 2596 5590 2733 5663; x_wconf 80' lang='lat' dir='ltr'><strong>lapis</strong></span> <span class='ocrx_word' id='word_1_756' title='bbox 2755 5598 3059 5660; x_wconf 87' lang='lat' dir='ltr'><strong>peccatum.</strong></span> 
     </span>
    </p>
   </div>
   <div class='ocr_carea' id='block_1_112' title="bbox 1542 5845 2062 5911">
    <p class='ocr_par' dir='ltr' id='par_1_112' title="bbox 1542 5845 2062 5911">
     <span class='ocr_line' id='line_1_112' title="bbox 1542 5845 2062 5911; baseline -0.015 -4"><span class='ocrx_word' id='word_1_757' title='bbox 1542 5849 1585 5882; x_wconf 76' lang='grc'><strong>⁸³</strong></span> <span class='ocrx_word' id='word_1_758' title='bbox 1640 5848 1774 5906; x_wconf 80' lang='lat' dir='ltr'><strong>Gen.</strong></span> <span class='ocrx_word' id='word_1_759' title='bbox 1815 5862 1962 5911; x_wconf 77' lang='lat' dir='ltr'><strong>xxiv,</strong></span> <span class='ocrx_word' id='word_1_760' title='bbox 2009 5845 2062 5899; x_wconf 85' lang='lat'><strong>7.</strong></span> 
     </span>
    </p>
   </div>
  </div>
