4126 6486
702 449 812 506 405

774 568 863 622 15.
886 563 1056 636 Super
1098 564 1331 635 aspidem
1360 572 1410 617 et
1458 561 1762 615 basiliscum
1791 561 2105 614 ambulabis.
2145 558 2262 615 Non
2295 567 2340 621 Α

703 658 901 720 solum,
929 656 1125 728 inquit,
1161 669 1194 708 ο
1245 655 1411 709 homo
1471 651 1587 714 Dei,
1643 651 1782 706 nihil
1825 652 1952 706 mali
2007 650 2264 720 patieris;

702 750 796 804 sed
819 748 981 803 etiam
1009 749 1181 818 ipsam
1212 747 1499 817 spirituum
1535 745 1933 800 multitudinem
1979 745 2046 799 ad
2107 745 2268 813 pedes

700 855 824 899 tuos
848 840 1110 912 dejectam
1141 838 1369 906 videbis,
1412 840 1485 894 ita
1513 848 1573 893 ut
1600 854 1722 893 cum
1761 838 1910 892 omni
1938 836 2266 893 conﬁdentia

698 949 888 990 eorum
927 933 1105 1005 capita
1138 933 1336 988 calces.

771 1027 857 1081 H.
885 1026 1150 1093 Quoniam
1185 1027 1240 1080 in
1269 1034 1349 1079 ιήε
1371 1027 1596 1095 speravit
1631 1025 1861 1079 liberabo
1900 1041 2037 1080 eum.
2055 1025 2267 1081 lnducit

699 1134 988 1190 personam
1022 1118 1113 1175 Dei
1151 1118 1552 1190 promittentem
1592 1119 1871 1189 prazmium
1905 1119 2049 1185 ﬁdei,
2078 1119 2267 1174 videli-

699 1224 785 1269 eet
811 1214 1063 1269 salutem.
1109 1213 1231 1268 Haec
1282 1215 1501 1269 demum
1560 1216 1635 1267 ait
1697 1215 2073 1268 universorum
2100 1212 2262 1279 Deus,

697 1307 900 1362 docens
931 1306 1023 1376 qui
1049 1306 1117 1362 sit
1169 1307 1280 1376 spei
1325 1306 1553 1361 fructus.
1614 1305 1878 1361 Liberabo
1923 1306 2066 1360 enim
2116 1321 2261 1372 eum,

698 1399 895 1468 inquit,
927 1413 992 1452 ex
1020 1398 1293 1467 praedictis
1323 1414 1445 1452 cum
1482 1399 1784 1453 visibilibus
1833 1407 1945 1452 tum
1981 1397 2266 1452 invisibili—

697 1491 798 1546 bus
846 1490 1274 1555 insidiatoribus,
1331 1505 1453 1544 eum
1512 1505 1605 1560 spe
1660 1490 1906 1553 vallabo;
1958 1490 2260 1544 custodiam

695 1597 843 1646 eum,
876 1583 1184 1652 loquentem
1232 1582 1448 1637 audiam
1502 1593 1556 1638 et
1607 1582 2054 1650 supplicationem
2113 1583 2262 1636 eXci-

694 1675 861 1744 piam.
880 1672 1161 1744 Protegam
1185 1691 1326 1738 eum,
1346 1675 1591 1743 quoniam
1614 1673 1848 1742 cognovit
1865 1689 2048 1725 nomen
2070 1689 2258 1726 meum.

694 1760 812 1814 Non
859 1761 1034 1814 solum
1081 1761 1149 1815 ab
1195 1762 1608 1817 insidiatoribus
1651 1776 1805 1817 meos
1842 1762 2104 1829 liberabo,
2169 1763 2261 1816 sed

693 1851 856 1904 etiam
888 1851 1339 1908 interminabilem
1364 1853 1497 1923 ipsis
1521 1854 1686 1907 vitam
1719 1854 2032 1919 concedam,
2065 1864 2119 1910 et
2140 1870 2262 1910 meo

1541 440 1597 494 S.
1641 437 2010 493 ATHANASII
2053 437 2200 493 OPP.
2236 438 2414 492 PARS
2456 436 2546 493 Ill.
2589 469 2657 479 -
2697 437 3110 495 EXEGETICA.

3844 432 3942 489 104

2449 559 2571 612 Ἐ’πί
2595 558 2824 614 ἀσπίδα
2848 558 2944 612 καὶ
2978 555 3351 622 βασιλίσκον
3367 552 3648 623 ἐπιϐήσῃ.
3684 550 3762 606 Οὐ
3785 551 3940 623 μόνον

2369 653 2542 716 οὐδὲν,
2561 655 2745 724 φησὶν,
2778 653 3069 722 ὑπομενεῖς
3090 650 3281 714 δεινὸν,
3313 643 3359 702 ὧ
3379 647 3631 720 ἄνθρωπε
3659 644 3760 699 τοῦ
3788 645 3940 710 Θεοῦ,

2370 745 2503 799 ἀλλὰ
2533 745 2626 798 καί
2655 743 2794 797 αὐτὰ
2830 742 2936 796 τῶν
2986 742 3310 813 πνευμάτων
3345 741 3414 793 τὰ
3456 737 3636 810 πλήθη
3670 737 3778 790 ὑπὸ
3818 737 3944 800 τοὺς

2370 835 2537 898 πόδας
2571 835 2702 898 τδοις
2742 833 3152 904 ἐπενηνεγμένα
3200 833 3326 894 τοὺς
3356 831 3512 894 σούς⁸
3551 829 3626 894 ὼς
3655 829 3754 882 καὶ
3807 829 3944 899 μετὰ

2369 927 2550 998 πάσης
2579 927 2764 990 ἀδείας
2789 927 2887 990 τὰς
2918 926 3096 980 αὐτῶν
3117 925 3377 994 πατήσεις
3397 921 3659 991 κεφαλάς.

2440 1023 2566 1074 Ὀτι
2582 1021 2673 1074 ἐπ’
2692 1019 2795 1089 ἐμὲ
2812 1020 3054 1088 ἤλπισε,
3071 1019 3168 1074 καί
3182 1020 3442 1087 ῥύσομαι
3461 1017 3665 1072 αὐτόν.
3683 1012 3942 1086 Εἰσφέρει

2366 1113 2425 1167 τὺ
2448 1113 2541 1166 τοῦ
2569 1113 2703 1166 Θεοῦ
2729 1113 3038 1184 πρόσωπον,
3065 1111 3253 1182 μισθὸν
3281 1109 3384 1180 τῆς
3420 1108 3653 1171 πίστεως
3683 1106 3787 1178 τὴν
3830 1123 3937 1159 σω-

2364 1207 2560 1277 τηρίαν
2608 1205 3089 1275 ἐπαγγελλόμενον.
3121 1203 3302 1257 Ταῦτα
3347 1201 3530 1256 λοιπὸν
3564 1204 3592 1254 6
3635 1201 3748 1253 τῶν
3799 1199 3936 1252 ὅλων

2365 1300 2466 1371 ἔφη
2505 1299 2656 1362 Θεὸς,
2695 1298 2956 1351 διδάσκων
2982 1295 3064 1360 τίς
3090 1296 3118 1347 6
3165 1296 3262 1366 τῆς
3295 1293 3505 1357 ἐλπίδος
3536 1292 3769 1365 καρπός.
3815 1291 3938 1344 Ῥύ-

2365 1409 2525 1462 σομαι
2551 1391 2657 1460 γὰρ
2686 1389 2866 1451 αὑτὸν,
2891 1390 3072 1458 φησὶν,
3092 1390 3156 1441 ὲκ
3185 1385 3612 1457 τῶνείρημένων
3643 1383 3862 1456 ὁρατῶν
3877 1398 3938 1436 τε

2364 1481 2456 1535 καὶ
2481 1481 2726 1551 ἀοράτων
2758 1478 3074 1544 ἐπιϐούλων,
3109 1481 3174 1549 τῇ
3208 1480 3313 1549 ἐμῇ
3336 1477 3510 1532 ἑλπίδι
3560 1476 3938 1547 φραξάμενος·

2363 1572 2448 1625 διά
2463 1571 2618 1624 τοῦτο
2644 1570 2808 1624 αὐτὸν
2834 1569 3147 1640 φρουρήσω,
3179 1570 3273 1622 καὶ
3295 1566 3584 1629 καλοῦντος
3610 1567 3938 1636 ἀκούσομαι,

2363 1665 2457 1716 καὶ
2483 1663 2579 1735 τὴν
2601 1664 2781 1733 δέησιν
2809 1662 3050 1733 δέξομαι.
3084 1661 3375 1714 Σκεπὰσω
3403 1659 3591 1713 αὐτὸν
3610 1701 3624 1722 ,
3656 1658 3748 1710 ὅτι
3789 1658 3940 1726 ἔγνω

2362 1754 2429 1806 τὸ
2454 1751 2641 1822 ὄνομὰ
2659 1771 2797 1821 μου.
2827 1751 2901 1804 Οὐ
2934 1751 3114 1822 μόνον,
3148 1749 3305 1821 φησί,
3342 1747 3450 1801 τῶν
3480 1746 3941 1801 ἐπιϐουλευόντων

2363 1845 2486 1906 τοὺς
2511 1843 2747 1914 ἐμαυτοῦ
2776 1842 3029 1913 ῥύσομαι,
3052 1841 3189 1894 ἀλλὰ
3210 1842 3319 1912 γὰρ
3343 1839 3436 1893 καὶ
3456 1840 3555 1909 τὴν
3581 1838 3938 1909 ἀτελεύτητον

697 1944 925 1998 salutari
955 1945 1147 2016 dignos
1174 1948 1404 2001 habebo.
1425 1946 1521 2001 Est
1543 1957 1721 2001 autem
1753 1948 1988 2001 salutare
2017 1957 2260 2003 nostrum

2362 1933 2542 1996 αὐτοῖς
2566 1933 2860 2004 χαρίσομαι
2892 1932 3035 2002 ζωήν
3059 1945 3073 1959 °
3109 1931 3204 1984 καὶ
3249 1929 3355 2001 μὴν
3398 1928 3490 1982 καὶ
3529 1927 3622 1982 τοῦ
3665 1929 3934 1999 σωτηρίου

693 2034 851 2090 Jesus
881 2036 1150 2104 Christus,
1171 2039 1262 2108 qui
1291 2054 1390 2095 nos
1415 2040 1481 2095 ad
1504 2056 1705 2096 novum
1738 2050 2010 2095 certamen
2030 2041 2256 2109 inducit,

689 2136 743 2181 ct
773 2126 932 2182 clIicit
960 2138 1020 2184 ut
1051 2146 1174 2184 eum
1206 2131 1298 2186 illo
1333 2147 1643 2202 regnemus.

766 2311 850 2365 l5.
879 2311 1145 2365 Clamabit
1199 2313 1267 2366 ad
1311 2328 1392 2367 me
1422 2323 1470 2368 et
1513 2331 1604 2385 ego
1644 2315 1946 2370 exaudiam.
1975 2315 2108 2370 Cum
2144 2331 2256 2369 ma-

689 2419 794 2474 gna
823 2404 1019 2459 mentis
1049 2420 1179 2460 voce
1199 2405 1516 2462 clamaverit
1561 2408 1625 2461 ad
1667 2423 1775 2470 me,
1825 2423 1913 2461 me
1963 2408 2258 2462 exaudien-

689 2506 797 2551 tem
858 2504 911 2551 et
967 2509 1296 2553 annuentem
1360 2498 1462 2567 ipsi
1533 2497 1783 2567 reperiet.
1837 2497 2061 2568 Semper
2111 2499 2254 2553 enim

689 2592 880 2644 adsum
909 2591 1007 2653 illi,
1041 2592 1094 2644 in
1127 2591 1320 2659 quavis
1347 2591 1638 2646 occasione
1668 2600 1934 2647 versetur.

763 2682 849 2735 16.
886 2682 1234 2752 Longitudine
1257 2683 1461 2737 dierum
1491 2685 1694 2754 replebo
1718 2702 1856 2750 eum,
1908 2695 1957 2739 et
1986 2687 2257 2740 ostendam

689 2771 770 2825 illi
793 2772 1027 2826 salutare
1065 2789 1248 2829 meum.
1301 2772 1551 2829 Salutare
1609 2775 1740 2830 illud
1780 2785 1862 2831 est
1910 2777 2026 2846 ipse
2077 2775 2259 2830 Domi-

689 2880 792 2918 nus
828 2872 1010 2918 noster
1029 2861 1188 2919 Jesus
1215 2865 1490 2929 Christus,
1524 2867 1616 2934 qui
1670 2881 1768 2920 nos
1829 2866 1882 2919 in
1927 2882 2126 2922 novum
2160 2883 2259 2922 sae-

687 2953 868 3006 culum
935 2953 1181 3016 induxit,
1237 2962 1292 3008 et
1343 2953 1523 3008 ell‘ccit
1579 2964 1638 3007 ut
1706 2969 1829 3008 cum
1902 2955 1995 3009 illo
2067 2973 2260 3028 regna-

687 3057 796 3186 "li."
805 3057 1048 3187 ἶλαι
1057 3131 1145 3189 US
1167 3134 1359 3188 cantici
1394 3134 1567 3188 David
1603 3135 1659 3188 in
1689 3135 1773 3188 die
1801 3134 2041 3190 Sabbati.
2073 3135 2221 3192 XCI.

1263 3287 1665 3354 Argumentum.

687 3372 1090 3439 Sabbatismus,
1138 3375 1253 3431 sive
1314 3374 1634 3441 Sabbatum,
1663 3377 1880 3433 videtur
1927 3394 2049 3435 esse
2078 3379 2258 3436 futura

757 3467 1068 3526 hmreditas.
1117 3468 1247 3538 quia
1309 3468 1525 3524 labores
1601 3470 1829 3540 hujusce
1879 3473 2002 3526 vitae
2045 3474 2262 3543 requies

751 3563 1023 3631 excipiet,
1078 3561 1236 3617 nobis
1318 3563 1542 3632 praemia
1600 3571 1786 3618 nostra
1847 3564 2258 3634 accipientibus.

753 3652 964 3708 Laudat
993 3653 1155 3723 igitur
1190 3653 1423 3708 futuram
1467 3654 1611 3708 illam
1655 3655 1921 3726 requiem.

753 3813 806 3866 2.
834 3813 1045 3867 Bonum
1069 3822 1145 3867 est
1178 3812 1418 3881 con/{teri
1472 3810 1714 3865 Domino.
1744 3812 1956 3870 Laudes
1986 3817 2256 3882 enuntiat,

681 3913 735 3959 et
767 3906 834 3961 iis
873 3905 1216 3961 celebrandis
1242 3906 1329 3959 dic
1389 3914 1654 3976 nocteque
1706 3908 2076 3963 indesinenter
2101 3926 2261 3964 vaea-

683 4009 863 4054 turum
894 4014 952 4053 se
1004 3999 1293 4069 promittit,
1341 4014 1438 4067 pro
1499 4001 1663 4070 gestis
1697 4001 1904 4057 scilicet
1960 4001 2254 4071 Unigeniti.

680 4090 886 4162 Ecquid
922 4090 1046 4147 fecit
1074 4092 1218 4146 aliud
1251 4107 1412 4163 quam
1437 4093 1582 4162 quod
1617 4095 2068 4150 resurrectionem
2101 4097 2257 4154 nobis

676 4177 925 4247 paravit?

753 4267 806 4319 5.
837 4267 920 4322 Ad
967 4268 1393 4322 annuntiandum
1443 4282 1592 4323 mane
1642 4271 2057 4327 misericordiam
2087 4284 2252 4332 tuam.

682 4355 765 4411 Ad
793 4358 1228 4414 annuntiandum
1292 4361 1532 4416 diluculo
1594 4363 2025 4420 misericordiam
2081 4374 2252 4432 tuam,

681 4458 734 4504 et
769 4448 1080 4505 ﬁrmitatem
1112 4460 1258 4506 tuam
1291 4454 1344 4507 in
1370 4464 1526 4509 nocte

752 4541 806 4597 4.
835 4541 902 4595 1η
933 4542 1258 4597 decachordo
1290 4545 1564 4612 psalterio,
1583 4562 1698 4599 cum
1726 4550 1929 4602 cantico
1953 4549 2008 4602 in
2023 4548 2250 4606 cithara.

2283 3291 2330 3354 C

2361 2022 2681 2088 καταξιώσω
2713 2023 2805 2076 τοῦ
2842 2021 3100 2093 ἐμαυτοῦ.
3150 2021 3249 2092 Εῖη
3295 2020 3350 2073 δὲ
3399 2020 3461 2073 τὸ
3491 2021 3758 2090 σωτήριον
3784 2019 3938 2090 ἡμῶν

2372 2115 2577 2187 Ἰησοῦς
2637 2115 2872 2187 Χριστὸς
2895 2157 2910 2178 ,
2967 2115 2996 2167 6
3034 2116 3127 2168 καὶ
3162 2116 3242 2178 εἰς
3286 2113 3376 2167 τὸν
3409 2112 3528 2166 νέον
3569 2114 3718 2184 ἡμᾶς
3751 2111 3937 2182 ἀγῶνα

2360 2209 2614 2277 εἰσάγων,
2642 2209 2737 2262 καὶ
2768 2208 3185 2279 συμϐασιλεύειν
3207 2207 3356 2279 αὐτῷ
3378 2205 3838 2278 παρασκευάζων.

2429 2298 2787 2368 Κεκράξεται
2813 2300 2960 2369 πρὸς
2988 2300 3088 2369 μὲ,
3122 2301 3221 2354 καὶ
3248 2301 3682 2369 ἐπακούσομαι.
3717 2302 3930 2373 Κεκρα-

2357 2390 2468 2460 γὼς
2495 2391 2550 2444 δὲ
2589 2394 2655 2461 τῇ
2708 2392 2805 2462 τῆς
2836 2391 3012 2463 ψυχῆς
3049 2391 3424 2463 μεγαλοφωνίᾳ
3457 2392 3593 2462 πρὸς
3653 2392 3756 2462 ἐμὲ
3779 2432 3794 2455 ,
3841 2394 3938 2444 ὲπ-

2357 2483 2623 2538 ακούοντά
2645 2501 2731 2556 με,
2764 2486 2857 2538 καὶ
2893 2485 3206 2538 ὲπινεύοντα
3241 2485 3387 2554 αὐτῷ
3411 2487 3652 2557 εὑρήσει.
3684 2487 3799 2539 Ἀεὶ
3824 2485 3931 2557 γὰρ

2357 2577 2504 2647 αύτῴ
2535 2579 2784 2648 πάρειμι,
2815 2577 2916 2633 κᾶν
2939 2581 2996 2632 ὲν
3027 2579 3346 2650 περιστάσει
3371 2579 3631 2650 τυγχάνῃ.

2423 2671 2775 2736 Μακρότητα
2801 2669 3034 2738 ἡμερῶν
3057 2671 3346 2739 ἐμπλήσω
3370 2670 3576 2733 αὑτὸν,
3606 2672 3706 2724 καί
3757 2670 3932 2736 δείξω

2357 2756 2515 2823 αὐτῷ
2545 2756 2610 2810 τὸ
2639 2757 2933 2825 σωτήριόν
2963 2776 3102 2827 μου.
3147 2761 3242 2830 Εῖη
3292 2761 3348 2813 δὲ
3382 2759 3539 2813 τοῦτο
3572 2760 3633 2812 τὸ
3668 2761 3936 2831 σωτήριον

2356 2847 2514 2910 αὐτὸς
2554 2848 2582 2898 6
2635 2846 2841 2918 Κύριος
2877 2847 3034 2918 ἡμῶν
3081 2848 3284 2920 Ἰησοῦς
3332 2851 3360 2902 6
3387 2850 3638 2922 Χριστὸς,
3672 2851 3701 2903 6
3739 2850 3835 2902 καὶ
3861 2852 3938 2912 εἰς

2357 2940 2447 2992 τὸν
2484 2939 2603 2993 νέον
2645 2941 2792 3010 ἡμᾶς
2822 2939 2992 2993 αἰῶνα
3014 2941 3341 3010 εἰσαγαγὼν,
3374 2942 3467 2994 καὶ
3509 2941 3936 3012 ωμϐασιλεῦσαι

2357 3031 2504 3102 αὐτῷ
2528 3033 2622 3085 καὶ
2650 3031 3104 3102 παρασκευάζων.

2577 3127 2883 3178 ΨᾹΛΜΟΣ
3231 3124 3595 3247 τρἓὴμέραν
3616 3125 3724 3179 τοῦ

3001 3287 3326 3352 Ὑπόθεσις.

2377 3382 2434 3433 '0
2465 3379 2837 3450 Σαϐϐατισμὸς
2862 3420 2876 3444 ,
2908 3379 3030 3450 ἦτοι
3054 3378 3116 3431 τδ
3149 3379 3425 3432 Σάϐϐατον
3445 3420 3459 3445 ,
3496 3379 3582 3451 εἴη
3628 3379 3694 3432 ἂν
3723 3382 3759 3452 ἡ
3811 3379 3935 3451 μέλ-

2430 3471 2592 3524 λουσα
2623 3469 2977 3542 κληρονομία,
3012 3471 3092 3522 ὅτι
3121 3471 3214 3523 καὶ
3256 3473 3558 3534 ἀνάπαυσις
3588 3471 3715 3533 τοὺς
3745 3472 3934 3527 ἐνθάδε

2430 3563 2623 3628 πόνους
2668 3562 2998 3630 διαδέξεται,
3049 3562 3148 3626 τὰς
3191 3561 3422 3633 ἀμοιϐὰς
3479 3563 3637 3635 ἡμῶν
3688 3563 3932 3635 δηλονότι

2430 3652 2872 3724 ἁποληψομένων.
2901 3654 3051 3707 Αἰνεί
3071 3649 3164 3706 οὖν
3187 3654 3398 3725 ἐκείνην
3430 3653 3529 3726 τὴν
3560 3656 3933 3728 γενησομένην

2429 3745 2642 3798 ἁνάπαυ
2650 3761 2750 3798 σιν.

2442 3833 2679 3904 Ἀγαθὸν
2716 3832 2783 3886 τὸ
2827 3832 3314 3903 ἐξομολογεῖσθαι
3345 3833 3426 3899 τῷ
3468 3835 3682 3903 Κυρίῳ.
3719 3836 3935 3891 Αἰνεσιν

2361 3923 2738 3994 προϐάλλεται,
2771 3906 2922 3994 φησὶ,
2951 3924 3044 3977 καί
3063 3923 3267 3995 ταύτην
3296 3923 3505 3998 ἡμέρας
3524 3942 3582 3978 τε
3611 3926 3707 3980 καὶ
3739 3928 3934 3989 νυκτὸς

2358 4014 2650 4078 ἀπαύστως
2682 4015 3018 4085 ὑπισχνεῖται
3056 4015 3378 4084 καταλέγειν
3403 4016 3488 4087 ἐφ’
3516 4010 3598 4081 οἷς
3632 4019 3934 4091 πεποίηκεν

2359 4106 2387 4158 6
2435 4105 2762 4176 Μονογενής.
2806 4104 2991 4157 Καὶτί
3039 4105 3337 4176 πεποίηκεν
3391 4105 3424 4176 ἢ
3476 4106 3577 4178 τὴν
3631 4107 3930 4161 ἀνάστασιν

2359 4198 2487 4265 ἡμῖν
2513 4195 2920 4266 παρεσκεύασεν
2938 4212 2952 4258 ;
3067 4253 3071 4256 _

2434 4285 2542 4340 Τοῦ
2570 4285 2965 4356 ἀναγγέλλων
2989 4285 3054 4339 τὸ
3086 4286 3234 4354 πρωῒ
3263 4284 3328 4339 τὸ
3358 4287 3530 4353 ἔλεός
3551 4302 3689 4342 σου.
3722 4289 3926 4360 Ἀπαγ-

2357 4377 2564 4446 γέλλειν
2599 4377 2718 4431 κατ’
2747 4376 2939 4449 ὄρθρον
2965 4375 3027 4428 τὸ
3055 4375 3200 4440 ἔλεός
3221 4395 3336 4442 σου,
3363 4377 3456 4430 καὶ
3478 4378 3574 4448 τὴν
3602 4377 3930 4452 βεϐαιότητα

2358 4484 2450 4519 σου
2475 4467 2614 4520 κατὰ
2652 4465 2840 4521 νύκτα.

2441 4560 2543 4613 Ἐν
2569 4557 2909 4628 δεκαχόρδφ
2938 4557 3267 4626 ψαλτηρίῳ,
3278 4557 3407 4626 μετ’
3430 4554 3673 4626 ᾠδῆςὲν
3696 4559 3925 4628 κιθάρᾳ.

683 4633 1090 4690 Decachordum
1128 4636 1442 4706 psalterium
1493 4639 1625 4693 dicit
1657 4654 1879 4709 corpus,
1919 4643 2059 4711 quod
2091 4643 2252 4698 habet

2361 4652 2688 4723 Δεκάχορδον
2727 4650 3024 4722 ψαλτήριον
3073 4651 3134 4704 τὸ
3177 4650 3336 4721 σῶμά
3369 4668 3562 4720 φησιν,
3607 4650 3703 4704 ἅτε
3769 4652 3926 4705 πέντε

682 4725 926 4795 quinque
965 4739 1180 4792 sensus,
1243 4736 1298 4782 et
1351 4729 1591 4799 quinque
1642 4729 1838 4785 anima:
1872 4733 2246 4801 operationes;

682 4831 779 4886 per
810 4817 1054 4888 singulos
1090 4818 1348 4875 nimirum
1392 4834 1586 4875 sensus
1637 4819 1863 4890 singulae
1906 4831 2031 4877 sunt
2056 4823 2251 4880 anima:

681 4912 1044 4979 operationes.

754 5001 806 5054 5.
841 5001 980 5067 Quia
1041 5002 1315 5058 delectasti
1367 5021 1464 5069 me,
1509 5003 1750 5068 Domine,
1789 5006 1845 5059 in
1894 5008 2103 5077 {actura
2136 5017 2248 5065 tua.

678 5089 921 5145 Cernens
944 5099 1032 5145 tua
1057 5092 1269 5162 Opiﬂcia
1291 5103 1344 5150 et
1366 5093 1690 5151 ineffabilem
1711 5097 2073 5153 (economiam
2100 5109 2245 5153 tuam

678 5181 894 5236 exsulto
917 5193 970 5238 et
1010 5185 1219 5255 gaudeo
1242 5229 1255 5252 ,
1315 5197 1478 5258 atque
1505 5203 1571 5243 ex
1606 5190 1803 5246 mentis
1827 5192 2098 5261 voluptate
2149 5193 2251 5246 lin-

678 5289 839 5343 guam
871 5275 935 5328 ad
968 5276 1198 5347 hymnos
1230 5282 1502 5336 canendus
1539 5297 1749 5337 moveo.

750 5366 804 5420 6.
821 5367 991 5433 Quam
1017 5371 1356 5440 magniﬁcam
1380 5383 1500 5426 sunt
1539 5390 1695 5437 Opera
1723 5386 1835 5444 tua,
1852 5376 2204 5442 Domine,ctc.
2230 5381 2242 5435 !

679 5456 794 5528 Ego
818 5459 1059 5527 quidem,
1077 5462 1173 5526 ait,
1193 5478 1353 5532 Opera
1386 5475 1473 5518 tua
1501 5465 1799 5531 celebrans,
1824 5469 2244 5538 profunditatem

678 5550 1070 5620 Cogitationum
1103 5565 1316 5608 tuarum
1351 5572 1696 5625 summopere
1745 5559 1932 5621 miror,
1978 5562 2166 5617 videns
2183 5578 2243 5617 ea

677 5659 798 5711 qua:
826 5644 878 5697 in
914 5647 1118 5700 mundo
1153 5646 1348 5702 fecisti.
1382 5647 1484 5703 Sed
1525 5650 1844 5717 insipientes
1879 5668 1986 5706 non
2043 5655 2240 5710 intelli~

677 5751 810 5803 ςυιη
855 5737 1270 5803 profunditatem
1313 5740 1575 5812 mysterii.

748 5826 910 5881 7.Vir
934 5830 1180 5899 insipiens
1224 5851 1323 5887 non
1355 5845 1644 5905 cognoscet,
1700 5849 1803 5890 etc.
1842 5837 2019 5892 Variis
2069 5840 2243 5894 modis

675 5918 777 5974 hoc
805 5924 1069 5993 enuntiat,
1115 5927 1372 5996 quoniam
1431 5929 1522 6000 qui
1574 5941 1750 5987 mente
1777 5942 2010 6002 aegrotus
2060 5943 2141 5989 cst
2190 5943 2241 5988 et

2355 4744 2632 4814 αἰσθήσεις
2663 4743 2782 4813 ἔχον
2812 4743 2906 4796 καὶ
2928 4743 3085 4795 πέντε
3117 4743 3396 4814 ἐνεργείας
3439 4740 3616 4812 ψυχῆς
3639 4781 3653 4806 ,
3692 4742 3763 4795 δι’
3795 4744 3924 4797 ἑκά·-

2357 4852 2490 4907 στης
2509 4835 2810 4907 αἰσθήσεως
2838 4833 3125 4905 γινομένης
3150 4833 3426 4904 ἐνεργείας
3454 4835 3708 4906 ἑκάστης.

2423 5021 2542 5074 Ὅτι
2574 5019 2876 5089 εὖφρονὰς
2902 5037 2998 5090 με,
3033 5021 3229 5088 Κύριε,
3263 5021 3334 5074 ἐν
3361 5021 3442 5087 τῷ
3472 5021 3757 5093 ποιήματι
3789 5041 3922 5079 σου.

2364 5111 2535 5183 Ὁρῶν
2565 5112 2673 5181 γάρ
2709 5128 2802 5164 σου
2841 5110 2939 5175 τὰς
2977 5111 3336 5184 δημιουργίας
3377 5114 3470 5166 καὶ
3508 5114 3607 5179 τὰς
3650 5116 3924 5189 ἀρρήτους

2351 5204 2656 5276 οἰκονομίας
2689 5205 2992 5276 ἀγάλλομαί
3041 5223 3099 5258 τε
3130 5207 3224 5259 καὶ
3266 5206 3542 5279 γάνυμαι,
3590 5210 3684 5262 καὶ
3713 5213 3785 5283 τῇ
3826 5210 3925 5282 τῆς

2348 5296 2525 5367 ψυχῆς
2555 5295 2710 5367 ἠδονῇ
2743 5295 2841 5367 τὴν
2868 5295 3113 5364 γλῶτταν
3144 5298 3222 5361 εἰς
3247 5298 3516 5368 ὑμνῳδίαν
3552 5299 3709 5354 κινῶ.

2432 5387 2526 5451 Ὠς
2552 5387 2922 5455 ἐμεγαλύνθη
2956 5387 3028 5440 τὰ
3053 5388 3195 5458 ἔργα
3222 5404 3358 5456 σου,
3383 5390 3593 5457 Κύριεί
3627 5389 3770 5459 Ἐγὼ
3803 5391 3916 5463 μὲν,

2349 5475 2500 5546 φησί,
2539 5477 2606 5529 τὰ
2656 5477 2724 5530 σὰ
2777 5477 2910 5550 ἔργα
2955 5479 3231 5550 άνυμνῶν,
3261 5480 3354 5533 καὶ
3389 5478 3451 5533 τὸ
3479 5479 3641 5550 βάθος
3666 5481 3775 5535 τῶν
3816 5483 3918 5536 σῶν

2348 5568 2618 5640 λογισμῶν
2648 5569 3040 5640 ὲκπλήττομαι,
3073 5563 3147 5621 ὧν
3173 5570 3229 5622 ὲν
3255 5572 3318 5640 τῇ
3348 5571 3628 5643 οἰκονομίᾳ
3658 5574 3914 5643 εἰργάσω.

2361 5662 2498 5713 Ἀλλ’
2527 5663 2574 5712 οἱ
2605 5661 2835 5731 ἄφρονες
2857 5661 2915 5713 ού
2947 5661 3157 5714 συνιᾶσι
3184 5661 3275 5714 τοῦ
3306 5662 3604 5734 μυστηρίου
3634 5662 3696 5715 τὸ
3732 5663 3909 5734 βάθος.

2430 5844 2598 5912 Ἀνὴρ
2624 5845 2825 5914 ἄφρων
2848 5849 2919 5899 οὐ
2951 5847 3255 5915 γνώσεται.
3305 5850 3588 5921 Διαφόρως
3624 5851 3798 5907 ταῦτα
3837 5854 3910 5906 εἴ-

2351 5953 2532 6008 ρηκεν,
2568 5939 2647 5991 ὅτι
2677 5940 2703 5992 6
2726 5937 2821 6002 τὰς
2845 5939 3045 6010 φρένας
3073 5941 3240 5995 νοσῶν
3274 5941 3365 5995 καί
3394 5942 3662 6011 συνέσεως
3716 5943 3912 6017 ἔρημος
