  <div class='ocr_page' id='page_1' title='image "/cluster/home/n/w/nwhite01/storage/ocr_20150623/27/uva.x030474749/212.png"; bbox 0 0 4126 6486; ppageno 0'>
   <div class='ocr_carea' id='block_1_1' title="bbox 197 471 292 525">
    <p class='ocr_par' dir='ltr' id='par_1_1' title="bbox 197 471 292 525">
     <span class='ocr_line' id='line_1_1' title="bbox 197 471 292 525; baseline -0.011 0"><span class='ocrx_word' id='word_1_1' title='bbox 197 471 292 525; x_wconf 76' lang='grc'><strong>405</strong></span> 
     </span>
    </p>
   </div>
   <div class='ocr_carea' id='block_1_2' title="bbox 196 582 1093 653">
    <p class='ocr_par' dir='ltr' id='par_1_2' title="bbox 196 582 1093 653">
     <span class='ocr_line' id='line_1_2' title="bbox 196 582 1093 653; baseline -0.006 -13"><span class='ocrx_word' id='word_1_2' title='bbox 196 587 389 641; x_wconf 74' lang='grc' dir='ltr'>τούτων</span> <span class='ocrx_word' id='word_1_3' title='bbox 449 586 606 639; x_wconf 76' lang='grc' dir='ltr'>οὐδὲν</span> <span class='ocrx_word' id='word_1_4' title='bbox 658 585 931 653; x_wconf 82' lang='grc' dir='ltr'>γινώσκει,</span> <span class='ocrx_word' id='word_1_5' title='bbox 972 582 1093 635; x_wconf 66' lang='grc' dir='ltr'>οὔτε</span> 
     </span>
    </p>
   </div>
   <div class='ocr_carea' id='block_1_3' title="bbox 199 678 409 732">
    <p class='ocr_par' dir='ltr' id='par_1_3' title="bbox 199 678 409 732">
     <span class='ocr_line' id='line_1_3' title="bbox 199 678 409 732; baseline 0 -2"><span class='ocrx_word' id='word_1_6' title='bbox 199 678 409 732; x_wconf 79' lang='grc' dir='ltr'>τούτων.</span> 
     </span>
    </p>
   </div>
   <div class='ocr_carea' id='block_1_4' title="bbox 276 761 1761 832">
    <p class='ocr_par' dir='ltr' id='par_1_4' title="bbox 276 761 1761 832">
     <span class='ocr_line' id='line_1_4' title="bbox 276 761 1761 832; baseline -0.006 -11"><span class='ocrx_word' id='word_1_7' title='bbox 276 768 376 821; x_wconf 81' lang='grc' dir='ltr'><em>Ἐν</em></span> <span class='ocrx_word' id='word_1_8' title='bbox 428 766 511 830; x_wconf 81' lang='grc' dir='ltr'>τῷ</span> <span class='ocrx_word' id='word_1_9' title='bbox 555 763 860 819; x_wconf 66' lang='grc' dir='ltr'>ἀνατεῖλαι</span> <span class='ocrx_word' id='word_1_10' title='bbox 913 764 1294 832; x_wconf 73' lang='grc' dir='ltr'>ἁμαρτωλοὺς</span> <span class='ocrx_word' id='word_1_11' title='bbox 1333 761 1477 815; x_wconf 80' lang='grc' dir='ltr'>ὡσεὶ</span> <span class='ocrx_word' id='word_1_12' title='bbox 1526 761 1761 830; x_wconf 76' lang='grc' dir='ltr'>χόρτον.</span> 
     </span>
    </p>
   </div>
   <div class='ocr_carea' id='block_1_5' title="bbox 204 852 1764 927">
    <p class='ocr_par' dir='ltr' id='par_1_5' title="bbox 204 852 1764 927">
     <span class='ocr_line' id='line_1_5' title="bbox 204 852 1764 927; baseline -0.005 -15"><span class='ocrx_word' id='word_1_13' title='bbox 204 862 257 912; x_wconf 78' lang='grc' dir='ltr'><strong>οι</strong></span> <span class='ocrx_word' id='word_1_14' title='bbox 283 859 355 927; x_wconf 78' lang='grc' dir='ltr'>μὴ</span> <span class='ocrx_word' id='word_1_15' title='bbox 380 857 676 919; x_wconf 78' lang='grc' dir='ltr'><strong>συνιέντες,</strong></span> <span class='ocrx_word' id='word_1_16' title='bbox 726 857 858 925; x_wconf 70' lang='grc' dir='ltr'>φησὶ</span> <span class='ocrx_word' id='word_1_17' title='bbox 883 898 897 921; x_wconf 88' lang='grc'><strong>,</strong></span> <span class='ocrx_word' id='word_1_18' title='bbox 930 856 990 907; x_wconf 74' lang='grc' dir='ltr'><strong>τὸ</strong></span> <span class='ocrx_word' id='word_1_19' title='bbox 1027 856 1325 925; x_wconf 81' lang='grc' dir='ltr'>μυστήριον</span> <span class='ocrx_word' id='word_1_20' title='bbox 1371 855 1523 924; x_wconf 76' lang='grc' dir='ltr'>δίκην</span> <span class='ocrx_word' id='word_1_21' title='bbox 1570 852 1764 923; x_wconf 79' lang='grc' dir='ltr'><strong>χόρτου</strong></span> 
     </span>
    </p>
   </div>
   <div class='ocr_carea' id='block_1_6' title="bbox 201 944 1764 1017">
    <p class='ocr_par' dir='ltr' id='par_1_6' title="bbox 201 944 1764 1017">
     <span class='ocr_line' id='line_1_6' title="bbox 201 944 1764 1017; baseline -0.003 -18"><span class='ocrx_word' id='word_1_22' title='bbox 201 948 422 1009; x_wconf 78' lang='grc' dir='ltr'>ἐσονται,</span> <span class='ocrx_word' id='word_1_23' title='bbox 460 946 536 1017; x_wconf 78' lang='grc' dir='ltr'>μὴ</span> <span class='ocrx_word' id='word_1_24' title='bbox 565 948 780 1017; x_wconf 73' lang='grc' dir='ltr'>ἔχοντες</span> <span class='ocrx_word' id='word_1_25' title='bbox 808 947 866 999; x_wconf 76' lang='grc' dir='ltr'><strong>τὸ</strong></span> <span class='ocrx_word' id='word_1_26' title='bbox 884 947 1043 1015; x_wconf 77' lang='grc' dir='ltr'>βάθος</span> <span class='ocrx_word' id='word_1_27' title='bbox 1066 945 1283 1017; x_wconf 80' lang='grc' dir='ltr'>δηλαδὴ,</span> <span class='ocrx_word' id='word_1_28' title='bbox 1308 946 1401 999; x_wconf 78' lang='grc' dir='ltr'>καὶ</span> <span class='ocrx_word' id='word_1_29' title='bbox 1430 944 1638 1015; x_wconf 82' lang='grc' dir='ltr'>ταχέως</span> <span class='ocrx_word' id='word_1_30' title='bbox 1666 960 1764 995; x_wconf 90' lang='grc' dir='ltr'>πε-</span> 
     </span>
    </p>
   </div>
   <div class='ocr_carea' id='block_1_7' title="bbox 202 1038 1016 1108">
    <p class='ocr_par' dir='ltr' id='par_1_7' title="bbox 202 1038 1016 1108">
     <span class='ocr_line' id='line_1_7' title="bbox 202 1038 1016 1108; baseline -0.004 -17"><span class='ocrx_word' id='word_1_31' title='bbox 202 1038 410 1091; x_wconf 82' lang='grc' dir='ltr'>σοῦνται</span> <span class='ocrx_word' id='word_1_32' title='bbox 442 1040 540 1091; x_wconf 84' lang='grc' dir='ltr'><strong>καί</strong></span> <span class='ocrx_word' id='word_1_33' title='bbox 570 1038 633 1104; x_wconf 80' lang='grc' dir='ltr'><strong>ξη</strong></span> <span class='ocrx_word' id='word_1_34' title='bbox 643 1038 1016 1108; x_wconf 81' lang='grc' dir='ltr'>ρανοήσονται.</span> 
     </span>
    </p>
   </div>
   <div class='ocr_carea' id='block_1_8' title="bbox 268 1125 1764 1197">
    <p class='ocr_par' dir='ltr' id='par_1_8' title="bbox 268 1125 1764 1197">
     <span class='ocr_line' id='line_1_8' title="bbox 268 1125 1764 1197; baseline -0.002 -14"><span class='ocrx_word' id='word_1_35' title='bbox 268 1130 371 1183; x_wconf 77' lang='grc' dir='ltr'><strong>Καὶ</strong></span> <span class='ocrx_word' id='word_1_36' title='bbox 400 1130 792 1197; x_wconf 70' lang='grc' dir='ltr'><strong>ὑψωθήσεται</strong></span> <span class='ocrx_word' id='word_1_37' title='bbox 811 1132 890 1193; x_wconf 85' lang='grc' dir='ltr'>ὡς</span> <span class='ocrx_word' id='word_1_38' title='bbox 903 1125 1310 1197; x_wconf 72' lang='grc' dir='ltr'>μονοκέρωτος</span> <span class='ocrx_word' id='word_1_39' title='bbox 1341 1127 1405 1180; x_wconf 79' lang='grc' dir='ltr'>τὸ</span> <span class='ocrx_word' id='word_1_40' title='bbox 1438 1129 1614 1194; x_wconf 80' lang='grc' dir='ltr'>κέρας</span> <span class='ocrx_word' id='word_1_41' title='bbox 1624 1144 1764 1194; x_wconf 84' lang='grc' dir='ltr'>μου.</span> 
     </span>
    </p>
   </div>
   <div class='ocr_carea' id='block_1_9' title="bbox 203 1219 1769 1291">
    <p class='ocr_par' dir='ltr' id='par_1_9' title="bbox 203 1219 1769 1291">
     <span class='ocr_line' id='line_1_9' title="bbox 203 1219 1769 1291; baseline -0.001 -18"><span class='ocrx_word' id='word_1_42' title='bbox 203 1221 382 1285; x_wconf 88' lang='grc' dir='ltr'>Ὀταν,</span> <span class='ocrx_word' id='word_1_43' title='bbox 430 1222 622 1291; x_wconf 64' lang='grc' dir='ltr'>φησιν,</span> <span class='ocrx_word' id='word_1_44' title='bbox 659 1220 982 1274; x_wconf 72' lang='grc' dir='ltr'><strong>ἀπολοῦνται</strong></span> <span class='ocrx_word' id='word_1_45' title='bbox 1016 1224 1063 1274; x_wconf 80' lang='grc' dir='ltr'>οἱ</span> <span class='ocrx_word' id='word_1_46' title='bbox 1096 1219 1279 1290; x_wconf 73' lang='grc' dir='ltr'>ἐχθροὶ</span> <span class='ocrx_word' id='word_1_47' title='bbox 1320 1220 1413 1272; x_wconf 70' lang='grc' dir='ltr'>καὶ</span> <span class='ocrx_word' id='word_1_48' title='bbox 1454 1219 1769 1290; x_wconf 83' lang='grc' dir='ltr'>διασκορπιο</span> 
     </span>
    </p>
   </div>
   <div class='ocr_carea' id='block_1_10' title="bbox 205 1310 1764 1383">
    <p class='ocr_par' dir='ltr' id='par_1_10' title="bbox 205 1310 1764 1383">
     <span class='ocr_line' id='line_1_10' title="bbox 205 1310 1764 1383; baseline -0.001 -19"><span class='ocrx_word' id='word_1_49' title='bbox 205 1312 505 1381; x_wconf 78' lang='grc' dir='ltr'>σθήσονται,</span> <span class='ocrx_word' id='word_1_50' title='bbox 542 1313 663 1365; x_wconf 81' lang='grc' dir='ltr'>τότε</span> <span class='ocrx_word' id='word_1_51' title='bbox 695 1312 758 1383; x_wconf 81' lang='grc' dir='ltr'><strong>δὴ</strong></span> <span class='ocrx_word' id='word_1_52' title='bbox 788 1313 905 1367; x_wconf 76' lang='grc' dir='ltr'>τότε</span> <span class='ocrx_word' id='word_1_53' title='bbox 940 1312 1000 1364; x_wconf 88' lang='grc' dir='ltr'>τὸ</span> <span class='ocrx_word' id='word_1_54' title='bbox 1024 1312 1153 1383; x_wconf 74' lang='grc' dir='ltr'>ἐμὸν</span> <span class='ocrx_word' id='word_1_55' title='bbox 1179 1312 1365 1382; x_wconf 79' lang='grc' dir='ltr'>κέρας,</span> <span class='ocrx_word' id='word_1_56' title='bbox 1406 1310 1679 1364; x_wconf 75' lang='grc' dir='ltr'><strong>τουτέστιν</strong></span> <span class='ocrx_word' id='word_1_57' title='bbox 1732 1314 1764 1380; x_wconf 86' lang='grc' dir='ltr'><strong>ή</strong></span> 
     </span>
    </p>
   </div>
   <div class='ocr_carea' id='block_1_11' title="bbox 205 1403 1767 1475">
    <p class='ocr_par' dir='ltr' id='par_1_11' title="bbox 205 1403 1767 1475">
     <span class='ocr_line' id='line_1_11' title="bbox 205 1403 1767 1475; baseline -0.001 -19"><span class='ocrx_word' id='word_1_58' title='bbox 205 1403 485 1474; x_wconf 78' lang='grc' dir='ltr'>βασιλείαὴ</span> <span class='ocrx_word' id='word_1_59' title='bbox 508 1404 907 1473; x_wconf 75' lang='grc' dir='ltr'>ἡτοιμασμένη,</span> <span class='ocrx_word' id='word_1_60' title='bbox 929 1403 1230 1475; x_wconf 67' lang='grc' dir='ltr'>περιφανὴς</span> <span class='ocrx_word' id='word_1_61' title='bbox 1248 1404 1553 1474; x_wconf 81' lang='grc' dir='ltr'>γενήσεται.</span> <span class='ocrx_word' id='word_1_62' title='bbox 1582 1403 1767 1473; x_wconf 79' lang='grc' dir='ltr'>Ἡμεῖς</span> 
     </span>
    </p>
   </div>
   <div class='ocr_carea' id='block_1_12' title="bbox 205 1495 1769 1569">
    <p class='ocr_par' dir='ltr' id='par_1_12' title="bbox 205 1495 1769 1569">
     <span class='ocr_line' id='line_1_12' title="bbox 205 1495 1769 1569; baseline -0.001 -19"><span class='ocrx_word' id='word_1_63' title='bbox 205 1497 253 1550; x_wconf 72' lang='grc' dir='ltr'><strong>δὲ</strong></span> <span class='ocrx_word' id='word_1_64' title='bbox 282 1498 329 1550; x_wconf 86' lang='grc' dir='ltr'><strong>οί</strong></span> <span class='ocrx_word' id='word_1_65' title='bbox 360 1497 461 1568; x_wconf 81' lang='grc' dir='ltr'>τὴν</span> <span class='ocrx_word' id='word_1_66' title='bbox 516 1497 619 1569; x_wconf 84' lang='grc' dir='ltr'>σὴν</span> <span class='ocrx_word' id='word_1_67' title='bbox 656 1498 947 1566; x_wconf 77' lang='grc' dir='ltr'><strong>ἐπίγνωσιν</strong></span> <span class='ocrx_word' id='word_1_68' title='bbox 987 1498 1217 1568; x_wconf 76' lang='grc' dir='ltr'>ἔχοντες,</span> <span class='ocrx_word' id='word_1_69' title='bbox 1273 1498 1371 1568; x_wconf 77' lang='grc' dir='ltr'>τὴν</span> <span class='ocrx_word' id='word_1_70' title='bbox 1420 1497 1527 1549; x_wconf 81' lang='grc' dir='ltr'>τῶν</span> <span class='ocrx_word' id='word_1_71' title='bbox 1561 1495 1769 1567; x_wconf 82' lang='grc' dir='ltr'><strong>ἐχθρῶν</strong></span> 
     </span>
    </p>
   </div>
   <div class='ocr_carea' id='block_1_13' title="bbox 206 1589 1771 1661">
    <p class='ocr_par' dir='ltr' id='par_1_13' title="bbox 206 1589 1771 1661">
     <span class='ocr_line' id='line_1_13' title="bbox 206 1589 1771 1661; baseline 0 -20"><span class='ocrx_word' id='word_1_72' title='bbox 206 1606 293 1642; x_wconf 79' lang='grc' dir='ltr'><strong>σου</strong></span> <span class='ocrx_word' id='word_1_73' title='bbox 323 1590 625 1643; x_wconf 74' lang='grc' dir='ltr'>κατάλυσιν</span> <span class='ocrx_word' id='word_1_74' title='bbox 658 1589 1014 1660; x_wconf 82' lang='grc' dir='ltr'>θεασάμενοι,</span> <span class='ocrx_word' id='word_1_75' title='bbox 1056 1590 1424 1661; x_wconf 81' lang='grc' dir='ltr'>γαυριάσομεν</span> <span class='ocrx_word' id='word_1_76' title='bbox 1450 1591 1540 1642; x_wconf 77' lang='grc' dir='ltr'><strong>ἐπὶ</strong></span> <span class='ocrx_word' id='word_1_77' title='bbox 1569 1589 1647 1641; x_wconf 72' lang='grc' dir='ltr'>σοὶ</span> <span class='ocrx_word' id='word_1_78' title='bbox 1679 1589 1771 1642; x_wconf 76' lang='grc' dir='ltr'>καὶ</span> 
     </span>
    </p>
   </div>
   <div class='ocr_carea' id='block_1_14' title="bbox 209 1679 1773 1753">
    <p class='ocr_par' dir='ltr' id='par_1_14' title="bbox 209 1679 1773 1753">
     <span class='ocr_line' id='line_1_14' title="bbox 209 1679 1773 1753; baseline 0.001 -21"><span class='ocrx_word' id='word_1_79' title='bbox 209 1680 341 1750; x_wconf 81' lang='grc' dir='ltr'>μέγα</span> <span class='ocrx_word' id='word_1_80' title='bbox 398 1683 782 1752; x_wconf 80' lang='grc' dir='ltr'><strong>φρονήσομεν·</strong></span> <span class='ocrx_word' id='word_1_81' title='bbox 841 1681 936 1735; x_wconf 80' lang='grc' dir='ltr'><strong>ἀτε</strong></span> <span class='ocrx_word' id='word_1_82' title='bbox 990 1682 1053 1753; x_wconf 84' lang='grc' dir='ltr'><strong>δὴ</strong></span> <span class='ocrx_word' id='word_1_83' title='bbox 1106 1682 1205 1752; x_wconf 80' lang='grc' dir='ltr'>τῆς</span> <span class='ocrx_word' id='word_1_84' title='bbox 1254 1679 1513 1734; x_wconf 83' lang='grc' dir='ltr'>πολυθὲου</span> <span class='ocrx_word' id='word_1_85' title='bbox 1564 1682 1773 1749; x_wconf 75' lang='grc' dir='ltr'>πλάνης</span> 
     </span>
    </p>
   </div>
   <div class='ocr_carea' id='block_1_15' title="bbox 206 1770 1769 1845">
    <p class='ocr_par' dir='ltr' id='par_1_15' title="bbox 206 1770 1769 1845">
     <span class='ocr_line' id='line_1_15' title="bbox 206 1770 1769 1845; baseline -0.001 -21"><span class='ocrx_word' id='word_1_86' title='bbox 206 1770 631 1842; x_wconf 73' lang='grc' dir='ltr'>ἀπηλλαγμένοι,</span> <span class='ocrx_word' id='word_1_87' title='bbox 664 1772 756 1826; x_wconf 84' lang='grc' dir='ltr'><strong>καί</strong></span> <span class='ocrx_word' id='word_1_88' title='bbox 787 1789 845 1826; x_wconf 90' lang='grc' dir='ltr'><strong>σε</strong></span> <span class='ocrx_word' id='word_1_89' title='bbox 882 1773 973 1825; x_wconf 77' lang='grc' dir='ltr'>τὸν</span> <span class='ocrx_word' id='word_1_90' title='bbox 1006 1772 1133 1827; x_wconf 69' lang='grc' dir='ltr'>ὄντα</span> <span class='ocrx_word' id='word_1_91' title='bbox 1163 1772 1590 1845; x_wconf 86' lang='grc' dir='ltr'>προσκυνοῦντες</span> <span class='ocrx_word' id='word_1_92' title='bbox 1619 1772 1769 1825; x_wconf 83' lang='grc' dir='ltr'>Θεόν.</span> 
     </span>
    </p>
   </div>
   <div class='ocr_carea' id='block_1_16' title="bbox 208 1863 1772 1936">
    <p class='ocr_par' dir='ltr' id='par_1_16' title="bbox 208 1863 1772 1936">
     <span class='ocr_line' id='line_1_16' title="bbox 208 1863 1772 1936; baseline 0.001 -20"><span class='ocrx_word' id='word_1_93' title='bbox 208 1863 307 1917; x_wconf 82' lang='grc' dir='ltr'>Τὸν</span> <span class='ocrx_word' id='word_1_94' title='bbox 336 1864 445 1935; x_wconf 79' lang='grc' dir='ltr'><strong>γάρ</strong></span> <span class='ocrx_word' id='word_1_95' title='bbox 480 1865 789 1935; x_wconf 85' lang='grc' dir='ltr'>μονόκερων</span> <span class='ocrx_word' id='word_1_96' title='bbox 820 1865 1049 1918; x_wconf 80' lang='grc' dir='ltr'>ἐνταῦθα</span> <span class='ocrx_word' id='word_1_97' title='bbox 1083 1864 1241 1918; x_wconf 82' lang='grc' dir='ltr'>πάλιν</span> <span class='ocrx_word' id='word_1_98' title='bbox 1281 1867 1632 1936; x_wconf 72' lang='grc' dir='ltr'><strong>παρήγαγεν,</strong></span> <span class='ocrx_word' id='word_1_99' title='bbox 1687 1864 1772 1917; x_wconf 83' lang='grc' dir='ltr'>ἵνα</span> 
     </span>
    </p>
   </div>
   <div class='ocr_carea' id='block_1_17' title="bbox 205 1953 1770 2028">
    <p class='ocr_par' dir='ltr' id='par_1_17' title="bbox 205 1953 1770 2028">
     <span class='ocr_line' id='line_1_17' title="bbox 205 1953 1770 2028; baseline 0.002 -22"><span class='ocrx_word' id='word_1_100' title='bbox 205 1953 286 2007; x_wconf 66' lang='grc' dir='ltr'><strong>διὰ</strong></span> <span class='ocrx_word' id='word_1_101' title='bbox 325 1954 418 2008; x_wconf 82' lang='grc' dir='ltr'><strong>τοῦ</strong></span> <span class='ocrx_word' id='word_1_102' title='bbox 471 1957 593 2019; x_wconf 79' lang='grc' dir='ltr'>ἑνὸς</span> <span class='ocrx_word' id='word_1_103' title='bbox 648 1956 871 2027; x_wconf 79' lang='grc' dir='ltr'>κέρατος</span> <span class='ocrx_word' id='word_1_104' title='bbox 920 1956 1010 2009; x_wconf 77' lang='grc' dir='ltr'>τὸν</span> <span class='ocrx_word' id='word_1_105' title='bbox 1053 1956 1148 2008; x_wconf 78' lang='grc' dir='ltr'>ἕνα</span> <span class='ocrx_word' id='word_1_106' title='bbox 1205 1955 1573 2028; x_wconf 77' lang='grc' dir='ltr'>παραδη).ιτ›σῃ</span> <span class='ocrx_word' id='word_1_107' title='bbox 1618 1956 1770 2009; x_wconf 69' lang='grc' dir='ltr'>Θεὸν.</span> 
     </span>
    </p>
   </div>
   <div class='ocr_carea' id='block_1_18' title="bbox 209 2045 1772 2128">
    <p class='ocr_par' dir='ltr' id='par_1_18' title="bbox 209 2045 1772 2128">
     <span class='ocr_line' id='line_1_18' title="bbox 209 2045 1772 2128; baseline 0 -30"><span class='ocrx_word' id='word_1_108' title='bbox 209 2047 413 2118; x_wconf 76' lang='grc' dir='ltr'>Ὠσπερ</span> <span class='ocrx_word' id='word_1_109' title='bbox 444 2046 560 2118; x_wconf 77' lang='grc' dir='ltr'>γὰρ</span> <span class='ocrx_word' id='word_1_110' title='bbox 588 2050 762 2101; x_wconf 80' lang='grc' dir='ltr'>ἐκεῖνο</span> <span class='ocrx_word' id='word_1_111' title='bbox 806 2049 864 2101; x_wconf 83' lang='grc' dir='ltr'>τὸ</span> <span class='ocrx_word' id='word_1_112' title='bbox 907 2045 1043 2111; x_wconf 83' lang='grc' dir='ltr'>ζῶον</span> <span class='ocrx_word' id='word_1_113' title='bbox 1074 2048 1131 2099; x_wconf 84' lang='grc' dir='ltr'>ἓν</span> <span class='ocrx_word' id='word_1_114' title='bbox 1164 2046 1321 2099; x_wconf 73' lang='grc' dir='ltr'>ἔλαϐε</span> <span class='ocrx_word' id='word_1_115' title='bbox 1368 2046 1517 2128; x_wconf 61' lang='grc' dir='ltr'>παρέι</span> <span class='ocrx_word' id='word_1_116' title='bbox 1544 2047 1642 2117; x_wconf 82' lang='grc' dir='ltr'>τῆς</span> <span class='ocrx_word' id='word_1_117' title='bbox 1673 2046 1772 2114; x_wconf 72' lang='grc' dir='ltr'><strong>φύ-</strong></span> 
     </span>
    </p>
   </div>
   <div class='ocr_carea' id='block_1_19' title="bbox 210 2137 1773 2210">
    <p class='ocr_par' dir='ltr' id='par_1_19' title="bbox 210 2137 1773 2210">
     <span class='ocr_line' id='line_1_19' title="bbox 210 2137 1773 2210; baseline -0.002 -18"><span class='ocrx_word' id='word_1_118' title='bbox 210 2151 337 2201; x_wconf 63' lang='grc' dir='ltr'>σεως</span> <span class='ocrx_word' id='word_1_119' title='bbox 386 2138 559 2210; x_wconf 86' lang='grc' dir='ltr'>κέρας</span> <span class='ocrx_word' id='word_1_120' title='bbox 588 2154 602 2168; x_wconf 81' lang='lat'><strong><em>°</em></strong></span> <span class='ocrx_word' id='word_1_121' title='bbox 644 2137 787 2190; x_wconf 73' lang='grc' dir='ltr'>οὕτω</span> <span class='ocrx_word' id='word_1_122' title='bbox 833 2138 930 2209; x_wconf 79' lang='grc' dir='ltr'><strong>τῆς</strong></span> <span class='ocrx_word' id='word_1_123' title='bbox 960 2138 1237 2203; x_wconf 73' lang='grc' dir='ltr'>εὐσεϐείας</span> <span class='ocrx_word' id='word_1_124' title='bbox 1269 2138 1318 2191; x_wconf 88' lang='grc' dir='ltr'>οἱ</span> <span class='ocrx_word' id='word_1_125' title='bbox 1339 2137 1590 2209; x_wconf 68' lang='grc' dir='ltr'>τρόφιμοι</span> <span class='ocrx_word' id='word_1_126' title='bbox 1646 2139 1773 2208; x_wconf 83' lang='grc' dir='ltr'>μίαν</span> 
     </span>
    </p>
   </div>
   <div class='ocr_carea' id='block_1_20' title="bbox 210 2226 1774 2297">
    <p class='ocr_par' dir='ltr' id='par_1_20' title="bbox 210 2226 1774 2297">
     <span class='ocr_line' id='line_1_20' title="bbox 210 2226 1774 2297; baseline 0 -17"><span class='ocrx_word' id='word_1_127' title='bbox 210 2228 645 2297; x_wconf 79' lang='grc' dir='ltr'>προσκυνήσουσι</span> <span class='ocrx_word' id='word_1_128' title='bbox 664 2226 906 2297; x_wconf 75' lang='grc' dir='ltr'>θεότητα.</span> <span class='ocrx_word' id='word_1_129' title='bbox 934 2227 1042 2280; x_wconf 82' lang='lat' dir='ltr'><strong>Kal</strong></span> <span class='ocrx_word' id='word_1_130' title='bbox 1069 2227 1131 2280; x_wconf 80' lang='grc' dir='ltr'>τὸ</span> <span class='ocrx_word' id='word_1_131' title='bbox 1156 2226 1344 2296; x_wconf 73' lang='grc' dir='ltr'>γῆράς</span> <span class='ocrx_word' id='word_1_132' title='bbox 1360 2245 1478 2296; x_wconf 83' lang='grc' dir='ltr'><strong>μου</strong></span> <span class='ocrx_word' id='word_1_133' title='bbox 1503 2229 1570 2280; x_wconf 73' lang='grc' dir='ltr'><strong>ἐν</strong></span> <span class='ocrx_word' id='word_1_134' title='bbox 1598 2227 1774 2294; x_wconf 78' lang='grc' dir='ltr'><strong>ἑλαΙῳ</strong></span> 
     </span>
    </p>
   </div>
   <div class='ocr_carea' id='block_1_21' title="bbox 212 2317 1773 2389">
    <p class='ocr_par' dir='ltr' id='par_1_21' title="bbox 212 2317 1773 2389">
     <span class='ocr_line' id='line_1_21' title="bbox 212 2317 1773 2389; baseline -0.001 -18"><span class='ocrx_word' id='word_1_135' title='bbox 212 2318 384 2371; x_wconf 71' lang='grc' dir='ltr'>πίονι.</span> <span class='ocrx_word' id='word_1_136' title='bbox 413 2317 577 2372; x_wconf 85' lang='grc' dir='ltr'>Μετά</span> <span class='ocrx_word' id='word_1_137' title='bbox 605 2317 731 2381; x_wconf 76' lang='grc' dir='ltr'>τοὺς</span> <span class='ocrx_word' id='word_1_138' title='bbox 763 2319 979 2383; x_wconf 78' lang='grc' dir='ltr'>πόνους,</span> <span class='ocrx_word' id='word_1_139' title='bbox 1014 2318 1197 2389; x_wconf 60' lang='grc' dir='ltr'>φησιν,</span> <span class='ocrx_word' id='word_1_140' title='bbox 1225 2317 1318 2381; x_wconf 81' lang='grc' dir='ltr'><strong>οὒς</strong></span> <span class='ocrx_word' id='word_1_141' title='bbox 1348 2318 1620 2389; x_wconf 81' lang='grc' dir='ltr'>ὑπομένω,</span> <span class='ocrx_word' id='word_1_142' title='bbox 1654 2320 1773 2371; x_wconf 78' lang='grc' dir='ltr'>τότε</span> 
     </span>
    </p>
   </div>
   <div class='ocr_carea' id='block_1_22' title="bbox 210 2402 1772 2479">
    <p class='ocr_par' dir='ltr' id='par_1_22' title="bbox 210 2402 1772 2479">
     <span class='ocr_line' id='line_1_22' title="bbox 210 2402 1772 2479; baseline 0.003 -24"><span class='ocrx_word' id='word_1_143' title='bbox 210 2402 269 2473; x_wconf 73' lang='grc' dir='ltr'><strong>δὴ</strong></span> <span class='ocrx_word' id='word_1_144' title='bbox 304 2404 469 2458; x_wconf 77' lang='grc' dir='ltr'>οἱονεὶ</span> <span class='ocrx_word' id='word_1_145' title='bbox 502 2404 666 2475; x_wconf 71' lang='grc' dir='ltr'>ἐλαίῳ</span> <span class='ocrx_word' id='word_1_146' title='bbox 711 2406 985 2477; x_wconf 79' lang='grc' dir='ltr'>χρήσομαι</span> <span class='ocrx_word' id='word_1_147' title='bbox 1014 2408 1093 2470; x_wconf 89' lang='grc' dir='ltr'>εἰς</span> <span class='ocrx_word' id='word_1_148' title='bbox 1138 2406 1402 2475; x_wconf 84' lang='grc' dir='ltr'>βασίλειον</span> <span class='ocrx_word' id='word_1_149' title='bbox 1445 2409 1772 2479; x_wconf 79' lang='grc' dir='ltr'>ἱεράτευμαο</span> 
     </span>
    </p>
   </div>
   <div class='ocr_carea' id='block_1_23' title="bbox 214 2495 1701 2570">
    <p class='ocr_par' dir='ltr' id='par_1_23' title="bbox 214 2495 1701 2570">
     <span class='ocr_line' id='line_1_23' title="bbox 214 2495 1701 2570; baseline 0.004 -24"><span class='ocrx_word' id='word_1_150' title='bbox 214 2495 303 2548; x_wconf 80' lang='grc' dir='ltr'>καὶ</span> <span class='ocrx_word' id='word_1_151' title='bbox 330 2495 492 2549; x_wconf 83' lang='grc' dir='ltr'>τοῦτό</span> <span class='ocrx_word' id='word_1_152' title='bbox 535 2513 625 2565; x_wconf 88' lang='grc' dir='ltr'><strong>μοι</strong></span> <span class='ocrx_word' id='word_1_153' title='bbox 653 2496 804 2549; x_wconf 76' lang='grc' dir='ltr'>ἔσται</span> <span class='ocrx_word' id='word_1_154' title='bbox 828 2497 935 2550; x_wconf 82' lang='grc' dir='ltr'>τῶν</span> <span class='ocrx_word' id='word_1_155' title='bbox 965 2497 1191 2569; x_wconf 81' lang='grc' dir='ltr'>μακρῶν</span> <span class='ocrx_word' id='word_1_156' title='bbox 1212 2499 1281 2550; x_wconf 87' lang='grc' dir='ltr'>πό</span> <span class='ocrx_word' id='word_1_157' title='bbox 1294 2516 1388 2551; x_wconf 62' lang='grc' dir='ltr'><strong>νων</strong></span> <span class='ocrx_word' id='word_1_158' title='bbox 1419 2500 1479 2551; x_wconf 81' lang='grc' dir='ltr'>τὸ</span> <span class='ocrx_word' id='word_1_159' title='bbox 1514 2498 1701 2570; x_wconf 78' lang='grc' dir='ltr'>γέρας.</span> 
     </span>
    </p>
   </div>
   <div class='ocr_carea' id='block_1_24' title="bbox 278 2586 1779 2660">
    <p class='ocr_par' dir='ltr' id='par_1_24' title="bbox 278 2586 1779 2660">
     <span class='ocr_line' id='line_1_24' title="bbox 278 2586 1779 2660; baseline -0.001 -18"><span class='ocrx_word' id='word_1_160' title='bbox 278 2587 384 2642; x_wconf 81' lang='grc' dir='ltr'><strong>Καὶ</strong></span> <span class='ocrx_word' id='word_1_161' title='bbox 414 2586 659 2642; x_wconf 78' lang='grc' dir='ltr'><strong>ἐπεῖδεν</strong></span> <span class='ocrx_word' id='word_1_162' title='bbox 700 2589 1065 2658; x_wconf 57' lang='grc' dir='ltr'><strong>ὀδόφθαλμός</strong></span> <span class='ocrx_word' id='word_1_163' title='bbox 1109 2608 1226 2660; x_wconf 82' lang='grc' dir='ltr'><strong>μου</strong></span> <span class='ocrx_word' id='word_1_164' title='bbox 1266 2590 1336 2643; x_wconf 79' lang='grc' dir='ltr'><strong>ἐν</strong></span> <span class='ocrx_word' id='word_1_165' title='bbox 1392 2590 1513 2657; x_wconf 83' lang='grc' dir='ltr'>τοῖς</span> <span class='ocrx_word' id='word_1_166' title='bbox 1546 2592 1779 2659; x_wconf 79' lang='grc' dir='ltr'>ἐχθροῖς</span> 
     </span>
    </p>
   </div>
   <div class='ocr_carea' id='block_1_25' title="bbox 210 2678 1780 2751">
    <p class='ocr_par' dir='ltr' id='par_1_25' title="bbox 210 2678 1780 2751">
     <span class='ocr_line' id='line_1_25' title="bbox 210 2678 1780 2751; baseline 0.003 -22"><span class='ocrx_word' id='word_1_167' title='bbox 210 2695 340 2746; x_wconf 79' lang='grc' dir='ltr'>μου.</span> <span class='ocrx_word' id='word_1_168' title='bbox 373 2680 570 2733; x_wconf 80' lang='grc' dir='ltr'>Ἔσται</span> <span class='ocrx_word' id='word_1_169' title='bbox 606 2695 695 2749; x_wconf 87' lang='grc' dir='ltr'><strong>μοι</strong></span> <span class='ocrx_word' id='word_1_170' title='bbox 748 2678 905 2733; x_wconf 89' lang='grc' dir='ltr'>τοῦτο</span> <span class='ocrx_word' id='word_1_171' title='bbox 953 2680 1091 2751; x_wconf 86' lang='grc' dir='ltr'><strong>μετά</strong></span> <span class='ocrx_word' id='word_1_172' title='bbox 1126 2680 1233 2734; x_wconf 81' lang='grc' dir='ltr'><strong>τῶν</strong></span> <span class='ocrx_word' id='word_1_173' title='bbox 1271 2682 1443 2734; x_wconf 80' lang='grc' dir='ltr'>ἄλλων</span> <span class='ocrx_word' id='word_1_174' title='bbox 1491 2681 1689 2745; x_wconf 81' lang='grc' dir='ltr'>καλῶν,</span> <span class='ocrx_word' id='word_1_175' title='bbox 1718 2682 1780 2733; x_wconf 83' lang='grc' dir='ltr'>τὸ</span> 
     </span>
    </p>
   </div>
   <div class='ocr_carea' id='block_1_26' title="bbox 213 2769 1777 2843">
    <p class='ocr_par' dir='ltr' id='par_1_26' title="bbox 213 2769 1777 2843">
     <span class='ocr_line' id='line_1_26' title="bbox 213 2769 1777 2843; baseline 0.003 -22"><span class='ocrx_word' id='word_1_176' title='bbox 213 2769 400 2841; x_wconf 76' lang='grc' dir='ltr'>θεατήν</span> <span class='ocrx_word' id='word_1_177' title='bbox 450 2787 522 2841; x_wconf 83' lang='grc' dir='ltr'><strong>με</strong></span> <span class='ocrx_word' id='word_1_178' title='bbox 562 2770 813 2839; x_wconf 81' lang='grc' dir='ltr'>γενέσθαι</span> <span class='ocrx_word' id='word_1_179' title='bbox 859 2771 1169 2826; x_wconf 84' lang='grc' dir='ltr'>πιπτόντων</span> <span class='ocrx_word' id='word_1_180' title='bbox 1208 2772 1317 2827; x_wconf 86' lang='grc' dir='ltr'>τῶν</span> <span class='ocrx_word' id='word_1_181' title='bbox 1344 2772 1642 2825; x_wconf 78' lang='grc' dir='ltr'>ὲπιὸούλων</span> <span class='ocrx_word' id='word_1_182' title='bbox 1677 2790 1777 2843; x_wconf 87' lang='grc' dir='ltr'><strong>μου</strong></span> 
     </span>
    </p>
   </div>
   <div class='ocr_carea' id='block_1_27' title="bbox 216 2862 541 2936">
    <p class='ocr_par' dir='ltr' id='par_1_27' title="bbox 216 2862 541 2936">
     <span class='ocr_line' id='line_1_27' title="bbox 216 2862 541 2936; baseline 0.003 -4"><span class='ocrx_word' id='word_1_183' title='bbox 216 2862 310 2932; x_wconf 79' lang='grc' dir='ltr'><strong>τῆς</strong></span> <span class='ocrx_word' id='word_1_184' title='bbox 338 2862 541 2936; x_wconf 71' lang='grc' dir='ltr'><strong>ψυχῆς·</strong></span> 
     </span>
    </p>
   </div>
   <div class='ocr_carea' id='block_1_28' title="bbox 282 2952 1781 3026">
    <p class='ocr_par' dir='ltr' id='par_1_28' title="bbox 282 2952 1781 3026">
     <span class='ocr_line' id='line_1_28' title="bbox 282 2952 1781 3026; baseline 0.003 -20"><span class='ocrx_word' id='word_1_185' title='bbox 282 2952 718 3022; x_wconf 58' lang='grc' dir='ltr'>Πεφυτευμένοι</span> <span class='ocrx_word' id='word_1_186' title='bbox 746 2953 815 3007; x_wconf 72' lang='grc' dir='ltr'><strong>ἐν</strong></span> <span class='ocrx_word' id='word_1_187' title='bbox 837 2954 915 3020; x_wconf 83' lang='grc' dir='ltr'>τῷ</span> <span class='ocrx_word' id='word_1_188' title='bbox 943 2955 1084 3019; x_wconf 78' lang='grc' dir='ltr'>οἴκῳ</span> <span class='ocrx_word' id='word_1_189' title='bbox 1111 2958 1350 3023; x_wconf 64' lang='grc' dir='ltr'>Κυρίου.</span> <span class='ocrx_word' id='word_1_190' title='bbox 1392 2952 1549 3011; x_wconf 70' lang='grc' dir='ltr'>Οὗτοι</span> <span class='ocrx_word' id='word_1_191' title='bbox 1572 2957 1647 3019; x_wconf 77' lang='grc' dir='ltr'>δὲ,</span> <span class='ocrx_word' id='word_1_192' title='bbox 1679 2974 1781 3026; x_wconf 77' lang='grc' dir='ltr'><strong>φη-</strong></span> 
     </span>
    </p>
   </div>
   <div class='ocr_carea' id='block_1_29' title="bbox 219 3043 1781 3117">
    <p class='ocr_par' dir='ltr' id='par_1_29' title="bbox 219 3043 1781 3117">
     <span class='ocr_line' id='line_1_29' title="bbox 219 3043 1781 3117; baseline 0.001 -20"><span class='ocrx_word' id='word_1_193' title='bbox 219 3046 317 3107; x_wconf 73' lang='grc' dir='ltr'>σὶν,</span> <span class='ocrx_word' id='word_1_194' title='bbox 348 3047 397 3097; x_wconf 84' lang='grc' dir='ltr'>οἱ</span> <span class='ocrx_word' id='word_1_195' title='bbox 420 3043 634 3107; x_wconf 74' lang='grc' dir='ltr'>τούτοις</span> <span class='ocrx_word' id='word_1_196' title='bbox 665 3045 1051 3115; x_wconf 69' lang='grc' dir='ltr'>ἀπεικασμένα</span> <span class='ocrx_word' id='word_1_197' title='bbox 1078 3048 1186 3110; x_wconf 83' lang='grc' dir='ltr'>τοῖς</span> <span class='ocrx_word' id='word_1_198' title='bbox 1222 3046 1453 3117; x_wconf 78' lang='grc' dir='ltr'>κέδροις,</span> <span class='ocrx_word' id='word_1_199' title='bbox 1483 3046 1781 3117; x_wconf 71' lang='grc' dir='ltr'>φυτουργὸν</span> 
     </span>
    </p>
   </div>
   <div class='ocr_carea' id='block_1_30' title="bbox 221 3135 1777 3209">
    <p class='ocr_par' dir='ltr' id='par_1_30' title="bbox 221 3135 1777 3209">
     <span class='ocr_line' id='line_1_30' title="bbox 221 3135 1777 3209; baseline 0.001 -21"><span class='ocrx_word' id='word_1_200' title='bbox 221 3136 313 3205; x_wconf 81' lang='grc' dir='ltr'>μὲν</span> <span class='ocrx_word' id='word_1_201' title='bbox 347 3136 531 3205; x_wconf 74' lang='grc' dir='ltr'>ἔχουσι</span> <span class='ocrx_word' id='word_1_202' title='bbox 568 3135 658 3189; x_wconf 74' lang='grc' dir='ltr'><strong>τὸν</strong></span> <span class='ocrx_word' id='word_1_203' title='bbox 698 3136 848 3201; x_wconf 69' lang='grc' dir='ltr'>Θεὸν,</span> <span class='ocrx_word' id='word_1_204' title='bbox 895 3138 1216 3209; x_wconf 77' lang='grc' dir='ltr'>παράδεισον</span> <span class='ocrx_word' id='word_1_205' title='bbox 1244 3139 1299 3192; x_wconf 79' lang='grc' dir='ltr'><strong>δὲ</strong></span> <span class='ocrx_word' id='word_1_206' title='bbox 1325 3139 1414 3191; x_wconf 80' lang='grc' dir='ltr'>τὸν</span> <span class='ocrx_word' id='word_1_207' title='bbox 1450 3139 1590 3193; x_wconf 85' lang='grc' dir='ltr'>θεῖον</span> <span class='ocrx_word' id='word_1_208' title='bbox 1624 3136 1777 3192; x_wconf 83' lang='grc' dir='ltr'>νεών.</span> 
     </span>
    </p>
   </div>
   <div class='ocr_carea' id='block_1_31' title="bbox 230 3222 1779 3296">
    <p class='ocr_par' dir='ltr' id='par_1_31' title="bbox 230 3222 1779 3296">
     <span class='ocr_line' id='line_1_31' title="bbox 230 3222 1779 3296; baseline 0.005 -23"><span class='ocrx_word' id='word_1_209' title='bbox 230 3222 319 3273; x_wconf 81' lang='grc' dir='ltr'><strong>Ἐν</strong></span> <span class='ocrx_word' id='word_1_210' title='bbox 339 3222 473 3289; x_wconf 80' lang='grc' dir='ltr'>ταῖς</span> <span class='ocrx_word' id='word_1_211' title='bbox 508 3224 723 3290; x_wconf 75' lang='grc' dir='ltr'>αὐλαῖς</span> <span class='ocrx_word' id='word_1_212' title='bbox 748 3224 855 3279; x_wconf 82' lang='grc' dir='ltr'><strong>τοῦ</strong></span> <span class='ocrx_word' id='word_1_213' title='bbox 884 3227 1031 3281; x_wconf 85' lang='grc' dir='ltr'><strong>Θεοῦ</strong></span> <span class='ocrx_word' id='word_1_214' title='bbox 1061 3227 1231 3296; x_wconf 72' lang='grc' dir='ltr'><strong>ἡμῶν</strong></span> <span class='ocrx_word' id='word_1_215' title='bbox 1250 3227 1647 3292; x_wconf 72' lang='grc' dir='ltr'>ἀνθήσουσιν.</span> <span class='ocrx_word' id='word_1_216' title='bbox 1691 3229 1779 3281; x_wconf 83' lang='grc' dir='ltr'>Ἐν</span> 
     </span>
    </p>
   </div>
   <div class='ocr_carea' id='block_1_32' title="bbox 1309 461 2329 519">
    <p class='ocr_par' dir='ltr' id='par_1_32' title="bbox 1309 461 2329 519">
     <span class='ocr_line' id='line_1_32' title="bbox 1309 461 2329 519; baseline -0.002 -1"><span class='ocrx_word' id='word_1_217' title='bbox 1309 463 1659 519; x_wconf 81' lang='lat' dir='ltr'><strong>EXPOSITIO</strong></span> <span class='ocrx_word' id='word_1_218' title='bbox 1701 464 1764 519; x_wconf 82' lang='lat' dir='ltr'><strong>IN</strong></span> <span class='ocrx_word' id='word_1_219' title='bbox 1806 462 2133 519; x_wconf 76' lang='lat' dir='ltr'><strong>PSALMUM</strong></span> <span class='ocrx_word' id='word_1_220' title='bbox 2176 461 2329 516; x_wconf 72' lang='lat' dir='ltr'><strong>XCII.</strong></span> 
     </span>
    </p>
   </div>
   <div class='ocr_carea' id='block_1_33' title="bbox 3319 459 3422 516">
    <p class='ocr_par' dir='ltr' id='par_1_33' title="bbox 3319 459 3422 516">
     <span class='ocr_line' id='line_1_33' title="bbox 3319 459 3422 516; baseline 0 0"><span class='ocrx_word' id='word_1_221' title='bbox 3319 459 3422 516; x_wconf 69' lang='lat'><strong>406</strong></span> 
     </span>
    </p>
   </div>
   <div class='ocr_carea' id='block_1_34' title="bbox 1148 575 1778 655">
    <p class='ocr_par' dir='ltr' id='par_1_34' title="bbox 1148 583 1762 655">
     <span class='ocr_line' id='line_1_34' title="bbox 1148 583 1762 655; baseline 0 -19"><span class='ocrx_word' id='word_1_222' title='bbox 1148 587 1250 655; x_wconf 72' lang='grc' dir='ltr'>μὴν</span> <span class='ocrx_word' id='word_1_223' title='bbox 1299 583 1431 637; x_wconf 79' lang='grc' dir='ltr'>ἀκού</span> <span class='ocrx_word' id='word_1_224' title='bbox 1441 600 1588 637; x_wconf 82' lang='grc' dir='ltr'>σεται</span> <span class='ocrx_word' id='word_1_225' title='bbox 1636 600 1699 635; x_wconf 88' lang='grc' dir='ltr'><strong>πε</strong></span> <span class='ocrx_word' id='word_1_226' title='bbox 1710 588 1762 655; x_wconf 78' lang='grc' dir='ltr'>ρὶ</span> 
     </span>
    </p>
   </div>
   <div class='ocr_carea' id='block_1_35' title="bbox 1875 575 3421 655">
    <p class='ocr_par' dir='ltr' id='par_1_35' title="bbox 1875 575 3421 651">
     <span class='ocr_line' id='line_1_35' title="bbox 1875 575 3421 651; baseline -0.006 -17"><span class='ocrx_word' id='word_1_227' title='bbox 1875 580 2218 651; x_wconf 79' lang='lat' dir='ltr'><strong>intelligentia</strong></span> <span class='ocrx_word' id='word_1_228' title='bbox 2253 591 2477 642; x_wconf 62' lang='lat' dir='ltr'><strong>vacuus,</strong></span> <span class='ocrx_word' id='word_1_229' title='bbox 2508 576 2639 630; x_wconf 80' lang='lat' dir='ltr'><strong>nihil</strong></span> <span class='ocrx_word' id='word_1_230' title='bbox 2684 576 2879 631; x_wconf 88' lang='lat' dir='ltr'><strong>horum</strong></span> <span class='ocrx_word' id='word_1_231' title='bbox 2926 575 3220 645; x_wconf 75' lang='lat' dir='ltr'><strong>cognoscit,</strong></span> <span class='ocrx_word' id='word_1_232' title='bbox 3249 590 3421 643; x_wconf 81' lang='lat' dir='ltr'><strong>neque</strong></span> 
     </span>
    </p>
   </div>
   <div class='ocr_carea' id='block_1_36' title="bbox 1864 669 2572 744">
    <p class='ocr_par' dir='ltr' id='par_1_36' title="bbox 1864 669 2572 744">
     <span class='ocr_line' id='line_1_36' title="bbox 1864 669 2572 744; baseline -0.001 -20"><span class='ocrx_word' id='word_1_233' title='bbox 1864 673 2138 744; x_wconf 80' lang='lat' dir='ltr'><strong>quidpiam</strong></span> <span class='ocrx_word' id='word_1_234' title='bbox 2170 671 2235 726; x_wconf 89' lang='lat' dir='ltr'><strong>de</strong></span> <span class='ocrx_word' id='word_1_235' title='bbox 2262 670 2346 724; x_wconf 91' lang='lat' dir='ltr'><strong>his</strong></span> <span class='ocrx_word' id='word_1_236' title='bbox 2371 669 2572 723; x_wconf 89' lang='lat' dir='ltr'><strong>audiet.</strong></span> 
     </span>
    </p>
   </div>
   <div class='ocr_carea' id='block_1_37' title="bbox 1935 758 3421 833">
    <p class='ocr_par' dir='ltr' id='par_1_37' title="bbox 1935 758 3421 833">
     <span class='ocr_line' id='line_1_37' title="bbox 1935 758 3421 833; baseline -0.004 -14"><span class='ocrx_word' id='word_1_237' title='bbox 1935 765 1987 819; x_wconf 89' lang='lat'><strong>8.</strong></span> <span class='ocrx_word' id='word_1_238' title='bbox 2021 766 2150 820; x_wconf 81' lang='lat' dir='ltr'><strong>Cum</strong></span> <span class='ocrx_word' id='word_1_239' title='bbox 2173 764 2342 818; x_wconf 73' lang='lat' dir='ltr'><strong>exorti</strong></span> <span class='ocrx_word' id='word_1_240' title='bbox 2372 763 2569 833; x_wconf 77' lang='lat' dir='ltr'><strong>fuerint</strong></span> <span class='ocrx_word' id='word_1_241' title='bbox 2591 771 2881 830; x_wconf 78' lang='lat' dir='ltr'><strong>peccatores</strong></span> <span class='ocrx_word' id='word_1_242' title='bbox 2931 761 3063 813; x_wconf 75' lang='lat' dir='ltr'><strong>sicut</strong></span> <span class='ocrx_word' id='word_1_243' title='bbox 3098 759 3289 828; x_wconf 78' lang='lat' dir='ltr'><strong>fenum.</strong></span> <span class='ocrx_word' id='word_1_244' title='bbox 3321 758 3421 824; x_wconf 81' lang='lat' dir='ltr'><strong>Qui</strong></span> 
     </span>
    </p>
   </div>
   <div class='ocr_carea' id='block_1_38' title="bbox 1866 848 3421 921">
    <p class='ocr_par' dir='ltr' id='par_1_38' title="bbox 1866 848 3421 921">
     <span class='ocr_line' id='line_1_38' title="bbox 1866 848 3421 921; baseline -0.005 -13"><span class='ocrx_word' id='word_1_245' title='bbox 1866 868 1974 908; x_wconf 88' lang='lat' dir='ltr'><strong>non</strong></span> <span class='ocrx_word' id='word_1_246' title='bbox 2006 851 2309 919; x_wconf 81' lang='lat' dir='ltr'><strong>intelligunt</strong></span> <span class='ocrx_word' id='word_1_247' title='bbox 2339 852 2678 921; x_wconf 77' lang='lat' dir='ltr'><strong>mysterium,</strong></span> <span class='ocrx_word' id='word_1_248' title='bbox 2708 850 2803 916; x_wconf 91' lang='lat' dir='ltr'><strong>ait,</strong></span> <span class='ocrx_word' id='word_1_249' title='bbox 2831 849 2986 920; x_wconf 90' lang='lat' dir='ltr'><strong>quasi</strong></span> <span class='ocrx_word' id='word_1_250' title='bbox 3032 848 3210 903; x_wconf 80' lang='lat' dir='ltr'><strong>fenum</strong></span> <span class='ocrx_word' id='word_1_251' title='bbox 3240 859 3421 911; x_wconf 86' lang='lat' dir='ltr'><strong>erunt,</strong></span> 
     </span>
    </p>
   </div>
   <div class='ocr_carea' id='block_1_39' title="bbox 1868 940 3425 1011">
    <p class='ocr_par' dir='ltr' id='par_1_39' title="bbox 1868 940 3425 1011">
     <span class='ocr_line' id='line_1_39' title="bbox 1868 940 3425 1011; baseline -0.003 -15"><span class='ocrx_word' id='word_1_252' title='bbox 1868 958 1976 997; x_wconf 90' lang='lat' dir='ltr'><strong>non</strong></span> <span class='ocrx_word' id='word_1_253' title='bbox 2027 942 2288 997; x_wconf 83' lang='lat' dir='ltr'><strong>habentes</strong></span> <span class='ocrx_word' id='word_1_254' title='bbox 2340 940 2782 1011; x_wconf 80' lang='lat' dir='ltr'><strong>profunditatem,</strong></span> <span class='ocrx_word' id='word_1_255' title='bbox 2833 955 2899 995; x_wconf 92' lang='lat' dir='ltr'><strong>ac</strong></span> <span class='ocrx_word' id='word_1_256' title='bbox 2961 940 3069 995; x_wconf 90' lang='lat' dir='ltr'><strong>cito</strong></span> <span class='ocrx_word' id='word_1_257' title='bbox 3113 942 3329 1003; x_wconf 82' lang='lat' dir='ltr'><strong>cadent,</strong></span> <span class='ocrx_word' id='word_1_258' title='bbox 3373 948 3425 994; x_wconf 87' lang='lat' dir='ltr'><strong>et</strong></span> 
     </span>
    </p>
   </div>
   <div class='ocr_carea' id='block_1_40' title="bbox 1865 1043 2131 1089">
    <p class='ocr_par' dir='ltr' id='par_1_40' title="bbox 1865 1043 2131 1089">
     <span class='ocr_line' id='line_1_40' title="bbox 1865 1043 2131 1089; baseline 0.004 -2"><span class='ocrx_word' id='word_1_259' title='bbox 1865 1043 2131 1089; x_wconf 85' lang='lat' dir='ltr'><strong>arescent.</strong></span> 
     </span>
    </p>
   </div>
   <div class='ocr_carea' id='block_1_41' title="bbox 1938 1122 3422 1179">
    <p class='ocr_par' dir='ltr' id='par_1_41' title="bbox 1938 1122 3422 1179">
     <span class='ocr_line' id='line_1_41' title="bbox 1938 1122 3422 1179; baseline -0.003 -1"><span class='ocrx_word' id='word_1_260' title='bbox 1938 1125 2023 1179; x_wconf 89' lang='grc'><strong>11.</strong></span> <span class='ocrx_word' id='word_1_261' title='bbox 2060 1123 2129 1177; x_wconf 85' lang='grc' dir='ltr'>Ει</span> <span class='ocrx_word' id='word_1_262' title='bbox 2180 1122 2504 1178; x_wconf 75' lang='lat' dir='ltr'><strong>exaltabitur</strong></span> <span class='ocrx_word' id='word_1_263' title='bbox 2538 1122 2669 1177; x_wconf 83' lang='lat' dir='ltr'><strong>sicut</strong></span> <span class='ocrx_word' id='word_1_264' title='bbox 2715 1124 2979 1177; x_wconf 85' lang='lat' dir='ltr'><strong>unicoruis</strong></span> <span class='ocrx_word' id='word_1_265' title='bbox 3032 1139 3192 1176; x_wconf 86' lang='lat' dir='ltr'><strong>cornu</strong></span> <span class='ocrx_word' id='word_1_266' title='bbox 3235 1138 3422 1176; x_wconf 87' lang='lat' dir='ltr'><strong>meum.</strong></span> 
     </span>
    </p>
   </div>
   <div class='ocr_carea' id='block_1_42' title="bbox 1867 1215 3425 1287">
    <p class='ocr_par' dir='ltr' id='par_1_42' title="bbox 1867 1215 3425 1287">
     <span class='ocr_line' id='line_1_42' title="bbox 1867 1215 3425 1287; baseline -0.004 -15"><span class='ocrx_word' id='word_1_267' title='bbox 1867 1217 2116 1284; x_wconf 82' lang='lat' dir='ltr'><strong>Quando,</strong></span> <span class='ocrx_word' id='word_1_268' title='bbox 2149 1217 2343 1285; x_wconf 87' lang='lat' dir='ltr'><strong>inquit,</strong></span> <span class='ocrx_word' id='word_1_269' title='bbox 2375 1218 2626 1287; x_wconf 86' lang='lat' dir='ltr'><strong>peribunt.</strong></span> <span class='ocrx_word' id='word_1_270' title='bbox 2681 1215 2885 1271; x_wconf 88' lang='lat' dir='ltr'><strong>inimici</strong></span> <span class='ocrx_word' id='word_1_271' title='bbox 2940 1225 2993 1270; x_wconf 90' lang='lat' dir='ltr'><strong>et</strong></span> <span class='ocrx_word' id='word_1_272' title='bbox 3034 1216 3425 1285; x_wconf 79' lang='lat' dir='ltr'><strong>dispergentur,</strong></span> 
     </span>
    </p>
   </div>
   <div class='ocr_carea' id='block_1_43' title="bbox 1868 1310 3428 1378">
    <p class='ocr_par' dir='ltr' id='par_1_43' title="bbox 1868 1310 3428 1378">
     <span class='ocr_line' id='line_1_43' title="bbox 1868 1310 3428 1378; baseline -0.001 -14"><span class='ocrx_word' id='word_1_273' title='bbox 1868 1322 1999 1366; x_wconf 86' lang='lat' dir='ltr'><strong>tunc</strong></span> <span class='ocrx_word' id='word_1_274' title='bbox 2044 1326 2213 1365; x_wconf 91' lang='lat' dir='ltr'><strong>cornu</strong></span> <span class='ocrx_word' id='word_1_275' title='bbox 2244 1326 2446 1373; x_wconf 87' lang='lat' dir='ltr'><strong>meum,</strong></span> <span class='ocrx_word' id='word_1_276' title='bbox 2510 1310 2754 1365; x_wconf 75' lang='lat' dir='ltr'><strong>videlicet</strong></span> <span class='ocrx_word' id='word_1_277' title='bbox 2796 1324 3022 1378; x_wconf 68' lang='lat' dir='ltr'><strong>regnum</strong></span> <span class='ocrx_word' id='word_1_278' title='bbox 3051 1317 3428 1378; x_wconf 75' lang='lat' dir='ltr'><strong>prmparatum,</strong></span> 
     </span>
    </p>
   </div>
   <div class='ocr_carea' id='block_1_44' title="bbox 1869 1400 3431 1472">
    <p class='ocr_par' dir='ltr' id='par_1_44' title="bbox 1869 1400 3431 1472">
     <span class='ocr_line' id='line_1_44' title="bbox 1869 1400 3431 1472; baseline -0.005 -14"><span class='ocrx_word' id='word_1_279' title='bbox 1869 1402 2190 1472; x_wconf 69' lang='lat' dir='ltr'><strong>prmclarum</strong></span> <span class='ocrx_word' id='word_1_280' title='bbox 2230 1402 2350 1456; x_wconf 91' lang='lat' dir='ltr'><strong>erit.</strong></span> <span class='ocrx_word' id='word_1_281' title='bbox 2384 1400 2493 1456; x_wconf 79' lang='lat' dir='ltr'><strong>Nos</strong></span> <span class='ocrx_word' id='word_1_282' title='bbox 2531 1412 2733 1465; x_wconf 89' lang='lat' dir='ltr'><strong>autem,</strong></span> <span class='ocrx_word' id='word_1_283' title='bbox 2786 1402 2879 1471; x_wconf 85' lang='lat' dir='ltr'><strong>qui</strong></span> <span class='ocrx_word' id='word_1_284' title='bbox 2907 1410 2997 1454; x_wconf 89' lang='lat' dir='ltr'><strong>tua</strong></span> <span class='ocrx_word' id='word_1_285' title='bbox 3026 1415 3214 1455; x_wconf 82' lang='lat' dir='ltr'><strong>smnus</strong></span> <span class='ocrx_word' id='word_1_286' title='bbox 3251 1400 3431 1469; x_wconf 81' lang='lat' dir='ltr'><strong>cogni-</strong></span> 
     </span>
    </p>
   </div>
   <div class='ocr_carea' id='block_1_45' title="bbox 1872 1490 3429 1556">
    <p class='ocr_par' dir='ltr' id='par_1_45' title="bbox 1872 1490 3429 1556">
     <span class='ocr_line' id='line_1_45' title="bbox 1872 1490 3429 1556; baseline -0.003 -10"><span class='ocrx_word' id='word_1_287' title='bbox 1872 1494 2018 1548; x_wconf 88' lang='lat' dir='ltr'><strong>tione</strong></span> <span class='ocrx_word' id='word_1_288' title='bbox 2070 1493 2341 1556; x_wconf 85' lang='lat' dir='ltr'><strong>instructi,</strong></span> <span class='ocrx_word' id='word_1_289' title='bbox 2396 1509 2518 1546; x_wconf 87' lang='lat' dir='ltr'><strong>cum</strong></span> <span class='ocrx_word' id='word_1_290' title='bbox 2566 1493 2776 1546; x_wconf 88' lang='lat' dir='ltr'><strong>ruinam</strong></span> <span class='ocrx_word' id='word_1_291' title='bbox 2830 1490 3171 1545; x_wconf 83' lang='lat' dir='ltr'><strong>inimicorum</strong></span> <span class='ocrx_word' id='word_1_292' title='bbox 3217 1500 3429 1543; x_wconf 91' lang='lat' dir='ltr'><strong>tuorum</strong></span> 
     </span>
    </p>
   </div>
   <div class='ocr_carea' id='block_1_46' title="bbox 1870 1582 3433 1654">
    <p class='ocr_par' dir='ltr' id='par_1_46' title="bbox 1870 1582 3433 1654">
     <span class='ocr_line' id='line_1_46' title="bbox 1870 1582 3433 1654; baseline -0.003 -15"><span class='ocrx_word' id='word_1_293' title='bbox 1870 1584 2559 1654; x_wconf 67' lang='lat' dir='ltr'><strong>viderimus,gloriabimur</strong></span> <span class='ocrx_word' id='word_1_294' title='bbox 2591 1594 2642 1638; x_wconf 86' lang='lat' dir='ltr'><strong>et</strong></span> <span class='ocrx_word' id='word_1_295' title='bbox 2665 1584 2831 1637; x_wconf 89' lang='lat' dir='ltr'><strong>altum</strong></span> <span class='ocrx_word' id='word_1_296' title='bbox 2867 1583 3140 1652; x_wconf 89' lang='lat' dir='ltr'><strong>sapiemus</strong></span> <span class='ocrx_word' id='word_1_297' title='bbox 3169 1582 3222 1636; x_wconf 90' lang='lat' dir='ltr'><strong>in</strong></span> <span class='ocrx_word' id='word_1_298' title='bbox 3249 1591 3322 1650; x_wconf 88' lang='lat' dir='ltr'><strong>te,</strong></span> <span class='ocrx_word' id='word_1_299' title='bbox 3350 1593 3433 1636; x_wconf 86' lang='lat' dir='ltr'><strong>ut-</strong></span> 
     </span>
    </p>
   </div>
   <div class='ocr_carea' id='block_1_47' title="bbox 1872 1675 3432 1747">
    <p class='ocr_par' dir='ltr' id='par_1_47' title="bbox 1872 1675 3432 1747">
     <span class='ocr_line' id='line_1_47' title="bbox 1872 1675 3432 1747; baseline -0.001 -17"><span class='ocrx_word' id='word_1_300' title='bbox 1872 1689 1995 1747; x_wconf 84' lang='lat' dir='ltr'><strong>pote</strong></span> <span class='ocrx_word' id='word_1_301' title='bbox 2024 1693 2054 1732; x_wconf 89' lang='lat' dir='ltr'><strong>a</strong></span> <span class='ocrx_word' id='word_1_302' title='bbox 2079 1679 2304 1732; x_wconf 87' lang='lat' dir='ltr'><strong>deorum</strong></span> <span class='ocrx_word' id='word_1_303' title='bbox 2338 1677 2633 1731; x_wconf 86' lang='lat' dir='ltr'><strong>multorum</strong></span> <span class='ocrx_word' id='word_1_304' title='bbox 2688 1691 2872 1731; x_wconf 88' lang='lat' dir='ltr'><strong>errore</strong></span> <span class='ocrx_word' id='word_1_305' title='bbox 2911 1675 3146 1740; x_wconf 87' lang='lat' dir='ltr'><strong>liberati,</strong></span> <span class='ocrx_word' id='word_1_306' title='bbox 3180 1685 3233 1730; x_wconf 88' lang='lat' dir='ltr'><strong>et</strong></span> <span class='ocrx_word' id='word_1_307' title='bbox 3260 1685 3313 1730; x_wconf 88' lang='lat' dir='ltr'><strong>te</strong></span> <span class='ocrx_word' id='word_1_308' title='bbox 3340 1675 3432 1744; x_wconf 80' lang='lat' dir='ltr'><strong>qui</strong></span> 
     </span>
    </p>
   </div>
   <div class='ocr_carea' id='block_1_48' title="bbox 1876 1767 3432 1825">
    <p class='ocr_par' dir='ltr' id='par_1_48' title="bbox 1876 1767 3432 1825">
     <span class='ocr_line' id='line_1_48' title="bbox 1876 1767 3432 1825; baseline 0 -6"><span class='ocrx_word' id='word_1_309' title='bbox 1876 1786 1997 1825; x_wconf 70' lang='lat' dir='ltr'><strong>rere</strong></span> <span class='ocrx_word' id='word_1_310' title='bbox 2025 1770 2167 1825; x_wconf 81' lang='lat' dir='ltr'><strong>Deus</strong></span> <span class='ocrx_word' id='word_1_311' title='bbox 2202 1784 2261 1823; x_wconf 88' lang='lat' dir='ltr'><strong>cs</strong></span> <span class='ocrx_word' id='word_1_312' title='bbox 2297 1769 2605 1824; x_wconf 86' lang='lat' dir='ltr'><strong>adorantes.</strong></span> <span class='ocrx_word' id='word_1_313' title='bbox 2635 1767 2768 1823; x_wconf 79' lang='lat' dir='ltr'><strong>Nam</strong></span> <span class='ocrx_word' id='word_1_314' title='bbox 2821 1768 3084 1823; x_wconf 90' lang='lat' dir='ltr'><strong>unicornu</strong></span> <span class='ocrx_word' id='word_1_315' title='bbox 3117 1770 3204 1824; x_wconf 90' lang='lat' dir='ltr'><strong>hic</strong></span> <span class='ocrx_word' id='word_1_316' title='bbox 3244 1769 3432 1822; x_wconf 88' lang='lat' dir='ltr'><strong>iterum</strong></span> 
     </span>
    </p>
   </div>
   <div class='ocr_carea' id='block_1_49' title="bbox 1875 1857 3434 1931">
    <p class='ocr_par' dir='ltr' id='par_1_49' title="bbox 1875 1857 3434 1931">
     <span class='ocr_line' id='line_1_49' title="bbox 1875 1857 3434 1931; baseline -0.003 -18"><span class='ocrx_word' id='word_1_317' title='bbox 1875 1861 2177 1931; x_wconf 88' lang='lat' dir='ltr'><strong>proposuit,</strong></span> <span class='ocrx_word' id='word_1_318' title='bbox 2211 1868 2269 1913; x_wconf 89' lang='lat' dir='ltr'><strong>ut</strong></span> <span class='ocrx_word' id='word_1_319' title='bbox 2297 1875 2392 1929; x_wconf 90' lang='lat' dir='ltr'><strong>per</strong></span> <span class='ocrx_word' id='word_1_320' title='bbox 2442 1874 2612 1913; x_wconf 91' lang='lat' dir='ltr'><strong>unum</strong></span> <span class='ocrx_word' id='word_1_321' title='bbox 2668 1873 2857 1924; x_wconf 89' lang='lat' dir='ltr'><strong>cornu,</strong></span> <span class='ocrx_word' id='word_1_322' title='bbox 2891 1874 3058 1911; x_wconf 89' lang='lat' dir='ltr'><strong>unum</strong></span> <span class='ocrx_word' id='word_1_323' title='bbox 3111 1857 3434 1927; x_wconf 78' lang='lat' dir='ltr'><strong>signiﬁcaret</strong></span> 
     </span>
    </p>
   </div>
   <div class='ocr_carea' id='block_1_50' title="bbox 1806 1936 3433 2021">
    <p class='ocr_par' dir='ltr' id='par_1_50' title="bbox 1806 1936 3433 2021">
     <span class='ocr_line' id='line_1_50' title="bbox 1806 1936 3433 2021; baseline -0.003 -14"><span class='ocrx_word' id='word_1_324' title='bbox 1806 1936 1845 1992; x_wconf 70' lang='grc' dir='ltr'>Β</span> <span class='ocrx_word' id='word_1_325' title='bbox 1876 1955 2065 2010; x_wconf 90' lang='lat' dir='ltr'><strong>Deum.</strong></span> <span class='ocrx_word' id='word_1_326' title='bbox 2091 1953 2559 2021; x_wconf 81' lang='lat' dir='ltr'><strong>Quemadmodum</strong></span> <span class='ocrx_word' id='word_1_327' title='bbox 2596 1952 2738 2007; x_wconf 89' lang='lat' dir='ltr'><strong>enim</strong></span> <span class='ocrx_word' id='word_1_328' title='bbox 2773 1951 2904 2006; x_wconf 90' lang='lat' dir='ltr'><strong>illud</strong></span> <span class='ocrx_word' id='word_1_329' title='bbox 2935 1950 3153 2015; x_wconf 86' lang='lat' dir='ltr'><strong>animal,</strong></span> <span class='ocrx_word' id='word_1_330' title='bbox 3210 1964 3374 2003; x_wconf 88' lang='lat' dir='ltr'><strong>unum</strong></span> <span class='ocrx_word' id='word_1_331' title='bbox 3404 1966 3433 2001; x_wconf 70' lang='grc' dir='ltr'><strong>ει</strong></span> 
     </span>
    </p>
   </div>
   <div class='ocr_carea' id='block_1_51' title="bbox 1876 2044 3433 2115">
    <p class='ocr_par' dir='ltr' id='par_1_51' title="bbox 1876 2044 3433 2115">
     <span class='ocr_line' id='line_1_51' title="bbox 1876 2044 3433 2115; baseline -0.006 -14"><span class='ocrx_word' id='word_1_332' title='bbox 1876 2056 2068 2101; x_wconf 83' lang='lat' dir='ltr'><strong>natura</strong></span> <span class='ocrx_word' id='word_1_333' title='bbox 2117 2062 2286 2102; x_wconf 89' lang='lat' dir='ltr'><strong>cornu</strong></span> <span class='ocrx_word' id='word_1_334' title='bbox 2344 2047 2592 2115; x_wconf 89' lang='lat' dir='ltr'><strong>accepit;</strong></span> <span class='ocrx_word' id='word_1_335' title='bbox 2626 2045 2704 2098; x_wconf 88' lang='lat' dir='ltr'><strong>sic</strong></span> <span class='ocrx_word' id='word_1_336' title='bbox 2748 2045 2951 2099; x_wconf 87' lang='lat' dir='ltr'><strong>alumni</strong></span> <span class='ocrx_word' id='word_1_337' title='bbox 3011 2044 3228 2114; x_wconf 79' lang='lat' dir='ltr'><strong>pictatis</strong></span> <span class='ocrx_word' id='word_1_338' title='bbox 3273 2058 3433 2097; x_wconf 88' lang='lat' dir='ltr'><strong>unam</strong></span> 
     </span>
    </p>
   </div>
   <div class='ocr_carea' id='block_1_52' title="bbox 1875 2133 3433 2205">
    <p class='ocr_par' dir='ltr' id='par_1_52' title="bbox 1875 2133 3433 2205">
     <span class='ocr_line' id='line_1_52' title="bbox 1875 2133 3433 2205; baseline -0.004 -14"><span class='ocrx_word' id='word_1_339' title='bbox 1875 2138 2179 2191; x_wconf 86' lang='lat' dir='ltr'><strong>adorabunt</strong></span> <span class='ocrx_word' id='word_1_340' title='bbox 2206 2137 2475 2191; x_wconf 86' lang='lat' dir='ltr'><strong>deitatem.</strong></span> <span class='ocrx_word' id='word_1_341' title='bbox 2516 2135 2578 2187; x_wconf 88' lang='lat' dir='ltr'><strong>Et</strong></span> <span class='ocrx_word' id='word_1_342' title='bbox 2607 2146 2838 2190; x_wconf 78' lang='lat' dir='ltr'><strong>senectus</strong></span> <span class='ocrx_word' id='word_1_343' title='bbox 2873 2153 2986 2189; x_wconf 86' lang='lat' dir='ltr'><strong>mea</strong></span> <span class='ocrx_word' id='word_1_344' title='bbox 3036 2136 3087 2188; x_wconf 88' lang='lat' dir='ltr'><strong>in</strong></span> <span class='ocrx_word' id='word_1_345' title='bbox 3112 2136 3220 2189; x_wconf 85' lang='lat' dir='ltr'><strong>oleo</strong></span> <span class='ocrx_word' id='word_1_346' title='bbox 3240 2133 3433 2205; x_wconf 78' lang='lat' dir='ltr'><strong>pingui.</strong></span> 
     </span>
    </p>
   </div>
   <div class='ocr_carea' id='block_1_53' title="bbox 1876 2224 3438 2295">
    <p class='ocr_par' dir='ltr' id='par_1_53' title="bbox 1876 2224 3438 2295">
     <span class='ocr_line' id='line_1_53' title="bbox 1876 2224 3438 2295; baseline -0.001 -15"><span class='ocrx_word' id='word_1_347' title='bbox 1876 2226 2002 2280; x_wconf 83' lang='lat' dir='ltr'><strong>Post</strong></span> <span class='ocrx_word' id='word_1_348' title='bbox 2029 2227 2241 2281; x_wconf 84' lang='lat' dir='ltr'><strong>labores</strong></span> <span class='ocrx_word' id='word_1_349' title='bbox 2294 2241 2435 2295; x_wconf 87' lang='lat' dir='ltr'><strong>quos</strong></span> <span class='ocrx_word' id='word_1_350' title='bbox 2486 2224 2742 2289; x_wconf 84' lang='lat' dir='ltr'><strong>sustinui,</strong></span> <span class='ocrx_word' id='word_1_351' title='bbox 2786 2224 2981 2295; x_wconf 83' lang='lat' dir='ltr'><strong>inquit,</strong></span> <span class='ocrx_word' id='word_1_352' title='bbox 3034 2235 3160 2278; x_wconf 91' lang='lat' dir='ltr'><strong>tunc</strong></span> <span class='ocrx_word' id='word_1_353' title='bbox 3188 2239 3286 2278; x_wconf 91' lang='lat' dir='ltr'><strong>ceu</strong></span> <span class='ocrx_word' id='word_1_354' title='bbox 3320 2224 3438 2278; x_wconf 87' lang='lat' dir='ltr'><strong>oleo</strong></span> 
     </span>
    </p>
   </div>
   <div class='ocr_carea' id='block_1_54' title="bbox 1877 2313 3436 2388">
    <p class='ocr_par' dir='ltr' id='par_1_54' title="bbox 1877 2313 3436 2388">
     <span class='ocr_line' id='line_1_54' title="bbox 1877 2313 3436 2388; baseline -0.003 -16"><span class='ocrx_word' id='word_1_355' title='bbox 1877 2328 1997 2372; x_wconf 88' lang='lat' dir='ltr'><strong>utar</strong></span> <span class='ocrx_word' id='word_1_356' title='bbox 2030 2319 2096 2371; x_wconf 86' lang='lat' dir='ltr'><strong>ad</strong></span> <span class='ocrx_word' id='word_1_357' title='bbox 2127 2318 2303 2388; x_wconf 80' lang='lat' dir='ltr'><strong>regale</strong></span> <span class='ocrx_word' id='word_1_358' title='bbox 2363 2318 2763 2383; x_wconf 86' lang='lat' dir='ltr'><strong>sacerdotium;</strong></span> <span class='ocrx_word' id='word_1_359' title='bbox 2808 2326 2862 2372; x_wconf 86' lang='lat' dir='ltr'><strong>et.</strong></span> <span class='ocrx_word' id='word_1_360' title='bbox 2906 2318 3006 2371; x_wconf 89' lang='lat' dir='ltr'><strong>hoc</strong></span> <span class='ocrx_word' id='word_1_361' title='bbox 3057 2317 3159 2371; x_wconf 88' lang='lat' dir='ltr'><strong>erit</strong></span> <span class='ocrx_word' id='word_1_362' title='bbox 3212 2313 3345 2371; x_wconf 73' lang='lat' dir='ltr'><strong>mihi</strong></span> <span class='ocrx_word' id='word_1_363' title='bbox 3386 2316 3436 2370; x_wconf 89' lang='lat' dir='ltr'><strong>in</strong></span> 
     </span>
    </p>
   </div>
   <div class='ocr_carea' id='block_1_55' title="bbox 1876 2409 2865 2478">
    <p class='ocr_par' dir='ltr' id='par_1_55' title="bbox 1876 2409 2865 2478">
     <span class='ocr_line' id='line_1_55' title="bbox 1876 2409 2865 2478; baseline 0.001 -14"><span class='ocrx_word' id='word_1_364' title='bbox 1876 2410 2254 2465; x_wconf 89' lang='lat' dir='ltr'><strong>diuturnorum</strong></span> <span class='ocrx_word' id='word_1_365' title='bbox 2285 2410 2525 2463; x_wconf 86' lang='lat' dir='ltr'><strong>laborum</strong></span> <span class='ocrx_word' id='word_1_366' title='bbox 2561 2409 2865 2478; x_wconf 56' lang='lat' dir='ltr'><strong>praemium.</strong></span> 
     </span>
    </p>
   </div>
   <div class='ocr_carea' id='block_1_56' title="bbox 1950 2559 3440 2635">
    <p class='ocr_par' dir='ltr' id='par_1_56' title="bbox 1950 2559 3440 2635">
     <span class='ocr_line' id='line_1_56' title="bbox 1950 2559 3440 2635; baseline -0.001 -16"><span class='ocrx_word' id='word_1_367' title='bbox 1950 2566 2035 2620; x_wconf 68' lang='lat'><strong>12.</strong></span> <span class='ocrx_word' id='word_1_368' title='bbox 2097 2565 2163 2619; x_wconf 82' lang='lat' dir='ltr'><strong>Et</strong></span> <span class='ocrx_word' id='word_1_369' title='bbox 2213 2564 2433 2635; x_wconf 70' lang='lat' dir='ltr'><strong>respexit</strong></span> <span class='ocrx_word' id='word_1_370' title='bbox 2484 2566 2663 2618; x_wconf 81' lang='lat' dir='ltr'><strong>oculus</strong></span> <span class='ocrx_word' id='word_1_371' title='bbox 2706 2580 2846 2618; x_wconf 86' lang='lat' dir='ltr'><strong>meus</strong></span> <span class='ocrx_word' id='word_1_372' title='bbox 2906 2563 3141 2617; x_wconf 86' lang='lat' dir='ltr'><strong>inimicos</strong></span> <span class='ocrx_word' id='word_1_373' title='bbox 3191 2578 3349 2617; x_wconf 87' lang='lat' dir='ltr'><strong>meos.</strong></span> <span class='ocrx_word' id='word_1_374' title='bbox 3381 2559 3440 2617; x_wconf 86' lang='lat' dir='ltr'><strong>ll</strong></span> 
     </span>
    </p>
   </div>
   <div class='ocr_carea' id='block_1_57' title="bbox 1881 2654 3441 2727">
    <p class='ocr_par' dir='ltr' id='par_1_57' title="bbox 1881 2654 3441 2727">
     <span class='ocr_line' id='line_1_57' title="bbox 1881 2654 3441 2727; baseline -0.003 -13"><span class='ocrx_word' id='word_1_375' title='bbox 1881 2659 2009 2715; x_wconf 81' lang='lat' dir='ltr'><strong>mihi</strong></span> <span class='ocrx_word' id='word_1_376' title='bbox 2042 2661 2181 2713; x_wconf 88' lang='lat' dir='ltr'><strong>inter</strong></span> <span class='ocrx_word' id='word_1_377' title='bbox 2206 2659 2310 2712; x_wconf 88' lang='lat' dir='ltr'><strong>alia</strong></span> <span class='ocrx_word' id='word_1_378' title='bbox 2336 2659 2477 2713; x_wconf 85' lang='lat' dir='ltr'><strong>bona</strong></span> <span class='ocrx_word' id='word_1_379' title='bbox 2510 2656 2932 2727; x_wconf 85' lang='lat' dir='ltr'><strong>computabitur,</strong></span> <span class='ocrx_word' id='word_1_380' title='bbox 2953 2654 3097 2726; x_wconf 87' lang='lat' dir='ltr'><strong>quod</strong></span> <span class='ocrx_word' id='word_1_381' title='bbox 3126 2655 3441 2711; x_wconf 85' lang='lat' dir='ltr'><strong>cadentibus</strong></span> 
     </span>
    </p>
   </div>
   <div class='ocr_carea' id='block_1_58' title="bbox 1880 2749 3441 2819">
    <p class='ocr_par' dir='ltr' id='par_1_58' title="bbox 1880 2749 3441 2819">
     <span class='ocr_line' id='line_1_58' title="bbox 1880 2749 3441 2819; baseline -0.003 -14"><span class='ocrx_word' id='word_1_382' title='bbox 1880 2751 2288 2805; x_wconf 68' lang='lat' dir='ltr'><strong>insidiatoribus</strong></span> <span class='ocrx_word' id='word_1_383' title='bbox 2318 2750 2512 2803; x_wconf 71' lang='lat' dir='ltr'><strong>animae</strong></span> <span class='ocrx_word' id='word_1_384' title='bbox 2575 2766 2725 2815; x_wconf 66' lang='lat' dir='ltr'><strong>mem,</strong></span> <span class='ocrx_word' id='word_1_385' title='bbox 2779 2749 3005 2819; x_wconf 85' lang='lat' dir='ltr'><strong>hujusce</strong></span> <span class='ocrx_word' id='word_1_386' title='bbox 3041 2749 3116 2804; x_wconf 90' lang='lat' dir='ltr'><strong>rei</strong></span> <span class='ocrx_word' id='word_1_387' title='bbox 3174 2757 3441 2819; x_wconf 83' lang='lat' dir='ltr'><strong>spectator</strong></span> 
     </span>
    </p>
   </div>
   <div class='ocr_carea' id='block_1_59' title="bbox 1879 2843 2229 2914">
    <p class='ocr_par' dir='ltr' id='par_1_59' title="bbox 1879 2843 2229 2914">
     <span class='ocr_line' id='line_1_59' title="bbox 1879 2843 2229 2914; baseline 0 -17"><span class='ocrx_word' id='word_1_388' title='bbox 1879 2859 1976 2914; x_wconf 80' lang='lat' dir='ltr'><strong>ego</strong></span> <span class='ocrx_word' id='word_1_389' title='bbox 2016 2843 2229 2897; x_wconf 84' lang='lat' dir='ltr'><strong>fuerim.</strong></span> 
     </span>
    </p>
   </div>
   <div class='ocr_carea' id='block_1_60' title="bbox 1956 2931 3442 3004">
    <p class='ocr_par' dir='ltr' id='par_1_60' title="bbox 1956 2931 3442 3004">
     <span class='ocr_line' id='line_1_60' title="bbox 1956 2931 3442 3004; baseline -0.001 -15"><span class='ocrx_word' id='word_1_390' title='bbox 1956 2937 2042 2997; x_wconf 82' lang='grc'>15,</span> <span class='ocrx_word' id='word_1_391' title='bbox 2076 2935 2162 2989; x_wconf 73' lang='grc'>14.</span> <span class='ocrx_word' id='word_1_392' title='bbox 2191 2933 2428 2988; x_wconf 84' lang='lat' dir='ltr'><strong>Plantati</strong></span> <span class='ocrx_word' id='word_1_393' title='bbox 2460 2936 2513 2987; x_wconf 85' lang='lat' dir='ltr'><strong>in</strong></span> <span class='ocrx_word' id='word_1_394' title='bbox 2551 2932 2704 2988; x_wconf 88' lang='lat' dir='ltr'><strong>domo</strong></span> <span class='ocrx_word' id='word_1_395' title='bbox 2734 2933 2963 2988; x_wconf 84' lang='lat' dir='ltr'><strong>Domini.</strong></span> <span class='ocrx_word' id='word_1_396' title='bbox 2998 2931 3083 2996; x_wconf 88' lang='lat' dir='ltr'><strong>lli,</strong></span> <span class='ocrx_word' id='word_1_397' title='bbox 3125 2934 3317 3004; x_wconf 84' lang='lat' dir='ltr'><strong>inquit,</strong></span> <span class='ocrx_word' id='word_1_398' title='bbox 3349 2934 3442 3003; x_wconf 89' lang='lat' dir='ltr'><strong>qui</strong></span> 
     </span>
    </p>
   </div>
   <div class='ocr_carea' id='block_1_61' title="bbox 1883 3026 3441 3094">
    <p class='ocr_par' dir='ltr' id='par_1_61' title="bbox 1883 3026 3441 3094">
     <span class='ocr_line' id='line_1_61' title="bbox 1883 3026 3441 3094; baseline -0.002 -12"><span class='ocrx_word' id='word_1_399' title='bbox 1883 3028 2059 3082; x_wconf 85' lang='lat' dir='ltr'><strong>cedris</strong></span> <span class='ocrx_word' id='word_1_400' title='bbox 2088 3028 2193 3082; x_wconf 88' lang='lat' dir='ltr'><strong>illis</strong></span> <span class='ocrx_word' id='word_1_401' title='bbox 2224 3028 2430 3083; x_wconf 87' lang='lat' dir='ltr'><strong>similes</strong></span> <span class='ocrx_word' id='word_1_402' title='bbox 2466 3038 2612 3094; x_wconf 86' lang='lat' dir='ltr'><strong>sunt,</strong></span> <span class='ocrx_word' id='word_1_403' title='bbox 2678 3028 2941 3083; x_wconf 87' lang='lat' dir='ltr'><strong>cultorem</strong></span> <span class='ocrx_word' id='word_1_404' title='bbox 2990 3027 3190 3082; x_wconf 84' lang='lat' dir='ltr'><strong>habent</strong></span> <span class='ocrx_word' id='word_1_405' title='bbox 3243 3026 3441 3090; x_wconf 89' lang='lat' dir='ltr'><strong>Deum;</strong></span> 
     </span>
    </p>
   </div>
   <div class='ocr_carea' id='block_1_62' title="bbox 1882 3115 3444 3188">
    <p class='ocr_par' dir='ltr' id='par_1_62' title="bbox 1882 3115 3444 3188">
     <span class='ocr_line' id='line_1_62' title="bbox 1882 3115 3444 3188; baseline 0.003 -22"><span class='ocrx_word' id='word_1_406' title='bbox 1882 3118 2194 3187; x_wconf 84' lang='lat' dir='ltr'><strong>paradisum</strong></span> <span class='ocrx_word' id='word_1_407' title='bbox 2228 3133 2374 3181; x_wconf 81' lang='lat' dir='ltr'><strong>vero,</strong></span> <span class='ocrx_word' id='word_1_408' title='bbox 2420 3118 2660 3171; x_wconf 75' lang='lat' dir='ltr'><strong>divinum</strong></span> <span class='ocrx_word' id='word_1_409' title='bbox 2718 3118 2998 3188; x_wconf 88' lang='lat' dir='ltr'><strong>templum.</strong></span> <span class='ocrx_word' id='word_1_410' title='bbox 3056 3115 3120 3171; x_wconf 84' lang='lat' dir='ltr'><strong>In</strong></span> <span class='ocrx_word' id='word_1_411' title='bbox 3164 3117 3317 3171; x_wconf 83' lang='lat' dir='ltr'><strong>atriis</strong></span> <span class='ocrx_word' id='word_1_412' title='bbox 3351 3115 3444 3170; x_wconf 83' lang='lat' dir='ltr'><strong>Dei</strong></span> 
     </span>
    </p>
   </div>
   <div class='ocr_carea' id='block_1_63' title="bbox 1886 3208 3443 3278">
    <p class='ocr_par' dir='ltr' id='par_1_63' title="bbox 1886 3208 3443 3278">
     <span class='ocr_line' id='line_1_63' title="bbox 1886 3208 3443 3278; baseline 0.001 -15"><span class='ocrx_word' id='word_1_413' title='bbox 1886 3209 2053 3263; x_wconf 82' lang='lat' dir='ltr'><strong>nostri</strong></span> <span class='ocrx_word' id='word_1_414' title='bbox 2082 3209 2442 3277; x_wconf 72' lang='lat' dir='ltr'><strong>[lorebnnLln</strong></span> <span class='ocrx_word' id='word_1_415' title='bbox 2492 3209 2741 3278; x_wconf 86' lang='lat' dir='ltr'><strong>supernis</strong></span> <span class='ocrx_word' id='word_1_416' title='bbox 2798 3209 3001 3264; x_wconf 87' lang='lat' dir='ltr'><strong>scilicet</strong></span> <span class='ocrx_word' id='word_1_417' title='bbox 3052 3208 3443 3272; x_wconf 86' lang='lat' dir='ltr'><strong>mansionibus,</strong></span> 
     </span>
    </p>
   </div>
   <div class='ocr_carea' id='block_1_64' title="bbox 217 3290 1778 3387">
    <p class='ocr_par' dir='ltr' id='par_1_64' title="bbox 217 3314 1778 3387">
     <span class='ocr_line' id='line_1_64' title="bbox 217 3314 1778 3387; baseline 0.004 -22"><span class='ocrx_word' id='word_1_418' title='bbox 217 3315 329 3378; x_wconf 84' lang='grc' dir='ltr'>ταῖς</span> <span class='ocrx_word' id='word_1_419' title='bbox 355 3315 470 3370; x_wconf 77' lang='grc' dir='ltr'><strong>ἀνω</strong></span> <span class='ocrx_word' id='word_1_420' title='bbox 493 3314 733 3387; x_wconf 82' lang='grc' dir='ltr'>δηλονότι</span> <span class='ocrx_word' id='word_1_421' title='bbox 756 3319 962 3387; x_wconf 82' lang='grc' dir='ltr'>μοναῖς,</span> <span class='ocrx_word' id='word_1_422' title='bbox 987 3318 1050 3381; x_wconf 75' lang='grc' dir='ltr'><strong>ἃς</strong></span> <span class='ocrx_word' id='word_1_423' title='bbox 1078 3319 1170 3371; x_wconf 76' lang='grc' dir='ltr'><strong>καὶ</strong></span> <span class='ocrx_word' id='word_1_424' title='bbox 1194 3318 1363 3382; x_wconf 69' lang='grc' dir='ltr'>αὐλὰς</span> <span class='ocrx_word' id='word_1_425' title='bbox 1390 3315 1525 3373; x_wconf 78' lang='grc' dir='ltr'>εἶναι</span> <span class='ocrx_word' id='word_1_426' title='bbox 1554 3319 1645 3373; x_wconf 82' lang='grc' dir='ltr'><strong>τοῦ</strong></span> <span class='ocrx_word' id='word_1_427' title='bbox 1675 3321 1778 3372; x_wconf 84' lang='grc' dir='ltr'><strong>Κυ-</strong></span> 
     </span>
    </p>
   </div>
   <div class='ocr_carea' id='block_1_65' title="bbox 1875 3290 2743 3387">
    <p class='ocr_par' dir='ltr' id='par_1_65' title="bbox 1883 3299 2743 3371">
     <span class='ocr_line' id='line_1_65' title="bbox 1883 3299 2743 3371; baseline 0 -18"><span class='ocrx_word' id='word_1_428' title='bbox 1883 3317 2017 3371; x_wconf 85' lang='lat' dir='ltr'><strong>quas</strong></span> <span class='ocrx_word' id='word_1_429' title='bbox 2042 3303 2178 3356; x_wconf 90' lang='lat' dir='ltr'><strong>atria</strong></span> <span class='ocrx_word' id='word_1_430' title='bbox 2206 3317 2327 3357; x_wconf 88' lang='lat' dir='ltr'><strong>esse</strong></span> <span class='ocrx_word' id='word_1_431' title='bbox 2350 3299 2559 3355; x_wconf 89' lang='lat' dir='ltr'><strong>Domini</strong></span> <span class='ocrx_word' id='word_1_432' title='bbox 2594 3299 2743 3354; x_wconf 89' lang='lat' dir='ltr'><strong>dicit.</strong></span> 
     </span>
    </p>
   </div>
   <div class='ocr_carea' id='block_1_66' title="bbox 223 3406 547 3478">
    <p class='ocr_par' dir='ltr' id='par_1_66' title="bbox 223 3406 547 3478">
     <span class='ocr_line' id='line_1_66' title="bbox 223 3406 547 3478; baseline 0.003 -19"><span class='ocrx_word' id='word_1_433' title='bbox 223 3406 331 3476; x_wconf 86' lang='grc' dir='ltr'>ρίου</span> <span class='ocrx_word' id='word_1_434' title='bbox 358 3407 547 3478; x_wconf 80' lang='grc' dir='ltr'>φησίν.</span> 
     </span>
    </p>
   </div>
   <div class='ocr_carea' id='block_1_67' title="bbox 291 3497 1781 3569">
    <p class='ocr_par' dir='ltr' id='par_1_67' title="bbox 291 3497 1781 3569">
     <span class='ocr_line' id='line_1_67' title="bbox 291 3497 1781 3569; baseline 0.003 -19"><span class='ocrx_word' id='word_1_435' title='bbox 291 3499 424 3551; x_wconf 83' lang='grc' dir='ltr'>Ἔτι</span> <span class='ocrx_word' id='word_1_436' title='bbox 452 3497 983 3567; x_wconf 73' lang='grc' dir='ltr'>πληθυνθήσονται</span> <span class='ocrx_word' id='word_1_437' title='bbox 1009 3498 1078 3552; x_wconf 66' lang='grc' dir='ltr'><strong>ἐν</strong></span> <span class='ocrx_word' id='word_1_438' title='bbox 1110 3499 1263 3569; x_wconf 75' lang='grc' dir='ltr'>γήρᾳ</span> <span class='ocrx_word' id='word_1_439' title='bbox 1305 3500 1465 3554; x_wconf 78' lang='grc' dir='ltr'>πίονι</span> <span class='ocrx_word' id='word_1_440' title='bbox 1485 3539 1499 3562; x_wconf 88' lang='grc'><strong>,</strong></span> <span class='ocrx_word' id='word_1_441' title='bbox 1540 3499 1637 3554; x_wconf 73' lang='grc' dir='ltr'><strong>καί</strong></span> <span class='ocrx_word' id='word_1_442' title='bbox 1682 3502 1781 3554; x_wconf 81' lang='grc' dir='ltr'><strong>εὐ-</strong></span> 
     </span>
    </p>
   </div>
   <div class='ocr_carea' id='block_1_68' title="bbox 220 3589 1782 3657">
    <p class='ocr_par' dir='ltr' id='par_1_68' title="bbox 220 3589 1782 3657">
     <span class='ocr_line' id='line_1_68' title="bbox 220 3589 1782 3657; baseline 0.003 -16"><span class='ocrx_word' id='word_1_443' title='bbox 220 3591 551 3657; x_wconf 78' lang='grc' dir='ltr'>παθοῦντες</span> <span class='ocrx_word' id='word_1_444' title='bbox 581 3590 850 3645; x_wconf 78' lang='grc' dir='ltr'>ἔσονται.</span> <span class='ocrx_word' id='word_1_445' title='bbox 881 3590 973 3655; x_wconf 83' lang='grc' dir='ltr'><strong>Τὸ,</strong></span> <span class='ocrx_word' id='word_1_446' title='bbox 1006 3590 1365 3654; x_wconf 78' lang='grc' dir='ltr'>εὐπαθοῦντες</span> <span class='ocrx_word' id='word_1_447' title='bbox 1384 3631 1398 3654; x_wconf 92' lang='grc'><strong>,</strong></span> <span class='ocrx_word' id='word_1_448' title='bbox 1425 3593 1543 3645; x_wconf 70' lang='grc' dir='ltr'>ἀντὶ</span> <span class='ocrx_word' id='word_1_449' title='bbox 1574 3592 1688 3655; x_wconf 88' lang='grc' dir='ltr'>τοῦ,</span> <span class='ocrx_word' id='word_1_450' title='bbox 1724 3589 1782 3646; x_wconf 76' lang='grc' dir='ltr'>εὖ</span> 
     </span>
    </p>
   </div>
   <div class='ocr_carea' id='block_1_69' title="bbox 223 3678 1786 3753">
    <p class='ocr_par' dir='ltr' id='par_1_69' title="bbox 223 3678 1786 3753">
     <span class='ocr_line' id='line_1_69' title="bbox 223 3678 1786 3753; baseline 0.004 -23"><span class='ocrx_word' id='word_1_451' title='bbox 223 3678 538 3748; x_wconf 86' lang='grc' dir='ltr'>πάσχοντες.</span> <span class='ocrx_word' id='word_1_452' title='bbox 586 3678 997 3747; x_wconf 74' lang='grc' dir='ltr'>’Λποδοϐήσεται</span> <span class='ocrx_word' id='word_1_453' title='bbox 1038 3678 1145 3749; x_wconf 75' lang='grc' dir='ltr'><strong>γὰρ</strong></span> <span class='ocrx_word' id='word_1_454' title='bbox 1178 3680 1360 3743; x_wconf 74' lang='grc' dir='ltr'>αὐτοῖς</span> <span class='ocrx_word' id='word_1_455' title='bbox 1398 3679 1437 3734; x_wconf 77' lang='grc' dir='ltr'><em>ἃ</em></span> <span class='ocrx_word' id='word_1_456' title='bbox 1483 3682 1786 3753; x_wconf 66' lang='grc' dir='ltr'><strong>ὀφθαλμὸς</strong></span> 
     </span>
    </p>
   </div>
   <div class='ocr_carea' id='block_1_70' title="bbox 222 3762 1199 3834">
    <p class='ocr_par' dir='ltr' id='par_1_70' title="bbox 222 3762 1199 3834">
     <span class='ocr_line' id='line_1_70' title="bbox 222 3762 1199 3834; baseline 0.001 -14"><span class='ocrx_word' id='word_1_457' title='bbox 222 3769 329 3821; x_wconf 80' lang='grc' dir='ltr'>οὐκ</span> <span class='ocrx_word' id='word_1_458' title='bbox 347 3762 492 3832; x_wconf 78' lang='grc' dir='ltr'>εἶδε,</span> <span class='ocrx_word' id='word_1_459' title='bbox 528 3767 624 3820; x_wconf 70' lang='grc' dir='ltr'><strong>καί</strong></span> <span class='ocrx_word' id='word_1_460' title='bbox 648 3762 758 3833; x_wconf 84' lang='grc' dir='ltr'>οὖς</span> <span class='ocrx_word' id='word_1_461' title='bbox 781 3768 890 3820; x_wconf 79' lang='grc' dir='ltr'>οὐκ</span> <span class='ocrx_word' id='word_1_462' title='bbox 912 3766 1199 3834; x_wconf 76' lang='grc' dir='ltr'>ἤκουσεν.</span> 
     </span>
    </p>
   </div>
   <div class='ocr_carea' id='block_1_71' title="bbox 293 3858 1788 3930">
    <p class='ocr_par' dir='ltr' id='par_1_71' title="bbox 293 3858 1788 3930">
     <span class='ocr_line' id='line_1_71' title="bbox 293 3858 1788 3930; baseline 0.001 -17"><span class='ocrx_word' id='word_1_463' title='bbox 293 3860 422 3913; x_wconf 84' lang='grc' dir='ltr'>Ὅτι</span> <span class='ocrx_word' id='word_1_464' title='bbox 451 3858 638 3926; x_wconf 81' lang='grc' dir='ltr'>εὺθὴς</span> <span class='ocrx_word' id='word_1_465' title='bbox 664 3862 695 3913; x_wconf 84' lang='grc' dir='ltr'><em>ό</em></span> <span class='ocrx_word' id='word_1_466' title='bbox 732 3862 946 3928; x_wconf 73' lang='grc' dir='ltr'>Κύριος</span> <span class='ocrx_word' id='word_1_467' title='bbox 972 3862 1004 3914; x_wconf 82' lang='grc' dir='ltr'><strong><em>ό</em></strong></span> <span class='ocrx_word' id='word_1_468' title='bbox 1037 3860 1179 3926; x_wconf 77' lang='grc' dir='ltr'>Θεὸς</span> <span class='ocrx_word' id='word_1_469' title='bbox 1208 3858 1392 3930; x_wconf 68' lang='grc' dir='ltr'>ἡμῶν.</span> <span class='ocrx_word' id='word_1_470' title='bbox 1449 3861 1696 3915; x_wconf 73' lang='grc' dir='ltr'>Ἐπειδὰν</span> <span class='ocrx_word' id='word_1_471' title='bbox 1731 3864 1788 3914; x_wconf 75' lang='grc' dir='ltr'>ἐν</span> 
     </span>
    </p>
   </div>
   <div class='ocr_carea' id='block_1_72' title="bbox 223 3952 1789 4025">
    <p class='ocr_par' dir='ltr' id='par_1_72' title="bbox 223 3952 1789 4025">
     <span class='ocr_line' id='line_1_72' title="bbox 223 3952 1789 4025; baseline 0.001 -20"><span class='ocrx_word' id='word_1_472' title='bbox 223 3954 339 4016; x_wconf 82' lang='grc' dir='ltr'>ταῖς</span> <span class='ocrx_word' id='word_1_473' title='bbox 384 3952 499 4006; x_wconf 80' lang='grc' dir='ltr'><strong>ἀνω</strong></span> <span class='ocrx_word' id='word_1_474' title='bbox 551 3954 737 4023; x_wconf 84' lang='grc' dir='ltr'>μοναῖς</span> <span class='ocrx_word' id='word_1_475' title='bbox 776 3953 1066 4024; x_wconf 81' lang='grc' dir='ltr'>γενόμενοι</span> <span class='ocrx_word' id='word_1_476' title='bbox 1116 3953 1428 4007; x_wconf 74' lang='grc' dir='ltr'>ἀπολαύωσι</span> <span class='ocrx_word' id='word_1_477' title='bbox 1475 3954 1543 4008; x_wconf 67' lang='grc' dir='ltr'>τὰ</span> <span class='ocrx_word' id='word_1_478' title='bbox 1567 3957 1789 4025; x_wconf 77' lang='grc' dir='ltr'>ἡτοιμα-</span> 
     </span>
    </p>
   </div>
   <div class='ocr_carea' id='block_1_73' title="bbox 224 4034 1790 4117">
    <p class='ocr_par' dir='ltr' id='par_1_73' title="bbox 224 4034 1790 4117">
     <span class='ocr_line' id='line_1_73' title="bbox 224 4034 1790 4117; baseline -0.001 -16"><span class='ocrx_word' id='word_1_479' title='bbox 224 4045 394 4115; x_wconf 78' lang='grc' dir='ltr'>σμὲνα</span> <span class='ocrx_word' id='word_1_480' title='bbox 421 4034 621 4112; x_wconf 63' lang='grc' dir='ltr'>ἀγαθά,</span> <span class='ocrx_word' id='word_1_481' title='bbox 652 4044 773 4097; x_wconf 87' lang='grc' dir='ltr'>τότε</span> <span class='ocrx_word' id='word_1_482' title='bbox 803 4044 866 4117; x_wconf 85' lang='grc' dir='ltr'><strong>δὴ</strong></span> <span class='ocrx_word' id='word_1_483' title='bbox 893 4044 1014 4100; x_wconf 84' lang='grc' dir='ltr'>τότε</span> <span class='ocrx_word' id='word_1_484' title='bbox 1046 4047 1140 4100; x_wconf 79' lang='grc' dir='ltr'>καὶ</span> <span class='ocrx_word' id='word_1_485' title='bbox 1194 4046 1393 4116; x_wconf 78' lang='grc' dir='ltr'>ταύτην</span> <span class='ocrx_word' id='word_1_486' title='bbox 1430 4045 1790 4115; x_wconf 83' lang='grc' dir='ltr'>ἀναγγελοῦσι</span> 
     </span>
    </p>
   </div>
   <div class='ocr_carea' id='block_1_74' title="bbox 224 4136 1790 4211">
    <p class='ocr_par' dir='ltr' id='par_1_74' title="bbox 224 4136 1790 4211">
     <span class='ocr_line' id='line_1_74' title="bbox 224 4136 1790 4211; baseline 0.001 -20"><span class='ocrx_word' id='word_1_487' title='bbox 224 4138 317 4209; x_wconf 82' lang='grc' dir='ltr'>τὴν</span> <span class='ocrx_word' id='word_1_488' title='bbox 339 4136 544 4209; x_wconf 81' lang='grc' dir='ltr'>φωνὴν,</span> <span class='ocrx_word' id='word_1_489' title='bbox 575 4136 650 4202; x_wconf 87' lang='grc' dir='ltr'>ὡς</span> <span class='ocrx_word' id='word_1_490' title='bbox 668 4137 873 4203; x_wconf 84' lang='grc' dir='ltr'>δίκαιος</span> <span class='ocrx_word' id='word_1_491' title='bbox 904 4139 1000 4193; x_wconf 67' lang='grc' dir='ltr'>καὶ</span> <span class='ocrx_word' id='word_1_492' title='bbox 1025 4139 1187 4211; x_wconf 80' lang='grc' dir='ltr'>εὐθὴς</span> <span class='ocrx_word' id='word_1_493' title='bbox 1210 4139 1362 4192; x_wconf 78' lang='grc' dir='ltr'>ἔσται</span> <span class='ocrx_word' id='word_1_494' title='bbox 1404 4141 1432 4192; x_wconf 85' lang='grc' dir='ltr'><strong>ὁ</strong></span> <span class='ocrx_word' id='word_1_495' title='bbox 1469 4139 1690 4211; x_wconf 84' lang='grc' dir='ltr'>Κύριος,</span> <span class='ocrx_word' id='word_1_496' title='bbox 1733 4139 1790 4202; x_wconf 82' lang='grc' dir='ltr'>ὃς</span> 
     </span>
    </p>
   </div>
   <div class='ocr_carea' id='block_1_75' title="bbox 225 4229 1792 4300">
    <p class='ocr_par' dir='ltr' id='par_1_75' title="bbox 225 4229 1792 4300">
     <span class='ocr_line' id='line_1_75' title="bbox 225 4229 1792 4300; baseline 0.001 -19"><span class='ocrx_word' id='word_1_497' title='bbox 225 4230 347 4295; x_wconf 80' lang='grc' dir='ltr'>τοὺς</span> <span class='ocrx_word' id='word_1_498' title='bbox 384 4230 486 4300; x_wconf 79' lang='grc' dir='ltr'>μὲν</span> <span class='ocrx_word' id='word_1_499' title='bbox 513 4229 860 4300; x_wconf 84' lang='grc' dir='ltr'>παρανόμους</span> <span class='ocrx_word' id='word_1_500' title='bbox 885 4231 979 4282; x_wconf 75' lang='grc' dir='ltr'>καὶ</span> <span class='ocrx_word' id='word_1_501' title='bbox 1008 4230 1223 4293; x_wconf 80' lang='grc' dir='ltr'>ἀσεϐεῖς</span> <span class='ocrx_word' id='word_1_502' title='bbox 1252 4229 1406 4300; x_wconf 78' lang='grc' dir='ltr'>δίκην</span> <span class='ocrx_word' id='word_1_503' title='bbox 1441 4229 1633 4300; x_wconf 82' lang='grc' dir='ltr'>χόρτου</span> <span class='ocrx_word' id='word_1_504' title='bbox 1655 4231 1792 4283; x_wconf 83' lang='grc' dir='ltr'>ἀπο-</span> 
     </span>
    </p>
   </div>
   <div class='ocr_carea' id='block_1_76' title="bbox 229 4312 1790 4392">
    <p class='ocr_par' dir='ltr' id='par_1_76' title="bbox 229 4312 1790 4392">
     <span class='ocr_line' id='line_1_76' title="bbox 229 4312 1790 4392; baseline -0.002 -18"><span class='ocrx_word' id='word_1_505' title='bbox 229 4321 557 4392; x_wconf 79' lang='grc' dir='ltr'>ξηρανθῆναι</span> <span class='ocrx_word' id='word_1_506' title='bbox 582 4319 956 4392; x_wconf 81' lang='grc' dir='ltr'>παρεσκεύασε</span> <span class='ocrx_word' id='word_1_507' title='bbox 981 4336 994 4350; x_wconf 74' lang='grc'><strong>⁸</strong></span> <span class='ocrx_word' id='word_1_508' title='bbox 1028 4320 1155 4382; x_wconf 71' lang='grc' dir='ltr'>τοὺς</span> <span class='ocrx_word' id='word_1_509' title='bbox 1178 4320 1234 4372; x_wconf 81' lang='grc' dir='ltr'><strong>δὲ</strong></span> <span class='ocrx_word' id='word_1_510' title='bbox 1253 4312 1607 4383; x_wconf 76' lang='grc' dir='ltr'>δικαίους’κα“ι</span> <span class='ocrx_word' id='word_1_511' title='bbox 1635 4320 1790 4371; x_wconf 82' lang='grc' dir='ltr'>εὐσε-</span> 
     </span>
    </p>
   </div>
   <div class='ocr_carea' id='block_1_77' title="bbox 230 4407 1792 4484">
    <p class='ocr_par' dir='ltr' id='par_1_77' title="bbox 230 4407 1792 4484">
     <span class='ocr_line' id='line_1_77' title="bbox 230 4407 1792 4484; baseline -0.001 -19"><span class='ocrx_word' id='word_1_512' title='bbox 230 4413 338 4477; x_wconf 74' lang='grc' dir='ltr'>6εἰς</span> <span class='ocrx_word' id='word_1_513' title='bbox 372 4407 462 4466; x_wconf 74' lang='grc' dir='ltr'>οἷα</span> <span class='ocrx_word' id='word_1_514' title='bbox 504 4413 728 4484; x_wconf 77' lang='grc' dir='ltr'>κέδρους</span> <span class='ocrx_word' id='word_1_515' title='bbox 771 4414 863 4467; x_wconf 78' lang='grc' dir='ltr'>καὶ</span> <span class='ocrx_word' id='word_1_516' title='bbox 894 4410 1138 4483; x_wconf 85' lang='grc' dir='ltr'>φοίνικας</span> <span class='ocrx_word' id='word_1_517' title='bbox 1170 4414 1227 4466; x_wconf 81' lang='grc' dir='ltr'>ὲν</span> <span class='ocrx_word' id='word_1_518' title='bbox 1259 4414 1377 4475; x_wconf 79' lang='grc' dir='ltr'>ταῖς</span> <span class='ocrx_word' id='word_1_519' title='bbox 1398 4411 1520 4465; x_wconf 72' lang='grc' dir='ltr'>υᾶνω</span> <span class='ocrx_word' id='word_1_520' title='bbox 1557 4410 1792 4480; x_wconf 78' lang='grc' dir='ltr'>κατεφύο</span> 
     </span>
    </p>
   </div>
   <div class='ocr_carea' id='block_1_78' title="bbox 229 4500 1793 4573">
    <p class='ocr_par' dir='ltr' id='par_1_78' title="bbox 229 4500 1793 4573">
     <span class='ocr_line' id='line_1_78' title="bbox 229 4500 1793 4573; baseline 0.001 -18"><span class='ocrx_word' id='word_1_521' title='bbox 229 4518 381 4555; x_wconf 85' lang='grc' dir='ltr'>τευσε</span> <span class='ocrx_word' id='word_1_522' title='bbox 417 4504 663 4571; x_wconf 82' lang='grc' dir='ltr'>σκηναῖς.</span> <span class='ocrx_word' id='word_1_523' title='bbox 710 4501 924 4555; x_wconf 77' lang='grc' dir='ltr'><strong>Ἀδικία</strong></span> <span class='ocrx_word' id='word_1_524' title='bbox 957 4503 1067 4556; x_wconf 78' lang='grc' dir='ltr'>οὐκ</span> <span class='ocrx_word' id='word_1_525' title='bbox 1093 4501 1222 4555; x_wconf 79' lang='grc' dir='ltr'>ἐστι</span> <span class='ocrx_word' id='word_1_526' title='bbox 1263 4501 1413 4572; x_wconf 86' lang='grc' dir='ltr'><strong>παρά</strong></span> <span class='ocrx_word' id='word_1_527' title='bbox 1432 4501 1509 4572; x_wconf 77' lang='grc' dir='ltr'>τῷ</span> <span class='ocrx_word' id='word_1_528' title='bbox 1535 4500 1672 4573; x_wconf 81' lang='grc' dir='ltr'>θεῷ,</span> <span class='ocrx_word' id='word_1_529' title='bbox 1706 4502 1793 4556; x_wconf 76' lang='grc' dir='ltr'><strong>διὰ</strong></span> 
     </span>
    </p>
   </div>
   <div class='ocr_carea' id='block_1_79' title="bbox 230 4586 1255 4656">
    <p class='ocr_par' dir='ltr' id='par_1_79' title="bbox 230 4586 1255 4656">
     <span class='ocr_line' id='line_1_79' title="bbox 230 4586 1255 4656; baseline 0.001 -13"><span class='ocrx_word' id='word_1_530' title='bbox 230 4592 289 4645; x_wconf 69' lang='grc' dir='ltr'>ιδ</span> <span class='ocrx_word' id='word_1_531' title='bbox 312 4586 451 4645; x_wconf 78' lang='grc' dir='ltr'>εἶναι</span> <span class='ocrx_word' id='word_1_532' title='bbox 481 4590 642 4645; x_wconf 74' lang='grc' dir='ltr'>αὐτὸν</span> <span class='ocrx_word' id='word_1_533' title='bbox 674 4589 867 4656; x_wconf 82' lang='grc' dir='ltr'>κακίας</span> <span class='ocrx_word' id='word_1_534' title='bbox 893 4590 1255 4646; x_wconf 81' lang='grc' dir='ltr'>ἀνεπίδεκτον.</span> 
     </span>
    </p>
   </div>
   <div class='ocr_carea' id='block_1_80' title="bbox 232 4680 1795 4751">
    <p class='ocr_par' dir='ltr' id='par_1_80' title="bbox 232 4680 1795 4751">
     <span class='ocr_line' id='line_1_80' title="bbox 232 4680 1795 4751; baseline -0.001 -13"><span class='ocrx_word' id='word_1_535' title='bbox 232 4686 262 4739; x_wconf 73' lang='grc' dir='ltr'><strong><em>ἕ</em></strong></span> <span class='ocrx_word' id='word_1_536' title='bbox 280 4685 326 4751; x_wconf 81' lang='grc' dir='ltr'><strong>ις</strong></span> <span class='ocrx_word' id='word_1_537' title='bbox 355 4680 473 4751; x_wconf 64' lang='grc' dir='ltr'><strong>τὴν</strong></span> <span class='ocrx_word' id='word_1_538' title='bbox 500 4681 728 4751; x_wconf 77' lang='grc' dir='ltr'>ἡμέραν</span> <span class='ocrx_word' id='word_1_539' title='bbox 752 4682 857 4736; x_wconf 86' lang='grc' dir='ltr'><strong>τοῦ</strong></span> <span class='ocrx_word' id='word_1_540' title='bbox 878 4681 988 4751; x_wconf 80' lang='grc' dir='ltr'>πρὸ</span> <span class='ocrx_word' id='word_1_541' title='bbox 1022 4682 1126 4735; x_wconf 84' lang='grc' dir='ltr'><strong>τοῦ</strong></span> <span class='ocrx_word' id='word_1_542' title='bbox 1167 4680 1488 4744; x_wconf 75' lang='grc' dir='ltr'>Σαϐεάτου,</span> <span class='ocrx_word' id='word_1_543' title='bbox 1530 4680 1627 4734; x_wconf 76' lang='grc' dir='ltr'>ὅτε</span> <span class='ocrx_word' id='word_1_544' title='bbox 1658 4699 1795 4736; x_wconf 80' lang='grc' dir='ltr'>κατ-</span> 
     </span>
    </p>
   </div>
   <div class='ocr_carea' id='block_1_81' title="bbox 362 4771 1657 4845">
    <p class='ocr_par' dir='ltr' id='par_1_81' title="bbox 362 4771 1657 4845">
     <span class='ocr_line' id='line_1_81' title="bbox 362 4771 1657 4845; baseline -0.002 -16"><span class='ocrx_word' id='word_1_545' title='bbox 362 4774 583 4841; x_wconf 81' lang='grc' dir='ltr'>ῴκιστο</span> <span class='ocrx_word' id='word_1_546' title='bbox 618 4776 655 4843; x_wconf 81' lang='grc' dir='ltr'><em>ἡ</em></span> <span class='ocrx_word' id='word_1_547' title='bbox 693 4774 790 4845; x_wconf 72' lang='grc' dir='ltr'>γῆ,</span> <span class='ocrx_word' id='word_1_548' title='bbox 822 4775 989 4841; x_wconf 78' lang='grc' dir='ltr'>αἶνος</span> <span class='ocrx_word' id='word_1_549' title='bbox 1020 4772 1175 4841; x_wconf 80' lang='grc' dir='ltr'><strong>ᾠδῆς</strong></span> <span class='ocrx_word' id='word_1_550' title='bbox 1198 4771 1279 4839; x_wconf 83' lang='grc' dir='ltr'>τῷ</span> <span class='ocrx_word' id='word_1_551' title='bbox 1306 4774 1505 4827; x_wconf 79' lang='grc' dir='ltr'>Δαυΐδ.</span> <span class='ocrx_word' id='word_1_552' title='bbox 1542 4774 1657 4841; x_wconf 58' lang='grc' dir='ltr'>ιιιιν.</span> 
     </span>
    </p>
   </div>
   <div class='ocr_carea' id='block_1_82' title="bbox 847 4866 1165 4930">
    <p class='ocr_par' dir='ltr' id='par_1_82' title="bbox 847 4866 1165 4930">
     <span class='ocr_line' id='line_1_82' title="bbox 847 4866 1165 4930; baseline 0 -13"><span class='ocrx_word' id='word_1_553' title='bbox 847 4866 1165 4930; x_wconf 82' lang='grc' dir='ltr'>Ύπόθεσις.</span> 
     </span>
    </p>
   </div>
   <div class='ocr_carea' id='block_1_83' title="bbox 236 4953 1793 5028">
    <p class='ocr_par' dir='ltr' id='par_1_83' title="bbox 236 4953 1793 5028">
     <span class='ocr_line' id='line_1_83' title="bbox 236 4953 1793 5028; baseline -0.004 -14"><span class='ocrx_word' id='word_1_554' title='bbox 236 4961 332 5025; x_wconf 79' lang='grc' dir='ltr'><strong>ΕΙς</strong></span> <span class='ocrx_word' id='word_1_555' title='bbox 352 4958 418 5013; x_wconf 86' lang='grc' dir='ltr'>τὸ</span> <span class='ocrx_word' id='word_1_556' title='bbox 445 4958 746 5012; x_wconf 75' lang='grc' dir='ltr'>Σάϐϐατον</span> <span class='ocrx_word' id='word_1_557' title='bbox 772 4958 829 5009; x_wconf 84' lang='grc' dir='ltr'>ὲν</span> <span class='ocrx_word' id='word_1_558' title='bbox 850 4955 928 5026; x_wconf 84' lang='grc' dir='ltr'>τῷ</span> <span class='ocrx_word' id='word_1_559' title='bbox 954 4955 1272 5028; x_wconf 81' lang='grc' dir='ltr'>προλαϐόντι</span> <span class='ocrx_word' id='word_1_560' title='bbox 1318 4953 1517 5026; x_wconf 73' lang='grc' dir='ltr'>ψαλμῷ</span> <span class='ocrx_word' id='word_1_561' title='bbox 1542 4953 1793 5025; x_wconf 79' lang='grc' dir='ltr'>δηλοῦται</span> 
     </span>
    </p>
   </div>
   <div class='ocr_carea' id='block_1_84' title="bbox 299 5051 1791 5124">
    <p class='ocr_par' dir='ltr' id='par_1_84' title="bbox 299 5051 1791 5124">
     <span class='ocr_line' id='line_1_84' title="bbox 299 5051 1791 5124; baseline -0.002 -17"><span class='ocrx_word' id='word_1_562' title='bbox 299 5056 333 5124; x_wconf 81' lang='grc' dir='ltr'><strong>ὴ</strong></span> <span class='ocrx_word' id='word_1_563' title='bbox 361 5052 590 5124; x_wconf 84' lang='grc' dir='ltr'>δευτέρα</span> <span class='ocrx_word' id='word_1_564' title='bbox 616 5052 885 5124; x_wconf 83' lang='grc' dir='ltr'>παρουσία</span> <span class='ocrx_word' id='word_1_565' title='bbox 917 5052 1011 5105; x_wconf 86' lang='grc' dir='ltr'><strong>τοῦ</strong></span> <span class='ocrx_word' id='word_1_566' title='bbox 1040 5051 1265 5121; x_wconf 83' lang='grc' dir='ltr'>Κυρίου,</span> <span class='ocrx_word' id='word_1_567' title='bbox 1315 5052 1434 5106; x_wconf 80' lang='grc' dir='ltr'>καθ’</span> <span class='ocrx_word' id='word_1_568' title='bbox 1460 5053 1526 5123; x_wconf 82' lang='grc' dir='ltr'>ἣν</span> <span class='ocrx_word' id='word_1_569' title='bbox 1568 5053 1661 5105; x_wconf 81' lang='grc' dir='ltr'>καὶ</span> <span class='ocrx_word' id='word_1_570' title='bbox 1695 5052 1791 5123; x_wconf 74' lang='grc' dir='ltr'><strong>βα-</strong></span> 
     </span>
    </p>
   </div>
   <div class='ocr_carea' id='block_1_85' title="bbox 302 5141 1790 5213">
    <p class='ocr_par' dir='ltr' id='par_1_85' title="bbox 302 5141 1790 5213">
     <span class='ocr_line' id='line_1_85' title="bbox 302 5141 1790 5213; baseline 0.001 -16"><span class='ocrx_word' id='word_1_571' title='bbox 302 5144 537 5198; x_wconf 83' lang='grc' dir='ltr'>σιλεύσει</span> <span class='ocrx_word' id='word_1_572' title='bbox 586 5144 679 5197; x_wconf 76' lang='grc' dir='ltr'><strong>τοῦ</strong></span> <span class='ocrx_word' id='word_1_573' title='bbox 719 5145 838 5197; x_wconf 84' lang='grc' dir='ltr'>νέου</span> <span class='ocrx_word' id='word_1_574' title='bbox 874 5143 1067 5207; x_wconf 74' lang='grc' dir='ltr'>αἰῶνος</span> <span class='ocrx_word' id='word_1_575' title='bbox 1100 5141 1235 5213; x_wconf 85' lang='grc' dir='ltr'><strong>μετά</strong></span> <span class='ocrx_word' id='word_1_576' title='bbox 1261 5142 1367 5195; x_wconf 79' lang='grc' dir='ltr'>τῶν</span> <span class='ocrx_word' id='word_1_577' title='bbox 1399 5143 1567 5210; x_wconf 83' lang='grc' dir='ltr'>ἁγίων</span> <span class='ocrx_word' id='word_1_578' title='bbox 1605 5142 1790 5198; x_wconf 78' lang='grc' dir='ltr'>αὐτοῦ.</span> 
     </span>
    </p>
   </div>
   <div class='ocr_carea' id='block_1_86' title="bbox 220 5231 1793 5309">
    <p class='ocr_par' dir='ltr' id='par_1_86' title="bbox 220 5231 1793 5309">
     <span class='ocr_line' id='line_1_86' title="bbox 220 5231 1793 5309; baseline -0.003 -20"><span class='ocrx_word' id='word_1_579' title='bbox 220 5292 221 5295; x_wconf 33' lang='grc' dir='ltr'><strong>η</strong></span> <span class='ocrx_word' id='word_1_580' title='bbox 298 5236 550 5309; x_wconf 86' lang='grc' dir='ltr'>Δηλονότι</span> <span class='ocrx_word' id='word_1_581' title='bbox 577 5236 658 5300; x_wconf 86' lang='grc' dir='ltr'>τὸ,</span> <span class='ocrx_word' id='word_1_582' title='bbox 693 5234 804 5303; x_wconf 80' lang='grc' dir='ltr'>πρὸ</span> <span class='ocrx_word' id='word_1_583' title='bbox 836 5234 1158 5298; x_wconf 77' lang='grc' dir='ltr'>Σαϐὄάτου,</span> <span class='ocrx_word' id='word_1_584' title='bbox 1200 5233 1265 5288; x_wconf 85' lang='grc' dir='ltr'>ἂν</span> <span class='ocrx_word' id='word_1_585' title='bbox 1293 5233 1378 5305; x_wconf 81' lang='grc' dir='ltr'><strong>εἴη</strong></span> <span class='ocrx_word' id='word_1_586' title='bbox 1411 5235 1443 5304; x_wconf 85' lang='grc' dir='ltr'>ὴ</span> <span class='ocrx_word' id='word_1_587' title='bbox 1476 5231 1662 5305; x_wconf 86' lang='grc' dir='ltr'>πρώτη</span> <span class='ocrx_word' id='word_1_588' title='bbox 1695 5234 1793 5286; x_wconf 77' lang='grc' dir='ltr'><strong>αὺ-</strong></span> 
     </span>
    </p>
   </div>
   <div class='ocr_carea' id='block_1_87' title="bbox 303 5323 1794 5398">
    <p class='ocr_par' dir='ltr' id='par_1_87' title="bbox 303 5323 1794 5398">
     <span class='ocr_line' id='line_1_87' title="bbox 303 5323 1794 5398; baseline -0.003 -19"><span class='ocrx_word' id='word_1_589' title='bbox 303 5327 397 5381; x_wconf 84' lang='grc' dir='ltr'><strong>τοῦ</strong></span> <span class='ocrx_word' id='word_1_590' title='bbox 422 5327 716 5398; x_wconf 72' lang='grc' dir='ltr'>παρουσία,</span> <span class='ocrx_word' id='word_1_591' title='bbox 745 5327 831 5378; x_wconf 83' lang='grc' dir='ltr'>ὅτε</span> <span class='ocrx_word' id='word_1_592' title='bbox 857 5326 950 5379; x_wconf 78' lang='grc' dir='ltr'><strong>καὶ</strong></span> <span class='ocrx_word' id='word_1_593' title='bbox 976 5327 1009 5397; x_wconf 76' lang='grc' dir='ltr'>ἡ</span> <span class='ocrx_word' id='word_1_594' title='bbox 1038 5325 1108 5394; x_wconf 83' lang='grc' dir='ltr'>γῆ</span> <span class='ocrx_word' id='word_1_595' title='bbox 1139 5324 1490 5393; x_wconf 78' lang='grc' dir='ltr'>κατῴκισται,</span> <span class='ocrx_word' id='word_1_596' title='bbox 1518 5323 1794 5375; x_wconf 84' lang='grc' dir='ltr'>τουτέστιν</span> 
     </span>
    </p>
   </div>
   <div class='ocr_carea' id='block_1_88' title="bbox 304 5412 1793 5488">
    <p class='ocr_par' dir='ltr' id='par_1_88' title="bbox 304 5412 1793 5488">
     <span class='ocr_line' id='line_1_88' title="bbox 304 5412 1793 5488; baseline -0.005 -16"><span class='ocrx_word' id='word_1_597' title='bbox 304 5419 394 5472; x_wconf 85' lang='grc' dir='ltr'>ὅτε</span> <span class='ocrx_word' id='word_1_598' title='bbox 417 5420 451 5488; x_wconf 82' lang='grc' dir='ltr'>ὴ</span> <span class='ocrx_word' id='word_1_599' title='bbox 488 5416 780 5488; x_wconf 84' lang='grc' dir='ltr'>Ἐκκλησία</span> <span class='ocrx_word' id='word_1_600' title='bbox 805 5416 951 5487; x_wconf 78' lang='grc' dir='ltr'>πάσῃ</span> <span class='ocrx_word' id='word_1_601' title='bbox 978 5419 1045 5488; x_wconf 80' lang='grc' dir='ltr'>τῇ</span> <span class='ocrx_word' id='word_1_602' title='bbox 1071 5414 1359 5487; x_wconf 79' lang='grc' dir='ltr'>οἰκουμένῃ</span> <span class='ocrx_word' id='word_1_603' title='bbox 1393 5412 1793 5483; x_wconf 79' lang='grc' dir='ltr'>τεθεμελίωται,</span> 
     </span>
    </p>
   </div>
   <div class='ocr_carea' id='block_1_89' title="bbox 304 5502 1794 5577">
    <p class='ocr_par' dir='ltr' id='par_1_89' title="bbox 304 5502 1794 5577">
     <span class='ocr_line' id='line_1_89' title="bbox 304 5502 1794 5577; baseline -0.003 -18"><span class='ocrx_word' id='word_1_604' title='bbox 304 5508 411 5561; x_wconf 82' lang='grc' dir='ltr'>τῶν</span> <span class='ocrx_word' id='word_1_605' title='bbox 433 5507 602 5576; x_wconf 79' lang='grc' dir='ltr'>ἁγίων</span> <span class='ocrx_word' id='word_1_606' title='bbox 640 5507 946 5560; x_wconf 80' lang='grc' dir='ltr'>ἀποστόλων</span> <span class='ocrx_word' id='word_1_607' title='bbox 972 5506 1210 5577; x_wconf 79' lang='grc' dir='ltr'>δηλονότι</span> <span class='ocrx_word' id='word_1_608' title='bbox 1252 5505 1347 5559; x_wconf 73' lang='grc' dir='ltr'>καὶ</span> <span class='ocrx_word' id='word_1_609' title='bbox 1393 5502 1794 5573; x_wconf 82' lang='grc' dir='ltr'>εὐαγγελιστῶν</span> 
     </span>
    </p>
   </div>
   <div class='ocr_carea' id='block_1_90' title="bbox 305 5596 1702 5671">
    <p class='ocr_par' dir='ltr' id='par_1_90' title="bbox 305 5596 1702 5671">
     <span class='ocr_line' id='line_1_90' title="bbox 305 5596 1702 5671; baseline -0.003 -19"><span class='ocrx_word' id='word_1_610' title='bbox 305 5599 395 5653; x_wconf 74' lang='grc' dir='ltr'>τὸν</span> <span class='ocrx_word' id='word_1_611' title='bbox 425 5599 551 5671; x_wconf 76' lang='grc' dir='ltr'>περὶ</span> <span class='ocrx_word' id='word_1_612' title='bbox 587 5597 819 5671; x_wconf 81' lang='grc' dir='ltr'>Χριστοῦ</span> <span class='ocrx_word' id='word_1_613' title='bbox 846 5597 1314 5667; x_wconf 84' lang='grc' dir='ltr'>καταγγειλάντων</span> <span class='ocrx_word' id='word_1_614' title='bbox 1344 5600 1406 5669; x_wconf 80' lang='grc' dir='ltr'>τῇ</span> <span class='ocrx_word' id='word_1_615' title='bbox 1429 5598 1496 5668; x_wconf 77' lang='grc' dir='ltr'><strong>γῇ</strong></span> <span class='ocrx_word' id='word_1_616' title='bbox 1526 5596 1702 5663; x_wconf 75' lang='grc' dir='ltr'>λόγον.</span> 
     </span>
    </p>
   </div>
   <div class='ocr_carea' id='block_1_91' title="bbox 316 5862 759 5929">
    <p class='ocr_par' dir='ltr' id='par_1_91' title="bbox 316 5862 759 5929">
     <span class='ocr_line' id='line_1_91' title="bbox 316 5862 759 5929; baseline -0.011 -8"><span class='ocrx_word' id='word_1_617' title='bbox 316 5865 358 5896; x_wconf 71' lang='grc'><strong>⁸⁸</strong></span> <span class='ocrx_word' id='word_1_618' title='bbox 399 5864 567 5922; x_wconf 89' lang='lat' dir='ltr'><strong>lCor.</strong></span> <span class='ocrx_word' id='word_1_619' title='bbox 620 5879 678 5929; x_wconf 90' lang='lat' dir='ltr'><strong>ll,</strong></span> <span class='ocrx_word' id='word_1_620' title='bbox 709 5862 759 5917; x_wconf 86' lang='lat'><strong>9.</strong></span> 
     </span>
    </p>
   </div>
   <div class='ocr_carea' id='block_1_92' title="bbox 1956 3474 3445 3545">
    <p class='ocr_par' dir='ltr' id='par_1_92' title="bbox 1956 3474 3445 3545">
     <span class='ocr_line' id='line_1_92' title="bbox 1956 3474 3445 3545; baseline -0.001 -15"><span class='ocrx_word' id='word_1_621' title='bbox 1956 3478 2041 3531; x_wconf 73' lang='grc'>13.</span> <span class='ocrx_word' id='word_1_622' title='bbox 2080 3476 2261 3531; x_wconf 81' lang='lat' dir='ltr'><strong>Adhuc</strong></span> <span class='ocrx_word' id='word_1_623' title='bbox 2296 3476 2787 3545; x_wconf 84' lang='lat' dir='ltr'><strong>multiplicabuntur</strong></span> <span class='ocrx_word' id='word_1_624' title='bbox 2830 3478 2885 3529; x_wconf 89' lang='lat' dir='ltr'><strong>in</strong></span> <span class='ocrx_word' id='word_1_625' title='bbox 2913 3484 3119 3529; x_wconf 84' lang='lat' dir='ltr'><strong>senecta</strong></span> <span class='ocrx_word' id='word_1_626' title='bbox 3176 3474 3341 3540; x_wconf 82' lang='lat' dir='ltr'><strong>uberi,</strong></span> <span class='ocrx_word' id='word_1_627' title='bbox 3396 3484 3445 3529; x_wconf 80' lang='lat' dir='ltr'><strong>et</strong></span> 
     </span>
    </p>
   </div>
   <div class='ocr_carea' id='block_1_93' title="bbox 1885 3568 3448 3638">
    <p class='ocr_par' dir='ltr' id='par_1_93' title="bbox 1885 3568 3448 3638">
     <span class='ocr_line' id='line_1_93' title="bbox 1885 3568 3448 3638; baseline -0.001 -16"><span class='ocrx_word' id='word_1_628' title='bbox 1885 3569 2007 3624; x_wconf 86' lang='lat' dir='ltr'><strong>bene</strong></span> <span class='ocrx_word' id='word_1_629' title='bbox 2024 3572 2276 3638; x_wconf 82' lang='lat' dir='ltr'><strong>patientes</strong></span> <span class='ocrx_word' id='word_1_630' title='bbox 2304 3578 2475 3623; x_wconf 86' lang='lat' dir='ltr'><strong>erunt.</strong></span> <span class='ocrx_word' id='word_1_631' title='bbox 2499 3568 2636 3623; x_wconf 78' lang='lat' dir='ltr'><strong>Bene</strong></span> <span class='ocrx_word' id='word_1_632' title='bbox 2657 3569 2938 3638; x_wconf 84' lang='lat' dir='ltr'><strong>patientes,</strong></span> <span class='ocrx_word' id='word_1_633' title='bbox 2960 3568 3296 3638; x_wconf 87' lang='lat' dir='ltr'><strong>quasidicas,</strong></span> <span class='ocrx_word' id='word_1_634' title='bbox 3313 3568 3448 3623; x_wconf 85' lang='lat' dir='ltr'><strong>bene</strong></span> 
     </span>
    </p>
   </div>
   <div class='ocr_carea' id='block_1_94' title="bbox 1888 3660 3422 3731">
    <p class='ocr_par' dir='ltr' id='par_1_94' title="bbox 1888 3660 3422 3731">
     <span class='ocr_line' id='line_1_94' title="bbox 1888 3660 3422 3731; baseline -0.001 -15"><span class='ocrx_word' id='word_1_635' title='bbox 1888 3662 2200 3717; x_wconf 87' lang='lat' dir='ltr'><strong>tolerantes.</strong></span> <span class='ocrx_word' id='word_1_636' title='bbox 2232 3661 2509 3715; x_wconf 85' lang='lat' dir='ltr'><strong>Dabuntur</strong></span> <span class='ocrx_word' id='word_1_637' title='bbox 2537 3663 2679 3715; x_wconf 90' lang='lat' dir='ltr'><strong>enim</strong></span> <span class='ocrx_word' id='word_1_638' title='bbox 2711 3661 2817 3716; x_wconf 90' lang='lat' dir='ltr'><strong>illis</strong></span> <span class='ocrx_word' id='word_1_639' title='bbox 2860 3677 2978 3731; x_wconf 81' lang='lat' dir='ltr'><strong>qua:</strong></span> <span class='ocrx_word' id='word_1_640' title='bbox 3003 3660 3185 3715; x_wconf 83' lang='lat' dir='ltr'><strong>oculus</strong></span> <span class='ocrx_word' id='word_1_641' title='bbox 3228 3676 3333 3715; x_wconf 86' lang='lat' dir='ltr'><strong>non</strong></span> <span class='ocrx_word' id='word_1_642' title='bbox 3374 3661 3422 3716; x_wconf 77' lang='lat' dir='ltr'><strong>vi</strong></span> 
     </span>
    </p>
   </div>
   <div class='ocr_carea' id='block_1_95' title="bbox 1886 3754 2609 3819">
    <p class='ocr_par' dir='ltr' id='par_1_95' title="bbox 1886 3754 2609 3819">
     <span class='ocr_line' id='line_1_95' title="bbox 1886 3754 2609 3819; baseline 0.001 -12"><span class='ocrx_word' id='word_1_643' title='bbox 1886 3756 1985 3819; x_wconf 77' lang='lat' dir='ltr'><strong>dit,</strong></span> <span class='ocrx_word' id='word_1_644' title='bbox 2033 3772 2122 3809; x_wconf 84' lang='lat' dir='ltr'><strong>nec</strong></span> <span class='ocrx_word' id='word_1_645' title='bbox 2153 3756 2299 3808; x_wconf 89' lang='lat' dir='ltr'><strong>auris</strong></span> <span class='ocrx_word' id='word_1_646' title='bbox 2326 3754 2523 3807; x_wconf 83' lang='lat' dir='ltr'><strong>audivit</strong></span> <span class='ocrx_word' id='word_1_647' title='bbox 2547 3754 2609 3808; x_wconf 70' lang='grc'><strong>⁵⁸.</strong></span> 
     </span>
    </p>
   </div>
   <div class='ocr_carea' id='block_1_96' title="bbox 1958 3839 3449 3909">
    <p class='ocr_par' dir='ltr' id='par_1_96' title="bbox 1958 3839 3449 3909">
     <span class='ocr_line' id='line_1_96' title="bbox 1958 3839 3449 3909; baseline -0.001 -11"><span class='ocrx_word' id='word_1_648' title='bbox 1958 3846 2044 3900; x_wconf 86' lang='grc'><strong>16.</strong></span> <span class='ocrx_word' id='word_1_649' title='bbox 2071 3843 2336 3909; x_wconf 82' lang='lat' dir='ltr'><strong>Quoniam</strong></span> <span class='ocrx_word' id='word_1_650' title='bbox 2378 3852 2549 3897; x_wconf 88' lang='lat' dir='ltr'><strong>rectus</strong></span> <span class='ocrx_word' id='word_1_651' title='bbox 2601 3841 2855 3895; x_wconf 85' lang='lat' dir='ltr'><strong>Dominus</strong></span> <span class='ocrx_word' id='word_1_652' title='bbox 2904 3840 3042 3897; x_wconf 84' lang='lat' dir='ltr'><strong>Deus</strong></span> <span class='ocrx_word' id='word_1_653' title='bbox 3068 3851 3264 3897; x_wconf 81' lang='lat' dir='ltr'><strong>noster.</strong></span> <span class='ocrx_word' id='word_1_654' title='bbox 3296 3839 3449 3896; x_wconf 86' lang='lat' dir='ltr'><strong>Post-</strong></span> 
     </span>
    </p>
   </div>
   <div class='ocr_carea' id='block_1_97' title="bbox 1890 3933 3448 4006">
    <p class='ocr_par' dir='ltr' id='par_1_97' title="bbox 1890 3933 3448 4006">
     <span class='ocr_line' id='line_1_97' title="bbox 1890 3933 3448 4006; baseline -0.002 -16"><span class='ocrx_word' id='word_1_655' title='bbox 1890 3950 2049 4006; x_wconf 88' lang='lat' dir='ltr'><strong>quam</strong></span> <span class='ocrx_word' id='word_1_656' title='bbox 2100 3936 2155 3989; x_wconf 90' lang='lat' dir='ltr'><strong>in</strong></span> <span class='ocrx_word' id='word_1_657' title='bbox 2221 3934 2469 4005; x_wconf 88' lang='lat' dir='ltr'><strong>supernis</strong></span> <span class='ocrx_word' id='word_1_658' title='bbox 2510 3934 2877 3989; x_wconf 86' lang='lat' dir='ltr'><strong>mansionibus</strong></span> <span class='ocrx_word' id='word_1_659' title='bbox 2936 3933 3206 3989; x_wconf 85' lang='lat' dir='ltr'><strong>constituti</strong></span> <span class='ocrx_word' id='word_1_660' title='bbox 3261 3943 3448 4003; x_wconf 89' lang='lat' dir='ltr'><strong>parata</strong></span> 
     </span>
    </p>
   </div>
   <div class='ocr_carea' id='block_1_98' title="bbox 1893 4024 3451 4094">
    <p class='ocr_par' dir='ltr' id='par_1_98' title="bbox 1893 4024 3451 4094">
     <span class='ocr_line' id='line_1_98' title="bbox 1893 4024 3451 4094; baseline -0.002 -13"><span class='ocrx_word' id='word_1_661' title='bbox 1893 4028 2030 4082; x_wconf 88' lang='lat' dir='ltr'><strong>bona</strong></span> <span class='ocrx_word' id='word_1_662' title='bbox 2062 4027 2203 4082; x_wconf 90' lang='lat' dir='ltr'><strong>nacti</strong></span> <span class='ocrx_word' id='word_1_663' title='bbox 2230 4026 2452 4090; x_wconf 79' lang='lat' dir='ltr'><strong>fuerint,</strong></span> <span class='ocrx_word' id='word_1_664' title='bbox 2489 4025 2629 4079; x_wconf 90' lang='lat' dir='ltr'><strong>hanc</strong></span> <span class='ocrx_word' id='word_1_665' title='bbox 2653 4024 3050 4079; x_wconf 88' lang='lat' dir='ltr'><strong>annuntiabunt</strong></span> <span class='ocrx_word' id='word_1_666' title='bbox 3079 4038 3287 4091; x_wconf 85' lang='lat' dir='ltr'><strong>vocem,</strong></span> <span class='ocrx_word' id='word_1_667' title='bbox 3308 4024 3451 4094; x_wconf 91' lang='lat' dir='ltr'><strong>quod</strong></span> 
     </span>
    </p>
   </div>
   <div class='ocr_carea' id='block_1_99' title="bbox 1887 4116 3451 4190">
    <p class='ocr_par' dir='ltr' id='par_1_99' title="bbox 1887 4116 3451 4190">
     <span class='ocr_line' id='line_1_99' title="bbox 1887 4116 3451 4190; baseline -0.001 -17"><span class='ocrx_word' id='word_1_668' title='bbox 1887 4121 2068 4190; x_wconf 88' lang='lat' dir='ltr'><strong>justus</strong></span> <span class='ocrx_word' id='word_1_669' title='bbox 2100 4130 2153 4173; x_wconf 88' lang='lat' dir='ltr'><strong>et</strong></span> <span class='ocrx_word' id='word_1_670' title='bbox 2188 4127 2367 4173; x_wconf 87' lang='lat' dir='ltr'><strong>rectus</strong></span> <span class='ocrx_word' id='word_1_671' title='bbox 2398 4118 2466 4172; x_wconf 91' lang='lat' dir='ltr'><strong>sit</strong></span> <span class='ocrx_word' id='word_1_672' title='bbox 2490 4116 2775 4183; x_wconf 86' lang='lat' dir='ltr'><strong>Dominus,</strong></span> <span class='ocrx_word' id='word_1_673' title='bbox 2801 4118 2892 4184; x_wconf 89' lang='lat' dir='ltr'><strong>qui</strong></span> <span class='ocrx_word' id='word_1_674' title='bbox 2922 4117 3139 4185; x_wconf 89' lang='lat' dir='ltr'><strong>iniquos</strong></span> <span class='ocrx_word' id='word_1_675' title='bbox 3170 4124 3225 4171; x_wconf 92' lang='lat' dir='ltr'><strong>et</strong></span> <span class='ocrx_word' id='word_1_676' title='bbox 3253 4116 3451 4186; x_wconf 87' lang='lat' dir='ltr'><strong>impios</strong></span> 
     </span>
    </p>
   </div>
   <div class='ocr_carea' id='block_1_100' title="bbox 1894 4206 3450 4276">
    <p class='ocr_par' dir='ltr' id='par_1_100' title="bbox 1894 4206 3450 4276">
     <span class='ocr_line' id='line_1_100' title="bbox 1894 4206 3450 4276; baseline -0.001 -12"><span class='ocrx_word' id='word_1_677' title='bbox 1894 4227 1990 4265; x_wconf 88' lang='lat' dir='ltr'><strong>ceu</strong></span> <span class='ocrx_word' id='word_1_678' title='bbox 2035 4209 2217 4264; x_wconf 78' lang='lat' dir='ltr'><strong>fenum</strong></span> <span class='ocrx_word' id='word_1_679' title='bbox 2271 4223 2517 4264; x_wconf 87' lang='lat' dir='ltr'><strong>arescere</strong></span> <span class='ocrx_word' id='word_1_680' title='bbox 2554 4207 2712 4272; x_wconf 86' lang='lat' dir='ltr'><strong>lecit;</strong></span> <span class='ocrx_word' id='word_1_681' title='bbox 2758 4207 2938 4276; x_wconf 85' lang='lat' dir='ltr'><strong>justos</strong></span> <span class='ocrx_word' id='word_1_682' title='bbox 2986 4215 3164 4260; x_wconf 88' lang='lat' dir='ltr'><strong>autem</strong></span> <span class='ocrx_word' id='word_1_683' title='bbox 3210 4214 3264 4261; x_wconf 89' lang='lat' dir='ltr'><strong>et</strong></span> <span class='ocrx_word' id='word_1_684' title='bbox 3310 4206 3450 4275; x_wconf 91' lang='lat' dir='ltr'><strong>pios,</strong></span> 
     </span>
    </p>
   </div>
   <div class='ocr_carea' id='block_1_101' title="bbox 1893 4297 3460 4369">
    <p class='ocr_par' dir='ltr' id='par_1_101' title="bbox 1893 4297 3460 4369">
     <span class='ocr_line' id='line_1_101' title="bbox 1893 4297 3460 4369; baseline 0 -16"><span class='ocrx_word' id='word_1_685' title='bbox 1893 4300 2046 4369; x_wconf 88' lang='lat' dir='ltr'><strong>quasi</strong></span> <span class='ocrx_word' id='word_1_686' title='bbox 2082 4300 2274 4354; x_wconf 85' lang='lat' dir='ltr'><strong>cedros</strong></span> <span class='ocrx_word' id='word_1_687' title='bbox 2331 4310 2382 4354; x_wconf 88' lang='lat' dir='ltr'><strong>et</strong></span> <span class='ocrx_word' id='word_1_688' title='bbox 2415 4298 2653 4368; x_wconf 88' lang='lat' dir='ltr'><strong>palmas,</strong></span> <span class='ocrx_word' id='word_1_689' title='bbox 2705 4298 2758 4352; x_wconf 93' lang='lat' dir='ltr'><strong>in</strong></span> <span class='ocrx_word' id='word_1_690' title='bbox 2790 4298 3038 4368; x_wconf 87' lang='lat' dir='ltr'><strong>supernis</strong></span> <span class='ocrx_word' id='word_1_691' title='bbox 3090 4297 3460 4353; x_wconf 80' lang='lat' dir='ltr'><strong>tabernaculis</strong></span> 
     </span>
    </p>
   </div>
   <div class='ocr_carea' id='block_1_102' title="bbox 1896 4387 3452 4462">
    <p class='ocr_par' dir='ltr' id='par_1_102' title="bbox 1896 4387 3452 4462">
     <span class='ocr_line' id='line_1_102' title="bbox 1896 4387 3452 4462; baseline 0 -18"><span class='ocrx_word' id='word_1_692' title='bbox 1896 4392 2177 4462; x_wconf 78' lang='lat' dir='ltr'><strong>plantavit.</strong></span> <span class='ocrx_word' id='word_1_693' title='bbox 2223 4390 2289 4443; x_wconf 85' lang='lat' dir='ltr'><strong>Et</strong></span> <span class='ocrx_word' id='word_1_694' title='bbox 2318 4408 2417 4445; x_wconf 89' lang='lat' dir='ltr'><strong>non</strong></span> <span class='ocrx_word' id='word_1_695' title='bbox 2438 4400 2513 4445; x_wconf 83' lang='lat' dir='ltr'><strong>est</strong></span> <span class='ocrx_word' id='word_1_696' title='bbox 2550 4390 2800 4461; x_wconf 82' lang='lat' dir='ltr'><strong>iniquitas</strong></span> <span class='ocrx_word' id='word_1_697' title='bbox 2835 4389 2888 4444; x_wconf 91' lang='lat' dir='ltr'><strong>in</strong></span> <span class='ocrx_word' id='word_1_698' title='bbox 2923 4387 3050 4457; x_wconf 87' lang='lat' dir='ltr'><strong>Deo,</strong></span> <span class='ocrx_word' id='word_1_699' title='bbox 3078 4389 3206 4461; x_wconf 85' lang='lat' dir='ltr'><strong>quia</strong></span> <span class='ocrx_word' id='word_1_700' title='bbox 3237 4388 3452 4445; x_wconf 60' lang='lat' dir='ltr'><strong>malitia!</strong></span> 
     </span>
    </p>
   </div>
   <div class='ocr_carea' id='block_1_103' title="bbox 1894 4494 2320 4556">
    <p class='ocr_par' dir='ltr' id='par_1_103' title="bbox 1894 4494 2320 4556">
     <span class='ocr_line' id='line_1_103' title="bbox 1894 4494 2320 4556; baseline -0.007 -17"><span class='ocrx_word' id='word_1_701' title='bbox 1894 4500 2060 4556; x_wconf 76' lang='lat' dir='ltr'><strong>capax</strong></span> <span class='ocrx_word' id='word_1_702' title='bbox 2090 4500 2197 4538; x_wconf 90' lang='lat' dir='ltr'><strong>non</strong></span> <span class='ocrx_word' id='word_1_703' title='bbox 2219 4494 2320 4537; x_wconf 88' lang='lat' dir='ltr'><strong>est.</strong></span> 
     </span>
    </p>
   </div>
   <div class='ocr_carea' id='block_1_104' title="bbox 1826 4635 3452 4709">
    <p class='ocr_par' dir='ltr' id='par_1_104' title="bbox 1826 4635 3452 4709">
     <span class='ocr_line' id='line_1_104' title="bbox 1826 4635 3452 4709; baseline -0.003 -13"><span class='ocrx_word' id='word_1_704' title='bbox 1826 4639 1870 4696; x_wconf 90' lang='lat' dir='ltr'><strong>D</strong></span> <span class='ocrx_word' id='word_1_705' title='bbox 1897 4640 1962 4695; x_wconf 89' lang='lat' dir='ltr'><strong>In</strong></span> <span class='ocrx_word' id='word_1_706' title='bbox 1999 4641 2135 4695; x_wconf 80' lang='lat' dir='ltr'><strong>diem</strong></span> <span class='ocrx_word' id='word_1_707' title='bbox 2178 4648 2298 4695; x_wconf 84' lang='lat' dir='ltr'><strong>ante</strong></span> <span class='ocrx_word' id='word_1_708' title='bbox 2339 4638 2648 4701; x_wconf 84' lang='lat' dir='ltr'><strong>Sabbatum,</strong></span> <span class='ocrx_word' id='word_1_709' title='bbox 2679 4640 2884 4709; x_wconf 84' lang='lat' dir='ltr'><strong>quando</strong></span> <span class='ocrx_word' id='word_1_710' title='bbox 2918 4635 3143 4707; x_wconf 79' lang='lat' dir='ltr'><strong>fundata</strong></span> <span class='ocrx_word' id='word_1_711' title='bbox 3176 4646 3251 4691; x_wconf 85' lang='lat' dir='ltr'><strong>est</strong></span> <span class='ocrx_word' id='word_1_712' title='bbox 3292 4647 3452 4705; x_wconf 87' lang='lat' dir='ltr'><strong>terra,</strong></span> 
     </span>
    </p>
   </div>
   <div class='ocr_carea' id='block_1_105' title="bbox 2198 4726 3142 4798">
    <p class='ocr_par' dir='ltr' id='par_1_105' title="bbox 2198 4726 3142 4798">
     <span class='ocr_line' id='line_1_105' title="bbox 2198 4726 3142 4798; baseline -0.002 -15"><span class='ocrx_word' id='word_1_713' title='bbox 2198 4732 2314 4785; x_wconf 88' lang='lat' dir='ltr'><strong>laus</strong></span> <span class='ocrx_word' id='word_1_714' title='bbox 2363 4731 2554 4784; x_wconf 84' lang='lat' dir='ltr'><strong>cantici</strong></span> <span class='ocrx_word' id='word_1_715' title='bbox 2599 4731 2697 4798; x_wconf 84' lang='lat' dir='ltr'><strong>ipsi</strong></span> <span class='ocrx_word' id='word_1_716' title='bbox 2726 4729 2916 4793; x_wconf 84' lang='lat' dir='ltr'><strong>David,</strong></span> <span class='ocrx_word' id='word_1_717' title='bbox 2956 4726 3142 4782; x_wconf 80' lang='lat' dir='ltr'><strong><em>XCII.</em></strong></span> 
     </span>
    </p>
   </div>
   <div class='ocr_carea' id='block_1_106' title="bbox 2476 4822 2872 4892">
    <p class='ocr_par' dir='ltr' id='par_1_106' title="bbox 2476 4822 2872 4892">
     <span class='ocr_line' id='line_1_106' title="bbox 2476 4822 2872 4892; baseline -0.013 -16"><span class='ocrx_word' id='word_1_718' title='bbox 2476 4822 2872 4892; x_wconf 78' lang='lat' dir='ltr'><strong>Argumentum.</strong></span> 
     </span>
    </p>
   </div>
   <div class='ocr_carea' id='block_1_107' title="bbox 1894 4906 3450 4983">
    <p class='ocr_par' dir='ltr' id='par_1_107' title="bbox 1894 4906 3450 4983">
     <span class='ocr_line' id='line_1_107' title="bbox 1894 4906 3450 4983; baseline -0.004 -17"><span class='ocrx_word' id='word_1_719' title='bbox 1894 4912 1951 4966; x_wconf 92' lang='lat' dir='ltr'><strong>ln</strong></span> <span class='ocrx_word' id='word_1_720' title='bbox 1978 4912 2293 4983; x_wconf 53' lang='lat' dir='ltr'><strong>praecedenti</strong></span> <span class='ocrx_word' id='word_1_721' title='bbox 2319 4913 2526 4983; x_wconf 86' lang='lat' dir='ltr'><strong>psalmo</strong></span> <span class='ocrx_word' id='word_1_722' title='bbox 2554 4928 2647 4982; x_wconf 86' lang='lat' dir='ltr'><strong>per</strong></span> <span class='ocrx_word' id='word_1_723' title='bbox 2675 4912 2787 4965; x_wconf 74' lang='lat' dir='ltr'><strong>htee</strong></span> <span class='ocrx_word' id='word_1_724' title='bbox 2804 4910 2962 4965; x_wconf 85' lang='lat' dir='ltr'><strong>verba</strong></span> <span class='ocrx_word' id='word_1_725' title='bbox 2997 4927 3013 4963; x_wconf 87' lang='lat'><strong>:</strong></span> <span class='ocrx_word' id='word_1_726' title='bbox 3056 4908 3120 4962; x_wconf 87' lang='lat' dir='ltr'><strong>In</strong></span> <span class='ocrx_word' id='word_1_727' title='bbox 3146 4908 3281 4962; x_wconf 83' lang='lat' dir='ltr'><strong>diem</strong></span> <span class='ocrx_word' id='word_1_728' title='bbox 3316 4906 3450 4963; x_wconf 84' lang='lat' dir='ltr'><strong>Sab-</strong></span> 
     </span>
    </p>
   </div>
   <div class='ocr_carea' id='block_1_108' title="bbox 1964 5001 3450 5074">
    <p class='ocr_par' dir='ltr' id='par_1_108' title="bbox 1964 5001 3450 5074">
     <span class='ocr_line' id='line_1_108' title="bbox 1964 5001 3450 5074; baseline -0.005 -14"><span class='ocrx_word' id='word_1_729' title='bbox 1964 5007 2094 5074; x_wconf 84' lang='lat' dir='ltr'><strong>bati,</strong></span> <span class='ocrx_word' id='word_1_730' title='bbox 2127 5006 2433 5062; x_wconf 86' lang='lat' dir='ltr'><strong>declaratur</strong></span> <span class='ocrx_word' id='word_1_731' title='bbox 2482 5005 2754 5060; x_wconf 86' lang='lat' dir='ltr'><strong>secundus</strong></span> <span class='ocrx_word' id='word_1_732' title='bbox 2816 5001 3115 5056; x_wconf 84' lang='lat' dir='ltr'><strong>Salvatoris</strong></span> <span class='ocrx_word' id='word_1_733' title='bbox 3170 5002 3450 5066; x_wconf 77' lang='lat' dir='ltr'><strong>adventus,</strong></span> 
     </span>
    </p>
   </div>
   <div class='ocr_carea' id='block_1_109' title="bbox 1966 5091 3453 5170">
    <p class='ocr_par' dir='ltr' id='par_1_109' title="bbox 1966 5091 3453 5170">
     <span class='ocr_line' id='line_1_109' title="bbox 1966 5091 3453 5170; baseline -0.005 -17"><span class='ocrx_word' id='word_1_734' title='bbox 1966 5099 2185 5169; x_wconf 85' lang='lat' dir='ltr'><strong>quando</strong></span> <span class='ocrx_word' id='word_1_735' title='bbox 2214 5097 2459 5170; x_wconf 80' lang='lat' dir='ltr'><strong>regnabit</strong></span> <span class='ocrx_word' id='word_1_736' title='bbox 2481 5097 2533 5150; x_wconf 89' lang='lat' dir='ltr'><strong>in</strong></span> <span class='ocrx_word' id='word_1_737' title='bbox 2566 5110 2764 5149; x_wconf 83' lang='lat' dir='ltr'><strong>novum</strong></span> <span class='ocrx_word' id='word_1_738' title='bbox 2792 5092 3049 5148; x_wconf 70' lang='lat' dir='ltr'><strong>smcnlnm</strong></span> <span class='ocrx_word' id='word_1_739' title='bbox 3104 5106 3227 5144; x_wconf 90' lang='lat' dir='ltr'><strong>cum</strong></span> <span class='ocrx_word' id='word_1_740' title='bbox 3252 5091 3453 5145; x_wconf 81' lang='lat' dir='ltr'><strong>sanctis</strong></span> 
     </span>
    </p>
   </div>
   <div class='ocr_carea' id='block_1_110' title="bbox 1970 5180 3428 5248">
    <p class='ocr_par' dir='ltr' id='par_1_110' title="bbox 1970 5180 3428 5248">
     <span class='ocr_line' id='line_1_110' title="bbox 1970 5180 3428 5248; baseline -0.008 -3"><span class='ocrx_word' id='word_1_741' title='bbox 1970 5191 2103 5246; x_wconf 89' lang='lat' dir='ltr'><strong>suis.</strong></span> <span class='ocrx_word' id='word_1_742' title='bbox 2132 5188 2315 5243; x_wconf 86' lang='lat' dir='ltr'><strong>Palam</strong></span> <span class='ocrx_word' id='word_1_743' title='bbox 2350 5198 2528 5242; x_wconf 89' lang='lat' dir='ltr'><strong>autem</strong></span> <span class='ocrx_word' id='word_1_744' title='bbox 2558 5196 2639 5240; x_wconf 87' lang='lat' dir='ltr'><strong>est</strong></span> <span class='ocrx_word' id='word_1_745' title='bbox 2673 5184 2823 5248; x_wconf 85' lang='lat' dir='ltr'><strong>illud,</strong></span> <span class='ocrx_word' id='word_1_746' title='bbox 2855 5192 2975 5236; x_wconf 88' lang='lat' dir='ltr'><strong>ante</strong></span> <span class='ocrx_word' id='word_1_747' title='bbox 3007 5180 3317 5245; x_wconf 81' lang='lat' dir='ltr'><strong>Sabbatum,</strong></span> <span class='ocrx_word' id='word_1_748' title='bbox 3361 5180 3428 5235; x_wconf 90' lang='lat' dir='ltr'><strong>de</strong></span> 
     </span>
    </p>
   </div>
   <div class='ocr_carea' id='block_1_111' title="bbox 1969 5271 3451 5352">
    <p class='ocr_par' dir='ltr' id='par_1_111' title="bbox 1969 5271 3451 5352">
     <span class='ocr_line' id='line_1_111' title="bbox 1969 5271 3451 5352; baseline -0.007 -16"><span class='ocrx_word' id='word_1_749' title='bbox 1969 5282 2184 5351; x_wconf 70' lang='lat' dir='ltr'><strong>signare</strong></span> <span class='ocrx_word' id='word_1_750' title='bbox 2238 5280 2471 5352; x_wconf 89' lang='lat' dir='ltr'><strong>priorem</strong></span> <span class='ocrx_word' id='word_1_751' title='bbox 2527 5278 2647 5347; x_wconf 86' lang='lat' dir='ltr'><strong>ejus</strong></span> <span class='ocrx_word' id='word_1_752' title='bbox 2701 5276 3009 5337; x_wconf 81' lang='lat' dir='ltr'><strong>adventum,</strong></span> <span class='ocrx_word' id='word_1_753' title='bbox 3064 5271 3280 5343; x_wconf 89' lang='lat' dir='ltr'><strong>quando</strong></span> <span class='ocrx_word' id='word_1_754' title='bbox 3314 5280 3451 5326; x_wconf 85' lang='lat' dir='ltr'><strong>terra</strong></span> 
     </span>
    </p>
   </div>
   <div class='ocr_carea' id='block_1_112' title="bbox 1970 5362 3449 5441">
    <p class='ocr_par' dir='ltr' id='par_1_112' title="bbox 1970 5362 3449 5441">
     <span class='ocr_line' id='line_1_112' title="bbox 1970 5362 3449 5441; baseline -0.007 -15"><span class='ocrx_word' id='word_1_755' title='bbox 1970 5374 2216 5427; x_wconf 87' lang='lat' dir='ltr'><strong>habitata</strong></span> <span class='ocrx_word' id='word_1_756' title='bbox 2248 5382 2348 5439; x_wconf 89' lang='lat' dir='ltr'><strong>est,</strong></span> <span class='ocrx_word' id='word_1_757' title='bbox 2382 5371 2434 5426; x_wconf 90' lang='lat' dir='ltr'><strong>id</strong></span> <span class='ocrx_word' id='word_1_758' title='bbox 2474 5380 2557 5426; x_wconf 87' lang='lat' dir='ltr'><strong>est</strong></span> <span class='ocrx_word' id='word_1_759' title='bbox 2589 5368 2806 5441; x_wconf 87' lang='lat' dir='ltr'><strong>quando</strong></span> <span class='ocrx_word' id='word_1_760' title='bbox 2828 5365 3069 5421; x_wconf 88' lang='lat' dir='ltr'><strong>Ecclesia</strong></span> <span class='ocrx_word' id='word_1_761' title='bbox 3099 5365 3153 5417; x_wconf 87' lang='lat' dir='ltr'><strong>in</strong></span> <span class='ocrx_word' id='word_1_762' title='bbox 3183 5371 3295 5418; x_wconf 91' lang='lat' dir='ltr'><strong>toto</strong></span> <span class='ocrx_word' id='word_1_763' title='bbox 3320 5362 3449 5417; x_wconf 86' lang='lat' dir='ltr'><strong>orbe</strong></span> 
     </span>
    </p>
   </div>
   <div class='ocr_carea' id='block_1_113' title="bbox 1978 5452 3455 5531">
    <p class='ocr_par' dir='ltr' id='par_1_113' title="bbox 1978 5452 3455 5531">
     <span class='ocr_line' id='line_1_113' title="bbox 1978 5452 3455 5531; baseline -0.009 -12"><span class='ocrx_word' id='word_1_764' title='bbox 1978 5464 2201 5521; x_wconf 80' lang='lat' dir='ltr'><strong>fundata</strong></span> <span class='ocrx_word' id='word_1_765' title='bbox 2236 5472 2337 5530; x_wconf 90' lang='lat' dir='ltr'><strong>est,</strong></span> <span class='ocrx_word' id='word_1_766' title='bbox 2364 5461 2565 5519; x_wconf 87' lang='lat' dir='ltr'><strong>sanctis</strong></span> <span class='ocrx_word' id='word_1_767' title='bbox 2596 5459 2858 5531; x_wconf 89' lang='lat' dir='ltr'><strong>apostolis</strong></span> <span class='ocrx_word' id='word_1_768' title='bbox 2892 5466 2946 5512; x_wconf 84' lang='lat' dir='ltr'><strong>et</strong></span> <span class='ocrx_word' id='word_1_769' title='bbox 2994 5454 3338 5526; x_wconf 82' lang='lat' dir='ltr'><strong>evangelistis</strong></span> <span class='ocrx_word' id='word_1_770' title='bbox 3388 5452 3455 5507; x_wconf 84' lang='lat' dir='ltr'><strong>de</strong></span> 
     </span>
    </p>
   </div>
   <div class='ocr_carea' id='block_1_114' title="bbox 1974 5548 3452 5624">
    <p class='ocr_par' dir='ltr' id='par_1_114' title="bbox 1974 5548 3452 5624">
     <span class='ocr_line' id='line_1_114' title="bbox 1974 5548 3452 5624; baseline -0.012 -7"><span class='ocrx_word' id='word_1_771' title='bbox 1974 5562 2192 5617; x_wconf 88' lang='lat' dir='ltr'><strong>Christo</strong></span> <span class='ocrx_word' id='word_1_772' title='bbox 2255 5570 2555 5614; x_wconf 86' lang='lat' dir='ltr'><strong>sermonem</strong></span> <span class='ocrx_word' id='word_1_773' title='bbox 2608 5568 2701 5624; x_wconf 84' lang='lat' dir='ltr'><strong>per</strong></span> <span class='ocrx_word' id='word_1_774' title='bbox 2752 5559 2921 5606; x_wconf 87' lang='lat' dir='ltr'><strong>totum</strong></span> <span class='ocrx_word' id='word_1_775' title='bbox 2998 5548 3183 5603; x_wconf 87' lang='lat' dir='ltr'><strong>orbem</strong></span> <span class='ocrx_word' id='word_1_776' title='bbox 3254 5559 3452 5601; x_wconf 84' lang='lat' dir='ltr'><strong>renun-</strong></span> 
     </span>
    </p>
   </div>
   <div class='ocr_carea' id='block_1_115' title="bbox 1974 5652 2247 5711">
    <p class='ocr_par' dir='ltr' id='par_1_115' title="bbox 1974 5652 2247 5711">
     <span class='ocr_line' id='line_1_115' title="bbox 1974 5652 2247 5711; baseline -0.022 0"><span class='ocrx_word' id='word_1_777' title='bbox 1974 5652 2247 5711; x_wconf 88' lang='lat' dir='ltr'><strong>tiantibus.</strong></span> 
     </span>
    </p>
   </div>
  </div>
