4126 6486
704 434 805 489 407

776 554 828 606 i.
850 550 1098 607 Dominus
1127 565 1376 626 regnaux,
1402 560 1634 614 decorem
1650 560 1861 613 indutus
1878 570 1972 614 est.
1989 562 2254 626 Quoniam
2288 565 2330 621 Α

709 646 1000 701 humanum
1026 663 1195 717 genus
1224 651 1519 706 abscedens
1544 669 1573 706 a
1600 668 1764 721 regno
1795 652 1910 716 Dei,
1949 654 2049 708 sub
2078 663 2257 725 tyran-

710 739 832 792 nide
856 737 1068 794 Satante
1098 741 1219 804 fuit,
1252 745 1373 797 ideo
1400 746 1613 799 advenit
1661 743 1999 815 Unigenitus,
2033 756 2089 801 ut
2124 747 2255 802 illud

708 846 919 885 rursum
952 834 1166 903 proprio
1196 844 1408 904 sceptro
1431 837 1738 905 suhjiceret.
1780 837 1870 893 Dei
1893 848 2068 893 autem
2091 840 2255 894 deco-

705 939 842 986 mn,
868 924 1037 993 ipsius
1064 927 1276 995 generis
1320 928 1543 981 salutem
1592 944 1713 983 esse
1741 930 1891 984 dicit.
1944 930 2057 986 Nisi
2111 932 2253 987 enim

707 1016 1017 1070 incarnatus
1056 1016 1284 1082 fuisset,
1314 1031 1589 1089 assumpta
1631 1030 1821 1090 [πίοιεν
1844 1034 2121 1093 peccatum
2159 1040 2256 1079 na-

706 1116 825 1161 tura
853 1116 1060 1173 nostra,
1089 1110 1232 1164 nulla
1268 1126 1398 1166 sane
1424 1113 1582 1167 nobis
1614 1115 1760 1170 salus
1798 1114 2006 1170 fuisset.
2042 1114 2255 1184 Oportet

705 1202 843 1253 enim
881 1217 997 1253 eum
1028 1218 1240 1271 regnare
1272 1204 1433 1257 donec
1460 1216 1619 1271 ponat
1654 1222 1825 1260 omnes
1854 1209 2093 1261 inimicos
2133 1224 2254 1262 suos

706 1294 799 1343 snb
829 1292 1040 1360 pedibus
1077 1295 1186 1347 suis
1216 1296 1279 1348 ".
1309 1293 1534 1348 Indutus
1560 1306 1636 1349 est
1681 1297 1932 1352 Dominus
1981 1300 2254 1367 fortitudi-

707 1387 819 1435 netn
849 1392 898 1435 et
917 1384 1191 1451 pracinxit
1214 1400 1285 1438 se.
1319 1382 1476 1439 Hisce
1497 1395 1819 1455 reportatam
1839 1388 1904 1442 de
1933 1389 2256 1447 adversariis

705 1475 1058 1542 potestatibus
1110 1476 1393 1530 victoriam
1450 1477 1603 1531 nobis
1646 1478 1933 1547 signillcat,
1967 1496 2129 1548 quam
2155 1496 2253 1536 ceu

705 1566 1029 1621 militaribus
1076 1570 1244 1623 armis
1269 1570 1565 1625 instructus
1588 1572 1787 1625 retulit.
1824 1571 2029 1627 Etenim
2072 1575 2257 1643 firma-

705 1660 772 1710 rit
800 1656 974 1711 orbem
1016 1670 1167 1714 terra:
1204 1665 1291 1730 qui
1340 1679 1443 1716 non
1490 1664 1911 1720 commovebitur.
1964 1664 2254 1736 Postquam

706 1750 849 1812 illos,
902 1753 1240 1809 adversarios
1282 1756 1490 1811 scilicet
1534 1757 1827 1819 daemones,
1883 1758 2253 1829 proﬂigasset,

704 1842 1001 1901 Ecclesiam
1053 1849 1336 1909 constituit
1389 1864 1551 1917 supra
1603 1858 1847 1918 petram,
1897 1852 1982 1907 cui
2016 1868 2082 1907 ne
2129 1852 2256 1923 ipsa:

703 1938 919 2005 quidem
948 1950 1114 2008 porta:
1141 1940 1311 1996 inferi.
1326 1943 1709 2011 praevalebunt.

770 2210 823 2267 2.
854 2211 1086 2268 Paratus
1124 2216 1340 2270 thronus
1384 2226 1505 2271 tuus
1536 2234 1601 2271 ex
1628 2227 1770 2273 tunc.
1808 2220 1922 2278 Hoc
1951 2223 2028 2278 ait
2066 2225 2191 2296 quia
2222 2242 2254 2282 a

700 2306 1090 2361 constitutione
1111 2308 1299 2361 mundi
1327 2308 1563 2364 futuram
1591 2326 1686 2379 per
1716 2314 1942 2370 salutem
1969 2316 2137 2386 ipsius
2153 2318 2251 2375 dc-

702 2398 913 2452 Iinierat
945 2398 1221 2454 hominum
1242 2402 1453 2471 generis
1475 2404 1721 2459 salutem.
1742 2404 2020 2461 Thronum
2056 2410 2254 2479 quippe

701 2490 773 2542 ait
792 2495 1107 2558 potestatem
1128 2490 1406 2561 judicandi
1440 2495 1783 2549 adversarios
1804 2508 2021 2552 nostros
2051 2500 2252 2556 daemo-

701 2594 814 2633 nes.
862 2577 1335 2636 Resnrrectionem
1389 2592 1568 2637 autem
1618 2585 1887 2656 signiﬂcat
1949 2586 2247 2660 Unigeniti.

699 2666 781 2722 Tu
820 2669 983 2737 igitur
1016 2670 1151 2739 ipse,
1196 2672 1293 2733 ait,
1326 2670 1575 2737 Domine,
1600 2677 1691 2745 qui
1728 2693 1872 2732 nunc
1900 2679 1967 2733 ad
1995 2695 2113 2734 eam
2138 2696 2248 2737 rem

697 2760 854 2829 quasi
884 2762 935 2814 in
956 2760 1198 2831 judiciali
1232 2766 1426 2821 throno
1460 2767 1637 2833 sedes,
1674 2771 2015 2839 utjudicium
2048 2774 2253 2830 scilicet

704 2850 846 2906 feras
877 2861 931 2906 et
961 2868 1062 2908 nos
1090 2854 1350 2923 vindices,
1377 2867 1503 2913 ante
1532 2860 1728 2914 saeula
1758 2860 1921 2918 Deus.

764 3032 817 3084 5.
851 3030 1196 3089 Elevaverunt
1226 3037 1470 3104 ﬂumina,
1508 3038 1755 3107 Domine,
1787 3042 2110 3100 (levaverunt
2143 3048 2250 3118 ﬂu-

697 3123 839 3175 mina
873 3140 1041 3177 vocem
1064 3141 1233 3182 suam.
1268 3127 1513 3184 Flumina
1547 3132 1632 3186 hic
1657 3143 1874 3189 sanctos
1894 3136 2168 3204 apostolos
2197 3145 2249 3191 et

1528 438 1581 493 S.
1626 436 1994 493 ATIIANASH
2031 435 2181 495 OI’P.
2222 435 2402 493 PARS
2453 436 2540 493 111.
2575 467 2645 479 -
2681 437 3090 496 EXECETICA.

3825 436 3923 495 408

2440 562 2503 615 '-0
2521 563 2735 630 Κύριος
2760 563 3175 625 ἐϐασίλευσεν,
3195 559 3554 631 εὐπρέπειαν
3569 560 3919 615 ἐνεδύσατο.

2370 653 2585 725 Ἐπειδὴ
2611 656 2671 708 τὸ
2699 655 3031 727 ἀνθρώπινον
3059 654 3235 724 γένος,
3261 652 3501 708 ἀποστὰν
3530 654 3628 724 τῆς
3654 654 3760 707 ὑπὸ
3787 651 3922 707 Θεοῦ

2358 744 2651 813 βασιλείας,
2701 747 2805 800 ὑπὸ
2840 746 2937 817 τὴν
2973 746 3258 817 τυραννίδα
3303 745 3492 814 γέγονε
3543 743 3637 798 τοῦ
3685 745 3920 811 Σατανᾶ,

2354 834 2541 889 τούτου
2572 837 2731 907 χάριν
2780 838 3120 910 ἐπεδήμησεν
3167 839 3196 891 ὁ
3240 837 3567 910 Μονογενὴς,
3626 839 3715 891 ἵνα
3757 839 3922 892 πάλιν

2356 927 2485 980 αὐτὸ
2515 930 2627 992 τοῖς
2656 928 2805 993 ίδίοις
2827 930 3067 1001 ὑποτάξῃ
3107 931 3427 1001 σκήπτροις,
3460 930 3488 983 δ
3533 931 3627 984 καὶ
3664 931 3919 999 ἐγένετοο

2355 1020 2487 1074 Θεοῦ
2521 1022 2851 1093 εὐπρέπειαν
2884 1023 2941 1076 δὲ
2975 1022 3072 1094 τὴν
3113 1024 3383 1095 σωτηρίαν
3421 1024 3584 1077 αὐτοῦ
3608 1024 3703 1076 τοῦ
3730 1024 3926 1091 γένους

2354 1113 2537 1183 φησίν.
2566 1113 2628 1166 Εἰ
2665 1116 2737 1186 μὴ
2769 1114 2877 1186 γὰρ
2912 1115 3250 1187 σεσάρκωται
3275 1157 3289 1179 ,
3330 1116 3429 1187 τὴν
3476 1114 3749 1187 ἡμετέραν
3798 1114 3925 1184 δίχα

2353 1203 2453 1273 τῆς
2482 1205 2750 1275 ἁμαρτίας
2789 1204 2965 1258 λαϐὼν
3012 1206 3205 1276 φύσιν,
3238 1206 3478 1277 δηλονότι
3524 1208 3625 1260 οὐκ
3675 1206 3742 1259 ἂν
3789 1206 3925 1275 ήμῐν

2354 1299 2386 1365 ή
2436 1298 2675 1367 σωτηρία
2736 1298 2967 1365 ἐγένετο.
3019 1298 3114 1351 Δεῖ
3173 1298 3289 1368 γὰρ
3338 1297 3525 1353 αὐτὸν
3560 1298 3925 1363 ,βασιλεύειν

2356 1385 2528 1454 ἄχρις
2563 1384 2635 1443 οὗ
2668 1387 2743 1441 ἂν
2788 1387 2865 1457 θῇ
2895 1388 3120 1454 πάντας
3144 1389 3285 1456 τοὺς
3324 1388 3575 1458 ἐχθροὺς
3624 1388 3747 1442 ὑπὸ
3776 1387 3924 1453 τοὺς

2356 1482 2545 1547 πόδας
2577 1480 2782 1534 αὑτοῦ.
2840 1479 3196 1534 Ἐνεδύσατο
3250 1481 3463 1549 Κύριος
3503 1479 3763 1549 δύναμιν
3822 1479 3923 1531 καί

2355 1571 2756 1642 περιεζώσατο.
2796 1571 2893 1625 Διὰ
2922 1571 3125 1625 τούτων
3154 1572 3253 1641 τὴν
3282 1570 3600 1642 καθαίρεσιν
3643 1572 3779 1641 ἡμῖν
3812 1570 3921 1623 τῶν

2355 1664 2743 1734 ἀντικειμένων
2791 1664 3040 1733 σημαίνει
3093 1662 3407 1733 δυνάμεων,
3461 1661 3527 1732 ήν
3579 1660 3919 1730 πεποίηται,

2356 1756 2544 1827 ὥσπερ
2595 1756 2977 1825 στρατιωτικὸν
3033 1756 3217 1827 σχῆμα
3270 1753 3570 1808 ἀναλαϐών.
3646 1753 3757 1807 Καί
3808 1753 3921 1822 γὰρ

2356 1846 2681 1916 ἐστερέωσε
2708 1845 2820 1913 τὴν
2850 1847 3223 1915 οἰκουμένην,
3250 1846 3381 1914 ἣτις
3426 1847 3497 1900 οὐ
3540 1828 3920 1914 σαλευὸήσε-

2354 1956 2463 1993 ται.
2501 1938 2766 2003 Ἐκείνους
2788 1938 3114 2011 προανελὼν,
3137 1940 3261 2001 τοὺς
3287 1939 3692 2009 ἀντικειμένους
3727 1939 3920 2009 δηλον-

2351 2032 2432 2085 ότι
2485 2032 2762 2102 δαίμονας,
2795 2032 3020 2104 έστησεν
3043 2031 3135 2085 ἐπὶ
3167 2031 3372 2102 πέτραν
3408 2030 3507 2101 τήν
3566 2030 3916 2102 Ἐκκλησίαν,

2351 2120 2419 2196 ἦς
2445 2124 2563 2177 οὐδὲ
2584 2124 2742 2178 αὐταὶ
2771 2124 3183 2193 κατισχύσουσιν
3211 2123 3268 2177 αἰ
3294 2122 3388 2177 τοῦ
3418 2122 3545 2195 ᾅδου
3577 2122 3767 2176 πύλαι.

2426 2217 2698 2287 Ἕτοιμος
2720 2217 2754 2270 ό
2776 2216 2986 2284 θρόνος
3005 2229 3120 2267 σου
3141 2213 3257 2268 ἀπὸ
3283 2215 3433 2269 τότε.
3460 2214 3630 2268 Τοῦτό
3651 2230 3808 2283 φησι,
3832 2213 3921 2266 διὰ

2351 2310 2412 2363 τὸ
2442 2308 2847 2381 προωρίσασθαι
2871 2308 2980 2362 ἀπὸ
3011 2307 3314 2377 καταϐολῆς
3339 2308 3541 2377 κόσμου
3567 2305 3666 2377 τήν
3687 2305 3785 2359 τοῦ
3823 2306 3919 2359 ἀν-

2353 2399 2623 2471 θρωπίνου
2647 2399 2835 2466 γένους
2860 2396 3131 2468 σωτηρίαν
3156 2397 3420 2467 ἐσομένην
3460 2395 3551 2448 διὰ
3594 2396 3697 2465 τῆς
3741 2411 3919 2466 σωτη-

2353 2490 2473 2561 ρίας
2504 2488 2687 2543 αὐτοῦ.
2722 2488 2919 2560 Θρόνον
2946 2488 3054 2559 γὰρ
3080 2488 3182 2560 τὴν
3209 2490 3290 2551 εἰς
3320 2488 3381 2540 τὸ
3412 2486 3616 2558 κρίνειν
3652 2487 3779 2549 τοὺς
3802 2483 3919 2539 ἀδι-

2352 2582 2626 2653 κήσαντας
2672 2584 2817 2653 ἡμᾶς
2867 2582 3126 2653 δαίμονας
3153 2594 3169 2612 ⁸
3215 2580 3510 2635 ἀνάστασιν
3553 2579 3611 2633 δὲ
3659 2577 3916 2650 σημαίνει

2349 2672 2443 2725 τοῦ
2467 2671 2820 2741 Μονογενοῢς.
2854 2672 2927 2727 Σὺ
2952 2667 3045 2725 οὖν
3076 2671 3258 2734 αὐτὸς,
3284 2671 3466 2740 φησὶν,
3511 2662 3557 2721 ὦ
3576 2668 3857 2731 Δέσποτα,
3885 2668 3914 2720 δ

2351 2763 2442 2817 νῦν
2469 2765 2549 2826 εἰς
2574 2763 2730 2816 τοῦτο
2759 2762 2942 2834 ὥσπερ
2968 2762 3061 2814 ἐπὶ
3083 2758 3388 2813 δικαστικοῦ
3421 2758 3611 2829 θρόνου
3656 2756 3911 2820 καθίσας,

2351 2857 2430 2917 εἰς
2459 2854 2519 2907 τὸ
2542 2854 2746 2925 κρίνειν
2770 2853 3009 2923 δηλονότι
3039 2853 3132 2906 καὶ
3151 2852 3382 2905 ἐκδικεῖν
3411 2850 3587 2921 ἡμᾶς,
3644 2848 3915 2920 ὑπάρχεις

2351 2949 2378 2999 ὁ
2401 2946 2507 3017 πρὸ
2530 2945 2635 3000 τῶν
2668 2944 2874 2999 αἰώνων
2904 2945 3051 3009 Θεός.

2433 3038 2696 3106 Ἐπῆραν
2723 3040 2776 3091 οι
2808 3036 3076 3106 ποταμοί,
3108 3037 3303 3105 Κύριε,
3330 3032 3560 3103 ἐπῆραν
3580 3037 3634 3088 οι
3660 3029 3914 3102 ποταμοί

2351 3131 2550 3200 φωνὰς
2575 3129 2789 3184 αὐτῶν.
2823 3130 3105 3199 Ποταμοὺς
3133 3127 3362 3182 ἐνταῦθα
3390 3127 3516 3188 τοὺς
3554 3124 3746 3194 ἁγίους
3778 3126 3915 3178 ἀποο

695 3215 1054 3284 evangelistas
1081 3217 1234 3285 dicit,
1272 3222 1366 3291 qui
1398 3221 1492 3277 Dci
1530 3222 1826 3279 Ecclesium
1878 3227 2249 3296 spiritualibus

2354 3221 2569 3284 στόλους
2593 3220 2687 3273 καὶ
2705 3218 3088 3288 εὐαγγελιστάς
3114 3234 3298 3288 φησιν,
3324 3218 3373 3270 οἶ
3404 3218 3497 3271 καὶ
3525 3216 3623 3288 τήν
3652 3215 3749 3308 τοῦ
3778 3215 3914 3270 Θεοῦ

696 3305 913 3360 ﬂuentis
936 3308 1296 3365 hetiilcarunt.
1324 3311 1535 3368 Dictum
1568 3331 1802 3385 namque
1819 3316 1921 3371 fuit
1950 3318 2091 3373 illis:
2122 3318 2251 3372 Flu-

695 3400 839 3452 mina
874 3400 938 3453 de
972 3412 1143 3456 ventre
1170 3404 1281 3472 ejus
1313 3405 1474 3472 ﬂuent
1504 3424 1654 3477 aqua:
1683 3410 1809 3464 viva:
1830 3406 1895 3465 ⁸⁸.

763 3557 814 3610 4.
854 3556 1125 3614 Hirabiles
1155 3562 1402 3616 elationes
1434 3563 1617 3617 maris.
1653 3562 1854 3633 Multae,
1903 3565 2099 3637 inquit,
2135 3584 2250 3639 my-

695 3649 969 3719 stagogize,
994 3654 1271 3707 sententia:
1299 3656 1667 3724 apostolorum
1697 3667 1751 3712 et
1791 3659 2246 3728 evangelistarum

693 3739 915 3806 ﬂuenta,
947 3742 1223 3799 mirabiles
1240 3745 1537 3800 eﬂecernnt
1578 3747 1838 3804 elationes
1884 3750 2072 3805 maris.
2102 3750 2249 3807 Mare

693 3837 872 3884 autem
890 3840 1068 3895 vocat,
1088 3833 1325 3903 gentium
1339 3849 1457 3903 qua:
1468 3835 1811 3891 crediderunt
1826 3839 2246 3906 multitudinem,

691 3934 922 3989 quarum
950 3924 1234 3988 elationes,
1261 3924 1311 3979 id
1339 3935 1423 3981 est
1445 3928 1805 3984 sublimitates
1830 3946 2044 3997 sensus,
2089 3932 2248 3987 mira-

692 4012 827 4067 biles
856 4011 1024 4069 fuere.
1049 4013 1164 4069 Non
1195 4018 1340 4072 enim
1370 4019 1507 4073 ultra
1536 4036 1697 4090 parva
1724 4031 1775 4077 et
1799 4023 2020 4078 humilia
2042 4024 2108 4079 de
2136 4024 2245 4081 Deo

690 4106 950 4171 sentiunt,
983 4106 1077 4164 sed
1104 4123 1297 4180 magna
1320 4119 1375 4166 et
1399 4110 1685 4168 mirabilia.

757 4400 811 4458 5.
854 4399 1173 4457 Testimonia
1197 4413 1287 4458 tua
1311 4407 1581 4462 credibilia
1602 4409 1746 4478 facta
1770 4422 1891 4467 sunt
1926 4416 2104 4473 nimis.
2137 4418 2241 4476 Te-

686 4492 940 4547 stimonia
969 4491 1100 4549 dicit
1128 4495 1396 4564 promissa
1428 4512 1522 4567 per
1552 4511 1770 4557 sanctos
1792 4504 2082 4575 prophetas
2113 4524 2241 4578 gen-

2365 3312 2685 3383 Ἐκκλησίαν
2704 3314 2815 3373 τοῖς
2845 3312 3226 3380 πνευματικοῖς
3253 3307 3633 3379 κατεύφραναν
3652 3306 3912 3378 νάμασιν.

2352 3406 2573 3478 Εἴρηται
2592 3404 2700 3475 γὰρ
2728 3403 2863 3476 πρὸς
2884 3402 3105 3465 αὐτούς·
3141 3401 3396 3470 Ποταμοῖ
3435 3400 3503 3454 ἐκ
3537 3398 3665 3472 τῆςι
3678 3400 3913 3466 κοιλίας

2349 3496 2533 3552 αὐτοῦ
2543 3498 2877 3565 ῥεύσουσιν
2898 3493 3115 3560 ὕδατος
3138 3492 3368 3558 ζῶντος.

2422 3587 2758 3658 Θαυμαστοί
2796 3589 2851 3641 οἰ
2886 3585 3269 3657 μετεωρισμοί
3309 3582 3419 3652 τῆς
3444 3582 3784 3649 θαλάσσης.
3846 3584 3911 3638 Δί

2350 3679 2558 3743 πολλαὶ,
2608 3679 2773 3750 φησὶ,
2826 3677 3219 3748 μυσταγωγίαι,
3252 3676 3345 3729 καὶ
3393 3673 3461 3728 τὰ
3513 3676 3759 3746 νοήματα
3802 3674 3911 3728 τῶν

2349 3769 2655 3822 ἀποστόλων
2699 3768 2793 3821 καὶ
2850 3766 3247 3835 εὐαγγελιστῶν
3276 3766 3525 3836 νάματα,
3560 3764 3912 3836 θαυμαστοὺς

2349 3858 2610 3930 πεποίηκε
2632 3859 2731 3929 τῆς
2760 3856 3034 3928 θαλάσσης
3059 3856 3183 3918 τοὺς
3224 3853 3650 3926 μετεωρισμούς.
3688 3854 3907 3908 Θάλασ-

2350 3967 2447 4005 σαν
2471 3949 2526 4003 δὲ
2556 3949 2702 4017 λέγει
2728 3948 2834 4002 τῶν
2858 3946 3024 4001 ἐθνῶν
3039 3946 3147 4001 τῶν
3172 3945 3573 3999 πιστευσάντων
3598 3945 3667 3999 τά
3700 3946 3904 4019 πλήθη,

2345 4037 2418 4097 ὧν
2448 4044 2541 4097 καὶ
2572 4044 2620 4096 οἱ
2680 4042 3077 4115 μετεωρισμοὶ,
3120 4040 3394 4093 τουτέστιν
3445 4040 3500 4092 αἰ
3534 4038 3772 4111 ὐψώσεις
3812 4038 3906 4095 τοῦ

2347 4138 2708 4207 φρονήματος,
2738 4133 3048 4207 θαυμασταὶ
3070 4132 3372 4201 γεγόνασιν.
3422 4132 3620 4186 Οὐκέτι
3658 4132 3770 4205 γὰρ
3818 4150 3909 4203 μι-

2345 4228 2452 4300 κρά
2478 4228 2569 4283 καὶ
2615 4228 2844 4284 ταπεινὰ
2875 4225 3128 4299 φρονοῦσι
3166 4227 3293 4298 περὶ
3320 4224 3475 4292 Θεοῦ,
3524 4224 3659 4279 ἀλλά
3692 4225 3905 4298 μεγάλα

2346 4322 2435 4373 καὶ
2464 4321 2766 4391 θαυμαστά.

2418 4414 2494 4467 Τὰ
2515 4412 2805 4483 μαρτύριά
2847 4430 2961 4467 σου
2981 4409 3400 4479 ἐπιστώθησαν
3430 4409 3687 4480 σφόδρα.
3740 4412 3899 4484 Μαρ-

2341 4507 2500 4580 τύρια
2534 4509 2633 4571 τὰς
2654 4504 2983 4575 ἐπαγγελίας
3015 4504 3176 4574 φησὶν
3212 4502 3278 4566 ἃς
3322 4502 3410 4556 διὰ
3436 4502 3543 4555 τῶν
3565 4500 3736 4571 ἁγίων
3769 4519 3899 4574 προ-

687 4586 830 4641 tibus
861 4584 1020 4652 facta,
1042 4603 1161 4657 quae
1196 4589 1371 4645 tidelia
1402 4601 1455 4646 et
1487 4592 1639 4648 ﬁrma
1669 4611 1790 4651 esse
1839 4597 1891 4651 in
1926 4600 2237 4657 novissimis
2268 4616 2275 4671 1

2350 4599 2525 4670 φητῶν
2554 4601 2663 4663 τοῖς
2692 4598 2898 4651 ἔθνεσιν
2933 4595 3292 4667 ἐπηγγείλατο
3316 4637 3329 4661 ,
3359 4594 3425 4659 ἃς
3464 4594 3559 4648 καὶ
3592 4593 3791 4658 πιστὰς
3812 4595 3899 4647 ἐπ’

684 4677 875 4731 diebus
906 4678 1162 4742 ostendit,
1196 4695 1291 4733 sua
1326 4684 1610 4749 prmsentia
1636 4688 1901 4755 promissa
1940 4691 2231 4761 complens.

685 4767 907 4820 Domum
943 4778 1087 4823 tuam
1116 4770 1255 4824 decet
1282 4776 1605 4840 sanctitudo,
1633 4774 1869 4832 Domine.
1899 4779 2097 4838 Domus
2119 4784 2237 4853 ejus

683 4856 923 4913 Ecclesia
967 4870 1079 4925 est,
1120 4861 1207 4916 cui
1237 4864 1489 4917 convenit
1524 4866 1667 4934 quod
1697 4868 1767 4921 sit
1798 4880 2007 4935 sancta,
2038 4873 2237 4943 quippe

682 4964 804 5017 qua:
848 4964 971 5004 eum
1024 4950 1415 5007 inhabitantem
1474 4954 1670 5009 habeat
1695 4957 1789 5026 qui
1821 4959 1969 5015 solus
2015 4972 2237 5020 sanctus

681 5050 799 5106 est;
827 5056 951 5095 cum
973 5051 1152 5096 autem
1176 5042 1228 5095 id
1258 5041 1458 5098 factum
1494 5044 1676 5113 fuerit,
1712 5059 1868 5104 nacta
1905 5055 2235 5123 perpetuitao

684 5139 788 5187 tem
821 5132 1246 5189 sanctificatione
1278 5134 1501 5191 fruetur.

752 5221 1089 5280 PSALHUS
1116 5225 1308 5289 David,
1335 5239 1523 5298 quarta
1558 5227 1921 5288 Sabbatorum.
1941 5232 2163 5292 XCIII.

1259 5318 1654 5390 Argumentum.

681 5407 757 5463 De
788 5408 1123 5478 providentia
1165 5410 1252 5466 hic
1275 5428 1580 5467 sermonem
1617 5416 1793 5481 habet,
1830 5419 2032 5476 docens
2062 5432 2121 5475 ut
2169 5439 2235 5477 ne

750 5504 895 5555 anxii
962 5502 1166 5565 simus,
1228 5520 1401 5574 neque
1455 5506 1694 5561 animum
1754 5510 2232 5581 despondeamus,

750 5592 960 5646 etiamsi
1000 5593 1063 5647 ad
1094 5593 1365 5661 quoddam
1401 5598 1661 5665 temporis
1700 5602 1931 5669 spatium
1962 5605 2233 5673 peccanti-

752 5685 852 5749 bus
901 5686 1253 5755 prosperitas,
1298 5687 1398 5756 piis
1452 5691 1757 5757 persecutio
1804 5694 2031 5751 eveniat.
2092 5694 2233 5751 Nihil

752 5856 848 5929 ιιι
882 5856 1007 5915 Cor.
1046 5874 1135 5929 xv,
1165 5859 1252 5916 25.
1313 5862 1354 5892 “
1378 5860 1534 5926 .lnan.
1570 5876 1685 5924 vn,
1728 5860 1812 5914 58.

2342 4693 2581 4763 ἐσχάτων
2606 4689 2913 4757 ἐπεδείξατο
2936 4689 3042 4743 τῶν
3068 4686 3308 4760 ἡμερῶν,
3336 4689 3402 4758 τῇ
3421 4686 3598 4757 οἰκείᾳ
3626 4686 3899 4759 παρουσίᾳ

2339 4787 2485 4857 ἔργῳ
2512 4783 2753 4856 πληρῶν.
2795 4780 2879 4847 Τῷ
2908 4781 3052 4846 οτκφ
3075 4796 3189 4833 σου
3226 4778 3436 4847 πρέπει
3473 4776 3758 4847 ἀγίασμα,
3782 4776 3896 4833 Κύ-

2330 4894 2442 4945 ριε.
2498 4872 2657 4939 Οἶκος
2709 4874 2805 4945 μὲν
2832 4871 2995 4927 αὐτοῦ
3030 4873 3064 4942 ή
3105 4869 3415 4942 Ἐκκλησία,
3452 4867 3649 4939 πρέπει
3676 4867 3723 4920 δ’
3757 4867 3893 4939 αὐτῇ

2336 4967 2395 5019 τὸ
2426 4967 2556 5035 άγία
2578 4965 2738 5027 εἶναι,
2764 4963 2857 5018 ἆτε
2881 4963 2971 5017 τὸν
2994 4962 3151 5033 μόνον
3176 4961 3327 5029 ἅγιον
3344 4959 3539 5029 ἔχουσα
3564 4955 3891 5011 ἐνοικοῦντα·

2337 5057 2555 5111 ἐπειδὰν
2582 5056 2637 5109 δὲ
2667 5055 2823 5109 τοῦτο
2849 5056 3092 5125 γένηται,
3133 5052 3228 5106 καὶ
3261 5049 3616 5120 ἀτελευτήτου
3661 5046 3895 5125 μεταλαο

2336 5152 2503 5206 δοῦσα
2529 5152 2820 5205 ἀπολαύσει
2841 5151 2931 5206 τοῦ
2960 5152 3313 5220 ἀγιάσματος.

2448 5245 2750 5299 ΨΑΑΜΟΣ
2776 5242 2856 5308 τῷ
2872 5241 3047 5296 Δαυῒδ
3068 5239 3295 5309 τετράδι
3322 5235 3648 5294 Σαδδὰτων.
3674 5237 3786 5303 LI".

2953 5334 3276 5398 ’Υπόθεσις.

2335 5426 2437 5482 Τὸν
2472 5426 2599 5497 περὶ
2624 5426 2873 5497 προνοίας
2907 5428 2964 5479 ἐν
2986 5425 3158 5495 τούτῳ
3186 5423 3395 5490 εἰσάγει
3427 5420 3603 5489 λόγον,
3624 5419 3890 5474 διδάσκων

2408 5517 2481 5589 μὴ
2531 5518 2805 5574 θλίὸεσθαι
2833 5520 2927 5571 καὶ
2957 5519 3262 5588 ἀδημονεῖν,
3286 5515 3385 5570 κᾶν
3422 5515 3471 5567 εἰ
3522 5512 3659 5585 πρὸς
3703 5515 3885 5585 καιρὸν

2404 5612 2609 5678 γένοιτο
2638 5612 2731 5666 καὶ
2757 5613 2867 5675 τοῖς
2904 5612 3300 5683 ἁμαρτάνουσιν
3337 5606 3625 5679 εὐημερία,
3663 5605 3759 5659 καὶ
3782 5608 3886 5666 τοῖς

2405 5704 2645 5758 εὐσεϐέσι
2676 5703 2929 5774 διωγμός.
2959 5702 3121 5756 Οὐδὲν
3143 5701 3251 5774 γὰρ
3274 5699 3477 5755 τούτων
3509 5696 3769 5764 ὡσαύτως
3796 5695 3884 5783 μέν
