4126 6482
174 456 264 513 ωε

1243 444 1606 502 EXPOSITIO
1645 445 1708 500 IN
1748 445 2075 504 ΡδΑιιιωι
2119 441 2301 500 XCIII.

3261 437 3364 492 ιιο

231 587 321 636 νει,
345 568 476 624 ἀλλά
503 564 885 640 μεταϐαλεῖται
905 577 920 594 ο
947 563 1058 625 τοῖς
1089 562 1186 632 μὲν
1214 562 1247 631 ἡ
1274 559 1452 629 θλίψις
1478 561 1558 624 εἰς
1576 559 1707 613 αἰώ-

1877 575 2067 616 eorum
2103 559 2302 630 quippe
2330 556 2518 612 eadem
2557 553 2868 610 conditione
2891 559 3092 616 manet,
3120 552 3213 606 sed
3243 569 3364 606 mu-

229 678 328 718 vtov
356 661 654 716 ἀπόλαυσιν
681 655 899 724 ἀγαθῶν
917 694 932 719 ,
958 653 1140 716 τοῖςδέ
1166 652 1304 723 μετά
1335 653 1395 706 τὸ
1431 652 1616 705 δοκοῦν
1641 653 1710 706 τὰ

229 752 426 825 χρηπά
461 752 542 814 εἰς
581 749 969 818 ἀτελευτήτους
1014 744 1215 808 αἰῶνας
1253 747 1287 816 ἡ
1333 745 1575 807 κόλασις.
1615 747 1712 798 Τε-

227 843 398 913 τρὰδα
421 842 477 895 δέ
505 839 822 896 Σαϐϐάτων
848 836 1248 908 ἐπιγέγραπται
1267 875 1284 901 ,
1337 835 1427 889 διὰ
1455 835 1517 888 τὸ
1547 837 1605 888 ἐν
1632 834 1711 906 τῷ

227 932 452 1002 τετάρτῳ
494 931 658 1002 μηνίο
708 928 829 983 ἀντὶ
883 925 992 998 γὰρ
1037 926 1130 979 τοῦ
1164 927 1331 998 μηνὸς
1361 925 1458 997 τὴν
1497 926 1710 996 ἡμέραν

227 1023 453 1078 τέθεικεν
485 1025 544 1075 ἐν
580 1016 615 1095 ᾖ
647 1023 712 1091 τῇ
743 1017 837 1073 τοῦ
865 1017 1002 1072 Θεοῦ
1036 1019 1188 1072 πόλει
1232 1018 1332 1091 τὴν
1364 1017 1536 1090 ἀρχὴν
1562 1018 1712 1087 γενέ-

230 1114 341 1168 σθαι
359 1113 466 1166 τῶν
496 1110 818 1184 συμφορῶν,
850 1111 909 1164 ἐν
957 1109 1132 1181 τούτῳ
1172 1109 1711 1182 ἐπιστρατευσάντων

227 1202 587 1265 Βαϐυλωνίων,
607 1200 682 1265 ὡς
715 1197 978 1270 Ἱερεμίας
1007 1200 1232 1270 ἰστορεί.

225 1383 357 1450 Θεὸς
395 1381 762 1450 ἐκδικήσεων
816 1381 1051 1448 Κύριος,
1085 1381 1118 1432 ό
1157 1376 1302 1444 Θεὸς
1343 1373 1713 1440 ἐκδικήσεων

172 1473 656 1542 ἐπαρρησιάσατο.
703 1473 911 1544 Ὠσπερ
953 1470 1085 1534 Θεὸς
1115 1469 1412 1538 οἰκτίρμων
1448 1469 1584 1530 ἐστὶ,
1618 1467 1712 1518 καί

171 1566 285 1628 Θεὸς
309 1564 720 1636 παρακλήσεων,
749 1563 890 1617 οὓτω
911 1563 1005 1615 καί
1030 1557 1163 1622 Θεὸς
1193 1558 1545 1628 ἐκδικήσεων.
1603 1557 1714 1609 Καὶ

172 1657 332 1719 πάλιν,
385 1655 543 1709 τοῦτο
577 1654 633 1708 δὲ
661 1657 720 1708 ἐν
777 1652 1042 1727 προοιμίῳ
1086 1648 1430 1723 παραμυθίαν
1474 1647 1714 1720 μεγάλην

171 1750 263 1811 τοίς
288 1750 349 1801 ἐκ
369 1746 474 1799 τῶν
509 1745 741 1818 θλίψεων
766 1745 1118 1819 ἀκηδιάσασιν
1145 1741 1605 1815 ἀπεργαζόμενος.
1642 1741 1714 1794 Τὸ

171 1843 220 1894 δέ
237 1880 250 1904 ,
277 1839 758 1910 ἐπαρρησιάσατο
776 1878 792 1904 ,
831 1837 930 1910 τὴν
957 1835 1094 1908 μετά
1124 1833 1296 1888 ταῦτα
1317 1833 1410 1887 ἐπὶ
1445 1831 1541 1886 τοῦ
1569 1832 1712 1886 θείου

1881 664 2064 708 tatur:
2098 654 2181 708 liis
2211 652 2452 722 quidem,
2491 648 2739 716 angustia
2766 647 2818 699 in
2855 655 3168 715 perpetuam
3195 645 3364 699 bono-

1881 761 2001 802 rum
2036 746 2470 816 possessionem;
2500 740 2606 796 illis
2629 749 2809 794 autem
2838 753 2935 807 pro
2960 737 3118 792 bonis
3141 753 3261 806 qua:
3291 738 3366 790 vi-

1878 839 2147 894 debantur
2177 838 2395 900 habere,
2434 833 2758 903 supplicium
2813 831 2868 884 in
2898 830 3106 885 inﬁnita
3147 831 3362 886 saecula.

1883 929 2089 994 Quarta
2132 935 2310 982 autem
2360 922 2710 979 Sabbatorum
2757 921 3052 990 inscriptus
3089 929 3173 975 est
3221 920 3367 988 psal-

1881 1035 2040 1082 mus,
2097 1017 2225 1088 quia
2262 1024 2456 1086 quarto
2492 1027 2678 1067 mense
2725 1011 2949 1082 contigit
2988 1011 3108 1075 (die
3162 1010 3368 1064 scilicet

1879 1125 1980 1181 pro
2008 1123 2193 1163 mense
2224 1107 2447 1176 posito),
2479 1114 2536 1158 ut
2563 1103 2767 1156 civitati
2793 1100 2887 1156 Dei
2912 1101 3124 1154 initium
3149 1101 3367 1155 calami-

1884 1209 2051 1253 tatum
2083 1197 2309 1258 veniret,
2338 1192 2714 1249 obsidentibus
2741 1191 3067 1262 Babyloniis,
3095 1200 3156 1245 ut
3185 1204 3368 1246 narrat

1879 1289 2162 1345 Jeremias.

1872 1383 1924 1436 1.
1951 1381 2087 1434 Deus
2111 1379 2369 1432 ultionum
2401 1375 2655 1430 Dominus
2681 1412 2696 1436 ,
2725 1371 2863 1427 Deus
2909 1373 3172 1425 ullionum
3208 1371 3368 1426 libere

1810 1476 1932 1546 egit.
1977 1471 2447 1538 Quemadmodum
2505 1479 2589 1524 est
2635 1466 2779 1521 Deus
2823 1467 3259 1530 miserationum,
3317 1477 3367 1520 et

1813 1566 1955 1622 Deus
1996 1564 2454 1622 consolationum,
2488 1561 2560 1614 ita
2613 1568 2669 1613 et
2726 1558 2868 1612 Deus
2919 1558 3205 1612 ullionum.
3258 1556 3370 1612 Hoc

1813 1665 1993 1712 autem
2025 1657 2080 1710 in
2104 1653 2369 1726 prooemio
2407 1651 2642 1721 positum
2673 1664 2922 1718 magnam
2953 1649 3018 1702 iis
3039 1649 3369 1704 consolatio-

1814 1765 1935 1806 nem
1982 1747 2137 1803 aﬁ‘ert
2175 1747 2270 1817 qui
2302 1745 2352 1798 vi
2402 1742 2767 1796 calamitatum
2813 1740 2864 1793 in
2910 1755 3164 1810 angorem
3200 1740 3371 1809 conji-

1812 1840 2052 1898 ciuntur.
2106 1837 2242 1892 Illud
2272 1845 2451 1891 autem
2490 1853 2503 1889 :
2543 1832 2725 1886 Libere
2773 1831 2898 1900 egit,
2940 1831 3261 1885 sententiain
3315 1831 3369 1884 in

170 1931 492 2004 δικαστηρίου
529 1931 826 2002 γενομένην
875 1928 1147 1997 ἀπόφασιν
1183 1924 1326 1980 κατά
1356 1924 1464 1978 τῶν
1504 1922 1714 1977 ἀσεϐῶν

1821 1931 1997 1988 divino
2030 1928 2288 1984 tribunali
2319 1935 2508 1982 contra
2540 1923 2738 1994 impios
2771 1933 2956 1993 postea
2994 1921 3267 1977 ferendam
3296 1923 3371 1978 si-

170 2023 320 2094 δηλοῖ,
356 2018 390 2099 ᾖ
415 2040 575 2096 φησιο
603 2022 935 2090 Πορεύεσθε
956 2019 1056 2075 ἀπ’
1101 2017 1269 2087 ἐμοῦ,
1299 2019 1352 2070 οἰ
1384 2014 1710 2085 κατηραμέ-

172 2132 273 2169 νοι.

239 2206 469 2274 Ἀπόδος
498 2203 911 2262 ἀνταπόδοσιν
967 2200 1092 2268 τοῖς
1135 2200 1558 2272 ὑπερηφάνοις.
1605 2199 1710 2252 E6-

170 2299 256 2370 χὴν
281 2298 416 2369 ὑπὲρ
439 2296 551 2352 τῶν
576 2293 904 2365 θλιϐομένων
947 2290 1293 2363 ἀναπέμπει,
1338 2287 1503 2343 αἰτῶν
1533 2286 1713 2349 αὐτοῖς

170 2389 464 2461 ἐπικουρίαν
493 2387 595 2459 τὴν
633 2385 784 2458 παρά
804 2383 896 2437 τοῦ
929 2383 1086 2454 μόνου
1116 2380 1386 2452 ἰσχύοντος
1414 2377 1569 2433 Θεοῦ.

231 2481 375 2545 Ἕως
400 2479 546 2534 πότε
577 2476 912 2547 ἀμαρτωλοί
941 2472 1390 2544 καυχήσονται;
1437 2471 1546 2542 Τὴν
1586 2486 1714 2539 σφοο

169 2572 285 2642 δράν
337 2569 739 2642 ἀμνησικακίαν
782 2567 877 2620 καὶ
919 2564 1357 2637 ὑπερϐάλλουσαν
1394 2563 1482 2617 διὰ
1511 2562 1714 2616 τούτων

172 2662 549 2736 κατασημαίνει
577 2661 672 2716 τοῦ
694 2658 850 2714 Θεοῦ.

235 2755 339 2811 Τὸν
360 2756 513 2814 λαόν
535 2771 674 2818 σου,
717 2753 889 2822 Κύριε
910 2790 926 2816 ,
959 2749 1389 2806 ἐταπείνωσαν.
1428 2747 1522 2811 Εἰς
1557 2745 1714 2818 ζῆλον

171 2847 248 2899 τὸν
276 2845 410 2901 κατά
439 2844 550 2899 τῶν
571 2843 778 2917 ἐχθρῶν
810 2842 1063 2914 διεγείρει
1094 2841 1186 2894 τὸν
1208 2839 1360 2905 Θεὸν,
1397 2839 1524 2892 λαὸν
1551 2837 1715 2893 αὑτοῦ

173 2938 253 2994 καὶ
285 2934 642 3009 κληρονομίαν
671 2933 805 2987 εἰναι
844 2933 1014 3001 λέγων
1057 2930 1155 3003 τὴν
1193 2931 1536 3002 κακουμένην
1566 2931 1716 3001 παρά

177 3029 268 3083 τῶν
294 3027 521 3101 ἐχθρῶν.

232 3119 422 3190 Χήραν
453 3118 554 3174 καί
578 3117 840 3188 ὀρφανὸν
863 3115 1236 3172 ἀπέκτειναν.
1258 3115 1474 3169 Τούτων
1505 3113 1717 3186 εἴρηται

175 3213 203 3285 ἡ
232 3211 483 3284 ἐρμηνεία
512 3211 571 3265 ἐν
596 3209 674 3280 τῷ
706 3207 960 3280 ἀνωτέρω
995 3205 1183 3278 στίχῳ,
1218 3206 1366 3276 ὅμως
1399 3201 1716 3274 λεχθήσεται

1811 2019 2047 2093 gniﬁcat,
2065 2033 2171 2089 qua
2198 2017 2275 2071 ait
2306 2033 2319 2067 ε
2356 2014 2611 2070 Discedite
2635 2029 2667 2067 a
2700 2029 2799 2077 me,
2832 2011 3098 2066 maledicti
3127 2012 3194 2067 ".

1881 2200 1938 2256 2.
1973 2198 2150 2254 Redde
2179 2195 2572 2252 retributionem
2593 2192 2850 2262 superbis.
2885 2191 2986 2246 Pro
3017 2191 3224 2246 aﬁlictis
3251 2206 3373 2261 pre-

1812 2303 1990 2357 catur,
2025 2306 2222 2362 rogans
2246 2305 2327 2345 eis
2363 2288 2626 2343 auxilium
2669 2301 2699 2340 a
2739 2285 2848 2340 Deo
2893 2284 2987 2355 qui
3035 2282 3184 2338 solus
3231 2283 3374 2338 valet

1813 2400 1968 2456 opem
1998 2383 2159 2438 ferre.

1885 2479 1939 2535 5.
1973 2479 2239 2548 L’squequo
2281 2485 2574 2545 peccatores
2627 2471 3033 2544 gloriabuntur?
3090 2467 3248 2524 Hisce
3291 2470 3372 2522 in-

1814 2581 2028 2643 gentem
2063 2568 2157 2622 Dei
2205 2567 2547 2622 clementiam
2593 2575 2648 2618 et
2689 2563 3010 2632 injuriarum
3043 2560 3371 2614 oblivionem

1813 2658 2102 2731 signiﬁcat.

1887 2750 1938 2804 5.
1986 2747 2249 2818 Populum
2312 2756 2481 2812 tuum,
2539 2744 2778 2809 Domine,
2819 2744 3241 2798 humiliaoerunt.
3295 2740 3371 2795 Ad

1817 2844 1953 2898 iram
1989 2841 2248 2896 adversus
2305 2839 2556 2892 inimicos
2614 2836 2782 2890 Deum
2834 2835 3093 2900 concitat,
3125 2833 3254 2888 dum
3299 2836 3376 2886 ait

1816 2933 2074 3006 p0pulum
2102 2941 2156 2988 et
2187 2930 2554 2986 hereditatem
2577 2929 2698 2999 ejus
2725 2942 2846 2983 esse
2874 2941 2997 2996 ιιιιιε
3029 2925 3282 2995 aﬁligitur
3306 2922 3376 2976 ab

1817 3025 2072 3081 inimicis.

1887 3119 1942 3176 6.
1986 3116 2206 3171 Viduam
2229 3125 2281 3170 et
2322 3116 2576 3169 advenam
2620 3111 3014 3180 interfecerunt.
3049 3105 3252 3162 “orum
3294 3106 3377 3159 in-

1819 3208 2134 3282 terpretatio
2173 3208 2337 3263 allata
2370 3214 2456 3262 est
2495 3208 2550 3260 in
2595 3204 2863 3275 superiori
2912 3217 3098 3268 versu,
3137 3213 3376 3255 attamen

175 3305 257 3358 καὶ
278 3300 446 3367 αὖθις.
477 3303 667 3373 Χήραν
697 3299 874 3370 ψυχὴν
918 3299 1013 3352 καὶ
1047 3296 1383 3369 προσήλυτον
1425 3292 1550 3347 νοῦν
1585 3293 1718 3345 ἀπο-

1821 3304 1983 3360 etiam
2016 3317 2162 3357 nunc
2205 3300 2442 3355 dabitur.
2470 3296 2700 3352 Viduam
2738 3295 2974 3350 animam
3022 3302 3078 3348 et
3111 3293 3378 3348 advenam

175 3395 398 3448 κτείνειδ
417 3391 603 3457 κακῶς
633 3389 730 3454 τάς
761 3388 911 3449 θείας
935 3385 1156 3460 Γραφάς
1189 3383 1568 3457 ἐξηγούμενος.
1597 3381 1719 3452 Ὀρ-

175 3487 323 3559 pavo;
339 3485 396 3542 δέ
415 3487 532 3540 ἐστι
562 3482 688 3547 νοῦς
712 3479 1074 3554 ἐστερημένος
1097 3477 1350 3550 οὐρανίου
1378 3472 1613 3546 Πατρός.

236 3683 437 3754 Κίφιος
457 3679 730 3753 γινώσκει
750 3676 889 3744 τοὺς
907 3673 1334 3745 διαλογισμοὺς
1356 3671 1476 3726 τῶν
1500 3667 1726 3741 ἀνθρώ-

175 3787 308 3838 πων,
339 3773 426 3828 ὅτι
462 3771 584 3828 εἰσί
619 3768 877 3842 μάταιοι.
912 3765 1037 3832 Πῶς
1072 3764 1182 3837 γὰρ
1225 3763 1325 3819 οῦκ
1356 3764 1466 3817 εἰσι
1501 3760 1724 3833 ματαιό-

173 3883 318 3941 τητος
347 3867 576 3940 πλήρεις
594 3865 652 3923 αἰ
675 3860 957 3934 αἰσθήσεις
978 3861 1182 3913 ἐκεῖναι
1201 3897 1216 3923 ,
1249 3858 1304 3911 αἰ
1335 3857 1434 3927 τῆς
1471 3853 1725 3926 προνοίας

173 3961 228 4017 τὸ
253 3960 520 4032 ὠφέλιμον
545 3955 808 4028 ἐξορίζειν
832 3949 1208 4023 ἐπιχειροῦσαι
1231 3948 1327 4003 τοῦ
1354 3947 1548 4018 λόγους

237 4051 528 4120 Μακάριος
552 4046 859 4116 ἄνθρωπος
893 4043 967 4097 ὃν
1005 4042 1082 4096 ἂν
1129 4041 1482 4107 παιδεύσῃς,
1527 4037 1722 4107 Κύριε.

188 4146 394 4199 Ἐκεῖνοι
416 4143 516 4216 μὲν
537 4139 707 4198 ἄθλιοι
725 4138 819 4192 καί
837 4135 1098 4200 ταπεινοὶ,
1118 4135 1302 4206 φησὶν,
1322 4133 1371 4186 οἰ
1395 4132 1494 4205 τὴν
1524 4130 1622 4203 σὴν
1650 4129 1724 4202 μὴ

175 4236 433 4308 δεχόμενοι
457 4231 726 4288 παιδείαν.
749 4229 1023 4300 Μακάριοι
1048 4227 1105 4281 δὲ
1129 4227 1180 4281 οἰ
1203 4223 1356 4297 παρά
1385 4223 1480 4279 σοῦ
1509 4221 1725 4278 παιδευ-

177 4329 362 4394 θέντες,
381 4327 490 4388 ,καὶ
527 4329 594 4381 ἐκ
617 4323 712 4378 τοῦ
749 4321 842 4376 σοῦ
868 4320 1200 4392 διδαχθέντες
1222 4320 1406 4391 νόμου.
1436 4309 1595 4372 οὗτοι
1617 4314 1726 4387 γὰρ

176 4419 232 4492 δὴ
255 4422 342 4475 καὶ
378 4421 436 4474 ἐν
462 4421 588 4482 ταῖς
617 4415 827 4487 suam
874 4410 1238 4484 πραῡνθέντες
1275 4408 1725 4481 κουφισθήσονται

177 4511 271 4565 τῶν
295 4510 551 4584 ἀνιαρῶν,
585 4506 801 4571 εἰδότες,
835 4505 916 4558 δτι
950 4505 1006 4557 αἰ
1035 4501 1243 4573 θλίψεις
1293 4501 1371 4565 εἰς
1406 4498 1608 4569 ἀγαθὸν
1634 4514 1725 4552 τε·

177 4601 419 4704 λξυτῶσαι
446 4599 789 4673 ἐκϐήσανται.
841 4595 1080 4668 Ἡμέρας
1113 4592 1354 4665 πονηρὰς
1393 4591 1493 4655 τάς
1513 4590 1724 4663 ἡμέρας
1755 4647 1800 4704 D

175 4694 264 4767 τῆς
281 4695 509 4768 κρίσεως
537 4691 709 4760 λέγει.

239 4786 383 4852 Ἕως
414 4780 488 4841 οὖ
539 4778 738 4852 ὠρυγῇ
775 4776 856 4844 τῷ
888 4773 1209 4847 ἁμαρτωλῷ
1256 4773 1495 4841 βόθρος.
1542 4771 1720 4844 Μέχρι

178 4876 431 4941 τοσούτου,
464 4874 652 4947 φησὶν,
675 4874 723 4926 οἰ
753 4867 1128 4931 παιδευθέντες
1160 4863 1492 4938 θαρροῦντες
1528 4863 1724 4933 ὑπομι-

180 4967 314 5022 νοῦσι
339 4969 435 5033 τάς
464 4965 692 5036 θλίψεις,
719 4963 930 5034 μέχρις
975 4955 1048 5015 οὗ
1082 4957 1160 5024 τῷ
1187 4953 1722 5027 ἀμαρτωλῷἀφυτῇ

175 5059 398 5129 βόθρος,
419 5059 719 5122 τουτέστιν,
771 5057 850 5118 εἰς
890 5053 952 5107 τὸ
971 5049 1366 5124 ἡτοιμασμένον
1393 5045 1539 5116 αύτῷ
1567 5045 1728 5099 κολα-

182 5154 379 5223 στήριον
408 5155 436 5208 ό
453 5148 776 5224 ἀμαρτωλὴ
802 5145 1011 5218 βαδίσῃ.
1050 5140 1395 5214 ’Δμαρτωλδν
1414 5140 1471 5194 δὲ
1494 5140 1582 5192 τὸν
1625 5139 1728 5192 Σα-

179 5243 330 5296 τανᾶν
358 5259 545 5315 φησιν,
573 5240 690 5312 ἢτοι
712 5241 891 5293 πᾶσαν
920 5233 1294 5306 ἀντικειμένην
1317 5232 1565 5304 δύναμιν.

240 5333 362 5389 ὀτι
406 5338 518 5390 οὐκ
571 5330 870 5388 ἀπώσεται
900 5329 1112 5398 Κύριος
1159 5326 1267 5380 τὸν
1317 5325 1472 5381 λαὸν
1513 5324 1698 5384 αὐτοῦ

180 5423 331 5481 Τοῦτο
352 5427 560 5482 ἐκείνου
587 5424 654 5479 ἀν
675 5423 758 5494 εἴη
788 5422 1037 5485 ἀπόδοσις
1070 5417 1163 5473 τοῦ
1203 5416 1493 5490 εἰρημένου
1529 5416 1586 5469 ἐν
1613 5417 1720 5478 τοῖς

181 5511 415 5586 ἀνωτέρω
432 5532 448 5547 ο
484 5514 598 5570 Τὸν
623 5513 776 5568 ,λαόν
797 5525 934 5575 σου,
963 5510 1157 5577 Κύριε,
1191 5507 1598 5562 ἐταπείνωσαν
1625 5505 1722 5560 καί

181 5600 280 5669 τὴν
313 5605 716 5676 κληρονομίαν
753 5619 870 5659 σου
905 5600 1237 5657 ἐκάκωσαν.
1285 5597 1395 5652 Καὶ
1431 5595 1546 5665 τὴν
1579 5600 1724 5663 κλη-

180 5697 444 5765 ρονομίαν
463 5695 652 5752 αὐτοῦ
689 5697 798 5750 οὐκ
834 5691 1268 5764 ἐγκαταλείψει.
1301 5686 1471 5746 Τοῦτο
1495 5688 1586 5749 τοῦ
1617 5687 1726 5742 ἀνω

240 5869 279 5904 ’τ
321 5868 508 5927 Iattli.
551 5881 675 5929 sitv,
705 5863 792 5921 il.
872 5862 916 5894 ⁸³
942 5875 1082 5916 vers.
1114 5857 1166 5914 5.

1819 3403 2054 3452 mentem
2079 3392 2350 3457 interﬁcit,
2383 3391 2476 3462 qui
2511 3404 2674 3460 prave
2694 3388 2907 3444 divinas
2950 3384 3259 3456 Scripturas
3290 3384 3379 3439 in-

1820 3497 2170 3559 terpretatur.
2205 3483 2453 3555 Pupillus
2483 3491 2664 3537 autem
2702 3489 2786 3536 est
2809 3481 3027 3534 animus
3049 3478 3254 3532 ctelesti
3287 3475 3380 3530 Pa-

1819 3591 1902 3635 tre
1928 3581 2189 3648 privatus.

1892 3670 1978 3724 ll.
2010 3667 2263 3722 Dominus
2284 3666 2384 3720 scit
2419 3665 2758 3734 cogitationes
2787 3663 3088 3724 hominum,
3130 3661 3380 3732 quoniam

1820 3778 1967 3818 vana:
1991 3769 2134 3816 sunt.
2159 3756 2446 3826 Quomodo
2471 3765 2648 3812 autem
2673 3769 2782 3809 non
2804 3763 2933 3809 sunt
2958 3756 3193 3808 vanitate
3211 3752 3382 3821 plenae

1822 3855 2181 3928 cogitationes
2215 3851 2342 3914 illm,
2365 3863 2488 3920 quae
2525 3846 2876 3918 providentiae
2905 3845 3193 3901 utilitatem
3222 3858 3381 3915 repu-

1822 3949 1972 4004 diare
1991 3944 2209 4002 student
2234 3956 2264 3996 a
2287 3939 2576 3996 sermone?

1891 4040 1979 4095 12.
2025 4037 2222 4093 Beatus
2266 4036 2419 4089 homo
2459 4048 2607 4103 quem
2630 4040 2685 4084 tu
2712 4028 2987 4094 erudieris,
3022 4027 3256 4082 Domine.
3278 4023 3381 4083 ibi.

1824 4131 2023 4203 inquit,
2062 4128 2246 4184 miseri
2296 4135 2352 4182 et
2381 4125 2602 4195 abjecti,
2655 4122 2751 4194 qui
2789 4130 2936 4176 tuam
2986 4119 3382 4175 institutionem

1825 4241 1932 4280 non
1961 4221 2276 4278 admittunt.
2301 4215 2449 4272 Beati
2475 4224 2654 4269 autem
2678 4221 2807 4268 sunt
2839 4212 2933 4282 qui
2978 4227 3009 4265 a
3049 4219 3099 4264 te
3123 4208 3383 4264 erudiun-

1826 4328 1936 4380 tur,
1961 4323 2016 4371 et
2038 4329 2106 4370 ex
2133 4322 2223 4368 tua
2249 4311 2364 4381 lege
2391 4308 2707 4364 edocentur.
2745 4306 2825 4360 Illi
2848 4306 2998 4360 enim
3041 4304 3096 4358 in
3125 4301 3384 4359 erumnis

1826 4405 2223 4463 mansuetiores
2264 4401 2438 4458 eﬂecti
2465 4442 2481 4466 ,
2517 4399 2841 4455 levabuntur
2890 4396 3179 4462 molestiis,
3229 4394 3384 4466 gnari

1827 4499 2204 4558 tribulationes
2234 4495 2357 4550 illas
2385 4492 2600 4547 tandem
2630 4493 2684 4545 in
2715 4490 2919 4545 bonum
2956 4502 3229 4542 cessuras.
3261 4485 3385 4541 Dies

1829 4591 2003 4648 malos
2023 4590 2156 4646 dicit
2182 4587 2300 4643 dies
2325 4581 2536 4656 judicii.

1901 4767 1982 4825 13.
2011 4765 2181 4819 Donec
2200 4761 2436 4831 fodiatur
2453 4753 2715 4826 peccaturi
2744 4751 2911 4822 fat-ea.
2955 4748 3265 4821 Hucusque,
3306 4750 3386 4803 in-

1826 4859 1963 4931 quit,
1992 4857 2084 4929 qui
2103 4854 2428 4910 erudiuntur
2448 4865 2572 4906 cum
2605 4848 2802 4901 ﬁducia
2833 4858 3108 4899 aerumnas
3131 4842 3383 4906 tolerant,

1827 4953 1989 5007 donec
2026 4947 2268 5019 fodiatur
2290 4942 2552 5014 peccaturi
2580 4937 2810 5010 fovea,id
2841 4945 2946 4999 est,
2983 4935 3158 4990 donec
3187 4933 3255 4988 ad
3291 4933 3386 4988 de-

1830 5050 2074 5116 putatum
2107 5037 2210 5106 ipsi
2257 5033 2581 5104 supplicium
2620 5039 2872 5099 peccator
2910 5027 3153 5083 accedat.
3185 5023 3383 5080 Pecca-

1833 5146 2001 5190 torem
2028 5138 2209 5186 autem
2234 5127 2366 5182 dicit
2408 5125 2689 5186 Satanam,
2717 5123 2830 5176 sive
2881 5133 3098 5173 omnem
3134 5117 3388 5171 adversa-

1832 5229 1966 5281 riam
1989 5228 2332 5294 potestatem.

1895 5315 1980 5372 14.
2010 5312 2148 5379 Quia
2182 5325 2286 5364 non
2315 5305 2521 5376 repellet
2553 5301 2809 5356 Dominus
2849 5298 3048 5370 plebem
3076 5314 3249 5352 suam.
3276 5293 3389 5350 Iloc

1826 5414 2025 5466 donum
2043 5406 2147 5462 erit
2166 5403 2286 5474 ejus
2303 5403 2370 5457 de
2385 5413 2496 5469 quo
2518 5399 2570 5452 in
2594 5394 2969 5467 superioribus
2989 5392 3034 5422 "'
3049 5391 3252 5446 dictum
3270 5398 3384 5443 est:

1829 5499 2088 5570 Populum
2116 5506 2283 5559 tuum,
2315 5491 2559 5553 Domine,
2586 5486 2992 5540 Ituiniiiaverunt
3015 5492 3065 5536 et
3097 5479 3388 5535 qureditu-

1830 5602 1929 5646 tem
1986 5598 2131 5643 tuam
2187 5590 2519 5642 moverunt.
2565 5579 2637 5634 Et
2682 5576 3041 5634 hareditatens
3085 5589 3237 5629 suam
3283 5587 3387 5627 non

1829 5682 2168 5753 derelinquet.
2209 5679 2322 5736 lloc
2349 5691 2415 5734 ex
2445 5673 2725 5746 superiore
2756 5685 2912 5729 versu
2944 5669 3139 5750 pendet
3174 5682 3188 5720 :
3247 5663 3386 5733 Quia
