4126 6492
661 447 758 500 Ml

1490 443 1547 501 S.
1588 443 1958 500 ATHANASII
1996 444 2146 500 OPP.
2189 445 2367 500 PARS
2407 444 2493 498 Ill.
2533 477 2598 484 —
2639 443 3044 500 EXEGETICA.

3783 447 3887 498 4ιῖ

663 580 764 616 non
799 560 1005 630 repellet
1030 561 1284 616 Dominus
1315 563 1512 631 plebem
1549 580 1720 618 suam.
1752 563 1917 629 Quasi
1967 565 2170 620 diceret
2201 583 2214 619 :
2248 571 2277 628 Α

2356 563 2500 634 τίχου
2541 566 2792 634 ἤρτηται,
2824 562 2939 625 τοῦ,
2982 563 3110 614 ’Ὁτι
3165 563 3272 613 οὐκ
3321 560 3621 614 ἀπώσεται
3677 566 3889 629 Κτῖριος

661 656 943 710 Custodiet
977 656 1230 724 populum
1262 671 1421 709 suum
1468 659 1616 711 ontni
1669 658 2033 711 tribulationis
2085 667 2222 711 tem-

663 763 810 816 pore.
838 746 902 801 Et
930 762 995 801 eo
1022 763 1193 816 usque
1227 749 1550 817 gubernabit
1572 759 1625 802 et
1662 750 1910 812 deducet,
1940 750 2112 803 donec
2143 748 2224 802 ιιι-

663 839 847 893 vinum
880 840 1242 894 constituatur
1267 840 1529 896 tribunal.
1563 840 1792 906 Quando
1819 850 1997 895 autem
2031 841 2084 894 in
2122 841 2228 894 hoc

662 932 873 999 justitia
919 932 1033 985 sive
1065 932 1320 986 Christus
1357 933 1582 996 sedebit,
1644 949 1832 987 omnes
1881 935 2008 986 recti
2064 933 2228 987 corde

663 1039 832 1091 prope
885 1023 1061 1092 ipsum
1119 1023 1398 1088 accedent,
1427 1024 1581 1093 juxta
1608 1025 1738 1077 illud
1769 1043 1782 1078 :
1816 1025 2076 1088 Quoniam
2125 1023 2226 1092 ipsi

666 1115 836 1168 Deum
862 1116 1105 1169 videbunt
1133 1119 1210 1167 “'z
1245 1116 1315 1168 ita
1333 1115 1478 1170 enim
1508 1132 1622 1170 rem
1651 1117 1928 1171 declarant
1958 1133 2078 1186 quae
2101 1116 2230 1171 sub-

669 1219 990 1276 sequuntur.

741 1393 826 1445 15.
851 1391 1199 1460 Quoadusque
1241 1392 1462 1460 justitia
1493 1400 1822 1444 convertatur
1866 1392 1917 1444 in
1944 1391 2228 1460 judicium.

672 1484 853 1536 Donec
885 1482 1136 1536 Christus
1166 1483 1377 1551 judicet
1411 1485 1693 1535 mundum.
1729 1481 1845 1547 Ipse
1872 1497 2106 1551 namque
2152 1482 2234 1551 fa-

669 1584 786 1626 ctus
817 1585 891 1627 est
927 1575 1073 1627 nobis
1103 1575 1360 1643 sapientia
1385 1593 1415 1627 a
1446 1575 1572 1639 Deo,
1595 1576 1829 1644 justitia,
1856 1576 2234 1643 sanctiﬁcatio,

671 1670 953 1738 redemptio
974 1670 1018 1700 ⁷⁰
1051 1689 1063 1724 :
1099 1680 1147 1722 et
1177 1669 1436 1738 judicium
1469 1687 1618 1723 omne
1649 1671 1790 1722 dedit
1819 1671 1901 1722 illi
1933 1669 2093 1723 Pater
2122 1671 2189 1722 ⁷¹.

743 1848 830 1903 16.
870 1849 999 1915 Quis
1051 1861 1322 1919 consurget
1376 1851 1503 1904 mihi
1558 1851 1805 1904 adversus
1840 1851 2238 1920 malignantes?

2326 656 2429 708 τὸν
2463 656 2615 709 λαὸν
2654 654 2859 708 αὑτοῦ.
2916 654 3056 705 Ὠσεὶ
3085 651 3264 719 λέγοι·
3292 652 3517 717 Φυλὰξει
3540 691 3554 715 ,
3604 654 3759 722 φησὶ,
3800 653 3892 706 τὸν

2325 745 2446 797 λαὸν
2486 743 2649 798 αὑτοῦ
2683 743 2858 796 πάντα
2889 743 2986 812 τῆς
3027 742 3256 809 θλίψεως
3287 741 3376 794 τὸν
3409 742 3620 811 καιρόν.
3652 743 3764 794 Καὶ
3801 743 3894 812 μὲ-

2326 853 2414 904 χρι
2435 833 2685 887 τοσούτου
2713 831 3121 902 διακυϐερνήσει
3159 833 3249 885 καὶ
3280 831 3661 901 καθοδηογήσει,
3689 832 3796 894 ἕως
3837 833 3897 883 τὸ

2328 926 2467 977 θεῖον
2501 925 2698 996 καθίσῃ
2736 925 3102 995 δικαστήριον.
3165 925 3412 978 Ἐπειδὰν
3455 924 3512 977 δὲ
3552 927 3630 987 εἰς
3671 926 3828 977 τοῦτο
3862 928 3894 994 ἡ

2327 1023 2636 1092 δικαιοσύνη
2669 1021 2884 1092 καθίσῃ,
2918 1022 3158 1074 τουτέστι
3203 1022 3432 1092 Χριστὸς
3459 1063 3473 1084 ,
3519 1022 3719 1084 πάντες
3765 1021 3900 1090 πλη-

2333 1116 2443 1168 σίον
2476 1115 2641 1184 αὐτῆς
2669 1116 2986 1183 γενήσονται
3007 1115 3055 1166 oi
3090 1113 3264 1176 εύθείς
3297 1116 3362 1184 τῇ
3387 1113 3613 1184 καρδίᾳ,
3649 1111 3795 1164 κατὰ
3818 1111 3899 1172 τὺ,

2333 1206 2458 1257 "0n
2490 1201 2651 1258 οὗτοι
2684 1203 2789 1256 τόν
2830 1204 2977 1257 Θεὸν
3004 1204 3274 1272 ὄψονται.
3307 1201 3462 1254 Οὕτω
3494 1200 3600 1271 γὰρ
3638 1199 3795 1273 δηλοῖ
3837 1200 3902 1252 τα

2333 1299 2429 1350 ὲπό
2438 1314 2590 1365 μενα.

2406 1391 2558 1454 Ἕως
2588 1385 2660 1445 οὗ
2688 1387 3034 1454 δικαιοσύνη
3049 1384 3381 1454 ἐπιστρέψῃ
3403 1387 3488 1450 είς
3515 1385 3738 1452 κρίσιν.
3761 1382 3905 1443 Ἕως

2334 1477 2393 1534 οὒ
2420 1483 2446 1534 ό
2474 1483 2704 1553 Χριστὸς
2727 1482 2902 1552 κρινεῖ
2928 1479 3023 1549 τὴν
3049 1476 3391 1548 οἰκουμένην.
3423 1474 3593 1538 Αὐτὸς
3622 1474 3735 1544 γὰρ
3765 1473 3906 1542 ἡμῖν

2334 1571 2583 1641 ἐγενήθη
2606 1573 2790 1640 σοφία
2808 1571 2925 1624 ἀπὸ
2947 1569 3115 1632 Θεοῦ,
3140 1568 3487 1636 δικαιοσύνη
3527 1586 3589 1621 τε
3620 1567 3718 1620 καὶ
3739 1567 3905 1636 ἁγια-

2337 1664 2490 1733 σμὸς
2539 1664 2635 1716 καὶ
2662 1665 3075 1732 ἀπολύτρωσις
3097 1680 3111 1694 -
3143 1663 3241 1714 καὶ
3286 1660 3402 1729 τὴν
3449 1661 3652 1728 κρίσιν
3694 1659 3764 1712 δὲ
3793 1659 3904 1714 πᾶ-

2339 1772 2458 1810 σαν
2493 1754 2651 1820 αὐτῷ
2677 1754 2933 1807 δέδωκεν
2961 1758 2993 1807 ό
3018 1752 3236 1820 Πατήρ.

2414 1849 2508 1914 Τίς
2531 1846 2938 1913 ἀναστήσεταί
2955 1863 3056 1913 μοι
3084 1845 3178 1896 ἐπὶ
3201 1843 3736 1912 πονηρευομένοιςς
3764 1843 3908 1910 Αὕτη

674 1942 799 1997 ΙΙωε
859 1952 940 1996 est
995 1943 1315 1997 alllictorum
1359 1958 1483 1996 vox.
1524 1944 1614 1996 Ait
1664 1953 1888 1997 autem:
1929 1945 2063 2008 Quis
2104 1945 2234 1998 mihi
2269 1939 2277 1992 l

2356 1940 2443 1993 τῶν
2473 1937 2800 2008 θλιϐομένων
2828 1939 2860 2005 ἡ
2896 1935 3068 2004 φωνή.
3104 1932 3265 2000 Λέγει
3294 1931 3350 1982 δέ
3377 1949 3389 1962 ·
3420 1931 3514 1993 Τίς
3550 1949 3640 2001 μοι
3683 1932 3910 2000 γένηται

675 2035 960 2089 auxiliator
981 2035 1143 2089 fuerit
1169 2036 1433 2090 adversus
1454 2051 1548 2090 eos
1569 2035 1662 2104 qui
1694 2035 1830 2089 male
1855 2036 2013 2089 inme
2034 2035 2242 2105 agunt?

680 2126 938 2195 Deinceps
967 2127 1056 2180 ubi
1093 2127 1382 2197 derepente
1410 2128 1581 2182 sensit
1614 2127 1739 2195 quis
1798 2128 2090 2180 auxiliator
2147 2127 2240 2189 sit,

676 2217 771 2281 ait,
791 2216 903 2287 jam
929 2219 1056 2272 olim
1081 2221 1318 2272 animam
1351 2219 1469 2287 ejus
1502 2218 1555 2271 in
1584 2218 1855 2272 infernum
1884 2217 2241 2288 dejiciendam

679 2308 869 2372 fuisse,
895 2310 999 2363 nisi
1033 2309 1126 2362 Dei
1163 2309 1496 2379 adjutorium
1532 2319 1722 2365 nactus
1750 2318 1913 2366 esset.

751 2400 838 2455 18.
873 2398 932 2454 Si
977 2400 1211 2453 dicebant
1253 2420 1266 2453 :
1320 2399 1497 2453 Motus
1541 2411 1615 2454 est
1651 2417 1737 2470 pes
1771 2417 1933 2453 meus.
1980 2398 2116 2453 Dum
2161 2397 2245 2452 af-

680 2490 878 2554 ﬂictus,
943 2491 1136 2559 inquit,
1193 2490 1564 2558 conspicerem
1627 2504 1713 2541 me
1775 2486 2242 2552 labi,dicebam:

680 2583 911 2649 Quando
968 2599 1063 2652 pes
1099 2598 1254 2637 meus
1305 2591 1490 2636 motus
1542 2581 1661 2635 est?
1704 2580 1756 2634 id
1791 2588 1893 2644 est,
1928 2577 2171 2633 excidam
2217 2591 2248 2630 a

680 2687 824 2732 statu
854 2678 945 2731 illo
983 2677 1074 2745 qui
1112 2674 1410 2731 secundum
1441 2675 1607 2727 Deum
1635 2683 1718 2728 est
1742 2693 1754 2739 ;
1782 2674 1962 2727 statim
2012 2669 2249 2740 patroci-

682 2768 832 2819 nium
868 2775 921 2818 et
945 2765 1378 2820 misericordiam
1415 2772 1564 2817 tuam
1600 2763 1898 2817 sentiebam
1933 2761 2065 2814 mihi
2098 2760 2251 2814 anxi-

682 2858 924 2911 Iiantem.

760 2949 844 3002 19.
904 2948 1301 3003 Consolationes
1369 2957 1474 3002 tua:
1538 2945 1939 3014 lwtificaverunt
2018 2945 2253 2997 animant

684 3057 875 3094 ineant.
918 3039 1036 3095 Non
1087 3057 1172 3094 me
1205 3040 1496 3109 reliquisti,
1547 3040 1644 3102 ait,
1675 3039 1790 3092 sine
1835 3036 2250 3092 consolatione:

687 3136 778 3188 sed
802 3142 932 3202 quot
959 3131 1120 3185 habui
1152 3130 1554 3192 tribulationes,
1587 3129 1810 3183 totidem
1854 3127 2255 3182 consolationes

688 3234 792 3277 ate
826 3222 1033 3292 accepi.
1066 3221 1198 3286 Qua:
1229 3219 1364 3273 mihi
1393 3219 1610 3274 dolores
1635 3218 1688 3271 in
1720 3217 1979 3288 gaudium
2010 3230 2257 3272 commu-

689 3324 896 3369 larunt.

757 3408 848 3462 20.
892 3407 1146 3476 Nunquid
1201 3404 1436 3460 adhaeret
1499 3403 1594 3456 tibi
1632 3402 1779 3456 sedes
1829 3401 2128 3471 iniquitatis
2168 3400 2260 3472 qui

689 3505 845 3575 [iugis
875 3502 1106 3556 laborem
1139 3500 1193 3552 in
1218 3505 1473 3567 praecepto
1494 3498 1518 3551 .7
1539 3494 1683 3560 Ideo,
1716 3495 1915 3564 inquit,
1945 3493 2262 3547 consolatus

690 3617 751 3654 es
774 3613 869 3652 cor
892 3609 1074 3649 meum
1106 3593 1160 3645 in
1190 3588 1662 3647 tribulationibus.
1689 3585 1854 3656 lgitur
1890 3601 1998 3638 non
2023 3585 2264 3638 adhaere-

694 3692 773 3744 bit
795 3688 893 3743 tibi
926 3686 1157 3740 thronus
1184 3680 1509 3751 iniquitatis,
1539 3678 1589 3732 id
1619 3688 1723 3741 est,
1755 3677 1882 3746 quia
1911 3685 2097 3746 utpote
2122 3674 2264 3730 Deus

687 3786 873 3855 justus
911 3779 1076 3851 judex
1107 3794 1167 3832 es
1197 3786 1250 3832 et
1290 3775 1436 3828 nulla
1483 3774 1536 3826 in
1571 3771 1792 3841 judiciis
1847 3771 1955 3825 tuis
2007 3769 2266 3838 iniquitas

692 3878 833 3939 crit,
887 3889 1013 3928 nam
1054 3872 1287 3927 thronus
1328 3866 1593 3936 judicium
1627 3862 1900 3932 significat
1934 3861 2066 3931 (40).
2098 3859 2266 3913 Sccns

695 3980 878 4025 autem
905 3967 994 4020 ille
1024 3981 1082 4019 se
1109 3963 1270 4016 habet
1305 3962 1399 4030 qui
1433 3958 1589 4026 ﬁngit
1620 3957 1859 4010 laborem
1893 3955 1945 4008 in
1976 3961 2266 4023 praecepto,

699 4063 948 4117 videlicet
969 4054 1312 4113 adversarius
1337 4053 1573 4115 daemon,
1605 4048 1700 4120 qui
1730 4056 1998 4118 praecepta
2024 4044 2118 4100 Dei
2150 4059 2271 4114 qua:

700 4157 836 4212 levia
861 4163 988 4210 sunt
1014 4151 1194 4222 gravia
1222 4146 1410 4210 ellicit,
1445 4144 1770 4211 laboresque
1795 4139 2110 4194 hominibus
2136 4152 2272 4207 prae-

701 4253 791 4306 bet
817 4250 871 4303 in
915 4247 983 4301 iis
1017 4241 1244 4314 agendis
1270 4281 1284 4306 ,
1324 4239 1579 4293 thronum
1641 4232 1947 4302 iniquitatis
1994 4230 2270 4285 diabolum

703 4343 950 4408 vocavit;
995 4338 1125 4406 quia
1157 4335 1387 4388 thronus
1407 4329 1634 4401 justitiaa
1674 4325 1926 4382 Christus
1963 4333 2046 4378 est
2073 4322 2162 4394 qui
2192 4332 2275 4377 est

702 4435 921 4494 diabolo
955 4428 1258 4502 oppositus.

775 4616 868 4670 21.
913 4611 978 4665 Et
1009 4609 1313 4678 sanguinem
1348 4605 1671 4656 innocentem
1703 4594 2142 4651 condemnabunt.
2172 4592 2274 4661 Illi,

710 4706 919 4777 inquit,
973 4698 1192 4768 maligni
1237 4703 1290 4750 et
1335 4690 1632 4747 adversarii
1662 4689 1955 4748 daemones,
1993 4685 2138 4739 omni
2193 4700 2277 4737 ra-

711 4802 859 4856 tione
904 4794 1250 4850 conabuntur
1289 4785 1422 4856 justi
1466 4781 1703 4836 animam
1747 4777 1902 4846 quasi
1946 4785 2141 4829 venatu
2189 4789 2278 4828 ca-

711 4907 857 4966 pere.
885 4888 989 4943 Sed
1019 4901 1079 4939 ea
1114 4884 1180 4938 de
1208 4895 1397 4942 causa,
1428 4876 1623 4944 inquit,
1656 4869 2184 4927 condemnabuntur.
2221 4866 2276 4920 ld

712 4960 857 5039 enim
888 4978 1180 5050 signiﬁcat:
1203 4973 1269 5026 Et
1287 4970 1595 5040 sanguinem
1622 4968 1946 5019 innocentem
1963 4960 2279 5015 condemna-

717 5079 863 5131 bunt.
924 5074 1013 5127 Ait
1071 5071 1212 5125 enim
1261 5080 1359 5136 pro
1403 5065 1694 5117 innocente
1741 5057 2005 5127 sanguine
2043 5055 2112 5109 ab
2153 5054 2286 5124 ipsis

718 5168 910 5230 cﬂ‘uso,
939 5167 991 5218 in
1019 5162 1284 5233 judicium
1311 5166 1366 5211 et
1398 5151 1725 5224 supplicium
1755 5147 2046 5202 tradendos
2078 5145 2213 5199 fore.

790 5259 882 5312 22.
945 5255 1010 5309 Et
1063 5256 1236 5324 factus
1281 5257 1359 5302 est
1412 5247 1539 5300 mihi
1595 5244 1848 5297 Dominus
1895 5242 1947 5293 in
2002 5238 2286 5308 refugiunt.

721 5351 832 5421 Ego
868 5358 1045 5404 autem
1089 5345 1302 5400 Domini
1356 5339 1710 5411 providentiae
1755 5335 1992 5390 fructum
2038 5331 2289 5403 percepi,

721 5451 776 5499 ct
807 5445 919 5513 ipse
952 5441 1083 5495 mihi
1115 5447 1199 5492 est
1227 5439 1280 5492 in
1306 5435 1506 5489 vallum
1541 5431 1831 5486 munitum.

1867 5696 1906 5726 7‘
1933 5694 2089 5749 Joan.
2121 5707 2171 5754 γ,
2201 5690 2286 5744 9'2.

803 5711 845 5740 “
880 5707 1070 5764 Matth.
1110 5723 1162 5768 v,
1198 5705 1252 5759 8.
1331 5703 1375 5731 ⁷⁸
1409 5701 1423 5754 l
1456 5703 1582 5755 Cor.
1618 5714 1665 5767 ι,
1705 5697 1792 5751 30.

808 5888 918 5955 (ιο)
951 5887 1040 5945 Sic
1062 5886 1379 5955 augurando
1420 5884 1600 5940 locant
1633 5881 1886 5937 vitiosum
1919 5877 2198 5935 vertimus.

2346 2031 2630 2101 σύμμαχος
2657 2028 2796 2081 κατὰ
2826 2025 2933 2078 τῶν
2985 2026 3065 2087 εἰς
3100 2024 3199 2094 ἐμὲ
3235 2021 3683 2093 πονηρευομένων
3711 2037 3725 2083 ;
3784 2017 3911 2072 Εἶτα

2343 2121 2628 2190 δεξάμενος
2659 2119 2908 2188 αἴσθησιν
2958 2114 3164 2185 ταχέως
3208 2113 3300 2166 τοῦ
3352 2111 3564 2183 βοηθοῦ,
3601 2110 3789 2181 φησὶν,
3840 2110 3913 2171 ὡς

2346 2215 2513 2269 παλαι
2542 2214 2606 2266 ἂν
2634 2211 2796 2264 αὑτοῦ
2818 2213 2898 2273 εἰς
2927 2209 3057 2280 ᾅδην
3089 2207 3334 2278 κατήχθη
3367 2210 3399 2276 ὴ
3429 2204 3594 2276 ψυχὴ,
3637 2206 3686 2256 εἰ
3720 2203 3797 2274 μὴ
3819 2202 3914 2271 τῆς

2348 2325 2422 2360 πα
2433 2306 2496 2378 ρὰ
2516 2305 2648 2358 Θεοῦ
2672 2302 3007 2372 ἀντιλήψεως
3037 2300 3245 2368 ἔτυχεν.

2411 2403 2477 2454 El
2499 2400 2710 2468 ἔλεγον
2730 2413 2741 2424 ·
2772 2394 3137 2450 Σεσιὶλευται
3164 2394 3196 2444 ὁ
3227 2389 3538 2456 ποῦς-μου.
3568 2386 3914 2454 Θλιὸόμενος,

2351 2494 2534 2565 φησὶν,
2577 2489 2716 2560 ὁρῶν
2773 2486 3006 2558 ἐμαυτὸν
3047 2481 3448 2542 ὀλισθαίνοντα,
3495 2473 3674 2565 εἶπον·
3724 2477 3860 2530 Πότε
3893 2479 3918 2528 ό

2350 2587 2482 2650 πούς
2518 2601 2618 2655 μου
2645 2582 2997 2644 σεσάλευταις
3033 2577 3308 2640 τουτέστι,
3346 2573 3447 2642 τῆς
3491 2564 3800 2628 κατὰῸεδν
3833 2571 3921 2624 ὲκ-

2353 2677 2619 2747 πεσοῦμαι
2652 2675 2890 2735 στάσεως
2916 2690 2927 2702 ·
2961 2671 3119 2733 εὐθὺς
3144 2670 3242 2739 τὴν
3271 2667 3549 2738 ἀντίληψιν
3571 2665 3665 2718 καὶ
3687 2664 3746 2717 τὸ
3779 2661 3922 2724 ἔλεός

2354 2788 2445 2823 σου
2471 2768 2715 2839 ᾐσθόμην
2749 2763 3037 2832 ἐπίκουρον
3066 2761 3205 2831 ἐμοί.

2425 2948 2492 3001 Αἱ
2521 2940 2931 3011 παρακλήσεις
2951 2953 3066 2992 σου
3087 2937 3392 3005 εὔφρηναν
3414 2935 3528 3000 τὴν
3548 2930 3764 3000 ψυχήν
3785 2947 3919 2999 μου.

2357 3040 2470 3092 υύκ
2497 3039 2736 3107 ἀφῆκας,
2769 3035 2949 3103 φησιν,
2990 3028 3416 3100 ἀπαραμύθητον
3439 3044 3452 3056 ο
3494 3025 3607 3078 ἀλλ’
3644 3025 3776 3086 ὅσας
3819 3021 3926 3074 θλί-

2355 3131 2475 3200 ψεις
2501 3130 2674 3197 ἔσχον,
2702 3125 2964 3185 τοσαύτας
2999 3123 3090 3175 καὶ
3121 3119 3466 3192 παραμυθίας
3491 3116 3754 3187 ἐδεχόμην
3786 3115 3928 3186 παρᾶ

2361 3220 2474 3274 σοῦ.
2511 3219 2574 3271 Ai
2604 3219 2696 3271 καὶ
2722 3219 2801 3280 εἰς
2832 3214 3170 3286 εύφροσύνην
3198 3212 3295 3275 τὰς
3320 3209 3494 3273 λύπας
3523 3206 3896 3280 μετεϐίϐαζον.

2428 3395 2525 3465 Μὴ
2553 3393 2993 3465 συμπροσέστω
3026 3407 3122 3445 σοι
3156 3391 3365 3457 θρόνος
3387 3384 3638 3454 ἀνομίας
3667 3388 3699 3438 ὀ
3741 3381 3934 3437 πλάσ-

2361 3508 2488 3544 σων
2519 3488 2711 3540 κόπον
2745 3485 2842 3538 ἐπὶ
2876 3481 3281 3551 προστάγματι
3309 3495 3326 3542 ;
3381 3478 3481 3530 Διά
3527 3476 3684 3530 τοῦτο
3709 3515 3724 3540 ,
3781 3477 3931 3543 φησὶ,

2363 3577 2740 3652 παρεκάλεσάς
2765 3593 2864 3646 μου
2896 3575 2992 3645 τὴν
3009 3573 3232 3644 καρδίαν
3259 3572 3350 3623 ἐπί
3377 3571 3496 3633 ταῖς
3523 3569 3790 3638 θλίψεσιν.
3817 3567 3936 3619 Ὅτι

2362 3675 2425 3746 δὴ
2459 3669 2549 3727 οὖν
2578 3673 2637 3725 ού
2679 3668 3105 3742 προστεθήσεταί
3146 3684 3226 3719 σοι
3273 3666 3460 3737 θρόνος
3489 3662 3752 3732 ἀνομίας,
3787 3678 3939 3713 τουτ-

2365 3767 2531 3829 έστιν,
2560 3767 2641 3819 ὅτι
2677 3765 2882 3826 δίκαιος
2916 3757 2966 3813 εἴ
2991 3759 3183 3830 κριτὴς
3218 3759 3292 3822 ὡς
3329 3757 3490 3821 Θεὸς,
3531 3755 3624 3808 καὶ
3658 3755 3760 3807 οὐκ
3790 3754 3939 3806 ἔσται

2365 3860 2565 3930 ἀνομία
2591 3859 2648 3910 ἐν
2677 3859 2794 3918 ταῖς
2825 3852 3040 3924 κρίσεσι
3067 3868 3159 3903 σου
3182 3869 3194 3880 ·
3219 3853 3247 3904 ό
3266 3849 3374 3921 γὰρ
3409 3848 3597 3920 θρόνος
3635 3847 3734 3918 τὴν
3765 3849 3941 3917 κρίσιν

2370 3950 2653 4021 σημαίνει·
2690 3947 2876 4019 ὥσπερ
2906 3946 2970 4018 δὴ
2995 3945 3088 3999 καὶ
3122 3945 3250 4016 παρ’
3282 3942 3472 4012 ἐκείνῳ
3503 3941 3579 4011 τῷ
3615 3941 3786 3994 κόπον
3811 3957 3944 4009 συμ-

2370 4042 2661 4096 πλάσσοντι
2692 4041 2784 4093 ἐπὶ
2814 4039 3140 4111 πρόσταγμα
3159 4054 3170 4067 ·
3201 4035 3287 4106 εἴη
3307 4036 3350 4088 δ’
3371 4033 3434 4088 ἂν
3461 4027 3615 4096 οὗτος
3652 4033 3679 4084 ό
3711 4031 3946 4085 ἀντικεί-

2373 4150 2532 4205 μενος
2567 4132 2796 4202 δαίμων,
2831 4131 2888 4193 ὃς
2937 4131 3027 4183 καὶ
3067 4128 3306 4198 ἐλαφρὰς
3342 4125 3506 4185 οὔσας
3552 4124 3650 4187 τὰς
3685 4122 3778 4176 τοῦ
3813 4120 3944 4175 Θεοῦ

2372 4224 2590 4287 ἐντολὰς
2627 4223 2849 4293 βαρείας
2873 4223 3035 4284 ποιεῖ,
3073 4221 3272 4281 κόπους
3296 4217 3353 4270 δὲ
3391 4215 3569 4269 αὐτῶν
3602 4219 3716 4278 τοῖς
3741 4213 3948 4288 ἀνθρώ-

2373 4338 2496 4382 ποις
2528 4317 2798 4389 παρέχων.
2853 4315 3050 4386 Θρόνον
3080 4312 3308 4384 ἀνομίας
3349 4311 3597 4380 ὠνόμασε
3630 4310 3723 4361 τὸν
3771 4307 3951 4363 διάὕοο

2375 4412 2493 4464 λον·
2531 4408 2716 4479 ἐπειδὴ
2740 4408 2833 4460 καὶ
2857 4406 3042 4480 θρόνος
3064 4405 3406 4474 δικαιοσύνης
3432 4403 3576 4454 ἐστὶν
3617 4403 3646 4455 ό
3692 4399 3947 4472 Χριστὸς.

2377 4505 2526 4566 ὅστις
2553 4502 2853 4555 ἀντίκειται
2882 4499 2959 4570 τῷ
2982 4497 3230 4565 διαϐόλῳ.

2449 4595 2555 4648 Kal
2578 4589 2720 4662 aljua
2744 4590 2938 4646 ἀθῶον
2977 4586 3497 4643 καταδικάσονται.
3535 4577 3726 4649 Οὗτοι,
3765 4585 3950 4654 φησὶν,

2383 4688 2430 4739 οἱ
2472 4686 2697 4756 πονηροὶ
2734 4684 2828 4736 καὶ
2857 4683 3218 4752 ἀντικείμενοι
3242 4679 3490 4750 δαίμονες
3512 4679 3575 4730 ὲκ
3608 4675 3808 4739 παντὸς
3834 4677 3954 4747 τρό-

2386 4796 2487 4831 που
2537 4777 2632 4846 τὴν
2676 4775 2771 4828 τοῦ
2833 4775 3038 4828 δικαίου
3100 4774 3390 4844 ζητήσουσι
3443 4771 3703 4843 Θηρεῦσαι
3755 4771 3953 4842 ψυχήν.

2396 4870 2534 4923 Ἀλλ’
2568 4868 2658 4922 ἐπὶ
2688 4867 2862 4932 τοῦτο,
2897 4868 3048 4938 φησὶ,
3085 4865 3598 4936 κατακριθὴσονται.
3649 4864 3822 4917 Τοῦτο
3851 4866 3957 4936 γὰρ

2386 4959 2671 5032 σημαίνει·
2705 4959 2811 5013 Kal
2844 4955 2985 5027 αἷμα
3009 4957 3204 5012 ἀθῶον
3235 4955 3753 5011 καταδικάσονται.
3793 4957 3957 5025 Λέγει

2389 5055 2514 5124 γὰρ,
2538 5052 2612 5114 ὡς
2633 5053 2752 5104 ἀντὶ
2783 5050 2876 5102 τοῦ
2911 5051 3100 5114 ἀθώως
3124 5049 3450 5120 ἐκχεομένου
3480 5052 3608 5122 παρ’
3644 5049 3850 5115 αὐτῶν,
3883 5051 3958 5109 εἰς

2393 5146 2572 5217 κρίσιν
2602 5145 2696 5197 καὶ
2727 5142 2945 5197 κόλασιν
2967 5143 3452 5214 παραδοθήσονται.

2464 5235 2570 5290 Καὶ
2594 5234 2830 5304 ἐγένετό
2855 5251 2956 5301 μοι
2978 5233 3189 5301 Κύριος
3212 5235 3298 5295 είς
3329 5230 3700 5300 καταφυγήν.
3744 5230 3890 5298 ἐγὼ
3909 5230 3959 5282 ἑὲ

2395 5327 2496 5397 τῆς
2520 5326 2665 5395 παρά
2692 5324 2783 5379 τοῦ
2807 5323 3076 5377 Δεσπότου
3107 5325 3358 5394 προνοίας
3386 5323 3672 5394 ἀπήλαυσα
3693 5362 3707 5387 ,
3742 5323 3840 5377 καὶ
3873 5323 3951 5377 αύ-

2397 5423 2489 5476 τὸν
2522 5420 2627 5491 ἔχω
2650 5419 2929 5492 περίϐολον
2955 5418 3167 5491 ὀχυρόν.
