4126 6488
191 466 291 522 H3
1317 444 1678 502 EXPOSITIO
1716 443 1765 497 ll‘

1866 440 2141 495 SALMUM
2192 439 2366 491 XCIV.
3313 433 3418 484 ιιι

193 574 365 644 Αἶνος
383 571 543 643 ᾠδῆς
569 569 856 638 τῷΔαυτδ,
871 565 1272 634 ἀνεπίγραφος
1287 564 1420 634 παρ’
1446 561 1750 631 Ἑϐραίοις.

1866 555 1995 609 Laus
2021 554 2214 608 cantici
2253 552 2353 615 ipsi
2393 549 2580 611 David,
2613 558 2753 602 caret
2781 545 3120 614 inscriptione
3145 545 3282 614 apud
3311 542 3417 597 He-

759 659 1064 713 ΨΑΛΜΟΣ
1094 657 1182 721 ea

2225 645 2410 696 brwos.
2446 638 2786 694 PSALMUS
2816 636 2942 691 XCI
2961 635 3022 691 V.

813 770 1135 830 Ὺπόθεσις.

2431 754 2471 806 Α
2482 763 2829 822 rgumentum.

206 890 478 948 Ἐντεῦθεν
510 892 539 943 ό
557 886 665 942 τῶν
693 884 863 954 ἁγίων
893 880 1052 953 χορδς
1085 878 1177 932 καὶ
1205 876 1331 939 τοὺς
1380 872 1623 936 ἀπειθεῖς
1665 871 1757 925 τοῦ

268 982 486 1056 Ἰσραὴλ
520 977 882 1051 προτρέπεται
916 974 1008 1027 ἐπὶ
1045 970 1143 1041 τὴν
1177 968 1265 1021 διὰ
1303 963 1539 1039 Χριστοῦ
1585 979 1759 1034 σωτη-

261 1077 380 1150 ρίαν
411 1074 585 1128 ὲλθεῖν
604 1087 617 1101 ⁸
645 1069 878 1131 δεικνὺς,
913 1065 989 1128 ὼς
1022 1059 1409 1123 ἐπακούσεται,
1441 1059 1488 1110 εί
1516 1054 1758 1128 προσπέ-

259 1186 402 1222 σοιεν
433 1163 614 1234 αὐτῷ,
670 1162 765 1215 ac;
794 1157 954 1220 αὐτὸς
987 1155 1061 1208 ὢν
1091 1150 1320 1222 ποιητὴς
1341 1189 1356 1214 ,
1409 1149 1504 1202 καὶ
1539 1147 1601 1200 τὸ
1630 1147 1757 1200 ῐδιον

260 1261 418 1332 ἔργον
445 1253 694 1324 ἀγαπῶν.
739 1249 1060 1320 Είσφέρεται
1087 1245 1144 1298 δὲ
1174 1244 1310 1315 μετά
1329 1243 1428 1313 τὴν
1447 1240 1555 1293 τῶν
1589 1237 1755 1306 ἀγίων

256 1350 579 1422 παραίνεσιν
612 1345 705 1399 καὶ
732 1340 896 1397 αὐτοῦ
927 1339 1019 1394 τοῦ
1050 1338 1206 1405 ἁγίου
1241 1333 1552 1402 Πνεύματος
1591 1331 1758 1402 πρόσ-

255 1420 422 1505 ωπον,
445 1440 629 1501 αὐτοῖς
657 1437 769 1498 τοῖς
824 1431 1074 1486 ἀπειθέσι
1118 1424 1623 1498 παρακελευόμενον
1680 1420 1755 1491 μὴ

255 1534 351 1602 τὴν
383 1532 496 1586 τῶν
536 1529 786 1599 πατέρων
819 1521 1156 1596 μιμήσασθαι
1190 1518 1471 1572 ἀπιστίαν.

256 1645 436 1699 Δεῦτε
469 1639 962 1711 ἁταλλιασώμεθα
992 1633 1069 1698 τῷ
1095 1631 1309 1700 Κιφίῳ.
1345 1629 1432 1692 Ὠς
1453 1627 1545 1681 ἐπὶ
1565 1624 1756 1696 ἑορτὴν

1929 1625 1981 1679 1.
2032 1622 2241 1687 Venite,
2281 1621 2603 1675 exsultemus
2643 1619 2884 1673 Domino.
2924 1620 3088 1686 Quasi
3126 1621 3190 1674 ad
3225 1621 3423 1674 festum

191 1737 360 1789 ἐλθεῖν
392 1735 522 1796 τοὺς
555 1729 798 1792 ἀπειθεῖς
835 1723 1319 1795 παρακελεύονται,
1341 1721 1421 1782 είς
1443 1714 1758 1786 ἀγαλλίασιν

1866 1717 2114 1774 accedere
2157 1716 2513 1769 cohortantur
2537 1727 2631 1768 eos
2664 1713 2756 1782 qui
2807 1727 2914 1766 non
2966 1713 3423 1780 obtemperarent,

191 1829 380 1890 αὐτοὺς
412 1824 724 1886 καλοῦντες,
749 1822 834 1874 ἴνα
862 1818 950 1872 διὰ
997 1816 1202 1869 τούτων
1227 1813 1476 1867 πείσωσι.
1519 1805 1758 1863 Ἀλαλά-

1866 1810 1924 1866 ad
1956 1809 2481 1864 lmtitiamwocantes
2509 1820 2625 1868 eos,
2655 1815 2715 1858 ut
2749 1804 2819 1858 ita
2857 1804 3239 1873 persuadeant.
3265 1800 3422 1856 lubi-

193 1922 381 1991 ξωμεν
403 1917 485 1982 τῷ
508 1914 628 1981 Θεῷ
664 1912 743 1978 τῷ
769 1910 990 1977 Σωτῆρι
1011 1906 1197 1976 ἡμῶν.
1234 1899 1308 1957 Εὖ
1338 1903 1417 1966 τὸ,
1443 1897 1754 1961 ἀλαλάξαι-

1866 1904 2022 1957 lemus
2061 1901 2162 1953 Deo
2199 1899 2427 1953 salutari
2458 1908 2661 1952 nostro.
2710 1895 2881 1949 Probe
2914 1894 3074 1958 dicit,
3111 1893 3423 1960 jubilemus,

188 1982 325 2082 iter,
373 2011 568 2077 λέγει,
621 2006 684 2076 δὴ
717 2005 941 2074 ἥκοντες
995 2002 1118 2060 τοὺς
1176 1993 1472 2053 ἐπινικίους
1532 1989 1751 2059 ᾀσωμεν

1866 1995 2100 2050 videlicet
2127 1992 2402 2046 venientes
2434 2003 2694 2043 canamus
2727 1988 2966 2042 victorire
2993 1986 3224 2041 cantica.
3275 1982 3426 2037 Jubi-

195 2074 410 2175 i'rpvoug.
452 2074 520 2154 ⁷Ὀ
546 2098 654 2169 γάρ
674 2074 995 2164 ἀλαλαγμὸς
1026 2090 1190 2160 ὕμνος
1214 2087 1361 2139 ἐστὶν
1396 2083 1488 2136 ἐπὶ
1535 2096 1753 2133 πεπτω-

1866 2086 1989 2140 latio
2029 2085 2205 2146 enim,
2249 2089 2333 2136 est
2371 2081 2607 2150 hymnus
2639 2078 2709 2131 ob
2741 2078 2983 2130 devictos
3011 2077 3195 2130 hostes
3224 2074 3422 2128 editus.

193 2164 336 2251 κόᾶιν
367 2164 601 2264 ἐχθροῖς.
623 2164 887 2260 Σημαίνει
917 2185 975 2237 δὲ
995 2182 1083 2236 διὰ
1114 2179 1338 2244 τούτων,
1367 2176 1442 2239 ὠς
1480 2175 1579 2236 τὰς
1610 2173 1758 2225 ἀντι-

1866 2176 1953 2230 llis
1997 2183 2174 2228 autem
2224 2171 2494 2242 significat
2542 2169 2816 2223 Christum
2844 2207 2858 2231 ,
2904 2167 3045 2221 bello
3097 2164 3426 2220 adversariis

193 2257 446 2357 κειμένας
473 2257 728 2352 δυνάμεις
745 2277 1058 2348 πολεμήσας
1090 2274 1228 2344 ὑπὲρ
1260 2269 1415 2342 ἡμῶν
1445 2270 1474 2321 ὁ
1500 2263 1754 2338 Χριστὸς,

1866 2265 2208 2340 potestatibus
2234 2280 2332 2333 pro
2363 2263 2521 2318 nobis
2550 2263 2719 2327 illato,
2750 2260 2895 2329 ipsas
2926 2260 2993 2313 de
3029 2257 3207 2312 medio
3241 2267 3428 2310 sustu-

1856 871 1952 927 His
1994 879 2306 926 sanctorum
2355 867 2556 923 chorus
2589 881 2684 922 eos
2726 866 2818 935 qui
2852 864 3116 920 increduli
3168 872 3322 919 erant
3366 867 3418 918 in

1927 964 2123 1019 Israele
2165 962 2484 1017 cohortatur
2529 971 2588 1012 ut
2632 959 2698 1013 ad
2732 959 2960 1012 salutem
3013 973 3111 1026 per
3139 957 3419 1012 Christum

1923 1057 2137 1110 allatam
2197 1053 2492 1118 accedant,
2543 1051 2827 1106 declarans
2868 1066 2991 1104 eum
3040 1051 3420 1108 exauditnrnm

1922 1165 2043 1207 esse
2068 1150 2112 1204 si
2138 1147 2426 1218 procidant
2449 1157 2572 1202 ante
2604 1148 2780 1208 illum,
2810 1147 2939 1217 quia
2966 1147 3080 1216 ipse
3101 1157 3186 1202 est
3215 1145 3420 1217 epifes,

1935 1255 2205 1310 suumque
2249 1252 2392 1294 amat
2443 1237 2738 1307 opificium.
2797 1237 2927 1292 Post
2971 1238 3115 1290 illam
3168 1250 3345 1292 antem
3391 1255 3421 1292 a

1926 1331 2129 1388 sanctis
2155 1329 2335 1383 datam
2369 1318 2729 1383 hortationem
2752 1368 2765 1391 ,
2799 1328 3072 1382 inducitur
3106 1328 3220 1396 ipsa
3247 1328 3421 1381 sancti

1925 1419 2159 1489 Spiritus
2183 1432 2441 1487 persona:
2463 1433 2583 1486 quae
2602 1433 2706 1470 non
2726 1416 3225 1486 obtemperantibus
3242 1419 3425 1486 praeci-

1926 1512 2024 1582 pit,
2045 1520 2101 1565 ιιι
2115 1525 2180 1564 ne
2197 1519 2412 1579 patrum
2435 1524 2659 1563 suorum
2674 1508 3102 1563 incredulitatem
3119 1509 3419 1563 imitentur.

193 2380 254 2432 ὲκ
281 2377 447 2449 μέσου
482 2375 802 2443 πεποίηκεν.

256 2465 702 2536 Προφθάσωμεν
722 2464 784 2515 τὸ
819 2463 1141 2530 πρόσωπον
1167 2455 1352 2509 αὑτοῦ
1381 2453 1449 2507 ἐν
1468 2450 1757 2518 ἐξομολο-

192 2557 379 2626 γήσει.
417 2555 564 2607 Ὠσεὶ
585 2553 729 2620 λέγοι
746 2568 761 2582 ο
796 2551 930 2621 Πρὶν
951 2549 1029 2611 είς
1056 2546 1235 2617 κρίσιν
1259 2543 1478 2612 καθίσῃ,
1505 2540 1566 2593 τὸ
1586 2539 1756 2610 πρόσ-

192 2665 333 2702 ωπον
358 2647 526 2700 αὐτοῦ
543 2688 556 2709 ,
595 2645 707 2698 ἔστι
739 2644 796 2698 δὲ
819 2645 847 2696 ό
871 2641 1005 2704 υἱὸς,
1029 2642 1096 2710 τῇ
1124 2635 1509 2708 ἐξομολογήσει
1556 2630 1759 2703 προλά-

195 2739 394 2810 ϐωμεν,
423 2740 520 2792 καὶ
547 2736 771 2808 εὐμενὲς
793 2735 974 2796 αὐτοῖς
997 2731 1444 2800 καταστήσωμεν.
1477 2724 1632 2777 Οὖτω
1651 2721 1758 2792 γὰρ

194 2832 314 2901 ὑμῖν
345 2830 685 2900 συμϐήσεται
710 2831 788 2890 είς
815 2825 993 2893 ἀγαθά
1025 2822 1282 2890 τελευτᾷν
1303 2838 1316 2849 ·
1360 2820 1392 2888 ή
1433 2815 1541 2885 γὰρ
1569 2813 1758 2882 ἐξομο-

194 2924 409 2993 λόγησις
437 2921 641 2989 ἀγαθὸν
671 2919 781 2988 ἔχει
815 2917 875 2970 τὸ
901 2915 1071 2986 πέρας
1089 2931 1102 2944 ⁸
1139 2913 1233 2966 καὶ
1261 2909 1419 2964 τοῦτο
1446 2909 1596 2978 δηλοῖ
1621 2906 1682 2959 τὸ
1701 2904 1762 2958 ὲν

194 3015 439 3083 Ψαλμοῖς
461 3028 474 3042 ο
511 3010 921 3078 Ἀλαλάξωμεν
948 3006 1124 3072 αὐτῷ.

257 3105 365 3160 Καὶ
409 3102 712 3169 βασιλεὺς
756 3100 942 3170 μέγας
987 3097 1084 3152 ἐπὶ
1135 3095 1364 3162 πάντας
1389 3092 1531 3160 τοὺς
1564 3089 1756 3155 θεούς.

1859 2361 2005 2415 lisse.

1927 2452 1985 2505 2.
2029 2451 2458 2520 Ρνωοεειιρεηιιιι
2486 2448 2670 2518 faciem
2704 2447 2816 2515 ejus
2842 2448 2896 2499 in
2920 2443 3257 2512 confessione.
3275 2441 3352 2494 Ac
3379 2439 3427 2494 si

1857 2541 2429 2610 diceretzPriusquam
2461 2541 2662 2600 sedeat,
2687 2537 2875 2592 faciem
2911 2537 3029 2604 ejus
3058 2535 3149 2603 qui
3175 2542 3257 2587 est
3287 2532 3431 2585 lilius

1858 2635 2204 2691 confessione
2231 2649 2692 2704 prmoccttpemus,
2725 2640 2778 2686 ct
2798 2631 3084 2700 propitiam
3120 2627 3278 2681 nobis
3309 2625 3429 2677 retl-

1856 2727 2070 2780 damus.
2107 2724 2180 2778 lta
2211 2725 2354 2777 enim
2412 2724 2686 2791 continget
2723 2721 2877 2776 vobis
2911 2730 2970 2774 nt
3001 2721 3053 2773 in
3103 2719 3302 2773 bonum
3335 2716 3428 2770 de-

1859 2817 2078 2879 sinatis;
2123 2831 2246 2870 nam
2285 2814 2556 2868 confessio
2587 2815 2787 2867 bonum
2832 2813 2995 2865 habet
3031 2811 3346 2871 terminum,
3375 2816 3428 2861 et

1859 2908 1962 2964 hoc
1992 2909 2167 2978 palam
2200 2905 2332 2961 facit
2363 2907 2490 2960 illttd
2522 2907 2573 2959 in
2608 2904 2860 2961 Psalmis.
2884 2901 3175 2972 jubilemus
3201 2901 3268 2954 ei.

1935 3084 1988 3140 3.
2035 3081 2102 3134 Et
2134 3098 2226 3136 rex
2268 3099 2488 3152 magnus
2519 3098 2676 3150 super
2701 3096 2876 3134 omnes
2903 3079 3046 3132 deos.
3082 3077 3297 3132 Scilicet
3330 3090 3426 3130 eos

195 3197 397 3268 Δηλαδὴ
418 3195 547 3257 τοὺς
575 3191 1002 3254 πιστεύσαντας,
1055 3190 1149 3241 καὶ
1189 3185 1376 3256 ὥσπερ
1415 3180 1757 3252 ἀντιμισθίαν

1866 3175 1951 3246 qui
1986 3174 2250 3237 credunt,
2290 3173 2383 3243 qui
2417 3174 2470 3226 in
2503 3174 2804 3227 mercedem
2850 3173 2954 3225 hoc
2985 3169 3267 3226 consecuti
3299 3175 3428 3221 sunt

194 3256 675 3360 τοίίτουθαχόντας
701 3287 761 3340 τὸ
781 3286 968 3355 ὄνομα,
1014 3283 1076 3336 τὸ
1122 3280 1402 3335 καλεῖσθαι
1431 3279 1563 3340 θεοὶ,
1618 3275 1760 3330 κατά

1866 3278 1920 3323 ιιι
1939 3266 2011 3322 dii
2035 3265 2391 3336 appellentur,
2419 3263 2572 3332 juxta
2600 3262 2804 3317 dictum
2832 3261 2962 3315 illud
2992 3279 3004 3314 :
3040 3261 3168 3313 Dedi
3191 3270 3238 3313 te
3262 3259 3427 3312 Deum

195 3383 250 3436 τι
274 3348 565 3454 εἰρημένον
586 3398 599 3410 °
634 3348 779 3434 θεὸν
800 3348 1024 3431 δέδωκά
1050 3389 1123 3428 σε
1142 3372 1222 3439 τῷ
1248 3370 1474 3441 Φαραώ.
1519 3370 1643 3423 Ἐὰν
1664 3368 1762 3440 τὴν

1866 3356 2245 3411 Pharaonis".
2292 3354 2348 3409 Si
2399 3355 2798 3410 confessionem
2852 3351 3176 3413 offeramus,
3221 3348 3426 3417 inquit,

197 3475 580 3546 ἐξομολόγησιν
614 3471 1085 3543 προσενέγκωμεν,
1139 3466 1323 3538 φησιν,
1350 3467 1449 3519 οὐκ
1477 3460 1765 3528 ἀποτευξό-

1866 3464 1970 3502 non
1997 3463 2092 3516 spe
2116 3445 2362 3500 labemur
2390 3464 2403 3500 :
2438 3460 2562 3498 nam
2601 3460 2704 3498 nos
2732 3454 2788 3498 ut
2813 3443 3091 3513 proprium
3121 3442 3222 3512 ipsi
3252 3456 3427 3511 pepu-

201 3567 365 3636 μεθαο
399 3567 734 3634 οἰκτειρὴσει
771 3560 879 3631 γὰρ
911 3560 986 3621 ὡς
1025 3559 1155 3611 ίδιον
1183 3556 1346 3611 αὐτοῦ
1379 3555 1527 3609 λαόν.

265 3659 383 3709 Ὀτι
416 3653 606 3708 αὑτοῦ
628 3653 796 3706 ἐστιν
816 3653 853 3720 ἡ
878 3650 1178 3705 θάλασσα.
1221 3647 1519 3709 Δείκνυσιν,
1545 3645 1620 3708 ὡς
1664 3645 1763 3698 αὐ-

197 3749 313 3814 τος,
357 3748 432 3802 ὢν
476 3743 806 3816 δημιουργὸς
850 3743 1030 3810 πάσης
1076 3739 1305 3802 κτίσεως
1343 3736 1541 3808 ὁρατῆς
1563 3753 1621 3788 τε
1672 3735 1765 3788 καὶ

199 3841 445 3912 ἀοράτου,
468 3838 570 3890 οὐκ
611 3835 674 3889 ἂν
704 3833 900 3908 παρίδῃ
926 3831 988 3886 τὸ
1020 3831 1149 3885 ἴδιον
1185 3828 1394 3900 ποίημα
1427 3829 1764 3899 προσπῖπτον

197 3931 260 3986 δι’
281 3929 580 4001 ἐξομολογή
589 3943 742 3988 σεως.

265 4022 440 4076 Δεῦτε
458 4014 978 4088 προσκυνήσωμεν
999 4013 1095 4066 καί
1123 4013 1558 4081 προσπέσωμεν
1584 4007 1762 4073 αὐτῷ.

200 4117 304 4170 Καὶ
332 4114 562 4176 ἑαυτοὺς
591 4111 698 4163 τῶν
725 4106 1166 4180 προσκυνούντων
1188 4105 1281 4158 καὶ
1303 4103 1599 4158 κλαιόντων
1629 4096 1765 4155 εἶναί

201 4226 376 4277 φασιν,
409 4208 562 4268 ὅπως
588 4202 652 4256 ἂν
680 4199 1113 4273 προθυμοτέρους
1145 4199 1222 4260 είς
1252 4197 1348 4267 τὴν
1385 4181 1764 4266 ἐξομολόγησιν

201 4291 662 4366 παρασκευάσωσι
689 4288 814 4350 τοὺς
841 4285 1154 4348 ἀκούοντας.

266 4385 538 4452 Σήμερον
569 4380 677 4434 ἐὰν
699 4377 807 4446 τῆς
841 4376 1044 4447 φωνῆς
1071 4375 1255 4429 αὑτοῦ
1296 4376 1615 4440 ἀκούσητε.
1649 4374 1766 4427 Ἐν-

201 4476 379 4530 τεῦθεν
417 4471 810 4543 παραινοῦνται
843 4469 968 4540 παρ’
1020 4468 1182 4521 αὑτοῦ
1213 4467 1307 4520 τοῦ
1344 4467 1547 4536 Κυρίου
1584 4467 1766 4518 εὐπει-

201 4571 308 4632 θεῖς
339 4565 502 4633 εἶναι,
540 4567 635 4618 καὶ
685 4565 756 4634 μὴ
778 4561 1003 4615 τοιοῦτοι
1028 4555 1128 4614 οἷοι
1159 4561 1216 4612 ὲν
1240 4561 1305 4629 τῇ
1345 4559 1537 4629 ὲρήμῳ
1577 4557 1626 4608 οί
1662 4573 1766 4609 πα-

201 4661 252 4714 τέ
263 4678 348 4732 ρες
377 4657 560 4710 αὐτῶν
585 4651 990 4722 ἐπεδείχθησαν.

269 4748 582 4816 Κατὰ“τὴν
608 4743 836 4814 ἡμέραν
859 4741 964 4794 τοῦ
990 4737 1320 4807 πειρασμοῦ
1352 4737 1420 4789 ἐν
1448 4733 1520 4803 τῇ
1546 4733 1761 4803 ἐρήμῳ,

201 4838 266 4897 οὗ
295 4837 631 4913 ἐπείρασιίν
662 4853 737 4905 με
784 4839 835 4888 ot
879 4832 1124 4900 πατέρες
1144 4829 1328 4899 ὑμῶν.
1381 4827 1763 4898 Ἐξεπείρασαν

201 4933 302 5002 γὰρ
332 4932 423 4984 τὸν
455 4931 593 4983 Θεὸν
625 4925 808 4981 ἄλλοτε
833 4924 993 4994 ἄλλην
1023 4920 1372 4992 πορευόμενοι
1395 4918 1529 4982 ὁδὸν,
1549 4919 1642 4971 καὶ
1665 4919 1764 4971 οὐκ

202 5023 407 5076 εὐθεῖαν
434 5022 536 5092 τὴν
566 5018 660 5071 τοῦ
689 5015 913 5087 Κυρίου.

277 5115 374 5178 Ὧς
389 5113 601 5184 ὤμοσα
630 5110 700 5162 ἐν
721 5106 794 5175 τῇ
822 5103 967 5174 ὀργῆ
975 5121 1117 5172 μου,
1142 5101 1653 5156 είείσελεύσονται
1680 5099 1767 5162 είς

205 5207 312 5276 τὴν
346 5201 737 5260 κατάπαυσίν
756 5216 895 5268 μου.
925 5197 1087 5267 Τρεῖς
1111 5196 1243 5266 ἡμῖν
1263 5195 1292 5247 ὁ
1313 5193 1468 5259 λόγος
1490 5189 1772 5244 καταπαύ-

207 5316 312 5363 σιις
334 5296 597 5369 σημαίνει
616 5311 630 5326 ·
661 5292 788 5364 μίαν
818 5290 915 5362 τὴν
940 5288 1205 5360 σαρκικὴν
1228 5287 1326 5358 τὴν
1353 5282 1446 5337 τοῦ
1471 5282 1769 5344 Σαὸσάτου,

207 5394 294 5445 καὶ
324 5391 523 5463 ἑτέραν
550 5387 649 5455 τὴν
677 5383 879 5437 εἴσοδον
903 5380 1001 5452 τήν
1026 5381 1106 5443 είς
1135 5378 1232 5448 τὴν
1262 5378 1364 5447 γῆν
1405 5374 1503 5444 τῆς
1539 5374 1776 5440 ἐπαγγε-

206 5484 338 5548 λίας,
455 5477 670 5552 Ἰησοῦς
707 5475 1048 5531 κατέπαυσεν
1089 5469 1312 5532 αὐτούς·
1342 5469 1434 5521 καὶ
1461 5467 1646 5538 τρίτην
1678 5462 1774 5534 τὴν

209 5553 546 5645 ἑπουράνιον,
577 5569 645 5640 ἢν
671 5565 762 5619 νῦν
787 5565 916 5635 ἡμῖν
941 5566 970 5617 ὁ
1000 5562 1154 5637 λόγρς
1181 5558 1436 5630 σημαίνει
1456 5572 1470 5585 °
1495 5556 1595 5609 οὐκ
1623 5553 1686 5608 ἂν
1717 5553 1774 5606 δὲ

210 5665 290 5718 ἑτέ
298 5683 396 5738 ρας
417 5662 698 5734 ἐμέμνητο
721 5655 972 5722 ἐνταῦθα,
991 5656 1036 5708 εί
1054 5651 1265 5725 ἀληθῶς
1281 5649 1461 5719 εκείνη
1492 5650 1584 5717 ἐνῇ
1610 5645 1776 5699 κατά-

312 5863 355 5893 ⁷’
397 5859 574 5915 Exod.
619 5872 714 5922 vn,
759 5855 802 5906 Ι.

1795 4622 1848 4683 D

1862 3538 1971 3592 lum
2006 3535 2374 3591 miscrabitur.

1931 3625 1983 3681 5.
2029 3626 2293 3690 Quoniam
2324 3624 2487 3691 ipsius
2535 3632 2614 3676 est
2661 3639 2823 3676 mare.
2878 3619 3123 3676 Ostendit
3150 3633 3274 3672 eum
3304 3633 3428 3672 cum

1863 3720 1934 3774 sit
1963 3716 2143 3787 opifex
2180 3717 2347 3770 totius
2373 3724 2636 3770 creaturze
2670 3715 2898 3768 visibilis
2929 3724 3093 3783 atque
3118 3710 3428 3771 invisibilis,

1863 3823 2141 3880 nunquam
2163 3808 2546 3878 despecturum
2568 3821 2691 3862 esse
2715 3821 2853 3876 opus
2877 3821 3061 3869 suum,
3079 3804 3124 3858 si
3150 3801 3274 3873 quis
3299 3815 3430 3855 con-

1864 3902 2063 3958 ﬁtendo
2091 3897 2338 3970 procidat
2368 3908 2492 3953 ante
2522 3913 2670 3953 eum.

1938 3992 1992 4047 6.
2045 3990 2245 4051 Venite,
2272 3989 2551 4042 adoremus
2575 3997 2624 4042 et
2653 3985 2989 4056 procidamns
3023 3993 3143 4039 ante
3163 3983 3334 4037 illum.
3359 3983 3430 4036 Se

1863 4102 1929 4142 ex
1963 4084 2308 4140 adorantium
2351 4091 2406 4135 et
2448 4079 2776 4149 plorantium
2815 4093 3040 4132 numero
3069 4092 3189 4131 esse
3213 4075 3427 4140 dicunt,

1865 4187 1925 4232 ut
1953 4176 2227 4231 auditores
2256 4172 2321 4227 ad
2355 4170 2755 4227 confessionem
2783 4171 3146 4239 promptiores
3171 4165 3426 4222 elliciant.

1937 4369 1989 4424 8.
2031 4365 2202 4421 Hodie
2227 4364 2274 4417 si
2305 4378 2474 4417 vocem
2503 4361 2617 4432 ejus
2647 4361 2942 4414 audieritis.
2967 4357 3062 4414 His
3091 4359 3159 4412 ab
3185 4358 3302 4427 ipso
3327 4355 3432 4410 Do-

1868 4461 2018 4515 mino
2047 4465 2335 4510 monentur
2366 4464 2424 4508 nt
2459 4455 2890 4519 obtemperantes
2923 4450 3055 4512 sint,
3094 4463 3270 4518 neque
3299 4447 3432 4501 tales

1869 4548 2057 4612 quales
2087 4554 2266 4615 patres
2297 4559 2483 4599 eorum
2520 4543 2571 4594 in
2601 4541 2814 4596 deserto
2844 4539 3077 4594 fuerant.

1937 4727 1991 4782 9.
2031 4725 2325 4781 Secundum
2355 4724 2492 4777 diem
2527 4720 2848 4775 tentationis-
2872 4719 2927 4774 in
2958 4720 3180 4780 deserto,
3204 4716 3294 4770 ubi
3322 4725 3434 4769 ten-

1872 4829 2111 4876 taverunt
2145 4836 2224 4873 me
2257 4827 2431 4888 patres
2465 4816 2642 4869 vestri.
2685 4812 3050 4867 Tentavernnt
3077 4810 3221 4864 enim
3260 4807 3432 4862 Deum

1871 4914 2006 4968 alias
2045 4912 2098 4965 in
2150 4911 2309 4964 aliam
2361 4908 2670 4962 incedentes
2699 4904 2862 4967 viam,
2895 4902 2988 4956 sed
3021 4916 3128 4955 non
3169 4900 3316 4954 illam
3349 4915 3434 4954 re—

1870 5013 2010 5059 ctam
2040 5001 2182 5054 viam
2217 4997 2450 5051 Domini.

1941 5092 2029 5146 il.
2050 5089 2385 5159 Sicutjuravi
2412 5089 2466 5141 in
2493 5088 2576 5140 ira
2602 5101 2735 5148 mea,
2757 5085 2801 5137 si
2819 5082 3104 5137 introibant
3132 5080 3183 5131 in
3207 5078 3432 5149 requiem

1870 5201 2061 5240 meam.
2110 5182 2240 5236 Tres
2286 5180 2444 5235 nobis
2504 5177 2710 5246 requiei
2753 5176 2961 5246 species
3006 5171 3429 5242 signiﬁcantur:

1871 5278 2106 5334 carnalis
2135 5289 2240 5330 una
2272 5288 2394 5343 quae
2424 5281 2507 5326 est
2541 5268 2800 5334 Sabbati;
2849 5266 3012 5320 altera
3041 5272 3124 5318 est
3153 5263 3435 5332 ingressus

1872 5371 1927 5424 in
1978 5377 2176 5422 terram
2228 5364 2626 5435 promissionis,
2673 5375 2779 5430 qua
2813 5357 2932 5412 illos
2982 5356 3260 5426 quiescere
3311 5354 3434 5406 fecit

1872 5459 2032 5515 Jesus
2060 5457 2241 5522 Nave;
2278 5455 2434 5511 tertia
2478 5452 2736 5517 rmlestis,
2776 5466 2894 5520 qua:
2941 5449 3028 5504 hic
3069 5449 3181 5516 jam
3212 5446 3434 5501 denota-

1878 5560 1987 5614 tur,
2022 5567 2128 5607 non
2159 5547 2382 5603 alterius
2408 5547 2551 5601 enim
2581 5545 2669 5598 hic
2695 5541 2901 5598 mentio
2928 5549 3030 5606 est,
3063 5555 3108 5594 si
3137 5548 3319 5592 tamen
3346 5536 3438 5589 illa

1886 5657 2009 5696 vera
2051 5641 2262 5711 requies
2312 5640 2402 5694 sit.
2449 5636 2760 5692 Ostenditur
2804 5636 2983 5705 itaque
3028 5648 3150 5687 vere
3195 5628 3435 5700 requiem
