  <div class='ocr_page' id='page_1' title='image "/cluster/home/n/w/nwhite01/storage/ocr_20150623/27/uva.x030474749/217.png"; bbox 0 0 4126 6488; ppageno 0'>
   <div class='ocr_carea' id='block_1_1' title="bbox 696 414 798 469">
    <p class='ocr_par' dir='ltr' id='par_1_1' title="bbox 696 414 798 469">
     <span class='ocr_line' id='line_1_1' title="bbox 696 414 798 469; baseline 0.01 -2"><span class='ocrx_word' id='word_1_1' title='bbox 696 414 798 469; x_wconf 71' lang='grc'><strong>415</strong></span> 
     </span>
    </p>
   </div>
   <div class='ocr_carea' id='block_1_2' title="bbox 1527 417 3081 485">
    <p class='ocr_par' dir='ltr' id='par_1_2' title="bbox 1527 417 3081 485">
     <span class='ocr_line' id='line_1_2' title="bbox 1527 417 3081 485; baseline 0.009 -14"><span class='ocrx_word' id='word_1_2' title='bbox 1527 417 1582 472; x_wconf 91' lang='lat' dir='ltr'><strong>S.</strong></span> <span class='ocrx_word' id='word_1_3' title='bbox 1623 419 1995 477; x_wconf 77' lang='lat' dir='ltr'><strong>ATHANASII</strong></span> <span class='ocrx_word' id='word_1_4' title='bbox 2038 424 2186 480; x_wconf 80' lang='lat' dir='ltr'><strong>OPP.</strong></span> <span class='ocrx_word' id='word_1_5' title='bbox 2230 426 2411 482; x_wconf 74' lang='lat' dir='ltr'><strong>PARS</strong></span> <span class='ocrx_word' id='word_1_6' title='bbox 2450 428 2534 482; x_wconf 91' lang='lat' dir='ltr'><strong>lll.</strong></span> <span class='ocrx_word' id='word_1_7' title='bbox 2570 458 2641 469; x_wconf 88' lang='lat'><strong>-—</strong></span> <span class='ocrx_word' id='word_1_8' title='bbox 2678 429 3081 485; x_wconf 74' lang='lat' dir='ltr'><strong>EXEGETICA.</strong></span> 
     </span>
    </p>
   </div>
   <div class='ocr_carea' id='block_1_3' title="bbox 3804 434 3907 488">
    <p class='ocr_par' dir='ltr' id='par_1_3' title="bbox 3804 434 3907 488">
     <span class='ocr_line' id='line_1_3' title="bbox 3804 434 3907 488; baseline -0.01 0"><span class='ocrx_word' id='word_1_9' title='bbox 3804 434 3907 488; x_wconf 73' lang='grc'><strong>416</strong></span> 
     </span>
    </p>
   </div>
   <div class='ocr_carea' id='block_1_4' title="bbox 694 534 2274 613">
    <p class='ocr_par' dir='ltr' id='par_1_4' title="bbox 694 534 2274 600">
     <span class='ocr_line' id='line_1_4' title="bbox 694 534 2274 600; baseline 0.006 -12"><span class='ocrx_word' id='word_1_10' title='bbox 694 549 817 588; x_wconf 86' lang='lat' dir='ltr'><strong>esse</strong></span> <span class='ocrx_word' id='word_1_11' title='bbox 851 548 1121 587; x_wconf 81' lang='lat' dir='ltr'><strong>recessum</strong></span> <span class='ocrx_word' id='word_1_12' title='bbox 1171 549 1236 588; x_wconf 76' lang='lat' dir='ltr'><strong>ex</strong></span> <span class='ocrx_word' id='word_1_13' title='bbox 1275 534 1376 588; x_wconf 86' lang='lat' dir='ltr'><strong>hoc</strong></span> <span class='ocrx_word' id='word_1_14' title='bbox 1406 534 1609 590; x_wconf 83' lang='lat' dir='ltr'><strong>mundo</strong></span> <span class='ocrx_word' id='word_1_15' title='bbox 1655 545 1710 591; x_wconf 90' lang='lat' dir='ltr'><strong>et</strong></span> <span class='ocrx_word' id='word_1_16' title='bbox 1757 537 2141 595; x_wconf 84' lang='lat' dir='ltr'><strong>habitationem</strong></span> <span class='ocrx_word' id='word_1_17' title='bbox 2188 542 2274 600; x_wconf 14' lang='lat' dir='ltr'><strong>in,</strong></span> 
     </span>
    </p>
   </div>
   <div class='ocr_carea' id='block_1_5' title="bbox 2345 534 3913 613">
    <p class='ocr_par' dir='ltr' id='par_1_5' title="bbox 2348 539 3913 613">
     <span class='ocr_line' id='line_1_5' title="bbox 2348 539 3913 613; baseline 0.003 -20"><span class='ocrx_word' id='word_1_18' title='bbox 2348 558 2563 604; x_wconf 81' lang='grc' dir='ltr'>παυσις.</span> <span class='ocrx_word' id='word_1_19' title='bbox 2600 542 2860 613; x_wconf 80' lang='grc' dir='ltr'>Δηλοῦται</span> <span class='ocrx_word' id='word_1_20' title='bbox 2913 539 3025 610; x_wconf 76' lang='grc' dir='ltr'>οὖν,</span> <span class='ocrx_word' id='word_1_21' title='bbox 3056 544 3132 605; x_wconf 80' lang='grc' dir='ltr'>ὡς</span> <span class='ocrx_word' id='word_1_22' title='bbox 3155 543 3366 613; x_wconf 83' lang='grc' dir='ltr'>ἀληθῶς</span> <span class='ocrx_word' id='word_1_23' title='bbox 3388 543 3735 608; x_wconf 81' lang='grc' dir='ltr'>κατάπαυσις</span> <span class='ocrx_word' id='word_1_24' title='bbox 3770 546 3913 597; x_wconf 73' lang='grc' dir='ltr'>ἐστιν</span> 
     </span>
    </p>
   </div>
   <div class='ocr_carea' id='block_1_6' title="bbox 696 625 1365 696">
    <p class='ocr_par' dir='ltr' id='par_1_6' title="bbox 696 625 1365 696">
     <span class='ocr_line' id='line_1_6' title="bbox 696 625 1365 696; baseline -0.001 -16"><span class='ocrx_word' id='word_1_25' title='bbox 696 626 944 696; x_wconf 73' lang='lat' dir='ltr'><strong>supernis</strong></span> <span class='ocrx_word' id='word_1_26' title='bbox 972 625 1365 679; x_wconf 73' lang='lat' dir='ltr'><strong>mansionibus.</strong></span> 
     </span>
    </p>
   </div>
   <div class='ocr_carea' id='block_1_7' title="bbox 698 817 2248 889">
    <p class='ocr_par' dir='ltr' id='par_1_7' title="bbox 698 817 2248 889">
     <span class='ocr_line' id='line_1_7' title="bbox 698 817 2248 889; baseline 0.003 -15"><span class='ocrx_word' id='word_1_27' title='bbox 698 823 741 874; x_wconf 89' lang='lat' dir='ltr'><strong>l.</strong></span> <span class='ocrx_word' id='word_1_28' title='bbox 786 818 1120 875; x_wconf 77' lang='lat' dir='ltr'><strong><em>PSALMUS</em></strong></span> <span class='ocrx_word' id='word_1_29' title='bbox 1155 817 1323 873; x_wconf 78' lang='lat' dir='ltr'><strong>XCV.</strong></span> <span class='ocrx_word' id='word_1_30' title='bbox 1353 818 1631 873; x_wconf 72' lang='lat' dir='ltr'><strong>Canticum</strong></span> <span class='ocrx_word' id='word_1_31' title='bbox 1674 822 1772 889; x_wconf 81' lang='lat' dir='ltr'><strong>ipsi</strong></span> <span class='ocrx_word' id='word_1_32' title='bbox 1802 821 1985 876; x_wconf 83' lang='lat' dir='ltr'><strong>David.</strong></span> <span class='ocrx_word' id='word_1_33' title='bbox 2024 822 2248 889; x_wconf 83' lang='lat' dir='ltr'><strong>Quando</strong></span> 
     </span>
    </p>
   </div>
   <div class='ocr_carea' id='block_1_8' title="bbox 903 912 2034 982">
    <p class='ocr_par' dir='ltr' id='par_1_8' title="bbox 903 912 2034 982">
     <span class='ocr_line' id='line_1_8' title="bbox 903 912 2034 982; baseline 0.004 -18"><span class='ocrx_word' id='word_1_34' title='bbox 903 913 1088 965; x_wconf 83' lang='lat' dir='ltr'><strong>domus</strong></span> <span class='ocrx_word' id='word_1_35' title='bbox 1118 912 1480 980; x_wconf 71' lang='lat' dir='ltr'><strong>a&#39;diﬁcabalur</strong></span> <span class='ocrx_word' id='word_1_36' title='bbox 1509 922 1624 981; x_wconf 84' lang='lat' dir='ltr'><strong>post</strong></span> <span class='ocrx_word' id='word_1_37' title='bbox 1654 916 2034 982; x_wconf 70' lang='lat' dir='ltr'><strong>captivitatem.</strong></span> 
     </span>
    </p>
   </div>
   <div class='ocr_carea' id='block_1_9' title="bbox 1264 1023 1653 1091">
    <p class='ocr_par' dir='ltr' id='par_1_9' title="bbox 1264 1023 1653 1091">
     <span class='ocr_line' id='line_1_9' title="bbox 1264 1023 1653 1091; baseline 0.013 -18"><span class='ocrx_word' id='word_1_38' title='bbox 1264 1023 1653 1091; x_wconf 79' lang='lat' dir='ltr'><strong>Argumentum</strong></span> 
     </span>
    </p>
   </div>
   <div class='ocr_carea' id='block_1_10' title="bbox 690 1133 2246 1207">
    <p class='ocr_par' dir='ltr' id='par_1_10' title="bbox 690 1133 2246 1207">
     <span class='ocr_line' id='line_1_10' title="bbox 690 1133 2246 1207; baseline 0.003 -17"><span class='ocrx_word' id='word_1_39' title='bbox 690 1135 748 1190; x_wconf 82' lang='lat' dir='ltr'><strong>In</strong></span> <span class='ocrx_word' id='word_1_40' title='bbox 784 1134 1101 1205; x_wconf 68' lang='lat' dir='ltr'><strong>praecedenti</strong></span> <span class='ocrx_word' id='word_1_41' title='bbox 1144 1135 1350 1203; x_wconf 84' lang='lat' dir='ltr'><strong>psalmo</strong></span> <span class='ocrx_word' id='word_1_42' title='bbox 1372 1133 1682 1190; x_wconf 73' lang='lat' dir='ltr'><strong>Judzeorum</strong></span> <span class='ocrx_word' id='word_1_43' title='bbox 1717 1138 2072 1207; x_wconf 85' lang='lat' dir='ltr'><strong>abjectioncm</strong></span> <span class='ocrx_word' id='word_1_44' title='bbox 2112 1140 2246 1195; x_wconf 80' lang='lat' dir='ltr'><strong>vati-</strong></span> 
     </span>
    </p>
   </div>
   <div class='ocr_carea' id='block_1_11' title="bbox 763 1227 2247 1298">
    <p class='ocr_par' dir='ltr' id='par_1_11' title="bbox 763 1227 2247 1298">
     <span class='ocr_line' id='line_1_11' title="bbox 763 1227 2247 1298; baseline 0.001 -13"><span class='ocrx_word' id='word_1_45' title='bbox 763 1230 976 1285; x_wconf 89' lang='lat' dir='ltr'><strong>cinatus</strong></span> <span class='ocrx_word' id='word_1_46' title='bbox 1020 1228 1066 1283; x_wconf 89' lang='lat' dir='ltr'><strong>si</strong></span> <span class='ocrx_word' id='word_1_47' title='bbox 1114 1229 1168 1281; x_wconf 91' lang='lat' dir='ltr'><strong>in</strong></span> <span class='ocrx_word' id='word_1_48' title='bbox 1219 1227 1533 1282; x_wconf 86' lang='lat' dir='ltr'><strong>inﬁdelitate</strong></span> <span class='ocrx_word' id='word_1_49' title='bbox 1578 1241 2020 1298; x_wconf 79' lang='lat' dir='ltr'><strong>perseverarent,</strong></span> <span class='ocrx_word' id='word_1_50' title='bbox 2056 1233 2108 1284; x_wconf 90' lang='lat' dir='ltr'><strong>in</strong></span> <span class='ocrx_word' id='word_1_51' title='bbox 2146 1232 2247 1287; x_wconf 88' lang='lat' dir='ltr'><strong>hoc</strong></span> 
     </span>
    </p>
   </div>
   <div class='ocr_carea' id='block_1_12' title="bbox 757 1321 2243 1393">
    <p class='ocr_par' dir='ltr' id='par_1_12' title="bbox 757 1321 2243 1393">
     <span class='ocr_line' id='line_1_12' title="bbox 757 1321 2243 1393; baseline 0.002 -17"><span class='ocrx_word' id='word_1_52' title='bbox 757 1323 998 1393; x_wconf 76' lang='lat' dir='ltr'><strong>gentium</strong></span> <span class='ocrx_word' id='word_1_53' title='bbox 1021 1321 1357 1375; x_wconf 87' lang='lat' dir='ltr'><strong>vocationem</strong></span> <span class='ocrx_word' id='word_1_54' title='bbox 1385 1322 1607 1388; x_wconf 88' lang='lat' dir='ltr'><strong>inducit,</strong></span> <span class='ocrx_word' id='word_1_55' title='bbox 1630 1338 1748 1392; x_wconf 66' lang='lat' dir='ltr'><strong>quae</strong></span> <span class='ocrx_word' id='word_1_56' title='bbox 1777 1334 1899 1392; x_wconf 85' lang='lat' dir='ltr'><strong>post</strong></span> <span class='ocrx_word' id='word_1_57' title='bbox 1922 1325 2243 1380; x_wconf 85' lang='lat' dir='ltr'><strong>solutionem</strong></span> 
     </span>
    </p>
   </div>
   <div class='ocr_carea' id='block_1_13' title="bbox 760 1415 2247 1488">
    <p class='ocr_par' dir='ltr' id='par_1_13' title="bbox 760 1415 2247 1488">
     <span class='ocr_line' id='line_1_13' title="bbox 760 1415 2247 1488; baseline 0.003 -18"><span class='ocrx_word' id='word_1_58' title='bbox 760 1415 1057 1486; x_wconf 80' lang='lat' dir='ltr'><strong>spiritualis</strong></span> <span class='ocrx_word' id='word_1_59' title='bbox 1090 1415 1301 1467; x_wconf 89' lang='lat' dir='ltr'><strong>illorum</strong></span> <span class='ocrx_word' id='word_1_60' title='bbox 1332 1416 1663 1482; x_wconf 82' lang='lat' dir='ltr'><strong>captivitatis</strong></span> <span class='ocrx_word' id='word_1_61' title='bbox 1707 1415 1849 1471; x_wconf 82' lang='lat' dir='ltr'><strong>facta</strong></span> <span class='ocrx_word' id='word_1_62' title='bbox 1891 1426 1993 1484; x_wconf 76' lang='lat' dir='ltr'><strong>est,</strong></span> <span class='ocrx_word' id='word_1_63' title='bbox 2027 1418 2247 1488; x_wconf 82' lang='lat' dir='ltr'><strong>quando</strong></span> 
     </span>
    </p>
   </div>
   <div class='ocr_carea' id='block_1_14' title="bbox 753 1506 1952 1579">
    <p class='ocr_par' dir='ltr' id='par_1_14' title="bbox 753 1506 1952 1579">
     <span class='ocr_line' id='line_1_14' title="bbox 753 1506 1952 1579; baseline 0 -16"><span class='ocrx_word' id='word_1_64' title='bbox 753 1524 849 1579; x_wconf 93' lang='lat' dir='ltr'><strong>per</strong></span> <span class='ocrx_word' id='word_1_65' title='bbox 876 1517 1048 1563; x_wconf 92' lang='lat' dir='ltr'><strong>totum</strong></span> <span class='ocrx_word' id='word_1_66' title='bbox 1076 1508 1260 1562; x_wconf 81' lang='lat' dir='ltr'><strong>orbem</strong></span> <span class='ocrx_word' id='word_1_67' title='bbox 1298 1506 1541 1562; x_wconf 85' lang='lat' dir='ltr'><strong>Ecclesia</strong></span> <span class='ocrx_word' id='word_1_68' title='bbox 1574 1506 1797 1562; x_wconf 79' lang='lat' dir='ltr'><strong>fundata</strong></span> <span class='ocrx_word' id='word_1_69' title='bbox 1833 1508 1952 1563; x_wconf 87' lang='lat' dir='ltr'><strong>luit.</strong></span> 
     </span>
    </p>
   </div>
   <div class='ocr_carea' id='block_1_15' title="bbox 753 1681 2247 1751">
    <p class='ocr_par' dir='ltr' id='par_1_15' title="bbox 753 1681 2247 1751">
     <span class='ocr_line' id='line_1_15' title="bbox 753 1681 2247 1751; baseline 0.002 -15"><span class='ocrx_word' id='word_1_70' title='bbox 753 1682 810 1745; x_wconf 74' lang='lat'><strong>2,</strong></span> <span class='ocrx_word' id='word_1_71' title='bbox 839 1683 891 1737; x_wconf 85' lang='lat'><strong>&#39;5.</strong></span> <span class='ocrx_word' id='word_1_72' title='bbox 940 1681 1160 1737; x_wconf 87' lang='lat' dir='ltr'><strong>Cantate</strong></span> <span class='ocrx_word' id='word_1_73' title='bbox 1196 1681 1416 1736; x_wconf 90' lang='lat' dir='ltr'><strong>Domino</strong></span> <span class='ocrx_word' id='word_1_74' title='bbox 1446 1683 1708 1736; x_wconf 84' lang='lat' dir='ltr'><strong>canticum</strong></span> <span class='ocrx_word' id='word_1_75' title='bbox 1742 1699 1949 1736; x_wconf 85' lang='lat' dir='ltr'><strong>novum.</strong></span> <span class='ocrx_word' id='word_1_76' title='bbox 1973 1682 2247 1751; x_wconf 80' lang='lat' dir='ltr'><strong>Apostolis</strong></span> 
     </span>
    </p>
   </div>
   <div class='ocr_carea' id='block_1_16' title="bbox 682 1772 2249 1842">
    <p class='ocr_par' dir='ltr' id='par_1_16' title="bbox 682 1772 2249 1842">
     <span class='ocr_line' id='line_1_16' title="bbox 682 1772 2249 1842; baseline 0.003 -17"><span class='ocrx_word' id='word_1_77' title='bbox 682 1774 835 1842; x_wconf 75' lang='lat' dir='ltr'><strong>jubet</strong></span> <span class='ocrx_word' id='word_1_78' title='bbox 868 1772 1099 1842; x_wconf 86' lang='lat' dir='ltr'><strong>Spiritus</strong></span> <span class='ocrx_word' id='word_1_79' title='bbox 1128 1784 1349 1829; x_wconf 84' lang='lat' dir='ltr'><strong>sanctus</strong></span> <span class='ocrx_word' id='word_1_80' title='bbox 1370 1813 1384 1837; x_wconf 88' lang='lat'><strong>,</strong></span> <span class='ocrx_word' id='word_1_81' title='bbox 1416 1784 1473 1827; x_wconf 93' lang='lat' dir='ltr'><strong>ut</strong></span> <span class='ocrx_word' id='word_1_82' title='bbox 1502 1778 1777 1828; x_wconf 86' lang='lat' dir='ltr'><strong>canticum</strong></span> <span class='ocrx_word' id='word_1_83' title='bbox 1816 1790 2014 1828; x_wconf 87' lang='lat' dir='ltr'><strong>novum</strong></span> <span class='ocrx_word' id='word_1_84' title='bbox 2036 1816 2051 1841; x_wconf 95' lang='lat'><strong>,</strong></span> <span class='ocrx_word' id='word_1_85' title='bbox 2087 1776 2136 1829; x_wconf 89' lang='lat' dir='ltr'><strong>id</strong></span> <span class='ocrx_word' id='word_1_86' title='bbox 2166 1787 2249 1830; x_wconf 89' lang='lat' dir='ltr'><strong>est</strong></span> 
     </span>
    </p>
   </div>
   <div class='ocr_carea' id='block_1_17' title="bbox 2351 632 3911 707">
    <p class='ocr_par' dir='ltr' id='par_1_17' title="bbox 2351 632 3911 707">
     <span class='ocr_line' id='line_1_17' title="bbox 2351 632 3911 707; baseline 0.003 -23"><span class='ocrx_word' id='word_1_87' title='bbox 2351 634 2382 702; x_wconf 84' lang='grc' dir='ltr'>ἡ</span> <span class='ocrx_word' id='word_1_88' title='bbox 2410 632 2546 701; x_wconf 77' lang='grc' dir='ltr'>μετὰ</span> <span class='ocrx_word' id='word_1_89' title='bbox 2569 632 2665 703; x_wconf 83' lang='grc' dir='ltr'>τὴν</span> <span class='ocrx_word' id='word_1_90' title='bbox 2696 633 2847 685; x_wconf 76' lang='grc' dir='ltr'>τοῦδε</span> <span class='ocrx_word' id='word_1_91' title='bbox 2879 634 2971 686; x_wconf 79' lang='grc' dir='ltr'>τοῦ</span> <span class='ocrx_word' id='word_1_92' title='bbox 3004 634 3206 705; x_wconf 80' lang='grc' dir='ltr'>κόσμου</span> <span class='ocrx_word' id='word_1_93' title='bbox 3246 634 3534 706; x_wconf 79' lang='grc' dir='ltr'>ἀπαλλαγὴ</span> <span class='ocrx_word' id='word_1_94' title='bbox 3556 678 3571 701; x_wconf 90' lang='grc'><strong>,</strong></span> <span class='ocrx_word' id='word_1_95' title='bbox 3622 638 3655 707; x_wconf 80' lang='grc' dir='ltr'>ἡ</span> <span class='ocrx_word' id='word_1_96' title='bbox 3702 638 3760 689; x_wconf 80' lang='grc' dir='ltr'><strong>ὲν</strong></span> <span class='ocrx_word' id='word_1_97' title='bbox 3796 642 3911 700; x_wconf 84' lang='grc' dir='ltr'>ταῖς</span> 
     </span>
    </p>
   </div>
   <div class='ocr_carea' id='block_1_18' title="bbox 2350 722 3035 795">
    <p class='ocr_par' dir='ltr' id='par_1_18' title="bbox 2350 722 3035 795">
     <span class='ocr_line' id='line_1_18' title="bbox 2350 722 3035 795; baseline 0.001 -20"><span class='ocrx_word' id='word_1_98' title='bbox 2350 722 2459 775; x_wconf 85' lang='grc' dir='ltr'>ἄνω</span> <span class='ocrx_word' id='word_1_99' title='bbox 2489 726 2674 792; x_wconf 82' lang='grc' dir='ltr'>μοναῖς</span> <span class='ocrx_word' id='word_1_100' title='bbox 2702 724 3035 795; x_wconf 77' lang='grc' dir='ltr'>κατοίκησις.</span> 
     </span>
    </p>
   </div>
   <div class='ocr_carea' id='block_1_19' title="bbox 2356 834 3910 906">
    <p class='ocr_par' dir='ltr' id='par_1_19' title="bbox 2356 834 3910 906">
     <span class='ocr_line' id='line_1_19' title="bbox 2356 834 3910 906; baseline 0.005 -20"><span class='ocrx_word' id='word_1_101' title='bbox 2356 836 2659 888; x_wconf 67' lang='grc' dir='ltr'><strong>ΨΑΛΜΟΣ</strong></span> <span class='ocrx_word' id='word_1_102' title='bbox 2682 835 2794 901; x_wconf 47' lang='grc' dir='ltr'>ιε’.</span> <span class='ocrx_word' id='word_1_103' title='bbox 2835 834 2971 905; x_wconf 76' lang='grc' dir='ltr'><strong>’ῼδὴ</strong></span> <span class='ocrx_word' id='word_1_104' title='bbox 3012 834 3089 901; x_wconf 85' lang='grc' dir='ltr'>τῷ</span> <span class='ocrx_word' id='word_1_105' title='bbox 3124 837 3322 899; x_wconf 79' lang='grc' dir='ltr'>Δαυῒδ,</span> <span class='ocrx_word' id='word_1_106' title='bbox 3374 837 3470 891; x_wconf 87' lang='grc' dir='ltr'>ὅτε</span> <span class='ocrx_word' id='word_1_107' title='bbox 3500 841 3531 891; x_wconf 87' lang='lat' dir='ltr'><strong>d</strong></span> <span class='ocrx_word' id='word_1_108' title='bbox 3569 835 3735 906; x_wconf 71' lang='grc' dir='ltr'>οἷκος</span> <span class='ocrx_word' id='word_1_109' title='bbox 3767 840 3910 905; x_wconf 77' lang='grc' dir='ltr'>ᾠκο-</span> 
     </span>
    </p>
   </div>
   <div class='ocr_carea' id='block_1_20' title="bbox 2628 927 3626 997">
    <p class='ocr_par' dir='ltr' id='par_1_20' title="bbox 2628 927 3626 997">
     <span class='ocr_line' id='line_1_20' title="bbox 2628 927 3626 997; baseline 0.005 -18"><span class='ocrx_word' id='word_1_110' title='bbox 2628 927 2854 997; x_wconf 80' lang='grc' dir='ltr'>δομήθη</span> <span class='ocrx_word' id='word_1_111' title='bbox 2885 928 3035 997; x_wconf 82' lang='grc' dir='ltr'>μετὰ</span> <span class='ocrx_word' id='word_1_112' title='bbox 3061 927 3172 994; x_wconf 80' lang='grc' dir='ltr'>τὴν</span> <span class='ocrx_word' id='word_1_113' title='bbox 3193 932 3626 997; x_wconf 68' lang='grc' dir='ltr'><strong>αἰχμαλωσίαν.</strong></span> 
     </span>
    </p>
   </div>
   <div class='ocr_carea' id='block_1_21' title="bbox 2977 1044 3296 1111">
    <p class='ocr_par' dir='ltr' id='par_1_21' title="bbox 2977 1044 3296 1111">
     <span class='ocr_line' id='line_1_21' title="bbox 2977 1044 3296 1111; baseline 0.006 -16"><span class='ocrx_word' id='word_1_114' title='bbox 2977 1044 3296 1111; x_wconf 80' lang='grc' dir='ltr'>Ὺπόθεσις.</span> 
     </span>
    </p>
   </div>
   <div class='ocr_carea' id='block_1_22' title="bbox 2361 1152 3909 1227">
    <p class='ocr_par' dir='ltr' id='par_1_22' title="bbox 2361 1152 3909 1227">
     <span class='ocr_line' id='line_1_22' title="bbox 2361 1152 3909 1227; baseline 0.003 -20"><span class='ocrx_word' id='word_1_115' title='bbox 2361 1154 2447 1207; x_wconf 85' lang='grc' dir='ltr'><strong>Ἐν</strong></span> <span class='ocrx_word' id='word_1_116' title='bbox 2479 1152 2555 1223; x_wconf 83' lang='grc' dir='ltr'>τῷ</span> <span class='ocrx_word' id='word_1_117' title='bbox 2585 1154 2688 1225; x_wconf 73' lang='grc' dir='ltr'>πρὸ</span> <span class='ocrx_word' id='word_1_118' title='bbox 2713 1155 2899 1208; x_wconf 84' lang='grc' dir='ltr'>τούτου</span> <span class='ocrx_word' id='word_1_119' title='bbox 2927 1153 3143 1225; x_wconf 78' lang='grc' dir='ltr'>ψαλμῷ,</span> <span class='ocrx_word' id='word_1_120' title='bbox 3180 1154 3277 1226; x_wconf 84' lang='grc' dir='ltr'>τὴν</span> <span class='ocrx_word' id='word_1_121' title='bbox 3311 1155 3578 1227; x_wconf 79' lang='grc' dir='ltr'>ἁποόολὴν</span> <span class='ocrx_word' id='word_1_122' title='bbox 3629 1156 3739 1210; x_wconf 85' lang='grc' dir='ltr'>τῶν</span> <span class='ocrx_word' id='word_1_123' title='bbox 3782 1160 3909 1211; x_wconf 86' lang='grc' dir='ltr'>Ἰου-</span> 
     </span>
    </p>
   </div>
   <div class='ocr_carea' id='block_1_23' title="bbox 2416 1244 3910 1318">
    <p class='ocr_par' dir='ltr' id='par_1_23' title="bbox 2416 1244 3910 1318">
     <span class='ocr_line' id='line_1_23' title="bbox 2416 1244 3910 1318; baseline 0.001 -21"><span class='ocrx_word' id='word_1_124' title='bbox 2416 1244 2577 1297; x_wconf 86' lang='grc' dir='ltr'>δαίων</span> <span class='ocrx_word' id='word_1_125' title='bbox 2610 1244 2889 1309; x_wconf 82' lang='grc' dir='ltr'>θεσπίσας,</span> <span class='ocrx_word' id='word_1_126' title='bbox 2942 1247 2995 1298; x_wconf 82' lang='grc' dir='ltr'><strong>εί</strong></span> <span class='ocrx_word' id='word_1_127' title='bbox 3020 1262 3082 1313; x_wconf 92' lang='grc' dir='ltr'><strong>γε</strong></span> <span class='ocrx_word' id='word_1_128' title='bbox 3114 1246 3418 1315; x_wconf 81' lang='grc' dir='ltr'>ὲπιμένοιεν</span> <span class='ocrx_word' id='word_1_129' title='bbox 3465 1250 3531 1317; x_wconf 83' lang='grc' dir='ltr'>τῇ</span> <span class='ocrx_word' id='word_1_130' title='bbox 3578 1246 3827 1318; x_wconf 76' lang='grc' dir='ltr'><strong>ἀπιστίᾳ,</strong></span> <span class='ocrx_word' id='word_1_131' title='bbox 3854 1250 3910 1299; x_wconf 82' lang='grc' dir='ltr'>ἐν</span> 
     </span>
    </p>
   </div>
   <div class='ocr_carea' id='block_1_24' title="bbox 2417 1333 3911 1408">
    <p class='ocr_par' dir='ltr' id='par_1_24' title="bbox 2417 1333 3911 1408">
     <span class='ocr_line' id='line_1_24' title="bbox 2417 1333 3911 1408; baseline 0.003 -22"><span class='ocrx_word' id='word_1_132' title='bbox 2417 1333 2591 1404; x_wconf 85' lang='grc' dir='ltr'>τούτῳ</span> <span class='ocrx_word' id='word_1_133' title='bbox 2618 1335 2716 1405; x_wconf 78' lang='grc' dir='ltr'><strong>τὴν</strong></span> <span class='ocrx_word' id='word_1_134' title='bbox 2742 1335 2848 1387; x_wconf 85' lang='grc' dir='ltr'><strong>τῶν</strong></span> <span class='ocrx_word' id='word_1_135' title='bbox 2880 1334 3045 1387; x_wconf 81' lang='grc' dir='ltr'>ἐθνῶν</span> <span class='ocrx_word' id='word_1_136' title='bbox 3066 1336 3257 1405; x_wconf 83' lang='grc' dir='ltr'>κλῆσιν</span> <span class='ocrx_word' id='word_1_137' title='bbox 3286 1337 3494 1403; x_wconf 76' lang='grc' dir='ltr'><strong>εἰσάγει</strong></span> <span class='ocrx_word' id='word_1_138' title='bbox 3522 1378 3536 1399; x_wconf 87' lang='grc'><strong>,</strong></span> <span class='ocrx_word' id='word_1_139' title='bbox 3562 1337 3660 1408; x_wconf 81' lang='grc' dir='ltr'>τὴν</span> <span class='ocrx_word' id='word_1_140' title='bbox 3682 1340 3911 1408; x_wconf 86' lang='grc' dir='ltr'>γενομέ-</span> 
     </span>
    </p>
   </div>
   <div class='ocr_carea' id='block_1_25' title="bbox 2418 1426 3909 1499">
    <p class='ocr_par' dir='ltr' id='par_1_25' title="bbox 2418 1426 3909 1499">
     <span class='ocr_line' id='line_1_25' title="bbox 2418 1426 3909 1499; baseline 0.005 -22"><span class='ocrx_word' id='word_1_141' title='bbox 2418 1443 2513 1497; x_wconf 89' lang='grc' dir='ltr'><strong>νην</strong></span> <span class='ocrx_word' id='word_1_142' title='bbox 2537 1426 2671 1496; x_wconf 80' lang='grc' dir='ltr'>μετᾶ</span> <span class='ocrx_word' id='word_1_143' title='bbox 2694 1426 2789 1496; x_wconf 83' lang='grc' dir='ltr'><strong>τὴν</strong></span> <span class='ocrx_word' id='word_1_144' title='bbox 2808 1426 2960 1480; x_wconf 90' lang='grc' dir='ltr'>λύσιν</span> <span class='ocrx_word' id='word_1_145' title='bbox 2980 1427 3080 1496; x_wconf 82' lang='grc' dir='ltr'>τῆς</span> <span class='ocrx_word' id='word_1_146' title='bbox 3098 1428 3289 1499; x_wconf 84' lang='grc' dir='ltr'><strong>νοητῆς</strong></span> <span class='ocrx_word' id='word_1_147' title='bbox 3313 1427 3490 1481; x_wconf 74' lang='grc' dir='ltr'>αὐτῶν</span> <span class='ocrx_word' id='word_1_148' title='bbox 3512 1429 3909 1499; x_wconf 71' lang='grc' dir='ltr'><strong>αἰχμαλωσίας,</strong></span> 
     </span>
    </p>
   </div>
   <div class='ocr_carea' id='block_1_26' title="bbox 2416 1520 3912 1593">
    <p class='ocr_par' dir='ltr' id='par_1_26' title="bbox 2416 1520 3912 1593">
     <span class='ocr_line' id='line_1_26' title="bbox 2416 1520 3912 1593; baseline 0.003 -22"><span class='ocrx_word' id='word_1_149' title='bbox 2416 1520 2503 1571; x_wconf 82' lang='grc' dir='ltr'><strong>ὅτε</strong></span> <span class='ocrx_word' id='word_1_150' title='bbox 2535 1522 2626 1572; x_wconf 71' lang='grc' dir='ltr'><strong>καὶ</strong></span> <span class='ocrx_word' id='word_1_151' title='bbox 2653 1520 2773 1573; x_wconf 81' lang='grc' dir='ltr'>καθ’</span> <span class='ocrx_word' id='word_1_152' title='bbox 2794 1520 2920 1591; x_wconf 75' lang='grc' dir='ltr'>ὅλης</span> <span class='ocrx_word' id='word_1_153' title='bbox 2953 1520 3049 1585; x_wconf 76' lang='grc' dir='ltr'>τῆς</span> <span class='ocrx_word' id='word_1_154' title='bbox 3076 1521 3397 1592; x_wconf 81' lang='grc' dir='ltr'><strong>οἰκουμένης</strong></span> <span class='ocrx_word' id='word_1_155' title='bbox 3426 1522 3459 1593; x_wconf 84' lang='grc' dir='ltr'>ὴ</span> <span class='ocrx_word' id='word_1_156' title='bbox 3498 1521 3792 1592; x_wconf 80' lang='grc' dir='ltr'><strong>Ἐκκλησία</strong></span> <span class='ocrx_word' id='word_1_157' title='bbox 3828 1540 3912 1576; x_wconf 86' lang='grc' dir='ltr'>τε-</span> 
     </span>
    </p>
   </div>
   <div class='ocr_carea' id='block_1_27' title="bbox 2417 1610 2758 1680">
    <p class='ocr_par' dir='ltr' id='par_1_27' title="bbox 2417 1610 2758 1680">
     <span class='ocr_line' id='line_1_27' title="bbox 2417 1610 2758 1680; baseline 0.006 -17"><span class='ocrx_word' id='word_1_158' title='bbox 2417 1610 2758 1680; x_wconf 84' lang='grc' dir='ltr'>θεμελίωται.</span> 
     </span>
    </p>
   </div>
   <div class='ocr_carea' id='block_1_28' title="bbox 2421 1696 3911 1775">
    <p class='ocr_par' dir='ltr' id='par_1_28' title="bbox 2421 1696 3911 1775">
     <span class='ocr_line' id='line_1_28' title="bbox 2421 1696 3911 1775; baseline 0.004 -21"><span class='ocrx_word' id='word_1_159' title='bbox 2421 1704 2639 1775; x_wconf 77' lang='grc' dir='ltr'>’ᾼσατε</span> <span class='ocrx_word' id='word_1_160' title='bbox 2660 1702 2737 1767; x_wconf 77' lang='grc' dir='ltr'>τῷ</span> <span class='ocrx_word' id='word_1_161' title='bbox 2764 1703 2955 1771; x_wconf 82' lang='grc' dir='ltr'><strong>Κυρίῳ</strong></span> <span class='ocrx_word' id='word_1_162' title='bbox 2975 1696 3139 1770; x_wconf 78' lang='grc' dir='ltr'>ᾆσμα</span> <span class='ocrx_word' id='word_1_163' title='bbox 3157 1704 3384 1757; x_wconf 82' lang='grc' dir='ltr'>καινόν.</span> <span class='ocrx_word' id='word_1_164' title='bbox 3426 1705 3550 1768; x_wconf 81' lang='grc' dir='ltr'>Τοῖς</span> <span class='ocrx_word' id='word_1_165' title='bbox 3591 1705 3911 1770; x_wconf 72' lang='grc' dir='ltr'><strong>ἀποστόλοις</strong></span> 
     </span>
    </p>
   </div>
   <div class='ocr_carea' id='block_1_29' title="bbox 2347 1791 3907 1865">
    <p class='ocr_par' dir='ltr' id='par_1_29' title="bbox 2347 1791 3907 1865">
     <span class='ocr_line' id='line_1_29' title="bbox 2347 1791 3907 1865; baseline 0.005 -23"><span class='ocrx_word' id='word_1_166' title='bbox 2347 1791 2407 1843; x_wconf 79' lang='grc' dir='ltr'>τὺ</span> <span class='ocrx_word' id='word_1_167' title='bbox 2440 1791 2663 1861; x_wconf 81' lang='grc' dir='ltr'><strong>Πνεῦμα</strong></span> <span class='ocrx_word' id='word_1_168' title='bbox 2696 1792 3123 1863; x_wconf 71' lang='grc' dir='ltr'><strong>παρακελεύεται</strong></span> <span class='ocrx_word' id='word_1_169' title='bbox 3152 1793 3213 1847; x_wconf 76' lang='grc' dir='ltr'>τὸ</span> <span class='ocrx_word' id='word_1_170' title='bbox 3236 1795 3420 1848; x_wconf 80' lang='grc' dir='ltr'>καινὸν</span> <span class='ocrx_word' id='word_1_171' title='bbox 3444 1791 3623 1865; x_wconf 80' lang='grc' dir='ltr'>ᾆσμα,</span> <span class='ocrx_word' id='word_1_172' title='bbox 3657 1796 3907 1850; x_wconf 78' lang='grc' dir='ltr'><strong>τουτέστι</strong></span> 
     </span>
    </p>
   </div>
   <div class='ocr_carea' id='block_1_30' title="bbox 686 1863 2274 1962">
    <p class='ocr_par' dir='ltr' id='par_1_30' title="bbox 686 1863 2245 1934">
     <span class='ocr_line' id='line_1_30' title="bbox 686 1863 2245 1934; baseline 0.001 -15"><span class='ocrx_word' id='word_1_173' title='bbox 686 1865 893 1920; x_wconf 81' lang='lat' dir='ltr'><strong>Novum</strong></span> <span class='ocrx_word' id='word_1_174' title='bbox 924 1863 1350 1927; x_wconf 84' lang='lat' dir='ltr'><strong>Testamentum,</strong></span> <span class='ocrx_word' id='word_1_175' title='bbox 1403 1865 1652 1934; x_wconf 79' lang='lat' dir='ltr'><strong>gentibus</strong></span> <span class='ocrx_word' id='word_1_176' title='bbox 1698 1881 1791 1934; x_wconf 88' lang='lat' dir='ltr'><strong>per</strong></span> <span class='ocrx_word' id='word_1_177' title='bbox 1839 1875 2011 1920; x_wconf 90' lang='lat' dir='ltr'><strong>totum</strong></span> <span class='ocrx_word' id='word_1_178' title='bbox 2060 1867 2245 1921; x_wconf 88' lang='lat' dir='ltr'><strong>orbem</strong></span> 
     </span>
    </p>
   </div>
   <div class='ocr_carea' id='block_1_31' title="bbox 2345 1863 3911 1962">
    <p class='ocr_par' dir='ltr' id='par_1_31' title="bbox 2348 1863 3911 1962">
     <span class='ocr_line' id='line_1_31' title="bbox 2348 1863 3911 1962; baseline 0.005 -26"><span class='ocrx_word' id='word_1_179' title='bbox 2348 1883 2445 1954; x_wconf 77' lang='grc' dir='ltr'>τὴν</span> <span class='ocrx_word' id='word_1_180' title='bbox 2471 1884 2617 1937; x_wconf 84' lang='grc' dir='ltr'><strong>Νέαν</strong></span> <span class='ocrx_word' id='word_1_181' title='bbox 2640 1884 2930 1957; x_wconf 77' lang='grc' dir='ltr'>Διαθήκην,</span> <span class='ocrx_word' id='word_1_182' title='bbox 2959 1883 3264 1958; x_wconf 74' lang='grc' dir='ltr'>ἐξηγεῖσθαι</span> <span class='ocrx_word' id='word_1_183' title='bbox 3302 1892 3415 1952; x_wconf 83' lang='grc' dir='ltr'>τοῖς</span> <span class='ocrx_word' id='word_1_184' title='bbox 3601 1892 3782 1944; x_wconf 81' lang='grc' dir='ltr'>πᾶσαν</span> <span class='ocrx_word' id='word_1_185' title='bbox 3814 1892 3911 1962; x_wconf 83' lang='grc' dir='ltr'><strong>τὴν</strong></span> 
     </span>
    </p>
   </div>
   <div class='ocr_carea' id='block_1_32' title="bbox 685 1956 2243 2012">
    <p class='ocr_par' dir='ltr' id='par_1_32' title="bbox 685 1956 2243 2012">
     <span class='ocr_line' id='line_1_32' title="bbox 685 1956 2243 2012; baseline -0.001 0"><span class='ocrx_word' id='word_1_186' title='bbox 685 1965 956 2012; x_wconf 82' lang='lat' dir='ltr'><strong>enarrem.</strong></span> <span class='ocrx_word' id='word_1_187' title='bbox 988 1957 1211 2012; x_wconf 87' lang='lat' dir='ltr'><strong>Cantate</strong></span> <span class='ocrx_word' id='word_1_188' title='bbox 1239 1956 1456 2010; x_wconf 86' lang='lat' dir='ltr'><strong>Domino</strong></span> <span class='ocrx_word' id='word_1_189' title='bbox 1478 1959 1645 2010; x_wconf 88' lang='lat' dir='ltr'><strong>omnis</strong></span> <span class='ocrx_word' id='word_1_190' title='bbox 1674 1968 1880 2011; x_wconf 87' lang='lat' dir='ltr'><strong>terra...</strong></span> <span class='ocrx_word' id='word_1_191' title='bbox 1918 1956 2243 2012; x_wconf 80' lang='lat' dir='ltr'><strong>Annutttiate</strong></span> 
     </span>
    </p>
   </div>
   <div class='ocr_carea' id='block_1_33' title="bbox 684 2048 2242 2117">
    <p class='ocr_par' dir='ltr' id='par_1_33' title="bbox 684 2048 2242 2117">
     <span class='ocr_line' id='line_1_33' title="bbox 684 2048 2242 2117; baseline 0 -14"><span class='ocrx_word' id='word_1_192' title='bbox 684 2051 749 2102; x_wconf 84' lang='lat' dir='ltr'><strong>de</strong></span> <span class='ocrx_word' id='word_1_193' title='bbox 795 2050 880 2103; x_wconf 88' lang='lat' dir='ltr'><strong>die</strong></span> <span class='ocrx_word' id='word_1_194' title='bbox 907 2050 958 2102; x_wconf 88' lang='lat' dir='ltr'><strong>in</strong></span> <span class='ocrx_word' id='word_1_195' title='bbox 993 2049 1128 2102; x_wconf 86' lang='lat' dir='ltr'><strong>diem</strong></span> <span class='ocrx_word' id='word_1_196' title='bbox 1157 2049 1387 2102; x_wconf 86' lang='lat' dir='ltr'><strong>salutare</strong></span> <span class='ocrx_word' id='word_1_197' title='bbox 1417 2048 1550 2117; x_wconf 80' lang='lat' dir='ltr'><strong>ejus.</strong></span> <span class='ocrx_word' id='word_1_198' title='bbox 1588 2048 1875 2117; x_wconf 85' lang='lat' dir='ltr'><strong>Nunquam</strong></span> <span class='ocrx_word' id='word_1_199' title='bbox 1907 2050 2051 2103; x_wconf 88' lang='lat' dir='ltr'><strong>enim</strong></span> <span class='ocrx_word' id='word_1_200' title='bbox 2082 2052 2242 2104; x_wconf 75' lang='lat' dir='ltr'><strong>linem</strong></span> 
     </span>
    </p>
   </div>
   <div class='ocr_carea' id='block_1_34' title="bbox 2343 1976 3909 2052">
    <p class='ocr_par' dir='ltr' id='par_1_34' title="bbox 2343 1976 3909 2052">
     <span class='ocr_line' id='line_1_34' title="bbox 2343 1976 3909 2052; baseline 0.004 -23"><span class='ocrx_word' id='word_1_201' title='bbox 2343 1979 2663 2047; x_wconf 74' lang='grc' dir='ltr'>οἰκουμένην</span> <span class='ocrx_word' id='word_1_202' title='bbox 2695 1976 2921 2031; x_wconf 75' lang='grc' dir='ltr'>ἔθνεσιν.</span> <span class='ocrx_word' id='word_1_203' title='bbox 2962 1981 3182 2049; x_wconf 80' lang='grc' dir='ltr'>’ᾼσατε</span> <span class='ocrx_word' id='word_1_204' title='bbox 3214 1979 3293 2046; x_wconf 83' lang='grc' dir='ltr'>τῷ</span> <span class='ocrx_word' id='word_1_205' title='bbox 3322 1982 3539 2049; x_wconf 81' lang='grc' dir='ltr'>Κυρίῳ,</span> <span class='ocrx_word' id='word_1_206' title='bbox 3576 1980 3745 2037; x_wconf 73' lang='grc' dir='ltr'>πᾶσα</span> <span class='ocrx_word' id='word_1_207' title='bbox 3772 1985 3811 2050; x_wconf 75' lang='grc' dir='ltr'><strong><em>ἡ</em></strong></span> <span class='ocrx_word' id='word_1_208' title='bbox 3835 1982 3909 2052; x_wconf 71' lang='grc' dir='ltr'>γῆ</span> 
     </span>
    </p>
   </div>
   <div class='ocr_carea' id='block_1_35' title="bbox 2347 2068 3912 2143">
    <p class='ocr_par' dir='ltr' id='par_1_35' title="bbox 2347 2068 3912 2143">
     <span class='ocr_line' id='line_1_35' title="bbox 2347 2068 3912 2143; baseline 0.004 -22"><span class='ocrx_word' id='word_1_209' title='bbox 2347 2106 2361 2121; x_wconf 95' lang='grc'><strong>.</strong></span> <span class='ocrx_word' id='word_1_210' title='bbox 2400 2107 2414 2121; x_wconf 94' lang='grc'><strong>.</strong></span> <span class='ocrx_word' id='word_1_211' title='bbox 2454 2106 2467 2121; x_wconf 92' lang='grc'><strong>.</strong></span> <span class='ocrx_word' id='word_1_212' title='bbox 2510 2108 2525 2122; x_wconf 93' lang='grc'><strong>.</strong></span> <span class='ocrx_word' id='word_1_213' title='bbox 2561 2068 3018 2138; x_wconf 65' lang='grc' dir='ltr'>Εὐαγγελίζεσθε</span> <span class='ocrx_word' id='word_1_214' title='bbox 3039 2071 3265 2141; x_wconf 79' lang='grc' dir='ltr'>ἡμέραν</span> <span class='ocrx_word' id='word_1_215' title='bbox 3285 2073 3353 2137; x_wconf 80' lang='grc' dir='ltr'><strong>ἐξ</strong></span> <span class='ocrx_word' id='word_1_216' title='bbox 3380 2073 3603 2141; x_wconf 71' lang='grc' dir='ltr'>ἡμέρας</span> <span class='ocrx_word' id='word_1_217' title='bbox 3630 2074 3695 2127; x_wconf 85' lang='grc' dir='ltr'>τὸ</span> <span class='ocrx_word' id='word_1_218' title='bbox 3718 2074 3912 2143; x_wconf 79' lang='grc' dir='ltr'>σωτή-</span> 
     </span>
    </p>
   </div>
   <div class='ocr_carea' id='block_1_36' title="bbox 688 2139 2274 2235">
    <p class='ocr_par' dir='ltr' id='par_1_36' title="bbox 688 2139 2242 2211">
     <span class='ocr_line' id='line_1_36' title="bbox 688 2139 2242 2211; baseline 0 -17"><span class='ocrx_word' id='word_1_219' title='bbox 688 2141 885 2197; x_wconf 79' lang='lat' dir='ltr'><strong>t‘ncient</strong></span> <span class='ocrx_word' id='word_1_220' title='bbox 929 2141 997 2196; x_wconf 89' lang='lat' dir='ltr'><strong>ad</strong></span> <span class='ocrx_word' id='word_1_221' title='bbox 1043 2157 1215 2211; x_wconf 90' lang='lat' dir='ltr'><strong>usque</strong></span> <span class='ocrx_word' id='word_1_222' title='bbox 1274 2142 1797 2196; x_wconf 88' lang='lat' dir='ltr'><strong>consummationem</strong></span> <span class='ocrx_word' id='word_1_223' title='bbox 1852 2141 2041 2195; x_wconf 83' lang='lat' dir='ltr'><strong>mundi</strong></span> <span class='ocrx_word' id='word_1_224' title='bbox 2109 2139 2242 2195; x_wconf 81' lang='lat' dir='ltr'><strong>Novi</strong></span> 
     </span>
    </p>
   </div>
   <div class='ocr_carea' id='block_1_37' title="bbox 2345 2139 3913 2235">
    <p class='ocr_par' dir='ltr' id='par_1_37' title="bbox 2345 2139 3913 2235">
     <span class='ocr_line' id='line_1_37' title="bbox 2345 2139 3913 2235; baseline 0.004 -24"><span class='ocrx_word' id='word_1_225' title='bbox 2345 2176 2473 2226; x_wconf 91' lang='grc' dir='ltr'>ριον</span> <span class='ocrx_word' id='word_1_226' title='bbox 2506 2158 2712 2213; x_wconf 86' lang='grc' dir='ltr'>αὐτοῦ.</span> <span class='ocrx_word' id='word_1_227' title='bbox 2736 2160 2810 2211; x_wconf 83' lang='grc' dir='ltr'><strong>Οὐ</strong></span> <span class='ocrx_word' id='word_1_228' title='bbox 2838 2159 2945 2230; x_wconf 78' lang='grc' dir='ltr'>γὰρ</span> <span class='ocrx_word' id='word_1_229' title='bbox 2977 2139 3272 2216; x_wconf 72' lang='grc' dir='ltr'>παύσονται</span> <span class='ocrx_word' id='word_1_230' title='bbox 3298 2139 3457 2235; x_wconf 80' lang='grc' dir='ltr'>μέχρι</span> <span class='ocrx_word' id='word_1_231' title='bbox 3480 2139 3790 2229; x_wconf 82' lang='grc' dir='ltr'>συντελείας</span> 
     </span>
    </p>
   </div>
   <div class='ocr_carea' id='block_1_38' title="bbox 687 2232 1859 2304">
    <p class='ocr_par' dir='ltr' id='par_1_38' title="bbox 687 2232 1859 2304">
     <span class='ocr_line' id='line_1_38' title="bbox 687 2232 1859 2304; baseline 0.001 -18"><span class='ocrx_word' id='word_1_232' title='bbox 687 2232 1015 2288; x_wconf 86' lang='lat' dir='ltr'><strong>Testamenti</strong></span> <span class='ocrx_word' id='word_1_233' title='bbox 1050 2234 1304 2304; x_wconf 85' lang='lat' dir='ltr'><strong>mysteria</strong></span> <span class='ocrx_word' id='word_1_234' title='bbox 1336 2233 1490 2287; x_wconf 89' lang='lat' dir='ltr'><strong>nobis</strong></span> <span class='ocrx_word' id='word_1_235' title='bbox 1525 2232 1859 2287; x_wconf 88' lang='lat' dir='ltr'><strong>enuntiandi.</strong></span> 
     </span>
    </p>
   </div>
   <div class='ocr_carea' id='block_1_39' title="bbox 756 2323 2241 2394">
    <p class='ocr_par' dir='ltr' id='par_1_39' title="bbox 756 2323 2241 2394">
     <span class='ocr_line' id='line_1_39' title="bbox 756 2323 2241 2394; baseline -0.003 -14"><span class='ocrx_word' id='word_1_236' title='bbox 756 2327 809 2381; x_wconf 68' lang='grc'>4.</span> <span class='ocrx_word' id='word_1_237' title='bbox 850 2326 1113 2391; x_wconf 78' lang='lat' dir='ltr'><strong>Quoniam</strong></span> <span class='ocrx_word' id='word_1_238' title='bbox 1140 2342 1357 2394; x_wconf 87' lang='lat' dir='ltr'><strong>magnus</strong></span> <span class='ocrx_word' id='word_1_239' title='bbox 1384 2325 1641 2377; x_wconf 89' lang='lat' dir='ltr'><strong>Dominus</strong></span> <span class='ocrx_word' id='word_1_240' title='bbox 1671 2334 1718 2377; x_wconf 86' lang='lat' dir='ltr'><strong>et</strong></span> <span class='ocrx_word' id='word_1_241' title='bbox 1748 2323 2036 2377; x_wconf 84' lang='lat' dir='ltr'><strong>laudabilis</strong></span> <span class='ocrx_word' id='word_1_242' title='bbox 2062 2324 2241 2376; x_wconf 86' lang='lat' dir='ltr'><strong>nimis.</strong></span> 
     </span>
    </p>
   </div>
   <div class='ocr_carea' id='block_1_40' title="bbox 689 2417 2247 2488">
    <p class='ocr_par' dir='ltr' id='par_1_40' title="bbox 689 2417 2247 2488">
     <span class='ocr_line' id='line_1_40' title="bbox 689 2417 2247 2488; baseline -0.002 -17"><span class='ocrx_word' id='word_1_243' title='bbox 689 2418 904 2484; x_wconf 75' lang='lat' dir='ltr'><strong>Docetu,</strong></span> <span class='ocrx_word' id='word_1_244' title='bbox 934 2418 1141 2488; x_wconf 85' lang='lat' dir='ltr'><strong>inquit,</strong></span> <span class='ocrx_word' id='word_1_245' title='bbox 1173 2429 1391 2487; x_wconf 75' lang='lat' dir='ltr'><strong>gentes,</strong></span> <span class='ocrx_word' id='word_1_246' title='bbox 1430 2432 1554 2471; x_wconf 91' lang='lat' dir='ltr'><strong>nam</strong></span> <span class='ocrx_word' id='word_1_247' title='bbox 1586 2417 1633 2471; x_wconf 90' lang='lat' dir='ltr'><strong>si</strong></span> <span class='ocrx_word' id='word_1_248' title='bbox 1662 2417 1916 2478; x_wconf 90' lang='lat' dir='ltr'><strong>audiant,</strong></span> <span class='ocrx_word' id='word_1_249' title='bbox 1952 2424 2247 2485; x_wconf 78' lang='lat' dir='ltr'><strong>agnoscent</strong></span> 
     </span>
    </p>
   </div>
   <div class='ocr_carea' id='block_1_41' title="bbox 680 2508 2244 2581">
    <p class='ocr_par' dir='ltr' id='par_1_41' title="bbox 680 2508 2244 2581">
     <span class='ocr_line' id='line_1_41' title="bbox 680 2508 2244 2581; baseline -0.003 -14"><span class='ocrx_word' id='word_1_250' title='bbox 680 2516 805 2581; x_wconf 49' lang='lat' dir='ltr'><strong>eius</strong></span> <span class='ocrx_word' id='word_1_251' title='bbox 850 2511 943 2581; x_wconf 91' lang='lat' dir='ltr'><strong>qui</strong></span> <span class='ocrx_word' id='word_1_252' title='bbox 977 2511 1301 2578; x_wconf 71' lang='lat' dir='ltr'><strong>prasdicatur</strong></span> <span class='ocrx_word' id='word_1_253' title='bbox 1341 2510 1595 2564; x_wconf 83' lang='lat' dir='ltr'><strong>deitatem</strong></span> <span class='ocrx_word' id='word_1_254' title='bbox 1627 2517 1681 2564; x_wconf 92' lang='lat' dir='ltr'><strong>et</strong></span> <span class='ocrx_word' id='word_1_255' title='bbox 1712 2508 2169 2580; x_wconf 78' lang='lat' dir='ltr'><strong>magnitudinem;</strong></span> <span class='ocrx_word' id='word_1_256' title='bbox 2200 2509 2244 2564; x_wconf 91' lang='lat' dir='ltr'><strong>si</strong></span> 
     </span>
    </p>
   </div>
   <div class='ocr_carea' id='block_1_42' title="bbox 685 2600 2243 2674">
    <p class='ocr_par' dir='ltr' id='par_1_42' title="bbox 685 2600 2243 2674">
     <span class='ocr_line' id='line_1_42' title="bbox 685 2600 2243 2674; baseline -0.004 -15"><span class='ocrx_word' id='word_1_257' title='bbox 685 2611 1001 2674; x_wconf 79' lang='lat' dir='ltr'><strong>agnoscant,</strong></span> <span class='ocrx_word' id='word_1_258' title='bbox 1031 2603 1331 2657; x_wconf 88' lang='lat' dir='ltr'><strong>laudabunt</strong></span> <span class='ocrx_word' id='word_1_259' title='bbox 1356 2618 1503 2655; x_wconf 90' lang='lat' dir='ltr'><strong>eum.</strong></span> <span class='ocrx_word' id='word_1_260' title='bbox 1540 2600 1811 2655; x_wconf 66' lang='lat' dir='ltr'><strong>Terribilis</strong></span> <span class='ocrx_word' id='word_1_261' title='bbox 1846 2610 1921 2655; x_wconf 83' lang='lat' dir='ltr'><strong>est</strong></span> <span class='ocrx_word' id='word_1_262' title='bbox 1950 2618 2104 2670; x_wconf 85' lang='lat' dir='ltr'><strong>super</strong></span> <span class='ocrx_word' id='word_1_263' title='bbox 2128 2618 2243 2656; x_wconf 89' lang='lat' dir='ltr'><strong>om-</strong></span> 
     </span>
    </p>
   </div>
   <div class='ocr_carea' id='block_1_43' title="bbox 685 2694 2245 2765">
    <p class='ocr_par' dir='ltr' id='par_1_43' title="bbox 685 2694 2245 2765">
     <span class='ocr_line' id='line_1_43' title="bbox 685 2694 2245 2765; baseline -0.003 -14"><span class='ocrx_word' id='word_1_264' title='bbox 685 2714 773 2751; x_wconf 79' lang='lat' dir='ltr'><strong>nes</strong></span> <span class='ocrx_word' id='word_1_265' title='bbox 804 2698 947 2751; x_wconf 86' lang='lat' dir='ltr'><strong>deos.</strong></span> <span class='ocrx_word' id='word_1_266' title='bbox 988 2695 1125 2751; x_wconf 85' lang='lat' dir='ltr'><strong>Illud</strong></span> <span class='ocrx_word' id='word_1_267' title='bbox 1172 2704 1251 2751; x_wconf 90' lang='lat' dir='ltr'><strong>est</strong></span> <span class='ocrx_word' id='word_1_268' title='bbox 1295 2695 1589 2749; x_wconf 83' lang='lat' dir='ltr'><strong>maximum</strong></span> <span class='ocrx_word' id='word_1_269' title='bbox 1633 2695 1883 2765; x_wconf 76' lang='lat' dir='ltr'><strong>gentibus</strong></span> <span class='ocrx_word' id='word_1_270' title='bbox 1927 2695 1994 2749; x_wconf 92' lang='lat' dir='ltr'><strong>ad</strong></span> <span class='ocrx_word' id='word_1_271' title='bbox 2030 2694 2245 2748; x_wconf 90' lang='lat' dir='ltr'><strong>Domini</strong></span> 
     </span>
    </p>
   </div>
   <div class='ocr_carea' id='block_1_44' title="bbox 684 2786 2242 2858">
    <p class='ocr_par' dir='ltr' id='par_1_44' title="bbox 684 2786 2242 2858">
     <span class='ocr_line' id='line_1_44' title="bbox 684 2786 2242 2858; baseline -0.003 -14"><span class='ocrx_word' id='word_1_272' title='bbox 684 2792 936 2845; x_wconf 76' lang='lat' dir='ltr'><strong>timerem</strong></span> <span class='ocrx_word' id='word_1_273' title='bbox 972 2788 1405 2854; x_wconf 85' lang='lat' dir='ltr'><strong>incitamentum,</strong></span> <span class='ocrx_word' id='word_1_274' title='bbox 1439 2788 1581 2858; x_wconf 89' lang='lat' dir='ltr'><strong>quod</strong></span> <span class='ocrx_word' id='word_1_275' title='bbox 1614 2788 1849 2841; x_wconf 74' lang='lat' dir='ltr'><strong>viderint</strong></span> <span class='ocrx_word' id='word_1_276' title='bbox 1871 2802 2059 2842; x_wconf 88' lang='lat' dir='ltr'><strong>eorum</strong></span> <span class='ocrx_word' id='word_1_277' title='bbox 2090 2786 2242 2850; x_wconf 90' lang='lat' dir='ltr'><strong>deos,</strong></span> 
     </span>
    </p>
   </div>
   <div class='ocr_carea' id='block_1_45' title="bbox 687 2878 2245 2945">
    <p class='ocr_par' dir='ltr' id='par_1_45' title="bbox 687 2878 2245 2945">
     <span class='ocr_line' id='line_1_45' title="bbox 687 2878 2245 2945; baseline -0.001 -8"><span class='ocrx_word' id='word_1_278' title='bbox 687 2894 743 2938; x_wconf 91' lang='lat' dir='ltr'><strong>ut</strong></span> <span class='ocrx_word' id='word_1_279' title='bbox 769 2883 1053 2945; x_wconf 84' lang='lat' dir='ltr'><strong>vocabant,</strong></span> <span class='ocrx_word' id='word_1_280' title='bbox 1076 2881 1327 2936; x_wconf 75' lang='lat' dir='ltr'><strong>incendia</strong></span> <span class='ocrx_word' id='word_1_281' title='bbox 1357 2882 1604 2935; x_wconf 89' lang='lat' dir='ltr'><strong>traditos.</strong></span> <span class='ocrx_word' id='word_1_282' title='bbox 1640 2879 1919 2934; x_wconf 85' lang='lat' dir='ltr'><strong>Noverunt</strong></span> <span class='ocrx_word' id='word_1_283' title='bbox 1946 2879 2091 2933; x_wconf 89' lang='lat' dir='ltr'><strong>enim</strong></span> <span class='ocrx_word' id='word_1_284' title='bbox 2123 2878 2245 2935; x_wconf 91' lang='lat' dir='ltr'><strong>illos</strong></span> 
     </span>
    </p>
   </div>
   <div class='ocr_carea' id='block_1_46' title="bbox 683 2971 2240 3035">
    <p class='ocr_par' dir='ltr' id='par_1_46' title="bbox 683 2971 2240 3035">
     <span class='ocr_line' id='line_1_46' title="bbox 683 2971 2240 3035; baseline -0.005 -2"><span class='ocrx_word' id='word_1_285' title='bbox 683 2993 876 3033; x_wconf 88' lang='lat' dir='ltr'><strong>omnes</strong></span> <span class='ocrx_word' id='word_1_286' title='bbox 904 2992 1011 3031; x_wconf 91' lang='lat' dir='ltr'><strong>non</strong></span> <span class='ocrx_word' id='word_1_287' title='bbox 1037 2989 1158 3030; x_wconf 82' lang='lat' dir='ltr'><strong>esse</strong></span> <span class='ocrx_word' id='word_1_288' title='bbox 1201 2974 1367 3035; x_wconf 89' lang='lat' dir='ltr'><strong>deos,</strong></span> <span class='ocrx_word' id='word_1_289' title='bbox 1400 2971 1495 3027; x_wconf 85' lang='lat' dir='ltr'><strong>sed</strong></span> <span class='ocrx_word' id='word_1_290' title='bbox 1539 2971 1823 3026; x_wconf 85' lang='lat' dir='ltr'><strong>daemonia.</strong></span> <span class='ocrx_word' id='word_1_291' title='bbox 1858 2971 2022 3026; x_wconf 92' lang='lat' dir='ltr'><strong>Solus</strong></span> <span class='ocrx_word' id='word_1_292' title='bbox 2060 2981 2240 3026; x_wconf 88' lang='lat' dir='ltr'><strong>autem</strong></span> 
     </span>
    </p>
   </div>
   <div class='ocr_carea' id='block_1_47' title="bbox 684 3060 1616 3131">
    <p class='ocr_par' dir='ltr' id='par_1_47' title="bbox 684 3060 1616 3131">
     <span class='ocr_line' id='line_1_47' title="bbox 684 3060 1616 3131; baseline -0.005 -9"><span class='ocrx_word' id='word_1_293' title='bbox 684 3067 948 3121; x_wconf 85' lang='lat' dir='ltr'><strong>Dominus</strong></span> <span class='ocrx_word' id='word_1_294' title='bbox 978 3063 1279 3119; x_wconf 71' lang='lat' dir='ltr'><strong>caelestium</strong></span> <span class='ocrx_word' id='word_1_295' title='bbox 1308 3060 1487 3131; x_wconf 78' lang='lat' dir='ltr'><strong>epifex</strong></span> <span class='ocrx_word' id='word_1_296' title='bbox 1511 3068 1616 3117; x_wconf 88' lang='lat' dir='ltr'><strong>est.</strong></span> 
     </span>
    </p>
   </div>
   <div class='ocr_carea' id='block_1_48' title="bbox 757 3153 2242 3226">
    <p class='ocr_par' dir='ltr' id='par_1_48' title="bbox 757 3153 2242 3226">
     <span class='ocr_line' id='line_1_48' title="bbox 757 3153 2242 3226; baseline -0.004 -13"><span class='ocrx_word' id='word_1_297' title='bbox 757 3160 812 3214; x_wconf 89' lang='lat'><strong>5.</strong></span> <span class='ocrx_word' id='word_1_298' title='bbox 867 3157 1129 3223; x_wconf 83' lang='lat' dir='ltr'><strong>Quoniam</strong></span> <span class='ocrx_word' id='word_1_299' title='bbox 1171 3172 1345 3209; x_wconf 85' lang='lat' dir='ltr'><strong>omnes</strong></span> <span class='ocrx_word' id='word_1_300' title='bbox 1392 3155 1470 3208; x_wconf 84' lang='lat' dir='ltr'><strong>dii</strong></span> <span class='ocrx_word' id='word_1_301' title='bbox 1516 3156 1746 3226; x_wconf 83' lang='lat' dir='ltr'><strong>gentium</strong></span> <span class='ocrx_word' id='word_1_302' title='bbox 1794 3155 2073 3211; x_wconf 76' lang='lat' dir='ltr'><strong>dwmonia.</strong></span> <span class='ocrx_word' id='word_1_303' title='bbox 2139 3153 2242 3221; x_wconf 83' lang='lat' dir='ltr'><strong>Qui</strong></span> 
     </span>
    </p>
   </div>
   <div class='ocr_carea' id='block_1_49' title="bbox 681 3246 2313 3318">
    <p class='ocr_par' dir='ltr' id='par_1_49' title="bbox 681 3246 2313 3318">
     <span class='ocr_line' id='line_1_49' title="bbox 681 3246 2313 3318; baseline -0.002 -11"><span class='ocrx_word' id='word_1_304' title='bbox 681 3252 826 3309; x_wconf 88' lang='lat' dir='ltr'><strong>enim</strong></span> <span class='ocrx_word' id='word_1_305' title='bbox 853 3250 928 3307; x_wconf 88' lang='lat' dir='ltr'><strong>dii</strong></span> <span class='ocrx_word' id='word_1_306' title='bbox 954 3250 1308 3314; x_wconf 82' lang='lat' dir='ltr'><strong>vocabantur,</strong></span> <span class='ocrx_word' id='word_1_307' title='bbox 1337 3247 1556 3318; x_wconf 78' lang='lat' dir='ltr'><strong>maligni</strong></span> <span class='ocrx_word' id='word_1_308' title='bbox 1591 3246 1866 3302; x_wconf 70' lang='lat' dir='ltr'><strong>daemones</strong></span> <span class='ocrx_word' id='word_1_309' title='bbox 1896 3246 2066 3303; x_wconf 80' lang='lat' dir='ltr'><strong>fuisse</strong></span> <span class='ocrx_word' id='word_1_310' title='bbox 2096 3262 2247 3301; x_wconf 85' lang='lat' dir='ltr'><strong>com-</strong></span> <span class='ocrx_word' id='word_1_311' title='bbox 2271 3246 2313 3303; x_wconf 87' lang='lat' dir='ltr'><strong>C</strong></span> 
     </span>
    </p>
   </div>
   <div class='ocr_carea' id='block_1_50' title="bbox 685 3339 1948 3417">
    <p class='ocr_par' dir='ltr' id='par_1_50' title="bbox 685 3339 1948 3417">
     <span class='ocr_line' id='line_1_50' title="bbox 685 3339 1948 3417; baseline -0.007 -15"><span class='ocrx_word' id='word_1_312' title='bbox 685 3347 822 3417; x_wconf 84' lang='lat' dir='ltr'><strong>perti</strong></span> <span class='ocrx_word' id='word_1_313' title='bbox 848 3353 974 3401; x_wconf 93' lang='lat' dir='ltr'><strong>sunt</strong></span> <span class='ocrx_word' id='word_1_314' title='bbox 1000 3361 1016 3399; x_wconf 87' lang='lat'><strong>:</strong></span> <span class='ocrx_word' id='word_1_315' title='bbox 1046 3352 1101 3398; x_wconf 88' lang='lat' dir='ltr'><strong>at</strong></span> <span class='ocrx_word' id='word_1_316' title='bbox 1130 3343 1384 3396; x_wconf 79' lang='lat' dir='ltr'><strong>Dominus</strong></span> <span class='ocrx_word' id='word_1_317' title='bbox 1416 3350 1593 3394; x_wconf 85' lang='lat' dir='ltr'><strong>noster</strong></span> <span class='ocrx_word' id='word_1_318' title='bbox 1619 3340 1773 3393; x_wconf 70' lang='lat' dir='ltr'><strong>caelos</strong></span> <span class='ocrx_word' id='word_1_319' title='bbox 1805 3339 1948 3409; x_wconf 79' lang='lat' dir='ltr'><strong>fecit.</strong></span> 
     </span>
    </p>
   </div>
   <div class='ocr_carea' id='block_1_51' title="bbox 756 3433 2246 3503">
    <p class='ocr_par' dir='ltr' id='par_1_51' title="bbox 756 3433 2246 3503">
     <span class='ocr_line' id='line_1_51' title="bbox 756 3433 2246 3503; baseline -0.003 -12"><span class='ocrx_word' id='word_1_320' title='bbox 756 3438 808 3493; x_wconf 89' lang='lat'><strong>6.</strong></span> <span class='ocrx_word' id='word_1_321' title='bbox 836 3435 1202 3493; x_wconf 84' lang='lat' dir='ltr'><strong>Sanctimonia</strong></span> <span class='ocrx_word' id='word_1_322' title='bbox 1234 3443 1283 3487; x_wconf 84' lang='lat' dir='ltr'><strong>et</strong></span> <span class='ocrx_word' id='word_1_323' title='bbox 1320 3433 1711 3503; x_wconf 82' lang='lat' dir='ltr'><strong>magniﬁcentia</strong></span> <span class='ocrx_word' id='word_1_324' title='bbox 1741 3434 1796 3484; x_wconf 90' lang='lat' dir='ltr'><strong>in</strong></span> <span class='ocrx_word' id='word_1_325' title='bbox 1823 3433 2246 3502; x_wconf 80' lang='lat' dir='ltr'><strong>sanctiﬁcatione</strong></span> 
     </span>
    </p>
   </div>
   <div class='ocr_carea' id='block_1_52' title="bbox 682 3525 2241 3601">
    <p class='ocr_par' dir='ltr' id='par_1_52' title="bbox 682 3525 2241 3601">
     <span class='ocr_line' id='line_1_52' title="bbox 682 3525 2241 3601; baseline -0.004 -16"><span class='ocrx_word' id='word_1_326' title='bbox 682 3532 818 3601; x_wconf 73' lang='lat' dir='ltr'><strong>(jus.</strong></span> <span class='ocrx_word' id='word_1_327' title='bbox 855 3528 1224 3584; x_wconf 88' lang='lat' dir='ltr'><strong>Sanctiticatio</strong></span> <span class='ocrx_word' id='word_1_328' title='bbox 1250 3526 1369 3597; x_wconf 86' lang='lat' dir='ltr'><strong>ejus</strong></span> <span class='ocrx_word' id='word_1_329' title='bbox 1393 3535 1476 3581; x_wconf 89' lang='lat' dir='ltr'><strong>est</strong></span> <span class='ocrx_word' id='word_1_330' title='bbox 1503 3525 1769 3588; x_wconf 86' lang='lat' dir='ltr'><strong>Ecclesia,</strong></span> <span class='ocrx_word' id='word_1_331' title='bbox 1797 3541 1919 3595; x_wconf 72' lang='lat' dir='ltr'><strong>quae</strong></span> <span class='ocrx_word' id='word_1_332' title='bbox 1959 3535 2012 3580; x_wconf 93' lang='lat' dir='ltr'><strong>et</strong></span> <span class='ocrx_word' id='word_1_333' title='bbox 2055 3533 2241 3579; x_wconf 86' lang='lat' dir='ltr'><strong>saneta</strong></span> 
     </span>
    </p>
   </div>
   <div class='ocr_carea' id='block_1_53' title="bbox 680 3616 2246 3693">
    <p class='ocr_par' dir='ltr' id='par_1_53' title="bbox 680 3616 2246 3693">
     <span class='ocr_line' id='line_1_53' title="bbox 680 3616 2246 3693; baseline -0.004 -15"><span class='ocrx_word' id='word_1_334' title='bbox 680 3634 738 3679; x_wconf 86' lang='lat' dir='ltr'><strong>et</strong></span> <span class='ocrx_word' id='word_1_335' title='bbox 787 3620 1071 3693; x_wconf 79' lang='lat' dir='ltr'><strong>magniﬁca</strong></span> <span class='ocrx_word' id='word_1_336' title='bbox 1117 3629 1220 3675; x_wconf 91' lang='lat' dir='ltr'><strong>est.</strong></span> <span class='ocrx_word' id='word_1_337' title='bbox 1274 3617 1535 3674; x_wconf 84' lang='lat' dir='ltr'><strong>Escelsus</strong></span> <span class='ocrx_word' id='word_1_338' title='bbox 1576 3633 1813 3689; x_wconf 86' lang='lat' dir='ltr'><strong>namque</strong></span> <span class='ocrx_word' id='word_1_339' title='bbox 1860 3627 1943 3672; x_wconf 90' lang='lat' dir='ltr'><strong>est</strong></span> <span class='ocrx_word' id='word_1_340' title='bbox 1992 3616 2246 3672; x_wconf 67' lang='lat' dir='ltr'><strong>Ecclesiae</strong></span> 
     </span>
    </p>
   </div>
   <div class='ocr_carea' id='block_1_54' title="bbox 683 3723 928 3770">
    <p class='ocr_par' dir='ltr' id='par_1_54' title="bbox 683 3723 928 3770">
     <span class='ocr_line' id='line_1_54' title="bbox 683 3723 928 3770; baseline -0.004 0"><span class='ocrx_word' id='word_1_341' title='bbox 683 3723 928 3770; x_wconf 89' lang='lat' dir='ltr'><strong>ornatus.</strong></span> 
     </span>
    </p>
   </div>
   <div class='ocr_carea' id='block_1_55' title="bbox 755 3799 2245 3875">
    <p class='ocr_par' dir='ltr' id='par_1_55' title="bbox 755 3799 2245 3875">
     <span class='ocr_line' id='line_1_55' title="bbox 755 3799 2245 3875; baseline -0.003 -16"><span class='ocrx_word' id='word_1_342' title='bbox 755 3808 869 3862; x_wconf 81' lang='lat'><strong>7-9.</strong></span> <span class='ocrx_word' id='word_1_343' title='bbox 896 3806 1092 3875; x_wconf 74' lang='lat' dir='ltr'><strong>A/ferle</strong></span> <span class='ocrx_word' id='word_1_344' title='bbox 1121 3803 1368 3865; x_wconf 88' lang='lat' dir='ltr'><strong>Domino,</strong></span> <span class='ocrx_word' id='word_1_345' title='bbox 1402 3802 1590 3870; x_wconf 77' lang='lat' dir='ltr'><strong>patria:</strong></span> <span class='ocrx_word' id='word_1_346' title='bbox 1610 3801 1865 3871; x_wconf 84' lang='lat' dir='ltr'><strong>gentium,</strong></span> <span class='ocrx_word' id='word_1_347' title='bbox 1902 3810 2006 3856; x_wconf 90' lang='lat' dir='ltr'><strong>etc.</strong></span> <span class='ocrx_word' id='word_1_348' title='bbox 2034 3799 2245 3855; x_wconf 85' lang='lat' dir='ltr'><strong>Patrias</strong></span> 
     </span>
    </p>
   </div>
   <div class='ocr_carea' id='block_1_56' title="bbox 684 3891 2248 3964">
    <p class='ocr_par' dir='ltr' id='par_1_56' title="bbox 684 3891 2248 3964">
     <span class='ocr_line' id='line_1_56' title="bbox 684 3891 2248 3964; baseline -0.006 -8"><span class='ocrx_word' id='word_1_349' title='bbox 684 3908 845 3956; x_wconf 84' lang='lat' dir='ltr'><strong>vocat</strong></span> <span class='ocrx_word' id='word_1_350' title='bbox 869 3897 1234 3954; x_wconf 87' lang='lat' dir='ltr'><strong>Ecclesiarum</strong></span> <span class='ocrx_word' id='word_1_351' title='bbox 1274 3891 1582 3964; x_wconf 63' lang='lat' dir='ltr'><strong>praefectos,</strong></span> <span class='ocrx_word' id='word_1_352' title='bbox 1622 3893 1675 3946; x_wconf 87' lang='lat' dir='ltr'><strong>id</strong></span> <span class='ocrx_word' id='word_1_353' title='bbox 1704 3902 1816 3957; x_wconf 89' lang='lat' dir='ltr'><strong>est,</strong></span> <span class='ocrx_word' id='word_1_354' title='bbox 1852 3893 2163 3947; x_wconf 87' lang='lat' dir='ltr'><strong>sacerdotes</strong></span> <span class='ocrx_word' id='word_1_355' title='bbox 2194 3902 2248 3946; x_wconf 90' lang='lat' dir='ltr'><strong>et</strong></span> 
     </span>
    </p>
   </div>
   <div class='ocr_carea' id='block_1_57' title="bbox 685 3982 2243 4060">
    <p class='ocr_par' dir='ltr' id='par_1_57' title="bbox 685 3982 2243 4060">
     <span class='ocr_line' id='line_1_57' title="bbox 685 3982 2243 4060; baseline -0.004 -16"><span class='ocrx_word' id='word_1_356' title='bbox 685 3988 962 4060; x_wconf 63' lang='lat' dir='ltr'><strong>praesides.</strong></span> <span class='ocrx_word' id='word_1_357' title='bbox 1006 3986 1073 4041; x_wconf 85' lang='lat' dir='ltr'><strong>Et</strong></span> <span class='ocrx_word' id='word_1_358' title='bbox 1117 4001 1249 4043; x_wconf 90' lang='lat' dir='ltr'><strong>sane</strong></span> <span class='ocrx_word' id='word_1_359' title='bbox 1282 3985 1534 4040; x_wconf 83' lang='lat' dir='ltr'><strong>convenit</strong></span> <span class='ocrx_word' id='word_1_360' title='bbox 1560 3983 1817 4054; x_wconf 88' lang='lat' dir='ltr'><strong>operibus</strong></span> <span class='ocrx_word' id='word_1_361' title='bbox 1861 3983 2023 4038; x_wconf 86' lang='lat' dir='ltr'><strong>bonis</strong></span> <span class='ocrx_word' id='word_1_362' title='bbox 2075 3982 2243 4038; x_wconf 89' lang='lat' dir='ltr'><strong>Deum</strong></span> 
     </span>
    </p>
   </div>
   <div class='ocr_carea' id='block_1_58' title="bbox 684 4074 2247 4152">
    <p class='ocr_par' dir='ltr' id='par_1_58' title="bbox 684 4074 2247 4152">
     <span class='ocr_line' id='line_1_58' title="bbox 684 4074 2247 4152; baseline -0.004 -19"><span class='ocrx_word' id='word_1_363' title='bbox 684 4079 1011 4152; x_wconf 77' lang='lat' dir='ltr'><strong>gloriﬁcare,</strong></span> <span class='ocrx_word' id='word_1_364' title='bbox 1059 4088 1110 4133; x_wconf 90' lang='lat' dir='ltr'><strong>et</strong></span> <span class='ocrx_word' id='word_1_365' title='bbox 1155 4076 1319 4148; x_wconf 89' lang='lat' dir='ltr'><strong>jnstis</strong></span> <span class='ocrx_word' id='word_1_366' title='bbox 1347 4074 1624 4130; x_wconf 88' lang='lat' dir='ltr'><strong>laboribus</strong></span> <span class='ocrx_word' id='word_1_367' title='bbox 1653 4075 1922 4129; x_wconf 86' lang='lat' dir='ltr'><strong>honorare</strong></span> <span class='ocrx_word' id='word_1_368' title='bbox 1957 4074 2129 4136; x_wconf 87' lang='lat' dir='ltr'><strong>illum.</strong></span> <span class='ocrx_word' id='word_1_369' title='bbox 2165 4084 2247 4128; x_wconf 88' lang='lat' dir='ltr'><strong>at-</strong></span> 
     </span>
    </p>
   </div>
   <div class='ocr_carea' id='block_1_59' title="bbox 685 4162 2244 4240">
    <p class='ocr_par' dir='ltr' id='par_1_59' title="bbox 685 4162 2244 4240">
     <span class='ocr_line' id='line_1_59' title="bbox 685 4162 2244 4240; baseline -0.006 -15"><span class='ocrx_word' id='word_1_370' title='bbox 685 4184 790 4240; x_wconf 88' lang='lat' dir='ltr'><strong>que</strong></span> <span class='ocrx_word' id='word_1_371' title='bbox 831 4169 1051 4237; x_wconf 87' lang='lat' dir='ltr'><strong>insuper</strong></span> <span class='ocrx_word' id='word_1_372' title='bbox 1098 4166 1398 4237; x_wconf 86' lang='lat' dir='ltr'><strong>spiritttalia</strong></span> <span class='ocrx_word' id='word_1_373' title='bbox 1437 4164 1513 4218; x_wconf 89' lang='lat' dir='ltr'><strong>illi</strong></span> <span class='ocrx_word' id='word_1_374' title='bbox 1567 4163 1833 4218; x_wconf 89' lang='lat' dir='ltr'><strong>sacriﬁcia</strong></span> <span class='ocrx_word' id='word_1_375' title='bbox 1883 4163 2099 4217; x_wconf 73' lang='lat' dir='ltr'><strong>olferre.</strong></span> <span class='ocrx_word' id='word_1_376' title='bbox 2146 4162 2244 4216; x_wconf 78' lang='lat' dir='ltr'><strong>Of-</strong></span> 
     </span>
    </p>
   </div>
   <div class='ocr_carea' id='block_1_60' title="bbox 687 4255 2246 4323">
    <p class='ocr_par' dir='ltr' id='par_1_60' title="bbox 687 4255 2246 4323">
     <span class='ocr_line' id='line_1_60' title="bbox 687 4255 2246 4323; baseline -0.004 -7"><span class='ocrx_word' id='word_1_377' title='bbox 687 4262 827 4316; x_wconf 78' lang='lat' dir='ltr'><strong>ferre</strong></span> <span class='ocrx_word' id='word_1_378' title='bbox 864 4259 1119 4315; x_wconf 84' lang='lat' dir='ltr'><strong>nimirum</strong></span> <span class='ocrx_word' id='word_1_379' title='bbox 1155 4258 1208 4311; x_wconf 88' lang='lat' dir='ltr'><strong>itt</strong></span> <span class='ocrx_word' id='word_1_380' title='bbox 1236 4258 1388 4312; x_wconf 87' lang='lat' dir='ltr'><strong>atriis</strong></span> <span class='ocrx_word' id='word_1_381' title='bbox 1429 4256 1634 4311; x_wconf 89' lang='lat' dir='ltr'><strong>sanctis</strong></span> <span class='ocrx_word' id='word_1_382' title='bbox 1661 4255 1801 4323; x_wconf 84' lang='lat' dir='ltr'><strong>ejus,</strong></span> <span class='ocrx_word' id='word_1_383' title='bbox 1836 4255 2045 4309; x_wconf 90' lang='lat' dir='ltr'><strong>scilicet</strong></span> <span class='ocrx_word' id='word_1_384' title='bbox 2073 4256 2126 4309; x_wconf 92' lang='lat' dir='ltr'><strong>in</strong></span> <span class='ocrx_word' id='word_1_385' title='bbox 2157 4271 2246 4309; x_wconf 88' lang='lat' dir='ltr'><strong>ec-</strong></span> 
     </span>
    </p>
   </div>
   <div class='ocr_carea' id='block_1_61' title="bbox 686 4346 2242 4415">
    <p class='ocr_par' dir='ltr' id='par_1_61' title="bbox 686 4346 2242 4415">
     <span class='ocr_line' id='line_1_61' title="bbox 686 4346 2242 4415; baseline -0.004 -9"><span class='ocrx_word' id='word_1_386' title='bbox 686 4352 889 4407; x_wconf 82' lang='lat' dir='ltr'><strong>clesiis.</strong></span> <span class='ocrx_word' id='word_1_387' title='bbox 942 4348 1340 4404; x_wconf 84' lang='lat' dir='ltr'><strong>Commoveatur</strong></span> <span class='ocrx_word' id='word_1_388' title='bbox 1384 4364 1416 4401; x_wconf 90' lang='lat' dir='ltr'><strong>a</strong></span> <span class='ocrx_word' id='word_1_389' title='bbox 1456 4346 1589 4415; x_wconf 79' lang='lat' dir='ltr'><strong>facie</strong></span> <span class='ocrx_word' id='word_1_390' title='bbox 1627 4347 1741 4415; x_wconf 89' lang='lat' dir='ltr'><strong>ejus</strong></span> <span class='ocrx_word' id='word_1_391' title='bbox 1789 4347 2033 4400; x_wconf 82' lang='lat' dir='ltr'><strong>universa</strong></span> <span class='ocrx_word' id='word_1_392' title='bbox 2080 4356 2242 4400; x_wconf 86' lang='lat' dir='ltr'><strong>terra.</strong></span> 
     </span>
    </p>
   </div>
   <div class='ocr_carea' id='block_1_62' title="bbox 686 4438 2246 4508">
    <p class='ocr_par' dir='ltr' id='par_1_62' title="bbox 686 4438 2246 4508">
     <span class='ocr_line' id='line_1_62' title="bbox 686 4438 2246 4508; baseline -0.003 -12"><span class='ocrx_word' id='word_1_393' title='bbox 686 4441 950 4496; x_wconf 80' lang='lat' dir='ltr'><strong>Futurum</strong></span> <span class='ocrx_word' id='word_1_394' title='bbox 978 4440 1125 4494; x_wconf 90' lang='lat' dir='ltr'><strong>enim</strong></span> <span class='ocrx_word' id='word_1_395' title='bbox 1168 4448 1285 4493; x_wconf 86' lang='lat' dir='ltr'><strong>erat</strong></span> <span class='ocrx_word' id='word_1_396' title='bbox 1324 4447 1384 4494; x_wconf 93' lang='lat' dir='ltr'><strong>ut</strong></span> <span class='ocrx_word' id='word_1_397' title='bbox 1414 4453 1511 4508; x_wconf 89' lang='lat' dir='ltr'><strong>per</strong></span> <span class='ocrx_word' id='word_1_398' title='bbox 1535 4451 1750 4493; x_wconf 89' lang='lat' dir='ltr'><strong>omnem</strong></span> <span class='ocrx_word' id='word_1_399' title='bbox 1786 4446 1985 4491; x_wconf 88' lang='lat' dir='ltr'><strong>terram</strong></span> <span class='ocrx_word' id='word_1_400' title='bbox 2030 4438 2246 4492; x_wconf 85' lang='lat' dir='ltr'><strong>audire-</strong></span> 
     </span>
    </p>
   </div>
   <div class='ocr_carea' id='block_1_63' title="bbox 2347 2249 3908 2327">
    <p class='ocr_par' dir='ltr' id='par_1_63' title="bbox 2347 2249 3908 2327">
     <span class='ocr_line' id='line_1_63' title="bbox 2347 2249 3908 2327; baseline 0.004 -26"><span class='ocrx_word' id='word_1_401' title='bbox 2347 2266 2482 2319; x_wconf 88' lang='grc' dir='ltr'>σμου</span> <span class='ocrx_word' id='word_1_402' title='bbox 2502 2249 2568 2302; x_wconf 74' lang='grc' dir='ltr'>τὰ</span> <span class='ocrx_word' id='word_1_403' title='bbox 2582 2250 2679 2319; x_wconf 82' lang='grc' dir='ltr'>τῆς</span> <span class='ocrx_word' id='word_1_404' title='bbox 2696 2250 2839 2313; x_wconf 80' lang='grc' dir='ltr'>Νέας</span> <span class='ocrx_word' id='word_1_405' title='bbox 2863 2250 3134 2322; x_wconf 85' lang='grc' dir='ltr'>Διαθήκης</span> <span class='ocrx_word' id='word_1_406' title='bbox 3151 2254 3279 2323; x_wconf 81' lang='grc' dir='ltr'>ἡμῖν</span> <span class='ocrx_word' id='word_1_407' title='bbox 3298 2253 3580 2318; x_wconf 83' lang='grc' dir='ltr'>λαλοῦντες</span> <span class='ocrx_word' id='word_1_408' title='bbox 3613 2258 3908 2327; x_wconf 80' lang='grc' dir='ltr'>μυστήρια.</span> 
     </span>
    </p>
   </div>
   <div class='ocr_carea' id='block_1_64' title="bbox 2417 2339 3912 2413">
    <p class='ocr_par' dir='ltr' id='par_1_64' title="bbox 2417 2339 3912 2413">
     <span class='ocr_line' id='line_1_64' title="bbox 2417 2339 3912 2413; baseline 0.005 -22"><span class='ocrx_word' id='word_1_409' title='bbox 2417 2340 2543 2391; x_wconf 77' lang='grc' dir='ltr'>Ὀτι</span> <span class='ocrx_word' id='word_1_410' title='bbox 2573 2339 2759 2408; x_wconf 64' lang='grc' dir='ltr'>μέγας</span> <span class='ocrx_word' id='word_1_411' title='bbox 2790 2343 3004 2409; x_wconf 82' lang='grc' dir='ltr'>Κύριος</span> <span class='ocrx_word' id='word_1_412' title='bbox 3035 2343 3129 2395; x_wconf 83' lang='grc' dir='ltr'><strong>καί</strong></span> <span class='ocrx_word' id='word_1_413' title='bbox 3160 2343 3395 2409; x_wconf 72' lang='grc' dir='ltr'>αἰνετός</span> <span class='ocrx_word' id='word_1_414' title='bbox 3444 2344 3680 2413; x_wconf 77' lang='grc' dir='ltr'>σφόδρα</span> <span class='ocrx_word' id='word_1_415' title='bbox 3761 2347 3912 2403; x_wconf 81' lang='grc' dir='ltr'>Διδά-</span> 
     </span>
    </p>
   </div>
   <div class='ocr_carea' id='block_1_65' title="bbox 2347 2432 3911 2507">
    <p class='ocr_par' dir='ltr' id='par_1_65' title="bbox 2347 2432 3911 2507">
     <span class='ocr_line' id='line_1_65' title="bbox 2347 2432 3911 2507; baseline 0.003 -22"><span class='ocrx_word' id='word_1_416' title='bbox 2347 2432 2491 2497; x_wconf 80' lang='grc' dir='ltr'>ξατε,</span> <span class='ocrx_word' id='word_1_417' title='bbox 2529 2433 2681 2503; x_wconf 68' lang='grc' dir='ltr'>φησι,</span> <span class='ocrx_word' id='word_1_418' title='bbox 2714 2433 2780 2486; x_wconf 76' lang='grc' dir='ltr'>τὰ</span> <span class='ocrx_word' id='word_1_419' title='bbox 2829 2433 2955 2505; x_wconf 79' lang='grc' dir='ltr'>ἔθνη</span> <span class='ocrx_word' id='word_1_420' title='bbox 2977 2451 2990 2464; x_wconf 75' lang='grc' dir='ltr'><strong>ο</strong></span> <span class='ocrx_word' id='word_1_421' title='bbox 3024 2435 3115 2488; x_wconf 75' lang='grc' dir='ltr'><strong>καὶ</strong></span> <span class='ocrx_word' id='word_1_422' title='bbox 3156 2434 3264 2507; x_wconf 83' lang='grc' dir='ltr'>γὰρ</span> <span class='ocrx_word' id='word_1_423' title='bbox 3297 2435 3678 2489; x_wconf 81' lang='grc' dir='ltr'>ὑπακούσαντα</span> <span class='ocrx_word' id='word_1_424' title='bbox 3738 2437 3911 2504; x_wconf 70' lang='grc' dir='ltr'>γνοῖεν</span> 
     </span>
    </p>
   </div>
   <div class='ocr_carea' id='block_1_66' title="bbox 2343 2520 3907 2599">
    <p class='ocr_par' dir='ltr' id='par_1_66' title="bbox 2343 2520 3907 2599">
     <span class='ocr_line' id='line_1_66' title="bbox 2343 2520 3907 2599; baseline 0.001 -22"><span class='ocrx_word' id='word_1_425' title='bbox 2343 2524 2435 2577; x_wconf 82' lang='grc' dir='ltr'><strong>τοῦ</strong></span> <span class='ocrx_word' id='word_1_426' title='bbox 2467 2520 2863 2597; x_wconf 76' lang='grc' dir='ltr'>κηρυττομένου</span> <span class='ocrx_word' id='word_1_427' title='bbox 2887 2527 2985 2599; x_wconf 85' lang='grc' dir='ltr'><strong>τὴν</strong></span> <span class='ocrx_word' id='word_1_428' title='bbox 3018 2526 3244 2598; x_wconf 88' lang='grc' dir='ltr'>θεότητα</span> <span class='ocrx_word' id='word_1_429' title='bbox 3276 2528 3369 2580; x_wconf 76' lang='grc' dir='ltr'><strong>καὶ</strong></span> <span class='ocrx_word' id='word_1_430' title='bbox 3392 2527 3490 2598; x_wconf 83' lang='grc' dir='ltr'>τὴν</span> <span class='ocrx_word' id='word_1_431' title='bbox 3515 2526 3907 2598; x_wconf 86' lang='grc' dir='ltr'>μεγαλοσύνην,</span> 
     </span>
    </p>
   </div>
   <div class='ocr_carea' id='block_1_67' title="bbox 2344 2616 3912 2688">
    <p class='ocr_par' dir='ltr' id='par_1_67' title="bbox 2344 2616 3912 2688">
     <span class='ocr_line' id='line_1_67' title="bbox 2344 2616 3912 2688; baseline 0.003 -19"><span class='ocrx_word' id='word_1_432' title='bbox 2344 2617 2438 2671; x_wconf 71' lang='grc' dir='ltr'><strong>καὶ</strong></span> <span class='ocrx_word' id='word_1_433' title='bbox 2456 2616 2649 2685; x_wconf 83' lang='grc' dir='ltr'><strong>γνόντα</strong></span> <span class='ocrx_word' id='word_1_434' title='bbox 2683 2618 3049 2671; x_wconf 75' lang='grc' dir='ltr'>ἐπαινέσουσι.</span> <span class='ocrx_word' id='word_1_435' title='bbox 3084 2619 3338 2687; x_wconf 77' lang='grc' dir='ltr'>Φοὸερός</span> <span class='ocrx_word' id='word_1_436' title='bbox 3370 2618 3540 2673; x_wconf 79' lang='grc' dir='ltr'>ἐστιν</span> <span class='ocrx_word' id='word_1_437' title='bbox 3574 2619 3729 2688; x_wconf 76' lang='grc' dir='ltr'>ὑπὲρ</span> <span class='ocrx_word' id='word_1_438' title='bbox 3761 2620 3912 2674; x_wconf 78' lang='grc' dir='ltr'>πάν-</span> 
     </span>
    </p>
   </div>
   <div class='ocr_carea' id='block_1_68' title="bbox 2343 2707 3914 2779">
    <p class='ocr_par' dir='ltr' id='par_1_68' title="bbox 2343 2707 3914 2779">
     <span class='ocr_line' id='line_1_68' title="bbox 2343 2707 3914 2779; baseline 0.002 -19"><span class='ocrx_word' id='word_1_439' title='bbox 2343 2725 2448 2772; x_wconf 81' lang='grc' dir='ltr'><strong>τας</strong></span> <span class='ocrx_word' id='word_1_440' title='bbox 2470 2707 2609 2773; x_wconf 86' lang='grc' dir='ltr'>τοὺς</span> <span class='ocrx_word' id='word_1_441' title='bbox 2642 2708 2831 2773; x_wconf 74' lang='grc' dir='ltr'>θεοὺς.</span> <span class='ocrx_word' id='word_1_442' title='bbox 2855 2708 3026 2761; x_wconf 76' lang='grc' dir='ltr'>Τοῦτο</span> <span class='ocrx_word' id='word_1_443' title='bbox 3059 2710 3289 2778; x_wconf 85' lang='grc' dir='ltr'>μάλιστα</span> <span class='ocrx_word' id='word_1_444' title='bbox 3312 2710 3378 2762; x_wconf 67' lang='grc' dir='ltr'>τὰ</span> <span class='ocrx_word' id='word_1_445' title='bbox 3410 2709 3537 2779; x_wconf 73' lang='grc' dir='ltr'>ἔθνη</span> <span class='ocrx_word' id='word_1_446' title='bbox 3571 2711 3663 2763; x_wconf 73' lang='grc' dir='ltr'><strong>ἐπὶ</strong></span> <span class='ocrx_word' id='word_1_447' title='bbox 3692 2710 3785 2763; x_wconf 84' lang='grc' dir='ltr'>τὸν</span> <span class='ocrx_word' id='word_1_448' title='bbox 3816 2712 3914 2763; x_wconf 82' lang='grc' dir='ltr'>τοῦ</span> 
     </span>
    </p>
   </div>
   <div class='ocr_carea' id='block_1_69' title="bbox 2344 2798 3914 2873">
    <p class='ocr_par' dir='ltr' id='par_1_69' title="bbox 2344 2798 3914 2873">
     <span class='ocr_line' id='line_1_69' title="bbox 2344 2798 3914 2873; baseline 0.003 -22"><span class='ocrx_word' id='word_1_449' title='bbox 2344 2798 2546 2870; x_wconf 79' lang='grc' dir='ltr'>Κυρίου</span> <span class='ocrx_word' id='word_1_450' title='bbox 2574 2799 2733 2868; x_wconf 79' lang='grc' dir='ltr'>φόϐον</span> <span class='ocrx_word' id='word_1_451' title='bbox 2758 2800 3251 2873; x_wconf 79' lang='grc' dir='ltr'>προτρέπεται,τὺν</span> <span class='ocrx_word' id='word_1_452' title='bbox 3279 2803 3602 2873; x_wconf 78' lang='grc' dir='ltr'>ἐμπρησμὸν</span> <span class='ocrx_word' id='word_1_453' title='bbox 3631 2802 3914 2872; x_wconf 73' lang='grc' dir='ltr'>ἑωρακότα</span> 
     </span>
    </p>
   </div>
   <div class='ocr_carea' id='block_1_70' title="bbox 2345 2894 3913 2968">
    <p class='ocr_par' dir='ltr' id='par_1_70' title="bbox 2345 2894 3913 2968">
     <span class='ocr_line' id='line_1_70' title="bbox 2345 2894 3913 2968; baseline 0.003 -21"><span class='ocrx_word' id='word_1_454' title='bbox 2345 2894 2486 2948; x_wconf 76' lang='grc' dir='ltr'>κατὰ</span> <span class='ocrx_word' id='word_1_455' title='bbox 2511 2895 2619 2949; x_wconf 86' lang='grc' dir='ltr'>τῶν</span> <span class='ocrx_word' id='word_1_456' title='bbox 2650 2896 2816 2949; x_wconf 85' lang='grc' dir='ltr'>πάλαι</span> <span class='ocrx_word' id='word_1_457' title='bbox 2838 2896 3250 2968; x_wconf 78' lang='grc' dir='ltr'>ὀνομαζομένων</span> <span class='ocrx_word' id='word_1_458' title='bbox 3288 2898 3464 2951; x_wconf 82' lang='grc' dir='ltr'>αὐτῶν</span> <span class='ocrx_word' id='word_1_459' title='bbox 3506 2897 3660 2951; x_wconf 85' lang='grc' dir='ltr'>θεῶν.</span> <span class='ocrx_word' id='word_1_460' title='bbox 3704 2898 3913 2967; x_wconf 81' lang='grc' dir='ltr'>Ἔγνω-</span> 
     </span>
    </p>
   </div>
   <div class='ocr_carea' id='block_1_71' title="bbox 2347 2985 3915 3059">
    <p class='ocr_par' dir='ltr' id='par_1_71' title="bbox 2347 2985 3915 3059">
     <span class='ocr_line' id='line_1_71' title="bbox 2347 2985 3915 3059; baseline 0.001 -20"><span class='ocrx_word' id='word_1_461' title='bbox 2347 3003 2444 3042; x_wconf 86' lang='grc' dir='ltr'><strong>σαν</strong></span> <span class='ocrx_word' id='word_1_462' title='bbox 2470 2987 2597 3058; x_wconf 83' lang='grc' dir='ltr'>γὰρ,</span> <span class='ocrx_word' id='word_1_463' title='bbox 2624 2986 2699 3050; x_wconf 87' lang='grc' dir='ltr'>ὼς</span> <span class='ocrx_word' id='word_1_464' title='bbox 2728 2988 2927 3053; x_wconf 83' lang='grc' dir='ltr'>πάντες</span> <span class='ocrx_word' id='word_1_465' title='bbox 2958 2990 3154 3042; x_wconf 77' lang='grc' dir='ltr'>ἐκεῖνοι</span> <span class='ocrx_word' id='word_1_466' title='bbox 3176 2990 3274 3042; x_wconf 82' lang='grc' dir='ltr'><strong>οὐκ</strong></span> <span class='ocrx_word' id='word_1_467' title='bbox 3309 2985 3447 3059; x_wconf 79' lang='grc' dir='ltr'>ἦσαν</span> <span class='ocrx_word' id='word_1_468' title='bbox 3471 2988 3602 3052; x_wconf 73' lang='grc' dir='ltr'>θεοὶ,</span> <span class='ocrx_word' id='word_1_469' title='bbox 3632 2988 3771 3042; x_wconf 80' lang='grc' dir='ltr'>ἀλλὰ</span> <span class='ocrx_word' id='word_1_470' title='bbox 3799 2990 3915 3043; x_wconf 90' lang='grc' dir='ltr'>δαι-</span> 
     </span>
    </p>
   </div>
   <div class='ocr_carea' id='block_1_72' title="bbox 2348 3077 3803 3149">
    <p class='ocr_par' dir='ltr' id='par_1_72' title="bbox 2348 3077 3803 3149">
     <span class='ocr_line' id='line_1_72' title="bbox 2348 3077 3803 3149; baseline 0.001 -20"><span class='ocrx_word' id='word_1_471' title='bbox 2348 3077 2524 3148; x_wconf 88' lang='grc' dir='ltr'>μόνια.</span> <span class='ocrx_word' id='word_1_472' title='bbox 2558 3078 2731 3141; x_wconf 83' lang='grc' dir='ltr'>Μόνος</span> <span class='ocrx_word' id='word_1_473' title='bbox 2757 3078 2814 3130; x_wconf 86' lang='grc' dir='ltr'>δὲ</span> <span class='ocrx_word' id='word_1_474' title='bbox 2841 3080 2869 3131; x_wconf 90' lang='grc' dir='ltr'><strong>ό</strong></span> <span class='ocrx_word' id='word_1_475' title='bbox 2890 3079 3092 3149; x_wconf 77' lang='grc' dir='ltr'>Κύριος</span> <span class='ocrx_word' id='word_1_476' title='bbox 3119 3078 3227 3131; x_wconf 86' lang='grc' dir='ltr'>τῶν</span> <span class='ocrx_word' id='word_1_477' title='bbox 3248 3078 3509 3149; x_wconf 82' lang='grc' dir='ltr'>οὐρανίων</span> <span class='ocrx_word' id='word_1_478' title='bbox 3553 3080 3803 3149; x_wconf 81' lang='grc' dir='ltr'>ποιητής.</span> 
     </span>
    </p>
   </div>
   <div class='ocr_carea' id='block_1_73' title="bbox 2422 3167 3915 3241">
    <p class='ocr_par' dir='ltr' id='par_1_73' title="bbox 2422 3167 3915 3241">
     <span class='ocr_line' id='line_1_73' title="bbox 2422 3167 3915 3241; baseline -0.001 -18"><span class='ocrx_word' id='word_1_479' title='bbox 2422 3169 2546 3223; x_wconf 78' lang='grc' dir='ltr'>Ὀτι</span> <span class='ocrx_word' id='word_1_480' title='bbox 2569 3169 2790 3236; x_wconf 80' lang='grc' dir='ltr'>πάντες</span> <span class='ocrx_word' id='word_1_481' title='bbox 2815 3171 2869 3223; x_wconf 89' lang='grc' dir='ltr'><strong>οί</strong></span> <span class='ocrx_word' id='word_1_482' title='bbox 2896 3171 3015 3225; x_wconf 77' lang='grc' dir='ltr'>θεοί</span> <span class='ocrx_word' id='word_1_483' title='bbox 3043 3170 3159 3223; x_wconf 86' lang='grc' dir='ltr'><strong>τῶν</strong></span> <span class='ocrx_word' id='word_1_484' title='bbox 3178 3167 3367 3223; x_wconf 82' lang='grc' dir='ltr'><em>ἐθνῶν</em></span> <span class='ocrx_word' id='word_1_485' title='bbox 3389 3169 3682 3239; x_wconf 81' lang='grc' dir='ltr'>δαιμόνια.</span> <span class='ocrx_word' id='word_1_486' title='bbox 3719 3171 3785 3223; x_wconf 80' lang='lat' dir='ltr'><strong>Ol</strong></span> <span class='ocrx_word' id='word_1_487' title='bbox 3816 3171 3915 3241; x_wconf 71' lang='grc' dir='ltr'><strong>μὲν</strong></span> 
     </span>
    </p>
   </div>
   <div class='ocr_carea' id='block_1_74' title="bbox 2345 3259 3914 3333">
    <p class='ocr_par' dir='ltr' id='par_1_74' title="bbox 2345 3259 3914 3333">
     <span class='ocr_line' id='line_1_74' title="bbox 2345 3259 3914 3333; baseline 0.001 -19"><span class='ocrx_word' id='word_1_488' title='bbox 2345 3261 2452 3331; x_wconf 76' lang='grc' dir='ltr'>γὰρ</span> <span class='ocrx_word' id='word_1_489' title='bbox 2478 3261 2800 3332; x_wconf 87' lang='grc' dir='ltr'>καλούμενοι</span> <span class='ocrx_word' id='word_1_490' title='bbox 2824 3259 2934 3314; x_wconf 76' lang='grc' dir='ltr'>θεοὶ</span> <span class='ocrx_word' id='word_1_491' title='bbox 2954 3260 3205 3333; x_wconf 88' lang='grc' dir='ltr'>δαίμονες</span> <span class='ocrx_word' id='word_1_492' title='bbox 3230 3260 3483 3332; x_wconf 78' lang='grc' dir='ltr'>ὤφθησαν</span> <span class='ocrx_word' id='word_1_493' title='bbox 3517 3260 3768 3333; x_wconf 80' lang='grc' dir='ltr'>πονηροὶ,</span> <span class='ocrx_word' id='word_1_494' title='bbox 3801 3262 3914 3315; x_wconf 74' lang='grc' dir='ltr'>ό.δὲ</span> 
     </span>
    </p>
   </div>
   <div class='ocr_carea' id='block_1_75' title="bbox 2345 3352 3696 3423">
    <p class='ocr_par' dir='ltr' id='par_1_75' title="bbox 2345 3352 3696 3423">
     <span class='ocr_line' id='line_1_75' title="bbox 2345 3352 3696 3423; baseline -0.002 -16"><span class='ocrx_word' id='word_1_495' title='bbox 2345 3352 2625 3423; x_wconf 67' lang='grc' dir='ltr'>ἡμέτερος</span> <span class='ocrx_word' id='word_1_496' title='bbox 2648 3354 2862 3421; x_wconf 82' lang='grc' dir='ltr'>Κύριος</span> <span class='ocrx_word' id='word_1_497' title='bbox 2896 3352 3034 3418; x_wconf 78' lang='grc' dir='ltr'>τοὺς</span> <span class='ocrx_word' id='word_1_498' title='bbox 3057 3353 3350 3421; x_wconf 83' lang='grc' dir='ltr'>οὐρανοὺς</span> <span class='ocrx_word' id='word_1_499' title='bbox 3392 3352 3696 3418; x_wconf 79' lang='grc' dir='ltr'>ἐποίησεν.</span> 
     </span>
    </p>
   </div>
   <div class='ocr_carea' id='block_1_76' title="bbox 2428 3439 3914 3512">
    <p class='ocr_par' dir='ltr' id='par_1_76' title="bbox 2428 3439 3914 3512">
     <span class='ocr_line' id='line_1_76' title="bbox 2428 3439 3914 3512; baseline -0.002 -16"><span class='ocrx_word' id='word_1_500' title='bbox 2428 3443 2746 3512; x_wconf 78' lang='grc' dir='ltr'>Ἀγιωσύνη</span> <span class='ocrx_word' id='word_1_501' title='bbox 2770 3440 2867 3494; x_wconf 76' lang='grc' dir='ltr'><strong>καί</strong></span> <span class='ocrx_word' id='word_1_502' title='bbox 2885 3441 3363 3511; x_wconf 72' lang='grc' dir='ltr'>μεγαλοπρέπεια</span> <span class='ocrx_word' id='word_1_503' title='bbox 3392 3441 3464 3495; x_wconf 82' lang='grc' dir='ltr'><strong>ἐν</strong></span> <span class='ocrx_word' id='word_1_504' title='bbox 3492 3440 3572 3507; x_wconf 83' lang='grc' dir='ltr'>τῷ</span> <span class='ocrx_word' id='word_1_505' title='bbox 3591 3439 3914 3511; x_wconf 77' lang='grc' dir='ltr'>ἁγιὰσματι</span> 
     </span>
    </p>
   </div>
   <div class='ocr_carea' id='block_1_77' title="bbox 2344 3532 3913 3604">
    <p class='ocr_par' dir='ltr' id='par_1_77' title="bbox 2344 3532 3913 3604">
     <span class='ocr_line' id='line_1_77' title="bbox 2344 3532 3913 3604; baseline -0.002 -16"><span class='ocrx_word' id='word_1_506' title='bbox 2344 3533 2548 3588; x_wconf 86' lang='grc' dir='ltr'>αὐτοῦ.</span> <span class='ocrx_word' id='word_1_507' title='bbox 2597 3533 2866 3604; x_wconf 82' lang='grc' dir='ltr'>Ἀγίασμα</span> <span class='ocrx_word' id='word_1_508' title='bbox 2887 3532 3113 3603; x_wconf 77' lang='grc' dir='ltr'>αύτοῦὴ</span> <span class='ocrx_word' id='word_1_509' title='bbox 3150 3532 3459 3603; x_wconf 83' lang='grc' dir='ltr'>Ἐκκλησία,</span> <span class='ocrx_word' id='word_1_510' title='bbox 3499 3533 3619 3603; x_wconf 80' lang='grc' dir='ltr'>ἥτις</span> <span class='ocrx_word' id='word_1_511' title='bbox 3647 3532 3741 3585; x_wconf 69' lang='grc' dir='ltr'><strong>καὶ</strong></span> <span class='ocrx_word' id='word_1_512' title='bbox 3780 3533 3913 3602; x_wconf 76' lang='grc' dir='ltr'>ἁγία</span> 
     </span>
    </p>
   </div>
   <div class='ocr_carea' id='block_1_78' title="bbox 2344 3620 3916 3693">
    <p class='ocr_par' dir='ltr' id='par_1_78' title="bbox 2344 3620 3916 3693">
     <span class='ocr_line' id='line_1_78' title="bbox 2344 3620 3916 3693; baseline -0.001 -19"><span class='ocrx_word' id='word_1_513' title='bbox 2344 3622 2459 3675; x_wconf 74' lang='grc' dir='ltr'>ἐστὶ</span> <span class='ocrx_word' id='word_1_514' title='bbox 2482 3622 2576 3676; x_wconf 78' lang='grc' dir='ltr'>καὶ</span> <span class='ocrx_word' id='word_1_515' title='bbox 2612 3620 3051 3693; x_wconf 77' lang='grc' dir='ltr'>μεγαλοπρεπής.</span> <span class='ocrx_word' id='word_1_516' title='bbox 3089 3621 3317 3692; x_wconf 77' lang='grc' dir='ltr'>’Υψηλδς</span> <span class='ocrx_word' id='word_1_517' title='bbox 3354 3622 3462 3693; x_wconf 81' lang='grc' dir='ltr'><strong>γὰρ</strong></span> <span class='ocrx_word' id='word_1_518' title='bbox 3495 3622 3523 3674; x_wconf 93' lang='grc' dir='ltr'><strong>ό</strong></span> <span class='ocrx_word' id='word_1_519' title='bbox 3575 3620 3782 3692; x_wconf 87' lang='grc' dir='ltr'>κόσμος</span> <span class='ocrx_word' id='word_1_520' title='bbox 3815 3622 3916 3692; x_wconf 74' lang='grc' dir='ltr'>τῆς</span> 
     </span>
    </p>
   </div>
   <div class='ocr_carea' id='block_1_79' title="bbox 2356 3712 2699 3782">
    <p class='ocr_par' dir='ltr' id='par_1_79' title="bbox 2356 3712 2699 3782">
     <span class='ocr_line' id='line_1_79' title="bbox 2356 3712 2699 3782; baseline 0.006 -17"><span class='ocrx_word' id='word_1_521' title='bbox 2356 3712 2699 3782; x_wconf 82' lang='grc' dir='ltr'>Ἐκκλησίας.</span> 
     </span>
    </p>
   </div>
   <div class='ocr_carea' id='block_1_80' title="bbox 2427 3801 3915 3871">
    <p class='ocr_par' dir='ltr' id='par_1_80' title="bbox 2427 3801 3915 3871">
     <span class='ocr_line' id='line_1_80' title="bbox 2427 3801 3915 3871; baseline 0 -14"><span class='ocrx_word' id='word_1_522' title='bbox 2427 3803 2741 3871; x_wconf 78' lang='grc' dir='ltr'>Ἐνέγκατε</span> <span class='ocrx_word' id='word_1_523' title='bbox 2768 3803 2846 3869; x_wconf 84' lang='grc' dir='ltr'>τῷ</span> <span class='ocrx_word' id='word_1_524' title='bbox 2865 3804 3077 3871; x_wconf 76' lang='grc' dir='ltr'>Κυρίῳ,</span> <span class='ocrx_word' id='word_1_525' title='bbox 3102 3806 3162 3855; x_wconf 86' lang='grc' dir='ltr'>αὶ</span> <span class='ocrx_word' id='word_1_526' title='bbox 3184 3802 3415 3870; x_wconf 70' lang='grc' dir='ltr'>πατριαὶ</span> <span class='ocrx_word' id='word_1_527' title='bbox 3438 3801 3552 3855; x_wconf 79' lang='grc' dir='ltr'><strong>τῶν</strong></span> <span class='ocrx_word' id='word_1_528' title='bbox 3565 3801 3778 3857; x_wconf 80' lang='grc' dir='ltr'>ἐθνῶν.</span> <span class='ocrx_word' id='word_1_529' title='bbox 3804 3804 3915 3857; x_wconf 86' lang='grc' dir='ltr'><strong>Πα-</strong></span> 
     </span>
    </p>
   </div>
   <div class='ocr_carea' id='block_1_81' title="bbox 2344 3893 3915 3968">
    <p class='ocr_par' dir='ltr' id='par_1_81' title="bbox 2344 3893 3915 3968">
     <span class='ocr_line' id='line_1_81' title="bbox 2344 3893 3915 3968; baseline -0.001 -19"><span class='ocrx_word' id='word_1_530' title='bbox 2344 3896 2499 3968; x_wconf 85' lang='grc' dir='ltr'>τριὰς</span> <span class='ocrx_word' id='word_1_531' title='bbox 2528 3895 2680 3948; x_wconf 88' lang='grc' dir='ltr'>καλεῖ</span> <span class='ocrx_word' id='word_1_532' title='bbox 2700 3897 2823 3960; x_wconf 82' lang='grc' dir='ltr'>τοὺς</span> <span class='ocrx_word' id='word_1_533' title='bbox 2853 3894 2960 3948; x_wconf 82' lang='grc' dir='ltr'>τῶν</span> <span class='ocrx_word' id='word_1_534' title='bbox 2989 3893 3320 3964; x_wconf 83' lang='grc' dir='ltr'>Ἐκκλησιῶν</span> <span class='ocrx_word' id='word_1_535' title='bbox 3344 3894 3697 3964; x_wconf 77' lang='grc' dir='ltr'>ἡγουμένους,</span> <span class='ocrx_word' id='word_1_536' title='bbox 3732 3895 3915 3966; x_wconf 75' lang='grc' dir='ltr'>ἱερέας</span> 
     </span>
    </p>
   </div>
   <div class='ocr_carea' id='block_1_82' title="bbox 2345 3982 3918 4058">
    <p class='ocr_par' dir='ltr' id='par_1_82' title="bbox 2345 3982 3918 4058">
     <span class='ocr_line' id='line_1_82' title="bbox 2345 3982 3918 4058; baseline -0.001 -20"><span class='ocrx_word' id='word_1_537' title='bbox 2345 3986 2487 4057; x_wconf 73' lang='grc' dir='ltr'>φημὶ</span> <span class='ocrx_word' id='word_1_538' title='bbox 2512 3986 2604 4039; x_wconf 78' lang='grc' dir='ltr'>καὶ</span> <span class='ocrx_word' id='word_1_539' title='bbox 2638 3986 2953 4058; x_wconf 82' lang='grc' dir='ltr'>προέδρους.</span> <span class='ocrx_word' id='word_1_540' title='bbox 2985 3985 3095 4038; x_wconf 76' lang='grc' dir='ltr'>Καὶ</span> <span class='ocrx_word' id='word_1_541' title='bbox 3122 3982 3323 4055; x_wconf 86' lang='grc' dir='ltr'>πρέπει</span> <span class='ocrx_word' id='word_1_542' title='bbox 3346 3982 3434 4036; x_wconf 81' lang='grc' dir='ltr'>διὰ</span> <span class='ocrx_word' id='word_1_543' title='bbox 3457 3982 3565 4036; x_wconf 84' lang='grc' dir='ltr'>τῶν</span> <span class='ocrx_word' id='word_1_544' title='bbox 3597 3983 3777 4054; x_wconf 78' lang='grc' dir='ltr'>ἔργων</span> <span class='ocrx_word' id='word_1_545' title='bbox 3805 3984 3918 4037; x_wconf 83' lang='grc' dir='ltr'><strong>τῶν</strong></span> 
     </span>
    </p>
   </div>
   <div class='ocr_carea' id='block_1_83' title="bbox 2344 4074 3918 4146">
    <p class='ocr_par' dir='ltr' id='par_1_83' title="bbox 2344 4074 3918 4146">
     <span class='ocr_line' id='line_1_83' title="bbox 2344 4074 3918 4146; baseline -0.002 -14"><span class='ocrx_word' id='word_1_546' title='bbox 2344 4076 2564 4146; x_wconf 74' lang='grc' dir='ltr'>ἀγαθῶν</span> <span class='ocrx_word' id='word_1_547' title='bbox 2593 4075 2834 4142; x_wconf 76' lang='grc' dir='ltr'>δοξάζειν</span> <span class='ocrx_word' id='word_1_548' title='bbox 2858 4076 2948 4129; x_wconf 81' lang='grc' dir='ltr'><strong>τὸν</strong></span> <span class='ocrx_word' id='word_1_549' title='bbox 2977 4076 3128 4139; x_wconf 84' lang='grc' dir='ltr'>Θεὸν,</span> <span class='ocrx_word' id='word_1_550' title='bbox 3170 4076 3263 4128; x_wconf 74' lang='grc' dir='ltr'>καὶ</span> <span class='ocrx_word' id='word_1_551' title='bbox 3298 4074 3402 4145; x_wconf 74' lang='grc' dir='ltr'>μὴν</span> <span class='ocrx_word' id='word_1_552' title='bbox 3456 4076 3548 4127; x_wconf 75' lang='grc' dir='ltr'>καὶ</span> <span class='ocrx_word' id='word_1_553' title='bbox 3593 4077 3763 4146; x_wconf 77' lang='grc' dir='ltr'>τιμᾷν</span> <span class='ocrx_word' id='word_1_554' title='bbox 3809 4076 3918 4131; x_wconf 74' lang='grc' dir='ltr'><strong>ἀπὸ</strong></span> 
     </span>
    </p>
   </div>
   <div class='ocr_carea' id='block_1_84' title="bbox 2344 4162 3918 4236">
    <p class='ocr_par' dir='ltr' id='par_1_84' title="bbox 2344 4162 3918 4236">
     <span class='ocr_line' id='line_1_84' title="bbox 2344 4162 3918 4236; baseline 0.001 -18"><span class='ocrx_word' id='word_1_555' title='bbox 2344 4166 2561 4219; x_wconf 86' lang='grc' dir='ltr'>δικαίων</span> <span class='ocrx_word' id='word_1_556' title='bbox 2591 4168 2767 4219; x_wconf 86' lang='grc' dir='ltr'>πόνων</span> <span class='ocrx_word' id='word_1_557' title='bbox 2797 4166 2995 4231; x_wconf 82' lang='grc' dir='ltr'>αὐτῶν,</span> <span class='ocrx_word' id='word_1_558' title='bbox 3030 4166 3108 4217; x_wconf 82' lang='grc' dir='ltr'>ἔτι</span> <span class='ocrx_word' id='word_1_559' title='bbox 3140 4180 3203 4232; x_wconf 91' lang='grc' dir='ltr'><strong>γε</strong></span> <span class='ocrx_word' id='word_1_560' title='bbox 3242 4164 3346 4234; x_wconf 83' lang='grc' dir='ltr'><strong>μὴν</strong></span> <span class='ocrx_word' id='word_1_561' title='bbox 3388 4162 3481 4216; x_wconf 77' lang='grc' dir='ltr'><strong>καὶ</strong></span> <span class='ocrx_word' id='word_1_562' title='bbox 3530 4163 3721 4226; x_wconf 88' lang='grc' dir='ltr'>θυσίας</span> <span class='ocrx_word' id='word_1_563' title='bbox 3766 4166 3918 4236; x_wconf 81' lang='grc' dir='ltr'>αὐτῷ</span> 
     </span>
    </p>
   </div>
   <div class='ocr_carea' id='block_1_85' title="bbox 2344 4251 3915 4328">
    <p class='ocr_par' dir='ltr' id='par_1_85' title="bbox 2344 4251 3915 4328">
     <span class='ocr_line' id='line_1_85' title="bbox 2344 4251 3915 4328; baseline 0.001 -22"><span class='ocrx_word' id='word_1_564' title='bbox 2344 4255 2630 4328; x_wconf 78' lang='grc' dir='ltr'>ἀναφέρειν</span> <span class='ocrx_word' id='word_1_565' title='bbox 2660 4256 2853 4324; x_wconf 82' lang='grc' dir='ltr'>νοητάς</span> <span class='ocrx_word' id='word_1_566' title='bbox 2874 4271 2887 4283; x_wconf 68' lang='grc' dir='ltr'><strong>ο</strong></span> <span class='ocrx_word' id='word_1_567' title='bbox 2926 4255 3213 4325; x_wconf 72' lang='grc' dir='ltr'>ἀναφέρειν</span> <span class='ocrx_word' id='word_1_568' title='bbox 3247 4253 3303 4306; x_wconf 81' lang='grc' dir='ltr'>δὲ</span> <span class='ocrx_word' id='word_1_569' title='bbox 3325 4255 3381 4306; x_wconf 80' lang='grc' dir='ltr'>ἐν</span> <span class='ocrx_word' id='word_1_570' title='bbox 3403 4254 3520 4316; x_wconf 81' lang='grc' dir='ltr'>ταῖς</span> <span class='ocrx_word' id='word_1_571' title='bbox 3546 4251 3718 4317; x_wconf 82' lang='grc' dir='ltr'>θείαις</span> <span class='ocrx_word' id='word_1_572' title='bbox 3750 4255 3915 4308; x_wconf 84' lang='grc' dir='ltr'>αύτοῦ</span> 
     </span>
    </p>
   </div>
   <div class='ocr_carea' id='block_1_86' title="bbox 2345 4344 3917 4417">
    <p class='ocr_par' dir='ltr' id='par_1_86' title="bbox 2345 4344 3917 4417">
     <span class='ocr_line' id='line_1_86' title="bbox 2345 4344 3917 4417; baseline 0 -19"><span class='ocrx_word' id='word_1_573' title='bbox 2345 4345 2552 4410; x_wconf 78' lang='grc' dir='ltr'>αὐλαῖς,</span> <span class='ocrx_word' id='word_1_574' title='bbox 2594 4346 2793 4417; x_wconf 82' lang='grc' dir='ltr'>δηλαδὴ</span> <span class='ocrx_word' id='word_1_575' title='bbox 2828 4348 2948 4408; x_wconf 88' lang='grc' dir='ltr'>ταῖς</span> <span class='ocrx_word' id='word_1_576' title='bbox 3000 4345 3334 4417; x_wconf 81' lang='grc' dir='ltr'>ἐκκλησίαις.</span> <span class='ocrx_word' id='word_1_577' title='bbox 3386 4344 3743 4413; x_wconf 71' lang='grc' dir='ltr'>Σαλευθήτω</span> <span class='ocrx_word' id='word_1_578' title='bbox 3796 4346 3917 4399; x_wconf 79' lang='grc' dir='ltr'><strong>ἀπὸ</strong></span> 
     </span>
    </p>
   </div>
   <div class='ocr_carea' id='block_1_87' title="bbox 2345 4434 3917 4506">
    <p class='ocr_par' dir='ltr' id='par_1_87' title="bbox 2345 4434 3917 4506">
     <span class='ocr_line' id='line_1_87' title="bbox 2345 4434 3917 4506; baseline 0.002 -18"><span class='ocrx_word' id='word_1_579' title='bbox 2345 4435 2664 4505; x_wconf 81' lang='grc' dir='ltr'>προσώπου</span> <span class='ocrx_word' id='word_1_580' title='bbox 2691 4436 2875 4489; x_wconf 84' lang='grc' dir='ltr'>αὑτοῦ</span> <span class='ocrx_word' id='word_1_581' title='bbox 2897 4436 3062 4490; x_wconf 79' lang='grc' dir='ltr'>πᾶσα</span> <span class='ocrx_word' id='word_1_582' title='bbox 3095 4438 3130 4503; x_wconf 79' lang='grc' dir='ltr'><strong><em>ἠ</em></strong></span> <span class='ocrx_word' id='word_1_583' title='bbox 3164 4434 3261 4505; x_wconf 76' lang='grc' dir='ltr'>γῆ.</span> <span class='ocrx_word' id='word_1_584' title='bbox 3305 4435 3531 4506; x_wconf 84' lang='grc' dir='ltr'>Ἔμελλε</span> <span class='ocrx_word' id='word_1_585' title='bbox 3564 4434 3675 4505; x_wconf 80' lang='grc' dir='ltr'>γὰρ</span> <span class='ocrx_word' id='word_1_586' title='bbox 3699 4438 3780 4499; x_wconf 86' lang='grc' dir='ltr'><strong>εἰς</strong></span> <span class='ocrx_word' id='word_1_587' title='bbox 3814 4440 3917 4491; x_wconf 82' lang='grc' dir='ltr'><strong>πᾶ-</strong></span> 
     </span>
    </p>
   </div>
   <div class='ocr_carea' id='block_1_88' title="bbox 687 4522 2274 4605">
    <p class='ocr_par' dir='ltr' id='par_1_88' title="bbox 687 4528 2242 4605">
     <span class='ocr_line' id='line_1_88' title="bbox 687 4528 2242 4605; baseline -0.003 -18"><span class='ocrx_word' id='word_1_588' title='bbox 687 4544 774 4588; x_wconf 84' lang='grc' dir='ltr'>ιιιι·</span> <span class='ocrx_word' id='word_1_589' title='bbox 803 4532 1134 4605; x_wconf 73' lang='grc' dir='ltr'>ρηειιίοειιίο,</span> <span class='ocrx_word' id='word_1_590' title='bbox 1166 4541 1219 4585; x_wconf 92' lang='lat' dir='ltr'><strong>et</strong></span> <span class='ocrx_word' id='word_1_591' title='bbox 1246 4541 1303 4586; x_wconf 91' lang='lat' dir='ltr'><strong>ut</strong></span> <span class='ocrx_word' id='word_1_592' title='bbox 1336 4540 1477 4586; x_wconf 84' lang='lat' dir='ltr'><strong>terra</strong></span> <span class='ocrx_word' id='word_1_593' title='bbox 1506 4528 1662 4600; x_wconf 90' lang='lat' dir='ltr'><strong>quasi</strong></span> <span class='ocrx_word' id='word_1_594' title='bbox 1691 4545 1719 4583; x_wconf 90' lang='lat' dir='ltr'><strong>a</strong></span> <span class='ocrx_word' id='word_1_595' title='bbox 1759 4529 1943 4600; x_wconf 90' lang='lat' dir='ltr'><strong>priore</strong></span> <span class='ocrx_word' id='word_1_596' title='bbox 1970 4544 2072 4585; x_wconf 85' lang='lat' dir='ltr'><strong>suo</strong></span> <span class='ocrx_word' id='word_1_597' title='bbox 2100 4538 2242 4584; x_wconf 91' lang='lat' dir='ltr'><strong>statu</strong></span> 
     </span>
    </p>
   </div>
   <div class='ocr_carea' id='block_1_89' title="bbox 2345 4522 3912 4605">
    <p class='ocr_par' dir='ltr' id='par_1_89' title="bbox 2348 4522 3912 4596">
     <span class='ocr_line' id='line_1_89' title="bbox 2348 4522 3912 4596; baseline -0.002 -17"><span class='ocrx_word' id='word_1_598' title='bbox 2348 4542 2446 4580; x_wconf 89' lang='grc' dir='ltr'><strong>σαν</strong></span> <span class='ocrx_word' id='word_1_599' title='bbox 2475 4526 2574 4583; x_wconf 78' lang='grc' dir='ltr'>τὴν</span> <span class='ocrx_word' id='word_1_600' title='bbox 2622 4525 2941 4596; x_wconf 77' lang='grc' dir='ltr'>οἰκουμένην</span> <span class='ocrx_word' id='word_1_601' title='bbox 2974 4523 3297 4589; x_wconf 75' lang='grc' dir='ltr'>ἐξάκουστον</span> <span class='ocrx_word' id='word_1_602' title='bbox 3338 4522 3587 4592; x_wconf 81' lang='grc' dir='ltr'>γενέσθαι</span> <span class='ocrx_word' id='word_1_603' title='bbox 3625 4524 3912 4595; x_wconf 80' lang='grc' dir='ltr'>κήρυγμα,</span> 
     </span>
    </p>
   </div>
   <div class='ocr_carea' id='block_1_90' title="bbox 684 4634 1130 4681">
    <p class='ocr_par' dir='ltr' id='par_1_90' title="bbox 684 4634 1130 4681">
     <span class='ocr_line' id='line_1_90' title="bbox 684 4634 1130 4681; baseline -0.004 -2"><span class='ocrx_word' id='word_1_604' title='bbox 684 4634 1130 4681; x_wconf 81' lang='lat' dir='ltr'><strong>commoveretur.</strong></span> 
     </span>
    </p>
   </div>
   <div class='ocr_carea' id='block_1_91' title="bbox 761 4711 2247 4796">
    <p class='ocr_par' dir='ltr' id='par_1_91' title="bbox 761 4711 2247 4796">
     <span class='ocr_line' id='line_1_91' title="bbox 761 4711 2247 4796; baseline -0.005 -25"><span class='ocrx_word' id='word_1_605' title='bbox 761 4718 846 4796; x_wconf 74' lang='grc' dir='ltr'><strong>1οτ</strong></span> <span class='ocrx_word' id='word_1_606' title='bbox 886 4715 1095 4771; x_wconf 80' lang='lat' dir='ltr'><strong>Etenim</strong></span> <span class='ocrx_word' id='word_1_607' title='bbox 1130 4715 1353 4770; x_wconf 67' lang='lat' dir='ltr'><strong>correxit</strong></span> <span class='ocrx_word' id='word_1_608' title='bbox 1379 4712 1553 4767; x_wconf 85' lang='lat' dir='ltr'><strong>orbem</strong></span> <span class='ocrx_word' id='word_1_609' title='bbox 1588 4720 1741 4765; x_wconf 70' lang='lat' dir='ltr'><strong>terra:</strong></span> <span class='ocrx_word' id='word_1_610' title='bbox 1771 4711 1861 4781; x_wconf 86' lang='lat' dir='ltr'><strong>qui</strong></span> <span class='ocrx_word' id='word_1_611' title='bbox 1888 4727 1989 4764; x_wconf 85' lang='lat' dir='ltr'><strong>non</strong></span> <span class='ocrx_word' id='word_1_612' title='bbox 2016 4727 2247 4764; x_wconf 87' lang='lat' dir='ltr'><strong>commo-</strong></span> 
     </span>
    </p>
   </div>
   <div class='ocr_carea' id='block_1_92' title="bbox 687 4804 2248 4873">
    <p class='ocr_par' dir='ltr' id='par_1_92' title="bbox 687 4804 2248 4873">
     <span class='ocr_line' id='line_1_92' title="bbox 687 4804 2248 4873; baseline -0.005 -10"><span class='ocrx_word' id='word_1_613' title='bbox 687 4809 906 4863; x_wconf 70' lang='lat' dir='ltr'><strong>vebitur.</strong></span> <span class='ocrx_word' id='word_1_614' title='bbox 934 4806 1205 4862; x_wconf 80' lang='lat' dir='ltr'><strong>Fundavit</strong></span> <span class='ocrx_word' id='word_1_615' title='bbox 1239 4806 1383 4861; x_wconf 91' lang='lat' dir='ltr'><strong>enim</strong></span> <span class='ocrx_word' id='word_1_616' title='bbox 1420 4804 1714 4860; x_wconf 86' lang='lat' dir='ltr'><strong>Ecclesiam</strong></span> <span class='ocrx_word' id='word_1_617' title='bbox 1748 4817 1911 4872; x_wconf 86' lang='lat' dir='ltr'><strong>supra</strong></span> <span class='ocrx_word' id='word_1_618' title='bbox 1938 4812 2167 4873; x_wconf 84' lang='lat' dir='ltr'><strong>petram,</strong></span> <span class='ocrx_word' id='word_1_619' title='bbox 2196 4811 2248 4855; x_wconf 88' lang='lat' dir='ltr'><strong>et</strong></span> 
     </span>
    </p>
   </div>
   <div class='ocr_carea' id='block_1_93' title="bbox 689 4893 2249 4973">
    <p class='ocr_par' dir='ltr' id='par_1_93' title="bbox 689 4893 2249 4973">
     <span class='ocr_line' id='line_1_93' title="bbox 689 4893 2249 4973; baseline -0.006 -17"><span class='ocrx_word' id='word_1_620' title='bbox 689 4911 858 4973; x_wconf 64' lang='lat' dir='ltr'><strong>portae</strong></span> <span class='ocrx_word' id='word_1_621' title='bbox 890 4899 1048 4956; x_wconf 79' lang='lat' dir='ltr'><strong>inferi</strong></span> <span class='ocrx_word' id='word_1_622' title='bbox 1079 4917 1186 4957; x_wconf 92' lang='lat' dir='ltr'><strong>non</strong></span> <span class='ocrx_word' id='word_1_623' title='bbox 1223 4899 1591 4971; x_wconf 74' lang='lat' dir='ltr'><strong>praevalebunt</strong></span> <span class='ocrx_word' id='word_1_624' title='bbox 1617 4897 1880 4952; x_wconf 85' lang='lat' dir='ltr'><strong>adversus</strong></span> <span class='ocrx_word' id='word_1_625' title='bbox 1909 4910 2051 4949; x_wconf 88' lang='lat' dir='ltr'><strong>eam.</strong></span> <span class='ocrx_word' id='word_1_626' title='bbox 2089 4893 2249 4947; x_wconf 73' lang='lat' dir='ltr'><strong>ludi-</strong></span> 
     </span>
    </p>
   </div>
   <div class='ocr_carea' id='block_1_94' title="bbox 688 4986 2251 5065">
    <p class='ocr_par' dir='ltr' id='par_1_94' title="bbox 688 4986 2251 5065">
     <span class='ocr_line' id='line_1_94' title="bbox 688 4986 2251 5065; baseline -0.005 -16"><span class='ocrx_word' id='word_1_627' title='bbox 688 4994 828 5049; x_wconf 81' lang='lat' dir='ltr'><strong>cabit</strong></span> <span class='ocrx_word' id='word_1_628' title='bbox 862 4992 1078 5065; x_wconf 79' lang='lat' dir='ltr'><strong>populos</strong></span> <span class='ocrx_word' id='word_1_629' title='bbox 1112 4994 1166 5047; x_wconf 89' lang='lat' dir='ltr'><strong>in</strong></span> <span class='ocrx_word' id='word_1_630' title='bbox 1198 4994 1462 5064; x_wconf 69' lang='lat' dir='ltr'><strong>(equitate.</strong></span> <span class='ocrx_word' id='word_1_631' title='bbox 1506 4988 1668 5045; x_wconf 80' lang='lat' dir='ltr'><strong>Venit</strong></span> <span class='ocrx_word' id='word_1_632' title='bbox 1716 4990 1863 5044; x_wconf 89' lang='lat' dir='ltr'><strong>enim</strong></span> <span class='ocrx_word' id='word_1_633' title='bbox 1906 4997 1959 5043; x_wconf 94' lang='lat' dir='ltr'><strong>et</strong></span> <span class='ocrx_word' id='word_1_634' title='bbox 1986 4986 2251 5057; x_wconf 81' lang='lat' dir='ltr'><strong>judicavit</strong></span> 
     </span>
    </p>
   </div>
   <div class='ocr_carea' id='block_1_95' title="bbox 690 5079 2245 5153">
    <p class='ocr_par' dir='ltr' id='par_1_95' title="bbox 690 5079 2245 5153">
     <span class='ocr_line' id='line_1_95' title="bbox 690 5079 2245 5153; baseline -0.005 -12"><span class='ocrx_word' id='word_1_635' title='bbox 690 5101 911 5143; x_wconf 86' lang='lat' dir='ltr'><strong>causam</strong></span> <span class='ocrx_word' id='word_1_636' title='bbox 942 5095 1207 5150; x_wconf 87' lang='lat' dir='ltr'><strong>nostram,</strong></span> <span class='ocrx_word' id='word_1_637' title='bbox 1236 5095 1290 5140; x_wconf 89' lang='lat' dir='ltr'><strong>et</strong></span> <span class='ocrx_word' id='word_1_638' title='bbox 1320 5084 1596 5153; x_wconf 86' lang='lat' dir='ltr'><strong>improbos</strong></span> <span class='ocrx_word' id='word_1_639' title='bbox 1617 5092 1876 5153; x_wconf 86' lang='lat' dir='ltr'><strong>tyrannos</strong></span> <span class='ocrx_word' id='word_1_640' title='bbox 1904 5081 2109 5149; x_wconf 78' lang='lat' dir='ltr'><strong>exegit,</strong></span> <span class='ocrx_word' id='word_1_641' title='bbox 2140 5079 2245 5133; x_wconf 87' lang='lat' dir='ltr'><strong>im-</strong></span> 
     </span>
    </p>
   </div>
   <div class='ocr_carea' id='block_1_96' title="bbox 693 5176 1430 5246">
    <p class='ocr_par' dir='ltr' id='par_1_96' title="bbox 693 5176 1430 5246">
     <span class='ocr_line' id='line_1_96' title="bbox 693 5176 1430 5246; baseline -0.004 -16"><span class='ocrx_word' id='word_1_642' title='bbox 693 5192 858 5246; x_wconf 83' lang='lat' dir='ltr'><strong>puros</strong></span> <span class='ocrx_word' id='word_1_643' title='bbox 891 5176 1097 5231; x_wconf 82' lang='lat' dir='ltr'><strong>scilicet</strong></span> <span class='ocrx_word' id='word_1_644' title='bbox 1136 5176 1430 5229; x_wconf 68' lang='lat' dir='ltr'><strong>daemones.</strong></span> 
     </span>
    </p>
   </div>
   <div class='ocr_carea' id='block_1_97' title="bbox 768 5260 2250 5323">
    <p class='ocr_par' dir='ltr' id='par_1_97' title="bbox 768 5260 2250 5323">
     <span class='ocr_line' id='line_1_97' title="bbox 768 5260 2250 5323; baseline -0.003 -3"><span class='ocrx_word' id='word_1_645' title='bbox 768 5268 853 5323; x_wconf 79' lang='lat' dir='ltr'><strong>H.</strong></span> <span class='ocrx_word' id='word_1_646' title='bbox 896 5265 1162 5321; x_wconf 67' lang='lat' dir='ltr'><strong>Lwtentur</strong></span> <span class='ocrx_word' id='word_1_647' title='bbox 1204 5265 1320 5319; x_wconf 74' lang='lat' dir='ltr'><strong>ccli</strong></span> <span class='ocrx_word' id='word_1_648' title='bbox 1360 5273 1411 5317; x_wconf 82' lang='lat' dir='ltr'><strong>et</strong></span> <span class='ocrx_word' id='word_1_649' title='bbox 1457 5265 1679 5318; x_wconf 75' lang='lat' dir='ltr'><strong>exsultet</strong></span> <span class='ocrx_word' id='word_1_650' title='bbox 1724 5273 1883 5317; x_wconf 86' lang='lat' dir='ltr'><strong>terra.</strong></span> <span class='ocrx_word' id='word_1_651' title='bbox 1914 5261 2049 5316; x_wconf 92' lang='lat' dir='ltr'><strong>Cum</strong></span> <span class='ocrx_word' id='word_1_652' title='bbox 2083 5260 2250 5315; x_wconf 88' lang='lat' dir='ltr'><strong>totius</strong></span> 
     </span>
    </p>
   </div>
   <div class='ocr_carea' id='block_1_98' title="bbox 694 5353 2250 5425">
    <p class='ocr_par' dir='ltr' id='par_1_98' title="bbox 694 5353 2250 5425">
     <span class='ocr_line' id='line_1_98' title="bbox 694 5353 2250 5425; baseline -0.006 -11"><span class='ocrx_word' id='word_1_653' title='bbox 694 5359 843 5415; x_wconf 83' lang='lat' dir='ltr'><strong>orbis</strong></span> <span class='ocrx_word' id='word_1_654' title='bbox 861 5358 1064 5412; x_wconf 88' lang='lat' dir='ltr'><strong>bonum</strong></span> <span class='ocrx_word' id='word_1_655' title='bbox 1094 5366 1343 5425; x_wconf 78' lang='lat' dir='ltr'><strong>ageretur</strong></span> <span class='ocrx_word' id='word_1_656' title='bbox 1372 5354 1619 5409; x_wconf 80' lang='lat' dir='ltr'><strong>caelestes</strong></span> <span class='ocrx_word' id='word_1_657' title='bbox 1646 5355 1872 5410; x_wconf 79' lang='lat' dir='ltr'><strong>virtutes</strong></span> <span class='ocrx_word' id='word_1_658' title='bbox 1901 5368 2026 5409; x_wconf 91' lang='lat' dir='ltr'><strong>cum</strong></span> <span class='ocrx_word' id='word_1_659' title='bbox 2054 5353 2250 5423; x_wconf 79' lang='lat' dir='ltr'><strong>gaudio</strong></span> 
     </span>
    </p>
   </div>
   <div class='ocr_carea' id='block_1_99' title="bbox 694 5445 2244 5507">
    <p class='ocr_par' dir='ltr' id='par_1_99' title="bbox 694 5445 2244 5507">
     <span class='ocr_line' id='line_1_99' title="bbox 694 5445 2244 5507; baseline -0.005 -1"><span class='ocrx_word' id='word_1_660' title='bbox 694 5450 979 5507; x_wconf 77' lang='lat' dir='ltr'><strong>dicebant:</strong></span> <span class='ocrx_word' id='word_1_661' title='bbox 1014 5446 1191 5501; x_wconf 81' lang='lat' dir='ltr'><strong>Gloria</strong></span> <span class='ocrx_word' id='word_1_662' title='bbox 1223 5446 1277 5499; x_wconf 88' lang='lat' dir='ltr'><strong>in</strong></span> <span class='ocrx_word' id='word_1_663' title='bbox 1312 5445 1525 5500; x_wconf 73' lang='lat' dir='ltr'><strong>excelsis</strong></span> <span class='ocrx_word' id='word_1_664' title='bbox 1570 5446 1669 5499; x_wconf 88' lang='lat' dir='ltr'><strong>Deo</strong></span> <span class='ocrx_word' id='word_1_665' title='bbox 1708 5456 1755 5500; x_wconf 86' lang='lat' dir='ltr'><strong>et</strong></span> <span class='ocrx_word' id='word_1_666' title='bbox 1784 5447 1838 5499; x_wconf 90' lang='lat' dir='ltr'><strong>in</strong></span> <span class='ocrx_word' id='word_1_667' title='bbox 1878 5456 2018 5500; x_wconf 87' lang='lat' dir='ltr'><strong>terra</strong></span> <span class='ocrx_word' id='word_1_668' title='bbox 2061 5445 2244 5498; x_wconf 66' lang='lat' dir='ltr'><strong>nam&quot;.</strong></span> 
     </span>
    </p>
   </div>
   <div class='ocr_carea' id='block_1_100' title="bbox 696 5534 2252 5603">
    <p class='ocr_par' dir='ltr' id='par_1_100' title="bbox 696 5534 2252 5603">
     <span class='ocr_line' id='line_1_100' title="bbox 696 5534 2252 5603; baseline -0.004 -10"><span class='ocrx_word' id='word_1_669' title='bbox 696 5540 1091 5593; x_wconf 74' lang='lat' dir='ltr'><strong>Commoveatur</strong></span> <span class='ocrx_word' id='word_1_670' title='bbox 1118 5552 1261 5589; x_wconf 86' lang='lat' dir='ltr'><strong>mare</strong></span> <span class='ocrx_word' id='word_1_671' title='bbox 1306 5545 1351 5588; x_wconf 87' lang='lat' dir='ltr'><strong>et</strong></span> <span class='ocrx_word' id='word_1_672' title='bbox 1394 5534 1662 5603; x_wconf 76' lang='lat' dir='ltr'><strong>plenitudo</strong></span> <span class='ocrx_word' id='word_1_673' title='bbox 1693 5535 1825 5603; x_wconf 84' lang='lat' dir='ltr'><strong>ejus.</strong></span> <span class='ocrx_word' id='word_1_674' title='bbox 1873 5535 2018 5590; x_wconf 79' lang='lat' dir='ltr'><strong>Mare</strong></span> <span class='ocrx_word' id='word_1_675' title='bbox 2051 5536 2137 5591; x_wconf 86' lang='lat' dir='ltr'><strong>ltie</strong></span> <span class='ocrx_word' id='word_1_676' title='bbox 2175 5537 2252 5588; x_wconf 81' lang='lat' dir='ltr'><strong>si-</strong></span> 
     </span>
    </p>
   </div>
   <div class='ocr_carea' id='block_1_101' title="bbox 698 5623 2250 5701">
    <p class='ocr_par' dir='ltr' id='par_1_101' title="bbox 698 5623 2250 5701">
     <span class='ocr_line' id='line_1_101' title="bbox 698 5623 2250 5701; baseline -0.003 -20"><span class='ocrx_word' id='word_1_677' title='bbox 698 5626 914 5701; x_wconf 77' lang='lat' dir='ltr'><strong>gniﬁcat</strong></span> <span class='ocrx_word' id='word_1_678' title='bbox 938 5626 1175 5696; x_wconf 78' lang='lat' dir='ltr'><strong>gentium</strong></span> <span class='ocrx_word' id='word_1_679' title='bbox 1225 5623 1641 5695; x_wconf 81' lang='lat' dir='ltr'><strong>plenitudinem,</strong></span> <span class='ocrx_word' id='word_1_680' title='bbox 1691 5640 1810 5695; x_wconf 76' lang='lat' dir='ltr'><strong>qua:</strong></span> <span class='ocrx_word' id='word_1_681' title='bbox 1839 5633 2111 5682; x_wconf 81' lang='lat' dir='ltr'><strong>commota</strong></span> <span class='ocrx_word' id='word_1_682' title='bbox 2145 5638 2250 5691; x_wconf 83' lang='lat' dir='ltr'><strong>est,</strong></span> 
     </span>
    </p>
   </div>
   <div class='ocr_carea' id='block_1_102' title="bbox 758 5842 1189 5911">
    <p class='ocr_par' dir='ltr' id='par_1_102' title="bbox 758 5842 1189 5911">
     <span class='ocr_line' id='line_1_102' title="bbox 758 5842 1189 5911; baseline -0.009 -8"><span class='ocrx_word' id='word_1_683' title='bbox 758 5848 803 5880; x_wconf 81' lang='lat'>”</span> <span class='ocrx_word' id='word_1_684' title='bbox 842 5846 973 5906; x_wconf 82' lang='lat' dir='ltr'><strong>an,</strong></span> <span class='ocrx_word' id='word_1_685' title='bbox 1015 5860 1074 5911; x_wconf 91' lang='lat' dir='ltr'><strong>lt,</strong></span> <span class='ocrx_word' id='word_1_686' title='bbox 1111 5842 1189 5900; x_wconf 78' lang='grc'><strong>14.</strong></span> 
     </span>
    </p>
   </div>
   <div class='ocr_carea' id='block_1_103' title="bbox 2273 4593 3910 4687">
    <p class='ocr_par' dir='ltr' id='par_1_103' title="bbox 2273 4593 3910 4687">
     <span class='ocr_line' id='line_1_103' title="bbox 2273 4593 3910 4687; baseline -0.001 -17"><span class='ocrx_word' id='word_1_687' title='bbox 2273 4593 2321 4652; x_wconf 78' lang='lat' dir='ltr'><strong>D</strong></span> <span class='ocrx_word' id='word_1_688' title='bbox 2349 4619 2441 4671; x_wconf 72' lang='grc' dir='ltr'><strong>καὶ</strong></span> <span class='ocrx_word' id='word_1_689' title='bbox 2468 4617 2628 4670; x_wconf 72' lang='grc' dir='ltr'>οἱονεὶ</span> <span class='ocrx_word' id='word_1_690' title='bbox 2662 4616 2763 4687; x_wconf 81' lang='grc' dir='ltr'><strong>τῆς</strong></span> <span class='ocrx_word' id='word_1_691' title='bbox 2779 4593 3058 4687; x_wconf 75' lang='grc' dir='ltr'>προτέρας</span> <span class='ocrx_word' id='word_1_692' title='bbox 3098 4616 3337 4679; x_wconf 74' lang='grc' dir='ltr'>στάσεως</span> <span class='ocrx_word' id='word_1_693' title='bbox 3378 4614 3621 4669; x_wconf 81' lang='grc' dir='ltr'>σαλεύειν</span> <span class='ocrx_word' id='word_1_694' title='bbox 3650 4593 3750 4686; x_wconf 71' lang='grc' dir='ltr'>τὴν</span> <span class='ocrx_word' id='word_1_695' title='bbox 3782 4593 3910 4686; x_wconf 65' lang='grc' dir='ltr'>γῆν.</span> 
     </span>
    </p>
   </div>
   <div class='ocr_carea' id='block_1_104' title="bbox 2416 4705 3919 4778">
    <p class='ocr_par' dir='ltr' id='par_1_104' title="bbox 2416 4705 3919 4778">
     <span class='ocr_line' id='line_1_104' title="bbox 2416 4705 3919 4778; baseline -0.003 -15"><span class='ocrx_word' id='word_1_696' title='bbox 2416 4708 2527 4763; x_wconf 75' lang='grc' dir='ltr'><strong>Καὶ</strong></span> <span class='ocrx_word' id='word_1_697' title='bbox 2547 4707 2657 4778; x_wconf 79' lang='grc' dir='ltr'><strong>τὰρ</strong></span> <span class='ocrx_word' id='word_1_698' title='bbox 2683 4706 3025 4775; x_wconf 83' lang='grc' dir='ltr'>κατώρθωσε</span> <span class='ocrx_word' id='word_1_699' title='bbox 3046 4705 3158 4774; x_wconf 80' lang='grc' dir='ltr'>τὴν</span> <span class='ocrx_word' id='word_1_700' title='bbox 3177 4705 3537 4775; x_wconf 78' lang='grc' dir='ltr'>οίκουμένην</span> <span class='ocrx_word' id='word_1_701' title='bbox 3559 4705 3691 4773; x_wconf 82' lang='grc' dir='ltr'>ἣτις</span> <span class='ocrx_word' id='word_1_702' title='bbox 3713 4708 3787 4761; x_wconf 85' lang='grc' dir='ltr'>οὐ</span> <span class='ocrx_word' id='word_1_703' title='bbox 3820 4724 3919 4760; x_wconf 86' lang='grc' dir='ltr'>σα-</span> 
     </span>
    </p>
   </div>
   <div class='ocr_carea' id='block_1_105' title="bbox 2350 4795 3917 4867">
    <p class='ocr_par' dir='ltr' id='par_1_105' title="bbox 2350 4795 3917 4867">
     <span class='ocr_line' id='line_1_105' title="bbox 2350 4795 3917 4867; baseline -0.003 -14"><span class='ocrx_word' id='word_1_704' title='bbox 2350 4797 2727 4865; x_wconf 75' lang='grc' dir='ltr'>λευθήσεται.</span> <span class='ocrx_word' id='word_1_705' title='bbox 2776 4796 3131 4867; x_wconf 82' lang='grc' dir='ltr'>Ἐθεμελίωσε</span> <span class='ocrx_word' id='word_1_706' title='bbox 3162 4796 3269 4867; x_wconf 86' lang='grc' dir='ltr'>γὰρ</span> <span class='ocrx_word' id='word_1_707' title='bbox 3310 4795 3403 4849; x_wconf 76' lang='grc' dir='ltr'><strong>ἐπὶ</strong></span> <span class='ocrx_word' id='word_1_708' title='bbox 3438 4796 3535 4866; x_wconf 82' lang='grc' dir='ltr'>τὴν</span> <span class='ocrx_word' id='word_1_709' title='bbox 3580 4796 3790 4867; x_wconf 81' lang='grc' dir='ltr'>πέτραν</span> <span class='ocrx_word' id='word_1_710' title='bbox 3821 4798 3917 4867; x_wconf 73' lang='grc' dir='ltr'><strong>τὴν</strong></span> 
     </span>
    </p>
   </div>
   <div class='ocr_carea' id='block_1_106' title="bbox 2365 4887 3915 4959">
    <p class='ocr_par' dir='ltr' id='par_1_106' title="bbox 2365 4887 3915 4959">
     <span class='ocr_line' id='line_1_106' title="bbox 2365 4887 3915 4959; baseline -0.001 -16"><span class='ocrx_word' id='word_1_711' title='bbox 2365 4889 2711 4959; x_wconf 83' lang='grc' dir='ltr'>Ἐκκλησίαν,</span> <span class='ocrx_word' id='word_1_712' title='bbox 2742 4890 2833 4943; x_wconf 72' lang='grc' dir='ltr'><strong>καὶ</strong></span> <span class='ocrx_word' id='word_1_713' title='bbox 2859 4888 3021 4941; x_wconf 86' lang='grc' dir='ltr'>πύλαι</span> <span class='ocrx_word' id='word_1_714' title='bbox 3045 4888 3170 4959; x_wconf 75' lang='grc' dir='ltr'>ᾅδου</span> <span class='ocrx_word' id='word_1_715' title='bbox 3190 4888 3251 4941; x_wconf 83' lang='grc' dir='ltr'><strong>οὑ</strong></span> <span class='ocrx_word' id='word_1_716' title='bbox 3276 4887 3691 4958; x_wconf 85' lang='grc' dir='ltr'>κατισχύσουσιν</span> <span class='ocrx_word' id='word_1_717' title='bbox 3725 4889 3915 4959; x_wconf 82' lang='grc' dir='ltr'>αὐτῆς.</span> 
     </span>
    </p>
   </div>
   <div class='ocr_carea' id='block_1_107' title="bbox 2352 4975 3917 5051">
    <p class='ocr_par' dir='ltr' id='par_1_107' title="bbox 2352 4975 3917 5051">
     <span class='ocr_line' id='line_1_107' title="bbox 2352 4975 3917 5051; baseline -0.003 -15"><span class='ocrx_word' id='word_1_718' title='bbox 2352 4980 2556 5051; x_wconf 82' lang='grc' dir='ltr'>Κρινεῖ</span> <span class='ocrx_word' id='word_1_719' title='bbox 2571 4980 2759 5047; x_wconf 68' lang='grc' dir='ltr'>λαοὺς</span> <span class='ocrx_word' id='word_1_720' title='bbox 2786 4980 2854 5034; x_wconf 84' lang='grc' dir='ltr'><strong>ἐν</strong></span> <span class='ocrx_word' id='word_1_721' title='bbox 2874 4982 3171 5048; x_wconf 81' lang='grc' dir='ltr'>εὐθύτητι.</span> <span class='ocrx_word' id='word_1_722' title='bbox 3211 4975 3379 5033; x_wconf 86' lang='grc' dir='ltr'>Ἦλθε</span> <span class='ocrx_word' id='word_1_723' title='bbox 3412 4980 3519 5051; x_wconf 82' lang='grc' dir='ltr'><strong>γὰρ</strong></span> <span class='ocrx_word' id='word_1_724' title='bbox 3561 4978 3657 5032; x_wconf 76' lang='grc' dir='ltr'><strong>καὶ</strong></span> <span class='ocrx_word' id='word_1_725' title='bbox 3700 4978 3917 5035; x_wconf 79' lang='grc' dir='ltr'>ἐδίκασε</span> 
     </span>
    </p>
   </div>
   <div class='ocr_carea' id='block_1_108' title="bbox 2348 5072 3896 5151">
    <p class='ocr_par' dir='ltr' id='par_1_108' title="bbox 2348 5072 3896 5151">
     <span class='ocr_line' id='line_1_108' title="bbox 2348 5072 3896 5151; baseline -0.003 -20"><span class='ocrx_word' id='word_1_726' title='bbox 2348 5078 2446 5149; x_wconf 78' lang='grc' dir='ltr'>τὴν</span> <span class='ocrx_word' id='word_1_727' title='bbox 2478 5077 2657 5151; x_wconf 85' lang='grc' dir='ltr'>κρίσιν</span> <span class='ocrx_word' id='word_1_728' title='bbox 2685 5078 2861 5147; x_wconf 77' lang='grc' dir='ltr'>ἡμῶν,</span> <span class='ocrx_word' id='word_1_729' title='bbox 2888 5077 2981 5130; x_wconf 70' lang='grc' dir='ltr'>καὶ</span> <span class='ocrx_word' id='word_1_730' title='bbox 3009 5076 3134 5140; x_wconf 75' lang='grc' dir='ltr'>τοὺς</span> <span class='ocrx_word' id='word_1_731' title='bbox 3194 5076 3461 5147; x_wconf 84' lang='grc' dir='ltr'>πονηροὺς</span> <span class='ocrx_word' id='word_1_732' title='bbox 3503 5072 3811 5146; x_wconf 73' lang='grc' dir='ltr'>τυράννους</span> <span class='ocrx_word' id='word_1_733' title='bbox 3837 5074 3896 5140; x_wconf 72' lang='grc' dir='ltr'><strong>ἐξ</strong></span> 
     </span>
    </p>
   </div>
   <div class='ocr_carea' id='block_1_109' title="bbox 2349 5168 3531 5242">
    <p class='ocr_par' dir='ltr' id='par_1_109' title="bbox 2349 5168 3531 5242">
     <span class='ocr_line' id='line_1_109' title="bbox 2349 5168 3531 5242; baseline -0.003 -18"><span class='ocrx_word' id='word_1_734' title='bbox 2349 5170 2530 5239; x_wconf 76' lang='grc' dir='ltr'>έδαλε,</span> <span class='ocrx_word' id='word_1_735' title='bbox 2561 5171 2685 5233; x_wconf 80' lang='grc' dir='ltr'>τοὺς</span> <span class='ocrx_word' id='word_1_736' title='bbox 2714 5168 3055 5242; x_wconf 79' lang='grc' dir='ltr'>ἀκαθάρτους</span> <span class='ocrx_word' id='word_1_737' title='bbox 3089 5168 3221 5239; x_wconf 77' lang='grc' dir='ltr'>φησὶ</span> <span class='ocrx_word' id='word_1_738' title='bbox 3247 5168 3531 5238; x_wconf 82' lang='grc' dir='ltr'>δαίμονας.</span> 
     </span>
    </p>
   </div>
   <div class='ocr_carea' id='block_1_110' title="bbox 2416 5258 3919 5332">
    <p class='ocr_par' dir='ltr' id='par_1_110' title="bbox 2416 5258 3919 5332">
     <span class='ocr_line' id='line_1_110' title="bbox 2416 5258 3919 5332; baseline -0.003 -17"><span class='ocrx_word' id='word_1_739' title='bbox 2416 5260 2958 5332; x_wconf 73' lang='grc' dir='ltr'>Εὑφραινέσθωσαν</span> <span class='ocrx_word' id='word_1_740' title='bbox 2985 5265 3036 5315; x_wconf 79' lang='grc' dir='ltr'><strong>οι</strong></span> <span class='ocrx_word' id='word_1_741' title='bbox 3075 5261 3336 5329; x_wconf 80' lang='grc' dir='ltr'>οὐρανοί,</span> <span class='ocrx_word' id='word_1_742' title='bbox 3384 5259 3481 5314; x_wconf 82' lang='grc' dir='ltr'><strong>καί</strong></span> <span class='ocrx_word' id='word_1_743' title='bbox 3528 5258 3919 5329; x_wconf 62' lang='grc' dir='ltr'>ἀγαλλιᾶσθε)</span> 
     </span>
    </p>
   </div>
   <div class='ocr_carea' id='block_1_111' title="bbox 2350 5348 3915 5425">
    <p class='ocr_par' dir='ltr' id='par_1_111' title="bbox 2350 5348 3915 5425">
     <span class='ocr_line' id='line_1_111' title="bbox 2350 5348 3915 5425; baseline -0.008 -12"><span class='ocrx_word' id='word_1_744' title='bbox 2350 5357 2389 5423; x_wconf 78' lang='grc' dir='ltr'><strong>ἠ</strong></span> <span class='ocrx_word' id='word_1_745' title='bbox 2424 5356 2519 5425; x_wconf 73' lang='grc' dir='ltr'>γῆ.</span> <span class='ocrx_word' id='word_1_746' title='bbox 2568 5354 2689 5407; x_wconf 75' lang='grc' dir='ltr'>Ἐπὶ</span> <span class='ocrx_word' id='word_1_747' title='bbox 2715 5362 2822 5425; x_wconf 80' lang='grc' dir='ltr'><strong>γαρ</strong></span> <span class='ocrx_word' id='word_1_748' title='bbox 2847 5356 2913 5425; x_wconf 80' lang='grc' dir='ltr'>τῇ</span> <span class='ocrx_word' id='word_1_749' title='bbox 2962 5350 3294 5424; x_wconf 82' lang='grc' dir='ltr'>κατορθώσει</span> <span class='ocrx_word' id='word_1_750' title='bbox 3345 5350 3445 5421; x_wconf 84' lang='grc' dir='ltr'>τῆς</span> <span class='ocrx_word' id='word_1_751' title='bbox 3494 5348 3824 5419; x_wconf 88' lang='grc' dir='ltr'>οἰκουμένης</span> <span class='ocrx_word' id='word_1_752' title='bbox 3862 5350 3915 5400; x_wconf 89' lang='grc' dir='ltr'><strong>αἰ</strong></span> 
     </span>
    </p>
   </div>
   <div class='ocr_carea' id='block_1_112' title="bbox 2353 5439 3916 5517">
    <p class='ocr_par' dir='ltr' id='par_1_112' title="bbox 2353 5439 3916 5517">
     <span class='ocr_line' id='line_1_112' title="bbox 2353 5439 3916 5517; baseline -0.005 -18"><span class='ocrx_word' id='word_1_753' title='bbox 2353 5448 2595 5517; x_wconf 73' lang='grc' dir='ltr'>οὐράνιαι</span> <span class='ocrx_word' id='word_1_754' title='bbox 2625 5445 2878 5515; x_wconf 80' lang='grc' dir='ltr'>δυνάμεις</span> <span class='ocrx_word' id='word_1_755' title='bbox 2900 5444 3132 5509; x_wconf 78' lang='grc' dir='ltr'>ἔφασκον</span> <span class='ocrx_word' id='word_1_756' title='bbox 3162 5442 3446 5513; x_wconf 83' lang='grc' dir='ltr'>χαίρουσαι</span> <span class='ocrx_word' id='word_1_757' title='bbox 3466 5458 3479 5469; x_wconf 92' lang='grc'><strong>·</strong></span> <span class='ocrx_word' id='word_1_758' title='bbox 3510 5439 3663 5503; x_wconf 82' lang='grc' dir='ltr'>Δόξα</span> <span class='ocrx_word' id='word_1_759' title='bbox 3687 5439 3758 5492; x_wconf 74' lang='grc' dir='ltr'><strong>ἐν</strong></span> <span class='ocrx_word' id='word_1_760' title='bbox 3778 5439 3916 5507; x_wconf 59' lang='lat' dir='ltr'><strong>ow-</strong></span> 
     </span>
    </p>
   </div>
   <div class='ocr_carea' id='block_1_113' title="bbox 2356 5527 3914 5605">
    <p class='ocr_par' dir='ltr' id='par_1_113' title="bbox 2356 5527 3914 5605">
     <span class='ocr_line' id='line_1_113' title="bbox 2356 5527 3914 5605; baseline -0.006 -14"><span class='ocrx_word' id='word_1_761' title='bbox 2356 5554 2522 5604; x_wconf 86' lang='grc' dir='ltr'>στοις</span> <span class='ocrx_word' id='word_1_762' title='bbox 2553 5534 2673 5602; x_wconf 80' lang='grc' dir='ltr'><strong>Θεῷ</strong></span> <span class='ocrx_word' id='word_1_763' title='bbox 2700 5537 2795 5589; x_wconf 82' lang='grc' dir='ltr'><strong>καί</strong></span> <span class='ocrx_word' id='word_1_764' title='bbox 2821 5535 2919 5589; x_wconf 75' lang='grc' dir='ltr'><strong>ἐπὶ</strong></span> <span class='ocrx_word' id='word_1_765' title='bbox 2947 5534 3056 5605; x_wconf 76' lang='grc' dir='ltr'>γῆς</span> <span class='ocrx_word' id='word_1_766' title='bbox 3085 5533 3309 5601; x_wconf 82' lang='grc' dir='ltr'>εἰρήνη.</span> <span class='ocrx_word' id='word_1_767' title='bbox 3343 5529 3697 5598; x_wconf 67' lang='grc' dir='ltr'>Σαλευθήτω</span> <span class='ocrx_word' id='word_1_768' title='bbox 3743 5531 3781 5597; x_wconf 79' lang='grc' dir='ltr'>ἠ</span> <span class='ocrx_word' id='word_1_769' title='bbox 3816 5527 3914 5582; x_wconf 79' lang='grc' dir='ltr'><strong>θά-</strong></span> 
     </span>
    </p>
   </div>
   <div class='ocr_carea' id='block_1_114' title="bbox 2353 5617 3914 5694">
    <p class='ocr_par' dir='ltr' id='par_1_114' title="bbox 2353 5617 3914 5694">
     <span class='ocr_line' id='line_1_114' title="bbox 2353 5617 3914 5694; baseline -0.006 -14"><span class='ocrx_word' id='word_1_770' title='bbox 2353 5631 2559 5683; x_wconf 70' lang='grc' dir='ltr'>λασσα</span> <span class='ocrx_word' id='word_1_771' title='bbox 2577 5625 2671 5679; x_wconf 82' lang='grc' dir='ltr'><strong>καί</strong></span> <span class='ocrx_word' id='word_1_772' title='bbox 2700 5625 2764 5679; x_wconf 80' lang='grc' dir='ltr'>τὸ</span> <span class='ocrx_word' id='word_1_773' title='bbox 2781 5624 3068 5694; x_wconf 67' lang='grc' dir='ltr'>πλήρωμα</span> <span class='ocrx_word' id='word_1_774' title='bbox 3086 5620 3293 5691; x_wconf 80' lang='grc' dir='ltr'>αὐτῆς.</span> <span class='ocrx_word' id='word_1_775' title='bbox 3317 5620 3603 5676; x_wconf 75' lang='grc' dir='ltr'>Θάλασσαν</span> <span class='ocrx_word' id='word_1_776' title='bbox 3628 5621 3686 5672; x_wconf 74' lang='grc' dir='ltr'><strong>ὲν</strong></span> <span class='ocrx_word' id='word_1_777' title='bbox 3712 5617 3914 5677; x_wconf 82' lang='grc' dir='ltr'>τούτοις</span> 
     </span>
    </p>
   </div>
  </div>
