  <div class='ocr_page' id='page_1' title='image "/cluster/home/n/w/nwhite01/storage/ocr_20150623/27/uva.x030474749/218.png"; bbox 0 0 4126 6496; ppageno 0'>
   <div class='ocr_carea' id='block_1_1' title="bbox 194 437 2341 511">
    <p class='ocr_par' dir='ltr' id='par_1_1' title="bbox 194 437 2341 511">
     <span class='ocr_line' id='line_1_1' title="bbox 194 437 2341 511; baseline -0.006 -2"><span class='ocrx_word' id='word_1_1' title='bbox 194 452 285 511; x_wconf 74' lang='grc' dir='ltr'><strong><em>ιιτ</em></strong></span> <span class='ocrx_word' id='word_1_2' title='bbox 1273 442 1636 500; x_wconf 72' lang='lat' dir='ltr'><strong><em>EXPOSITIO</em></strong></span> <span class='ocrx_word' id='word_1_3' title='bbox 1683 437 1750 494; x_wconf 80' lang='lat' dir='ltr'><strong><em>IN</em></strong></span> <span class='ocrx_word' id='word_1_4' title='bbox 1792 437 2127 497; x_wconf 73' lang='lat' dir='ltr'><strong><em>PSALMUM</em></strong></span> <span class='ocrx_word' id='word_1_5' title='bbox 2157 439 2341 496; x_wconf 80' lang='lat' dir='ltr'><strong><em>XCVI.</em></strong></span> 
     </span>
    </p>
   </div>
   <div class='ocr_carea' id='block_1_2' title="bbox 3307 441 3415 497">
    <p class='ocr_par' dir='ltr' id='par_1_2' title="bbox 3307 441 3415 497">
     <span class='ocr_line' id='line_1_2' title="bbox 3307 441 3415 497; baseline 0.019 -2"><span class='ocrx_word' id='word_1_6' title='bbox 3307 441 3415 497; x_wconf 76' lang='grc' dir='ltr'><strong><em>ιιε</em></strong></span> 
     </span>
    </p>
   </div>
   <div class='ocr_carea' id='block_1_3' title="bbox 195 555 1755 640">
    <p class='ocr_par' dir='ltr' id='par_1_3' title="bbox 195 560 1750 640">
     <span class='ocr_line' id='line_1_3' title="bbox 195 560 1750 640; baseline -0.008 -16"><span class='ocrx_word' id='word_1_7' title='bbox 195 572 287 624; x_wconf 81' lang='grc' dir='ltr'>τῶν</span> <span class='ocrx_word' id='word_1_8' title='bbox 316 569 481 623; x_wconf 80' lang='grc' dir='ltr'>έθνῶν</span> <span class='ocrx_word' id='word_1_9' title='bbox 500 568 757 640; x_wconf 74' lang='grc' dir='ltr'><strong><em>σημαίνει</em></strong></span> <span class='ocrx_word' id='word_1_10' title='bbox 778 567 876 639; x_wconf 76' lang='grc' dir='ltr'>τὴν</span> <span class='ocrx_word' id='word_1_11' title='bbox 896 564 1123 634; x_wconf 70' lang='grc' dir='ltr'>πληθὺν,</span> <span class='ocrx_word' id='word_1_12' title='bbox 1146 563 1265 634; x_wconf 63' lang='grc' dir='ltr'>ἥτις</span> <span class='ocrx_word' id='word_1_13' title='bbox 1286 562 1377 616; x_wconf 71' lang='grc' dir='ltr'>καὶ</span> <span class='ocrx_word' id='word_1_14' title='bbox 1403 560 1722 615; x_wconf 81' lang='grc' dir='ltr'>σεσάλευται</span> <span class='ocrx_word' id='word_1_15' title='bbox 1737 575 1750 590; x_wconf 83' lang='grc'><em>’</em></span> 
     </span>
    </p>
   </div>
   <div class='ocr_carea' id='block_1_4' title="bbox 1859 555 3419 640">
    <p class='ocr_par' dir='ltr' id='par_1_4' title="bbox 1859 555 3419 628">
     <span class='ocr_line' id='line_1_4' title="bbox 1859 555 3419 628; baseline 0.004 -19"><span class='ocrx_word' id='word_1_16' title='bbox 1859 555 1908 610; x_wconf 84' lang='lat' dir='ltr'><strong><em>id</em></strong></span> <span class='ocrx_word' id='word_1_17' title='bbox 1968 567 2053 613; x_wconf 91' lang='lat' dir='ltr'><strong><em>est</em></strong></span> <span class='ocrx_word' id='word_1_18' title='bbox 2099 559 2165 612; x_wconf 89' lang='lat' dir='ltr'><strong><em>ad</em></strong></span> <span class='ocrx_word' id='word_1_19' title='bbox 2221 557 2586 628; x_wconf 76' lang='lat' dir='ltr'><strong><em>recipiendam</em></strong></span> <span class='ocrx_word' id='word_1_20' title='bbox 2651 556 3092 628; x_wconf 58' lang='lat' dir='ltr'><strong><em>medicationem</em></strong></span> <span class='ocrx_word' id='word_1_21' title='bbox 3163 555 3419 615; x_wconf 79' lang='lat' dir='ltr'><strong><em>deducta.</em></strong></span> 
     </span>
    </p>
   </div>
   <div class='ocr_carea' id='block_1_5' title="bbox 193 653 1747 726">
    <p class='ocr_par' dir='ltr' id='par_1_5' title="bbox 193 653 1747 726">
     <span class='ocr_line' id='line_1_5' title="bbox 193 653 1747 726; baseline -0.007 -10"><span class='ocrx_word' id='word_1_22' title='bbox 193 663 447 716; x_wconf 72' lang='grc' dir='ltr'><strong><em>τουτέστιν</em></strong></span> <span class='ocrx_word' id='word_1_23' title='bbox 481 663 561 724; x_wconf 87' lang='grc' dir='ltr'><strong><em>εἰς</em></strong></span> <span class='ocrx_word' id='word_1_24' title='bbox 589 660 651 713; x_wconf 77' lang='grc' dir='ltr'>τὸ</span> <span class='ocrx_word' id='word_1_25' title='bbox 676 657 1030 723; x_wconf 78' lang='grc' dir='ltr'>ὐποδέξασθαι</span> <span class='ocrx_word' id='word_1_26' title='bbox 1063 656 1124 709; x_wconf 87' lang='grc' dir='ltr'>τὸ</span> <span class='ocrx_word' id='word_1_27' title='bbox 1150 656 1412 726; x_wconf 77' lang='grc' dir='ltr'>κήρυγμα</span> <span class='ocrx_word' id='word_1_28' title='bbox 1443 653 1747 722; x_wconf 75' lang='grc' dir='ltr'><strong><em>κεκίνηται.</em></strong></span> 
     </span>
    </p>
   </div>
   <div class='ocr_carea' id='block_1_6' title="bbox 196 742 1754 820">
    <p class='ocr_par' dir='ltr' id='par_1_6' title="bbox 196 742 1754 820">
     <span class='ocr_line' id='line_1_6' title="bbox 196 742 1754 820; baseline -0.006 -14"><span class='ocrx_word' id='word_1_29' title='bbox 196 753 508 820; x_wconf 63' lang='lat' dir='ltr'><strong><em>Nuptiae-tat</em></strong></span> <span class='ocrx_word' id='word_1_30' title='bbox 531 751 605 804; x_wconf 81' lang='grc' dir='ltr'>τὰ</span> <span class='ocrx_word' id='word_1_31' title='bbox 642 749 816 803; x_wconf 81' lang='grc' dir='ltr'><strong><em>πεδία</em></strong></span> <span class='ocrx_word' id='word_1_32' title='bbox 839 749 936 803; x_wconf 79' lang='grc' dir='ltr'>καὶ</span> <span class='ocrx_word' id='word_1_33' title='bbox 971 747 1166 801; x_wconf 81' lang='grc' dir='ltr'>πάντα</span> <span class='ocrx_word' id='word_1_34' title='bbox 1190 747 1261 800; x_wconf 85' lang='grc' dir='ltr'>τὰ</span> <span class='ocrx_word' id='word_1_35' title='bbox 1277 746 1346 798; x_wconf 84' lang='grc' dir='ltr'>ἐν</span> <span class='ocrx_word' id='word_1_36' title='bbox 1371 743 1601 808; x_wconf 81' lang='grc' dir='ltr'>αὐτοῖς·</span> <span class='ocrx_word' id='word_1_37' title='bbox 1621 742 1754 796; x_wconf 87' lang='grc' dir='ltr'>τότε</span> 
     </span>
    </p>
   </div>
   <div class='ocr_carea' id='block_1_7' title="bbox 196 829 1756 910">
    <p class='ocr_par' dir='ltr' id='par_1_7' title="bbox 196 829 1756 910">
     <span class='ocr_line' id='line_1_7' title="bbox 196 829 1756 910; baseline -0.009 -14"><span class='ocrx_word' id='word_1_38' title='bbox 196 840 648 910; x_wconf 63' lang='grc' dir='ltr'>ἀγαλλιάσονται</span> <span class='ocrx_word' id='word_1_39' title='bbox 692 837 888 892; x_wconf 83' lang='grc' dir='ltr'>πάντα</span> <span class='ocrx_word' id='word_1_40' title='bbox 933 835 1003 890; x_wconf 84' lang='grc' dir='ltr'>τὰ</span> <span class='ocrx_word' id='word_1_41' title='bbox 1027 835 1184 900; x_wconf 75' lang='grc' dir='ltr'>ξύλα</span> <span class='ocrx_word' id='word_1_42' title='bbox 1211 833 1316 886; x_wconf 87' lang='grc' dir='ltr'>τοῦ</span> <span class='ocrx_word' id='word_1_43' title='bbox 1348 830 1593 901; x_wconf 80' lang='grc' dir='ltr'><strong><em>δρυμοῦ.</em></strong></span> <span class='ocrx_word' id='word_1_44' title='bbox 1657 829 1756 883; x_wconf 79' lang='grc' dir='ltr'>Διά</span> 
     </span>
    </p>
   </div>
   <div class='ocr_carea' id='block_1_8' title="bbox 197 922 1755 1002">
    <p class='ocr_par' dir='ltr' id='par_1_8' title="bbox 197 922 1755 1002">
     <span class='ocr_line' id='line_1_8' title="bbox 197 922 1755 1002; baseline -0.007 -16"><span class='ocrx_word' id='word_1_45' title='bbox 197 933 289 986; x_wconf 72' lang='grc' dir='ltr'><strong><em>τῶν</em></strong></span> <span class='ocrx_word' id='word_1_46' title='bbox 337 934 533 986; x_wconf 82' lang='grc' dir='ltr'>πεδίων</span> <span class='ocrx_word' id='word_1_47' title='bbox 564 932 659 986; x_wconf 75' lang='grc' dir='ltr'>καὶ</span> <span class='ocrx_word' id='word_1_48' title='bbox 715 931 820 1002; x_wconf 79' lang='grc' dir='ltr'>μὴν</span> <span class='ocrx_word' id='word_1_49' title='bbox 871 928 966 982; x_wconf 74' lang='grc' dir='ltr'>καὶ</span> <span class='ocrx_word' id='word_1_50' title='bbox 1020 926 1130 980; x_wconf 83' lang='grc' dir='ltr'><strong><em>τῶν</em></strong></span> <span class='ocrx_word' id='word_1_51' title='bbox 1169 925 1340 992; x_wconf 74' lang='grc' dir='ltr'>ξύλων</span> <span class='ocrx_word' id='word_1_52' title='bbox 1392 924 1552 993; x_wconf 82' lang='grc' dir='ltr'>ἁγίας</span> <span class='ocrx_word' id='word_1_53' title='bbox 1577 922 1755 994; x_wconf 78' lang='grc' dir='ltr'>ψυχὰς</span> 
     </span>
    </p>
   </div>
   <div class='ocr_carea' id='block_1_9' title="bbox 199 1012 1754 1095">
    <p class='ocr_par' dir='ltr' id='par_1_9' title="bbox 199 1012 1754 1095">
     <span class='ocr_line' id='line_1_9' title="bbox 199 1012 1754 1095; baseline -0.005 -19"><span class='ocrx_word' id='word_1_54' title='bbox 199 1019 316 1076; x_wconf 78' lang='grc' dir='ltr'>είναι</span> <span class='ocrx_word' id='word_1_55' title='bbox 348 1023 626 1095; x_wconf 76' lang='grc' dir='ltr'><strong><em>σημαίνει,</em></strong></span> <span class='ocrx_word' id='word_1_56' title='bbox 657 1022 714 1077; x_wconf 82' lang='grc' dir='ltr'><strong><em>αἶ</em></strong></span> <span class='ocrx_word' id='word_1_57' title='bbox 745 1021 838 1074; x_wconf 72' lang='grc' dir='ltr'><strong><em>ἐπὶ</em></strong></span> <span class='ocrx_word' id='word_1_58' title='bbox 862 1023 927 1090; x_wconf 80' lang='grc' dir='ltr'>τῇ</span> <span class='ocrx_word' id='word_1_59' title='bbox 951 1018 1044 1072; x_wconf 83' lang='grc' dir='ltr'><strong><em>τοῦ</em></strong></span> <span class='ocrx_word' id='word_1_60' title='bbox 1071 1019 1277 1090; x_wconf 78' lang='grc' dir='ltr'><strong><em>κόσμου</em></strong></span> <span class='ocrx_word' id='word_1_61' title='bbox 1310 1015 1554 1088; x_wconf 72' lang='grc' dir='ltr'>σωτηρίᾳ</span> <span class='ocrx_word' id='word_1_62' title='bbox 1582 1012 1754 1084; x_wconf 70' lang='grc' dir='ltr'>ἠγαλ-</span> 
     </span>
    </p>
   </div>
   <div class='ocr_carea' id='block_1_10' title="bbox 197 1116 450 1169">
    <p class='ocr_par' dir='ltr' id='par_1_10' title="bbox 197 1116 450 1169">
     <span class='ocr_line' id='line_1_10' title="bbox 197 1116 450 1169; baseline 0.008 -2"><span class='ocrx_word' id='word_1_63' title='bbox 197 1116 450 1169; x_wconf 71' lang='grc' dir='ltr'>λιὰσαντο.</span> 
     </span>
    </p>
   </div>
   <div class='ocr_carea' id='block_1_11' title="bbox 199 1200 1756 1275">
    <p class='ocr_par' dir='ltr' id='par_1_11' title="bbox 199 1200 1756 1275">
     <span class='ocr_line' id='line_1_11' title="bbox 199 1200 1756 1275; baseline -0.006 -13"><span class='ocrx_word' id='word_1_64' title='bbox 199 1208 490 1264; x_wconf 66' lang='grc' dir='ltr'><strong><em>ΥΑΛΜΟΣ</em></strong></span> <span class='ocrx_word' id='word_1_65' title='bbox 536 1205 737 1271; x_wconf 82' lang='grc' dir='ltr'>Δαυῒδ,</span> <span class='ocrx_word' id='word_1_66' title='bbox 801 1206 899 1260; x_wconf 83' lang='grc' dir='ltr'>ὅτε</span> <span class='ocrx_word' id='word_1_67' title='bbox 959 1205 998 1272; x_wconf 76' lang='grc' dir='ltr'>ἡ</span> <span class='ocrx_word' id='word_1_68' title='bbox 1073 1203 1150 1275; x_wconf 71' lang='grc' dir='ltr'>γῆ</span> <span class='ocrx_word' id='word_1_69' title='bbox 1215 1201 1401 1258; x_wconf 87' lang='grc' dir='ltr'>αὑτοῦ</span> <span class='ocrx_word' id='word_1_70' title='bbox 1477 1200 1756 1254; x_wconf 61' lang='grc' dir='ltr'>καθίστα.</span> 
     </span>
    </p>
   </div>
   <div class='ocr_carea' id='block_1_12' title="bbox 826 1299 1106 1365">
    <p class='ocr_par' dir='ltr' id='par_1_12' title="bbox 826 1299 1106 1365">
     <span class='ocr_line' id='line_1_12' title="bbox 826 1299 1106 1365; baseline -0.007 -12"><span class='ocrx_word' id='word_1_71' title='bbox 826 1315 940 1353; x_wconf 84' lang='grc' dir='ltr'>ται.</span> <span class='ocrx_word' id='word_1_72' title='bbox 978 1299 1106 1365; x_wconf 46' lang='lat' dir='ltr'><strong><em>Acr.</em></strong></span> 
     </span>
    </p>
   </div>
   <div class='ocr_carea' id='block_1_13' title="bbox 807 1391 1140 1455">
    <p class='ocr_par' dir='ltr' id='par_1_13' title="bbox 807 1391 1140 1455">
     <span class='ocr_line' id='line_1_13' title="bbox 807 1391 1140 1455; baseline 0.003 -10"><span class='ocrx_word' id='word_1_73' title='bbox 807 1393 820 1411; x_wconf 91' lang='lat'><strong>&#39;</strong></span> <span class='ocrx_word' id='word_1_74' title='bbox 833 1391 1140 1455; x_wconf 75' lang='grc' dir='ltr'>Υπόοεσις.</span> 
     </span>
    </p>
   </div>
   <div class='ocr_carea' id='block_1_14' title="bbox 194 1478 1754 1553">
    <p class='ocr_par' dir='ltr' id='par_1_14' title="bbox 194 1478 1754 1553">
     <span class='ocr_line' id='line_1_14' title="bbox 194 1478 1754 1553; baseline -0.008 -13"><span class='ocrx_word' id='word_1_75' title='bbox 194 1489 346 1543; x_wconf 85' lang='grc' dir='ltr'>Πάλιν</span> <span class='ocrx_word' id='word_1_76' title='bbox 371 1489 460 1540; x_wconf 74' lang='grc' dir='ltr'>καὶ</span> <span class='ocrx_word' id='word_1_77' title='bbox 526 1485 762 1540; x_wconf 77' lang='grc' dir='ltr'>ἐνταῦθα</span> <span class='ocrx_word' id='word_1_78' title='bbox 817 1483 915 1550; x_wconf 77' lang='grc' dir='ltr'>τὴν</span> <span class='ocrx_word' id='word_1_79' title='bbox 959 1481 1232 1553; x_wconf 81' lang='grc' dir='ltr'>σωτηρίαν</span> <span class='ocrx_word' id='word_1_80' title='bbox 1275 1478 1370 1533; x_wconf 77' lang='grc' dir='ltr'><strong><em>τοῦ</em></strong></span> <span class='ocrx_word' id='word_1_81' title='bbox 1404 1479 1609 1550; x_wconf 81' lang='grc' dir='ltr'>κόσμου</span> <span class='ocrx_word' id='word_1_82' title='bbox 1655 1493 1754 1547; x_wconf 86' lang='grc' dir='ltr'>ση-</span> 
     </span>
    </p>
   </div>
   <div class='ocr_carea' id='block_1_15' title="bbox 257 1569 1755 1652">
    <p class='ocr_par' dir='ltr' id='par_1_15' title="bbox 257 1569 1755 1652">
     <span class='ocr_line' id='line_1_15' title="bbox 257 1569 1755 1652; baseline -0.006 -20"><span class='ocrx_word' id='word_1_83' title='bbox 257 1580 448 1652; x_wconf 82' lang='grc' dir='ltr'>μαίνει,</span> <span class='ocrx_word' id='word_1_84' title='bbox 503 1579 600 1632; x_wconf 74' lang='grc' dir='ltr'>καὶ</span> <span class='ocrx_word' id='word_1_85' title='bbox 641 1577 748 1630; x_wconf 84' lang='grc' dir='ltr'><strong><em>τῶν</em></strong></span> <span class='ocrx_word' id='word_1_86' title='bbox 799 1573 969 1628; x_wconf 74' lang='grc' dir='ltr'>ἐθνῶν</span> <span class='ocrx_word' id='word_1_87' title='bbox 1006 1574 1280 1628; x_wconf 79' lang='grc' dir='ltr'>,ἀπάντων</span> <span class='ocrx_word' id='word_1_88' title='bbox 1317 1572 1416 1643; x_wconf 77' lang='grc' dir='ltr'>τὴν</span> <span class='ocrx_word' id='word_1_89' title='bbox 1472 1574 1552 1635; x_wconf 87' lang='grc' dir='ltr'><strong><em>είς</em></strong></span> <span class='ocrx_word' id='word_1_90' title='bbox 1594 1569 1755 1625; x_wconf 81' lang='grc' dir='ltr'>αὑτὸν</span> 
     </span>
    </p>
   </div>
   <div class='ocr_carea' id='block_1_16' title="bbox 253 1673 450 1725">
    <p class='ocr_par' dir='ltr' id='par_1_16' title="bbox 253 1673 450 1725">
     <span class='ocr_line' id='line_1_16' title="bbox 253 1673 450 1725; baseline 0.005 -1"><span class='ocrx_word' id='word_1_91' title='bbox 253 1673 450 1725; x_wconf 76' lang='grc' dir='ltr'>πίστιν.</span> 
     </span>
    </p>
   </div>
   <div class='ocr_carea' id='block_1_17' title="bbox 253 1747 1756 1831">
    <p class='ocr_par' dir='ltr' id='par_1_17' title="bbox 253 1747 1756 1831">
     <span class='ocr_line' id='line_1_17' title="bbox 253 1747 1756 1831; baseline -0.005 -14"><span class='ocrx_word' id='word_1_92' title='bbox 253 1766 461 1831; x_wconf 81' lang='grc' dir='ltr'>Κύριος</span> <span class='ocrx_word' id='word_1_93' title='bbox 522 1761 947 1824; x_wconf 71' lang='grc' dir='ltr'>ἐϐασίλευσεν,</span> <span class='ocrx_word' id='word_1_94' title='bbox 999 1747 1385 1829; x_wconf 56' lang='lat' dir='ltr'><strong><em>simulavian</em></strong></span> <span class='ocrx_word' id='word_1_95' title='bbox 1435 1756 1474 1824; x_wconf 78' lang='grc' dir='ltr'><strong><em>ἠ</em></strong></span> <span class='ocrx_word' id='word_1_96' title='bbox 1527 1754 1626 1827; x_wconf 71' lang='lat' dir='ltr'><strong><em>m&#39;,</em></strong></span> <span class='ocrx_word' id='word_1_97' title='bbox 1655 1757 1756 1810; x_wconf 77' lang='grc' dir='ltr'><strong><em>εὺο·</em></strong></span> 
     </span>
    </p>
   </div>
   <div class='ocr_carea' id='block_1_18' title="bbox 192 1847 1759 1922">
    <p class='ocr_par' dir='ltr' id='par_1_18' title="bbox 192 1847 1759 1922">
     <span class='ocr_line' id='line_1_18' title="bbox 192 1847 1759 1922; baseline -0.008 -12"><span class='ocrx_word' id='word_1_98' title='bbox 192 1855 612 1922; x_wconf 68' lang='grc' dir='ltr'>ρρανθήτωσιιν</span> <span class='ocrx_word' id='word_1_99' title='bbox 648 1852 825 1921; x_wconf 81' lang='grc' dir='ltr'>νῆσοι</span> <span class='ocrx_word' id='word_1_100' title='bbox 852 1852 1096 1906; x_wconf 73' lang='grc' dir='ltr'>πολλαί.</span> <span class='ocrx_word' id='word_1_101' title='bbox 1131 1851 1347 1920; x_wconf 77' lang='grc' dir='ltr'>Νήσους</span> <span class='ocrx_word' id='word_1_102' title='bbox 1382 1849 1481 1912; x_wconf 82' lang='grc' dir='ltr'><strong><em>τὰς</em></strong></span> <span class='ocrx_word' id='word_1_103' title='bbox 1530 1847 1759 1919; x_wconf 80' lang='grc' dir='ltr'>Ἐκκλη-</span> 
     </span>
    </p>
   </div>
   <div class='ocr_carea' id='block_1_19' title="bbox 1857 647 3422 720">
    <p class='ocr_par' dir='ltr' id='par_1_19' title="bbox 1857 647 3422 720">
     <span class='ocr_line' id='line_1_19' title="bbox 1857 647 3422 720; baseline 0.002 -20"><span class='ocrx_word' id='word_1_104' title='bbox 1857 648 2168 703; x_wconf 78' lang='lat' dir='ltr'><strong><em>Gaudebant</em></strong></span> <span class='ocrx_word' id='word_1_105' title='bbox 2209 652 2381 720; x_wconf 86' lang='lat' dir='ltr'><strong><em>campi</em></strong></span> <span class='ocrx_word' id='word_1_106' title='bbox 2407 661 2456 704; x_wconf 87' lang='lat' dir='ltr'><strong><em>et</em></strong></span> <span class='ocrx_word' id='word_1_107' title='bbox 2509 651 2682 705; x_wconf 97' lang='lat' dir='ltr'><strong><em>omnia</em></strong></span> <span class='ocrx_word' id='word_1_108' title='bbox 2715 665 2832 720; x_wconf 75' lang='lat' dir='ltr'><strong><em>qua:</em></strong></span> <span class='ocrx_word' id='word_1_109' title='bbox 2873 651 2925 703; x_wconf 87' lang='lat' dir='ltr'><strong><em>in</em></strong></span> <span class='ocrx_word' id='word_1_110' title='bbox 2965 650 3038 703; x_wconf 83' lang='lat' dir='ltr'><strong><em>eis</em></strong></span> <span class='ocrx_word' id='word_1_111' title='bbox 3083 657 3227 702; x_wconf 88' lang='lat' dir='ltr'><strong><em>sunt.</em></strong></span> <span class='ocrx_word' id='word_1_112' title='bbox 3279 647 3422 703; x_wconf 87' lang='lat' dir='ltr'><strong><em>Tunc</em></strong></span> 
     </span>
    </p>
   </div>
   <div class='ocr_carea' id='block_1_20' title="bbox 1855 741 3429 814">
    <p class='ocr_par' dir='ltr' id='par_1_20' title="bbox 1855 741 3429 814">
     <span class='ocr_line' id='line_1_20' title="bbox 1855 741 3429 814; baseline 0.002 -20"><span class='ocrx_word' id='word_1_113' title='bbox 1855 741 2190 796; x_wconf 73' lang='lat' dir='ltr'><strong><em>exsultabant</em></strong></span> <span class='ocrx_word' id='word_1_114' title='bbox 2241 743 2419 796; x_wconf 80' lang='lat' dir='ltr'><strong><em>omnia</em></strong></span> <span class='ocrx_word' id='word_1_115' title='bbox 2466 742 2612 814; x_wconf 90' lang='lat' dir='ltr'><strong><em>ligna</em></strong></span> <span class='ocrx_word' id='word_1_116' title='bbox 2655 743 2929 796; x_wconf 83' lang='lat' dir='ltr'><strong><em>silvarum.</em></strong></span> <span class='ocrx_word' id='word_1_117' title='bbox 2964 741 3067 795; x_wconf 84' lang='lat' dir='ltr'><strong><em>Per</em></strong></span> <span class='ocrx_word' id='word_1_118' title='bbox 3098 755 3323 811; x_wconf 80' lang='lat' dir='ltr'><strong><em>campos</em></strong></span> <span class='ocrx_word' id='word_1_119' title='bbox 3370 749 3429 797; x_wconf 83' lang='lat' dir='ltr'><strong><em>et</em></strong></span> 
     </span>
    </p>
   </div>
   <div class='ocr_carea' id='block_1_21' title="bbox 1855 831 3425 907">
    <p class='ocr_par' dir='ltr' id='par_1_21' title="bbox 1855 831 3425 907">
     <span class='ocr_line' id='line_1_21' title="bbox 1855 831 3425 907; baseline 0.002 -21"><span class='ocrx_word' id='word_1_120' title='bbox 1855 831 2030 903; x_wconf 80' lang='lat' dir='ltr'><strong><em>ligna,</em></strong></span> <span class='ocrx_word' id='word_1_121' title='bbox 2083 845 2299 890; x_wconf 89' lang='lat' dir='ltr'><strong><em>sanctas</em></strong></span> <span class='ocrx_word' id='word_1_122' title='bbox 2354 835 2568 891; x_wconf 87' lang='lat' dir='ltr'><strong><em>animas</em></strong></span> <span class='ocrx_word' id='word_1_123' title='bbox 2618 836 2922 907; x_wconf 79' lang='lat' dir='ltr'><strong><em>signiﬁcat,</em></strong></span> <span class='ocrx_word' id='word_1_124' title='bbox 2969 851 3090 905; x_wconf 69' lang='lat' dir='ltr'><strong><em>qua:</em></strong></span> <span class='ocrx_word' id='word_1_125' title='bbox 3141 837 3206 889; x_wconf 85' lang='lat' dir='ltr'><strong><em>de</em></strong></span> <span class='ocrx_word' id='word_1_126' title='bbox 3247 833 3425 889; x_wconf 84' lang='lat' dir='ltr'><strong><em>salute</em></strong></span> 
     </span>
    </p>
   </div>
   <div class='ocr_carea' id='block_1_22' title="bbox 1855 925 2508 981">
    <p class='ocr_par' dir='ltr' id='par_1_22' title="bbox 1855 925 2508 981">
     <span class='ocr_line' id='line_1_22' title="bbox 1855 925 2508 981; baseline 0.002 -3"><span class='ocrx_word' id='word_1_127' title='bbox 1855 926 2043 981; x_wconf 88' lang='lat' dir='ltr'><strong><em>mundi</em></strong></span> <span class='ocrx_word' id='word_1_128' title='bbox 2077 925 2508 981; x_wconf 79' lang='lat' dir='ltr'><strong><em>exsultaverunt.</em></strong></span> 
     </span>
    </p>
   </div>
   <div class='ocr_carea' id='block_1_23' title="bbox 2060 1182 3222 1256">
    <p class='ocr_par' dir='ltr' id='par_1_23' title="bbox 2060 1182 3222 1256">
     <span class='ocr_line' id='line_1_23' title="bbox 2060 1182 3222 1256; baseline 0.002 -20"><span class='ocrx_word' id='word_1_129' title='bbox 2060 1183 2108 1236; x_wconf 76' lang='grc'>1.</span> <span class='ocrx_word' id='word_1_130' title='bbox 2138 1182 2377 1238; x_wconf 77' lang='lat' dir='ltr'><strong><em>PSALJI</em></strong></span> <span class='ocrx_word' id='word_1_131' title='bbox 2390 1183 2471 1240; x_wconf 86' lang='lat' dir='ltr'><em>US</em></span> <span class='ocrx_word' id='word_1_132' title='bbox 2502 1182 2673 1238; x_wconf 75' lang='lat' dir='ltr'><strong><em>David</em></strong></span> <span class='ocrx_word' id='word_1_133' title='bbox 2697 1185 2908 1256; x_wconf 84' lang='lat' dir='ltr'><strong><em>quando</em></strong></span> <span class='ocrx_word' id='word_1_134' title='bbox 2941 1196 3083 1239; x_wconf 88' lang='lat' dir='ltr'><strong><em>terra</em></strong></span> <span class='ocrx_word' id='word_1_135' title='bbox 3109 1183 3222 1253; x_wconf 88' lang='lat' dir='ltr'><strong><em>ejus</em></strong></span> 
     </span>
    </p>
   </div>
   <div class='ocr_carea' id='block_1_24' title="bbox 2311 1276 2969 1333">
    <p class='ocr_par' dir='ltr' id='par_1_24' title="bbox 2311 1276 2969 1333">
     <span class='ocr_line' id='line_1_24' title="bbox 2311 1276 2969 1333; baseline 0.002 -3"><span class='ocrx_word' id='word_1_136' title='bbox 2311 1278 2598 1330; x_wconf 86' lang='lat' dir='ltr'><strong><em>constituta</em></strong></span> <span class='ocrx_word' id='word_1_137' title='bbox 2627 1287 2723 1332; x_wconf 82' lang='lat' dir='ltr'><strong><em>est.</em></strong></span> <span class='ocrx_word' id='word_1_138' title='bbox 2761 1276 2969 1333; x_wconf 78' lang='lat' dir='ltr'><strong><em>XCVI.</em></strong></span> 
     </span>
    </p>
   </div>
   <div class='ocr_carea' id='block_1_25' title="bbox 2438 1367 2836 1438">
    <p class='ocr_par' dir='ltr' id='par_1_25' title="bbox 2438 1367 2836 1438">
     <span class='ocr_line' id='line_1_25' title="bbox 2438 1367 2836 1438; baseline 0.008 -17"><span class='ocrx_word' id='word_1_139' title='bbox 2438 1367 2836 1438; x_wconf 75' lang='lat' dir='ltr'><strong><em>Argumentum.</em></strong></span> 
     </span>
    </p>
   </div>
   <div class='ocr_carea' id='block_1_26' title="bbox 1857 1456 3417 1531">
    <p class='ocr_par' dir='ltr' id='par_1_26' title="bbox 1857 1456 3417 1531">
     <span class='ocr_line' id='line_1_26' title="bbox 1857 1456 3417 1531; baseline 0.003 -19"><span class='ocrx_word' id='word_1_140' title='bbox 1857 1456 1957 1514; x_wconf 80' lang='lat' dir='ltr'><strong><em>llic</em></strong></span> <span class='ocrx_word' id='word_1_141' title='bbox 1994 1475 2212 1514; x_wconf 83' lang='lat' dir='ltr'><strong>rursum</strong></span> <span class='ocrx_word' id='word_1_142' title='bbox 2262 1461 2492 1515; x_wconf 77' lang='lat' dir='ltr'><strong><em>salutem</em></strong></span> <span class='ocrx_word' id='word_1_143' title='bbox 2539 1463 2726 1516; x_wconf 89' lang='lat' dir='ltr'><strong><em>mundi</em></strong></span> <span class='ocrx_word' id='word_1_144' title='bbox 2778 1461 3050 1531; x_wconf 79' lang='lat' dir='ltr'><strong><em>significat</em></strong></span> <span class='ocrx_word' id='word_1_145' title='bbox 3081 1503 3095 1527; x_wconf 93' lang='lat'><strong><em>,</em></strong></span> <span class='ocrx_word' id='word_1_146' title='bbox 3141 1471 3196 1518; x_wconf 85' lang='lat' dir='ltr'><strong><em>et</em></strong></span> <span class='ocrx_word' id='word_1_147' title='bbox 3255 1460 3417 1518; x_wconf 77' lang='lat' dir='ltr'><strong><em>ﬁdem</em></strong></span> 
     </span>
    </p>
   </div>
   <div class='ocr_carea' id='block_1_27' title="bbox 2225 1551 3050 1624">
    <p class='ocr_par' dir='ltr' id='par_1_27' title="bbox 2225 1551 3050 1624">
     <span class='ocr_line' id='line_1_27' title="bbox 2225 1551 3050 1624; baseline -0.001 -16"><span class='ocrx_word' id='word_1_148' title='bbox 2225 1551 2470 1608; x_wconf 82' lang='lat' dir='ltr'><strong><em>omnium</em></strong></span> <span class='ocrx_word' id='word_1_149' title='bbox 2500 1555 2741 1624; x_wconf 72' lang='lat' dir='ltr'><strong><em>gentium</em></strong></span> <span class='ocrx_word' id='word_1_150' title='bbox 2769 1554 2824 1608; x_wconf 91' lang='lat' dir='ltr'><strong><em>in</em></strong></span> <span class='ocrx_word' id='word_1_151' title='bbox 2855 1553 3050 1623; x_wconf 90' lang='lat' dir='ltr'><strong><em>ipsum.</em></strong></span> 
     </span>
    </p>
   </div>
   <div class='ocr_carea' id='block_1_28' title="bbox 1931 1732 3426 1804">
    <p class='ocr_par' dir='ltr' id='par_1_28' title="bbox 1931 1732 3426 1804">
     <span class='ocr_line' id='line_1_28' title="bbox 1931 1732 3426 1804; baseline 0.002 -17"><span class='ocrx_word' id='word_1_152' title='bbox 1931 1732 2190 1787; x_wconf 88' lang='lat' dir='ltr'><strong><em>Dominus</em></strong></span> <span class='ocrx_word' id='word_1_153' title='bbox 2221 1733 2476 1804; x_wconf 82' lang='lat' dir='ltr'><strong><em>regnavit,</em></strong></span> <span class='ocrx_word' id='word_1_154' title='bbox 2511 1732 2733 1787; x_wconf 70' lang='lat' dir='ltr'><strong><em>exsultet</em></strong></span> <span class='ocrx_word' id='word_1_155' title='bbox 2761 1743 2923 1794; x_wconf 86' lang='lat' dir='ltr'><strong><em>terra,</em></strong></span> <span class='ocrx_word' id='word_1_156' title='bbox 2968 1733 3211 1788; x_wconf 78' lang='lat' dir='ltr'><strong><em>ltrtentur</em></strong></span> <span class='ocrx_word' id='word_1_157' title='bbox 3237 1733 3426 1790; x_wconf 70' lang='lat' dir='ltr'><strong><em>insula!</em></strong></span> 
     </span>
    </p>
   </div>
   <div class='ocr_carea' id='block_1_29' title="bbox 1862 1824 3422 1896">
    <p class='ocr_par' dir='ltr' id='par_1_29' title="bbox 1862 1824 3422 1896">
     <span class='ocr_line' id='line_1_29' title="bbox 1862 1824 3422 1896; baseline 0.003 -18"><span class='ocrx_word' id='word_1_158' title='bbox 1862 1824 2061 1880; x_wconf 69' lang='lat' dir='ltr'><strong><em>multa.</em></strong></span> <span class='ocrx_word' id='word_1_159' title='bbox 2092 1824 2302 1881; x_wconf 83' lang='lat' dir='ltr'><strong><em>Insulas</em></strong></span> <span class='ocrx_word' id='word_1_160' title='bbox 2332 1839 2492 1881; x_wconf 84' lang='lat' dir='ltr'><strong><em>vocat</em></strong></span> <span class='ocrx_word' id='word_1_161' title='bbox 2516 1824 2806 1889; x_wconf 84' lang='lat' dir='ltr'><strong><em>Ecclesias,</em></strong></span> <span class='ocrx_word' id='word_1_162' title='bbox 2833 1836 3018 1896; x_wconf 80' lang='lat' dir='ltr'><strong><em>utpote</em></strong></span> <span class='ocrx_word' id='word_1_163' title='bbox 3064 1828 3213 1882; x_wconf 90' lang='lat' dir='ltr'><strong><em>omni</em></strong></span> <span class='ocrx_word' id='word_1_164' title='bbox 3258 1837 3422 1884; x_wconf 89' lang='lat' dir='ltr'><strong><em>vento</em></strong></span> 
     </span>
    </p>
   </div>
   <div class='ocr_carea' id='block_1_30' title="bbox 193 1913 1755 2015">
    <p class='ocr_par' dir='ltr' id='par_1_30' title="bbox 193 1938 1753 2015">
     <span class='ocr_line' id='line_1_30' title="bbox 193 1938 1753 2015; baseline -0.004 -18"><span class='ocrx_word' id='word_1_165' title='bbox 193 1945 297 2007; x_wconf 80' lang='grc' dir='ltr'>σίας</span> <span class='ocrx_word' id='word_1_166' title='bbox 327 1945 509 2015; x_wconf 70' lang='grc' dir='ltr'>φησὶν,</span> <span class='ocrx_word' id='word_1_167' title='bbox 542 1944 638 1998; x_wconf 81' lang='grc' dir='ltr'>ἆτε</span> <span class='ocrx_word' id='word_1_168' title='bbox 686 1944 750 2014; x_wconf 80' lang='grc' dir='ltr'>δὴ</span> <span class='ocrx_word' id='word_1_169' title='bbox 790 1941 1146 2014; x_wconf 77' lang='grc' dir='ltr'>ριπιζομένας</span> <span class='ocrx_word' id='word_1_170' title='bbox 1201 1941 1307 1995; x_wconf 82' lang='grc' dir='ltr'><strong><em>ὑπὸ</em></strong></span> <span class='ocrx_word' id='word_1_171' title='bbox 1359 1939 1560 2002; x_wconf 81' lang='grc' dir='ltr'>παντὸς</span> <span class='ocrx_word' id='word_1_172' title='bbox 1592 1938 1753 1991; x_wconf 78' lang='grc' dir='ltr'>πνεύ-</span> 
     </span>
    </p>
   </div>
   <div class='ocr_carea' id='block_1_31' title="bbox 1859 1913 3420 2015">
    <p class='ocr_par' dir='ltr' id='par_1_31' title="bbox 1859 1917 3420 1990">
     <span class='ocr_line' id='line_1_31' title="bbox 1859 1917 3420 1990; baseline 0.004 -19"><span class='ocrx_word' id='word_1_173' title='bbox 1859 1917 2110 1988; x_wconf 77' lang='lat' dir='ltr'><strong><em>agitatas,</em></strong></span> <span class='ocrx_word' id='word_1_174' title='bbox 2139 1927 2192 1972; x_wconf 88' lang='lat' dir='ltr'><strong><em>et</em></strong></span> <span class='ocrx_word' id='word_1_175' title='bbox 2213 1918 2372 1973; x_wconf 87' lang='lat' dir='ltr'><strong><em>salsis</em></strong></span> <span class='ocrx_word' id='word_1_176' title='bbox 2403 1919 2722 1990; x_wconf 83' lang='lat' dir='ltr'><strong><em>asperisque</em></strong></span> <span class='ocrx_word' id='word_1_177' title='bbox 2750 1935 3120 1974; x_wconf 70' lang='lat' dir='ltr'><strong><em>aerumnarum</em></strong></span> <span class='ocrx_word' id='word_1_178' title='bbox 3162 1920 3420 1977; x_wconf 82' lang='lat' dir='ltr'><strong><em>ﬂuctibus</em></strong></span> 
     </span>
    </p>
   </div>
   <div class='ocr_carea' id='block_1_32' title="bbox 194 2031 1750 2107">
    <p class='ocr_par' dir='ltr' id='par_1_32' title="bbox 194 2031 1750 2107">
     <span class='ocr_line' id='line_1_32' title="bbox 194 2031 1750 2107; baseline -0.005 -17"><span class='ocrx_word' id='word_1_179' title='bbox 194 2055 364 2106; x_wconf 71' lang='grc' dir='ltr'>ματος,</span> <span class='ocrx_word' id='word_1_180' title='bbox 397 2037 488 2089; x_wconf 74' lang='grc' dir='ltr'><strong><em>καὶ</em></strong></span> <span class='ocrx_word' id='word_1_181' title='bbox 515 2035 622 2107; x_wconf 80' lang='grc' dir='ltr'>μὴν</span> <span class='ocrx_word' id='word_1_182' title='bbox 656 2036 748 2088; x_wconf 79' lang='grc' dir='ltr'>καὶ</span> <span class='ocrx_word' id='word_1_183' title='bbox 776 2034 1203 2107; x_wconf 74' lang='grc' dir='ltr'>περιρῤεομένας</span> <span class='ocrx_word' id='word_1_184' title='bbox 1245 2035 1364 2096; x_wconf 85' lang='grc' dir='ltr'>ταῖς</span> <span class='ocrx_word' id='word_1_185' title='bbox 1399 2031 1750 2103; x_wconf 79' lang='grc' dir='ltr'>περιστάσεσι</span> 
     </span>
    </p>
   </div>
   <div class='ocr_carea' id='block_1_33' title="bbox 189 2131 609 2202">
    <p class='ocr_par' dir='ltr' id='par_1_33' title="bbox 189 2131 609 2202">
     <span class='ocr_line' id='line_1_33' title="bbox 189 2131 609 2202; baseline -0.005 -18"><span class='ocrx_word' id='word_1_186' title='bbox 189 2135 295 2193; x_wconf 82' lang='grc' dir='ltr'>ταῖς</span> <span class='ocrx_word' id='word_1_187' title='bbox 321 2131 384 2186; x_wconf 90' lang='grc' dir='ltr'><strong><em>ἀλ</em></strong></span> <span class='ocrx_word' id='word_1_188' title='bbox 390 2149 460 2202; x_wconf 86' lang='grc' dir='ltr'><strong><em>μυ</em></strong></span> <span class='ocrx_word' id='word_1_189' title='bbox 466 2134 609 2202; x_wconf 84' lang='grc' dir='ltr'><strong><em>ραῖς.</em></strong></span> 
     </span>
    </p>
   </div>
   <div class='ocr_carea' id='block_1_34' title="bbox 253 2217 1751 2292">
    <p class='ocr_par' dir='ltr' id='par_1_34' title="bbox 253 2217 1751 2292">
     <span class='ocr_line' id='line_1_34' title="bbox 253 2217 1751 2292; baseline -0.005 -14"><span class='ocrx_word' id='word_1_190' title='bbox 253 2223 480 2292; x_wconf 66' lang='grc' dir='ltr'>Νεφέλη</span> <span class='ocrx_word' id='word_1_191' title='bbox 517 2219 618 2275; x_wconf 76' lang='grc' dir='ltr'><strong><em>καί</em></strong></span> <span class='ocrx_word' id='word_1_192' title='bbox 650 2222 872 2291; x_wconf 60' lang='grc' dir='ltr'>γνόφος</span> <span class='ocrx_word' id='word_1_193' title='bbox 914 2221 1117 2288; x_wconf 79' lang='grc' dir='ltr'>κύκλῳ</span> <span class='ocrx_word' id='word_1_194' title='bbox 1169 2219 1376 2275; x_wconf 80' lang='grc' dir='ltr'>αὑτοῦ.</span> <span class='ocrx_word' id='word_1_195' title='bbox 1427 2219 1537 2292; x_wconf 85' lang='grc' dir='ltr'><strong><em>Τὴν</em></strong></span> <span class='ocrx_word' id='word_1_196' title='bbox 1590 2217 1751 2290; x_wconf 85' lang='grc' dir='ltr'>λελη-</span> 
     </span>
    </p>
   </div>
   <div class='ocr_carea' id='block_1_35' title="bbox 192 2312 1752 2386">
    <p class='ocr_par' dir='ltr' id='par_1_35' title="bbox 192 2312 1752 2386">
     <span class='ocr_line' id='line_1_35' title="bbox 192 2312 1752 2386; baseline 0 -20"><span class='ocrx_word' id='word_1_197' title='bbox 192 2312 333 2367; x_wconf 80' lang='grc' dir='ltr'>θυῖαν</span> <span class='ocrx_word' id='word_1_198' title='bbox 363 2313 528 2368; x_wconf 77' lang='grc' dir='ltr'>αὐτοῦ</span> <span class='ocrx_word' id='word_1_199' title='bbox 556 2317 615 2368; x_wconf 75' lang='grc' dir='ltr'>ἐν</span> <span class='ocrx_word' id='word_1_200' title='bbox 640 2312 948 2386; x_wconf 79' lang='grc' dir='ltr'>ἀνθρώποις</span> <span class='ocrx_word' id='word_1_201' title='bbox 980 2313 1203 2368; x_wconf 74' lang='grc' dir='ltr'>κάθοδον</span> <span class='ocrx_word' id='word_1_202' title='bbox 1235 2313 1512 2386; x_wconf 78' lang='grc' dir='ltr'>σημαίνει,</span> <span class='ocrx_word' id='word_1_203' title='bbox 1570 2315 1659 2368; x_wconf 80' lang='grc' dir='ltr'>ὅτε</span> <span class='ocrx_word' id='word_1_204' title='bbox 1693 2315 1752 2367; x_wconf 82' lang='grc' dir='ltr'>ὲν</span> 
     </span>
    </p>
   </div>
   <div class='ocr_carea' id='block_1_36' title="bbox 189 2405 1753 2477">
    <p class='ocr_par' dir='ltr' id='par_1_36' title="bbox 189 2405 1753 2477">
     <span class='ocr_line' id='line_1_36' title="bbox 189 2405 1753 2477; baseline 0.001 -19"><span class='ocrx_word' id='word_1_205' title='bbox 189 2408 248 2476; x_wconf 77' lang='grc' dir='ltr'>τῇ</span> <span class='ocrx_word' id='word_1_206' title='bbox 281 2406 368 2459; x_wconf 71' lang='grc' dir='ltr'>τοῦ</span> <span class='ocrx_word' id='word_1_207' title='bbox 389 2405 578 2460; x_wconf 85' lang='grc' dir='ltr'>δούλου</span> <span class='ocrx_word' id='word_1_208' title='bbox 605 2406 812 2477; x_wconf 68' lang='grc' dir='ltr'>πέφηνε</span> <span class='ocrx_word' id='word_1_209' title='bbox 843 2410 1044 2477; x_wconf 73' lang='grc' dir='ltr'>μορφῇ.</span> <span class='ocrx_word' id='word_1_210' title='bbox 1067 2407 1426 2475; x_wconf 75' lang='grc' dir='ltr'><strong><em>Δικαιοσύνη</em></strong></span> <span class='ocrx_word' id='word_1_211' title='bbox 1453 2407 1551 2462; x_wconf 78' lang='grc' dir='ltr'><strong><em>καί</em></strong></span> <span class='ocrx_word' id='word_1_212' title='bbox 1577 2406 1753 2475; x_wconf 79' lang='grc' dir='ltr'>κρῖμα</span> 
     </span>
    </p>
   </div>
   <div class='ocr_carea' id='block_1_37' title="bbox 192 2498 1750 2570">
    <p class='ocr_par' dir='ltr' id='par_1_37' title="bbox 192 2498 1750 2570">
     <span class='ocr_line' id='line_1_37' title="bbox 192 2498 1750 2570; baseline -0.001 -20"><span class='ocrx_word' id='word_1_213' title='bbox 192 2500 538 2566; x_wconf 75' lang='grc' dir='ltr'>κατόρθωσις</span> <span class='ocrx_word' id='word_1_214' title='bbox 570 2498 677 2552; x_wconf 85' lang='grc' dir='ltr'>τοῦ</span> <span class='ocrx_word' id='word_1_215' title='bbox 708 2499 923 2566; x_wconf 80' lang='grc' dir='ltr'><strong><em>θρόνου</em></strong></span> <span class='ocrx_word' id='word_1_216' title='bbox 953 2498 1158 2554; x_wconf 78' lang='grc' dir='ltr'>αὐτοῦ.</span> <span class='ocrx_word' id='word_1_217' title='bbox 1177 2498 1325 2570; x_wconf 81' lang='grc' dir='ltr'>Α’ὐτη</span> <span class='ocrx_word' id='word_1_218' title='bbox 1357 2499 1567 2567; x_wconf 78' lang='grc' dir='ltr'>γέγονε,</span> <span class='ocrx_word' id='word_1_219' title='bbox 1598 2498 1750 2569; x_wconf 79' lang='grc' dir='ltr'>φησὶ,</span> 
     </span>
    </p>
   </div>
   <div class='ocr_carea' id='block_1_38' title="bbox 190 2588 1752 2660">
    <p class='ocr_par' dir='ltr' id='par_1_38' title="bbox 190 2588 1752 2660">
     <span class='ocr_line' id='line_1_38' title="bbox 190 2588 1752 2660; baseline 0.001 -20"><span class='ocrx_word' id='word_1_220' title='bbox 190 2590 276 2658; x_wconf 75' lang='grc' dir='ltr'>τῆς</span> <span class='ocrx_word' id='word_1_221' title='bbox 323 2588 567 2658; x_wconf 69' lang='grc' dir='ltr'>ἀφέσεως</span> <span class='ocrx_word' id='word_1_222' title='bbox 617 2589 784 2643; x_wconf 75' lang='grc' dir='ltr'>αἰτίαο</span> <span class='ocrx_word' id='word_1_223' title='bbox 843 2589 904 2641; x_wconf 83' lang='grc' dir='ltr'>τὸ</span> <span class='ocrx_word' id='word_1_224' title='bbox 952 2591 1130 2660; x_wconf 81' lang='grc' dir='ltr'>κρῖναι</span> <span class='ocrx_word' id='word_1_225' title='bbox 1160 2588 1383 2652; x_wconf 80' lang='grc' dir='ltr'>δικαίως</span> <span class='ocrx_word' id='word_1_226' title='bbox 1425 2590 1523 2660; x_wconf 82' lang='grc' dir='ltr'>τὴν</span> <span class='ocrx_word' id='word_1_227' title='bbox 1571 2589 1752 2660; x_wconf 85' lang='grc' dir='ltr'>κρίσιν</span> 
     </span>
    </p>
   </div>
   <div class='ocr_carea' id='block_1_39' title="bbox 191 2678 1752 2752">
    <p class='ocr_par' dir='ltr' id='par_1_39' title="bbox 191 2678 1752 2752">
     <span class='ocr_line' id='line_1_39' title="bbox 191 2678 1752 2752; baseline 0.001 -20"><span class='ocrx_word' id='word_1_228' title='bbox 191 2679 354 2750; x_wconf 82' lang='grc' dir='ltr'>ἡμῶν,</span> <span class='ocrx_word' id='word_1_229' title='bbox 383 2682 448 2752; x_wconf 66' lang='grc' dir='ltr'>ἢν</span> <span class='ocrx_word' id='word_1_230' title='bbox 480 2680 677 2751; x_wconf 77' lang='grc' dir='ltr'>ἔχομεν</span> <span class='ocrx_word' id='word_1_231' title='bbox 724 2678 924 2751; x_wconf 82' lang='grc' dir='ltr'>δηλαδὴ</span> <span class='ocrx_word' id='word_1_232' title='bbox 960 2680 1095 2751; x_wconf 81' lang='grc' dir='ltr'>πρὸς</span> <span class='ocrx_word' id='word_1_233' title='bbox 1137 2679 1236 2744; x_wconf 87' lang='grc' dir='ltr'><strong><em>τάς</em></strong></span> <span class='ocrx_word' id='word_1_234' title='bbox 1269 2680 1512 2751; x_wconf 70' lang='grc' dir='ltr'>πονηρὰς</span> <span class='ocrx_word' id='word_1_235' title='bbox 1539 2681 1633 2734; x_wconf 77' lang='grc' dir='ltr'>καὶ</span> <span class='ocrx_word' id='word_1_236' title='bbox 1657 2682 1752 2735; x_wconf 88' lang='grc' dir='ltr'>ἀν-</span> 
     </span>
    </p>
   </div>
   <div class='ocr_carea' id='block_1_40' title="bbox 192 2772 791 2844">
    <p class='ocr_par' dir='ltr' id='par_1_40' title="bbox 192 2772 791 2844">
     <span class='ocr_line' id='line_1_40' title="bbox 192 2772 791 2844; baseline 0.003 -20"><span class='ocrx_word' id='word_1_237' title='bbox 192 2772 487 2838; x_wconf 83' lang='grc' dir='ltr'>τικειμένας</span> <span class='ocrx_word' id='word_1_238' title='bbox 515 2772 791 2844; x_wconf 80' lang='grc' dir='ltr'>δυνάμεις.</span> 
     </span>
    </p>
   </div>
   <div class='ocr_carea' id='block_1_41' title="bbox 255 2863 1751 2934">
    <p class='ocr_par' dir='ltr' id='par_1_41' title="bbox 255 2863 1751 2934">
     <span class='ocr_line' id='line_1_41' title="bbox 255 2863 1751 2934; baseline -0.001 -16"><span class='ocrx_word' id='word_1_239' title='bbox 255 2863 372 2934; x_wconf 85' lang='grc' dir='ltr'><strong><em>Πῦρ</em></strong></span> <span class='ocrx_word' id='word_1_240' title='bbox 412 2865 673 2919; x_wconf 75' lang='grc' dir='ltr'>ἐνώπιον</span> <span class='ocrx_word' id='word_1_241' title='bbox 719 2865 905 2920; x_wconf 82' lang='grc' dir='ltr'>αὐτοῦ</span> <span class='ocrx_word' id='word_1_242' title='bbox 957 2865 1452 2934; x_wconf 80' lang='grc' dir='ltr'>προπορεύσεται.</span> <span class='ocrx_word' id='word_1_243' title='bbox 1511 2865 1751 2918; x_wconf 83' lang='grc' dir='ltr'>’Ἑκαυσε</span> 
     </span>
    </p>
   </div>
   <div class='ocr_carea' id='block_1_42' title="bbox 193 2955 1754 3028">
    <p class='ocr_par' dir='ltr' id='par_1_42' title="bbox 193 2955 1754 3028">
     <span class='ocr_line' id='line_1_42' title="bbox 193 2955 1754 3028; baseline 0 -19"><span class='ocrx_word' id='word_1_244' title='bbox 193 2956 289 3028; x_wconf 78' lang='grc' dir='ltr'><strong><em>γὰρ</em></strong></span> <span class='ocrx_word' id='word_1_245' title='bbox 311 2960 372 3028; x_wconf 73' lang='grc' dir='ltr'>τῇ</span> <span class='ocrx_word' id='word_1_246' title='bbox 396 2957 516 3028; x_wconf 74' lang='grc' dir='ltr'>θείᾳ</span> <span class='ocrx_word' id='word_1_247' title='bbox 541 2956 704 3010; x_wconf 78' lang='grc' dir='ltr'>αὐτοῦ</span> <span class='ocrx_word' id='word_1_248' title='bbox 732 2957 957 3027; x_wconf 76' lang='grc' dir='ltr'>δυνάμει</span> <span class='ocrx_word' id='word_1_249' title='bbox 987 2959 1166 3010; x_wconf 80' lang='grc' dir='ltr'>πᾶσαν</span> <span class='ocrx_word' id='word_1_250' title='bbox 1216 2955 1456 3026; x_wconf 75' lang='grc' dir='ltr'>πονηρὰν</span> <span class='ocrx_word' id='word_1_251' title='bbox 1482 2956 1575 3009; x_wconf 72' lang='grc' dir='ltr'><strong><em>καὶ</em></strong></span> <span class='ocrx_word' id='word_1_252' title='bbox 1605 2957 1754 3009; x_wconf 83' lang='grc' dir='ltr'>ἀντι·</span> 
     </span>
    </p>
   </div>
   <div class='ocr_carea' id='block_1_43' title="bbox 194 3047 768 3119">
    <p class='ocr_par' dir='ltr' id='par_1_43' title="bbox 194 3047 768 3119">
     <span class='ocr_line' id='line_1_43' title="bbox 194 3047 768 3119; baseline 0 -17"><span class='ocrx_word' id='word_1_253' title='bbox 194 3050 436 3119; x_wconf 80' lang='grc' dir='ltr'>κειμένην</span> <span class='ocrx_word' id='word_1_254' title='bbox 466 3047 553 3100; x_wconf 80' lang='grc' dir='ltr'>ὲνέ</span> <span class='ocrx_word' id='word_1_255' title='bbox 564 3065 768 3119; x_wconf 88' lang='grc' dir='ltr'>ργειαν.</span> 
     </span>
    </p>
   </div>
   <div class='ocr_carea' id='block_1_44' title="bbox 258 3139 1750 3213">
    <p class='ocr_par' dir='ltr' id='par_1_44' title="bbox 258 3139 1750 3213">
     <span class='ocr_line' id='line_1_44' title="bbox 258 3139 1750 3213; baseline 0.004 -21"><span class='ocrx_word' id='word_1_256' title='bbox 258 3143 519 3209; x_wconf 67' lang='grc' dir='ltr'>Ἕφαναν</span> <span class='ocrx_word' id='word_1_257' title='bbox 563 3143 625 3191; x_wconf 88' lang='lat' dir='ltr'><strong><em>al</em></strong></span> <span class='ocrx_word' id='word_1_258' title='bbox 677 3139 976 3209; x_wconf 77' lang='grc' dir='ltr'>ἀστραπαί</span> <span class='ocrx_word' id='word_1_259' title='bbox 1032 3140 1219 3196; x_wconf 84' lang='grc' dir='ltr'>αὑτοῦ</span> <span class='ocrx_word' id='word_1_260' title='bbox 1280 3141 1357 3210; x_wconf 78' lang='grc' dir='ltr'>τῇ</span> <span class='ocrx_word' id='word_1_261' title='bbox 1411 3141 1750 3213; x_wconf 72' lang='grc' dir='ltr'>οἰκουμένῃ.</span> 
     </span>
    </p>
   </div>
   <div class='ocr_carea' id='block_1_45' title="bbox 202 3230 1752 3304">
    <p class='ocr_par' dir='ltr' id='par_1_45' title="bbox 202 3230 1752 3304">
     <span class='ocr_line' id='line_1_45' title="bbox 202 3230 1752 3304; baseline 0.002 -21"><span class='ocrx_word' id='word_1_262' title='bbox 202 3230 498 3302; x_wconf 73' lang='grc' dir='ltr'>Ἀστραπάς</span> <span class='ocrx_word' id='word_1_263' title='bbox 520 3231 684 3284; x_wconf 74' lang='grc' dir='ltr'>αὐτοῦ</span> <span class='ocrx_word' id='word_1_264' title='bbox 713 3234 838 3298; x_wconf 72' lang='grc' dir='ltr'>τοὺς</span> <span class='ocrx_word' id='word_1_265' title='bbox 862 3234 1053 3302; x_wconf 82' lang='grc' dir='ltr'>ἁγίους</span> <span class='ocrx_word' id='word_1_266' title='bbox 1086 3234 1417 3298; x_wconf 82' lang='grc' dir='ltr'><strong><em>ἀποστόλους</em></strong></span> <span class='ocrx_word' id='word_1_267' title='bbox 1444 3232 1581 3289; x_wconf 76' lang='grc' dir='ltr'>εἶναι</span> <span class='ocrx_word' id='word_1_268' title='bbox 1607 3234 1752 3304; x_wconf 82' lang='grc' dir='ltr'>λέγει</span> 
     </span>
    </p>
   </div>
   <div class='ocr_carea' id='block_1_46' title="bbox 192 3323 1758 3398">
    <p class='ocr_par' dir='ltr' id='par_1_46' title="bbox 192 3323 1758 3398">
     <span class='ocr_line' id='line_1_46' title="bbox 192 3323 1758 3398; baseline 0.003 -24"><span class='ocrx_word' id='word_1_269' title='bbox 192 3324 276 3376; x_wconf 74' lang='grc' dir='ltr'>καὶ</span> <span class='ocrx_word' id='word_1_270' title='bbox 298 3323 707 3393; x_wconf 79' lang='grc' dir='ltr'>εὐαγγελιστάς,</span> <span class='ocrx_word' id='word_1_271' title='bbox 729 3326 777 3379; x_wconf 87' lang='grc' dir='ltr'>οῖ</span> <span class='ocrx_word' id='word_1_272' title='bbox 809 3327 984 3396; x_wconf 79' lang='grc' dir='ltr'>φωτὸς</span> <span class='ocrx_word' id='word_1_273' title='bbox 1004 3328 1160 3398; x_wconf 87' lang='grc' dir='ltr'>δίκην</span> <span class='ocrx_word' id='word_1_274' title='bbox 1188 3327 1513 3396; x_wconf 75' lang='grc' dir='ltr'>ὑπέλαμψαν</span> <span class='ocrx_word' id='word_1_275' title='bbox 1537 3326 1634 3396; x_wconf 73' lang='grc' dir='ltr'><strong><em>τὴν</em></strong></span> <span class='ocrx_word' id='word_1_276' title='bbox 1668 3326 1758 3379; x_wconf 77' lang='grc' dir='ltr'><strong><em>ὑπ’</em></strong></span> 
     </span>
    </p>
   </div>
   <div class='ocr_carea' id='block_1_47' title="bbox 192 3417 421 3489">
    <p class='ocr_par' dir='ltr' id='par_1_47' title="bbox 192 3417 421 3489">
     <span class='ocr_line' id='line_1_47' title="bbox 192 3417 421 3489; baseline 0.017 -21"><span class='ocrx_word' id='word_1_277' title='bbox 192 3417 421 3489; x_wconf 75' lang='grc' dir='ltr'>οὐρανόν.</span> 
     </span>
    </p>
   </div>
   <div class='ocr_carea' id='block_1_48' title="bbox 262 3507 1758 3580">
    <p class='ocr_par' dir='ltr' id='par_1_48' title="bbox 262 3507 1758 3580">
     <span class='ocr_line' id='line_1_48' title="bbox 262 3507 1758 3580; baseline -0.001 -16"><span class='ocrx_word' id='word_1_278' title='bbox 262 3511 339 3564; x_wconf 79' lang='grc' dir='ltr'><strong><em>Τιϊ</em></strong></span> <span class='ocrx_word' id='word_1_279' title='bbox 355 3511 459 3580; x_wconf 74' lang='grc' dir='ltr'>ὅρη</span> <span class='ocrx_word' id='word_1_280' title='bbox 495 3512 800 3578; x_wconf 78' lang='grc' dir='ltr'>ἐτάκησαν</span> <span class='ocrx_word' id='word_1_281' title='bbox 852 3507 992 3562; x_wconf 85' lang='grc' dir='ltr'>ὡσεί</span> <span class='ocrx_word' id='word_1_282' title='bbox 1048 3510 1232 3579; x_wconf 85' lang='grc' dir='ltr'>κηρὸς</span> <span class='ocrx_word' id='word_1_283' title='bbox 1273 3509 1390 3564; x_wconf 82' lang='grc' dir='ltr'><strong><em>ἀπὸ</em></strong></span> <span class='ocrx_word' id='word_1_284' title='bbox 1437 3509 1758 3579; x_wconf 74' lang='grc' dir='ltr'>προσώπου</span> 
     </span>
    </p>
   </div>
   <div class='ocr_carea' id='block_1_49' title="bbox 198 3601 1760 3676">
    <p class='ocr_par' dir='ltr' id='par_1_49' title="bbox 198 3601 1760 3676">
     <span class='ocr_line' id='line_1_49' title="bbox 198 3601 1760 3676; baseline 0.001 -22"><span class='ocrx_word' id='word_1_285' title='bbox 198 3604 422 3670; x_wconf 75' lang='grc' dir='ltr'>Κυρίου.</span> <span class='ocrx_word' id='word_1_286' title='bbox 457 3607 599 3676; x_wconf 90' lang='grc' dir='ltr'>Ὀρη</span> <span class='ocrx_word' id='word_1_287' title='bbox 631 3604 730 3667; x_wconf 78' lang='grc' dir='ltr'><strong><em>τὰς</em></strong></span> <span class='ocrx_word' id='word_1_288' title='bbox 779 3602 1160 3672; x_wconf 80' lang='grc' dir='ltr'>ἀντικειμένας</span> <span class='ocrx_word' id='word_1_289' title='bbox 1206 3602 1458 3675; x_wconf 81' lang='grc' dir='ltr'>δυνάμεις</span> <span class='ocrx_word' id='word_1_290' title='bbox 1497 3603 1678 3675; x_wconf 63' lang='grc' dir='ltr'>φησιν,</span> <span class='ocrx_word' id='word_1_291' title='bbox 1703 3601 1760 3656; x_wconf 85' lang='grc' dir='ltr'>αἶ</span> 
     </span>
    </p>
   </div>
   <div class='ocr_carea' id='block_1_50' title="bbox 195 3693 1758 3768">
    <p class='ocr_par' dir='ltr' id='par_1_50' title="bbox 195 3693 1758 3768">
     <span class='ocr_line' id='line_1_50' title="bbox 195 3693 1758 3768; baseline 0.004 -25"><span class='ocrx_word' id='word_1_292' title='bbox 195 3695 279 3746; x_wconf 76' lang='grc' dir='ltr'>καὶ</span> <span class='ocrx_word' id='word_1_293' title='bbox 304 3693 469 3765; x_wconf 76' lang='grc' dir='ltr'>κηροῦ</span> <span class='ocrx_word' id='word_1_294' title='bbox 503 3696 660 3766; x_wconf 80' lang='grc' dir='ltr'>δίκην</span> <span class='ocrx_word' id='word_1_295' title='bbox 698 3696 1070 3766; x_wconf 86' lang='grc' dir='ltr'>συνετάκησαν</span> <span class='ocrx_word' id='word_1_296' title='bbox 1119 3695 1226 3749; x_wconf 74' lang='grc' dir='ltr'>ἀπὸ</span> <span class='ocrx_word' id='word_1_297' title='bbox 1282 3695 1373 3749; x_wconf 77' lang='grc' dir='ltr'><strong><em>τοῦ</em></strong></span> <span class='ocrx_word' id='word_1_298' title='bbox 1425 3694 1758 3768; x_wconf 82' lang='grc' dir='ltr'>προειρημέ-</span> 
     </span>
    </p>
   </div>
   <div class='ocr_carea' id='block_1_51' title="bbox 196 3783 1758 3859">
    <p class='ocr_par' dir='ltr' id='par_1_51' title="bbox 196 3783 1758 3859">
     <span class='ocr_line' id='line_1_51' title="bbox 196 3783 1758 3859; baseline 0.003 -25"><span class='ocrx_word' id='word_1_299' title='bbox 196 3798 277 3834; x_wconf 83' lang='grc' dir='ltr'><strong><em>νου</em></strong></span> <span class='ocrx_word' id='word_1_300' title='bbox 301 3783 538 3855; x_wconf 84' lang='grc' dir='ltr'>δηλονότι</span> <span class='ocrx_word' id='word_1_301' title='bbox 563 3787 751 3859; x_wconf 84' lang='grc' dir='ltr'>πυρός.</span> <span class='ocrx_word' id='word_1_302' title='bbox 791 3787 965 3856; x_wconf 86' lang='grc' dir='ltr'>Ὅπερ</span> <span class='ocrx_word' id='word_1_303' title='bbox 999 3787 1265 3855; x_wconf 81' lang='grc' dir='ltr'>πήγνυσιν</span> <span class='ocrx_word' id='word_1_304' title='bbox 1293 3788 1321 3838; x_wconf 79' lang='grc' dir='ltr'><strong><em>ὁ</em></strong></span> <span class='ocrx_word' id='word_1_305' title='bbox 1355 3784 1577 3857; x_wconf 66' lang='grc' dir='ltr'>βορρᾶς,</span> <span class='ocrx_word' id='word_1_306' title='bbox 1600 3785 1758 3839; x_wconf 78' lang='grc' dir='ltr'>τοῦτο</span> 
     </span>
    </p>
   </div>
   <div class='ocr_carea' id='block_1_52' title="bbox 194 3869 1757 3950">
    <p class='ocr_par' dir='ltr' id='par_1_52' title="bbox 194 3869 1757 3950">
     <span class='ocr_line' id='line_1_52' title="bbox 194 3869 1757 3950; baseline 0.004 -24"><span class='ocrx_word' id='word_1_307' title='bbox 194 3876 403 3947; x_wconf 83' lang='grc' dir='ltr'>τήκειὸ</span> <span class='ocrx_word' id='word_1_308' title='bbox 448 3881 620 3942; x_wconf 74' lang='grc' dir='ltr'>νότοςο</span> <span class='ocrx_word' id='word_1_309' title='bbox 670 3880 750 3932; x_wconf 74' lang='grc' dir='ltr'><strong><em>διὸ</em></strong></span> <span class='ocrx_word' id='word_1_310' title='bbox 796 3879 973 3943; x_wconf 84' lang='grc' dir='ltr'>καλῶς</span> <span class='ocrx_word' id='word_1_311' title='bbox 1029 3879 1175 3946; x_wconf 85' lang='grc' dir='ltr'>λέγει</span> <span class='ocrx_word' id='word_1_312' title='bbox 1233 3879 1266 3948; x_wconf 83' lang='grc' dir='ltr'>ἠ</span> <span class='ocrx_word' id='word_1_313' title='bbox 1324 3877 1507 3950; x_wconf 80' lang='grc' dir='ltr'>νύμφη</span> <span class='ocrx_word' id='word_1_314' title='bbox 1536 3869 1592 3930; x_wconf 71' lang='grc' dir='ltr'>ἐν</span> <span class='ocrx_word' id='word_1_315' title='bbox 1646 3882 1757 3943; x_wconf 83' lang='grc' dir='ltr'>τοῖς</span> 
     </span>
    </p>
   </div>
   <div class='ocr_carea' id='block_1_53' title="bbox 197 3969 1755 4042">
    <p class='ocr_par' dir='ltr' id='par_1_53' title="bbox 197 3969 1755 4042">
     <span class='ocr_line' id='line_1_53' title="bbox 197 3969 1755 4042; baseline 0.001 -19"><span class='ocrx_word' id='word_1_316' title='bbox 197 3969 422 4041; x_wconf 85' lang='grc' dir='ltr'>’ᾼσμασι</span> <span class='ocrx_word' id='word_1_317' title='bbox 483 3971 593 4024; x_wconf 85' lang='grc' dir='ltr'>τῶν</span> <span class='ocrx_word' id='word_1_318' title='bbox 627 3969 903 4042; x_wconf 78' lang='grc' dir='ltr'>ᾀσμάτωνο</span> <span class='ocrx_word' id='word_1_319' title='bbox 978 3969 1347 4039; x_wconf 71' lang='grc' dir='ltr'>Ἐξεγείρου,</span> <span class='ocrx_word' id='word_1_320' title='bbox 1386 3969 1602 4038; x_wconf 75' lang='grc' dir='ltr'>βορρᾶ,</span> <span class='ocrx_word' id='word_1_321' title='bbox 1658 3971 1755 4024; x_wconf 74' lang='grc' dir='ltr'>καὶ</span> 
     </span>
    </p>
   </div>
   <div class='ocr_carea' id='block_1_54' title="bbox 194 4059 1758 4132">
    <p class='ocr_par' dir='ltr' id='par_1_54' title="bbox 194 4059 1758 4132">
     <span class='ocr_line' id='line_1_54' title="bbox 194 4059 1758 4132; baseline 0.004 -21"><span class='ocrx_word' id='word_1_322' title='bbox 194 4059 379 4130; x_wconf 78' lang='grc' dir='ltr'>ἔρχου,</span> <span class='ocrx_word' id='word_1_323' title='bbox 411 4064 572 4126; x_wconf 85' lang='grc' dir='ltr'>νότε,</span> <span class='ocrx_word' id='word_1_324' title='bbox 607 4061 977 4117; x_wconf 79' lang='grc' dir='ltr'>διάπνευσον</span> <span class='ocrx_word' id='word_1_325' title='bbox 1003 4060 1198 4132; x_wconf 79' lang='grc' dir='ltr'>κῆπόν</span> <span class='ocrx_word' id='word_1_326' title='bbox 1239 4080 1379 4132; x_wconf 81' lang='grc' dir='ltr'>μου,</span> <span class='ocrx_word' id='word_1_327' title='bbox 1415 4064 1510 4117; x_wconf 77' lang='grc' dir='ltr'>καὶ</span> <span class='ocrx_word' id='word_1_328' title='bbox 1536 4063 1758 4132; x_wconf 71' lang='grc' dir='ltr'>ῥευσά-</span> 
     </span>
    </p>
   </div>
   <div class='ocr_carea' id='block_1_55' title="bbox 194 4145 839 4227">
    <p class='ocr_par' dir='ltr' id='par_1_55' title="bbox 194 4145 839 4227">
     <span class='ocr_line' id='line_1_55' title="bbox 194 4145 839 4227; baseline 0.009 -22"><span class='ocrx_word' id='word_1_329' title='bbox 194 4168 380 4208; x_wconf 86' lang='grc' dir='ltr'>τωσαν</span> <span class='ocrx_word' id='word_1_330' title='bbox 403 4145 681 4226; x_wconf 76' lang='grc' dir='ltr'>ἆρὼματά</span> <span class='ocrx_word' id='word_1_331' title='bbox 701 4176 839 4227; x_wconf 85' lang='grc' dir='ltr'>μου.</span> 
     </span>
    </p>
   </div>
   <div class='ocr_carea' id='block_1_56' title="bbox 250 4246 1758 4315">
    <p class='ocr_par' dir='ltr' id='par_1_56' title="bbox 250 4246 1758 4315">
     <span class='ocr_line' id='line_1_56' title="bbox 250 4246 1758 4315; baseline 0.001 -17"><span class='ocrx_word' id='word_1_332' title='bbox 250 4247 755 4315; x_wconf 81' lang='grc' dir='ltr'>Αίσχυνθήτωσαν</span> <span class='ocrx_word' id='word_1_333' title='bbox 781 4247 1002 4312; x_wconf 79' lang='grc' dir='ltr'>πάντες</span> <span class='ocrx_word' id='word_1_334' title='bbox 1032 4249 1087 4300; x_wconf 81' lang='grc' dir='ltr'>οι</span> <span class='ocrx_word' id='word_1_335' title='bbox 1119 4246 1609 4315; x_wconf 77' lang='grc' dir='ltr'>προσκυνοῦντες</span> <span class='ocrx_word' id='word_1_336' title='bbox 1633 4247 1758 4314; x_wconf 82' lang='grc' dir='ltr'>τοῖς</span> 
     </span>
    </p>
   </div>
   <div class='ocr_carea' id='block_1_57' title="bbox 193 4337 1758 4412">
    <p class='ocr_par' dir='ltr' id='par_1_57' title="bbox 193 4337 1758 4412">
     <span class='ocr_line' id='line_1_57' title="bbox 193 4337 1758 4412; baseline 0.003 -23"><span class='ocrx_word' id='word_1_337' title='bbox 193 4339 484 4407; x_wconf 73' lang='grc' dir='ltr'>γλυπτοῖς·</span> <span class='ocrx_word' id='word_1_338' title='bbox 503 4339 735 4412; x_wconf 79' lang='grc' dir='ltr'>ὁρῶντες</span> <span class='ocrx_word' id='word_1_339' title='bbox 762 4339 999 4410; x_wconf 85' lang='grc' dir='ltr'>δηλονότι</span> <span class='ocrx_word' id='word_1_340' title='bbox 1018 4337 1112 4401; x_wconf 78' lang='grc' dir='ltr'>οὓς</span> <span class='ocrx_word' id='word_1_341' title='bbox 1143 4339 1308 4392; x_wconf 79' lang='grc' dir='ltr'>πάλαι</span> <span class='ocrx_word' id='word_1_342' title='bbox 1335 4337 1579 4410; x_wconf 75' lang='grc' dir='ltr'>ἐνόμιζον</span> <span class='ocrx_word' id='word_1_343' title='bbox 1605 4339 1758 4404; x_wconf 77' lang='grc' dir='ltr'>θεοὺς</span> 
     </span>
    </p>
   </div>
   <div class='ocr_carea' id='block_1_58' title="bbox 195 4427 1755 4502">
    <p class='ocr_par' dir='ltr' id='par_1_58' title="bbox 195 4427 1755 4502">
     <span class='ocr_line' id='line_1_58' title="bbox 195 4427 1755 4502; baseline 0.004 -25"><span class='ocrx_word' id='word_1_344' title='bbox 195 4428 350 4498; x_wconf 72' lang='grc' dir='ltr'>κηροῦ</span> <span class='ocrx_word' id='word_1_345' title='bbox 388 4430 545 4502; x_wconf 86' lang='grc' dir='ltr'>δίκην</span> <span class='ocrx_word' id='word_1_346' title='bbox 569 4430 858 4501; x_wconf 80' lang='grc' dir='ltr'>λυομένους</span> <span class='ocrx_word' id='word_1_347' title='bbox 879 4428 982 4481; x_wconf 80' lang='grc' dir='ltr'><strong><em>ὑπὸ</em></strong></span> <span class='ocrx_word' id='word_1_348' title='bbox 1007 4427 1099 4481; x_wconf 78' lang='grc' dir='ltr'>τοῦ</span> <span class='ocrx_word' id='word_1_349' title='bbox 1136 4428 1363 4500; x_wconf 82' lang='grc' dir='ltr'>Κυρίου.</span> <span class='ocrx_word' id='word_1_350' title='bbox 1403 4432 1755 4499; x_wconf 80' lang='grc' dir='ltr'>Προσκυνή-</span> 
     </span>
    </p>
   </div>
   <div class='ocr_carea' id='block_1_59' title="bbox 196 4519 1757 4593">
    <p class='ocr_par' dir='ltr' id='par_1_59' title="bbox 196 4519 1757 4593">
     <span class='ocr_line' id='line_1_59' title="bbox 196 4519 1757 4593; baseline 0.002 -20"><span class='ocrx_word' id='word_1_351' title='bbox 196 4536 329 4576; x_wconf 84' lang='grc' dir='ltr'>σατε</span> <span class='ocrx_word' id='word_1_352' title='bbox 367 4523 548 4588; x_wconf 80' lang='grc' dir='ltr'>αὐτῷ,</span> <span class='ocrx_word' id='word_1_353' title='bbox 583 4521 804 4588; x_wconf 83' lang='grc' dir='ltr'>πάντες</span> <span class='ocrx_word' id='word_1_354' title='bbox 843 4521 1080 4593; x_wconf 73' lang='grc' dir='ltr'>ἄγγελοι</span> <span class='ocrx_word' id='word_1_355' title='bbox 1102 4521 1307 4575; x_wconf 84' lang='grc' dir='ltr'>αὐτοῦ.</span> <span class='ocrx_word' id='word_1_356' title='bbox 1359 4523 1471 4590; x_wconf 78' lang='grc' dir='ltr'><strong><em>Ἐφ’</em></strong></span> <span class='ocrx_word' id='word_1_357' title='bbox 1519 4519 1599 4586; x_wconf 75' lang='grc' dir='ltr'>οἷς</span> <span class='ocrx_word' id='word_1_358' title='bbox 1628 4541 1757 4576; x_wconf 86' lang='grc' dir='ltr'>κατ-</span> 
     </span>
    </p>
   </div>
   <div class='ocr_carea' id='block_1_60' title="bbox 193 4613 1614 4688">
    <p class='ocr_par' dir='ltr' id='par_1_60' title="bbox 193 4613 1614 4688">
     <span class='ocr_line' id='line_1_60' title="bbox 193 4613 1614 4688; baseline 0.003 -22"><span class='ocrx_word' id='word_1_359' title='bbox 193 4613 400 4686; x_wconf 78' lang='grc' dir='ltr'>ώρθωσε</span> <span class='ocrx_word' id='word_1_360' title='bbox 425 4619 492 4688; x_wconf 78' lang='grc' dir='ltr'>τῇ</span> <span class='ocrx_word' id='word_1_361' title='bbox 531 4616 623 4668; x_wconf 85' lang='grc' dir='ltr'><strong><em>ὑπ’</em></strong></span> <span class='ocrx_word' id='word_1_362' title='bbox 671 4616 917 4687; x_wconf 79' lang='grc' dir='ltr'>οὐρανὸν,</span> <span class='ocrx_word' id='word_1_363' title='bbox 951 4615 1138 4686; x_wconf 76' lang='grc' dir='ltr'>φησὶν,</span> <span class='ocrx_word' id='word_1_364' title='bbox 1165 4615 1614 4686; x_wconf 82' lang='grc' dir='ltr'>εὐχαριστήσατε.</span> 
     </span>
    </p>
   </div>
   <div class='ocr_carea' id='block_1_61' title="bbox 261 4705 1758 4777">
    <p class='ocr_par' dir='ltr' id='par_1_61' title="bbox 261 4705 1758 4777">
     <span class='ocr_line' id='line_1_61' title="bbox 261 4705 1758 4777; baseline -0.003 -15"><span class='ocrx_word' id='word_1_365' title='bbox 261 4710 519 4763; x_wconf 86' lang='grc' dir='ltr'>Ἤκουσε</span> <span class='ocrx_word' id='word_1_366' title='bbox 553 4707 653 4762; x_wconf 75' lang='grc' dir='ltr'><strong><em>καί</em></strong></span> <span class='ocrx_word' id='word_1_367' title='bbox 678 4707 980 4777; x_wconf 72' lang='grc' dir='ltr'>εὐφράνθη</span> <span class='ocrx_word' id='word_1_368' title='bbox 1019 4705 1192 4761; x_wconf 87' lang='grc' dir='ltr'>Σιών.</span> <span class='ocrx_word' id='word_1_369' title='bbox 1248 4707 1384 4759; x_wconf 85' lang='grc' dir='ltr'>Σιὼν</span> <span class='ocrx_word' id='word_1_370' title='bbox 1435 4706 1594 4777; x_wconf 83' lang='grc' dir='ltr'><strong><em>μὲνὴ</em></strong></span> <span class='ocrx_word' id='word_1_371' title='bbox 1635 4707 1758 4759; x_wconf 79' lang='grc' dir='ltr'><strong><em>Ἐκ-</em></strong></span> 
     </span>
    </p>
   </div>
   <div class='ocr_carea' id='block_1_62' title="bbox 195 4797 1758 4870">
    <p class='ocr_par' dir='ltr' id='par_1_62' title="bbox 195 4797 1758 4870">
     <span class='ocr_line' id='line_1_62' title="bbox 195 4797 1758 4870; baseline 0.003 -23"><span class='ocrx_word' id='word_1_372' title='bbox 195 4797 399 4869; x_wconf 55' lang='lat' dir='ltr'><strong><em>nimia.</em></strong></span> <span class='ocrx_word' id='word_1_373' title='bbox 425 4801 492 4855; x_wconf 89' lang='grc' dir='ltr'>Τί</span> <span class='ocrx_word' id='word_1_374' title='bbox 515 4800 575 4854; x_wconf 81' lang='grc' dir='ltr'>δὲ</span> <span class='ocrx_word' id='word_1_375' title='bbox 598 4800 848 4870; x_wconf 72' lang='grc' dir='ltr'>ἧκουσεν,</span> <span class='ocrx_word' id='word_1_376' title='bbox 895 4799 926 4870; x_wconf 82' lang='grc' dir='ltr'>ἦ</span> <span class='ocrx_word' id='word_1_377' title='bbox 957 4797 1050 4852; x_wconf 74' lang='grc' dir='ltr'><strong><em>τοῦ</em></strong></span> <span class='ocrx_word' id='word_1_378' title='bbox 1088 4797 1442 4867; x_wconf 77' lang='grc' dir='ltr'>εὐαγγελικοῠ</span> <span class='ocrx_word' id='word_1_379' title='bbox 1470 4797 1758 4869; x_wconf 74' lang='grc' dir='ltr'>κηρύγμα-</span> 
     </span>
    </p>
   </div>
   <div class='ocr_carea' id='block_1_63' title="bbox 196 4889 1759 4963">
    <p class='ocr_par' dir='ltr' id='par_1_63' title="bbox 196 4889 1759 4963">
     <span class='ocr_line' id='line_1_63' title="bbox 196 4889 1759 4963; baseline -0.001 -17"><span class='ocrx_word' id='word_1_380' title='bbox 196 4907 294 4954; x_wconf 71' lang='grc' dir='ltr'>τος,</span> <span class='ocrx_word' id='word_1_381' title='bbox 345 4895 438 4946; x_wconf 80' lang='grc' dir='ltr'>καὶ</span> <span class='ocrx_word' id='word_1_382' title='bbox 484 4891 826 4963; x_wconf 80' lang='grc' dir='ltr'>εὐφροσύνης</span> <span class='ocrx_word' id='word_1_383' title='bbox 881 4892 1018 4962; x_wconf 82' lang='grc' dir='ltr'>αὐτῇ</span> <span class='ocrx_word' id='word_1_384' title='bbox 1069 4889 1260 4958; x_wconf 85' lang='grc' dir='ltr'>γέγονε</span> <span class='ocrx_word' id='word_1_385' title='bbox 1297 4890 1592 4960; x_wconf 79' lang='grc' dir='ltr'>πρόξενον;</span> <span class='ocrx_word' id='word_1_386' title='bbox 1649 4890 1759 4944; x_wconf 75' lang='lat' dir='ltr'><strong><em>Kal</em></strong></span> 
     </span>
    </p>
   </div>
   <div class='ocr_carea' id='block_1_64' title="bbox 197 4979 1762 5051">
    <p class='ocr_par' dir='ltr' id='par_1_64' title="bbox 197 4979 1762 5051">
     <span class='ocr_line' id='line_1_64' title="bbox 197 4979 1762 5051; baseline -0.001 -15"><span class='ocrx_word' id='word_1_387' title='bbox 197 4981 637 5049; x_wconf 71' lang='grc' dir='ltr'>ἠγαλλιάσαντο</span> <span class='ocrx_word' id='word_1_388' title='bbox 668 4985 727 5036; x_wconf 82' lang='lat' dir='ltr'><strong><em>al</em></strong></span> <span class='ocrx_word' id='word_1_389' title='bbox 749 4982 1064 5051; x_wconf 82' lang='grc' dir='ltr'>θυγατέρες</span> <span class='ocrx_word' id='word_1_390' title='bbox 1091 4979 1200 5048; x_wconf 85' lang='grc' dir='ltr'>τῆς</span> <span class='ocrx_word' id='word_1_391' title='bbox 1243 4980 1554 5046; x_wconf 74' lang='grc' dir='ltr'>Ἰουδαίας.</span> <span class='ocrx_word' id='word_1_392' title='bbox 1584 4980 1762 5049; x_wconf 87' lang='grc' dir='ltr'>Θυγα-</span> 
     </span>
    </p>
   </div>
   <div class='ocr_carea' id='block_1_65' title="bbox 198 5071 1758 5146">
    <p class='ocr_par' dir='ltr' id='par_1_65' title="bbox 198 5071 1758 5146">
     <span class='ocr_line' id='line_1_65' title="bbox 198 5071 1758 5146; baseline 0.001 -21"><span class='ocrx_word' id='word_1_393' title='bbox 198 5075 344 5145; x_wconf 86' lang='grc' dir='ltr'>τέρας</span> <span class='ocrx_word' id='word_1_394' title='bbox 365 5076 463 5146; x_wconf 82' lang='grc' dir='ltr'>τῆς</span> <span class='ocrx_word' id='word_1_395' title='bbox 509 5075 769 5139; x_wconf 85' lang='grc' dir='ltr'>Ἰουδαίας</span> <span class='ocrx_word' id='word_1_396' title='bbox 797 5074 894 5138; x_wconf 86' lang='grc' dir='ltr'>τὰς</span> <span class='ocrx_word' id='word_1_397' title='bbox 945 5074 1099 5135; x_wconf 84' lang='grc' dir='ltr'>ὁσίας</span> <span class='ocrx_word' id='word_1_398' title='bbox 1142 5071 1319 5142; x_wconf 67' lang='grc' dir='ltr'>ψυχάς</span> <span class='ocrx_word' id='word_1_399' title='bbox 1378 5089 1528 5144; x_wconf 76' lang='grc' dir='ltr'>φησι,</span> <span class='ocrx_word' id='word_1_400' title='bbox 1569 5072 1668 5136; x_wconf 78' lang='grc' dir='ltr'>τὰς</span> <span class='ocrx_word' id='word_1_401' title='bbox 1691 5073 1758 5126; x_wconf 83' lang='grc' dir='ltr'><strong><em>δι’</em></strong></span> 
     </span>
    </p>
   </div>
   <div class='ocr_carea' id='block_1_66' title="bbox 195 5163 1759 5238">
    <p class='ocr_par' dir='ltr' id='par_1_66' title="bbox 195 5163 1759 5238">
     <span class='ocr_line' id='line_1_66' title="bbox 195 5163 1759 5238; baseline 0.003 -22"><span class='ocrx_word' id='word_1_402' title='bbox 195 5165 618 5236; x_wconf 79' lang='grc' dir='ltr'>ὲξομολογήσεως</span> <span class='ocrx_word' id='word_1_403' title='bbox 649 5165 997 5238; x_wconf 80' lang='grc' dir='ltr'>συνημμένας</span> <span class='ocrx_word' id='word_1_404' title='bbox 1026 5164 1164 5236; x_wconf 81' lang='grc' dir='ltr'>Θεῷ,</span> <span class='ocrx_word' id='word_1_405' title='bbox 1212 5164 1268 5217; x_wconf 86' lang='grc' dir='ltr'>αἶ</span> <span class='ocrx_word' id='word_1_406' title='bbox 1311 5163 1643 5235; x_wconf 73' lang='grc' dir='ltr'>ἠγαλλιῶντο</span> <span class='ocrx_word' id='word_1_407' title='bbox 1673 5165 1759 5220; x_wconf 83' lang='grc' dir='ltr'><strong><em>διὰ</em></strong></span> 
     </span>
    </p>
   </div>
   <div class='ocr_carea' id='block_1_67' title="bbox 195 5254 1759 5328">
    <p class='ocr_par' dir='ltr' id='par_1_67' title="bbox 195 5254 1759 5328">
     <span class='ocr_line' id='line_1_67' title="bbox 195 5254 1759 5328; baseline 0.004 -23"><span class='ocrx_word' id='word_1_408' title='bbox 195 5255 254 5308; x_wconf 79' lang='grc' dir='ltr'><strong><em>τά</em></strong></span> <span class='ocrx_word' id='word_1_409' title='bbox 276 5257 365 5310; x_wconf 79' lang='grc' dir='ltr'>τοῦ</span> <span class='ocrx_word' id='word_1_410' title='bbox 396 5255 534 5311; x_wconf 81' lang='grc' dir='ltr'>Θεοῦ</span> <span class='ocrx_word' id='word_1_411' title='bbox 582 5256 848 5328; x_wconf 87' lang='grc' dir='ltr'>κρίματα,</span> <span class='ocrx_word' id='word_1_412' title='bbox 874 5255 1079 5326; x_wconf 79' lang='grc' dir='ltr'>ὁρῶσαι</span> <span class='ocrx_word' id='word_1_413' title='bbox 1107 5254 1346 5326; x_wconf 85' lang='grc' dir='ltr'>δηλονότι</span> <span class='ocrx_word' id='word_1_414' title='bbox 1389 5256 1513 5319; x_wconf 79' lang='grc' dir='ltr'>τοὺς</span> <span class='ocrx_word' id='word_1_415' title='bbox 1563 5273 1759 5327; x_wconf 87' lang='grc' dir='ltr'>τυραν-</span> 
     </span>
    </p>
   </div>
   <div class='ocr_carea' id='block_1_68' title="bbox 195 5345 1756 5419">
    <p class='ocr_par' dir='ltr' id='par_1_68' title="bbox 195 5345 1756 5419">
     <span class='ocr_line' id='line_1_68' title="bbox 195 5345 1756 5419; baseline 0.004 -23"><span class='ocrx_word' id='word_1_416' title='bbox 195 5346 445 5417; x_wconf 78' lang='grc' dir='ltr'>νήσαντας</span> <span class='ocrx_word' id='word_1_417' title='bbox 473 5345 934 5419; x_wconf 72' lang='grc' dir='ltr'>ἐκϐεϐλημένους,</span> <span class='ocrx_word' id='word_1_418' title='bbox 984 5349 1110 5411; x_wconf 71' lang='grc' dir='ltr'>τοὺς</span> <span class='ocrx_word' id='word_1_419' title='bbox 1164 5347 1217 5401; x_wconf 86' lang='grc' dir='ltr'>δὲ</span> <span class='ocrx_word' id='word_1_420' title='bbox 1275 5347 1484 5418; x_wconf 64' lang='grc' dir='ltr'>δουλείᾳ</span> <span class='ocrx_word' id='word_1_421' title='bbox 1531 5364 1756 5419; x_wconf 83' lang='grc' dir='ltr'>κατεχο-</span> 
     </span>
    </p>
   </div>
   <div class='ocr_carea' id='block_1_69' title="bbox 200 5437 1268 5513">
    <p class='ocr_par' dir='ltr' id='par_1_69' title="bbox 200 5437 1268 5513">
     <span class='ocr_line' id='line_1_69' title="bbox 200 5437 1268 5513; baseline 0.003 -23"><span class='ocrx_word' id='word_1_422' title='bbox 200 5437 376 5507; x_wconf 79' lang='grc' dir='ltr'>μένους</span> <span class='ocrx_word' id='word_1_423' title='bbox 399 5445 480 5506; x_wconf 73' lang='lat' dir='ltr'><strong><em>et;</em></strong></span> <span class='ocrx_word' id='word_1_424' title='bbox 512 5439 826 5511; x_wconf 80' lang='grc' dir='ltr'>ἐλευθερίαν</span> <span class='ocrx_word' id='word_1_425' title='bbox 862 5441 1268 5513; x_wconf 72' lang='grc' dir='ltr'>ἐνηνεγμένους.</span> 
     </span>
    </p>
   </div>
   <div class='ocr_carea' id='block_1_70' title="bbox 260 5531 1752 5602">
    <p class='ocr_par' dir='ltr' id='par_1_70' title="bbox 260 5531 1752 5602">
     <span class='ocr_line' id='line_1_70' title="bbox 260 5531 1752 5602; baseline 0.003 -19"><span class='ocrx_word' id='word_1_426' title='bbox 260 5534 318 5585; x_wconf 81' lang='grc' dir='ltr'><strong><em>οι</em></strong></span> <span class='ocrx_word' id='word_1_427' title='bbox 349 5533 700 5602; x_wconf 76' lang='grc' dir='ltr'>ἀγαπῶντες</span> <span class='ocrx_word' id='word_1_428' title='bbox 753 5531 861 5600; x_wconf 82' lang='grc' dir='ltr'>τὸν</span> <span class='ocrx_word' id='word_1_429' title='bbox 908 5534 1142 5600; x_wconf 76' lang='grc' dir='ltr'>Κύριον,</span> <span class='ocrx_word' id='word_1_430' title='bbox 1214 5531 1443 5599; x_wconf 79' lang='grc' dir='ltr'>μισεῖτε</span> <span class='ocrx_word' id='word_1_431' title='bbox 1501 5531 1752 5601; x_wconf 78' lang='grc' dir='ltr'>πονηρά.</span> 
     </span>
    </p>
   </div>
   <div class='ocr_carea' id='block_1_71' title="bbox 198 5617 1758 5693">
    <p class='ocr_par' dir='ltr' id='par_1_71' title="bbox 198 5617 1758 5693">
     <span class='ocr_line' id='line_1_71' title="bbox 198 5617 1758 5693; baseline 0.002 -21"><span class='ocrx_word' id='word_1_432' title='bbox 198 5617 505 5692; x_wconf 83' lang='grc' dir='ltr'>Παραίνεσις</span> <span class='ocrx_word' id='word_1_433' title='bbox 532 5621 810 5690; x_wconf 71' lang='grc' dir='ltr'>εἰσάγεται</span> <span class='ocrx_word' id='word_1_434' title='bbox 839 5624 949 5685; x_wconf 76' lang='grc' dir='ltr'>τοῖς</span> <span class='ocrx_word' id='word_1_435' title='bbox 989 5624 1054 5692; x_wconf 78' lang='grc' dir='ltr'><strong><em>τῇ</em></strong></span> <span class='ocrx_word' id='word_1_436' title='bbox 1097 5621 1377 5692; x_wconf 79' lang='grc' dir='ltr'>ἐλευθερίᾳ</span> <span class='ocrx_word' id='word_1_437' title='bbox 1417 5621 1758 5693; x_wconf 86' lang='grc' dir='ltr'>λελυτρωμέ-</span> 
     </span>
    </p>
   </div>
   <div class='ocr_carea' id='block_1_72' title="bbox 198 5710 1752 5788">
    <p class='ocr_par' dir='ltr' id='par_1_72' title="bbox 198 5710 1752 5788">
     <span class='ocr_line' id='line_1_72' title="bbox 198 5710 1752 5788; baseline 0.005 -26"><span class='ocrx_word' id='word_1_438' title='bbox 198 5727 314 5777; x_wconf 76' lang='grc' dir='ltr'>νοις,</span> <span class='ocrx_word' id='word_1_439' title='bbox 341 5714 664 5768; x_wconf 79' lang='grc' dir='ltr'>διδάσκουσα</span> <span class='ocrx_word' id='word_1_440' title='bbox 694 5716 799 5768; x_wconf 79' lang='grc' dir='ltr'><strong><em>πᾶν</em></strong></span> <span class='ocrx_word' id='word_1_441' title='bbox 850 5710 986 5777; x_wconf 82' lang='grc' dir='ltr'>εἶδος</span> <span class='ocrx_word' id='word_1_442' title='bbox 1036 5713 1266 5784; x_wconf 83' lang='grc' dir='ltr'>πονηρὸν</span> <span class='ocrx_word' id='word_1_443' title='bbox 1299 5713 1752 5788; x_wconf 69' lang='grc' dir='ltr'>ἀποστρέφεσθαι.</span> 
     </span>
    </p>
   </div>
   <div class='ocr_carea' id='block_1_73' title="bbox 199 5802 1748 5875">
    <p class='ocr_par' dir='ltr' id='par_1_73' title="bbox 199 5802 1748 5875">
     <span class='ocr_line' id='line_1_73' title="bbox 199 5802 1748 5875; baseline 0.004 -19"><span class='ocrx_word' id='word_1_444' title='bbox 199 5802 488 5861; x_wconf 68' lang='grc' dir='ltr'>Φυλάσσει</span> <span class='ocrx_word' id='word_1_445' title='bbox 514 5806 729 5873; x_wconf 80' lang='grc' dir='ltr'>Κύριος</span> <span class='ocrx_word' id='word_1_446' title='bbox 761 5806 867 5872; x_wconf 86' lang='grc' dir='ltr'>τὰς</span> <span class='ocrx_word' id='word_1_447' title='bbox 897 5805 1101 5875; x_wconf 67' lang='grc' dir='ltr'>ψυχὰς</span> <span class='ocrx_word' id='word_1_448' title='bbox 1142 5803 1261 5859; x_wconf 85' lang='grc' dir='ltr'>τῶν</span> <span class='ocrx_word' id='word_1_449' title='bbox 1312 5805 1495 5860; x_wconf 80' lang='grc' dir='ltr'>ὁσίων</span> <span class='ocrx_word' id='word_1_450' title='bbox 1542 5805 1748 5862; x_wconf 75' lang='grc' dir='ltr'>αὐτοῦ.</span> 
     </span>
    </p>
   </div>
   <div class='ocr_carea' id='block_1_74' title="bbox 262 5894 703 5965">
    <p class='ocr_par' dir='ltr' id='par_1_74' title="bbox 262 5894 703 5965">
     <span class='ocr_line' id='line_1_74' title="bbox 262 5894 703 5965; baseline -0.002 -12"><span class='ocrx_word' id='word_1_451' title='bbox 262 5894 302 5928; x_wconf 70' lang='grc' dir='ltr'>’δ</span> <span class='ocrx_word' id='word_1_452' title='bbox 327 5897 480 5953; x_wconf 82' lang='lat' dir='ltr'><strong><em>Cant.</em></strong></span> <span class='ocrx_word' id='word_1_453' title='bbox 510 5915 583 5965; x_wconf 84' lang='lat' dir='ltr'><strong><em>tv,</em></strong></span> <span class='ocrx_word' id='word_1_454' title='bbox 618 5897 703 5953; x_wconf 77' lang='grc'>16.</span> 
     </span>
    </p>
   </div>
   <div class='ocr_carea' id='block_1_75' title="bbox 1859 2009 2240 2065">
    <p class='ocr_par' dir='ltr' id='par_1_75' title="bbox 1859 2009 2240 2065">
     <span class='ocr_line' id='line_1_75' title="bbox 1859 2009 2240 2065; baseline -0.003 0"><span class='ocrx_word' id='word_1_455' title='bbox 1859 2009 2240 2065; x_wconf 80' lang='lat' dir='ltr'><strong><em>circumfusas.</em></strong></span> 
     </span>
    </p>
   </div>
   <div class='ocr_carea' id='block_1_76' title="bbox 1929 2187 3429 2260">
    <p class='ocr_par' dir='ltr' id='par_1_76' title="bbox 1929 2187 3429 2260">
     <span class='ocr_line' id='line_1_76' title="bbox 1929 2187 3429 2260; baseline -0.001 -15"><span class='ocrx_word' id='word_1_456' title='bbox 1929 2190 1985 2246; x_wconf 79' lang='grc'>2.</span> <span class='ocrx_word' id='word_1_457' title='bbox 2031 2187 2208 2243; x_wconf 79' lang='lat' dir='ltr'><strong><em>Nubes</em></strong></span> <span class='ocrx_word' id='word_1_458' title='bbox 2235 2197 2284 2242; x_wconf 88' lang='lat' dir='ltr'><strong><em>et</em></strong></span> <span class='ocrx_word' id='word_1_459' title='bbox 2304 2187 2475 2258; x_wconf 88' lang='lat' dir='ltr'><strong><em>caligo</em></strong></span> <span class='ocrx_word' id='word_1_460' title='bbox 2507 2188 2561 2240; x_wconf 87' lang='lat' dir='ltr'><strong><em>in</em></strong></span> <span class='ocrx_word' id='word_1_461' title='bbox 2593 2187 2819 2241; x_wconf 85' lang='lat' dir='ltr'><strong><em>circuitu</em></strong></span> <span class='ocrx_word' id='word_1_462' title='bbox 2841 2187 2972 2256; x_wconf 86' lang='lat' dir='ltr'><strong><em>ejus.</em></strong></span> <span class='ocrx_word' id='word_1_463' title='bbox 3003 2187 3280 2243; x_wconf 87' lang='lat' dir='ltr'><strong><em>Latentem</em></strong></span> <span class='ocrx_word' id='word_1_464' title='bbox 3307 2188 3429 2260; x_wconf 84' lang='lat' dir='ltr'><strong><em>ejus</em></strong></span> 
     </span>
    </p>
   </div>
   <div class='ocr_carea' id='block_1_77' title="bbox 1860 2279 3426 2350">
    <p class='ocr_par' dir='ltr' id='par_1_77' title="bbox 1860 2279 3426 2350">
     <span class='ocr_line' id='line_1_77' title="bbox 1860 2279 3426 2350; baseline -0.001 -13"><span class='ocrx_word' id='word_1_465' title='bbox 1860 2283 1928 2338; x_wconf 91' lang='lat' dir='ltr'><strong><em>ad</em></strong></span> <span class='ocrx_word' id='word_1_466' title='bbox 1977 2282 2225 2338; x_wconf 80' lang='lat' dir='ltr'><strong><em>homines</em></strong></span> <span class='ocrx_word' id='word_1_467' title='bbox 2257 2282 2581 2336; x_wconf 84' lang='lat' dir='ltr'><strong><em>descensum</em></strong></span> <span class='ocrx_word' id='word_1_468' title='bbox 2612 2279 2904 2350; x_wconf 77' lang='lat' dir='ltr'><strong><em>signiﬁcat,</em></strong></span> <span class='ocrx_word' id='word_1_469' title='bbox 2935 2280 3157 2349; x_wconf 80' lang='lat' dir='ltr'><strong><em>quando</em></strong></span> <span class='ocrx_word' id='word_1_470' title='bbox 3213 2281 3268 2334; x_wconf 87' lang='lat' dir='ltr'><strong><em>in</em></strong></span> <span class='ocrx_word' id='word_1_471' title='bbox 3307 2296 3426 2335; x_wconf 83' lang='lat' dir='ltr'><strong><em>ser-</em></strong></span> 
     </span>
    </p>
   </div>
   <div class='ocr_carea' id='block_1_78' title="bbox 1860 2371 3426 2442">
    <p class='ocr_par' dir='ltr' id='par_1_78' title="bbox 1860 2371 3426 2442">
     <span class='ocr_line' id='line_1_78' title="bbox 1860 2371 3426 2442; baseline -0.004 -14"><span class='ocrx_word' id='word_1_472' title='bbox 1860 2375 1912 2428; x_wconf 90' lang='lat' dir='ltr'><strong><em>vi</em></strong></span> <span class='ocrx_word' id='word_1_473' title='bbox 1969 2372 2143 2428; x_wconf 77' lang='lat' dir='ltr'><strong><em>forma</em></strong></span> <span class='ocrx_word' id='word_1_474' title='bbox 2191 2373 2462 2441; x_wconf 83' lang='lat' dir='ltr'><strong><em>apparuit.</em></strong></span> <span class='ocrx_word' id='word_1_475' title='bbox 2495 2371 2724 2426; x_wconf 81' lang='lat' dir='ltr'><strong><em>Justiiia</em></strong></span> <span class='ocrx_word' id='word_1_476' title='bbox 2777 2382 2825 2426; x_wconf 91' lang='lat' dir='ltr'><strong><em>et</em></strong></span> <span class='ocrx_word' id='word_1_477' title='bbox 2853 2372 3118 2442; x_wconf 85' lang='lat' dir='ltr'><strong><em>judicium</em></strong></span> <span class='ocrx_word' id='word_1_478' title='bbox 3171 2373 3426 2426; x_wconf 80' lang='lat' dir='ltr'><strong><em>correctio</em></strong></span> 
     </span>
    </p>
   </div>
   <div class='ocr_carea' id='block_1_79' title="bbox 1861 2462 3428 2534">
    <p class='ocr_par' dir='ltr' id='par_1_79' title="bbox 1861 2462 3428 2534">
     <span class='ocr_line' id='line_1_79' title="bbox 1861 2462 3428 2534; baseline 0.001 -16"><span class='ocrx_word' id='word_1_479' title='bbox 1861 2464 2035 2519; x_wconf 80' lang='lat' dir='ltr'><strong><em>throni</em></strong></span> <span class='ocrx_word' id='word_1_480' title='bbox 2060 2464 2192 2534; x_wconf 79' lang='lat' dir='ltr'><strong><em>ejus.</em></strong></span> <span class='ocrx_word' id='word_1_481' title='bbox 2216 2462 2362 2530; x_wconf 77' lang='lat' dir='ltr'><strong><em>Hzec,</em></strong></span> <span class='ocrx_word' id='word_1_482' title='bbox 2387 2463 2583 2534; x_wconf 85' lang='lat' dir='ltr'><strong><em>inquit,</em></strong></span> <span class='ocrx_word' id='word_1_483' title='bbox 2602 2464 2943 2519; x_wconf 86' lang='lat' dir='ltr'><strong><em>remissionis</em></strong></span> <span class='ocrx_word' id='word_1_484' title='bbox 2965 2479 3131 2520; x_wconf 80' lang='lat' dir='ltr'><strong><em>causa</em></strong></span> <span class='ocrx_word' id='word_1_485' title='bbox 3158 2463 3258 2519; x_wconf 79' lang='lat' dir='ltr'><strong><em>fuit</em></strong></span> <span class='ocrx_word' id='word_1_486' title='bbox 3282 2463 3428 2534; x_wconf 85' lang='lat' dir='ltr'><strong><em>quod</em></strong></span> 
     </span>
    </p>
   </div>
   <div class='ocr_carea' id='block_1_80' title="bbox 1855 2555 3429 2628">
    <p class='ocr_par' dir='ltr' id='par_1_80' title="bbox 1855 2555 3429 2628">
     <span class='ocr_line' id='line_1_80' title="bbox 1855 2555 3429 2628; baseline -0.001 -18"><span class='ocrx_word' id='word_1_487' title='bbox 1855 2557 2000 2628; x_wconf 84' lang='lat' dir='ltr'><strong><em>juste</em></strong></span> <span class='ocrx_word' id='word_1_488' title='bbox 2047 2555 2373 2628; x_wconf 75' lang='lat' dir='ltr'><strong><em>iudicaverit</em></strong></span> <span class='ocrx_word' id='word_1_489' title='bbox 2418 2569 2640 2611; x_wconf 89' lang='lat' dir='ltr'><strong><em>causam</em></strong></span> <span class='ocrx_word' id='word_1_490' title='bbox 2691 2563 2932 2609; x_wconf 88' lang='lat' dir='ltr'><strong><em>nostram</em></strong></span> <span class='ocrx_word' id='word_1_491' title='bbox 2967 2571 3131 2624; x_wconf 89' lang='lat' dir='ltr'><strong><em>quam</em></strong></span> <span class='ocrx_word' id='word_1_492' title='bbox 3165 2555 3429 2611; x_wconf 77' lang='lat' dir='ltr'><strong><em>habemus</em></strong></span> 
     </span>
    </p>
   </div>
   <div class='ocr_carea' id='block_1_81' title="bbox 1860 2647 3426 2719">
    <p class='ocr_par' dir='ltr' id='par_1_81' title="bbox 1860 2647 3426 2719">
     <span class='ocr_line' id='line_1_81' title="bbox 1860 2647 3426 2719; baseline 0 -17"><span class='ocrx_word' id='word_1_493' title='bbox 1860 2650 2110 2706; x_wconf 82' lang='lat' dir='ltr'><strong><em>videlicet</em></strong></span> <span class='ocrx_word' id='word_1_494' title='bbox 2135 2650 2398 2705; x_wconf 85' lang='lat' dir='ltr'><strong><em>adversus</em></strong></span> <span class='ocrx_word' id='word_1_495' title='bbox 2427 2649 2695 2719; x_wconf 75' lang='lat' dir='ltr'><strong><em>malignas</em></strong></span> <span class='ocrx_word' id='word_1_496' title='bbox 2733 2656 2785 2702; x_wconf 88' lang='lat' dir='ltr'><strong><em>et</em></strong></span> <span class='ocrx_word' id='word_1_497' title='bbox 2808 2647 3152 2704; x_wconf 73' lang='lat' dir='ltr'><strong><em>adversarius</em></strong></span> <span class='ocrx_word' id='word_1_498' title='bbox 3182 2655 3426 2718; x_wconf 82' lang='lat' dir='ltr'><strong><em>potests-</em></strong></span> 
     </span>
    </p>
   </div>
   <div class='ocr_carea' id='block_1_82' title="bbox 1863 2756 1964 2799">
    <p class='ocr_par' dir='ltr' id='par_1_82' title="bbox 1863 2756 1964 2799">
     <span class='ocr_line' id='line_1_82' title="bbox 1863 2756 1964 2799; baseline -0.01 -2"><span class='ocrx_word' id='word_1_499' title='bbox 1863 2756 1964 2799; x_wconf 76' lang='grc' dir='ltr'>ιοε.</span> 
     </span>
    </p>
   </div>
   <div class='ocr_carea' id='block_1_83' title="bbox 1935 2831 3430 2902">
    <p class='ocr_par' dir='ltr' id='par_1_83' title="bbox 1935 2831 3430 2902">
     <span class='ocr_line' id='line_1_83' title="bbox 1935 2831 3430 2902; baseline -0.001 -14"><span class='ocrx_word' id='word_1_500' title='bbox 1935 2834 1988 2888; x_wconf 82' lang='lat'><strong><em>5.</em></strong></span> <span class='ocrx_word' id='word_1_501' title='bbox 2020 2831 2169 2902; x_wconf 84' lang='lat' dir='ltr'><strong><em>Ignis</em></strong></span> <span class='ocrx_word' id='word_1_502' title='bbox 2230 2841 2353 2887; x_wconf 87' lang='lat' dir='ltr'><strong><em>ante</em></strong></span> <span class='ocrx_word' id='word_1_503' title='bbox 2385 2833 2556 2901; x_wconf 88' lang='lat' dir='ltr'><strong><em>ipsum</em></strong></span> <span class='ocrx_word' id='word_1_504' title='bbox 2596 2833 2874 2902; x_wconf 67' lang='lat' dir='ltr'><strong><em>pra&#39;cedct.</em></strong></span> <span class='ocrx_word' id='word_1_505' title='bbox 2913 2831 3104 2887; x_wconf 83' lang='lat' dir='ltr'><strong><em>Divina</em></strong></span> <span class='ocrx_word' id='word_1_506' title='bbox 3142 2831 3286 2887; x_wconf 87' lang='lat' dir='ltr'><strong><em>enim</em></strong></span> <span class='ocrx_word' id='word_1_507' title='bbox 3329 2845 3430 2887; x_wconf 82' lang='lat' dir='ltr'><strong><em>sua</em></strong></span> 
     </span>
    </p>
   </div>
   <div class='ocr_carea' id='block_1_84' title="bbox 1862 2923 3432 2994">
    <p class='ocr_par' dir='ltr' id='par_1_84' title="bbox 1862 2923 3432 2994">
     <span class='ocr_line' id='line_1_84' title="bbox 1862 2923 3432 2994; baseline -0.003 -14"><span class='ocrx_word' id='word_1_508' title='bbox 1862 2928 2061 2982; x_wconf 83' lang='lat' dir='ltr'><strong><em>virtute</em></strong></span> <span class='ocrx_word' id='word_1_509' title='bbox 2094 2925 2295 2980; x_wconf 85' lang='lat' dir='ltr'><strong><em>malam</em></strong></span> <span class='ocrx_word' id='word_1_510' title='bbox 2331 2939 2550 2980; x_wconf 90' lang='lat' dir='ltr'><strong><em>omnem</em></strong></span> <span class='ocrx_word' id='word_1_511' title='bbox 2590 2932 2752 2994; x_wconf 88' lang='lat' dir='ltr'><strong><em>atque</em></strong></span> <span class='ocrx_word' id='word_1_512' title='bbox 2813 2923 3180 2978; x_wconf 82' lang='lat' dir='ltr'><strong><em>adversariam</em></strong></span> <span class='ocrx_word' id='word_1_513' title='bbox 3239 2937 3432 2994; x_wconf 82' lang='lat' dir='ltr'><strong><em>opera-</em></strong></span> 
     </span>
    </p>
   </div>
   <div class='ocr_carea' id='block_1_85' title="bbox 1863 3019 2424 3077">
    <p class='ocr_par' dir='ltr' id='par_1_85' title="bbox 1863 3019 2424 3077">
     <span class='ocr_line' id='line_1_85' title="bbox 1863 3019 2424 3077; baseline -0.004 -1"><span class='ocrx_word' id='word_1_514' title='bbox 1863 3021 2063 3077; x_wconf 86' lang='lat' dir='ltr'><strong><em>tionem</em></strong></span> <span class='ocrx_word' id='word_1_515' title='bbox 2101 3019 2424 3076; x_wconf 86' lang='lat' dir='ltr'><strong><em>combussit.</em></strong></span> 
     </span>
    </p>
   </div>
   <div class='ocr_carea' id='block_1_86' title="bbox 1934 3109 3430 3183">
    <p class='ocr_par' dir='ltr' id='par_1_86' title="bbox 1934 3109 3430 3183">
     <span class='ocr_line' id='line_1_86' title="bbox 1934 3109 3430 3183; baseline -0.002 -16"><span class='ocrx_word' id='word_1_516' title='bbox 1934 3115 1988 3168; x_wconf 77' lang='grc'>4.</span> <span class='ocrx_word' id='word_1_517' title='bbox 2008 3113 2310 3167; x_wconf 73' lang='lat' dir='ltr'><strong><em>&quot;luxerunt</em></strong></span> <span class='ocrx_word' id='word_1_518' title='bbox 2335 3112 2553 3183; x_wconf 82' lang='lat' dir='ltr'><strong><em>fulgura</em></strong></span> <span class='ocrx_word' id='word_1_519' title='bbox 2577 3111 2690 3181; x_wconf 84' lang='lat' dir='ltr'><strong><em>ejus</em></strong></span> <span class='ocrx_word' id='word_1_520' title='bbox 2717 3111 2831 3165; x_wconf 83' lang='lat' dir='ltr'><strong><em>orbi</em></strong></span> <span class='ocrx_word' id='word_1_521' title='bbox 2859 3121 3032 3166; x_wconf 64' lang='lat' dir='ltr'><strong><em>terras.</em></strong></span> <span class='ocrx_word' id='word_1_522' title='bbox 3060 3109 3297 3181; x_wconf 74' lang='lat' dir='ltr'><strong><em>Fulgura</em></strong></span> <span class='ocrx_word' id='word_1_523' title='bbox 3330 3125 3430 3164; x_wconf 85' lang='lat' dir='ltr'><strong><em>sua</em></strong></span> 
     </span>
    </p>
   </div>
   <div class='ocr_carea' id='block_1_87' title="bbox 1862 3204 3432 3278">
    <p class='ocr_par' dir='ltr' id='par_1_87' title="bbox 1862 3204 3432 3278">
     <span class='ocr_line' id='line_1_87' title="bbox 1862 3204 3432 3278; baseline 0.001 -17"><span class='ocrx_word' id='word_1_524' title='bbox 1862 3207 1995 3262; x_wconf 91' lang='lat' dir='ltr'><strong><em>dicit</em></strong></span> <span class='ocrx_word' id='word_1_525' title='bbox 2025 3220 2149 3260; x_wconf 89' lang='lat' dir='ltr'><strong><em>esse</em></strong></span> <span class='ocrx_word' id='word_1_526' title='bbox 2175 3213 2398 3259; x_wconf 89' lang='lat' dir='ltr'><strong><em>sanctos</em></strong></span> <span class='ocrx_word' id='word_1_527' title='bbox 2428 3205 2709 3275; x_wconf 87' lang='lat' dir='ltr'><strong><em>apostolos</em></strong></span> <span class='ocrx_word' id='word_1_528' title='bbox 2734 3212 2790 3259; x_wconf 90' lang='lat' dir='ltr'><strong><em>et</em></strong></span> <span class='ocrx_word' id='word_1_529' title='bbox 2818 3205 3201 3277; x_wconf 80' lang='lat' dir='ltr'><strong><em>cvangelistas,</em></strong></span> <span class='ocrx_word' id='word_1_530' title='bbox 3226 3205 3320 3278; x_wconf 88' lang='lat' dir='ltr'><strong><em>qui</em></strong></span> <span class='ocrx_word' id='word_1_531' title='bbox 3347 3204 3432 3262; x_wconf 87' lang='lat' dir='ltr'><strong><em>lu-</em></strong></span> 
     </span>
    </p>
   </div>
   <div class='ocr_carea' id='block_1_88' title="bbox 1865 3296 2934 3353">
    <p class='ocr_par' dir='ltr' id='par_1_88' title="bbox 1865 3296 2934 3353">
     <span class='ocr_line' id='line_1_88' title="bbox 1865 3296 2934 3353; baseline -0.001 -1"><span class='ocrx_word' id='word_1_532' title='bbox 1865 3299 2029 3353; x_wconf 86' lang='lat' dir='ltr'><strong><em>minis</em></strong></span> <span class='ocrx_word' id='word_1_533' title='bbox 2059 3298 2230 3352; x_wconf 89' lang='lat' dir='ltr'><strong><em>instar</em></strong></span> <span class='ocrx_word' id='word_1_534' title='bbox 2257 3296 2703 3351; x_wconf 88' lang='lat' dir='ltr'><strong><em>illuminaverunt</em></strong></span> <span class='ocrx_word' id='word_1_535' title='bbox 2725 3297 2934 3351; x_wconf 88' lang='lat' dir='ltr'><strong><em>orbem.</em></strong></span> 
     </span>
    </p>
   </div>
   <div class='ocr_carea' id='block_1_89' title="bbox 1932 3479 3426 3551">
    <p class='ocr_par' dir='ltr' id='par_1_89' title="bbox 1932 3479 3426 3551">
     <span class='ocr_line' id='line_1_89' title="bbox 1932 3479 3426 3551; baseline -0.003 -10"><span class='ocrx_word' id='word_1_536' title='bbox 1932 3487 1985 3542; x_wconf 83' lang='lat'><strong><em>5.</em></strong></span> <span class='ocrx_word' id='word_1_537' title='bbox 2023 3484 2228 3540; x_wconf 74' lang='lat' dir='ltr'><strong><em>Montes</em></strong></span> <span class='ocrx_word' id='word_1_538' title='bbox 2270 3483 2406 3538; x_wconf 90' lang='lat' dir='ltr'><strong><em>sicut</em></strong></span> <span class='ocrx_word' id='word_1_539' title='bbox 2444 3498 2562 3536; x_wconf 85' lang='lat' dir='ltr'><strong><em>cera</em></strong></span> <span class='ocrx_word' id='word_1_540' title='bbox 2607 3483 2875 3551; x_wconf 76' lang='lat' dir='ltr'><strong><em>ﬂuxerunt</em></strong></span> <span class='ocrx_word' id='word_1_541' title='bbox 2921 3497 2954 3535; x_wconf 93' lang='lat' dir='ltr'><strong><em>a</em></strong></span> <span class='ocrx_word' id='word_1_542' title='bbox 3006 3481 3145 3550; x_wconf 77' lang='lat' dir='ltr'><strong><em>facis</em></strong></span> <span class='ocrx_word' id='word_1_543' title='bbox 3190 3479 3426 3537; x_wconf 83' lang='lat' dir='ltr'><strong><em>Domini.</em></strong></span> 
     </span>
    </p>
   </div>
   <div class='ocr_carea' id='block_1_90' title="bbox 1862 3573 3426 3644">
    <p class='ocr_par' dir='ltr' id='par_1_90' title="bbox 1862 3573 3426 3644">
     <span class='ocr_line' id='line_1_90' title="bbox 1862 3573 3426 3644; baseline -0.003 -12"><span class='ocrx_word' id='word_1_544' title='bbox 1862 3577 2073 3634; x_wconf 82' lang='lat' dir='ltr'><strong><em>Montes</em></strong></span> <span class='ocrx_word' id='word_1_545' title='bbox 2099 3584 2257 3632; x_wconf 83' lang='lat' dir='ltr'><strong><em>vocat</em></strong></span> <span class='ocrx_word' id='word_1_546' title='bbox 2282 3574 2621 3630; x_wconf 81' lang='lat' dir='ltr'><strong><em>adversarius</em></strong></span> <span class='ocrx_word' id='word_1_547' title='bbox 2643 3582 2958 3644; x_wconf 83' lang='lat' dir='ltr'><strong><em>potestates,</em></strong></span> <span class='ocrx_word' id='word_1_548' title='bbox 2992 3589 3114 3643; x_wconf 61' lang='lat' dir='ltr'><strong><em>quas</em></strong></span> <span class='ocrx_word' id='word_1_549' title='bbox 3136 3573 3276 3630; x_wconf 90' lang='lat' dir='ltr'><strong><em>sicut</em></strong></span> <span class='ocrx_word' id='word_1_550' title='bbox 3301 3589 3426 3630; x_wconf 87' lang='lat' dir='ltr'><strong><em>cera</em></strong></span> 
     </span>
    </p>
   </div>
   <div class='ocr_carea' id='block_1_91' title="bbox 1863 3663 3427 3738">
    <p class='ocr_par' dir='ltr' id='par_1_91' title="bbox 1863 3663 3427 3738">
     <span class='ocr_line' id='line_1_91' title="bbox 1863 3663 3427 3738; baseline -0.004 -13"><span class='ocrx_word' id='word_1_551' title='bbox 1863 3671 2136 3725; x_wconf 73' lang='lat' dir='ltr'><strong><em>illuxerunt</em></strong></span> <span class='ocrx_word' id='word_1_552' title='bbox 2169 3667 2407 3738; x_wconf 71' lang='lat' dir='ltr'><strong><em>praedicti</em></strong></span> <span class='ocrx_word' id='word_1_553' title='bbox 2439 3666 2579 3736; x_wconf 85' lang='lat' dir='ltr'><strong><em>ignis</em></strong></span> <span class='ocrx_word' id='word_1_554' title='bbox 2604 3680 2790 3734; x_wconf 81' lang='lat' dir='ltr'><strong><em>Opera.</em></strong></span> <span class='ocrx_word' id='word_1_555' title='bbox 2819 3663 2972 3730; x_wconf 86' lang='lat' dir='ltr'><strong><em>Quod</em></strong></span> <span class='ocrx_word' id='word_1_556' title='bbox 3012 3665 3197 3734; x_wconf 86' lang='lat' dir='ltr'><strong><em>aquilo</em></strong></span> <span class='ocrx_word' id='word_1_557' title='bbox 3218 3679 3427 3736; x_wconf 73' lang='lat' dir='ltr'><strong><em>coagu—</em></strong></span> 
     </span>
    </p>
   </div>
   <div class='ocr_carea' id='block_1_92' title="bbox 1862 3756 3425 3828">
    <p class='ocr_par' dir='ltr' id='par_1_92' title="bbox 1862 3756 3425 3828">
     <span class='ocr_line' id='line_1_92' title="bbox 1862 3756 3425 3828; baseline -0.003 -14"><span class='ocrx_word' id='word_1_558' title='bbox 1862 3763 1956 3827; x_wconf 87' lang='lat' dir='ltr'><strong><em>lat,</em></strong></span> <span class='ocrx_word' id='word_1_559' title='bbox 1994 3761 2047 3815; x_wconf 92' lang='lat' dir='ltr'><strong><em>id</em></strong></span> <span class='ocrx_word' id='word_1_560' title='bbox 2077 3769 2261 3814; x_wconf 91' lang='lat' dir='ltr'><strong><em>auster</em></strong></span> <span class='ocrx_word' id='word_1_561' title='bbox 2295 3756 2594 3828; x_wconf 79' lang='lat' dir='ltr'><strong><em>liquefacit,</em></strong></span> <span class='ocrx_word' id='word_1_562' title='bbox 2625 3757 2980 3827; x_wconf 86' lang='lat' dir='ltr'><strong><em>quamobrem</em></strong></span> <span class='ocrx_word' id='word_1_563' title='bbox 3006 3756 3228 3826; x_wconf 82' lang='lat' dir='ltr'><strong><em>pulchre</em></strong></span> <span class='ocrx_word' id='word_1_564' title='bbox 3257 3771 3425 3827; x_wconf 83' lang='lat' dir='ltr'><strong><em>spon-</em></strong></span> 
     </span>
    </p>
   </div>
   <div class='ocr_carea' id='block_1_93' title="bbox 1869 3845 3430 3920">
    <p class='ocr_par' dir='ltr' id='par_1_93' title="bbox 1869 3845 3430 3920">
     <span class='ocr_line' id='line_1_93' title="bbox 1869 3845 3430 3920; baseline -0.004 -15"><span class='ocrx_word' id='word_1_565' title='bbox 1869 3867 1927 3906; x_wconf 91' lang='lat' dir='ltr'><strong><em>sa</em></strong></span> <span class='ocrx_word' id='word_1_566' title='bbox 1970 3850 2026 3904; x_wconf 90' lang='lat' dir='ltr'><strong><em>in</em></strong></span> <span class='ocrx_word' id='word_1_567' title='bbox 2047 3848 2288 3904; x_wconf 86' lang='lat' dir='ltr'><strong><em>Canticis</em></strong></span> <span class='ocrx_word' id='word_1_568' title='bbox 2317 3848 2655 3902; x_wconf 86' lang='lat' dir='ltr'><strong><em>canticorum</em></strong></span> <span class='ocrx_word' id='word_1_569' title='bbox 2701 3847 2814 3901; x_wconf 89' lang='lat' dir='ltr'><strong><em>ait:</em></strong></span> <span class='ocrx_word' id='word_1_570' title='bbox 2851 3845 3110 3918; x_wconf 70' lang='lat' dir='ltr'><strong><em>Exsurge,</em></strong></span> <span class='ocrx_word' id='word_1_571' title='bbox 3139 3847 3338 3920; x_wconf 82' lang='lat' dir='ltr'><strong><em>aquilo,</em></strong></span> <span class='ocrx_word' id='word_1_572' title='bbox 3377 3856 3430 3901; x_wconf 89' lang='lat' dir='ltr'><strong><em>et</em></strong></span> 
     </span>
    </p>
   </div>
   <div class='ocr_carea' id='block_1_94' title="bbox 1859 3939 3428 4010">
    <p class='ocr_par' dir='ltr' id='par_1_94' title="bbox 1859 3939 3428 4010">
     <span class='ocr_line' id='line_1_94' title="bbox 1859 3939 3428 4010; baseline -0.004 -12"><span class='ocrx_word' id='word_1_573' title='bbox 1859 3943 1994 4008; x_wconf 72' lang='lat' dir='ltr'><strong><em>veni,</em></strong></span> <span class='ocrx_word' id='word_1_574' title='bbox 2021 3950 2220 4007; x_wconf 86' lang='lat' dir='ltr'><strong><em>auster,</em></strong></span> <span class='ocrx_word' id='word_1_575' title='bbox 2257 3940 2423 4010; x_wconf 81' lang='lat' dir='ltr'><strong><em>per/la</em></strong></span> <span class='ocrx_word' id='word_1_576' title='bbox 2451 3939 2660 3994; x_wconf 82' lang='lat' dir='ltr'><strong><em>hortum</em></strong></span> <span class='ocrx_word' id='word_1_577' title='bbox 2688 3955 2858 3994; x_wconf 88' lang='lat' dir='ltr'><strong><em>meum</em></strong></span> <span class='ocrx_word' id='word_1_578' title='bbox 2897 3949 2947 3993; x_wconf 93' lang='lat' dir='ltr'><strong><em>et</em></strong></span> <span class='ocrx_word' id='word_1_579' title='bbox 2985 3939 3156 4009; x_wconf 79' lang='lat' dir='ltr'><strong><em>[luant</em></strong></span> <span class='ocrx_word' id='word_1_580' title='bbox 3183 3950 3428 3994; x_wconf 83' lang='lat' dir='ltr'><strong><em>aromata</em></strong></span> 
     </span>
    </p>
   </div>
   <div class='ocr_carea' id='block_1_95' title="bbox 1861 4035 2072 4090">
    <p class='ocr_par' dir='ltr' id='par_1_95' title="bbox 1861 4035 2072 4090">
     <span class='ocr_line' id='line_1_95' title="bbox 1861 4035 2072 4090; baseline -0.019 0"><span class='ocrx_word' id='word_1_581' title='bbox 1861 4052 1974 4090; x_wconf 86' lang='lat' dir='ltr'><strong><em>mea</em></strong></span> <span class='ocrx_word' id='word_1_582' title='bbox 2007 4035 2072 4086; x_wconf 70' lang='grc'><strong><em>⁷⁵.</em></strong></span> 
     </span>
    </p>
   </div>
   <div class='ocr_carea' id='block_1_96' title="bbox 1930 4209 3424 4282">
    <p class='ocr_par' dir='ltr' id='par_1_96' title="bbox 1930 4209 3424 4282">
     <span class='ocr_line' id='line_1_96' title="bbox 1930 4209 3424 4282; baseline 0.001 -16"><span class='ocrx_word' id='word_1_583' title='bbox 1930 4214 1984 4266; x_wconf 90' lang='lat'><strong><em>7.</em></strong></span> <span class='ocrx_word' id='word_1_584' title='bbox 2022 4210 2428 4281; x_wconf 84' lang='lat' dir='ltr'><strong><em>Coufundantur</em></strong></span> <span class='ocrx_word' id='word_1_585' title='bbox 2483 4225 2661 4264; x_wconf 88' lang='lat' dir='ltr'><strong><em>omnes</em></strong></span> <span class='ocrx_word' id='word_1_586' title='bbox 2699 4210 2790 4280; x_wconf 86' lang='lat' dir='ltr'><strong><em>qui</em></strong></span> <span class='ocrx_word' id='word_1_587' title='bbox 2845 4209 3073 4265; x_wconf 85' lang='lat' dir='ltr'><strong><em>adorant</em></strong></span> <span class='ocrx_word' id='word_1_588' title='bbox 3134 4211 3424 4282; x_wconf 78' lang='lat' dir='ltr'><strong><em>sculptiliu.</em></strong></span> 
     </span>
    </p>
   </div>
   <div class='ocr_carea' id='block_1_97' title="bbox 1863 4301 3428 4372">
    <p class='ocr_par' dir='ltr' id='par_1_97' title="bbox 1863 4301 3428 4372">
     <span class='ocr_line' id='line_1_97' title="bbox 1863 4301 3428 4372; baseline 0.001 -15"><span class='ocrx_word' id='word_1_589' title='bbox 1863 4306 2121 4360; x_wconf 79' lang='lat' dir='ltr'><strong><em>Videntcs</em></strong></span> <span class='ocrx_word' id='word_1_590' title='bbox 2156 4303 2364 4358; x_wconf 77' lang='lat' dir='ltr'><strong><em>scilicet</em></strong></span> <span class='ocrx_word' id='word_1_591' title='bbox 2407 4317 2542 4371; x_wconf 84' lang='lat' dir='ltr'><strong><em>quos</em></strong></span> <span class='ocrx_word' id='word_1_592' title='bbox 2595 4301 2723 4357; x_wconf 90' lang='lat' dir='ltr'><strong><em>olim</em></strong></span> <span class='ocrx_word' id='word_1_593' title='bbox 2781 4301 2912 4357; x_wconf 86' lang='lat' dir='ltr'><strong><em>deos</em></strong></span> <span class='ocrx_word' id='word_1_594' title='bbox 2958 4303 3220 4372; x_wconf 85' lang='lat' dir='ltr'><strong><em>putabant</em></strong></span> <span class='ocrx_word' id='word_1_595' title='bbox 3256 4305 3428 4360; x_wconf 87' lang='lat' dir='ltr'><strong><em>instar</em></strong></span> 
     </span>
    </p>
   </div>
   <div class='ocr_carea' id='block_1_98' title="bbox 1859 4395 3422 4469">
    <p class='ocr_par' dir='ltr' id='par_1_98' title="bbox 1859 4395 3422 4469">
     <span class='ocr_line' id='line_1_98' title="bbox 1859 4395 3422 4469; baseline -0.002 -14"><span class='ocrx_word' id='word_1_596' title='bbox 1859 4415 1998 4455; x_wconf 65' lang='lat' dir='ltr'><strong><em>certe</em></strong></span> <span class='ocrx_word' id='word_1_597' title='bbox 2022 4397 2345 4469; x_wconf 80' lang='lat' dir='ltr'><strong><em>liquefactos</em></strong></span> <span class='ocrx_word' id='word_1_598' title='bbox 2375 4395 2587 4451; x_wconf 88' lang='lat' dir='ltr'><strong><em>Domini</em></strong></span> <span class='ocrx_word' id='word_1_599' title='bbox 2613 4413 2796 4467; x_wconf 90' lang='lat' dir='ltr'><strong><em>opera.</em></strong></span> <span class='ocrx_word' id='word_1_600' title='bbox 2830 4397 3064 4452; x_wconf 79' lang='lat' dir='ltr'><strong><em>Adornte</em></strong></span> <span class='ocrx_word' id='word_1_601' title='bbox 3090 4414 3422 4462; x_wconf 80' lang='lat' dir='ltr'><strong><em>eum,omnes</em></strong></span> 
     </span>
    </p>
   </div>
   <div class='ocr_carea' id='block_1_99' title="bbox 1859 4488 3426 4563">
    <p class='ocr_par' dir='ltr' id='par_1_99' title="bbox 1859 4488 3426 4563">
     <span class='ocr_line' id='line_1_99' title="bbox 1859 4488 3426 4563; baseline -0.002 -16"><span class='ocrx_word' id='word_1_602' title='bbox 1859 4492 2030 4563; x_wconf 84' lang='lat' dir='ltr'><strong><em>angeli</em></strong></span> <span class='ocrx_word' id='word_1_603' title='bbox 2059 4493 2191 4560; x_wconf 86' lang='lat' dir='ltr'><strong><em>ejus.</em></strong></span> <span class='ocrx_word' id='word_1_604' title='bbox 2242 4488 2456 4545; x_wconf 84' lang='lat' dir='ltr'><strong><em>Gratias</em></strong></span> <span class='ocrx_word' id='word_1_605' title='bbox 2486 4490 2647 4561; x_wconf 79' lang='lat' dir='ltr'><strong><em>agite,</em></strong></span> <span class='ocrx_word' id='word_1_606' title='bbox 2699 4489 2796 4556; x_wconf 87' lang='lat' dir='ltr'><strong><em>ait,</em></strong></span> <span class='ocrx_word' id='word_1_607' title='bbox 2853 4490 2914 4546; x_wconf 90' lang='lat' dir='ltr'><strong><em>de</em></strong></span> <span class='ocrx_word' id='word_1_608' title='bbox 2952 4491 3018 4546; x_wconf 78' lang='lat' dir='ltr'><strong><em>iis</em></strong></span> <span class='ocrx_word' id='word_1_609' title='bbox 3053 4506 3177 4561; x_wconf 71' lang='lat' dir='ltr'><strong><em>quae</em></strong></span> <span class='ocrx_word' id='word_1_610' title='bbox 3203 4491 3254 4545; x_wconf 92' lang='lat' dir='ltr'><strong><em>in</em></strong></span> <span class='ocrx_word' id='word_1_611' title='bbox 3281 4501 3426 4546; x_wconf 89' lang='lat' dir='ltr'><strong><em>terra</em></strong></span> 
     </span>
    </p>
   </div>
   <div class='ocr_carea' id='block_1_100' title="bbox 1859 4579 2328 4652">
    <p class='ocr_par' dir='ltr' id='par_1_100' title="bbox 1859 4579 2328 4652">
     <span class='ocr_line' id='line_1_100' title="bbox 1859 4579 2328 4652; baseline -0.006 -17"><span class='ocrx_word' id='word_1_612' title='bbox 1859 4580 2112 4652; x_wconf 60' lang='lat' dir='ltr'><strong><em>praeclare</em></strong></span> <span class='ocrx_word' id='word_1_613' title='bbox 2142 4579 2328 4648; x_wconf 74' lang='lat' dir='ltr'><strong><em>gessit.</em></strong></span> 
     </span>
    </p>
   </div>
   <div class='ocr_carea' id='block_1_101' title="bbox 1933 4667 3424 4728">
    <p class='ocr_par' dir='ltr' id='par_1_101' title="bbox 1933 4667 3424 4728">
     <span class='ocr_line' id='line_1_101' title="bbox 1933 4667 3424 4728; baseline -0.001 0"><span class='ocrx_word' id='word_1_614' title='bbox 1933 4673 1987 4728; x_wconf 91' lang='lat'><strong><em>8.</em></strong></span> <span class='ocrx_word' id='word_1_615' title='bbox 2020 4671 2239 4726; x_wconf 74' lang='lat' dir='ltr'><strong><em>Audiuit</em></strong></span> <span class='ocrx_word' id='word_1_616' title='bbox 2269 4681 2318 4725; x_wconf 92' lang='lat' dir='ltr'><strong><em>et</em></strong></span> <span class='ocrx_word' id='word_1_617' title='bbox 2347 4669 2531 4724; x_wconf 66' lang='lat' dir='ltr'><strong><em>(artata</em></strong></span> <span class='ocrx_word' id='word_1_618' title='bbox 2563 4680 2638 4722; x_wconf 84' lang='lat' dir='ltr'><strong><em>est</em></strong></span> <span class='ocrx_word' id='word_1_619' title='bbox 2668 4667 2816 4724; x_wconf 87' lang='lat' dir='ltr'><strong><em>Sion.</em></strong></span> <span class='ocrx_word' id='word_1_620' title='bbox 2873 4667 3006 4725; x_wconf 90' lang='lat' dir='ltr'><strong><em>Sion</em></strong></span> <span class='ocrx_word' id='word_1_621' title='bbox 3044 4682 3129 4726; x_wconf 85' lang='lat' dir='ltr'><strong><em>est</em></strong></span> <span class='ocrx_word' id='word_1_622' title='bbox 3161 4670 3424 4728; x_wconf 86' lang='lat' dir='ltr'><strong><em>Ecclesia.</em></strong></span> 
     </span>
    </p>
   </div>
   <div class='ocr_carea' id='block_1_102' title="bbox 1861 4762 3423 4836">
    <p class='ocr_par' dir='ltr' id='par_1_102' title="bbox 1861 4762 3423 4836">
     <span class='ocr_line' id='line_1_102' title="bbox 1861 4762 3423 4836; baseline -0.001 -15"><span class='ocrx_word' id='word_1_623' title='bbox 1861 4764 2068 4836; x_wconf 84' lang='lat' dir='ltr'><strong><em>Ecquid</em></strong></span> <span class='ocrx_word' id='word_1_624' title='bbox 2102 4763 2331 4829; x_wconf 87' lang='lat' dir='ltr'><strong><em>audivit,</em></strong></span> <span class='ocrx_word' id='word_1_625' title='bbox 2384 4762 2490 4817; x_wconf 91' lang='lat' dir='ltr'><strong><em>nisi</em></strong></span> <span class='ocrx_word' id='word_1_626' title='bbox 2543 4763 2914 4833; x_wconf 73' lang='lat' dir='ltr'><strong><em>evangelicam</em></strong></span> <span class='ocrx_word' id='word_1_627' title='bbox 2964 4765 3423 4834; x_wconf 60' lang='lat' dir='ltr'><strong><em>praedicationem,</em></strong></span> 
     </span>
    </p>
   </div>
   <div class='ocr_carea' id='block_1_103' title="bbox 1859 4853 3426 4928">
    <p class='ocr_par' dir='ltr' id='par_1_103' title="bbox 1859 4853 3426 4928">
     <span class='ocr_line' id='line_1_103' title="bbox 1859 4853 3426 4928; baseline -0.001 -16"><span class='ocrx_word' id='word_1_628' title='bbox 1859 4874 1981 4928; x_wconf 78' lang='lat' dir='ltr'><strong><em>qua:</em></strong></span> <span class='ocrx_word' id='word_1_629' title='bbox 2012 4857 2210 4911; x_wconf 72' lang='lat' dir='ltr'><strong><em>irctitim</em></strong></span> <span class='ocrx_word' id='word_1_630' title='bbox 2247 4855 2346 4926; x_wconf 85' lang='lat' dir='ltr'><strong><em>ipsi</em></strong></span> <span class='ocrx_word' id='word_1_631' title='bbox 2386 4870 2553 4908; x_wconf 83' lang='lat' dir='ltr'><strong><em>causa</em></strong></span> <span class='ocrx_word' id='word_1_632' title='bbox 2603 4853 2705 4908; x_wconf 77' lang='lat' dir='ltr'><strong><em>fuit</em></strong></span> <span class='ocrx_word' id='word_1_633' title='bbox 2730 4855 2752 4908; x_wconf 83' lang='lat'><strong>?</strong></span> <span class='ocrx_word' id='word_1_634' title='bbox 2780 4853 2846 4908; x_wconf 80' lang='lat' dir='ltr'><strong><em>Et</em></strong></span> <span class='ocrx_word' id='word_1_635' title='bbox 2877 4856 3270 4910; x_wconf 74' lang='lat' dir='ltr'><strong><em>cxsultareruut</em></strong></span> <span class='ocrx_word' id='word_1_636' title='bbox 3297 4856 3426 4926; x_wconf 79' lang='lat' dir='ltr'><strong><em>filia:</em></strong></span> 
     </span>
    </p>
   </div>
   <div class='ocr_carea' id='block_1_104' title="bbox 1859 4945 3427 5018">
    <p class='ocr_par' dir='ltr' id='par_1_104' title="bbox 1859 4945 3427 5018">
     <span class='ocr_line' id='line_1_104' title="bbox 1859 4945 3427 5018; baseline -0.001 -15"><span class='ocrx_word' id='word_1_637' title='bbox 1859 4949 2087 5004; x_wconf 72' lang='lat' dir='ltr'><strong><em>Juda&#39;tc.</em></strong></span> <span class='ocrx_word' id='word_1_638' title='bbox 2143 4947 2309 5002; x_wconf 86' lang='lat' dir='ltr'><strong><em>Filias</em></strong></span> <span class='ocrx_word' id='word_1_639' title='bbox 2342 4945 2541 5002; x_wconf 69' lang='lat' dir='ltr'><strong><em>Judmae</em></strong></span> <span class='ocrx_word' id='word_1_640' title='bbox 2575 4956 2794 5001; x_wconf 81' lang='lat' dir='ltr'><strong><em>sanctas</em></strong></span> <span class='ocrx_word' id='word_1_641' title='bbox 2841 4947 3053 5001; x_wconf 87' lang='lat' dir='ltr'><strong><em>animas</em></strong></span> <span class='ocrx_word' id='word_1_642' title='bbox 3101 4948 3254 5011; x_wconf 87' lang='lat' dir='ltr'><strong><em>dicit,</em></strong></span> <span class='ocrx_word' id='word_1_643' title='bbox 3306 4964 3427 5018; x_wconf 71' lang='lat' dir='ltr'><strong><em>quae</em></strong></span> 
     </span>
    </p>
   </div>
   <div class='ocr_carea' id='block_1_105' title="bbox 1859 5040 3427 5112">
    <p class='ocr_par' dir='ltr' id='par_1_105' title="bbox 1859 5040 3427 5112">
     <span class='ocr_line' id='line_1_105' title="bbox 1859 5040 3427 5112; baseline -0.001 -16"><span class='ocrx_word' id='word_1_644' title='bbox 1859 5042 1970 5098; x_wconf 86' lang='lat' dir='ltr'><strong><em>Dco</em></strong></span> <span class='ocrx_word' id='word_1_645' title='bbox 2004 5058 2100 5112; x_wconf 88' lang='lat' dir='ltr'><strong><em>pcr</em></strong></span> <span class='ocrx_word' id='word_1_646' title='bbox 2128 5041 2528 5096; x_wconf 78' lang='lat' dir='ltr'><strong><em>confessionem</em></strong></span> <span class='ocrx_word' id='word_1_647' title='bbox 2562 5040 2865 5106; x_wconf 61' lang='lat' dir='ltr'><strong><em>conjunctae</em></strong></span> <span class='ocrx_word' id='word_1_648' title='bbox 2899 5049 3044 5104; x_wconf 89' lang='lat' dir='ltr'><strong><em>sunt,</em></strong></span> <span class='ocrx_word' id='word_1_649' title='bbox 3083 5055 3311 5110; x_wconf 69' lang='lat' dir='ltr'><strong><em>quaeque</em></strong></span> <span class='ocrx_word' id='word_1_650' title='bbox 3334 5056 3427 5095; x_wconf 76' lang='lat' dir='ltr'><strong><em>cs-</em></strong></span> 
     </span>
    </p>
   </div>
   <div class='ocr_carea' id='block_1_106' title="bbox 1859 5131 3427 5204">
    <p class='ocr_par' dir='ltr' id='par_1_106' title="bbox 1859 5131 3427 5204">
     <span class='ocr_line' id='line_1_106' title="bbox 1859 5131 3427 5204; baseline -0.001 -15"><span class='ocrx_word' id='word_1_651' title='bbox 1859 5135 2135 5190; x_wconf 87' lang='lat' dir='ltr'><strong><em>sultabant</em></strong></span> <span class='ocrx_word' id='word_1_652' title='bbox 2168 5142 2386 5204; x_wconf 80' lang='lat' dir='ltr'><strong><em>prapter</em></strong></span> <span class='ocrx_word' id='word_1_653' title='bbox 2415 5131 2619 5201; x_wconf 83' lang='lat' dir='ltr'><strong><em>judicia</em></strong></span> <span class='ocrx_word' id='word_1_654' title='bbox 2654 5131 2902 5196; x_wconf 89' lang='lat' dir='ltr'><strong><em>Domini,</em></strong></span> <span class='ocrx_word' id='word_1_655' title='bbox 2935 5131 3180 5186; x_wconf 81' lang='lat' dir='ltr'><strong><em>videntes</em></strong></span> <span class='ocrx_word' id='word_1_656' title='bbox 3221 5133 3427 5188; x_wconf 69' lang='lat' dir='ltr'><strong><em>scilicet</em></strong></span> 
     </span>
    </p>
   </div>
   <div class='ocr_carea' id='block_1_107' title="bbox 1858 5222 3426 5296">
    <p class='ocr_par' dir='ltr' id='par_1_107' title="bbox 1858 5222 3426 5296">
     <span class='ocr_line' id='line_1_107' title="bbox 1858 5222 3426 5296; baseline -0.004 -14"><span class='ocrx_word' id='word_1_657' title='bbox 1858 5228 2063 5296; x_wconf 73' lang='lat' dir='ltr'><strong><em>eiectos</em></strong></span> <span class='ocrx_word' id='word_1_658' title='bbox 2099 5237 2381 5296; x_wconf 89' lang='lat' dir='ltr'><strong><em>tyrannos,</em></strong></span> <span class='ocrx_word' id='word_1_659' title='bbox 2408 5240 2504 5280; x_wconf 85' lang='lat' dir='ltr'><strong><em>eos</em></strong></span> <span class='ocrx_word' id='word_1_660' title='bbox 2539 5233 2717 5278; x_wconf 89' lang='lat' dir='ltr'><strong><em>autem</em></strong></span> <span class='ocrx_word' id='word_1_661' title='bbox 2747 5223 2840 5294; x_wconf 85' lang='lat' dir='ltr'><strong><em>qui</em></strong></span> <span class='ocrx_word' id='word_1_662' title='bbox 2893 5222 2946 5276; x_wconf 91' lang='lat' dir='ltr'><strong><em>in</em></strong></span> <span class='ocrx_word' id='word_1_663' title='bbox 2982 5222 3242 5277; x_wconf 82' lang='lat' dir='ltr'><strong><em>servitute</em></strong></span> <span class='ocrx_word' id='word_1_664' title='bbox 3288 5223 3426 5278; x_wconf 79' lang='lat' dir='ltr'><strong><em>deli-</em></strong></span> 
     </span>
    </p>
   </div>
   <div class='ocr_carea' id='block_1_108' title="bbox 1858 5317 2894 5376">
    <p class='ocr_par' dir='ltr' id='par_1_108' title="bbox 1858 5317 2894 5376">
     <span class='ocr_line' id='line_1_108' title="bbox 1858 5317 2894 5376; baseline -0.008 0"><span class='ocrx_word' id='word_1_665' title='bbox 1858 5322 2127 5376; x_wconf 84' lang='lat' dir='ltr'><strong><em>nebantur</em></strong></span> <span class='ocrx_word' id='word_1_666' title='bbox 2159 5319 2212 5374; x_wconf 90' lang='lat' dir='ltr'><strong><em>in</em></strong></span> <span class='ocrx_word' id='word_1_667' title='bbox 2237 5317 2540 5373; x_wconf 82' lang='lat' dir='ltr'><strong><em>libertatem</em></strong></span> <span class='ocrx_word' id='word_1_668' title='bbox 2570 5317 2894 5370; x_wconf 83' lang='lat' dir='ltr'><strong><em>vindicatos.</em></strong></span> 
     </span>
    </p>
   </div>
   <div class='ocr_carea' id='block_1_109' title="bbox 1930 5505 3422 5582">
    <p class='ocr_par' dir='ltr' id='par_1_109' title="bbox 1930 5505 3422 5582">
     <span class='ocr_line' id='line_1_109' title="bbox 1930 5505 3422 5582; baseline -0.006 -12"><span class='ocrx_word' id='word_1_669' title='bbox 1930 5515 2017 5570; x_wconf 71' lang='lat' dir='ltr'><strong><em>t0.</em></strong></span> <span class='ocrx_word' id='word_1_670' title='bbox 2050 5513 2155 5580; x_wconf 82' lang='lat' dir='ltr'><strong><em>Qui</em></strong></span> <span class='ocrx_word' id='word_1_671' title='bbox 2183 5512 2405 5582; x_wconf 82' lang='lat' dir='ltr'><strong><em>diligitis</em></strong></span> <span class='ocrx_word' id='word_1_672' title='bbox 2451 5509 2756 5572; x_wconf 87' lang='lat' dir='ltr'><strong><em>Dominum,</em></strong></span> <span class='ocrx_word' id='word_1_673' title='bbox 2783 5508 2924 5561; x_wconf 89' lang='lat' dir='ltr'><strong><em>odite</em></strong></span> <span class='ocrx_word' id='word_1_674' title='bbox 2956 5506 3118 5560; x_wconf 75' lang='lat' dir='ltr'><strong><em>uiola.</em></strong></span> <span class='ocrx_word' id='word_1_675' title='bbox 3150 5505 3422 5563; x_wconf 77' lang='lat' dir='ltr'><strong><em>Adhorta-</em></strong></span> 
     </span>
    </p>
   </div>
   <div class='ocr_carea' id='block_1_110' title="bbox 1860 5599 3422 5673">
    <p class='ocr_par' dir='ltr' id='par_1_110' title="bbox 1860 5599 3422 5673">
     <span class='ocr_line' id='line_1_110' title="bbox 1860 5599 3422 5673; baseline -0.008 -6"><span class='ocrx_word' id='word_1_676' title='bbox 1860 5611 1937 5667; x_wconf 89' lang='lat' dir='ltr'><strong><em>tio</em></strong></span> <span class='ocrx_word' id='word_1_677' title='bbox 1962 5607 2236 5662; x_wconf 85' lang='lat' dir='ltr'><strong><em>inducitur</em></strong></span> <span class='ocrx_word' id='word_1_678' title='bbox 2272 5605 2339 5657; x_wconf 89' lang='lat' dir='ltr'><strong><em>iis</em></strong></span> <span class='ocrx_word' id='word_1_679' title='bbox 2388 5605 2480 5673; x_wconf 90' lang='lat' dir='ltr'><strong><em>qui</em></strong></span> <span class='ocrx_word' id='word_1_680' title='bbox 2516 5601 2568 5654; x_wconf 93' lang='lat' dir='ltr'><strong><em>in</em></strong></span> <span class='ocrx_word' id='word_1_681' title='bbox 2620 5600 2923 5655; x_wconf 88' lang='lat' dir='ltr'><strong><em>libertatem</em></strong></span> <span class='ocrx_word' id='word_1_682' title='bbox 2963 5599 3216 5654; x_wconf 81' lang='lat' dir='ltr'><strong><em>vindicati</em></strong></span> <span class='ocrx_word' id='word_1_683' title='bbox 3274 5609 3422 5663; x_wconf 88' lang='lat' dir='ltr'><strong><em>sunt,</em></strong></span> 
     </span>
    </p>
   </div>
   <div class='ocr_carea' id='block_1_111' title="bbox 1862 5689 3425 5763">
    <p class='ocr_par' dir='ltr' id='par_1_111' title="bbox 1862 5689 3425 5763">
     <span class='ocr_line' id='line_1_111' title="bbox 1862 5689 3425 5763; baseline -0.009 -6"><span class='ocrx_word' id='word_1_684' title='bbox 1862 5705 2064 5757; x_wconf 89' lang='lat' dir='ltr'><strong><em>docens</em></strong></span> <span class='ocrx_word' id='word_1_685' title='bbox 2100 5710 2154 5754; x_wconf 88' lang='lat' dir='ltr'><strong><em>ut</em></strong></span> <span class='ocrx_word' id='word_1_686' title='bbox 2185 5697 2253 5752; x_wconf 77' lang='lat' dir='ltr'><strong><em>al)</em></strong></span> <span class='ocrx_word' id='word_1_687' title='bbox 2279 5695 2426 5749; x_wconf 91' lang='lat' dir='ltr'><strong><em>omni</em></strong></span> <span class='ocrx_word' id='word_1_688' title='bbox 2475 5692 2656 5763; x_wconf 87' lang='lat' dir='ltr'><strong><em>specie</em></strong></span> <span class='ocrx_word' id='word_1_689' title='bbox 2699 5691 2836 5746; x_wconf 82' lang='lat' dir='ltr'><strong><em>mala</em></strong></span> <span class='ocrx_word' id='word_1_690' title='bbox 2871 5699 3204 5746; x_wconf 88' lang='lat' dir='ltr'><strong><em>avertantur.</em></strong></span> <span class='ocrx_word' id='word_1_691' title='bbox 3233 5689 3425 5744; x_wconf 82' lang='lat' dir='ltr'><strong><em>Custo-</em></strong></span> 
     </span>
    </p>
   </div>
   <div class='ocr_carea' id='block_1_112' title="bbox 1857 5780 3425 5852">
    <p class='ocr_par' dir='ltr' id='par_1_112' title="bbox 1857 5780 3425 5852">
     <span class='ocr_line' id='line_1_112' title="bbox 1857 5780 3425 5852; baseline -0.008 -3"><span class='ocrx_word' id='word_1_692' title='bbox 1857 5797 1938 5850; x_wconf 89' lang='lat' dir='ltr'><strong><em>dit</em></strong></span> <span class='ocrx_word' id='word_1_693' title='bbox 1972 5791 2228 5846; x_wconf 82' lang='lat' dir='ltr'><strong><em>Dominus</em></strong></span> <span class='ocrx_word' id='word_1_694' title='bbox 2253 5788 2461 5842; x_wconf 82' lang='lat' dir='ltr'><strong><em>auimus</em></strong></span> <span class='ocrx_word' id='word_1_695' title='bbox 2499 5792 2804 5840; x_wconf 85' lang='lat' dir='ltr'><strong><em>sanctorum</em></strong></span> <span class='ocrx_word' id='word_1_696' title='bbox 2833 5780 3208 5852; x_wconf 84' lang='lat' dir='ltr'><strong><em>suorum..Qui</em></strong></span> <span class='ocrx_word' id='word_1_697' title='bbox 3235 5796 3270 5840; x_wconf 73' lang='grc' dir='ltr'>ι</span> <span class='ocrx_word' id='word_1_698' title='bbox 3302 5799 3425 5838; x_wconf 86' lang='lat' dir='ltr'><strong><em>ma-</em></strong></span> 
     </span>
    </p>
   </div>
  </div>
