4126 6490
728 436 832 492 419

1608 438 1664 492 S.
1704 435 2068 491 ATIIANAS“
2110 433 2258 490 OPP.
2299 429 2476 484 PARS
2515 429 2593 484 Ill.
2629 459 2697 469 —
2734 427 3138 485 EXEGETICA.

3846 432 3944 488 420

728 553 870 623 ligno
925 557 1095 610 aversi
1125 557 1278 621 estis,
1312 569 1485 611 sancti
1522 557 1697 612 etTcCti
1747 557 1902 611 estis.
1950 557 2101 610 Tunc
2135 555 2268 609 enim

2381 552 2441 602 Οἱ
2494 548 2929 620 ἀποστραφέντες
2979 551 3070 602 τὸν
3134 549 3386 621 πονηρὸν,
3439 550 3577 602 ὅσιοι
3625 547 3940 617 γεγένησθεο

725 645 998 712 continget
1027 649 1179 702 vobis
1214 660 1270 702 ut
1301 649 1565 703 Dominus
1597 666 1692 704 vos
1742 650 2015 706 custodiat
2045 666 2071 702 a
2107 646 2256 700 mali-

727 749 854 804 gno,
881 738 975 805 qui
1010 740 1225 808 proprie
1251 751 1501 809 peccator
1539 751 1641 795 est.

805 917 890 970 Η.
922 917 1038 970 Lua:
1071 929 1187 972 orta
1220 921 1482 991 estjusto.
1521 921 1838 990 Evangelica
1878 919 2147 974 videlicet.
2174 917 2281 972 Ju-

724 1015 804 1058 sto
835 1010 1175 1073 autem,hnic
1203 1012 1400 1080 populo
1434 1012 1640 1066 scilicet
1665 1013 1756 1080 qui
1789 1028 1885 1082 per
1912 1012 2070 1065 ﬁdem
2096 1011 2276 1078 justus

721 1107 823 1151 est.
859 1097 922 1150 Et
951 1102 1103 1154 rectis
1135 1103 1287 1155 corde
1310 1103 1537 1167 lwtitia;
1567 1105 1618 1157 in
1663 1104 1776 1157 hinc
1806 1105 1967 1158 verba
2008 1105 2161 1157 rectis
2196 1105 2276 1156 in-

2382 642 2514 695 Τότε
2541 640 2603 710 δὴ
2649 641 2981 711 συμϐήσεται
3015 643 3140 711 ὑμῖν
3164 643 3256 694 καὶ
3284 642 3382 710 τῆς
3404 641 3647 709 φυλακῆς
3674 641 3776 709 τῆς
3800 641 3946 709 παρὰ

2377 731 2470 785 τοῦ
2497 731 2698 805 Κυρίου
2721 735 2900 800 τυχεῖν
2928 733 3033 785 ἀπὸ
3063 732 3155 786 τοῦ
3208 734 3462 804 πονηροῦ·
3518 727 3673 796 οὗτος
3700 732 3810 804 γὰρ
3849 751 3943 786 κυ-

2381 825 2508 893 ρίως
2535 824 2872 894 ἁμαρτωλός.

2447 913 2574 979 Φῶς
2623 914 2890 968 ἀνέτειλε
2946 914 3026 981 τῷ
3063 916 3290 982 δικαίῳ.
3339 916 3413 968 Τὸ
3457 915 3815 984 εὐαγγελικὸν
3859 915 3944 984 δη-

2377 1005 2566 1058 λονότι.
2591 1009 2801 1070 Δικαίῳ
2833 1007 2908 1070 δὲ,
2929 1007 3061 1078 τῷδε
3091 1009 3281 1079 δικαίῳ
3306 1008 3419 1078 λαῷ
3446 1009 3533 1062 διὰ
3562 1009 3663 1078 τῆς
3692 1008 3944 1069 πίστεως.

2376 1098 2482 1151 Καὶ
2507 1098 2626 1163 τοῖς
2649 1100 2847 1152 εὑθέσι
2870 1098 2943 1167 τῇ
2974 1099 3183 1167 καρδίᾳ
3209 1101 3575 1169 εὐφροσύνη·
3608 1102 3689 1160 εἰς
3710 1100 3796 1160 τὸ,
3829 1099 3946 1164 τοῖς

724 1191 1172 1258 terpungetnlum,
1199 1191 1271 1245 ita
1307 1200 1364 1245 ut
1399 1192 1462 1246 iis
1493 1193 1584 1262 qui
1621 1193 1754 1246 recti
1788 1191 1989 1246 fuerint
2025 1195 2076 1246 in
2115 1193 2268 1247 corde

2373 1186 2634 1249 εὺθέσιν,
2677 1188 2953 1254 ὑποστίξαι
2981 1188 3077 1250 δεῖ,
3104 1189 3200 1263 ⁹ἵνα
3248 1193 3357 1251 τοῖς
3404 1189 3706 1260 γινομένοις
3735 1188 3948 1243 εὺθέσιν

724 1281 929 1334 oriatur
961 1281 1159 1335 Iretitia.
1206 1280 1263 1336 ln
1314 1284 1590 1337 communi
1621 1293 1801 1338 autem
1836 1285 1985 1349 illud,
2029 1295 2146 1337 orta
2176 1293 2273 1349 est,

721 1374 1116 1442 accipiendum.

1026 1460 1357 1519 PSALMUS
1385 1463 1484 1533 ipsi
1512 1463 1700 1518 David.
1729 1461 1973 1519 XCVII.

1301 1557 1336 1611 Α
1349 1567 1693 1625 rgumentum.

717 1643 815 1702 llic
851 1662 1065 1717 quoque
1094 1648 1338 1717 psalmus
1367 1665 1602 1718 priorem
1638 1650 1853 1704 Domini
1879 1648 2168 1702 adventum
2200 1648 2272 1699 si-

783 1739 1020 1808 gniﬁcat,
1052 1748 1106 1793 et
1144 1739 1299 1793 iidem
1348 1742 1592 1795 onmium
1643 1741 1880 1811 gentium
1933 1755 2056 1809 erga
2095 1740 2267 1805 illum,

786 1841 948 1895 quant
978 1828 1216 1882 dediteis
1247 1838 1303 1883 ut
1333 1831 1578 1898 patribus
1623 1832 1736 1884 suis
1764 1831 2038 1899 pollicitus
2071 1829 2265 1884 fuerat.

781 1917 855 1972 Ea
882 1920 946 1973 de
971 1936 1134 1974 causa
1167 1921 1253 1975 hic
1285 1923 1627 1976 concitantur
1657 1932 1860 1991 gentes,
1889 1932 1948 1976 ut
1979 1939 2101 1977 cum
2125 1923 2270 1992 jubi-
2301 1903 2340 1957 Β

783 2010 981 2065 latione
1034 2014 1272 2067 victoria:
1321 2029 1541 2068 carmen
1598 2028 1814 2079 canant,
1872 2014 2017 2085 quod
2079 2032 2267 2071 eorum

781 2117 945 2155 causa
985 2104 1188 2157 editum
1223 2105 1342 2160 fuit.

787 2193 832 2246 I.
870 2194 1093 2250 Cantute
1112 2196 1336 2252 Domino
1367 2199 1628 2251 canticum
1655 2215 1860 2264 norum,
1887 2201 2013 2268 quia
2061 2201 2272 2253 mirabi-

711 2286 785 2340 lia
823 2288 962 2356 fecit.
998 2287 1244 2344 Mirabile
1272 2304 1497 2358 prorsus
1527 2291 1777 2360 estquod
1808 2307 1954 2347 mors
1996 2292 2269 2348 destructa

713 2384 802 2446 sit,
835 2385 1053 2453 etquod
1083 2387 1380 2438 humanum
1408 2402 1577 2455 genus
1602 2388 1871 2442 revixerit.
1901 2386 2137 2442 Salearit
2168 2391 2270 2444 sibi

711 2475 927 2527 dextera
956 2475 1093 2545 ejus.
1117 2475 1374 2530 Mundum
1411 2479 1554 2532 enim
1588 2479 1731 2533 Patri
1765 2480 1963 2534 obtulit
1991 2479 2264 2542 Christus,

712 2567 804 2635 qui
849 2577 928 2621 est
987 2568 1206 2624 dextera
1235 2568 1430 2624 Patris.
1461 2569 1578 2624 Non
1615 2571 1760 2625 enim
1813 2571 2056 2626 humano
2081 2572 2271 2642 egebat

711 2659 935 2713 auxilio.

779 2749 833 2802 2.
869 2748 1070 2802 Notum
1101 2750 1223 2818 fecit
1263 2749 1517 2803 Dominus
1563 2752 1802 2806 salutare
1847 2769 2020 2806 suum.
2069 2751 2268 2807 Carna-

713 2840 815 2892 lem
865 2841 983 2909 ejus
1034 2842 1319 2895 adventum
1364 2842 1656 2898 salutarem
1715 2845 1921 2900 scilicet
1974 2846 2263 2916 signiﬁcat.

708 2928 868 2982 Juxta
899 2931 1027 2985 illud
1055 2931 1259 2986 dictum
1295 2948 1323 2985 a
1351 2931 1644 2989 Simeone:
1684 2934 1823 2999 Quia
1856 2937 2096 2989 viderunt
2130 2938 2267 2989 oculi

712 3023 812 3073 mei
838 3022 1073 3076 salutare
1101 3033 1248 3075 tuum
1277 3024 1343 3077 ⁷⁸.
1378 3024 1443 3075 In
1480 3037 1752 3092 conspectu
1802 3027 2030 3094 gentium
2073 3027 2267 3080 revela-

712 3117 780 3167 rit
833 3115 1104 3182 justitiam
1155 3131 1326 3169 suam.
1380 3116 1562 3184 Ejecto
1616 3117 1822 3172 scilicet
1871 3117 2032 3185 hujus
2084 3119 2263 3172 δευουιί

2380 1279 2437 1331 ὲν
2464 1281 2529 1349 τῇ
2583 1278 2775 1350 καρδίᾳ
2834 1282 3084 1353 ἀνατείλῃ
3116 1281 3440 1353 εὐφροσύνη.
3503 1281 3634 1335 Ἀπὸ
3681 1282 3947 1336 κοινοῦδὲ

2376 1369 2454 1434 τὸ,
2478 1368 2770 1432 ἁνατελεῖ,
2819 1368 3069 1439 ληπτέον.

2755 1461 3060 1512 ΨΑΛΜΟΣ
3105 1459 3184 1524 τῷ
3238 1459 3434 1514 Δαυΐδ.
3465 1463 3574 1528 ιβ’.

2975 1551 3296 1618 Ὑπόθεσις.

2373 1640 2480 1692 Καὶ
2508 1635 2710 1704 οὗτοςὸ
2751 1641 2960 1711 ψαλμὺς
3014 1642 3110 1712 τὴν
3168 1643 3433 1714 προτέραν
3490 1645 3797 1715 παρουσίαν
3850 1645 3943 1698 τοῦ

2441 1732 2644 1802 Κυρίου
2675 1734 2948 1803 σημαίνει,
2979 1736 3071 1787 καὶ
3093 1735 3190 1805 τὴν
3227 1735 3330 1787 τῶν
3374 1735 3540 1788 ἐθνῶν
3593 1737 3813 1790 πάντων
3867 1740 3946 1799 είς

2443 1823 2602 1877 αὐτὸν
2638 1826 2840 1890 πίστιν,
2866 1827 2930 1895 ἣν
2979 1829 3267 1898 ἐποιήσατο
3295 1829 3434 1882 κατὰ
3462 1829 3558 1891 τὰς
3591 1829 3943 1900 ἐπηγγελμέ-

2440 1934 2534 1979 νας
2569 1920 2680 1981 τοῖς
2719 1919 2986 1990 πατράσιν
3030 1919 3379 1986 ἐπαγγελίας.
3409 1919 3507 1973 Διὰ
3535 1921 3694 1973 τοῦτο
3725 1922 3792 1973 τὰ
3819 1921 3944 1990 ἔθνη

2440 2011 2615 2064 πάντα
2636 2011 2919 2075 ἀλαλάζειν
2945 2014 2972 2064 ὁ
2990 2012 3143 2080 λόγος
3163 2013 3522 2083 προτρέπεται
3544 2013 3632 2064 τὸν
3654 2015 3941 2077 ἐπινίκιον,

2439 2103 2496 2154 ὃν
2525 2102 2663 2171 ὑπὲρ
2695 2103 2868 2154 αὐτῶν
2902 2103 3212 2171 πεποίηται.

2444 2193 2666 2260 ’ᾼσατε
2686 2189 2763 2255 τῷ
2792 2192 2983 2259 Κυρίῳ
3011 2189 3173 2262 ᾆσμα
3212 2206 3441 2258 καινὸν,
3487 2195 3573 2248 ὅτι
3626 2197 3945 2266 θαυμαστὰ

2368 2281 2634 2349 ἐποίησε.
2661 2282 2981 2353 Θαυμαστὸν
3004 2284 3112 2353 γὰρ
3164 2286 3375 2355 ἀληθῶς
3421 2287 3481 2340 τὸ
3527 2288 3944 2358 καταργηθῆναι

2371 2372 2616 2437 θάνατον,
2646 2374 2741 2427 καὶ
2774 2374 3068 2428 ἀναϐιῶναι
3109 2377 3268 2429 πάλιν
3295 2378 3353 2430 τὸ
3390 2378 3736 2448 ἀνθρώπινον
3765 2380 3939 2447 γένος.

2374 2465 2641 2518 Ἕσωσεν
2668 2465 2826 2529 αὐτῷ
2854 2466 2891 2533 ἡ
2930 2466 3095 2529 δεξιὰ
3119 2469 3324 2522 αὐτοῦ.
3370 2470 3694 2540 Προσήγαγε
3729 2472 3840 2542 γὰρ
3870 2472 3944 2542 τῷ

2373 2553 2487 2622 ίδίῳ
2510 2553 2685 2626 Πατρὶ
2713 2555 2809 2626 τὴν
2831 2555 2921 2608 ὑπ’
2943 2557 3165 2628 οὐρανὸν
3189 2561 3216 2611 ὁ
3237 2559 3489 2630 Χριστὸς,
3534 2560 3592 2622 ὃς
3640 2562 3759 2613 ἐστι
3793 2560 3942 2625 δεξιὰ

2367 2645 2460 2699 τοῦ
2507 2647 2733 2719 Πατρός.
2763 2649 2836 2701 Οὐ
2865 2648 2971 2720 γὰρ
3006 2650 3196 2720 ἐδεήθη
3228 2650 3567 2721 ἀνθρωπίνης
3594 2649 3872 2722 βοηθείας.

2448 2739 2752 2809 Ἐγγάψισε
2780 2743 2990 2810 Κύριος
3021 2744 3083 2794 τὸ
3115 2742 3407 2809 σωτήριον
3433 2743 3637 2796 αὑτοῦ.
3667 2745 3942 2814 Σωτήρων

2366 2825 2528 2884 οὖσαν
2561 2831 2657 2901 τὴν
2687 2833 2947 2904 ἕνσαρκον
2975 2833 3138 2887 αὐτοῦ
3163 2835 3456 2905 παρουσίαν
3491 2837 3770 2906 σημαίνεια
3800 2838 3942 2891 κατὰ

2368 2917 2427 2970 τὸ
2447 2920 2727 2990 εἰρημένον
2751 2922 2854 2974 ὑπὸ
2891 2922 2983 2974 τοῦ
3012 2921 3252 2991 Συμεών·
3283 2923 3409 2974 Ὅτι
3440 2918 3603 2975 εἶδον
3632 2925 3684 2975 οἱ
3712 2924 3938 2991 ὀφθαλ-

2362 3009 2465 3077 μοί
2501 3029 2618 3079 μου
2651 3011 2713 3064 τό
2741 3013 3030 3080 σωτήριόν
3052 3029 3187 3066 σου.
3252 3014 3561 3066 Ἐνιιντίον
3607 3013 3727 3065 τῶν
3751 3014 3942 3067 ἐθνῶν

2367 3099 2723 3169 ἀπεκάλυψεν
2781 3103 2894 3168 τὴν
2955 3103 3349 3172 δικαιοσύνην
3401 3105 3606 3158 αὑτοῦ.
3663 3106 3940 3159 Ἐκϐαλὼν

713 3205 977 3274 principe,
1001 3205 1158 3258 nobis
1186 3215 1364 3260 autem
1399 3207 1489 3277 qui
1520 3207 1647 3260 olim
1700 3208 1802 3262 sub
1838 3207 2120 3278 tyrannide
2156 3225 2267 3264 era-

2373 3192 2467 3261 μὲν
2494 3192 2585 3244 τὸν
2619 3194 2850 3263 ἄρχοντα
2903 3194 2995 3247 τοῦ
3050 3195 3239 3257 αἰῶνος
3283 3196 3493 3259 τούτου,
3545 3198 3846 3263 δικαιώσας
3884 3199 3938 3252 δὲ

2369 3283 2491 3304 _-.‘_-
2525 3282 2680 3304 _.'_‘._-
2723 3301 2762 3304 _,
2832 3303 2866 3304 η.
2911 3285 3013 3304 ..Ῑιι
3104 3303 3139 3304 ν.
3180 3287 3198 3304 ,t
3265 3288 3288 3304 ς

712 3296 1189 3366 tnusjusﬁﬁcaﬁs.

780 3389 833 3441 3.
871 3387 1190 3442 Recordatus
1228 3400 1305 3444 est
1344 3391 1720 3445 misericordia:
1750 3409 1880 3446 suaz.
1914 3391 2050 3462 Erga
2074 3390 2261 3447 Jacot).

711 3476 962 3532 Promisit
990 3480 1133 3532 enim
1169 3481 1219 3532 ei
1253 3479 1491 3534 futurum
1519 3497 1639 3535 esse
1674 3491 1731 3535 ut
1771 3498 1960 3537 omnes
1999 3495 2182 3551 gentes
2213 3485 2264 3536 in

709 3571 916 3624 semine
951 3572 1072 3640 ejus
1113 3573 1578 3628 benedicerentur.
1640 3573 1890 3628 Viderunt
1931 3592 2106 3628 omnes
2161 3589 2265 3628 ter-

711 3665 839 3716 mini
876 3674 1027 3718 terma
1065 3665 1298 3719 salutare
1347 3665 1443 3720 Dei
1490 3669 1678 3720 nostri.
1739 3665 1952 3721 Nullum
1992 3669 2135 3723 enim
2184 3685 2267 3724 rc-

710 3769 872 3824 gnum
904 3770 1009 3810 non
1049 3758 1318 3828 particeps
1342 3770 1425 3814 est
1461 3763 1609 3829 regni
1634 3760 1857 3815 Christi.

781 3846 834 3910 5,
856 3846 909 3900 6.
942 3846 1159 3902 Psallite
1194 3847 1297 3900 Deo
1333 3859 1510 3901 nostra
1540 3852 1593 3901 in
1626 3851 1850 3904 cithara.
1884 3851 2156 3906 Citharam
2187 3853 2267 3908 di-

709 3939 782 3992 cit
809 3940 1148 3993 harmoniam
1181 3949 1234 3994 et
1263 3956 1586 3995 consensum
1617 3943 1810 3997 anima:
1842 3959 1962 3997 cum
2015 3960 2261 4014 corpore.

712 4030 776 4083 In
805 4033 939 4085 tubis
973 4032 1258 4085 ductilibus
1287 4042 1335 4086 et
1376 4050 1493 4088 voce
1523 4034 1657 4088 tuba:
1682 4051 1900 4089 cornere.
1931 4035 2140 4090 Ardens
2185 4047 2266 4090 at-

711 4137 812 4191 que
855 4124 1144 4177 vehemens
1201 4125 1440 4180 studium
1498 4127 1816 4197 evangelica:
1871 4129 2264 4198 prmdicationis

710 4231 803 4284 per
842 4216 1000 4272 tubas
1042 4216 1273 4271 ductiles
1303 4217 1607 4289 signiﬁcat;
1646 4236 1740 4288 per
1780 4235 2034 4274 corneam
2081 4231 2260 4276 autem

710 4306 910 4376 regiam
946 4307 1282 4376 dignitatem,
1311 4310 1438 4378 quia
1488 4326 1552 4363 ex
1591 4326 1757 4363 cornu
1792 4313 2061 4381 ungebant
2087 4328 2260 4383 rcges.

710 4396 888 4466 Neque
917 4399 968 4452 id
999 4409 1230 4462 tantum,
1262 4400 1353 4453 sed
1388 4400 1513 4470 quia
1535 4416 1734 4455 cornea
1775 4403 1924 4472 regni
1957 4405 2263 4474 proclama-

709 4490 908 4543 tionem
943 4488 1231 4544 faciebant.

2368 3283 2491 3345 τοὺς
2522 3282 2684 3335 πάλαι
2720 3285 3142 3355 τυραννηθέντας
3177 3287 3340 3355 ἡμᾶς.

2448 3372 2750 3441 Ἐμνήσθη
2776 3374 2880 3428 τοῦ
2905 3376 3116 3442 ἐλέους
3138 3377 3341 3430 αὐτοῦ.
3400 3377 3508 3430 Τοῦ
3569 3378 3785 3431 Ἰακώϐ·
3847 3381 3938 3434 καὶ

2365 3463 2471 3534 γὰρ
2504 3466 2560 3516 ἐν
2594 3465 2671 3535 τῷ
2722 3465 2990 3536 σπέρματι
3046 3467 3210 3519 αὐτοῦ
3266 3467 3619 3538 εὐλογηθῆναι
3662 3469 3842 3522 πάντα
3877 3471 3939 3523 τὰ

2365 3553 2490 3624 ἔθνη
2520 3555 2894 3624 ἐπηγγείλατο.
2947 3557 3212 3611 Εἴὸοσαν
3251 3558 3444 3611 πάντα
3472 3560 3538 3612 τὰ
3567 3559 3793 3626 πέρατα
3832 3559 3939 3628 τῆς

2367 3642 2475 3713 γῆς
2503 3644 2568 3697 τὸ
2594 3645 2888 3714 σωτήριον
2919 3649 3021 3700 τοῦ
3054 3651 3200 3704 Θεοῦ
3258 3651 3441 3718 ἡμῶν.
3479 3652 3664 3714 Οὐδεὶς
3690 3652 3803 3724 γὰρ
3853 3654 3939 3707 τό·

2366 3754 2464 3799 πος
2493 3737 2755 3807 ἀμέτοχος
2780 3739 2878 3808 τῆς
2903 3738 3171 3808 βασιλείας
3193 3740 3284 3794 τοῦ
3314 3743 3562 3813 Χριστοῦ.

2439 3827 2674 3881 Ψιίλατε
2710 3827 2790 3893 τῷ
2824 3829 2942 3894 Θεῷ
2971 3830 3136 3898 ἡμῶν
3160 3833 3228 3884 ἐν
3283 3834 3510 3901 κιθάρᾳ.
3558 3837 3808 3908 Κιθάραν
3842 3840 3937 3910 τὴν

2363 3917 2457 3970 τοῦ
2483 3919 2730 3988 σώματος
2762 3923 2896 3992 πρὸς
2933 3924 3030 3992 τὴν
3075 3923 3250 3994 ψυχὴν
3291 3926 3554 3996 ἁρμονίαν
3589 3931 3746 3999 φησί.
3786 3931 3937 3985 Σάλ-

2366 4007 2567 4077 πίγξιν
2596 4010 2853 4075 ἐλαταῖς,
2888 4012 2982 4063 καὶ
3007 4012 3174 4082 φωνῇ
3214 4015 3545 4087 σάλπιγγος
3595 4021 3933 4086 κερατίνης.

2365 4100 2438 4153 Τὸ
2478 4103 2868 4173 πεπυρωμένον
2915 4105 3008 4156 καὶ
3053 4106 3408 4175 ἐκτεταμένον
3440 4108 3530 4161 τοῦ
3577 4111 3933 4180 εὑαγγελικοῦ

2365 4193 2714 4264 κηρύγματος
2764 4195 2850 4248 διὰ
2901 4196 3008 4247 τῶν
3051 4196 3252 4248 ὲλατῶν
3298 4199 3609 4269 σαλπίγγων
3660 4203 3932 4272 σημαίνει·

2365 4286 2452 4339 διὰ
2473 4287 2528 4339 δὲ
2557 4286 2661 4340 τῶν
2689 4286 2986 4357 κερατίνων
3030 4290 3089 4341 τὸ
3125 4289 3421 4359 βασιλικὸν,
3457 4292 3588 4345 καθὸ
3629 4293 3709 4363 τῷ
3743 4295 3936 4366 κέρατι

2366 4379 2606 4450 ἐχρίοντο
2648 4379 2696 4432 οἱ
2760 4379 3012 4449 βασιλεῖς.
3077 4383 3149 4435 Οὐ
3196 4383 3352 4454 μόνον
3390 4383 3523 4436 ἀλλὰ
3551 4385 3641 4436 καὶ
3675 4387 3734 4438 ὲν
3777 4404 3936 4459 κερα-

2366 4471 2485 4543 τίνη
2521 4471 2615 4542 τῆς
2649 4471 2919 4541 βασιλείας
2953 4473 3048 4545 τὴν
3082 4474 3388 4546 ὲκφώνησιν
3423 4477 3719 4531 ἐποιοῦντο.

776 4581 830 4635 7.
870 4580 1142 4635 Moventur
1170 4598 1311 4636 mare
1352 4592 1401 4637 et
1459 4584 1728 4652 plenitudo
1764 4586 1894 4654 ejus.
1937 4587 2081 4642 Mare
2112 4598 2264 4642 vocat

2437 4564 2788 4629 Σαλευθήτω
2813 4567 2850 4632 ἡ
2885 4564 3165 4619 θάλασσα
3196 4567 3291 4620 καί
3315 4568 3381 4621 τὸ
3408 4570 3695 4638 πλήρωμα
3721 4570 3929 4639 αὐτῆς.

710 4683 1024 4742 przesentem
1056 4676 1242 4736 vitam,
1278 4676 1348 4728 ob
1377 4678 1704 4732 salsedinem
1739 4687 1792 4731 ct
1824 4681 2123 4735 molestiam
2155 4681 2264 4735 sol-

711 4766 1049 4819 Iteitudinum
1077 4765 1213 4833 ejus.
1247 4766 1387 4820 Mota
1425 4768 1606 4837 itaque
1635 4779 1720 4823 est
1753 4785 1781 4822 a
1812 4771 1981 4839 priori
2012 4780 2180 4836 statu,
2210 4772 2263 4825 id

708 4865 788 4908 est
814 4855 882 4909 ab
917 4855 1247 4910 idololatria.

777 5033 829 5086 8.
872 5031 1123 5087 Flumina
1176 5035 1424 5101 plaudent
1462 5051 1621 5089 manu
1670 5037 1849 5092 simul.
1901 5037 2156 5092 Flumina
2191 5038 2266 5093 di-

709 5125 1022 5180 citsanctos
1055 5127 1435 5196 mysteriorum
1488 5128 1810 5194 initiatores,
1857 5147 2088 5199 quorum
2131 5149 2266 5202 prae-

711 5215 926 5270 dicandi
982 5216 1217 5270 studium
1249 5219 1452 5273 indicat
1497 5235 1563 5274 eo
1590 5222 1733 5290 quod
1783 5224 2042 5293 plaudant
2075 5226 2261 5280 simul.

712 5306 913 5361 Montes
961 5311 1297 5363 exsultabant
1355 5332 1384 5364 a
1423 5325 1697 5382 conspectu
1753 5317 1984 5383 Domini,
2014 5322 2263 5389 quoniam

709 5398 842 5450 venit
867 5397 1108 5465 judicare
1148 5410 1360 5455 terram.
1415 5404 1681 5472 Angelius:
1725 5407 1978 5461 nimirum
2017 5411 2262 5466 virtutes.

710 5488 844 5544 Nam
871 5491 1125 5558 gaudium
1160 5502 1242 5546 est
1299 5510 1461 5562 super
1515 5513 1622 5550 uno
1672 5509 1951 5567 peccatore
2003 5503 2267 5571 pwtiiten-

715 5583 845 5638 tiam
876 5591 1065 5652 agente
1091 5585 1155 5636 ⁷⁸.

787 5805 831 5836 ’³
872 5805 1001 5860 Luc.
1034 5822 1091 5868 ιι,
1120 5806 1203 5860 50.
1282 5811 1326 5839 ⁷⁸
1373 5808 1503 5866 Luc.
1541 5829 1627 5878 sv,
1659 5813 1706 5865 7.

2367 4650 2650 4704 Θάλασσαν
2692 4652 2781 4705 τὸν
2831 4653 2944 4722 βίον
2995 4655 3084 4708 τὸν
3127 4657 3367 4727 παρόντα
3421 4658 3693 4728 σημαίνει,
3743 4659 3833 4712 διὰ
3877 4659 3935 4711 τὸ

2367 4741 2606 4813 ἁλμυρὸν
2627 4743 2734 4796 τῶν
2767 4745 2823 4797 ὲν
2854 4745 3000 4816 αὐτῷ
3054 4747 3366 4818 φροντίδων.
3400 4749 3694 4820 Κεκίνηται
3729 4747 3822 4804 οὖν
3873 4753 3934 4803 ὲκ

2368 4832 2466 4902 τῆς
2522 4835 2788 4906 προτέρας
2862 4836 3128 4900 στάσεως,
3190 4837 3436 4890 τουτέστι
3489 4838 3588 4908 τῆς
3649 4834 3933 4894 εἰδωλολα-

2369 4923 2574 4993 τρείας.

2442 5015 2699 5082 Ποταμοί
2742 5016 3108 5085 κροτήσουσι
3159 5021 3306 5091 χειρὶ
3348 5022 3444 5075 ἐπὶ
3475 5020 3540 5073 τὸ
3571 5022 3740 5074 αὑτό.
3768 5023 3937 5077 Ποτα-

2376 5106 2506 5175 μοὺς
2527 5107 2653 5168 τοὺς
2675 5107 2861 5174 ἁγίους
2892 5105 3028 5163 εἷναί
3055 5131 3186 5183 φησι
3223 5114 3631 5184 μυσταγωγοὺς,
3660 5108 3735 5167 ὧν
3756 5118 3852 5168 καὶ
3880 5116 3936 5166 τὸ

2371 5197 2652 5251 σπουδαῖον
2686 5199 2777 5251 τοῦ
2802 5201 3149 5274 κηρύγματος
3188 5206 3276 5259 διὰ
3321 5207 3412 5260 τοῦ
3436 5206 3526 5259 ἐπὶ
3556 5208 3616 5259 τὸ
3648 5207 3778 5260 αὐτὸ
3810 5225 3934 5277 κροο

2370 5292 2479 5341 τεῖν
2535 5292 2803 5359 σημαίνει.
2862 5294 2936 5346 Τὰ
2988 5295 3091 5364 ὄρη
3132 5298 3614 5364 ἁγαλλιάσονται,
3667 5298 3757 5352 ὅτι
3809 5299 3933 5365 ἤχει

2372 5382 2562 5450 κρῖναι
2592 5381 2705 5449 τὴν
2734 5383 2865 5452 γῆν.
2928 5387 2991 5437 Ai
3050 5389 3333 5455 ἀγγελικαὶ
3373 5389 3612 5459 δηλονότι
3661 5389 3910 5453 δυθᾶίῖεις

2373 5471 2531 5542 Χαρὰ
2561 5473 2668 5544 γὰρ
2695 5475 2904 5542 γίνεται
2931 5479 3020 5531 ἐπὶ
3044 5481 3124 5533 ἑνὶ
3158 5481 3463 5552 ἁμαρτωλῷ
3488 5479 3853 5553 μετανοοῦντι..
