4126 6476
170 428 259 488 ιιι
1162 425 1524 484 EXPOSITIO
1563 424 1625 477 IN
1666 424 1720 477 Ρε

1821 424 1990 480 ,διυκ
2029 424 2259 481 XCVIII.

530 544 840 597 ΨΑΛΜΟΣ
880 541 959 607 τῷ
1007 540 1204 595 Διιυΐδ.
1234 542 1355 608 ῌΡ.

782 635 1106 699 Ὑπόθεσις.

175 728 271 783 Καὶ
295 721 444 789 οὗτος
473 726 574 795 τὴν
607 725 839 797 Χριστοῦ
889 724 1163 797 βασιλείαν
1216 723 1469 795 σημαίνει
1497 722 1589 776 καὶ
1623 724 1723 793 τὴν

532 817 642 870 τῶν
689 816 987 889 ἀρχιερέων
1027 815 1332 871 αὐθάδειαν.

244 910 293 961 '0
344 910 560 977 Κύριος
608 909 1023 973 ἐϐασίλευσεν,
1073 906 1503 977 ὀρτιζέσθωσαν
1563 908 1718 962 λαοί.

184 1000 235 1054 '0
252 1002 477 1072 Χριστός
512 1004 660 1054 ἐστιν
684 995 745 1055 οὗ
789 999 887 1070 τὴν
926 998 1200 1070 βασιλείαν
1237 1000 1297 1053 ού
1334 1000 1722 1072 παραδέχονται

185 1090 409 1143 Ἰουδαῖοι
434 1090 801 1161 ὀργιζόμενοι.
844 1089 905 1142 '0
938 1088 1273 1159 καθήμενος
1318 1090 1417 1143 ἐπὶ
1458 1089 1578 1144 τῶν
1622 1107 1720 1159 χε-

173 1183 385 1251 ρουῶμ,
420 1181 774 1249 σαῖευθήτω
804 1182 843 1250 ἠ
875 1181 972 1250 γῆ.
1019 1182 1189 1246 Αὐτὸς
1245 1181 1353 1256 γάρ
1395 1178 1547 1246 οὗτος
1575 1185 1603 1237 ὁ
1632 1184 1724 1255 βα-

176 1274 415 1328 σιλεύσων
438 1276 527 1327 ἐπ’
559 1274 801 1345 ἐσχάτων
845 1274 954 1328 τῶν
981 1273 1188 1345 χρόνων
1215 1274 1321 1328 τῶν
1352 1276 1444 1328 ἐπὶ
1492 1274 1592 1345 τῆς
1621 1275 1723 1347 γῆς

175 1368 325 1429 ἐστιν,
372 1366 401 1419 ὸ
423 1366 654 1430 καὶτοῖς
676 1367 937 1439 χερουσὶμ
965 1367 1349 1439 ἐποχούμενος.
1399 1368 1487 1437 ὑφ’
1519 1362 1579 1422 οὗ
1628 1369 1723 1423 καὶ

172 1455 418 1526 ἐσαλεύθη
463 1459 497 1528 ἡ
535 1456 628 1527 γῆ.
657 1458 823 1528 Φησὶν
857 1452 971 1511 οὖν’
1002 1458 1073 1512 Σὺ
1093 1455 1142 1511 εἷ
1168 1459 1256 1513 ἐπὶ
1300 1458 1407 1513 τῶν
1438 1459 1719 1531 χερουσὶμ,

171 1550 196 1599 ό
233 1549 323 1602 καὶ
356 1547 454 1619 τὴν
502 1549 597 1602 ἐπὶ
641 1548 797 1620 κακῷ
834 1550 1021 1604 στάσιν
1081 1552 1446 1622 μετακινήσας
1476 1551 1576 1623 τῆς
1597 1552 1719 1622 γῆς,

174 1638 393 1705 γεγονὼς
424 1639 549 1694 καθ’
577 1641 743 1711 ἡμᾶς.
772 1640 967 1695 Στάσιν
995 1638 1090 1697 οὖν
1134 1643 1280 1713 λέγει
1310 1644 1409 1716 τὴν
1439 1644 1533 1715 τῆς
1568 1644 1720 1699 ειδω.

171 1724 491 1800 λολατρειας.

230 1821 438 1886 Κύριος
458 1821 527 1874 ἐν
567 1820 721 1875 Σιὼν
764 1821 969 1892 μέγας.
1000 1820 1137 1877 Σιών
1160 1825 1309 1877 ἐστιν
1336 1826 1369 1896 ἡ
1404 1824 1718 1895 Ἐκκλησία,

3271 424 3375 481 ιῖἳ

2110 534 2443 593 PSALHUS
2479 537 2581 606 ipsi
2613 537 2802 591 David.
2839 535 2932 591 XC
2948 532 3113 589 VIII.

2396 630 2798 701 Argumentum.

1822 720 1888 775 Et
1923 720 2009 775 hic
2035 736 2252 791 quoque
2304 724 2547 791 psalmus
2578 722 2782 777 Christi
2821 736 3043 793 regnum
3084 720 3376 791 signiﬁcat.

1894 821 2055 883 atque
2078 814 2381 884 principum
2405 816 2746 870 sacerdotum
2782 814 3172 885 arrogantiam.

1893 904 1943 959 1.
1972 906 2228 962 Dominus
2281 910 2528 979 regnavit,
2558 911 2861 963 irascantur
2903 909 3101 978 populi.
3128 907 3377 963 Christus

1821 1007 1905 1051 est
1926 997 2081 1066 cujus
2113 1013 2335 1068 regnum
2369 997 2536 1054 Judaei
2584 999 2708 1053 irati
2761 1015 2868 1053 non
2924 1000 3215 1070 accipiunt.
3273 996 3375 1065 Qui

1821 1086 1962 1142 sedet
1987 1106 2144 1159 super
2187 1090 2474 1155 cherubim,
2519 1102 2785 1144 moveatur
2812 1101 2969 1145 terra.
3004 1090 3054 1146 Is
3091 1092 3234 1148 enim
3265 1090 3378 1160 ipso

1820 1188 1904 1236 est
1932 1181 2024 1251 qui
2051 1182 2107 1235 in
2142 1182 2457 1237 novissimis
2492 1184 2828 1252 temporibus
2850 1183 3093 1253 regnabit
3126 1184 3179 1237 in
3210 1192 3376 1242 terra.

1821 1270 1914 1341 qui
1944 1287 2107 1342 super
2141 1272 2423 1327 cherubim
2456 1274 2689 1341 vehitur,
2737 1283 2792 1330 et
2834 1275 2937 1331 sub
2967 1290 3076 1346 quo
3116 1283 3261 1330 mota
3296 1285 3379 1330 est

1823 1369 1984 1415 terra.
2017 1361 2107 1415 Ait
2159 1361 2363 1431 igitur:
2406 1361 2485 1417 Tu
2532 1378 2593 1419 es
2634 1379 2797 1434 super
2850 1365 3157 1429 cherubim,
3194 1365 3288 1436 qui
3319 1373 3374 1420 et

1821 1452 2023 1508 malum
2051 1462 2208 1508 teme
2241 1463 2442 1509 statum
2472 1456 2842 1523 commutasti,
2879 1472 3001 1511 cum
3038 1457 3105 1511 ad
3136 1465 3374 1512 nostram

1822 1541 2233 1598 similitudinem
2268 1542 2440 1600 factus
2469 1559 2549 1599 es.
2577 1542 2652 1600 De
2680 1555 2823 1601 statu
2852 1546 3171 1602 idololatrias
3195 1547 3377 1618 loqui-

1822 1639 1931 1687 tur.

1890 1805 1946 1861 2.
1988 1804 2242 1861 Dominus
2268 1809 2325 1862 in
2362 1808 2492 1865 Sion
2527 1826 2769 1882 magnus.
2796 1810 2929 1868 Sion
2980 1821 3062 1869 est
3114 1814 3377 1883 Ecclesia,

172 1910 225 1962 ὲν
296 1911 574 1977 δοξάζεται
606 1914 700 1967 καὶ
729 1890 952 1983 ὑῷούται
985 1916 1235 1988 Χριστὸς,
1293 1890 1434 1970 κατά
1459 1917 1520 1969 τὸ
1566 1890 1720 1991 εἰρη-

1821 1895 1874 1949 in
1896 1911 2001 1967 qua
2030 1898 2365 1968 glorificatur
2391 1909 2446 1956 et
2472 1904 2743 1958 exaltatur
2770 1904 3043 1968 Christus,
3094 1908 3248 1977 juxta
3294 1910 3379 1964 di-

174 2004 349 2073 μένονο
394 2005 650 2076 ’Υψιὶισω
702 2021 797 2073 σε,
841 2010 875 2061 ό
942 2008 1085 2074 Oed;-
1127 2025 1279 2076 μου,
1339 2010 1372 2063 ό
1400 2009 1721 2077 βασιλεὺς

170 2110 291 2160 μου.

245 2182 934 2254 Ἐξομολογησόσθωσαν
976 2186 1056 2252 τῷ
1088 2188 1332 2257 ὀνόματι
1354 2204 1471 2245 σου
1521 2190 1602 2257 τῷ
1620 2209 1723 2261 με·

172 2273 337 2339 rago.
371 2274 532 2344 Μέγα
561 2275 723 2331 αὐτοῦ
756 2277 816 2331 τὸ
862 2278 1031 2351 ὄνομα
1066 2280 1148 2345 τὸ,
1196 2282 1417 2354 Ἰησοῦς,
1462 2283 1597 2337 καθὸ
1628 2285 1722 2338 καὶ

175 2365 396 2434 σωτηρία
434 2366 567 2421 λαοῦ
595 2369 971 2440 ἑρμηνεύεται.
1001 2372 1157 2440 Μέγα
1183 2373 1342 2428 πάλιν
1386 2375 1445 2428 τὸ
1466 2375 1633 2448 ὄνομα
1660 2376 1721 2430 τὸ

173 2453 298 2523 ὑπὲρ
346 2457 452 2508 πᾶν
497 2455 689 2527 ὃνομα,
720 2450 764 2525 ᾧ
813 2458 994 2529 μέλλει
1026 2461 1240 2532 κάμψαι
1274 2465 1381 2517 πᾶν
1416 2466 1564 2533 γόνυ,
1627 2466 1722 2520 καὶ

174 2544 310 2596 πᾶσα
351 2544 804 2617 ἐξομολογήσεται
853 2550 1094 2617 γλῶσσα,
1128 2553 1207 2605 ὅτι
1255 2554 1457 2626 Κύριος
1516 2557 1721 2628 Ἰησοῦς

172 2634 407 2703 Χριστός.
441 2638 572 2690 Ὀτι
623 2638 876 2708 φοϐερὸν
932 2642 1026 2697 καὶ
1076 2642 1247 2713 ἅγιόν
1282 2646 1433 2700 ἐστι.
1491 2648 1721 2721 Φοὸερὸν

175 2726 263 2794 μὲν
289 2727 423 2781 κατά
447 2729 559 2784 τῶν
589 2730 954 2801 ὀργιζομένων
985 2732 1128 2788 λαῶν
1182 2738 1277 2789 καὶ
1322 2738 1395 2810 μὴ
1428 2740 1719 2811 προσδεχο·

175 2815 335 2883 μένων
366 2818 534 2873 αὑτοῦ
566 2820 664 2891 τὴν
692 2820 984 2891 βασιλείαν·
1017 2824 1171 2893 ἅγιον
1196 2826 1254 2882 δὲ
1299 2832 1412 2894 τοῖς
1436 2831 1723 2885 πιστεύου-

174 2922 248 2959 σιν
270 2909 345 2971 εἰς
376 2910 560 2964 αὐτόν.
590 2911 701 2966 Καὶ
754 2913 890 2983 τιμὴ
928 2915 1234 2983 βασιλέως
1274 2922 1479 2987 κρίσιν
1502 2922 1721 2992 ἀγαπᾷ.

183 2995 383 3069 Ἐπειδὴ
431 3004 466 3071 ὴ
491 3001 625 3072 τιμὴ
680 3003 797 3073 ήτοι
845 3006 878 3075 ὴ
925 3006 1052 3073 δόξα
1078 3007 1171 3062 τοῦ
1222 3009 1485 3080 βασιλέως
1537 3016 1725 3090 ἀγαπᾷ

173 3088 259 3158 τὴν
284 3088 646 3162 δικαιοσύνην,
671 3094 789 3165 ἥτις
810 3094 897 3149 διὰ
944 3098 1043 3169 τῆς
1073 3098 1307 3172 κρίσεως
1343 3088 1718 3177 ἑρμηνεύεταιλ

171 3177 343 3232 τούτου
370 3181 530 3253 χάριν
556 3186 665 3247 τοῖς
694 3187 791 3256 μὲν
819 3188 1143 3261 ἀπειθήσασι
1177 3192 1237 3245 τὸ
1273 3196 1597 3269 πρόσταγμα
1626 3201 1723 3253 αύ-

1820 1997 1967 2043 ctum
2006 1989 2172 2045 illud:
2211 1989 2475 2047 Exaltabo
2506 2003 2573 2058 te,
2598 1993 2739 2050 Deus
2768 2013 2933 2064 meus,
2959 2013 3051 2054 rea;
3086 2015 3230 2056 meus
3258 2002 3330 2057 ".

1890 2165 1944 2231 3,
1982 2165 2037 2222 ι.
2079 2165 2447 2239 Conﬁteantur
2486 2173 2688 2227 nomini
2735 2184 2826 2229 tuo
2879 2192 3093 2247 magno,
3135 2186 3241 2235 etc.
3267 2178 3381 2235 Ma-

1825 2271 1989 2327 gnum
2011 2267 2096 2313 est
2125 2274 2321 2315 nomen
2346 2262 2468 2332 ejus
2490 2264 2643 2332 illud,
2669 2263 2851 2335 Jesus,
2870 2268 2997 2337 quia
3025 2268 3174 2327 salus
3196 2272 3379 2341 populi

1822 2348 2113 2419 signiﬁcat.
2146 2349 2398 2421 Magnum
2423 2369 2616 2412 rursus
2643 2374 2839 2414 nomen
2870 2359 2999 2415 illud
3019 2362 3164 2432 quod
3187 2371 3274 2418 est
3295 2380 3381 2419 su-

1820 2454 1916 2509 per
1931 2455 2090 2496 omne
2107 2458 2324 2509 nomen,
2342 2446 2427 2500 cui
2449 2449 2764 2504 curvabitur
2779 2465 2939 2507 omne
2958 2467 3116 2523 genu,
3134 2463 3188 2509 ct
3202 2456 3381 2510 omnis

1821 2532 2007 2605 lingua
2025 2536 2388 2605 conﬁtebitur,
2410 2538 2537 2609 quia
2561 2539 2822 2598 Dominus
2844 2541 3003 2599 Jesus
3038 2546 3289 2603 Christus
3309 2549 3377 2614 ⁷⁸,

1820 2634 1925 2680 etc.
1955 2625 2215 2693 Quoniam
2242 2631 2473 2687 terribile
2501 2642 2551 2687 et
2585 2644 2827 2689 sanctum
2856 2647 2955 2692 est.
2988 2635 3256 2696 Terribile
3284 2640 3381 2697 ad-

1822 2731 2011 2772 versus
2035 2728 2221 2789 gentes
2259 2721 2425 2778 iratas
2458 2739 2581 2794 quae
2623 2741 2734 2781 non
2784 2739 3103 2801 receperunt
3129 2732 3250 2803 ejus
3293 2750 3381 2789 re-

1822 2824 2022 2878 gnum;
2062 2820 2310 2868 sanctum
2338 2824 2519 2871 autem
2550 2818 2896 2878 credentibus
2928 2823 2983 2880 in
3013 2840 3161 2881 eum.
3189 2825 3259 2881 Et
3287 2828 3381 2882 ho-

1824 2917 1920 2954 nor
1952 2904 2083 2974 regis
2103 2904 2365 2974 judicium
2394 2909 2588 2980 diligit.
2633 2909 2899 2978 Quoniam
2933 2916 3110 2972 honor
3144 2934 3239 2974 seu
3272 2919 3384 2991 glo-

1823 2996 1902 3049 ria
1932 2997 2073 3065 regis
2100 2996 2369 3067 justitiam
2397 3001 2593 3072 diligit,
2625 3018 2746 3072 quae
2777 3020 2873 3074 per
2912 3006 3177 3077 judicium
3230 3011 3381 3067 intel-

1823 3084 2040 3156 ligitur;
2075 3088 2195 3145 ideo
2246 3090 2729 3163 inobsequentibus
2769 3098 3081 3156 mandatum
3131 3101 3251 3173 ejus
3279 3112 3379 3159 ter-

1824 3176 1980 3232 ribile
2004 3188 2104 3243 est,
2137 3191 2383 3237 sanctum
2425 3194 2606 3241 autem
2635 3190 2982 3248 credentibus
3016 3194 3069 3249 in
3115 3211 3262 3251 eum.
3299 3194 3379 3252 Tu

172 3268 254 3322 τοῦ
280 3251 525 3343 φοϐερὸν,
553 3276 664 3338 τοῖς
773 3251 1134 3334 ὑπακούουσιν
1163 3251 1336 3353 ἅγιονῖ
1371 3286 1455 3341 Σὺ
1483 3251 1720 3358 ἧτοίιια-

1825 3267 2030 3334 parasti
2057 3268 2385 3325 directiones.
2423 3270 2480 3327 In
2502 3273 2716 3345 justitia
2742 3280 2888 3335 enim
2919 3282 3264 3353 judicaturus
3297 3307 3379 3349 est

172 3376 276 3427 σας
293 3366 642 3435 εὐθύτητος.
680 3368 764 3423 Ἐν
794 3371 1103 3447 δικαιοσύνῃ
1152 3376 1260 3447 γὰρ
1311 3379 1493 3450 μέλλει
1521 3382 1724 3455 κρίνειν

172 3452 259 3525 τὴν
277 3457 618 3531 οἰκουμένην.

247 3545 501 3615 ’Υψοῦτε
538 3552 759 3619 Κύριον
787 3554 894 3609 τὸν
919 3556 1069 3611 Θεὸν
1106 3558 1293 3628 ἡμῶν.
1342 3562 1401 3616 '0
1432 3564 1629 3636 ὑψηλὸς
1648 3568 1723 3633 ὼς

172 3632 290 3699 Θεὸς
322 3639 414 3691 καὶ
446 3640 554 3693 ὑπὸ
582 3642 748 3706 πόδας
779 3645 916 3716 ἔχων
960 3650 1137 3702 πᾶσαν
1169 3650 1265 3722 τὴν
1299 3632 1487 3708 κτίσιν-
1503 3632 1723 3727 γέγονεν

172 3725 440 3796 ἀτρέπτως
468 3730 775 3804 ἄνθρωπος.
828 3735 1028 3791 Τοῦτον
1078 3734 1192 3802 οὖν,
1252 3744 1405 3813 φησὶ,
1453 3745 1543 3800 τὸν
1568 3725 1720 3817 γενό-

174 3832 318 3885 μενον
362 3821 650 3894 ἀτρέπτως
697 3826 980 3898 ἄνθρωπον
1012 3828 1232 3901 ύψοῦτε,
1296 3838 1723 3906 προσκυνοῦντες

171 3908 318 3963 αὑτὸν
352 3914 449 3985 μιᾷ
477 3917 842 3989 προσκυνήσει
870 3918 1007 3991 μετά
1029 3921 1129 3993 τῆς
1156 3922 1290 3988 ἰδίας
1324 3928 1540 3999 σαρκός.

231 4066 485 4136 Μωυσῆς
518 4069 615 4122 καὶ
654 4071 867 4139 Ἀαρὼν
914 4074 986 4128 ἐν
1030 4075 1155 4141 τοῖς
1205 4079 1469 4146 ἱερεῦσιν
1511 4084 1718 4139 αὑτοῦ.

172 4146 344 4219 Οὗτος,
379 4160 567 4228 φησιν,
600 4162 629 4213 ὁ
662 4160 777 4224 νῦν,
809 4162 943 4217 καθὸ
970 4164 1212 4235 πέφυκεν
1234 4167 1535 4239 ἄνθρωπος.
1569 4173 1721 4244 βασι-

170 4241 348 4312 λεύσας
372 4248 481 4303 τῶν
522 4250 615 4303 ἐπὶ
657 4252 757 4323 γῆς
783 4248 870 4324 ἦν·
900 4254 959 4307 ὃν
1008 4258 1102 4309 καὶ
1134 4259 1298 4313 πάλαι
1337 4241 1579 4335 Μωῦσῆς
1628 4268 1719 4321 καὶ

181 4334 376 4408 ’Λαρὼν
398 4340 493 4393 καὶ
518 4341 771 4412 Σαμουὴλ
823 4344 1204 4404 ἐπεκαλοῦντο.
1259 4349 1441 4405 Εἰπὼν
1485 4334 1597 4420 οὖν,
1637 4356 1717 4409 ὅτι

168 4428 555 4495 Προσκυνεῖτε
581 4432 661 4498 τῷ
687 4435 1009 4504 ὑποποδίῳ,
1046 4438 1138 4492 καὶ
1166 4440 1262 4512 τὴν
1310 4443 1717 4517 ὲνανθρὼπησιν

169 4519 252 4571 καὶ
275 4521 369 4593 τὴν
401 4523 713 4594 οἰκονομίαν
763 4526 1023 4599 κηρύξας,
1082 4529 1240 4584 πάλιν
1290 4532 1715 4606 ἀσφαλιζόμενος

1823 3356 2029 3411 orbem.

1894 3536 1947 3592 5.
1983 3536 2233 3596 Ezaltate
2260 3541 2545 3600 Dominum
2576 3546 2742 3601 Deum
2770 3559 3030 3608 nostrum.
3073 3552 3176 3621 Qui
3200 3559 3379 3613 excelo

1824 3643 1920 3682 sus
1945 3637 2029 3684 est
2056 3638 2241 3701 utpote
2272 3632 2437 3700 Deus,
2483 3646 2538 3691 et
2583 3641 2687 3695 sub
2724 3643 2887 3711 pedes
2950 3645 3110 3702 habet
3160 3663 3377 3705 omnem

1823 3728 2152 3787 creaturam,
2193 3722 2310 3777 sine
2331 3728 2628 3783 mutatione
2664 3730 2841 3788 factus
2875 3744 2961 3790 est
2993 3738 3178 3795 homo.
3220 3740 3378 3797 Hunc

1822 3808 2023 3881 itaque,
2071 3812 2168 3877 ait,
2218 3815 2311 3884 qui
2340 3816 2458 3872 sine
2501 3823 2801 3878 mutatione
2845 3823 3022 3884 factus
3067 3840 3151 3885 est
3192 3834 3373 3898 homo,

1823 3903 2082 3969 exaltate,
2115 3904 2404 3965 adorantes
2431 3926 2555 3966 eum
2593 3929 2700 3970 una
2741 3916 3055 3976 adoratione
3105 3939 3229 3980 cum
3271 3942 3370 3984 sua

1820 4007 2003 4048 carne.

1890 4083 1943 4137 6.
1982 4083 2185 4157 Moyses
2213 4098 2264 4143 et
2292 4090 2468 4145 Aaron
2498 4094 2555 4147 in
2590 4098 2945 4155 sacerdotibus
2972 4102 3107 4163 eius.
3144 4103 3266 4173 Hic,
3296 4109 3377 4163 in-

1818 4173 1957 4241 quit,
1988 4176 2080 4244 qui
2121 4192 2265 4233 nunc
2294 4190 2563 4249 quatenus
2600 4184 2763 4241 homo
2807 4186 2983 4246 factus
3007 4201 3093 4249 est
3131 4200 3377 4266 regnavit

1819 4265 1871 4319 in
1902 4275 2135 4333 terrena,
2173 4271 2220 4325 is
2246 4271 2360 4341 ipse
2389 4281 2507 4329 erat
2538 4290 2698 4345 quem
2724 4277 2850 4331 olim
2874 4279 3164 4353 Moyseset
3192 4265 3372 4343 Aaron

1816 4364 1870 4409 et
1889 4355 2105 4413 Samuel
2134 4359 2477 4419 invocabant.
2504 4362 2793 4437 Postquam
2814 4368 2951 4425 dixit
2980 4373 3161 4444 itaque
3186 4395 3199 4430 :
3232 4376 3375 4433 Ado-

1818 4457 1933 4501 rate
1960 4450 2241 4505 scabellum
2262 4453 2455 4523 pedum
2475 4456 2589 4524 ejus
2606 4457 2741 4529 (il),
2763 4469 2925 4533 atque
2947 4465 3373 4525 incarnationem

1816 4541 2283 4614 ceconomiamque
2303 4546 2631 4615 praedicavit,
2656 4564 2874 4607 rursum
2894 4569 2994 4611 nos
3023 4536 3373 4623 conﬁrmans,

168 4611 320 4680 ἡμᾶς,
366 4614 463 4685 τὴν
505 4614 734 4687 θεότητα
807 4620 1059 4691 σημαίνει
1101 4621 1188 4676 διά
1247 4622 1338 4676 τοῦ
1395 4624 1719 4696 δηλωθέντος

1822 4631 2159 4689 divinitatem
2196 4611 2570 4705 per-montem
2597 4611 2748 4696 illum
2776 4644 3042 4715 signiﬁcat
3069 4664 3085 4701 :
3114 4650 3377 4704 remansit

168 4701 327 4771 ὅρους.
380 4706 677 4779 Μεμένηκε
709 4709 816 4783 γὰρ
860 4711 1010 4778 Θεὸς,
1064 4716 1113 4768 εἰ
1164 4716 1258 4769 καὶ
1304 4717 1460 4772 ἔλασε
1492 4719 1590 4792 τὴν
1620 4723 1715 4778 τοῦ

167 4791 333 4849 δούλου
369 4798 586 4870 μορφὴν
606 4798 694 4852 διά
724 4800 821 4872 τὴν
846 4802 1003 4874 ἡμῶν
1033 4806 1325 4878 σωτηρίαν.

226 4890 393 4956 Κύριε
417 4895 452 4946 ό
492 4889 639 4958 Θεὸς
667 4892 853 4962 ἡμῶν,
878 4894 960 4950 σὺ
997 4896 1344 4967 ἐπήκουσας
1383 4904 1619 4970 αὐτούς.
1650 4906 1715 4960 Et

168 4977 250 5030 καὶ
271 4978 449 5047 ἔδοξάν
505 5000 560 5036 τι
591 4982 923 5054 ἁμαρτάνειν
970 4986 1046 5051 ὡς
1072 4987 1362 5059 ἄνθρωποι,
1411 4992 1472 5045 οὐ
1501 4993 1716 5065 παρεώ-

170 5086 343 5138 ρακας,
372 5074 561 5145 φησιν.
613 5076 895 5148 Ἠλέγχετο
932 5075 1023 5134 οὖν
1069 5082 1160 5134 ἐπὶ
1186 5081 1281 5136 τοῦ
1312 5082 1509 5154 μόσχου
1539 5087 1718 5159 ἀμαρ-

166 5162 322 5219 τάνων
366 5167 579 5241 Ἀαρὼν
610 5171 701 5223 καὶ
728 5172 966 5243 Μωῦσῆς
999 5174 1093 5227 ἐπὶ
1112 5174 1204 5229 τοῦ
1256 5174 1447 5241 ὓδατος
1493 5179 1591 5250 τῆς
1620 5181 1714 5234 ἀν-

166 5256 403 5326 τιλογίας.

228 5347 332 5405 Καὶ
353 5353 746 5422 προσκυνεῖτε
780 5358 867 5422 εις
890 5356 1024 5425 ὄρος
1071 5357 1241 5428 ἅγιον
1275 5360 1480 5418 αὑτοῦ.
1516 5363 1587 5415 Ἢ
1614 5364 1710 5437 τὴν

168 5440 248 5496 ἐπὶ
292 5444 393 5514 γῆς
439 5448 473 5518 ἢ
539 5445 637 5517 τὴν
686 5448 1002 5518 ἐπουράνιον
1064 5449 1414 5525 Ἰερουσαλήμ
1469 5457 1711 5528 φησιν-ἢ

166 5527 275 5599 δρος
299 5535 455 5592 πάλιν
505 5536 669 5592 αὑτὸν
704 5539 918 5609 νοητέον
968 5542 1059 5595 τὸν
1108 5544 1406 5617 Μονογενῆ,
1454 5545 1592 5600 κατά
1620 5548 1706 5600 τόο

180 5619 408 5695 Ἑτμήθη
436 5631 607 5697 λίθος
628 5629 697 5695 ἐξ
722 5630 894 5699 ὅρους
918 5632 1063 5689 ἄνευ
1098 5634 1325 5705 χειρῶν.

1821 4722 2019 4793 quippe
2044 4722 2207 4789 Deus,
2235 4727 2451 4783 etiamsi
2481 4739 2700 4801 propter
2732 4743 2971 4791 nostram
2996 4737 3225 4795 salutem
3262 4755 3376 4795 car-

1822 4830 1946 4870 nem
1971 4820 2347 4888 assumpserit.

1894 4906 1949 4962 8.
1983 4907 2206 4964 Domine
2229 4908 2369 4965 Deus
2399 4923 2590 4981 noster,
2618 4927 2675 4970 tu
2694 4918 3010 4975 exaudiebas
3032 4937 3139 4977 eos.
3172 4920 3378 4977 Etiam-

1822 4998 1866 5051 si
1898 4998 1952 5054 in
1981 5000 2163 5072 aliquo
2209 5019 2434 5073 peccare
2465 5006 2564 5063 visi
2596 5018 2724 5065 sunt
2762 5018 2946 5082 utpote
2981 5013 3227 5069 homines
3253 5054 3269 5079 ,
3318 5027 3377 5069 tu

1827 5100 2004 5147 tamen
2033 5109 2139 5149 non
2164 5099 2535 5167 contempsisti
2569 5116 2682 5157 eos.
2714 5101 2923 5159 Peccati
2964 5106 3143 5174 itaque
3182 5123 3375 5179 argue—

1822 5181 1981 5238 batur
1999 5184 2180 5241 Aaron
2207 5188 2276 5243 ob
2306 5188 2531 5243 vitulum
2552 5229 2567 5253 ,
2593 5202 2647 5246 et
2667 5191 2876 5265 Moyses
2911 5205 3130 5265 propter
3176 5212 3371 5269 aquam

1818 5276 2277 5335 contradictionis.

1890 5366 1941 5421 9.
1976 5367 2044 5421 Et
2072 5371 2287 5426 adorate
2324 5372 2377 5425 in
2407 5384 2577 5429 monte
2603 5385 2784 5430 sancto
2810 5378 2942 5448 ejus.
2970 5378 3075 5435 Aut
3106 5390 3369 5436 terrenam

1821 5467 1914 5513 aut
1946 5462 2218 5518 cmlestem
2266 5463 2568 5522 Jerusalem
2601 5469 2733 5524 dicit
2764 5488 2776 5523 :
2814 5482 2907 5526 aut
2957 5488 3175 5527 rursum
3212 5489 3370 5529 mou-

1819 5557 1925 5603 tem
1956 5550 2249 5626 intelligere
2276 5572 2567 5627 possumus
2589 5557 2933 5633 Unigenitum
2958 5604 2973 5628 ,
2998 5564 3153 5635 juxta
3182 5564 3314 5622 illud
3353 5584 3367 5619 :

1817 5641 2042 5700 [irrisus
2068 5658 2142 5702 est
2174 5648 2310 5719 lapis
2342 5654 2405 5707 de
2434 5663 2604 5708 monte
2631 5657 2742 5712 sine
2768 5658 3004 5715 manibus
3016 5662 3081 5718 ν’.

228 5739 271 5771 ’⁷
296 5740 435 5798 Psal.
468 5759 649 5810 cxuv,
684 5745 735 5799 i.
805 5746 850 5778 "'
878 5745 1106 5820 Philipp.
1137 5768 1197 5817 ιι,
1227 5752 1312 5817 10,
1356 5754 1435 5809 II.
1514 5756 1559 5788 ⁷⁸
1598 5754 1733 5811 Dan.
1790 5773 1850 5823 ll,
1890 5760 1976 5813 ει.

233 5833 338 5897 (ιι.)
364 5835 491 5894 περ
515 5837 789 5903 pertinent
818 5841 885 5895 ad
914 5856 1128 5897 versum
1159 5845 1211 5899 9.
