4126 6496
712 427 821 483 423

884 541 934 595 ί.
1002 538 1335 597 PSALJIL'R
1363 544 1419 595 in
1467 542 1859 611 confessionem.
1892 546 2097 602 XCIX.

1292 638 1329 688 Α
1342 650 1684 705 νσιιηιειιῖωιι.

715 721 770 775 In
804 723 907 779 hoc
931 726 1137 793 psalmo
1159 742 1253 781 eos
1279 730 1368 796 qui
1396 730 1507 797 jam
1534 740 1879 785 accesserant
1903 731 1968 784 ad
1996 731 2151 785 [idem
2185 732 2273 786 ad-

788 812 1025 869 hortatio
1056 816 1351 886 alloquitur
1376 857 1390 880 ,
1438 828 1497 873 ut
1522 821 1814 889 gratiarum
1847 822 2086 877 actiones
2110 823 2174 877 de
2206 824 2272 878 iis

788 920 909 974 qua:
949 917 1095 976 gesta
1130 921 1255 962 sunt
1285 908 1534 965 oﬂ‘erant.
1588 912 1874 967 Confessio
1900 916 2043 968 enim
2079 916 2181 970 hoc
2216 916 2269 971 in

788 994 930 1059 10co,
961 996 1255 1065 gratiarum
1287 1000 1553 1054 actionem
1583 1016 1705 1056 cum
1738 1003 1897 1059 laude
1926 1006 2269 1076 conjun’ctam

786 1085 1073 1155 signiﬁcat.

777 1176 832 1229 2.
858 1175 1094 1233 Jubilate
1128 1178 1441 1245 Deo,omnis
1478 1190 1639 1239 terra.
1674 1183 1999 1257 Redemptos
2026 1190 2177 1259 jubet
2200 1194 2274 1248 vi-

715 1268 899 1323 ctoria:
919 1285 1133 1324 carmen
1159 1287 1371 1327 cauere.
1399 1273 1889 1348 Redemptiquippe
1911 1292 2065 1337 erant
2086 1298 2272 1341 omnes

715 1360 981 1415 homines.
1061 1361 1282 1418 Terram
1341 1376 1519 1420 autem
1577 1379 1736 1423 vocat
1763 1371 2066 1427 habitantes
2104 1376 2267 1430 inea.

717 1449 913 1506 Seruite
928 1452 1150 1508 Domino
1174 1456 1227 1509 in
1252 1458 1459 1511 (milia.
1493 1458 1781 1516 Hominum
1801 1465 2031 1520 servitus
2052 1466 2269 1522 noxium

715 1542 963 1597 timorem
1006 1545 1199 1612 edicit,
1256 1547 1466 1602 Domini
1504 1561 1682 1605 autem
1738 1555 1967 1609 servitus
2021 1556 2269 1613 timorem

716 1644 947 1699 castum,
995 1652 1057 1691 ex
1086 1653 1196 1708 quo
1222 1640 1416 1695 animae
1441 1643 1687 1698 oboritur
1716 1645 1919 1700 laetitia.
1959 1646 2184 1703 lntroite
2215 1651 2270 1705 in

717 1738 989 1795 conspectu
1012 1728 1123 1797 eius
1156 1732 1208 1784 in
1242 1732 1606 1787 exsultatione.
1665 1734 1766 1802 Qui
1794 1738 1903 1805 jam
1936 1738 2270 1808 jubilationis

717 1816 952 1873 Iustitiam
990 1832 1166 1875 mente
1201 1826 1479 1893 percepit,
1534 1826 1620 1879 hic
1648 1828 1805 1895 quasi
1855 1842 2002 1883 stans
2039 1831 2090 1884 in
2142 1848 2272 1887 con-

1550 427 1608 481 S.
1649 427 2021 484 ATHANASII
2059 431 2212 486 OPP.
2255 431 2436 487 PARS
2474 432 2561 486 Ill.
2605 463 2671 471 —
2710 432 3115 487 EXEGETICA.

3827 431 3934 487 ιιι

2609 551 2912 603 ΨΑΛΜΟΣ
2934 551 3021 614 εἰς
3051 549 3504 619 ἐξομολόγησιν.
3548 550 3665 619 ἰπθν.

2986 640 2999 658 '
3014 642 3317 705 Υπόθεσις.

2385 733 2472 785 Ἐν
2496 731 2668 802 τούτῳ
2686 731 2759 801 τῷ
2780 730 2979 801 ψαλμῷ
3002 734 3111 792 τοῖς
3144 730 3241 801 ἤδη
3271 732 3624 802 προσελθοῦσι
3660 735 3725 803 τῇ
3756 732 3942 785 πίστει

2446 824 2763 895 παραίνεσιν
2792 822 3052 895 εἰσφέρει,
3077 822 3214 893 ὐπὲρ
3231 820 3323 874 τοῦ
3349 823 3636 893 ἀναφέρειν
3665 823 3804 894 ὑπὲρ
3829 823 3941 876 τῶν

2442 914 2540 985 ήδη
2569 913 2942 983 γεγενημένων
2974 913 3338 984 εὐχαριστίας.
3384 916 3447 967 Ἦ
3476 914 3585 985 γὰρ
3614 912 3944 984 ἐξομολόγη-

2445 1019 2527 1065 σις
2554 1004 2610 1055 ὲν
2636 1002 2805 1073 τούτῳ
2833 1002 2929 1073 τὴν
2986 1001 3102 1072 μετ’
3136 1001 3393 1067 αἰνέσεως
3440 1004 3791 1075 εὐχαριστίαν
3844 1021 3948 1072 ση-

2445 1093 2643 1163 μαίνει.

2456 1184 2817 1250 umnam
2843 1185 2922 1251 τῷ
2949 1187 3089 1251 Θεῷ,
3134 1185 3302 1242 πᾶσα
3326 1187 3363 1254 ἡ
3392 1184 3489 1255 τῆ.
3531 1185 3632 1238 Τὸν
3673 1184 3943 1238 ἐπινίκιον

2372 1276 2495 1339 τοὺς
2522 1275 2953 1349 λελυτρωμένους
2983 1278 3124 1349 ᾄδειν
3174 1277 3622 1349 παρακελεύεται.
3675 1272 3856 1330 Ἦσαν
3882 1276 3941 1329 δὲ

2372 1368 2421 1420 οἰ
2450 1367 2839 1440 λελυτρωμένοι
2868 1372 3012 1424 ἆπαν
3043 1372 3103 1424 τὸ
3125 1371 3231 1424 τῶν
3275 1368 3579 1442 ἀνθρώπων
3613 1368 3789 1437 γένος.
3827 1368 3943 1438 Γῆν

2374 1462 2480 1531 γὰρ
2511 1463 2635 1526 τοὺς
2656 1462 3036 1528 κατοικοῦντας
3064 1465 3163 1535 τὴν
3212 1465 3313 1535 γῆν
3362 1463 3532 1517 καλεῖ.
3563 1465 3946 1517 Δουλεύσατε

2374 1552 2454 1618 τῷ
2479 1554 2670 1621 Κυρίῳ
2694 1555 2763 1607 ἐν
2792 1557 3159 1624 εὐφροσύνῃ.
3199 1556 3263 1609 Ἦ
3282 1555 3337 1608 δέ
3358 1554 3465 1608 τῶν
3500 1554 3799 1626 ἀνθρώπων
3828 1555 3949 1607 60o-

2374 1642 2491 1698 λεία
2519 1645 2680 1713 φόϐον
2713 1645 3031 1717 φθοροποιὸν
3060 1648 3294 1716 ἐμποιεῖ,
3322 1649 3355 1715 ὴ
3379 1647 3436 1699 δὲ
3462 1646 3554 1699 τοῦ
3582 1646 3785 1717 Κυρίου
3812 1646 3941 1699 δου-

2374 1735 2489 1789 λεία
2533 1736 2691 1805 φόϐον
2712 1736 2893 1804 ἁγνὸν.
2929 1737 2988 1801 ἐξ
3018 1731 3077 1791 οὐ
3110 1736 3315 1805 γίνεται
3343 1740 3407 1807 τῇ
3435 1737 3577 1807 ψυχῇ
3610 1736 3939 1806 εὐφροσύνη.

2370 1823 2682 1878 Εἰσέλθετε
2714 1823 2967 1878 ἐνώπιον
3006 1825 3190 1879 αὐτοῦ
3231 1826 3302 1878 ἐν
3329 1826 3703 1894 ἀγαλλιάσει.
3746 1826 3803 1878 'U
3836 1827 3943 1896 ήδη

717 1918 903 1979 spectu
932 1909 1132 1967 Christi
1166 1914 1361 1983 gaudio
1391 1916 1605 1985 gaudet,
1638 1928 1691 1973 et
1726 1920 1829 1975 hoc
1854 1932 1937 1977 est
1961 1924 2270 1981 exsultatio.

2372 1913 2463 1966 τοῦ
2496 1912 2804 1985 ἀλαλαγμοῦ
2841 1915 2939 1985 τὴν
2968 1916 3047 1977 εἰς
3074 1914 3199 1967 νοῦν
3226 1916 3521 1985 δεξάμενος
3563 1916 3928 1986 εὐφροσύνην,

787 2192 839 2248 3.
874 2194 1072 2249 Scitote
1096 2199 1341 2267 quoniam
1383 2200 1637 2256 Dominus
1667 2204 1773 2273 ipse
1800 2215 1877 2261 est
1908 2207 2046 2263 Deus
2081 2220 2271 2267 noster.

720 2281 818 2341 llic
848 2286 1129 2355 Dominus,
1178 2292 1380 2360 inquit,
1408 2293 1498 2363 qui
1534 2296 1751 2365 proprio
1796 2300 2057 2369 sanguine
2106 2310 2270 2356 totam

717 2379 943 2433 redemit
967 2390 1186 2449 terram,
1212 2384 1323 2451 ipse
1350 2392 1432 2438 est
1460 2395 1661 2441 nostra:
1688 2386 1908 2444 factura:
1928 2390 2127 2459 opifex.
2153 2390 2268 2447 Non

716 2470 859 2523 enim
887 2486 953 2525 ex
999 2473 1155 2527 nobis
1188 2474 1317 2543 ipsis
1345 2478 1678 2542 exstitimus,
1712 2479 1805 2534 sed
1839 2495 1975 2550 opus
2010 2498 2269 2538 manuum

720 2560 838 2628 ejus
863 2576 1072 2619 sumus.
1100 2562 1441 2635 Quapropter
1459 2578 1512 2623 et
1532 2570 1761 2640 populus
1790 2572 1909 2642 ejus
1930 2582 1981 2627 et
2004 2590 2130 2630 oves
2154 2576 2272 2646 ejus

716 2666 925 2718 sumus,
959 2655 1030 2709 ita
1064 2665 1121 2710 ut
1148 2657 1234 2710 ille
1263 2658 1480 2727 quidem
1512 2661 1741 2732 populus
1772 2664 1874 2727 sit,
1908 2666 1999 2735 qui
2030 2670 2271 2721 rationa-

720 2743 878 2797 bilior
900 2755 1011 2813 est;
1040 2762 1168 2802 ores
1194 2758 1396 2814 autem,
1426 2751 1517 2821 qui
1552 2753 1603 2806 in
1638 2754 1825 2810 ordine
1852 2756 2273 2813 irrationabilio-

718 2849 839 2888 rum
876 2839 1224 2903 consistunt,
1278 2857 1451 2910 neque
1504 2847 1928 2915 experimentum
1984 2851 2269 2920 quodpiam

716 2924 881 2979 divini
930 2929 1127 2999 eloquii
1164 2932 1395 2998 habent,
1422 2936 1577 3005 juxta
1624 2938 1825 2993 dictum
1862 2942 1991 2995 illud
2030 2962 2044 2997 :
2081 2943 2272 2999 Επαιοὶ

713 3017 849 3071 sicut
884 3020 991 3072 oris
1020 3037 1134 3090 qua:
1165 3025 1401 3089 periit”.

781 3108 835 3162 ι.
867 3106 978 3161 Nos
1010 3121 1180 3164 autem
1227 3115 1448 3181 populus
1480 3114 1591 3183 ejus
1639 3126 1688 3170 et
1723 3135 1837 3174 oves
1879 3137 2088 3190 pascua:
2134 3123 2268 3194 ejus.

2373 1997 2526 2069 οὗτος
2556 2006 2742 2076 ὥσπερ
2787 2005 3013 2061 ἐνώπιον
3042 2007 3325 2077 ἱστάμενος
3380 2006 3474 2060 τοῦ
3524 2006 3763 2078 Χριστοῦ
3798 2008 3946 2077 χαρᾷ

2374 2098 2571 2168 χαίρει,
2596 2098 2688 2150 καὶ
2716 2097 2870 2150 τοῦτό
2898 2099 3045 2151 ἐστιν
3075 2097 3414 2167 ἀγαλλίασις.

2441 2187 2642 2241 Γνῶτε
2673 2188 2762 2242 ὅτι
2793 2190 3008 2258 Κύριος
3050 2192 3233 2257 αὐτός
3275 2190 3445 2244 ἐστιν
3485 2192 3518 2244 ὀ
3565 2189 3712 2257 Θεὸς
3746 2188 3941 2260 ἡμῶν.

2371 2274 2555 2344 Οὗτος,
2609 2282 2790 2353 φησιν,
2845 2285 2873 2336 6
2904 2281 3105 2354 Κύριος
3150 2284 3178 2335 6
3232 2283 3306 2354 τῷ
3343 2284 3457 2353 ἰδίῳ
3498 2283 3693 2354 αἵματι
3759 2285 3951 2337 πᾶσαν

2370 2372 2779 2445 λυτρωσάμενος
2810 2375 2909 2446 τὴν
2936 2375 3060 2444 γῆν,
3109 2374 3269 2436 αὐτός
3313 2374 3461 2427 ἐστιν
3494 2375 3521 2426 6
3555 2375 3648 2427 καὶ
3680 2373 3773 2428 τοῦ
3803 2377 3947 2446 ἠμε-

2367 2468 2525 2537 τέρου
2552 2466 2849 2537 ποιήματος
2870 2466 3214 2537 δημιουργός.
3235 2466 3307 2519 Οὐ
3333 2465 3440 2537 γὰρ
3465 2460 3784 2537 αὐτομάτως
3817 2482 3946 2518 συν-

2370 2555 2627 2627 έστημεν,
2685 2556 2820 2611 ἀλλά
2846 2556 2951 2609 τῶν
2977 2558 3173 2629 χειρῶν
3217 2555 3376 2611 αὐτοῦ
3425 2556 3584 2626 ἔργον
3639 2556 3825 2625 ἐσμέν.
3851 2555 3951 2609 Διὸ

2371 2652 2466 2705 καὶ
2486 2651 2611 2716 λαὸς
2633 2650 2792 2705 αὐτοῦ
2826 2653 2918 2706 καὶ
2966 2651 3212 2722 πρόϐατα
3262 2649 3425 2705 αὐτοῦ
3473 2647 3831 2720 τυγχάνομεν·
3868 2648 3947 2711 ῶς

2370 2739 2507 2798 εἶναι
2538 2744 2634 2813 μὲν
2682 2745 2710 2796 6
2747 2743 2869 2806 λαὸς
2912 2742 3289 2814 λογικώτερος,
3348 2740 3592 2811 πρόϐατα
3628 2742 3685 2794 δὲ
3742 2743 3790 2793 οἰ
3843 2741 3946 2811 τὴν

2368 2834 2709 2904 ἀλογωτέραν
2749 2832 2900 2899 τάξιν
2927 2833 3232 2904 ἐπέχοντες,
3265 2831 3359 2884 καὶ
3414 2829 3486 2901 μὴ
3544 2832 3601 2882 ἐν
3644 2831 3808 2900 πείρα
3831 2830 3944 2881 τῶν

2370 2924 2525 2978 θείων
2548 2925 2696 2989 ὅντες
2727 2925 2942 2995 λογίων,
2978 2924 3121 2978 κατά
3145 2924 3205 2977 τὸ
3225 2923 3526 2995 εἰρημένον·
3558 2920 3953 2987 Ἐπλανήθην

2370 3015 2450 3082 ὡς
2474 3016 2770 3083 πρόϐατον
2799 3016 3134 3081 ἀπολωλός.

2457 3105 2657 3176 Ἡμεῖς
2716 3105 2784 3159 δὲ
2838 3106 2987 3170 λαὸς
3047 3102 3251 3170 αὑτοῦ,
3286 3103 3383 3156 καί
3436 3104 3704 3171 πρόϐατα
3747 3100 3942 3171 νομῆς

714 3199 819 3253 Alii
849 3210 977 3255 sunt
1003 3209 1060 3254 ιιι
1088 3204 1318 3272 p0pulus
1344 3206 1482 3275 ejus,
1517 3208 1609 3277 qui
1640 3210 1848 3265 scilicet
1869 3193 2270 3281 praestantiores

2370 3198 2574 3252 αὑτοῦ.
2607 3195 2789 3249 Ἀλλοι
2823 3196 2918 3267 μὲν
2950 3195 3025 3258 ὡς
3071 3194 3195 3258 λαὸς
3252 3193 3436 3254 αὐτοῦ.
3482 3196 3529 3247 οἱ
3564 3194 3863 3265 κρείττους·
3891 3195 3943 3246 οἰ

716 3301 878 3357 sunt;
911 3294 1001 3347 alii
1033 3304 1090 3348 ut
1110 3310 1238 3350 oves
1263 3312 1476 3367 pascua:
1498 3300 1636 3369 ejus,
1672 3302 1764 3369 qui
1798 3303 1850 3355 in
1874 3302 2127 3359 inferiore
2152 3321 2273 3373 gra-

2371 3290 2426 3342 δὲ
2451 3288 2525 3351 ὡς
2549 3288 2793 3360 πρόϐατα
2816 3291 2984 3359 νομῆς
3034 3286 3219 3350 αὐτοῦ,
3267 3288 3313 3339 οί
3348 3285 3769 3357 ὑποϐεϐηκότες.
3792 3286 3944 3355 [Dira

716 3384 786 3436 du
819 3384 1089 3441 incedunt.
1121 3386 1409 3451 Ceterum,
1429 3405 1551 3444 cum
1587 3393 1830 3445 omnium
1856 3392 1995 3447 Deus
2021 3404 2072 3450 et
2102 3395 2272 3451 factor

716 3471 807 3535 sit,
838 3487 1023 3528 omnes
1052 3488 1205 3529 vocat
1240 3486 1294 3530 et
1320 3478 1567 3547 proprios
1593 3480 1697 3533 sibi
1722 3480 1900 3535 elﬁcit.
1935 3480 2067 3537 Nam
2097 3485 2273 3539 homi-

715 3578 811 3617 nes
838 3564 1155 3633 etjumenta
1199 3568 1368 3623 salvat
1395 3568 1658 3626 Dominus
1678 3571 1754 3639 ⁸¹;
1797 3573 1918 3628 illos
1951 3575 2165 3645 quidem
2215 3588 2274 3632 ut

712 3655 971 3725 populum
1000 3672 1158 3712 suum
1179 3700 1193 3723 ,
1232 3660 1329 3716 hos
1361 3678 1490 3716 vero
1522 3671 1580 3718 ut
1604 3680 1734 3719 oves
1760 3680 1976 3735 pascua!
2014 3683 2143 3722 suae.
2175 3667 2268 3723 In-

716 3750 872 3803 troite
898 3760 1077 3821 portas
1100 3751 1210 3822 ejus
1236 3755 1287 3808 in
1324 3756 1664 3823 confessione.
1713 3757 1901 3813 Portas
1934 3758 2146 3816 Domini
2174 3755 2273 3817 Ec-

714 3840 937 3895 clesiam
992 3858 1113 3913 qua:
1169 3846 1221 3897 in
1272 3855 1412 3899 terra
1445 3856 1527 3900 est
1555 3860 1749 3913 vocat,
1785 3850 1839 3903 in
1887 3867 1993 3921 qua
2028 3854 2272 3909 conﬁteri

717 3941 962 4002 oportet,
1030 3950 1093 3987 ac
1144 3936 1475 3991 denuntiatis
1508 3948 1664 3992 antea
1715 3944 1981 4009 peccatis,
2015 3944 2273 4002 beneﬁcia

717 4024 876 4079 nobis
906 4025 1095 4079 collata
1127 4042 1403 4081 enarrare.

1077 4114 1188 4186 Ipsi
1224 4117 1413 4173 David.
1468 4118 1803 4177 PSALMUS
1854 4123 1914 4177 C.

1304 4212 1339 4263 Α
1352 4223 1695 4280 rgumentum.

717 4294 774 4351 In
810 4298 910 4353 hoc
936 4300 1145 4367 psalmo
1176 4301 1469 4370 perfectum
1501 4306 1659 4361 nobis
1692 4307 1962 4364 hominem
1992 4313 2271 4379 describit,

778 4391 870 4457 qui
896 4392 1192 4445 secundum
1223 4393 1391 4447 Drum
1421 4396 1585 4451 vitam
1614 4399 1865 4461 instituit.
1890 4403 2149 4472 docetque
2173 4421 2273 4460 nos

782 4481 927 4549 quod
958 4481 1077 4534 vita:
1110 4498 1277 4551 genus
1300 4486 1547 4555 amplecti
1574 4487 1803 4544 debeant
1833 4490 1886 4553 ii,
1923 4492 2013 4561 qui
2046 4507 2267 4563 regnum

780 4572 1038 4625 caelorum
1069 4575 1289 4645 adipisci
1318 4588 1589 4647 exoptant.

783 4662 834 4715 1.
860 4661 1279 4718 Misericordiam
1302 4676 1350 4719 et
1374 4668 1627 4729 iudicium
1650 4671 1867 4723 cantabo
1890 4670 2003 4735 tibi,
2030 4670 2263 4726 Domine.

712 4750 849 4806 Cum
879 4768 939 4806 ea
972 4770 1092 4823 qua:
1123 4757 1236 4811 scio
1265 4767 1316 4811 te
1347 4758 1507 4811 nobis
1527 4760 1821 4814 contulisse
1846 4761 2100 4817 beneficia
2128 4779 2269 4818 sem-

712 4860 807 4913 per
826 4845 876 4899 in
903 4860 998 4899 ore.
1022 4846 1214 4914 feram,
1236 4849 1453 4903 dabitur
1482 4849 1839 4918 judicium,et
1856 4867 1984 4908 sane
2004 4854 2266 4923 judicium

708 4934 939 5003 justum.
1000 4935 1322 4994 Justilicavit
1352 4941 1498 4995 enim
1534 4956 1751 4996 causam
1796 4951 2039 4998 nostram
2077 4947 2266 5001 adver-

713 5041 809 5080 sus
837 5028 1085 5083 inimicos
1119 5037 1356 5083 nostros.

780 5116 836 5181 2,
865 5119 918 5172 5.
948 5119 1186 5172 Psallam
1226 5132 1269 5173 et
1326 5122 1615 5194 intelligam
1669 5125 1725 5177 in
1776 5125 1859 5177 via
1902 5124 2261 5178 immaculata.

710 5208 981 5275 Psallam,
1016 5210 1219 5280 inquit,
1250 5213 1515 5282 hymnum,
1558 5230 1623 5269 ac
1652 5214 1697 5269 si
1745 5217 1945 5271 diceret
1985 5218 2260 5285 apertius:

708 5299 825 5355 Non
856 5302 1014 5356 finem
1042 5301 1235 5357 faciam
1270 5306 1499 5376 hymnos
1529 5309 1795 5374 canendi,
1825 5318 1878 5363 et
1915 5308 2053 5361 viam
2089 5324 2262 5362 meam

708 5408 920 5460 semper
974 5396 1376 5449 immaculatam
1408 5398 1771 5463 conservabo,
1804 5408 1979 5460 tuum,
2012 5413 2044 5451 ο
2078 5396 2263 5451 Domi-

707 5500 795 5549 ne,
829 5485 1118 5542 adventum
1143 5499 1482 5557 exspectans.
1508 5489 1728 5559 Oportet
1755 5491 1895 5543 enim
1926 5498 2141 5559 paratos
2162 5504 2260 5543 nos

707 5592 827 5635 esse
857 5578 921 5631 ad
958 5578 1173 5635 Domini
1225 5596 1528 5635 accessum.
1587 5580 1811 5635 Tantam
1853 5592 2031 5636 autem
2068 5581 2153 5635 hic
2177 5580 2261 5635 vir

706 5671 967 5727 mirabilis
999 5675 1285 5729 onritatem
1320 5674 1599 5729 obtinebat
1676 5683 1732 5727 ut
1759 5689 1882 5727 cum
1913 5674 2107 5729 ﬁducia
2148 5675 2259 5730 cla-

793 5868 838 5900 ⁸⁸
882 5869 1025 5927 Psal.
1074 5887 1262 5941 cxvm,
1320 5871 1439 5929 176.
1518 5872 1557 5904 "
1606 5871 1749 5926 Psal.
1794 5885 1955 5931 xxxv,
1986 5870 2039 5924 8.

2370 3381 2525 3445 ἀλλὰ,
2556 3382 2771 3434 πάντων
2805 3381 2939 3446 Θεὸς
2992 3382 3066 3435 ῶν
3101 3382 3195 3435 καὶ
3247 3381 3491 3449 ποιητὴς,
3549 3380 3756 3442 πάντας
3788 3378 3948 3432 καλεῖ

2370 3474 2463 3525 καὶ
2494 3471 2865 3539 ἐξοικειοῦται.
2920 3470 3259 3543 Ἀνθρὼπους
3304 3469 3411 3539 γάρ
3460 3470 3552 3523 καὶ
3580 3471 3749 3539 κτήνη
3778 3468 3947 3532 σώζει

2370 3563 2518 3626 Θεόςο
2547 3566 2671 3626 τούς
2701 3562 2799 3631 μὲν
2826 3561 2901 3625 ὡς
2943 3560 3069 3613 λαὸν
3102 3560 3288 3620 αὐτοῦ.
3346 3560 3414 3612 τὰ
3458 3559 3513 3612 δὲ
3563 3557 3637 3622 ὡς
3693 3557 3945 3629 πρόϐατα

2369 3655 2538 3726 νομῆς
2573 3653 2754 3708 αὐτοῦ.
2792 3652 3108 3706 Εἰσέλθετε
3138 3655 3224 3719 εἰς
3247 3652 3345 3718 τὰς
3401 3652 3594 3716 πύλας
3644 3649 3830 3705 αὑτοῦ
3873 3651 3951 3703 ὲν

2369 3744 2819 3815 ἐξομολογήσει.
2856 3742 3036 3807 Πύλας
3071 3743 3165 3797 τοῦ
3202 3743 3408 3813 Κυρίου
3435 3743 3532 3814 τὴν
3558 3742 3648 3795 ἐπὶ
3679 3742 3784 3812 γῆς
3822 3742 3949 3794 Ἐκ-

2372 3839 2598 3919 κλησίαν
2641 3840 2825 3910 φησιν,
2853 3832 2973 3911 ἐνῇ
3030 3837 3464 3907 ἐξομολογεῖσθαι
3507 3836 3607 3899 δεῖ,
3656 3836 3751 3887 ἅτε
3800 3835 3942 3904 πρό-

2369 3948 2525 4001 τερον
2583 3928 2995 3996 ἐξαγγέλλοντες
3049 3929 3117 3981 τὰ
3165 3928 3557 3997 ἁμαρτήματα,
3606 3926 3706 3989 τάς
3746 3942 3806 3980 τε
3857 3929 3949 3991 εἰς

2371 4022 2515 4091 ἡμᾶς
2536 4019 2831 4090 γενομένας
2856 4018 3184 4091 ἀφηγεῖσθαι
3210 4017 3544 4089 εὐεργεσίας.

2748 4109 2830 4177 Τῷ
2863 4110 3060 4165 Δαυῖδ.
3128 4108 3437 4164 ΨΑΛΜΟΣ
3471 4112 3553 4163 P'.

2971 4204 3305 4267 ’Υπόθεσις.

2383 4297 2469 4349 Ἐν
2501 4295 2671 4366 τούτῳ
2709 4295 2787 4366 τῷ
2819 4294 3017 4367 ψαλμῷ
3066 4295 3155 4347 τὸν
3199 4293 3403 4346 τέλειον
3448 4293 3577 4362 ἡμῖν
3623 4285 3941 4366 διαγράφει,

2436 4389 2527 4441 τὸν
2594 4387 2734 4441 κατά
2798 4386 2929 4441 Θεὸν
2983 4385 3389 4455 πολιτευόμενον
3413 4423 3429 4449 ,
3469 4382 3738 4436 διδάσκων
3793 4387 3941 4457 ἡμᾶς

2438 4479 2593 4532 ποίαν
2618 4479 2697 4532 δεῖ
2725 4478 2992 4533 πολιτείαν
3025 4472 3358 4546 ἐπιτηδεύειν
3384 4474 3506 4538 τοὺς
3540 4471 3941 4546 ἐπιθυμοῦντας

2436 4572 2533 4641 τῆς
2562 4570 2667 4625 τῶν
2693 4571 2931 4641 οὐρανῶν
2962 4568 3231 4641 βασιλείας
3253 4570 3546 4637 ἐπιτυχεῖν.

2443 4665 2652 4717 Ἕλεον
2677 4664 2770 4715 καί
2796 4662 2994 4729 κρίσιν
3022 4659 3245 4729 ᾅσομαί
3297 4674 3418 4724 σοι,
3478 4660 3674 4728 Κύριε.
3731 4659 3935 4721 Ταῦτα,

2374 4753 2555 4824 φησιν,
2613 4753 2704 4804 ἐπὶ
2753 4752 3014 4821 στόματος
3065 4750 3245 4822 φέρων
3298 4751 3581 4816 διαπαντὸς
3612 4751 3648 4805 ἃ.
3710 4746 3831 4805 οῖδα.
3857 4752 3939 4813 εἰς

2372 4846 2516 4916 ἡμᾶς
2553 4844 2984 4916 κατορθωθέντα,
3021 4844 3307 4915 δοθήσεται
3359 4844 3557 4915 κρίσις,
3591 4842 3873 4896 τουτέστιν
3902 4846 3934 4911 ή

2369 4935 2748 5008 δικαιοκρισία.
2792 4934 3104 4990 Ἐδιγαίωσε
3138 4935 3245 5007 γὰρ
3273 4936 3335 4988 ἐκ
3379 4934 3485 4989 τῶν
3530 4931 3741 5005 ἐχθρῶν
3778 4934 3939 5007 ἡμῶν

2366 5025 2462 5096 τὴν
2487 5026 2638 5097 δίκην
2660 5026 2833 5097 ἡμῶν.

2442 5116 2621 5171 Ψαλώ
2670 5116 2767 5169 καί
2812 5116 3062 5183 συνήσω
3103 5118 3171 5169 ἐν
3198 5114 3313 5179 ὀδῷ
3354 5110 3589 5185 ἀμώμῳ.
3638 5114 3733 5181 Τό,
3761 5115 3939 5186 ψαλῶ

2363 5208 2470 5261 τόν
2498 5209 2705 5278 ὕμνον,
2744 5210 2925 5280 φησιν,
2975 5210 3105 5261 ὡσεὶ
3136 5206 3277 5275 λέγοι
3314 5206 3640 5280 σαφέστερον
3666 5226 3681 5239 ⁸
3722 5208 3937 5279 ’Υμνῶν

2368 5300 2430 5353 οὐ
2480 5302 2755 5371 παύσομαι
2816 5303 2909 5355 καὶ
2972 5301 3068 5372 τὴν
3115 5300 3252 5371 ἐμὴν
3314 5301 3431 5354 ὁδὸν
3498 5301 3933 5373 παρασκευάζων

2364 5391 2613 5460 ἄμωμον,
2640 5392 2736 5461 τὴν
2763 5391 2878 5461 σὴν,
2910 5386 2954 5445 ὦ
2980 5391 3242 5455 Δέσποτα,
3267 5392 3567 5463 παρουσίαν
3599 5392 3931 5463 προσδοκῶν.

2365 5484 2454 5535 Δεῖ
2478 5482 2586 5554 γὰρ
2610 5484 3069 5555 ηὐτρεπισμένους
3129 5486 3278 5555 ἡμᾶς
3324 5479 3463 5538 εἶναι
3522 5483 3657 5554 πρὸς
3704 5482 3804 5554 τὴν
3840 5484 3933 5539 τοῦ

2365 5575 2567 5647 Κυρίου
2600 5576 2801 5647 ἄφιξιν.
2860 5575 3137 5647 Τοσαύτην
3184 5576 3292 5650 γὰρ
3329 5579 3357 5631 6
3405 5574 3817 5645 θαυμαζόμενος
3843 5567 3935 5630 οὗ·

2364 5686 2454 5733 τος
2476 5669 2611 5741 ἀνὴρ
2639 5670 2903 5741 ἐκτήσατο
2940 5668 3304 5741 καθαρότητα,
3341 5669 3415 5731 ὡς
3457 5664 3599 5737 μετά
3626 5667 3934 5738 παρρησίας
