  <div class='ocr_page' id='page_1' title='image "/cluster/home/n/w/nwhite01/storage/ocr_20150623/27/uva.x030474749/222.png"; bbox 0 0 4126 6492; ppageno 0'>
   <div class='ocr_carea' id='block_1_1' title="bbox 185 442 284 499">
    <p class='ocr_par' dir='ltr' id='par_1_1' title="bbox 185 442 284 499">
     <span class='ocr_line' id='line_1_1' title="bbox 185 442 284 499; baseline -0.02 0"><span class='ocrx_word' id='word_1_1' title='bbox 185 442 284 499; x_wconf 64' lang='grc' dir='ltr'><strong>ἃς</strong></span> 
     </span>
    </p>
   </div>
   <div class='ocr_carea' id='block_1_2' title="bbox 1312 438 2275 499">
    <p class='ocr_par' dir='ltr' id='par_1_2' title="bbox 1312 438 2275 499">
     <span class='ocr_line' id='line_1_2' title="bbox 1312 438 2275 499; baseline -0.005 -2"><span class='ocrx_word' id='word_1_2' title='bbox 1312 440 1676 499; x_wconf 77' lang='lat' dir='ltr'><strong>EXPOSlTlO</strong></span> <span class='ocrx_word' id='word_1_3' title='bbox 1713 441 1781 497; x_wconf 70' lang='grc' dir='ltr'><strong>ΙΝ</strong></span> <span class='ocrx_word' id='word_1_4' title='bbox 1822 439 2153 498; x_wconf 60' lang='grc' dir='ltr'><strong>ρελωιωί</strong></span> <span class='ocrx_word' id='word_1_5' title='bbox 2191 438 2275 496; x_wconf 88' lang='lat' dir='ltr'><strong>Cl.</strong></span> 
     </span>
    </p>
   </div>
   <div class='ocr_carea' id='block_1_3' title="bbox 3316 441 3422 498">
    <p class='ocr_par' dir='ltr' id='par_1_3' title="bbox 3316 441 3422 498">
     <span class='ocr_line' id='line_1_3' title="bbox 3316 441 3422 498; baseline -0.019 -1"><span class='ocrx_word' id='word_1_6' title='bbox 3316 441 3422 498; x_wconf 61' lang='grc' dir='ltr'><strong>ινδ</strong></span> 
     </span>
    </p>
   </div>
   <div class='ocr_carea' id='block_1_4' title="bbox 184 552 1778 628">
    <p class='ocr_par' dir='ltr' id='par_1_4' title="bbox 184 552 1762 628">
     <span class='ocr_line' id='line_1_4' title="bbox 184 552 1762 628; baseline 0.002 -21"><span class='ocrx_word' id='word_1_7' title='bbox 184 555 373 628; x_wconf 66' lang='grc' dir='ltr'><strong>βοῆσαι</strong></span> <span class='ocrx_word' id='word_1_8' title='bbox 408 554 549 627; x_wconf 73' lang='grc' dir='ltr'><strong>πρὸς</strong></span> <span class='ocrx_word' id='word_1_9' title='bbox 575 553 668 608; x_wconf 80' lang='grc' dir='ltr'><strong>τὸν</strong></span> <span class='ocrx_word' id='word_1_10' title='bbox 708 554 859 609; x_wconf 82' lang='grc' dir='ltr'><strong>Θεόν·</strong></span> <span class='ocrx_word' id='word_1_11' title='bbox 892 555 1040 608; x_wconf 80' lang='grc' dir='ltr'><strong>Πότε</strong></span> <span class='ocrx_word' id='word_1_12' title='bbox 1075 552 1246 622; x_wconf 79' lang='grc' dir='ltr'><strong>ἣξεις</strong></span> <span class='ocrx_word' id='word_1_13' title='bbox 1277 555 1428 626; x_wconf 77' lang='grc' dir='ltr'><strong>πρὸς</strong></span> <span class='ocrx_word' id='word_1_14' title='bbox 1461 555 1576 626; x_wconf 70' lang='grc' dir='ltr'><strong>μέε</strong></span> <span class='ocrx_word' id='word_1_15' title='bbox 1618 557 1762 612; x_wconf 72' lang='grc' dir='ltr'><strong>Ἀντὶ</strong></span> 
     </span>
    </p>
   </div>
   <div class='ocr_carea' id='block_1_5' title="bbox 1881 552 3419 628">
    <p class='ocr_par' dir='ltr' id='par_1_5' title="bbox 1881 552 3419 618">
     <span class='ocr_line' id='line_1_5' title="bbox 1881 552 3419 618; baseline 0.001 -8"><span class='ocrx_word' id='word_1_16' title='bbox 1881 565 2035 612; x_wconf 86' lang='lat' dir='ltr'><strong>naret</strong></span> <span class='ocrx_word' id='word_1_17' title='bbox 2060 555 2126 611; x_wconf 90' lang='lat' dir='ltr'><strong>ad</strong></span> <span class='ocrx_word' id='word_1_18' title='bbox 2161 553 2330 610; x_wconf 84' lang='lat' dir='ltr'><strong>Deum</strong></span> <span class='ocrx_word' id='word_1_19' title='bbox 2365 572 2376 607; x_wconf 93' lang='lat'><strong>:</strong></span> <span class='ocrx_word' id='word_1_20' title='bbox 2413 552 2637 618; x_wconf 81' lang='lat' dir='ltr'><strong>Quando</strong></span> <span class='ocrx_word' id='word_1_21' title='bbox 2669 554 2835 608; x_wconf 69' lang='lat' dir='ltr'><strong>venies</strong></span> <span class='ocrx_word' id='word_1_22' title='bbox 2865 553 2934 606; x_wconf 88' lang='lat' dir='ltr'><strong>ad</strong></span> <span class='ocrx_word' id='word_1_23' title='bbox 2973 554 3090 608; x_wconf 77' lang='lat' dir='ltr'><strong>me!</strong></span> <span class='ocrx_word' id='word_1_24' title='bbox 3122 567 3185 607; x_wconf 87' lang='lat' dir='ltr'><strong>ac</strong></span> <span class='ocrx_word' id='word_1_25' title='bbox 3212 553 3258 609; x_wconf 88' lang='lat' dir='ltr'><strong>si</strong></span> <span class='ocrx_word' id='word_1_26' title='bbox 3283 555 3419 611; x_wconf 87' lang='lat' dir='ltr'><strong>dice-</strong></span> 
     </span>
    </p>
   </div>
   <div class='ocr_carea' id='block_1_6' title="bbox 183 647 1762 720">
    <p class='ocr_par' dir='ltr' id='par_1_6' title="bbox 183 647 1762 720">
     <span class='ocr_line' id='line_1_6' title="bbox 183 647 1762 720; baseline 0.001 -18"><span class='ocrx_word' id='word_1_27' title='bbox 183 648 292 708; x_wconf 88' lang='grc' dir='ltr'><strong>τοῦ.</strong></span> <span class='ocrx_word' id='word_1_28' title='bbox 324 647 598 720; x_wconf 77' lang='grc' dir='ltr'><strong>Εὑπρεπῆ</strong></span> <span class='ocrx_word' id='word_1_29' title='bbox 624 663 708 701; x_wconf 89' lang='grc' dir='ltr'><strong>σοι</strong></span> <span class='ocrx_word' id='word_1_30' title='bbox 741 647 808 702; x_wconf 74' lang='grc' dir='ltr'><strong>τὰ</strong></span> <span class='ocrx_word' id='word_1_31' title='bbox 831 647 1075 718; x_wconf 82' lang='grc' dir='ltr'><strong>βασίλεια</strong></span> <span class='ocrx_word' id='word_1_32' title='bbox 1125 649 1458 720; x_wconf 83' lang='grc' dir='ltr'><strong>κατέστησα,</strong></span> <span class='ocrx_word' id='word_1_33' title='bbox 1495 647 1646 703; x_wconf 85' lang='grc' dir='ltr'><strong>ποθῶ</strong></span> <span class='ocrx_word' id='word_1_34' title='bbox 1670 665 1762 703; x_wconf 90' lang='grc' dir='ltr'><strong>σου</strong></span> 
     </span>
    </p>
   </div>
   <div class='ocr_carea' id='block_1_7' title="bbox 183 731 1767 812">
    <p class='ocr_par' dir='ltr' id='par_1_7' title="bbox 183 731 1767 812">
     <span class='ocr_line' id='line_1_7' title="bbox 183 731 1767 812; baseline 0 -20"><span class='ocrx_word' id='word_1_35' title='bbox 183 739 278 808; x_wconf 68' lang='grc' dir='ltr'><strong>τὴν</strong></span> <span class='ocrx_word' id='word_1_36' title='bbox 300 738 632 809; x_wconf 82' lang='grc' dir='ltr'><strong>παρουσίαν,</strong></span> <span class='ocrx_word' id='word_1_37' title='bbox 673 731 721 792; x_wconf 81' lang='grc' dir='ltr'>ὦ</span> <span class='ocrx_word' id='word_1_38' title='bbox 745 737 1006 805; x_wconf 76' lang='grc' dir='ltr'><strong>Δέσποτα,</strong></span> <span class='ocrx_word' id='word_1_39' title='bbox 1045 737 1325 812; x_wconf 84' lang='grc' dir='ltr'><strong>ίμείρομαί</strong></span> <span class='ocrx_word' id='word_1_40' title='bbox 1366 757 1457 795; x_wconf 88' lang='grc' dir='ltr'><strong>σου</strong></span> <span class='ocrx_word' id='word_1_41' title='bbox 1509 740 1611 812; x_wconf 81' lang='grc' dir='ltr'><strong>τῆς</strong></span> <span class='ocrx_word' id='word_1_42' title='bbox 1647 742 1767 794; x_wconf 72' lang='grc' dir='ltr'><strong>ἐπι-</strong></span> 
     </span>
    </p>
   </div>
   <div class='ocr_carea' id='block_1_8' title="bbox 186 829 1767 903">
    <p class='ocr_par' dir='ltr' id='par_1_8' title="bbox 186 829 1767 903">
     <span class='ocr_line' id='line_1_8' title="bbox 186 829 1767 903; baseline 0.003 -21"><span class='ocrx_word' id='word_1_43' title='bbox 186 829 427 896; x_wconf 57' lang='lat' dir='ltr'><strong>cavetur</strong></span> <span class='ocrx_word' id='word_1_44' title='bbox 457 829 599 883; x_wconf 79' lang='grc' dir='ltr'><strong>ἀλλὰ</strong></span> <span class='ocrx_word' id='word_1_45' title='bbox 621 829 711 894; x_wconf 79' lang='grc' dir='ltr'><strong>δὺς</strong></span> <span class='ocrx_word' id='word_1_46' title='bbox 735 830 796 883; x_wconf 83' lang='grc' dir='ltr'><strong>τὸ</strong></span> <span class='ocrx_word' id='word_1_47' title='bbox 830 829 1181 903; x_wconf 83' lang='grc' dir='ltr'><strong>ποθούμενον.</strong></span> <span class='ocrx_word' id='word_1_48' title='bbox 1239 833 1674 902; x_wconf 76' lang='grc' dir='ltr'><strong>Διεπορευόμην</strong></span> <span class='ocrx_word' id='word_1_49' title='bbox 1696 833 1767 886; x_wconf 78' lang='grc' dir='ltr'><strong>ἐν</strong></span> 
     </span>
    </p>
   </div>
   <div class='ocr_carea' id='block_1_9' title="bbox 186 919 1764 993">
    <p class='ocr_par' dir='ltr' id='par_1_9' title="bbox 186 919 1764 993">
     <span class='ocr_line' id='line_1_9' title="bbox 186 919 1764 993; baseline 0.003 -20"><span class='ocrx_word' id='word_1_50' title='bbox 186 919 402 986; x_wconf 62' lang='lat' dir='ltr'><strong>datalia</strong></span> <span class='ocrx_word' id='word_1_51' title='bbox 437 919 692 990; x_wconf 73' lang='grc' dir='ltr'><strong>καρδίας</strong></span> <span class='ocrx_word' id='word_1_52' title='bbox 733 938 852 990; x_wconf 81' lang='grc' dir='ltr'><strong>μου</strong></span> <span class='ocrx_word' id='word_1_53' title='bbox 894 923 966 975; x_wconf 88' lang='grc' dir='ltr'><strong>ἐν</strong></span> <span class='ocrx_word' id='word_1_54' title='bbox 1010 921 1180 992; x_wconf 83' lang='grc' dir='ltr'><strong>μέσῳ</strong></span> <span class='ocrx_word' id='word_1_55' title='bbox 1239 922 1344 978; x_wconf 83' lang='grc' dir='ltr'><strong>τοῦ</strong></span> <span class='ocrx_word' id='word_1_56' title='bbox 1397 923 1569 977; x_wconf 84' lang='grc' dir='ltr'><em>οτκου</em></span> <span class='ocrx_word' id='word_1_57' title='bbox 1621 939 1764 993; x_wconf 80' lang='grc' dir='ltr'><strong>μου.</strong></span> 
     </span>
    </p>
   </div>
   <div class='ocr_carea' id='block_1_10' title="bbox 186 1008 1766 1086">
    <p class='ocr_par' dir='ltr' id='par_1_10' title="bbox 186 1008 1766 1086">
     <span class='ocr_line' id='line_1_10' title="bbox 186 1008 1766 1086; baseline 0.004 -24"><span class='ocrx_word' id='word_1_58' title='bbox 186 1008 410 1074; x_wconf 76' lang='grc' dir='ltr'><strong>Οὐδένα,</strong></span> <span class='ocrx_word' id='word_1_59' title='bbox 439 1010 630 1084; x_wconf 69' lang='grc' dir='ltr'><strong>φησὶν,</strong></span> <span class='ocrx_word' id='word_1_60' title='bbox 657 1011 812 1082; x_wconf 75' lang='grc' dir='ltr'><strong>ἔσχον</strong></span> <span class='ocrx_word' id='word_1_61' title='bbox 858 1011 1045 1068; x_wconf 74' lang='grc' dir='ltr'><strong>ἄδικον</strong></span> <span class='ocrx_word' id='word_1_62' title='bbox 1088 1013 1436 1068; x_wconf 77' lang='grc' dir='ltr'><strong>συνοικοῦντα</strong></span> <span class='ocrx_word' id='word_1_63' title='bbox 1487 1013 1766 1086; x_wconf 71' lang='grc' dir='ltr'><strong>λογισμόν·</strong></span> 
     </span>
    </p>
   </div>
   <div class='ocr_carea' id='block_1_11' title="bbox 185 1099 1765 1180">
    <p class='ocr_par' dir='ltr' id='par_1_11' title="bbox 185 1099 1765 1180">
     <span class='ocr_line' id='line_1_11' title="bbox 185 1099 1765 1180; baseline 0.005 -28"><span class='ocrx_word' id='word_1_64' title='bbox 185 1099 295 1153; x_wconf 79' lang='grc' dir='ltr'><strong>ἀλλ’</strong></span> <span class='ocrx_word' id='word_1_65' title='bbox 318 1101 464 1166; x_wconf 80' lang='grc' dir='ltr'><strong>ὅλως</strong></span> <span class='ocrx_word' id='word_1_66' title='bbox 499 1102 723 1175; x_wconf 63' lang='grc' dir='ltr'><strong>ἐμαυτῷ</strong></span> <span class='ocrx_word' id='word_1_67' title='bbox 758 1104 895 1175; x_wconf 86' lang='grc' dir='ltr'><strong>μετά</strong></span> <span class='ocrx_word' id='word_1_68' title='bbox 929 1104 1301 1178; x_wconf 82' lang='grc' dir='ltr'><strong>καθαρότητος</strong></span> <span class='ocrx_word' id='word_1_69' title='bbox 1352 1105 1765 1180; x_wconf 61' lang='grc' dir='ltr'><strong>διεπρευὸμην.</strong></span> 
     </span>
    </p>
   </div>
   <div class='ocr_carea' id='block_1_12' title="bbox 187 1191 1771 1272">
    <p class='ocr_par' dir='ltr' id='par_1_12' title="bbox 187 1191 1771 1272">
     <span class='ocr_line' id='line_1_12' title="bbox 187 1191 1771 1272; baseline 0.003 -25"><span class='ocrx_word' id='word_1_70' title='bbox 187 1191 526 1260; x_wconf 80' lang='grc' dir='ltr'><strong>Ποιοῦντας</strong></span> <span class='ocrx_word' id='word_1_71' title='bbox 554 1194 914 1263; x_wconf 73' lang='grc' dir='ltr'><strong>παραϐάσεις</strong></span> <span class='ocrx_word' id='word_1_72' title='bbox 938 1197 1220 1266; x_wconf 84' lang='grc' dir='ltr'><strong>ἐμίσησα.</strong></span> <span class='ocrx_word' id='word_1_73' title='bbox 1257 1198 1350 1252; x_wconf 84' lang='grc' dir='ltr'><strong>Δεῖ</strong></span> <span class='ocrx_word' id='word_1_74' title='bbox 1368 1199 1477 1272; x_wconf 70' lang='grc' dir='ltr'><strong>γὰρ</strong></span> <span class='ocrx_word' id='word_1_75' title='bbox 1509 1199 1583 1271; x_wconf 76' lang='grc' dir='ltr'><strong>μὴ</strong></span> <span class='ocrx_word' id='word_1_76' title='bbox 1609 1199 1771 1270; x_wconf 90' lang='grc' dir='ltr'><strong>μόνον</strong></span> 
     </span>
    </p>
   </div>
   <div class='ocr_carea' id='block_1_13' title="bbox 185 1285 1771 1359">
    <p class='ocr_par' dir='ltr' id='par_1_13' title="bbox 185 1285 1771 1359">
     <span class='ocr_line' id='line_1_13' title="bbox 185 1285 1771 1359; baseline 0.006 -22"><span class='ocrx_word' id='word_1_77' title='bbox 185 1285 490 1354; x_wconf 76' lang='grc' dir='ltr'><strong>ἀπέχεσθαι</strong></span> <span class='ocrx_word' id='word_1_78' title='bbox 516 1286 626 1342; x_wconf 84' lang='grc' dir='ltr'><strong>τῶν</strong></span> <span class='ocrx_word' id='word_1_79' title='bbox 676 1287 949 1359; x_wconf 78' lang='grc' dir='ltr'><strong>πονηρῶν,</strong></span> <span class='ocrx_word' id='word_1_80' title='bbox 990 1289 1127 1344; x_wconf 77' lang='grc' dir='ltr'><strong>ἀλλὰ</strong></span> <span class='ocrx_word' id='word_1_81' title='bbox 1155 1291 1401 1358; x_wconf 74' lang='grc' dir='ltr'><strong>καὶτοὺς</strong></span> <span class='ocrx_word' id='word_1_82' title='bbox 1424 1292 1492 1347; x_wconf 74' lang='grc' dir='ltr'><strong>τὰ</strong></span> <span class='ocrx_word' id='word_1_83' title='bbox 1545 1291 1771 1348; x_wconf 83' lang='grc' dir='ltr'><strong>τοιαῦτα</strong></span> 
     </span>
    </p>
   </div>
   <div class='ocr_carea' id='block_1_14' title="bbox 187 1375 966 1451">
    <p class='ocr_par' dir='ltr' id='par_1_14' title="bbox 187 1375 966 1451">
     <span class='ocr_line' id='line_1_14' title="bbox 187 1375 966 1451; baseline 0.01 -21"><span class='ocrx_word' id='word_1_84' title='bbox 187 1375 479 1442; x_wconf 70' lang='grc' dir='ltr'><strong>ποιοῦντας</strong></span> <span class='ocrx_word' id='word_1_85' title='bbox 507 1379 966 1451; x_wconf 72' lang='grc' dir='ltr'><strong>ἀποστρέφεσθαι.</strong></span> 
     </span>
    </p>
   </div>
   <div class='ocr_carea' id='block_1_15' title="bbox 255 1470 1771 1546">
    <p class='ocr_par' dir='ltr' id='par_1_15' title="bbox 255 1470 1771 1546">
     <span class='ocr_line' id='line_1_15' title="bbox 255 1470 1771 1546; baseline 0.004 -24"><span class='ocrx_word' id='word_1_86' title='bbox 255 1470 378 1522; x_wconf 77' lang='grc' dir='ltr'><strong>οὐκ</strong></span> <span class='ocrx_word' id='word_1_87' title='bbox 446 1471 754 1540; x_wconf 80' lang='grc' dir='ltr'><strong>ἐκολλήθη</strong></span> <span class='ocrx_word' id='word_1_88' title='bbox 807 1489 910 1542; x_wconf 81' lang='grc' dir='ltr'><strong>μοι</strong></span> <span class='ocrx_word' id='word_1_89' title='bbox 971 1472 1185 1544; x_wconf 76' lang='grc' dir='ltr'><strong>καρδία</strong></span> <span class='ocrx_word' id='word_1_90' title='bbox 1245 1474 1504 1546; x_wconf 56' lang='lat' dir='ltr'><strong>vetandi}.</strong></span> <span class='ocrx_word' id='word_1_91' title='bbox 1547 1474 1628 1529; x_wconf 63' lang='grc' dir='ltr'><strong>Τὰ</strong></span> <span class='ocrx_word' id='word_1_92' title='bbox 1677 1472 1771 1528; x_wconf 89' lang='grc' dir='ltr'><strong>τοῦ</strong></span> 
     </span>
    </p>
   </div>
   <div class='ocr_carea' id='block_1_16' title="bbox 186 1555 1772 1636">
    <p class='ocr_par' dir='ltr' id='par_1_16' title="bbox 186 1555 1772 1636">
     <span class='ocr_line' id='line_1_16' title="bbox 186 1555 1772 1636; baseline 0.006 -27"><span class='ocrx_word' id='word_1_93' title='bbox 186 1555 435 1612; x_wconf 81' lang='grc' dir='ltr'><strong>διαϐόλου</strong></span> <span class='ocrx_word' id='word_1_94' title='bbox 490 1559 834 1633; x_wconf 76' lang='grc' dir='ltr'><strong>βουλεύματα</strong></span> <span class='ocrx_word' id='word_1_95' title='bbox 858 1602 872 1625; x_wconf 89' lang='grc'><strong>,</strong></span> <span class='ocrx_word' id='word_1_96' title='bbox 933 1563 1029 1617; x_wconf 65' lang='lat' dir='ltr'><strong>ire</strong></span> <span class='ocrx_word' id='word_1_97' title='bbox 1095 1564 1263 1636; x_wconf 80' lang='grc' dir='ltr'><strong>μηδὲν</strong></span> <span class='ocrx_word' id='word_1_98' title='bbox 1341 1565 1497 1629; x_wconf 75' lang='grc' dir='ltr'><strong>εὑθὲς</strong></span> <span class='ocrx_word' id='word_1_99' title='bbox 1558 1564 1772 1636; x_wconf 70' lang='grc' dir='ltr'><strong>ἔχοντα,</strong></span> 
     </span>
    </p>
   </div>
   <div class='ocr_carea' id='block_1_17' title="bbox 189 1648 1775 1729">
    <p class='ocr_par' dir='ltr' id='par_1_17' title="bbox 189 1648 1775 1729">
     <span class='ocr_line' id='line_1_17' title="bbox 189 1648 1775 1729; baseline 0.004 -27"><span class='ocrx_word' id='word_1_100' title='bbox 189 1648 416 1720; x_wconf 75' lang='grc' dir='ltr'><strong>σκαμσὰ</strong></span> <span class='ocrx_word' id='word_1_101' title='bbox 439 1651 501 1705; x_wconf 77' lang='grc' dir='ltr'><strong>τέ</strong></span> <span class='ocrx_word' id='word_1_102' title='bbox 532 1654 637 1706; x_wconf 82' lang='grc' dir='ltr'><strong>εἱσι</strong></span> <span class='ocrx_word' id='word_1_103' title='bbox 671 1654 764 1707; x_wconf 75' lang='grc' dir='ltr'><strong>καὶ</strong></span> <span class='ocrx_word' id='word_1_104' title='bbox 801 1653 1226 1727; x_wconf 76' lang='grc' dir='ltr'><strong>διεστραμμένα,</strong></span> <span class='ocrx_word' id='word_1_105' title='bbox 1263 1656 1407 1729; x_wconf 75' lang='grc' dir='ltr'><strong>ἅπερ</strong></span> <span class='ocrx_word' id='word_1_106' title='bbox 1434 1656 1685 1711; x_wconf 77' lang='grc' dir='ltr'><strong>οὐδέποτε</strong></span> <span class='ocrx_word' id='word_1_107' title='bbox 1716 1659 1775 1710; x_wconf 82' lang='grc' dir='ltr'><strong>έν</strong></span> 
     </span>
    </p>
   </div>
   <div class='ocr_carea' id='block_1_18' title="bbox 187 1741 1777 1817">
    <p class='ocr_par' dir='ltr' id='par_1_18' title="bbox 187 1741 1777 1817">
     <span class='ocr_line' id='line_1_18' title="bbox 187 1741 1777 1817; baseline 0.006 -25"><span class='ocrx_word' id='word_1_108' title='bbox 187 1741 250 1811; x_wconf 74' lang='grc' dir='ltr'><strong>τῇ</strong></span> <span class='ocrx_word' id='word_1_109' title='bbox 279 1741 486 1813; x_wconf 68' lang='grc' dir='ltr'><strong>καρδία</strong></span> <span class='ocrx_word' id='word_1_110' title='bbox 505 1742 863 1814; x_wconf 83' lang='grc' dir='ltr'><strong>είσδὲδεγμαι.</strong></span> <span class='ocrx_word' id='word_1_111' title='bbox 920 1746 1339 1813; x_wconf 82' lang='grc' dir='ltr'><strong>Ἑκκλίνοντος</strong></span> <span class='ocrx_word' id='word_1_112' title='bbox 1378 1747 1478 1802; x_wconf 76' lang='grc' dir='ltr'><strong>ἀπ’</strong></span> <span class='ocrx_word' id='word_1_113' title='bbox 1503 1747 1648 1817; x_wconf 81' lang='grc' dir='ltr'><strong>ἐμοῦ</strong></span> <span class='ocrx_word' id='word_1_114' title='bbox 1667 1745 1777 1801; x_wconf 84' lang='grc' dir='ltr'><strong>τοῦ</strong></span> 
     </span>
    </p>
   </div>
   <div class='ocr_carea' id='block_1_19' title="bbox 189 1833 1777 1910">
    <p class='ocr_par' dir='ltr' id='par_1_19' title="bbox 189 1833 1777 1910">
     <span class='ocr_line' id='line_1_19' title="bbox 189 1833 1777 1910; baseline 0.005 -26"><span class='ocrx_word' id='word_1_115' title='bbox 189 1833 464 1902; x_wconf 70' lang='grc' dir='ltr'><strong>πονηροῦ</strong></span> <span class='ocrx_word' id='word_1_116' title='bbox 506 1837 616 1888; x_wconf 77' lang='grc' dir='ltr'><strong>οὐκ</strong></span> <span class='ocrx_word' id='word_1_117' title='bbox 640 1836 990 1904; x_wconf 72' lang='grc' dir='ltr'><strong>ἐγίνωσκον.</strong></span> <span class='ocrx_word' id='word_1_118' title='bbox 1032 1837 1208 1902; x_wconf 87' lang='grc' dir='ltr'><strong>Οῦτω,</strong></span> <span class='ocrx_word' id='word_1_119' title='bbox 1258 1840 1445 1910; x_wconf 75' lang='grc' dir='ltr'><strong>φησὶν,</strong></span> <span class='ocrx_word' id='word_1_120' title='bbox 1495 1841 1554 1892; x_wconf 77' lang='grc' dir='ltr'><strong>έν</strong></span> <span class='ocrx_word' id='word_1_121' title='bbox 1601 1839 1777 1894; x_wconf 78' lang='grc' dir='ltr'><strong>οὐδενὶ</strong></span> 
     </span>
    </p>
   </div>
   <div class='ocr_carea' id='block_1_20' title="bbox 1863 643 3400 719">
    <p class='ocr_par' dir='ltr' id='par_1_20' title="bbox 1863 643 3400 719">
     <span class='ocr_line' id='line_1_20' title="bbox 1863 643 3400 719; baseline -0.001 -18"><span class='ocrx_word' id='word_1_122' title='bbox 1863 653 1948 701; x_wconf 86' lang='lat' dir='ltr'><strong>ret</strong></span> <span class='ocrx_word' id='word_1_123' title='bbox 1987 665 2000 701; x_wconf 91' lang='lat'><strong>:</strong></span> <span class='ocrx_word' id='word_1_124' title='bbox 2035 644 2260 716; x_wconf 78' lang='lat' dir='ltr'><strong>Regiam</strong></span> <span class='ocrx_word' id='word_1_125' title='bbox 2292 643 2388 698; x_wconf 90' lang='lat' dir='ltr'><strong>tibi</strong></span> <span class='ocrx_word' id='word_1_126' title='bbox 2436 654 2750 698; x_wconf 76' lang='lat' dir='ltr'><strong>exornatam</strong></span> <span class='ocrx_word' id='word_1_127' title='bbox 2798 658 2862 699; x_wconf 88' lang='lat' dir='ltr'><strong>ac</strong></span> <span class='ocrx_word' id='word_1_128' title='bbox 2904 643 3183 719; x_wconf 83' lang='lat' dir='ltr'><strong>decentem</strong></span> <span class='ocrx_word' id='word_1_129' title='bbox 3221 660 3400 714; x_wconf 65' lang='grc' dir='ltr'><strong>ραι-ενι</strong></span> 
     </span>
    </p>
   </div>
   <div class='ocr_carea' id='block_1_21' title="bbox 1864 732 3431 805">
    <p class='ocr_par' dir='ltr' id='par_1_21' title="bbox 1864 732 3431 805">
     <span class='ocr_line' id='line_1_21' title="bbox 1864 732 3431 805; baseline -0.001 -15"><span class='ocrx_word' id='word_1_130' title='bbox 1864 744 2016 790; x_wconf 92' lang='lat' dir='ltr'><strong>tuam</strong></span> <span class='ocrx_word' id='word_1_131' title='bbox 2049 744 2248 805; x_wconf 82' lang='lat' dir='ltr'><strong>exopto</strong></span> <span class='ocrx_word' id='word_1_132' title='bbox 2281 734 2649 803; x_wconf 71' lang='lat' dir='ltr'><strong>prtesentiam,</strong></span> <span class='ocrx_word' id='word_1_133' title='bbox 2683 750 2716 786; x_wconf 91' lang='lat' dir='ltr'><strong>o</strong></span> <span class='ocrx_word' id='word_1_134' title='bbox 2743 732 3002 798; x_wconf 81' lang='lat' dir='ltr'><strong>Domine,</strong></span> <span class='ocrx_word' id='word_1_135' title='bbox 3045 744 3194 788; x_wconf 88' lang='lat' dir='ltr'><strong>tuum</strong></span> <span class='ocrx_word' id='word_1_136' title='bbox 3230 735 3431 788; x_wconf 81' lang='lat' dir='ltr'><strong>adven-</strong></span> 
     </span>
    </p>
   </div>
   <div class='ocr_carea' id='block_1_22' title="bbox 1865 824 3431 898">
    <p class='ocr_par' dir='ltr' id='par_1_22' title="bbox 1865 824 3431 898">
     <span class='ocr_line' id='line_1_22' title="bbox 1865 824 3431 898; baseline -0.001 -15"><span class='ocrx_word' id='word_1_137' title='bbox 1865 837 1981 884; x_wconf 92' lang='lat' dir='ltr'><strong>tum</strong></span> <span class='ocrx_word' id='word_1_138' title='bbox 2011 836 2227 898; x_wconf 80' lang='lat' dir='ltr'><strong>expeto,</strong></span> <span class='ocrx_word' id='word_1_139' title='bbox 2258 835 2500 897; x_wconf 90' lang='lat' dir='ltr'><strong>optatum</strong></span> <span class='ocrx_word' id='word_1_140' title='bbox 2529 825 2786 882; x_wconf 88' lang='lat' dir='ltr'><strong>concede.</strong></span> <span class='ocrx_word' id='word_1_141' title='bbox 2815 824 3255 880; x_wconf 85' lang='lat' dir='ltr'><strong>Perambatabam</strong></span> <span class='ocrx_word' id='word_1_142' title='bbox 3277 830 3330 882; x_wconf 87' lang='lat' dir='ltr'><strong>in</strong></span> <span class='ocrx_word' id='word_1_143' title='bbox 3358 827 3431 881; x_wconf 84' lang='lat' dir='ltr'><strong>in-</strong></span> 
     </span>
    </p>
   </div>
   <div class='ocr_carea' id='block_1_23' title="bbox 1867 917 3434 986">
    <p class='ocr_par' dir='ltr' id='par_1_23' title="bbox 1867 917 3434 986">
     <span class='ocr_line' id='line_1_23' title="bbox 1867 917 3434 986; baseline -0.002 -10"><span class='ocrx_word' id='word_1_144' title='bbox 1867 921 2110 977; x_wconf 82' lang='lat' dir='ltr'><strong>nocentia</strong></span> <span class='ocrx_word' id='word_1_145' title='bbox 2133 919 2307 974; x_wconf 74' lang='lat' dir='ltr'><strong>cordis</strong></span> <span class='ocrx_word' id='word_1_146' title='bbox 2331 919 2506 973; x_wconf 84' lang='lat' dir='ltr'><strong>meiin</strong></span> <span class='ocrx_word' id='word_1_147' title='bbox 2537 917 2707 972; x_wconf 83' lang='lat' dir='ltr'><strong>medio</strong></span> <span class='ocrx_word' id='word_1_148' title='bbox 2737 918 2923 972; x_wconf 75' lang='lat' dir='ltr'><strong>domus</strong></span> <span class='ocrx_word' id='word_1_149' title='bbox 2950 935 3103 986; x_wconf 76' lang='lat' dir='ltr'><strong>mete,</strong></span> <span class='ocrx_word' id='word_1_150' title='bbox 3149 929 3252 972; x_wconf 87' lang='lat' dir='ltr'><strong>etc.</strong></span> <span class='ocrx_word' id='word_1_151' title='bbox 3303 918 3434 973; x_wconf 88' lang='lat' dir='ltr'><strong>Nul-</strong></span> 
     </span>
    </p>
   </div>
   <div class='ocr_carea' id='block_1_24' title="bbox 1867 1008 3435 1080">
    <p class='ocr_par' dir='ltr' id='par_1_24' title="bbox 1867 1008 3435 1080">
     <span class='ocr_line' id='line_1_24' title="bbox 1867 1008 3435 1080; baseline -0.001 -14"><span class='ocrx_word' id='word_1_152' title='bbox 1867 1010 1998 1074; x_wconf 86' lang='lat' dir='ltr'><strong>l’am,</strong></span> <span class='ocrx_word' id='word_1_153' title='bbox 2021 1009 2216 1080; x_wconf 91' lang='lat' dir='ltr'><strong>inquit,</strong></span> <span class='ocrx_word' id='word_1_154' title='bbox 2249 1008 2507 1080; x_wconf 88' lang='lat' dir='ltr'><strong>injustam</strong></span> <span class='ocrx_word' id='word_1_155' title='bbox 2533 1008 2920 1079; x_wconf 84' lang='lat' dir='ltr'><strong>cogitationem</strong></span> <span class='ocrx_word' id='word_1_156' title='bbox 2950 1024 3159 1064; x_wconf 88' lang='lat' dir='ltr'><strong>mecum</strong></span> <span class='ocrx_word' id='word_1_157' title='bbox 3189 1010 3435 1064; x_wconf 75' lang='lat' dir='ltr'><strong>habitare</strong></span> 
     </span>
    </p>
   </div>
   <div class='ocr_carea' id='block_1_25' title="bbox 1869 1101 3436 1172">
    <p class='ocr_par' dir='ltr' id='par_1_25' title="bbox 1869 1101 3436 1172">
     <span class='ocr_line' id='line_1_25' title="bbox 1869 1101 3436 1172; baseline -0.003 -11"><span class='ocrx_word' id='word_1_158' title='bbox 1869 1103 2255 1169; x_wconf 85' lang='lat' dir='ltr'><strong>concedeham,</strong></span> <span class='ocrx_word' id='word_1_159' title='bbox 2288 1101 2381 1157; x_wconf 88' lang='lat' dir='ltr'><strong>sed</strong></span> <span class='ocrx_word' id='word_1_160' title='bbox 2409 1116 2531 1156; x_wconf 88' lang='lat' dir='ltr'><strong>cum</strong></span> <span class='ocrx_word' id='word_1_161' title='bbox 2556 1102 2790 1172; x_wconf 75' lang='lat' dir='ltr'><strong>puritate</strong></span> <span class='ocrx_word' id='word_1_162' title='bbox 2812 1101 3180 1156; x_wconf 67' lang='lat' dir='ltr'><strong>ambulabant.</strong></span> <span class='ocrx_word' id='word_1_163' title='bbox 3209 1101 3436 1156; x_wconf 86' lang='lat' dir='ltr'><strong>Facien-</strong></span> 
     </span>
    </p>
   </div>
   <div class='ocr_carea' id='block_1_26' title="bbox 1871 1190 3436 1266">
    <p class='ocr_par' dir='ltr' id='par_1_26' title="bbox 1871 1190 3436 1266">
     <span class='ocr_line' id='line_1_26' title="bbox 1871 1190 3436 1266; baseline -0.003 -14"><span class='ocrx_word' id='word_1_164' title='bbox 1871 1208 1946 1252; x_wconf 76' lang='lat' dir='ltr'><strong>tes</strong></span> <span class='ocrx_word' id='word_1_165' title='bbox 1979 1196 2437 1266; x_wconf 75' lang='lat' dir='ltr'><strong>prwuaricationes</strong></span> <span class='ocrx_word' id='word_1_166' title='bbox 2472 1193 2631 1248; x_wconf 82' lang='lat' dir='ltr'><strong>odivi.</strong></span> <span class='ocrx_word' id='word_1_167' title='bbox 2687 1190 2913 1265; x_wconf 86' lang='lat' dir='ltr'><strong>Oportet</strong></span> <span class='ocrx_word' id='word_1_168' title='bbox 2942 1193 3084 1247; x_wconf 88' lang='lat' dir='ltr'><strong>enim</strong></span> <span class='ocrx_word' id='word_1_169' title='bbox 3118 1209 3224 1246; x_wconf 90' lang='lat' dir='ltr'><strong>non</strong></span> <span class='ocrx_word' id='word_1_170' title='bbox 3261 1195 3436 1248; x_wconf 83' lang='lat' dir='ltr'><strong>solum</strong></span> 
     </span>
    </p>
   </div>
   <div class='ocr_carea' id='block_1_27' title="bbox 1870 1285 3439 1357">
    <p class='ocr_par' dir='ltr' id='par_1_27' title="bbox 1870 1285 3439 1357">
     <span class='ocr_line' id='line_1_27' title="bbox 1870 1285 3439 1357; baseline -0.004 -11"><span class='ocrx_word' id='word_1_171' title='bbox 1870 1290 2144 1347; x_wconf 84' lang='lat' dir='ltr'><strong>abstinere</strong></span> <span class='ocrx_word' id='word_1_172' title='bbox 2170 1303 2204 1343; x_wconf 90' lang='lat' dir='ltr'><strong>a</strong></span> <span class='ocrx_word' id='word_1_173' title='bbox 2233 1287 2391 1343; x_wconf 88' lang='lat' dir='ltr'><strong>malis</strong></span> <span class='ocrx_word' id='word_1_174' title='bbox 2412 1325 2427 1352; x_wconf 91' lang='lat'><strong>,</strong></span> <span class='ocrx_word' id='word_1_175' title='bbox 2469 1286 2564 1343; x_wconf 85' lang='lat' dir='ltr'><strong>sed</strong></span> <span class='ocrx_word' id='word_1_176' title='bbox 2596 1287 2760 1342; x_wconf 88' lang='lat' dir='ltr'><strong>etiam</strong></span> <span class='ocrx_word' id='word_1_177' title='bbox 2799 1285 3038 1342; x_wconf 79' lang='lat' dir='ltr'><strong>aversari</strong></span> <span class='ocrx_word' id='word_1_178' title='bbox 3086 1301 3183 1341; x_wconf 91' lang='lat' dir='ltr'><strong>eos</strong></span> <span class='ocrx_word' id='word_1_179' title='bbox 3225 1287 3317 1357; x_wconf 89' lang='lat' dir='ltr'><strong>qui</strong></span> <span class='ocrx_word' id='word_1_180' title='bbox 3351 1288 3439 1340; x_wconf 79' lang='lat' dir='ltr'><strong>illa</strong></span> 
     </span>
    </p>
   </div>
   <div class='ocr_carea' id='block_1_28' title="bbox 1941 1471 3444 1542">
    <p class='ocr_par' dir='ltr' id='par_1_28' title="bbox 1941 1471 3444 1542">
     <span class='ocr_line' id='line_1_28' title="bbox 1941 1471 3444 1542; baseline -0.004 -12"><span class='ocrx_word' id='word_1_181' title='bbox 1941 1474 1998 1530; x_wconf 76' lang='grc'><strong>4.</strong></span> <span class='ocrx_word' id='word_1_182' title='bbox 2027 1471 2150 1527; x_wconf 86' lang='lat' dir='ltr'><strong>Non</strong></span> <span class='ocrx_word' id='word_1_183' title='bbox 2182 1473 2403 1527; x_wconf 61' lang='lat' dir='ltr'><strong>adlusit</strong></span> <span class='ocrx_word' id='word_1_184' title='bbox 2431 1472 2562 1527; x_wconf 83' lang='lat' dir='ltr'><strong>mihi</strong></span> <span class='ocrx_word' id='word_1_185' title='bbox 2593 1487 2684 1526; x_wconf 79' lang='lat' dir='ltr'><strong>cor</strong></span> <span class='ocrx_word' id='word_1_186' title='bbox 2714 1488 2955 1542; x_wconf 75' lang='lat' dir='ltr'><strong>pratum.</strong></span> <span class='ocrx_word' id='word_1_187' title='bbox 3005 1471 3210 1526; x_wconf 86' lang='lat' dir='ltr'><strong>Diaboli</strong></span> <span class='ocrx_word' id='word_1_188' title='bbox 3261 1473 3444 1526; x_wconf 87' lang='lat' dir='ltr'><strong>cousi-</strong></span> 
     </span>
    </p>
   </div>
   <div class='ocr_carea' id='block_1_29' title="bbox 1874 1565 3445 1637">
    <p class='ocr_par' dir='ltr' id='par_1_29' title="bbox 1874 1565 3445 1637">
     <span class='ocr_line' id='line_1_29' title="bbox 1874 1565 3445 1637; baseline -0.004 -14"><span class='ocrx_word' id='word_1_189' title='bbox 1874 1568 1947 1624; x_wconf 84' lang='lat' dir='ltr'><strong>lia</strong></span> <span class='ocrx_word' id='word_1_190' title='bbox 1969 1608 1986 1635; x_wconf 93' lang='lat'><strong>,</strong></span> <span class='ocrx_word' id='word_1_191' title='bbox 2018 1575 2202 1637; x_wconf 86' lang='lat' dir='ltr'><strong>utpote</strong></span> <span class='ocrx_word' id='word_1_192' title='bbox 2223 1581 2343 1635; x_wconf 71' lang='lat' dir='ltr'><strong>qua:</strong></span> <span class='ocrx_word' id='word_1_193' title='bbox 2375 1565 2506 1620; x_wconf 89' lang='lat' dir='ltr'><strong>recti</strong></span> <span class='ocrx_word' id='word_1_194' title='bbox 2540 1565 2674 1620; x_wconf 82' lang='lat' dir='ltr'><strong>nihil</strong></span> <span class='ocrx_word' id='word_1_195' title='bbox 2705 1565 2956 1630; x_wconf 83' lang='lat' dir='ltr'><strong>habeant,</strong></span> <span class='ocrx_word' id='word_1_196' title='bbox 3007 1580 3170 1634; x_wconf 79' lang='lat' dir='ltr'><strong>prava</strong></span> <span class='ocrx_word' id='word_1_197' title='bbox 3211 1575 3337 1618; x_wconf 88' lang='lat' dir='ltr'><strong>sunt</strong></span> <span class='ocrx_word' id='word_1_198' title='bbox 3390 1574 3445 1617; x_wconf 81' lang='lat' dir='ltr'><strong>ct</strong></span> 
     </span>
    </p>
   </div>
   <div class='ocr_carea' id='block_1_30' title="bbox 1876 1654 3445 1728">
    <p class='ocr_par' dir='ltr' id='par_1_30' title="bbox 1876 1654 3445 1728">
     <span class='ocr_line' id='line_1_30' title="bbox 1876 1654 3445 1728; baseline -0.001 -19"><span class='ocrx_word' id='word_1_199' title='bbox 1876 1669 2151 1728; x_wconf 83' lang='lat' dir='ltr'><strong>perversa,</strong></span> <span class='ocrx_word' id='word_1_200' title='bbox 2177 1669 2299 1725; x_wconf 72' lang='lat' dir='ltr'><strong>quae</strong></span> <span class='ocrx_word' id='word_1_201' title='bbox 2320 1669 2598 1724; x_wconf 86' lang='lat' dir='ltr'><strong>nunquam</strong></span> <span class='ocrx_word' id='word_1_202' title='bbox 2650 1654 2705 1708; x_wconf 90' lang='lat' dir='ltr'><strong>in</strong></span> <span class='ocrx_word' id='word_1_203' title='bbox 2733 1655 2896 1709; x_wconf 89' lang='lat' dir='ltr'><strong>corde</strong></span> <span class='ocrx_word' id='word_1_204' title='bbox 2918 1655 3131 1709; x_wconf 78' lang='lat' dir='ltr'><strong>admisi.</strong></span> <span class='ocrx_word' id='word_1_205' title='bbox 3164 1654 3445 1708; x_wconf 75' lang='lat' dir='ltr'><strong>Dt’dittun-</strong></span> 
     </span>
    </p>
   </div>
   <div class='ocr_carea' id='block_1_31' title="bbox 1879 1740 3444 1816">
    <p class='ocr_par' dir='ltr' id='par_1_31' title="bbox 1879 1740 3444 1816">
     <span class='ocr_line' id='line_1_31' title="bbox 1879 1740 3444 1816; baseline -0.001 -14"><span class='ocrx_word' id='word_1_206' title='bbox 1879 1759 1981 1803; x_wconf 84' lang='lat' dir='ltr'><strong>tem</strong></span> <span class='ocrx_word' id='word_1_207' title='bbox 2005 1763 2038 1800; x_wconf 90' lang='lat' dir='ltr'><strong>a</strong></span> <span class='ocrx_word' id='word_1_208' title='bbox 2065 1762 2147 1800; x_wconf 84' lang='lat' dir='ltr'><strong>me</strong></span> <span class='ocrx_word' id='word_1_209' title='bbox 2176 1744 2464 1816; x_wconf 78' lang='lat' dir='ltr'><strong>malignum</strong></span> <span class='ocrx_word' id='word_1_210' title='bbox 2510 1761 2614 1799; x_wconf 81' lang='lat' dir='ltr'><strong>non</strong></span> <span class='ocrx_word' id='word_1_211' title='bbox 2653 1740 3041 1816; x_wconf 79' lang='lat' dir='ltr'><strong>cognoscebam.</strong></span> <span class='ocrx_word' id='word_1_212' title='bbox 3099 1745 3176 1800; x_wconf 84' lang='lat' dir='ltr'><strong>Ita</strong></span> <span class='ocrx_word' id='word_1_213' title='bbox 3199 1788 3212 1808; x_wconf 91' lang='lat'><strong>,</strong></span> <span class='ocrx_word' id='word_1_214' title='bbox 3248 1747 3444 1814; x_wconf 74' lang='grc' dir='ltr'><strong>ἰηειιιὶι,</strong></span> 
     </span>
    </p>
   </div>
   <div class='ocr_carea' id='block_1_32' title="bbox 1879 1836 3446 1914">
    <p class='ocr_par' dir='ltr' id='par_1_32' title="bbox 1879 1836 3446 1914">
     <span class='ocr_line' id='line_1_32' title="bbox 1879 1836 3446 1914; baseline -0.004 -19"><span class='ocrx_word' id='word_1_215' title='bbox 1879 1839 2032 1895; x_wconf 86' lang='lat' dir='ltr'><strong>nihili</strong></span> <span class='ocrx_word' id='word_1_216' title='bbox 2055 1836 2319 1893; x_wconf 79' lang='lat' dir='ltr'><strong>faciebam</strong></span> <span class='ocrx_word' id='word_1_217' title='bbox 2347 1837 2642 1908; x_wconf 88' lang='lat' dir='ltr'><strong>malignos,</strong></span> <span class='ocrx_word' id='word_1_218' title='bbox 2669 1845 2727 1891; x_wconf 93' lang='lat' dir='ltr'><strong>ut</strong></span> <span class='ocrx_word' id='word_1_219' title='bbox 2752 1841 2940 1914; x_wconf 71' lang='lat' dir='ltr'><strong>eorum</strong></span> <span class='ocrx_word' id='word_1_220' title='bbox 2973 1838 3085 1892; x_wconf 68' lang='lat' dir='ltr'><strong>sive</strong></span> <span class='ocrx_word' id='word_1_221' title='bbox 3109 1837 3446 1906; x_wconf 75' lang='lat' dir='ltr'><strong>praesentiam</strong></span> 
     </span>
    </p>
   </div>
   <div class='ocr_carea' id='block_1_33' title="bbox 194 1923 1778 2002">
    <p class='ocr_par' dir='ltr' id='par_1_33' title="bbox 194 1923 1778 2002">
     <span class='ocr_line' id='line_1_33' title="bbox 194 1923 1778 2002; baseline 0.006 -27"><span class='ocrx_word' id='word_1_222' title='bbox 194 1923 349 1994; x_wconf 86' lang='grc' dir='ltr'><strong>μέρει</strong></span> <span class='ocrx_word' id='word_1_223' title='bbox 415 1924 718 1998; x_wconf 69' lang='grc' dir='ltr'><strong>ἐποιούμην</strong></span> <span class='ocrx_word' id='word_1_224' title='bbox 756 1926 881 1990; x_wconf 74' lang='grc' dir='ltr'><strong>τοὺς</strong></span> <span class='ocrx_word' id='word_1_225' title='bbox 910 1929 1197 1999; x_wconf 84' lang='grc' dir='ltr'><strong>πονηροὺς,</strong></span> <span class='ocrx_word' id='word_1_226' title='bbox 1257 1928 1332 1994; x_wconf 86' lang='grc' dir='ltr'><strong>ὼς</strong></span> <span class='ocrx_word' id='word_1_227' title='bbox 1384 1931 1478 1983; x_wconf 71' lang='grc' dir='ltr'><strong>καὶ</strong></span> <span class='ocrx_word' id='word_1_228' title='bbox 1501 1929 1600 2002; x_wconf 80' lang='grc' dir='ltr'><strong>την</strong></span> <span class='ocrx_word' id='word_1_229' title='bbox 1647 1947 1778 2002; x_wconf 85' lang='grc' dir='ltr'><strong>παρ-</strong></span> 
     </span>
    </p>
   </div>
   <div class='ocr_carea' id='block_1_34' title="bbox 1881 1923 3448 2002">
    <p class='ocr_par' dir='ltr' id='par_1_34' title="bbox 1881 1929 3448 2000">
     <span class='ocr_line' id='line_1_34' title="bbox 1881 1929 3448 2000; baseline -0.004 -13"><span class='ocrx_word' id='word_1_230' title='bbox 1881 1932 1995 1987; x_wconf 83' lang='lat' dir='ltr'><strong>sive</strong></span> <span class='ocrx_word' id='word_1_231' title='bbox 2029 1931 2332 1987; x_wconf 86' lang='lat' dir='ltr'><strong>absentiam</strong></span> <span class='ocrx_word' id='word_1_232' title='bbox 2360 1931 2690 2000; x_wconf 78' lang='lat' dir='ltr'><strong>ignorarem.</strong></span> <span class='ocrx_word' id='word_1_233' title='bbox 2727 1929 2907 1997; x_wconf 84' lang='lat' dir='ltr'><strong>Quare</strong></span> <span class='ocrx_word' id='word_1_234' title='bbox 2937 1930 3350 1983; x_wconf 60' lang='lat' dir='ltr'><strong>atscedentihus</strong></span> <span class='ocrx_word' id='word_1_235' title='bbox 3385 1929 3448 1981; x_wconf 88' lang='lat' dir='ltr'><strong>il-</strong></span> 
     </span>
    </p>
   </div>
   <div class='ocr_carea' id='block_1_35' title="bbox 192 2015 1778 2090">
    <p class='ocr_par' dir='ltr' id='par_1_35' title="bbox 192 2015 1778 2090">
     <span class='ocr_line' id='line_1_35' title="bbox 192 2015 1778 2090; baseline 0.006 -25"><span class='ocrx_word' id='word_1_236' title='bbox 192 2015 382 2067; x_wconf 83' lang='grc' dir='ltr'><strong>ουσίαν</strong></span> <span class='ocrx_word' id='word_1_237' title='bbox 432 2017 526 2069; x_wconf 77' lang='grc' dir='ltr'><strong>καὶ</strong></span> <span class='ocrx_word' id='word_1_238' title='bbox 569 2017 668 2088; x_wconf 80' lang='grc' dir='ltr'><strong>τὴν</strong></span> <span class='ocrx_word' id='word_1_239' title='bbox 721 2017 990 2073; x_wconf 82' lang='grc' dir='ltr'><strong>ἀπουσίαν</strong></span> <span class='ocrx_word' id='word_1_240' title='bbox 1039 2019 1219 2073; x_wconf 85' lang='grc' dir='ltr'><strong>αὐτῶν</strong></span> <span class='ocrx_word' id='word_1_241' title='bbox 1269 2021 1503 2090; x_wconf 77' lang='grc' dir='ltr'><strong>ἀγνοεῖνο</strong></span> <span class='ocrx_word' id='word_1_242' title='bbox 1553 2021 1634 2074; x_wconf 83' lang='grc' dir='ltr'><strong>διὸ</strong></span> <span class='ocrx_word' id='word_1_243' title='bbox 1683 2021 1778 2075; x_wconf 72' lang='grc' dir='ltr'><strong>ναὶ</strong></span> 
     </span>
    </p>
   </div>
   <div class='ocr_carea' id='block_1_36' title="bbox 195 2105 1778 2188">
    <p class='ocr_par' dir='ltr' id='par_1_36' title="bbox 195 2105 1778 2188">
     <span class='ocr_line' id='line_1_36' title="bbox 195 2105 1778 2188; baseline 0.008 -31"><span class='ocrx_word' id='word_1_244' title='bbox 195 2105 550 2179; x_wconf 79' lang='grc' dir='ltr'><strong>ἁπαιρόντων</strong></span> <span class='ocrx_word' id='word_1_245' title='bbox 597 2109 698 2163; x_wconf 83' lang='grc' dir='ltr'><strong>οὐκ</strong></span> <span class='ocrx_word' id='word_1_246' title='bbox 743 2111 1059 2179; x_wconf 75' lang='grc' dir='ltr'><strong>ἐγίνωσκον,</strong></span> <span class='ocrx_word' id='word_1_247' title='bbox 1092 2112 1288 2168; x_wconf 83' lang='grc' dir='ltr'><strong>ούκοῦν</strong></span> <span class='ocrx_word' id='word_1_248' title='bbox 1335 2115 1457 2169; x_wconf 80' lang='grc' dir='ltr'><strong>οὐδὲ</strong></span> <span class='ocrx_word' id='word_1_249' title='bbox 1497 2117 1778 2188; x_wconf 77' lang='grc' dir='ltr'><strong>παρόντων</strong></span> 
     </span>
    </p>
   </div>
   <div class='ocr_carea' id='block_1_37' title="bbox 195 2195 1783 2274">
    <p class='ocr_par' dir='ltr' id='par_1_37' title="bbox 195 2195 1783 2274">
     <span class='ocr_line' id='line_1_37' title="bbox 195 2195 1783 2274; baseline 0.007 -27"><span class='ocrx_word' id='word_1_250' title='bbox 195 2195 243 2248; x_wconf 83' lang='grc' dir='ltr'><strong>εί</strong></span> <span class='ocrx_word' id='word_1_251' title='bbox 274 2196 534 2268; x_wconf 81' lang='grc' dir='ltr'><strong>παρῆσαν</strong></span> <span class='ocrx_word' id='word_1_252' title='bbox 556 2198 869 2268; x_wconf 76' lang='grc' dir='ltr'><strong>ἐγίνωσκον.</strong></span> <span class='ocrx_word' id='word_1_253' title='bbox 902 2201 1128 2274; x_wconf 84' lang='grc' dir='ltr'><strong>Γνώμης</strong></span> <span class='ocrx_word' id='word_1_254' title='bbox 1152 2203 1209 2256; x_wconf 82' lang='grc' dir='ltr'><strong>δὲ</strong></span> <span class='ocrx_word' id='word_1_255' title='bbox 1241 2204 1515 2271; x_wconf 78' lang='grc' dir='ltr'><strong>ἀπόδειξις</strong></span> <span class='ocrx_word' id='word_1_256' title='bbox 1568 2207 1783 2260; x_wconf 83' lang='grc' dir='ltr'><strong>ἀνακει-</strong></span> 
     </span>
    </p>
   </div>
   <div class='ocr_carea' id='block_1_38' title="bbox 199 2286 1782 2367">
    <p class='ocr_par' dir='ltr' id='par_1_38' title="bbox 199 2286 1782 2367">
     <span class='ocr_line' id='line_1_38' title="bbox 199 2286 1782 2367; baseline 0.009 -28"><span class='ocrx_word' id='word_1_257' title='bbox 199 2286 368 2360; x_wconf 90' lang='grc' dir='ltr'><strong>μένης</strong></span> <span class='ocrx_word' id='word_1_258' title='bbox 406 2288 528 2360; x_wconf 80' lang='grc' dir='ltr'><strong>Θεῷ</strong></span> <span class='ocrx_word' id='word_1_259' title='bbox 557 2291 618 2344; x_wconf 81' lang='grc' dir='ltr'><strong>τὸ</strong></span> <span class='ocrx_word' id='word_1_260' title='bbox 637 2291 744 2345; x_wconf 82' lang='grc' dir='ltr'><strong>τῶν</strong></span> <span class='ocrx_word' id='word_1_261' title='bbox 774 2294 924 2347; x_wconf 72' lang='grc' dir='ltr'><strong>κάτω</strong></span> <span class='ocrx_word' id='word_1_262' title='bbox 955 2294 1157 2366; x_wconf 79' lang='grc' dir='ltr'><strong>μηδένα</strong></span> <span class='ocrx_word' id='word_1_263' title='bbox 1193 2296 1460 2352; x_wconf 78' lang='grc' dir='ltr'><strong>ποιεῖσθαι</strong></span> <span class='ocrx_word' id='word_1_264' title='bbox 1512 2298 1667 2367; x_wconf 78' lang='grc' dir='ltr'><strong>λόγον</strong></span> <span class='ocrx_word' id='word_1_265' title='bbox 1694 2299 1782 2353; x_wconf 74' lang='grc' dir='ltr'><strong>διὰ</strong></span> 
     </span>
    </p>
   </div>
   <div class='ocr_carea' id='block_1_39' title="bbox 195 2379 844 2456">
    <p class='ocr_par' dir='ltr' id='par_1_39' title="bbox 195 2379 844 2456">
     <span class='ocr_line' id='line_1_39' title="bbox 195 2379 844 2456; baseline 0.008 -23"><span class='ocrx_word' id='word_1_266' title='bbox 195 2379 296 2451; x_wconf 70' lang='grc' dir='ltr'><strong>τὴν</strong></span> <span class='ocrx_word' id='word_1_267' title='bbox 319 2380 531 2435; x_wconf 76' lang='grc' dir='ltr'><strong>ἄνωθεν</strong></span> <span class='ocrx_word' id='word_1_268' title='bbox 568 2386 844 2456; x_wconf 76' lang='grc' dir='ltr'><strong>προσοχήν</strong></span> 
     </span>
    </p>
   </div>
   <div class='ocr_carea' id='block_1_40' title="bbox 271 2469 1781 2550">
    <p class='ocr_par' dir='ltr' id='par_1_40' title="bbox 271 2469 1781 2550">
     <span class='ocr_line' id='line_1_40' title="bbox 271 2469 1781 2550; baseline 0.011 -26"><span class='ocrx_word' id='word_1_269' title='bbox 271 2469 390 2524; x_wconf 78' lang='grc' dir='ltr'><strong>Τὸν</strong></span> <span class='ocrx_word' id='word_1_270' title='bbox 416 2475 878 2530; x_wconf 79' lang='grc' dir='ltr'><strong>καταλαλοῦντα</strong></span> <span class='ocrx_word' id='word_1_271' title='bbox 909 2475 1100 2546; x_wconf 77' lang='grc' dir='ltr'><strong>λάθρα</strong></span> <span class='ocrx_word' id='word_1_272' title='bbox 1135 2478 1242 2535; x_wconf 82' lang='grc' dir='ltr'><strong>τοῦ</strong></span> <span class='ocrx_word' id='word_1_273' title='bbox 1281 2482 1551 2550; x_wconf 71' lang='grc' dir='ltr'><strong>πλησίον</strong></span> <span class='ocrx_word' id='word_1_274' title='bbox 1571 2484 1781 2549; x_wconf 82' lang='grc' dir='ltr'><strong>αὐτοῦ,</strong></span> 
     </span>
    </p>
   </div>
   <div class='ocr_carea' id='block_1_41' title="bbox 201 2561 1782 2646">
    <p class='ocr_par' dir='ltr' id='par_1_41' title="bbox 201 2561 1782 2646">
     <span class='ocr_line' id='line_1_41' title="bbox 201 2561 1782 2646; baseline 0.009 -30"><span class='ocrx_word' id='word_1_275' title='bbox 201 2561 421 2618; x_wconf 81' lang='grc' dir='ltr'><strong>τοῦτον</strong></span> <span class='ocrx_word' id='word_1_276' title='bbox 454 2564 794 2629; x_wconf 75' lang='grc' dir='ltr'><strong>ἐξεδίωκον.</strong></span> <span class='ocrx_word' id='word_1_277' title='bbox 829 2568 942 2634; x_wconf 78' lang='grc' dir='ltr'><strong>Τὰς</strong></span> <span class='ocrx_word' id='word_1_278' title='bbox 979 2569 1038 2625; x_wconf 63' lang='grc' dir='ltr'><strong>δὲ</strong></span> <span class='ocrx_word' id='word_1_279' title='bbox 1081 2571 1257 2644; x_wconf 80' lang='grc' dir='ltr'><strong>λάθρα</strong></span> <span class='ocrx_word' id='word_1_280' title='bbox 1311 2573 1601 2646; x_wconf 76' lang='grc' dir='ltr'><strong>γινομένας</strong></span> <span class='ocrx_word' id='word_1_281' title='bbox 1650 2593 1782 2630; x_wconf 79' lang='grc' dir='ltr'><strong>κατ-</strong></span> 
     </span>
    </p>
   </div>
   <div class='ocr_carea' id='block_1_42' title="bbox 201 2657 1784 2742">
    <p class='ocr_par' dir='ltr' id='par_1_42' title="bbox 201 2657 1784 2742">
     <span class='ocr_line' id='line_1_42' title="bbox 201 2657 1784 2742; baseline 0.008 -33"><span class='ocrx_word' id='word_1_282' title='bbox 201 2657 436 2729; x_wconf 83' lang='grc' dir='ltr'><strong>ηγορίας</strong></span> <span class='ocrx_word' id='word_1_283' title='bbox 451 2659 515 2713; x_wconf 80' lang='grc' dir='ltr'><strong>ού</strong></span> <span class='ocrx_word' id='word_1_284' title='bbox 539 2660 864 2734; x_wconf 72' lang='grc' dir='ltr'><strong>προσιέμην,</strong></span> <span class='ocrx_word' id='word_1_285' title='bbox 896 2661 1032 2718; x_wconf 77' lang='grc' dir='ltr'><strong>ἀλλὰ</strong></span> <span class='ocrx_word' id='word_1_286' title='bbox 1068 2664 1194 2729; x_wconf 84' lang='grc' dir='ltr'><strong>τοὺς</strong></span> <span class='ocrx_word' id='word_1_287' title='bbox 1226 2664 1384 2719; x_wconf 90' lang='grc' dir='ltr'><strong>τοῦτο</strong></span> <span class='ocrx_word' id='word_1_288' title='bbox 1414 2666 1546 2739; x_wconf 76' lang='grc' dir='ltr'><strong>δρᾷν</strong></span> <span class='ocrx_word' id='word_1_289' title='bbox 1579 2685 1784 2742; x_wconf 79' lang='grc' dir='ltr'><strong>πειρωο</strong></span> 
     </span>
    </p>
   </div>
   <div class='ocr_carea' id='block_1_43' title="bbox 207 2749 1783 2830">
    <p class='ocr_par' dir='ltr' id='par_1_43' title="bbox 207 2749 1783 2830">
     <span class='ocr_line' id='line_1_43' title="bbox 207 2749 1783 2830; baseline 0.008 -27"><span class='ocrx_word' id='word_1_290' title='bbox 207 2751 404 2819; x_wconf 79' lang='grc' dir='ltr'><strong>μένους</strong></span> <span class='ocrx_word' id='word_1_291' title='bbox 465 2749 777 2823; x_wconf 76' lang='grc' dir='ltr'><strong>έξηλαυνον.</strong></span> <span class='ocrx_word' id='word_1_292' title='bbox 862 2754 1256 2825; x_wconf 74' lang='grc' dir='ltr'><strong>’Υπερηςοάνῳ</strong></span> <span class='ocrx_word' id='word_1_293' title='bbox 1332 2758 1620 2830; x_wconf 65' lang='grc' dir='ltr'><strong>ὀφθαλμῷ</strong></span> <span class='ocrx_word' id='word_1_294' title='bbox 1683 2763 1783 2816; x_wconf 71' lang='grc' dir='ltr'><strong>καὶ</strong></span> 
     </span>
    </p>
   </div>
   <div class='ocr_carea' id='block_1_44' title="bbox 203 2839 1784 2924">
    <p class='ocr_par' dir='ltr' id='par_1_44' title="bbox 203 2839 1784 2924">
     <span class='ocr_line' id='line_1_44' title="bbox 203 2839 1784 2924; baseline 0.008 -31"><span class='ocrx_word' id='word_1_295' title='bbox 203 2839 500 2906; x_wconf 74' lang='grc' dir='ltr'><strong>ἀπλήστῳ</strong></span> <span class='ocrx_word' id='word_1_296' title='bbox 529 2841 764 2912; x_wconf 75' lang='grc' dir='ltr'><strong>καρδίᾳ,</strong></span> <span class='ocrx_word' id='word_1_297' title='bbox 792 2844 983 2911; x_wconf 82' lang='grc' dir='ltr'><strong>τούτῳ</strong></span> <span class='ocrx_word' id='word_1_298' title='bbox 1004 2846 1078 2899; x_wconf 83' lang='grc' dir='ltr'><strong>οὐ</strong></span> <span class='ocrx_word' id='word_1_299' title='bbox 1113 2846 1474 2916; x_wconf 81' lang='grc' dir='ltr'><strong>συνήσθιον.</strong></span> <span class='ocrx_word' id='word_1_300' title='bbox 1509 2847 1647 2904; x_wconf 77' lang='grc' dir='ltr'><strong>Οὔτε</strong></span> <span class='ocrx_word' id='word_1_301' title='bbox 1679 2850 1784 2924; x_wconf 76' lang='grc' dir='ltr'><strong>μὴν</strong></span> 
     </span>
    </p>
   </div>
   <div class='ocr_carea' id='block_1_45' title="bbox 203 2931 1785 3015">
    <p class='ocr_par' dir='ltr' id='par_1_45' title="bbox 203 2931 1785 3015">
     <span class='ocr_line' id='line_1_45' title="bbox 203 2931 1785 3015; baseline 0.008 -31"><span class='ocrx_word' id='word_1_302' title='bbox 203 2933 328 2996; x_wconf 77' lang='grc' dir='ltr'><strong>τοὺς</strong></span> <span class='ocrx_word' id='word_1_303' title='bbox 377 2931 667 3007; x_wconf 74' lang='grc' dir='ltr'><strong>ἀλαζονείᾳ</strong></span> <span class='ocrx_word' id='word_1_304' title='bbox 697 2935 795 2992; x_wconf 77' lang='grc' dir='ltr'><strong>καὶ</strong></span> <span class='ocrx_word' id='word_1_305' title='bbox 835 2935 1120 3011; x_wconf 72' lang='grc' dir='ltr'><strong>πλεονεξίᾳ</strong></span> <span class='ocrx_word' id='word_1_306' title='bbox 1145 2940 1462 3012; x_wconf 72' lang='grc' dir='ltr'><strong>χρωμένους</strong></span> <span class='ocrx_word' id='word_1_307' title='bbox 1487 2943 1785 3015; x_wconf 73' lang='grc' dir='ltr'><strong>έποιούμην</strong></span> 
     </span>
    </p>
   </div>
   <div class='ocr_carea' id='block_1_46' title="bbox 207 3022 514 3088">
    <p class='ocr_par' dir='ltr' id='par_1_46' title="bbox 207 3022 514 3088">
     <span class='ocr_line' id='line_1_46' title="bbox 207 3022 514 3088; baseline 0.013 -15"><span class='ocrx_word' id='word_1_308' title='bbox 207 3022 514 3088; x_wconf 79' lang='grc' dir='ltr'><strong>συσσίτους.</strong></span> 
     </span>
    </p>
   </div>
   <div class='ocr_carea' id='block_1_47' title="bbox 277 3117 1788 3197">
    <p class='ocr_par' dir='ltr' id='par_1_47' title="bbox 277 3117 1788 3197">
     <span class='ocr_line' id='line_1_47' title="bbox 277 3117 1788 3197; baseline 0.012 -29"><span class='ocrx_word' id='word_1_309' title='bbox 277 3118 342 3169; x_wconf 84' lang='grc' dir='ltr'><strong>οι</strong></span> <span class='ocrx_word' id='word_1_310' title='bbox 371 3117 670 3187; x_wconf 64' lang='grc' dir='ltr'><strong>ὀφθαλμοί</strong></span> <span class='ocrx_word' id='word_1_311' title='bbox 691 3136 814 3189; x_wconf 79' lang='grc' dir='ltr'><strong>μου</strong></span> <span class='ocrx_word' id='word_1_312' title='bbox 870 3120 968 3175; x_wconf 71' lang='grc' dir='ltr'><strong>ἐπὶ</strong></span> <span class='ocrx_word' id='word_1_313' title='bbox 1031 3121 1175 3190; x_wconf 83' lang='grc' dir='ltr'><strong>τοὺς</strong></span> <span class='ocrx_word' id='word_1_314' title='bbox 1207 3123 1462 3191; x_wconf 77' lang='grc' dir='ltr'><strong>πιστοὺς</strong></span> <span class='ocrx_word' id='word_1_315' title='bbox 1523 3123 1633 3193; x_wconf 81' lang='grc' dir='ltr'><strong>τῆς</strong></span> <span class='ocrx_word' id='word_1_316' title='bbox 1674 3125 1788 3197; x_wconf 76' lang='grc' dir='ltr'><strong>τῆς</strong></span> 
     </span>
    </p>
   </div>
   <div class='ocr_carea' id='block_1_48' title="bbox 1883 2017 3449 2088">
    <p class='ocr_par' dir='ltr' id='par_1_48' title="bbox 1883 2017 3449 2088">
     <span class='ocr_line' id='line_1_48' title="bbox 1883 2017 3449 2088; baseline -0.001 -16"><span class='ocrx_word' id='word_1_317' title='bbox 1883 2019 1950 2074; x_wconf 88' lang='lat' dir='ltr'><strong>lis</strong></span> <span class='ocrx_word' id='word_1_318' title='bbox 1971 2032 2080 2072; x_wconf 91' lang='lat' dir='ltr'><strong>non</strong></span> <span class='ocrx_word' id='word_1_319' title='bbox 2111 2017 2529 2088; x_wconf 82' lang='lat' dir='ltr'><strong>cognoscebam,</strong></span> <span class='ocrx_word' id='word_1_320' title='bbox 2557 2031 2622 2072; x_wconf 88' lang='lat' dir='ltr'><strong>ac</strong></span> <span class='ocrx_word' id='word_1_321' title='bbox 2646 2018 2898 2072; x_wconf 84' lang='lat' dir='ltr'><strong>similiter</strong></span> <span class='ocrx_word' id='word_1_322' title='bbox 2923 2019 3134 2073; x_wconf 86' lang='lat' dir='ltr'><strong>etiamsi</strong></span> <span class='ocrx_word' id='word_1_323' title='bbox 3158 2029 3449 2087; x_wconf 72' lang='lat' dir='ltr'><strong>praesentes</strong></span> 
     </span>
    </p>
   </div>
   <div class='ocr_carea' id='block_1_49' title="bbox 1881 2107 3449 2177">
    <p class='ocr_par' dir='ltr' id='par_1_49' title="bbox 1881 2107 3449 2177">
     <span class='ocr_line' id='line_1_49' title="bbox 1881 2107 3449 2177; baseline 0.001 -18"><span class='ocrx_word' id='word_1_324' title='bbox 1881 2116 2084 2171; x_wconf 80' lang='lat' dir='ltr'><strong>essent,</strong></span> <span class='ocrx_word' id='word_1_325' title='bbox 2120 2107 2173 2162; x_wconf 88' lang='lat' dir='ltr'><strong>id</strong></span> <span class='ocrx_word' id='word_1_326' title='bbox 2204 2107 2546 2177; x_wconf 79' lang='lat' dir='ltr'><strong>ignorabam.</strong></span> <span class='ocrx_word' id='word_1_327' title='bbox 2612 2107 2806 2164; x_wconf 81' lang='lat' dir='ltr'><strong>Mentis</strong></span> <span class='ocrx_word' id='word_1_328' title='bbox 2833 2117 3013 2163; x_wconf 84' lang='lat' dir='ltr'><strong>autem</strong></span> <span class='ocrx_word' id='word_1_329' title='bbox 3045 2110 3098 2162; x_wconf 93' lang='lat' dir='ltr'><strong>in</strong></span> <span class='ocrx_word' id='word_1_330' title='bbox 3130 2108 3241 2163; x_wconf 90' lang='lat' dir='ltr'><strong>Deo</strong></span> <span class='ocrx_word' id='word_1_331' title='bbox 3276 2111 3449 2162; x_wconf 91' lang='lat' dir='ltr'><strong>consi-</strong></span> 
     </span>
    </p>
   </div>
   <div class='ocr_carea' id='block_1_50' title="bbox 1883 2201 3448 2272">
    <p class='ocr_par' dir='ltr' id='par_1_50' title="bbox 1883 2201 3448 2272">
     <span class='ocr_line' id='line_1_50' title="bbox 1883 2201 3448 2272; baseline -0.001 -17"><span class='ocrx_word' id='word_1_332' title='bbox 1883 2201 2077 2256; x_wconf 87' lang='lat' dir='ltr'><strong>stentis</strong></span> <span class='ocrx_word' id='word_1_333' title='bbox 2121 2210 2502 2272; x_wconf 73' lang='lat' dir='ltr'><strong>argumentum</strong></span> <span class='ocrx_word' id='word_1_334' title='bbox 2533 2208 2649 2265; x_wconf 87' lang='lat' dir='ltr'><strong>est,</strong></span> <span class='ocrx_word' id='word_1_335' title='bbox 2682 2210 2924 2257; x_wconf 83' lang='lat' dir='ltr'><strong>terrenas</strong></span> <span class='ocrx_word' id='word_1_336' title='bbox 2951 2218 3040 2257; x_wconf 89' lang='lat' dir='ltr'><strong>res</strong></span> <span class='ocrx_word' id='word_1_337' title='bbox 3070 2203 3204 2256; x_wconf 83' lang='lat' dir='ltr'><strong>nihil</strong></span> <span class='ocrx_word' id='word_1_338' title='bbox 3235 2214 3448 2266; x_wconf 85' lang='lat' dir='ltr'><strong>curare,</strong></span> 
     </span>
    </p>
   </div>
   <div class='ocr_carea' id='block_1_51' title="bbox 1883 2293 2575 2348">
    <p class='ocr_par' dir='ltr' id='par_1_51' title="bbox 1883 2293 2575 2348">
     <span class='ocr_line' id='line_1_51' title="bbox 1883 2293 2575 2348; baseline 0.001 -2"><span class='ocrx_word' id='word_1_339' title='bbox 1883 2293 1954 2346; x_wconf 88' lang='lat' dir='ltr'><strong>ob</strong></span> <span class='ocrx_word' id='word_1_340' title='bbox 1983 2293 2223 2347; x_wconf 87' lang='lat' dir='ltr'><strong>studium</strong></span> <span class='ocrx_word' id='word_1_341' title='bbox 2250 2293 2575 2348; x_wconf 64' lang='lat' dir='ltr'><strong>caelestium.</strong></span> 
     </span>
    </p>
   </div>
   <div class='ocr_carea' id='block_1_52' title="bbox 1959 2489 3455 2561">
    <p class='ocr_par' dir='ltr' id='par_1_52' title="bbox 1959 2489 3455 2561">
     <span class='ocr_line' id='line_1_52' title="bbox 1959 2489 3455 2561; baseline -0.001 -15"><span class='ocrx_word' id='word_1_342' title='bbox 1959 2490 2013 2546; x_wconf 86' lang='lat'><strong>5.</strong></span> <span class='ocrx_word' id='word_1_343' title='bbox 2057 2489 2430 2544; x_wconf 83' lang='lat' dir='ltr'><strong>Detrahentem</strong></span> <span class='ocrx_word' id='word_1_344' title='bbox 2453 2501 2654 2546; x_wconf 76' lang='lat' dir='ltr'><strong>secreto</strong></span> <span class='ocrx_word' id='word_1_345' title='bbox 2682 2493 2922 2561; x_wconf 73' lang='lat' dir='ltr'><strong>proximo</strong></span> <span class='ocrx_word' id='word_1_346' title='bbox 2953 2508 3077 2556; x_wconf 83' lang='lat' dir='ltr'><strong>suo,</strong></span> <span class='ocrx_word' id='word_1_347' title='bbox 3120 2491 3255 2545; x_wconf 79' lang='lat' dir='ltr'><strong>hanc</strong></span> <span class='ocrx_word' id='word_1_348' title='bbox 3282 2507 3455 2561; x_wconf 73' lang='lat' dir='ltr'><strong>perte-</strong></span> 
     </span>
    </p>
   </div>
   <div class='ocr_carea' id='block_1_53' title="bbox 1883 2581 3453 2654">
    <p class='ocr_par' dir='ltr' id='par_1_53' title="bbox 1883 2581 3453 2654">
     <span class='ocr_line' id='line_1_53' title="bbox 1883 2581 3453 2654; baseline -0.001 -18"><span class='ocrx_word' id='word_1_349' title='bbox 1883 2581 2101 2654; x_wconf 78' lang='lat' dir='ltr'><strong>quebar.</strong></span> <span class='ocrx_word' id='word_1_350' title='bbox 2154 2581 2548 2637; x_wconf 84' lang='lat' dir='ltr'><strong>Accusatioues</strong></span> <span class='ocrx_word' id='word_1_351' title='bbox 2594 2589 2806 2638; x_wconf 87' lang='lat' dir='ltr'><strong>occulte</strong></span> <span class='ocrx_word' id='word_1_352' title='bbox 2852 2583 3023 2637; x_wconf 82' lang='lat' dir='ltr'><strong>factas</strong></span> <span class='ocrx_word' id='word_1_353' title='bbox 3049 2599 3156 2636; x_wconf 88' lang='lat' dir='ltr'><strong>non</strong></span> <span class='ocrx_word' id='word_1_354' title='bbox 3202 2584 3453 2636; x_wconf 75' lang='lat' dir='ltr'><strong>admitte-</strong></span> 
     </span>
    </p>
   </div>
   <div class='ocr_carea' id='block_1_54' title="bbox 1888 2674 3452 2745">
    <p class='ocr_par' dir='ltr' id='par_1_54' title="bbox 1888 2674 3452 2745">
     <span class='ocr_line' id='line_1_54' title="bbox 1888 2674 3452 2745; baseline -0.002 -14"><span class='ocrx_word' id='word_1_355' title='bbox 1888 2676 2035 2740; x_wconf 92' lang='lat' dir='ltr'><strong>bam,</strong></span> <span class='ocrx_word' id='word_1_356' title='bbox 2073 2675 2185 2730; x_wconf 90' lang='lat' dir='ltr'><strong>imo</strong></span> <span class='ocrx_word' id='word_1_357' title='bbox 2210 2689 2339 2730; x_wconf 76' lang='lat' dir='ltr'><strong>vero</strong></span> <span class='ocrx_word' id='word_1_358' title='bbox 2368 2689 2463 2729; x_wconf 88' lang='lat' dir='ltr'><strong>eos</strong></span> <span class='ocrx_word' id='word_1_359' title='bbox 2493 2674 2585 2745; x_wconf 85' lang='lat' dir='ltr'><strong>qui</strong></span> <span class='ocrx_word' id='word_1_360' title='bbox 2612 2674 2739 2729; x_wconf 92' lang='lat' dir='ltr'><strong>huic</strong></span> <span class='ocrx_word' id='word_1_361' title='bbox 2774 2675 2850 2729; x_wconf 88' lang='lat' dir='ltr'><strong>rei</strong></span> <span class='ocrx_word' id='word_1_362' title='bbox 2880 2675 3083 2728; x_wconf 77' lang='lat' dir='ltr'><strong>dabant</strong></span> <span class='ocrx_word' id='word_1_363' title='bbox 3107 2689 3324 2743; x_wconf 89' lang='lat' dir='ltr'><strong>operam</strong></span> <span class='ocrx_word' id='word_1_364' title='bbox 3355 2691 3452 2728; x_wconf 83' lang='lat' dir='ltr'><strong>ex-</strong></span> 
     </span>
    </p>
   </div>
   <div class='ocr_carea' id='block_1_55' title="bbox 1888 2764 3454 2838">
    <p class='ocr_par' dir='ltr' id='par_1_55' title="bbox 1888 2764 3454 2838">
     <span class='ocr_line' id='line_1_55' title="bbox 1888 2764 3454 2838; baseline -0.002 -16"><span class='ocrx_word' id='word_1_365' title='bbox 1888 2767 2173 2838; x_wconf 75' lang='lat' dir='ltr'><strong>pellebam.</strong></span> <span class='ocrx_word' id='word_1_366' title='bbox 2198 2764 2433 2836; x_wconf 81' lang='lat' dir='ltr'><strong>Superbo</strong></span> <span class='ocrx_word' id='word_1_367' title='bbox 2456 2766 2608 2820; x_wconf 84' lang='lat' dir='ltr'><strong>oculo</strong></span> <span class='ocrx_word' id='word_1_368' title='bbox 2623 2778 2668 2821; x_wconf 86' lang='lat' dir='ltr'><strong>et</strong></span> <span class='ocrx_word' id='word_1_369' title='bbox 2692 2765 2984 2821; x_wconf 72' lang='lat' dir='ltr'><strong>insatiabili</strong></span> <span class='ocrx_word' id='word_1_370' title='bbox 3012 2767 3185 2832; x_wconf 87' lang='lat' dir='ltr'><strong>corde,</strong></span> <span class='ocrx_word' id='word_1_371' title='bbox 3216 2783 3332 2818; x_wconf 81' lang='lat' dir='ltr'><strong>ram</strong></span> <span class='ocrx_word' id='word_1_372' title='bbox 3358 2766 3454 2819; x_wconf 69' lang='lat' dir='ltr'><strong>leae</strong></span> 
     </span>
    </p>
   </div>
   <div class='ocr_carea' id='block_1_56' title="bbox 1889 2858 3456 2931">
    <p class='ocr_par' dir='ltr' id='par_1_56' title="bbox 1889 2858 3456 2931">
     <span class='ocr_line' id='line_1_56' title="bbox 1889 2858 3456 2931; baseline -0.002 -17"><span class='ocrx_word' id='word_1_373' title='bbox 1889 2876 1993 2914; x_wconf 85' lang='lat' dir='ltr'><strong>non</strong></span> <span class='ocrx_word' id='word_1_374' title='bbox 2018 2862 2256 2915; x_wconf 88' lang='lat' dir='ltr'><strong>edebam.</strong></span> <span class='ocrx_word' id='word_1_375' title='bbox 2294 2858 2655 2931; x_wconf 79' lang='lat' dir='ltr'><strong>Nequaquam</strong></span> <span class='ocrx_word' id='word_1_376' title='bbox 2687 2873 2785 2915; x_wconf 85' lang='lat' dir='ltr'><strong>eos</strong></span> <span class='ocrx_word' id='word_1_377' title='bbox 2807 2860 2899 2930; x_wconf 88' lang='lat' dir='ltr'><strong>qui</strong></span> <span class='ocrx_word' id='word_1_378' title='bbox 2927 2860 3232 2929; x_wconf 84' lang='lat' dir='ltr'><strong>arrogantia</strong></span> <span class='ocrx_word' id='word_1_379' title='bbox 3276 2870 3328 2912; x_wconf 87' lang='lat' dir='ltr'><strong>et</strong></span> <span class='ocrx_word' id='word_1_380' title='bbox 3363 2875 3456 2912; x_wconf 60' lang='lat' dir='ltr'><strong>suo</strong></span> 
     </span>
    </p>
   </div>
   <div class='ocr_carea' id='block_1_57' title="bbox 1887 2950 3088 3024">
    <p class='ocr_par' dir='ltr' id='par_1_57' title="bbox 1887 2950 3088 3024">
     <span class='ocr_line' id='line_1_57' title="bbox 1887 2950 3088 3024; baseline -0.003 -16"><span class='ocrx_word' id='word_1_381' title='bbox 1887 2951 2076 3024; x_wconf 85' lang='lat' dir='ltr'><strong>perbia</strong></span> <span class='ocrx_word' id='word_1_382' title='bbox 2101 2950 2406 3019; x_wconf 83' lang='lat' dir='ltr'><strong>tumebaut,</strong></span> <span class='ocrx_word' id='word_1_383' title='bbox 2430 2951 2690 3007; x_wconf 74' lang='lat' dir='ltr'><strong>convivas</strong></span> <span class='ocrx_word' id='word_1_384' title='bbox 2717 2951 3088 3007; x_wconf 87' lang='lat' dir='ltr'><strong>admittebam.</strong></span> 
     </span>
    </p>
   </div>
   <div class='ocr_carea' id='block_1_58' title="bbox 1959 3139 3453 3212">
    <p class='ocr_par' dir='ltr' id='par_1_58' title="bbox 1959 3139 3453 3212">
     <span class='ocr_line' id='line_1_58' title="bbox 1959 3139 3453 3212; baseline -0.003 -12"><span class='ocrx_word' id='word_1_385' title='bbox 1959 3143 2014 3200; x_wconf 86' lang='lat'><strong>6.</strong></span> <span class='ocrx_word' id='word_1_386' title='bbox 2051 3141 2206 3199; x_wconf 82' lang='lat' dir='ltr'><strong>Oculi</strong></span> <span class='ocrx_word' id='word_1_387' title='bbox 2243 3143 2347 3196; x_wconf 85' lang='lat' dir='ltr'><strong>mei</strong></span> <span class='ocrx_word' id='word_1_388' title='bbox 2383 3139 2453 3196; x_wconf 85' lang='lat' dir='ltr'><strong>ad</strong></span> <span class='ocrx_word' id='word_1_389' title='bbox 2483 3141 2664 3212; x_wconf 74' lang='lat' dir='ltr'><strong>ﬁdeles</strong></span> <span class='ocrx_word' id='word_1_390' title='bbox 2690 3151 2845 3196; x_wconf 69' lang='lat' dir='ltr'><strong>terra:</strong></span> <span class='ocrx_word' id='word_1_391' title='bbox 2891 3150 2947 3192; x_wconf 83' lang='lat' dir='ltr'><strong>at</strong></span> <span class='ocrx_word' id='word_1_392' title='bbox 2990 3140 3202 3195; x_wconf 71' lang='lat' dir='ltr'><strong>sedeant</strong></span> <span class='ocrx_word' id='word_1_393' title='bbox 3233 3157 3453 3196; x_wconf 85' lang='lat' dir='ltr'><strong>mecum.</strong></span> 
     </span>
    </p>
   </div>
   <div class='ocr_carea' id='block_1_59' title="bbox 204 3206 1778 3303">
    <p class='ocr_par' dir='ltr' id='par_1_59' title="bbox 204 3206 1778 3303">
     <span class='ocr_line' id='line_1_59' title="bbox 204 3206 1778 3303; baseline 0.008 -41"><span class='ocrx_word' id='word_1_394' title='bbox 204 3206 313 3264; x_wconf 82' lang='grc' dir='ltr'><strong>τοῦ</strong></span> <span class='ocrx_word' id='word_1_395' title='bbox 342 3210 764 3303; x_wconf 52' lang='lat' dir='ltr'><strong>maenada</strong></span> <span class='ocrx_word' id='word_1_396' title='bbox 787 3214 1011 3282; x_wconf 81' lang='grc' dir='ltr'><strong>αὐτοὺς</strong></span> <span class='ocrx_word' id='word_1_397' title='bbox 1031 3218 1160 3286; x_wconf 81' lang='grc' dir='ltr'><strong>μετ’</strong></span> <span class='ocrx_word' id='word_1_398' title='bbox 1195 3217 1362 3288; x_wconf 81' lang='grc' dir='ltr'><strong>ἐμοῦ.</strong></span> <span class='ocrx_word' id='word_1_399' title='bbox 1404 3219 1702 3292; x_wconf 82' lang='grc' dir='ltr'><strong>Συνεδρίων</strong></span> <span class='ocrx_word' id='word_1_400' title='bbox 1727 3220 1778 3276; x_wconf 74' lang='grc' dir='ltr'><strong>δέ</strong></span> 
     </span>
    </p>
   </div>
   <div class='ocr_carea' id='block_1_60' title="bbox 1881 3206 3461 3303">
    <p class='ocr_par' dir='ltr' id='par_1_60' title="bbox 1888 3231 3461 3303">
     <span class='ocr_line' id='line_1_60' title="bbox 1888 3231 3461 3303; baseline -0.003 -12"><span class='ocrx_word' id='word_1_401' title='bbox 1888 3234 2196 3291; x_wconf 88' lang='lat' dir='ltr'><strong>Consessus</strong></span> <span class='ocrx_word' id='word_1_402' title='bbox 2229 3243 2391 3303; x_wconf 87' lang='lat' dir='ltr'><strong>atque</strong></span> <span class='ocrx_word' id='word_1_403' title='bbox 2436 3231 2656 3289; x_wconf 87' lang='lat' dir='ltr'><strong>consilii</strong></span> <span class='ocrx_word' id='word_1_404' title='bbox 2703 3246 2920 3286; x_wconf 87' lang='lat' dir='ltr'><strong>mecum</strong></span> <span class='ocrx_word' id='word_1_405' title='bbox 2973 3232 3262 3302; x_wconf 87' lang='lat' dir='ltr'><strong>participes</strong></span> <span class='ocrx_word' id='word_1_406' title='bbox 3305 3242 3461 3288; x_wconf 88' lang='lat' dir='ltr'><strong>erant</strong></span> 
     </span>
    </p>
   </div>
   <div class='ocr_carea' id='block_1_61' title="bbox 210 3301 1775 3383">
    <p class='ocr_par' dir='ltr' id='par_1_61' title="bbox 210 3301 1775 3383">
     <span class='ocr_line' id='line_1_61' title="bbox 210 3301 1775 3383; baseline 0.008 -31"><span class='ocrx_word' id='word_1_407' title='bbox 210 3316 301 3371; x_wconf 82' lang='grc' dir='ltr'><strong>μοι</strong></span> <span class='ocrx_word' id='word_1_408' title='bbox 357 3301 451 3354; x_wconf 79' lang='grc' dir='ltr'><strong>καὶ</strong></span> <span class='ocrx_word' id='word_1_409' title='bbox 484 3302 677 3374; x_wconf 81' lang='grc' dir='ltr'><strong>βουλῆς</strong></span> <span class='ocrx_word' id='word_1_410' title='bbox 709 3304 1029 3361; x_wconf 71' lang='grc' dir='ltr'><strong>ικοινὼνουν</strong></span> <span class='ocrx_word' id='word_1_411' title='bbox 1055 3309 1107 3362; x_wconf 77' lang='lat' dir='ltr'><strong>oi</strong></span> <span class='ocrx_word' id='word_1_412' title='bbox 1154 3309 1332 3364; x_wconf 77' lang='grc' dir='ltr'><strong>πίστει</strong></span> <span class='ocrx_word' id='word_1_413' title='bbox 1391 3311 1775 3383; x_wconf 83' lang='grc' dir='ltr'><strong>κοσμούμενοι,</strong></span> 
     </span>
    </p>
   </div>
   <div class='ocr_carea' id='block_1_62' title="bbox 207 3394 1783 3478">
    <p class='ocr_par' dir='ltr' id='par_1_62' title="bbox 207 3394 1783 3478">
     <span class='ocr_line' id='line_1_62' title="bbox 207 3394 1783 3478; baseline 0.008 -32"><span class='ocrx_word' id='word_1_414' title='bbox 207 3394 303 3447; x_wconf 76' lang='lat' dir='ltr'><strong>aut</strong></span> <span class='ocrx_word' id='word_1_415' title='bbox 336 3394 468 3466; x_wconf 83' lang='grc' dir='ltr'><strong>περὶ</strong></span> <span class='ocrx_word' id='word_1_416' title='bbox 501 3395 694 3449; x_wconf 84' lang='grc' dir='ltr'><strong>πολλοῦ</strong></span> <span class='ocrx_word' id='word_1_417' title='bbox 713 3397 780 3451; x_wconf 82' lang='grc' dir='ltr'><strong>τὰ</strong></span> <span class='ocrx_word' id='word_1_418' title='bbox 801 3396 920 3452; x_wconf 77' lang='grc' dir='ltr'><strong>θεῖα</strong></span> <span class='ocrx_word' id='word_1_419' title='bbox 951 3401 1282 3472; x_wconf 77' lang='grc' dir='ltr'><strong>ποιούμενοι.</strong></span> <span class='ocrx_word' id='word_1_420' title='bbox 1316 3403 1379 3458; x_wconf 79' lang='lat' dir='ltr'><strong>Oi</strong></span> <span class='ocrx_word' id='word_1_421' title='bbox 1418 3402 1478 3457; x_wconf 70' lang='grc' dir='ltr'><strong>δὲ</strong></span> <span class='ocrx_word' id='word_1_422' title='bbox 1509 3405 1586 3478; x_wconf 80' lang='grc' dir='ltr'><strong>μη</strong></span> <span class='ocrx_word' id='word_1_423' title='bbox 1609 3404 1783 3469; x_wconf 81' lang='grc' dir='ltr'><strong>οὕτως</strong></span> 
     </span>
    </p>
   </div>
   <div class='ocr_carea' id='block_1_63' title="bbox 206 3483 1785 3568">
    <p class='ocr_par' dir='ltr' id='par_1_63' title="bbox 206 3483 1785 3568">
     <span class='ocr_line' id='line_1_63' title="bbox 206 3483 1785 3568; baseline 0.008 -32"><span class='ocrx_word' id='word_1_424' title='bbox 206 3483 560 3554; x_wconf 79' lang='grc' dir='ltr'><strong>διακείμενοι,</strong></span> <span class='ocrx_word' id='word_1_425' title='bbox 593 3485 731 3540; x_wconf 78' lang='grc' dir='ltr'><strong>ἀλλὰ</strong></span> <span class='ocrx_word' id='word_1_426' title='bbox 749 3488 1002 3544; x_wconf 77' lang='grc' dir='ltr'><strong>τάναντία</strong></span> <span class='ocrx_word' id='word_1_427' title='bbox 1037 3491 1358 3563; x_wconf 83' lang='grc' dir='ltr'><strong>φρονοῦντες</strong></span> <span class='ocrx_word' id='word_1_428' title='bbox 1409 3495 1785 3568; x_wconf 75' lang='grc' dir='ltr'><strong>ὑπερηφανείᾳ</strong></span> 
     </span>
    </p>
   </div>
   <div class='ocr_carea' id='block_1_64' title="bbox 208 3573 1783 3658">
    <p class='ocr_par' dir='ltr' id='par_1_64' title="bbox 208 3573 1783 3658">
     <span class='ocr_line' id='line_1_64' title="bbox 208 3573 1783 3658; baseline 0.008 -30"><span class='ocrx_word' id='word_1_429' title='bbox 208 3573 349 3644; x_wconf 79' lang='grc' dir='ltr'><strong>λέγω</strong></span> <span class='ocrx_word' id='word_1_430' title='bbox 380 3579 477 3631; x_wconf 78' lang='grc' dir='ltr'><strong>καὶ</strong></span> <span class='ocrx_word' id='word_1_431' title='bbox 504 3577 688 3650; x_wconf 74' lang='grc' dir='ltr'><strong>ἀδικίᾳ</strong></span> <span class='ocrx_word' id='word_1_432' title='bbox 722 3581 817 3635; x_wconf 76' lang='grc' dir='ltr'><strong>καὶ</strong></span> <span class='ocrx_word' id='word_1_433' title='bbox 848 3581 1219 3652; x_wconf 79' lang='grc' dir='ltr'><strong>έξουδενὼσει,</strong></span> <span class='ocrx_word' id='word_1_434' title='bbox 1275 3588 1465 3658; x_wconf 74' lang='grc' dir='ltr'><strong>πόρῤω</strong></span> <span class='ocrx_word' id='word_1_435' title='bbox 1511 3586 1783 3641; x_wconf 76' lang='grc' dir='ltr'><strong>ἀπέϐαλον</strong></span> 
     </span>
    </p>
   </div>
   <div class='ocr_carea' id='block_1_65' title="bbox 209 3668 1187 3746">
    <p class='ocr_par' dir='ltr' id='par_1_65' title="bbox 209 3668 1187 3746">
     <span class='ocr_line' id='line_1_65' title="bbox 209 3668 1187 3746; baseline 0.009 -24"><span class='ocrx_word' id='word_1_436' title='bbox 209 3668 303 3722; x_wconf 73' lang='grc' dir='ltr'><strong>ἀπ’</strong></span> <span class='ocrx_word' id='word_1_437' title='bbox 334 3669 494 3740; x_wconf 74' lang='grc' dir='ltr'><strong>ιμοῦ,</strong></span> <span class='ocrx_word' id='word_1_438' title='bbox 518 3669 657 3725; x_wconf 80' lang='grc' dir='ltr'><strong>ὥστε</strong></span> <span class='ocrx_word' id='word_1_439' title='bbox 688 3673 761 3746; x_wconf 81' lang='grc' dir='ltr'><strong>μὴ</strong></span> <span class='ocrx_word' id='word_1_440' title='bbox 809 3675 943 3746; x_wconf 77' lang='grc' dir='ltr'><strong>δρᾷν</strong></span> <span class='ocrx_word' id='word_1_441' title='bbox 969 3675 1187 3741; x_wconf 75' lang='grc' dir='ltr'><strong>αὐτούς.</strong></span> 
     </span>
    </p>
   </div>
   <div class='ocr_carea' id='block_1_66' title="bbox 281 3761 1785 3842">
    <p class='ocr_par' dir='ltr' id='par_1_66' title="bbox 281 3761 1785 3842">
     <span class='ocr_line' id='line_1_66' title="bbox 281 3761 1785 3842; baseline 0.01 -30"><span class='ocrx_word' id='word_1_442' title='bbox 281 3761 387 3827; x_wconf 70' lang='grc' dir='ltr'><strong>Εἰς</strong></span> <span class='ocrx_word' id='word_1_443' title='bbox 405 3762 515 3827; x_wconf 78' lang='grc' dir='ltr'><strong>τὰς</strong></span> <span class='ocrx_word' id='word_1_444' title='bbox 535 3765 756 3833; x_wconf 78' lang='grc' dir='ltr'><strong>πρωτας</strong></span> <span class='ocrx_word' id='word_1_445' title='bbox 785 3764 1140 3822; x_wconf 74' lang='grc' dir='ltr'><strong>ἀπέκτεινον</strong></span> <span class='ocrx_word' id='word_1_446' title='bbox 1167 3768 1398 3837; x_wconf 81' lang='grc' dir='ltr'><strong>πάντας</strong></span> <span class='ocrx_word' id='word_1_447' title='bbox 1426 3771 1568 3838; x_wconf 82' lang='grc' dir='ltr'><strong>τοὺς</strong></span> <span class='ocrx_word' id='word_1_448' title='bbox 1601 3771 1785 3842; x_wconf 83' lang='grc' dir='ltr'><strong>ἁμαρ-</strong></span> 
     </span>
    </p>
   </div>
   <div class='ocr_carea' id='block_1_67' title="bbox 209 3852 1784 3937">
    <p class='ocr_par' dir='ltr' id='par_1_67' title="bbox 209 3852 1784 3937">
     <span class='ocr_line' id='line_1_67' title="bbox 209 3852 1784 3937; baseline 0.009 -31"><span class='ocrx_word' id='word_1_449' title='bbox 209 3852 440 3922; x_wconf 77' lang='grc' dir='ltr'><strong>τωλοὺς</strong></span> <span class='ocrx_word' id='word_1_450' title='bbox 462 3852 575 3924; x_wconf 80' lang='grc' dir='ltr'><strong>τῆς</strong></span> <span class='ocrx_word' id='word_1_451' title='bbox 601 3854 733 3926; x_wconf 81' lang='grc' dir='ltr'><strong>τῆς.</strong></span> <span class='ocrx_word' id='word_1_452' title='bbox 777 3857 1157 3929; x_wconf 85' lang='grc' dir='ltr'><strong>’Δμαρτωλούς</strong></span> <span class='ocrx_word' id='word_1_453' title='bbox 1186 3879 1316 3932; x_wconf 85' lang='grc' dir='ltr'><strong>φησι</strong></span> <span class='ocrx_word' id='word_1_454' title='bbox 1362 3863 1488 3927; x_wconf 78' lang='grc' dir='ltr'><strong>τοὺς</strong></span> <span class='ocrx_word' id='word_1_455' title='bbox 1515 3866 1784 3937; x_wconf 75' lang='grc' dir='ltr'><strong>πονηροὺς</strong></span> 
     </span>
    </p>
   </div>
   <div class='ocr_carea' id='block_1_68' title="bbox 210 3939 1786 4028">
    <p class='ocr_par' dir='ltr' id='par_1_68' title="bbox 210 3939 1786 4028">
     <span class='ocr_line' id='line_1_68' title="bbox 210 3939 1786 4028; baseline 0.006 -31"><span class='ocrx_word' id='word_1_456' title='bbox 210 3939 520 4016; x_wconf 55' lang='grc' dir='ltr'><strong>λογισμούς,</strong></span> <span class='ocrx_word' id='word_1_457' title='bbox 549 3945 642 4010; x_wconf 76' lang='grc' dir='ltr'><strong>οὓς</strong></span> <span class='ocrx_word' id='word_1_458' title='bbox 664 3951 781 4012; x_wconf 82' lang='grc' dir='ltr'><strong>ταῖς</strong></span> <span class='ocrx_word' id='word_1_459' title='bbox 803 3949 1052 4016; x_wconf 81' lang='grc' dir='ltr'><strong>ἑωθιναῖς</strong></span> <span class='ocrx_word' id='word_1_460' title='bbox 1078 3957 1407 4025; x_wconf 77' lang='grc' dir='ltr'><strong>προσευχαῖς</strong></span> <span class='ocrx_word' id='word_1_461' title='bbox 1428 3956 1520 4009; x_wconf 75' lang='grc' dir='ltr'><strong>καὶ</strong></span> <span class='ocrx_word' id='word_1_462' title='bbox 1549 3959 1614 4028; x_wconf 77' lang='grc' dir='ltr'><strong>τῇ</strong></span> <span class='ocrx_word' id='word_1_463' title='bbox 1649 3957 1786 4028; x_wconf 64' lang='grc' dir='ltr'><strong>πρὸς</strong></span> 
     </span>
    </p>
   </div>
   <div class='ocr_carea' id='block_1_69' title="bbox 211 4034 1786 4114">
    <p class='ocr_par' dir='ltr' id='par_1_69' title="bbox 211 4034 1786 4114">
     <span class='ocr_line' id='line_1_69' title="bbox 211 4034 1786 4114; baseline 0.008 -26"><span class='ocrx_word' id='word_1_464' title='bbox 211 4034 342 4090; x_wconf 76' lang='grc' dir='ltr'><strong>Θεὸν</strong></span> <span class='ocrx_word' id='word_1_465' title='bbox 371 4038 667 4112; x_wconf 79' lang='grc' dir='ltr'><strong>προσεδρίᾳ</strong></span> <span class='ocrx_word' id='word_1_466' title='bbox 690 4040 932 4108; x_wconf 62' lang='grc' dir='ltr'><strong>ἐκόλαζε.</strong></span> <span class='ocrx_word' id='word_1_467' title='bbox 969 4044 1079 4099; x_wconf 84' lang='grc' dir='ltr'><strong>Τοῦ</strong></span> <span class='ocrx_word' id='word_1_468' title='bbox 1119 4046 1546 4114; x_wconf 76' lang='grc' dir='ltr'><strong>ὲξολοθρεῦσαι</strong></span> <span class='ocrx_word' id='word_1_469' title='bbox 1590 4049 1658 4102; x_wconf 75' lang='grc' dir='ltr'><strong>ἐκ</strong></span> <span class='ocrx_word' id='word_1_470' title='bbox 1682 4049 1786 4101; x_wconf 68' lang='grc' dir='ltr'><strong>αι’-</strong></span> 
     </span>
    </p>
   </div>
   <div class='ocr_carea' id='block_1_70' title="bbox 210 4133 1788 4209">
    <p class='ocr_par' dir='ltr' id='par_1_70' title="bbox 210 4133 1788 4209">
     <span class='ocr_line' id='line_1_70' title="bbox 210 4133 1788 4209; baseline 0.008 -26"><span class='ocrx_word' id='word_1_471' title='bbox 210 4133 364 4196; x_wconf 83' lang='grc' dir='ltr'><strong>λεως</strong></span> <span class='ocrx_word' id='word_1_472' title='bbox 393 4133 641 4209; x_wconf 73' lang='grc' dir='ltr'><strong>⁵Κυρίου</strong></span> <span class='ocrx_word' id='word_1_473' title='bbox 696 4133 928 4202; x_wconf 70' lang='grc' dir='ltr'><strong>πάντας</strong></span> <span class='ocrx_word' id='word_1_474' title='bbox 990 4137 1130 4203; x_wconf 83' lang='grc' dir='ltr'><strong>τοὺς</strong></span> <span class='ocrx_word' id='word_1_475' title='bbox 1187 4138 1610 4209; x_wconf 62' lang='grc' dir='ltr'><strong>ἐργαζομένους</strong></span> <span class='ocrx_word' id='word_1_476' title='bbox 1671 4139 1788 4208; x_wconf 78' lang='grc' dir='ltr'><strong>τὴν</strong></span> 
     </span>
    </p>
   </div>
   <div class='ocr_carea' id='block_1_71' title="bbox 210 4221 1786 4305">
    <p class='ocr_par' dir='ltr' id='par_1_71' title="bbox 210 4221 1786 4305">
     <span class='ocr_line' id='line_1_71' title="bbox 210 4221 1786 4305; baseline 0.008 -30"><span class='ocrx_word' id='word_1_477' title='bbox 210 4221 488 4291; x_wconf 75' lang='grc' dir='ltr'><strong>ἀνομίαν.</strong></span> <span class='ocrx_word' id='word_1_478' title='bbox 525 4224 685 4280; x_wconf 81' lang='grc' dir='ltr'><strong>Πόλιν</strong></span> <span class='ocrx_word' id='word_1_479' title='bbox 717 4227 924 4299; x_wconf 81' lang='grc' dir='ltr'><strong>Κυρίου</strong></span> <span class='ocrx_word' id='word_1_480' title='bbox 948 4228 1046 4300; x_wconf 73' lang='grc' dir='ltr'><strong>τὴν</strong></span> <span class='ocrx_word' id='word_1_481' title='bbox 1070 4230 1234 4298; x_wconf 72' lang='grc' dir='ltr'><strong>ἁγίαν</strong></span> <span class='ocrx_word' id='word_1_482' title='bbox 1264 4232 1397 4303; x_wconf 76' lang='grc' dir='ltr'><strong>φησὶ</strong></span> <span class='ocrx_word' id='word_1_483' title='bbox 1418 4232 1614 4305; x_wconf 73' lang='grc' dir='ltr'><strong>ψυχὴν,</strong></span> <span class='ocrx_word' id='word_1_484' title='bbox 1643 4233 1786 4288; x_wconf 78' lang='grc' dir='ltr'><strong>κατὰ</strong></span> 
     </span>
    </p>
   </div>
   <div class='ocr_carea' id='block_1_72' title="bbox 209 4312 1787 4393">
    <p class='ocr_par' dir='ltr' id='par_1_72' title="bbox 209 4312 1787 4393">
     <span class='ocr_line' id='line_1_72' title="bbox 209 4312 1787 4393; baseline 0.01 -28"><span class='ocrx_word' id='word_1_485' title='bbox 209 4312 270 4366; x_wconf 70' lang='grc' dir='ltr'><strong>τὸ</strong></span> <span class='ocrx_word' id='word_1_486' title='bbox 300 4313 614 4386; x_wconf 72' lang='grc' dir='ltr'><strong>εἰρημένον·</strong></span> <span class='ocrx_word' id='word_1_487' title='bbox 646 4316 1066 4390; x_wconf 76' lang='grc' dir='ltr'><strong>Δεδοξασμένα</strong></span> <span class='ocrx_word' id='word_1_488' title='bbox 1100 4321 1366 4391; x_wconf 75' lang='grc' dir='ltr'><strong>ἐλαλήθη</strong></span> <span class='ocrx_word' id='word_1_489' title='bbox 1389 4324 1520 4393; x_wconf 73' lang='grc' dir='ltr'><strong>περὶ</strong></span> <span class='ocrx_word' id='word_1_490' title='bbox 1553 4324 1690 4390; x_wconf 87' lang='grc' dir='ltr'><strong>σοῦ,</strong></span> <span class='ocrx_word' id='word_1_491' title='bbox 1745 4325 1787 4392; x_wconf 78' lang='grc' dir='ltr'><em>ἠ</em></span> 
     </span>
    </p>
   </div>
   <div class='ocr_carea' id='block_1_73' title="bbox 209 4405 718 4472">
    <p class='ocr_par' dir='ltr' id='par_1_73' title="bbox 209 4405 718 4472">
     <span class='ocr_line' id='line_1_73' title="bbox 209 4405 718 4472; baseline 0.014 -15"><span class='ocrx_word' id='word_1_492' title='bbox 209 4405 390 4472; x_wconf 70' lang='grc' dir='ltr'><strong>πόλις</strong></span> <span class='ocrx_word' id='word_1_493' title='bbox 417 4405 524 4460; x_wconf 84' lang='grc' dir='ltr'><strong>τοῦ</strong></span> <span class='ocrx_word' id='word_1_494' title='bbox 550 4407 718 4464; x_wconf 80' lang='grc' dir='ltr'><strong>Θεοῦ.</strong></span> 
     </span>
    </p>
   </div>
   <div class='ocr_carea' id='block_1_74' title="bbox 210 4499 1792 4575">
    <p class='ocr_par' dir='ltr' id='par_1_74' title="bbox 210 4499 1792 4575">
     <span class='ocr_line' id='line_1_74' title="bbox 210 4499 1792 4575; baseline 0.005 -23"><span class='ocrx_word' id='word_1_495' title='bbox 210 4499 532 4569; x_wconf 79' lang='grc' dir='ltr'><strong>Προσευχὴ</strong></span> <span class='ocrx_word' id='word_1_496' title='bbox 557 4499 638 4567; x_wconf 79' lang='grc' dir='ltr'><strong>τῷ</strong></span> <span class='ocrx_word' id='word_1_497' title='bbox 666 4501 896 4572; x_wconf 73' lang='grc' dir='ltr'><strong>πτωχῷ,</strong></span> <span class='ocrx_word' id='word_1_498' title='bbox 938 4503 1084 4558; x_wconf 81' lang='grc' dir='ltr'><strong>ὅταν</strong></span> <span class='ocrx_word' id='word_1_499' title='bbox 1128 4503 1450 4575; x_wconf 77' lang='grc' dir='ltr'><strong>ἀκηδιάσῃ,</strong></span> <span class='ocrx_word' id='word_1_500' title='bbox 1489 4507 1588 4560; x_wconf 81' lang='grc' dir='ltr'><strong>καὶ</strong></span> <span class='ocrx_word' id='word_1_501' title='bbox 1617 4508 1792 4564; x_wconf 66' lang='lat' dir='ltr'><strong>erar-</strong></span> 
     </span>
    </p>
   </div>
   <div class='ocr_carea' id='block_1_75' title="bbox 317 4591 1681 4665">
    <p class='ocr_par' dir='ltr' id='par_1_75' title="bbox 317 4591 1681 4665">
     <span class='ocr_line' id='line_1_75' title="bbox 317 4591 1681 4665; baseline 0.007 -20"><span class='ocrx_word' id='word_1_502' title='bbox 317 4593 451 4646; x_wconf 76' lang='grc' dir='ltr'><strong>τίον</strong></span> <span class='ocrx_word' id='word_1_503' title='bbox 474 4591 695 4662; x_wconf 79' lang='grc' dir='ltr'><strong>Κυρίου</strong></span> <span class='ocrx_word' id='word_1_504' title='bbox 722 4593 902 4664; x_wconf 72' lang='grc' dir='ltr'><strong>ἐκχέῃ</strong></span> <span class='ocrx_word' id='word_1_505' title='bbox 934 4595 1049 4664; x_wconf 80' lang='grc' dir='ltr'><strong>τὴν</strong></span> <span class='ocrx_word' id='word_1_506' title='bbox 1076 4595 1292 4665; x_wconf 79' lang='grc' dir='ltr'><strong>δέησιν</strong></span> <span class='ocrx_word' id='word_1_507' title='bbox 1316 4597 1523 4652; x_wconf 82' lang='grc' dir='ltr'><strong>αὑτοῦ.</strong></span> <span class='ocrx_word' id='word_1_508' title='bbox 1549 4601 1681 4655; x_wconf 85' lang='grc' dir='ltr'><strong>ΡΛ’.</strong></span> 
     </span>
    </p>
   </div>
   <div class='ocr_carea' id='block_1_76' title="bbox 840 4686 1173 4754">
    <p class='ocr_par' dir='ltr' id='par_1_76' title="bbox 840 4686 1173 4754">
     <span class='ocr_line' id='line_1_76' title="bbox 840 4686 1173 4754; baseline 0.009 -14"><span class='ocrx_word' id='word_1_509' title='bbox 840 4686 856 4705; x_wconf 87' lang='grc'><strong>⁹</strong></span> <span class='ocrx_word' id='word_1_510' title='bbox 867 4688 1173 4754; x_wconf 73' lang='grc' dir='ltr'><strong>Υπόθεσις.</strong></span> 
     </span>
    </p>
   </div>
   <div class='ocr_carea' id='block_1_77' title="bbox 1890 3325 3456 3397">
    <p class='ocr_par' dir='ltr' id='par_1_77' title="bbox 1890 3325 3456 3397">
     <span class='ocr_line' id='line_1_77' title="bbox 1890 3325 3456 3397; baseline 0 -16"><span class='ocrx_word' id='word_1_511' title='bbox 1890 3327 1986 3397; x_wconf 87' lang='lat' dir='ltr'><strong>qui</strong></span> <span class='ocrx_word' id='word_1_512' title='bbox 2018 3325 2124 3381; x_wconf 79' lang='lat' dir='ltr'><strong>ﬁde</strong></span> <span class='ocrx_word' id='word_1_513' title='bbox 2154 3334 2310 3381; x_wconf 86' lang='lat' dir='ltr'><strong>erant</strong></span> <span class='ocrx_word' id='word_1_514' title='bbox 2359 3325 2574 3391; x_wconf 88' lang='lat' dir='ltr'><strong>ornati,</strong></span> <span class='ocrx_word' id='word_1_515' title='bbox 2622 3334 2678 3380; x_wconf 87' lang='lat' dir='ltr'><strong>et</strong></span> <span class='ocrx_word' id='word_1_516' title='bbox 2724 3325 2906 3380; x_wconf 84' lang='lat' dir='ltr'><strong>divina</strong></span> <span class='ocrx_word' id='word_1_517' title='bbox 2945 3326 3124 3395; x_wconf 85' lang='lat' dir='ltr'><strong>magni</strong></span> <span class='ocrx_word' id='word_1_518' title='bbox 3159 3325 3456 3381; x_wconf 79' lang='lat' dir='ltr'><strong>faciebant.</strong></span> 
     </span>
    </p>
   </div>
   <div class='ocr_carea' id='block_1_78' title="bbox 1885 3415 3461 3486">
    <p class='ocr_par' dir='ltr' id='par_1_78' title="bbox 1885 3415 3461 3486">
     <span class='ocr_line' id='line_1_78' title="bbox 1885 3415 3461 3486; baseline -0.001 -13"><span class='ocrx_word' id='word_1_519' title='bbox 1885 3417 1994 3473; x_wconf 80' lang='lat' dir='ltr'><strong>Eos</strong></span> <span class='ocrx_word' id='word_1_520' title='bbox 2030 3426 2212 3472; x_wconf 87' lang='lat' dir='ltr'><strong>autem</strong></span> <span class='ocrx_word' id='word_1_521' title='bbox 2240 3416 2334 3486; x_wconf 88' lang='lat' dir='ltr'><strong>qui</strong></span> <span class='ocrx_word' id='word_1_522' title='bbox 2358 3431 2466 3470; x_wconf 91' lang='lat' dir='ltr'><strong>non</strong></span> <span class='ocrx_word' id='word_1_523' title='bbox 2508 3417 2585 3471; x_wconf 87' lang='lat' dir='ltr'><strong>ita</strong></span> <span class='ocrx_word' id='word_1_524' title='bbox 2615 3415 2791 3472; x_wconf 74' lang='lat' dir='ltr'><strong>aﬂecti</strong></span> <span class='ocrx_word' id='word_1_525' title='bbox 2813 3424 3005 3482; x_wconf 90' lang='lat' dir='ltr'><strong>erant,</strong></span> <span class='ocrx_word' id='word_1_526' title='bbox 3053 3416 3147 3471; x_wconf 89' lang='lat' dir='ltr'><strong>sed</strong></span> <span class='ocrx_word' id='word_1_527' title='bbox 3185 3419 3461 3472; x_wconf 84' lang='lat' dir='ltr'><strong>contraria</strong></span> 
     </span>
    </p>
   </div>
   <div class='ocr_carea' id='block_1_79' title="bbox 1885 3507 3462 3579">
    <p class='ocr_par' dir='ltr' id='par_1_79' title="bbox 1885 3507 3462 3579">
     <span class='ocr_line' id='line_1_79' title="bbox 1885 3507 3462 3579; baseline -0.001 -14"><span class='ocrx_word' id='word_1_528' title='bbox 1885 3511 2182 3565; x_wconf 79' lang='lat' dir='ltr'><strong>sentientes</strong></span> <span class='ocrx_word' id='word_1_529' title='bbox 2206 3508 2473 3579; x_wconf 68' lang='lat' dir='ltr'><strong>superbia:</strong></span> <span class='ocrx_word' id='word_1_530' title='bbox 2494 3548 2511 3574; x_wconf 90' lang='lat'><strong>,</strong></span> <span class='ocrx_word' id='word_1_531' title='bbox 2542 3507 2824 3574; x_wconf 67' lang='lat' dir='ltr'><strong>injustitias</strong></span> <span class='ocrx_word' id='word_1_532' title='bbox 2865 3516 2918 3561; x_wconf 89' lang='lat' dir='ltr'><strong>et</strong></span> <span class='ocrx_word' id='word_1_533' title='bbox 2945 3507 3315 3563; x_wconf 88' lang='lat' dir='ltr'><strong>humihationi</strong></span> <span class='ocrx_word' id='word_1_534' title='bbox 3365 3509 3462 3563; x_wconf 73' lang='lat' dir='ltr'><strong>da~</strong></span> 
     </span>
    </p>
   </div>
   <div class='ocr_carea' id='block_1_80' title="bbox 1884 3597 3462 3671">
    <p class='ocr_par' dir='ltr' id='par_1_80' title="bbox 1884 3597 3462 3671">
     <span class='ocr_line' id='line_1_80' title="bbox 1884 3597 3462 3671; baseline -0.001 -16"><span class='ocrx_word' id='word_1_535' title='bbox 1884 3601 2016 3656; x_wconf 90' lang='lat' dir='ltr'><strong>bant</strong></span> <span class='ocrx_word' id='word_1_536' title='bbox 2042 3614 2284 3671; x_wconf 84' lang='lat' dir='ltr'><strong>operam,</strong></span> <span class='ocrx_word' id='word_1_537' title='bbox 2313 3599 2471 3670; x_wconf 84' lang='lat' dir='ltr'><strong>longe</strong></span> <span class='ocrx_word' id='word_1_538' title='bbox 2493 3613 2524 3653; x_wconf 87' lang='lat' dir='ltr'><strong>a</strong></span> <span class='ocrx_word' id='word_1_539' title='bbox 2551 3614 2639 3653; x_wconf 86' lang='lat' dir='ltr'><strong>me</strong></span> <span class='ocrx_word' id='word_1_540' title='bbox 2659 3597 2965 3671; x_wconf 75' lang='lat' dir='ltr'><strong>exigebant,</strong></span> <span class='ocrx_word' id='word_1_541' title='bbox 2993 3598 3066 3652; x_wconf 90' lang='lat' dir='ltr'><strong>ita</strong></span> <span class='ocrx_word' id='word_1_542' title='bbox 3098 3609 3158 3654; x_wconf 89' lang='lat' dir='ltr'><strong>ut</strong></span> <span class='ocrx_word' id='word_1_543' title='bbox 3194 3613 3263 3654; x_wconf 90' lang='lat' dir='ltr'><strong>ne</strong></span> <span class='ocrx_word' id='word_1_544' title='bbox 3289 3601 3462 3669; x_wconf 87' lang='lat' dir='ltr'><strong>respi-</strong></span> 
     </span>
    </p>
   </div>
   <div class='ocr_carea' id='block_1_81' title="bbox 1883 3683 3498 3762">
    <p class='ocr_par' dir='ltr' id='par_1_81' title="bbox 1883 3683 3498 3762">
     <span class='ocr_line' id='line_1_81' title="bbox 1883 3683 3498 3762; baseline -0.004 -14"><span class='ocrx_word' id='word_1_545' title='bbox 1883 3707 2060 3748; x_wconf 91' lang='lat' dir='ltr'><strong>cerem</strong></span> <span class='ocrx_word' id='word_1_546' title='bbox 2091 3691 2312 3762; x_wconf 88' lang='lat' dir='ltr'><strong>quidem</strong></span> <span class='ocrx_word' id='word_1_547' title='bbox 2355 3690 2479 3746; x_wconf 85' lang='lat' dir='ltr'><strong>illos</strong></span> <span class='ocrx_word' id='word_1_548' title='bbox 3491 3683 3498 3690; x_wconf 87' lang='grc'><em>’</em></span> 
     </span>
    </p>
   </div>
   <div class='ocr_carea' id='block_1_82' title="bbox 1910 3781 3462 3852">
    <p class='ocr_par' dir='ltr' id='par_1_82' title="bbox 1910 3781 3462 3852">
     <span class='ocr_line' id='line_1_82' title="bbox 1910 3781 3462 3852; baseline -0.003 -13"><span class='ocrx_word' id='word_1_549' title='bbox 1910 3847 1914 3852; x_wconf 50' lang='grc'>,</span> <span class='ocrx_word' id='word_1_550' title='bbox 1955 3783 2008 3839; x_wconf 90' lang='grc'><strong>8.</strong></span> <span class='ocrx_word' id='word_1_551' title='bbox 2046 3781 2114 3837; x_wconf 79' lang='lat' dir='ltr'><strong>In</strong></span> <span class='ocrx_word' id='word_1_552' title='bbox 2146 3781 2404 3836; x_wconf 83' lang='lat' dir='ltr'><strong>matutino</strong></span> <span class='ocrx_word' id='word_1_553' title='bbox 2423 3781 2802 3852; x_wconf 79' lang='lat' dir='ltr'><strong>interﬁciebam</strong></span> <span class='ocrx_word' id='word_1_554' title='bbox 2831 3797 3007 3836; x_wconf 83' lang='lat' dir='ltr'><strong>omnes</strong></span> <span class='ocrx_word' id='word_1_555' title='bbox 3031 3793 3328 3852; x_wconf 77' lang='lat' dir='ltr'><strong>peccatores</strong></span> <span class='ocrx_word' id='word_1_556' title='bbox 3359 3794 3462 3836; x_wconf 87' lang='lat' dir='ltr'><strong>ter—</strong></span> 
     </span>
    </p>
   </div>
   <div class='ocr_carea' id='block_1_83' title="bbox 1879 3867 3462 3944">
    <p class='ocr_par' dir='ltr' id='par_1_83' title="bbox 1879 3867 3462 3944">
     <span class='ocr_line' id='line_1_83' title="bbox 1879 3867 3462 3944; baseline 0 -14"><span class='ocrx_word' id='word_1_557' title='bbox 1879 3893 1981 3930; x_wconf 67' lang='lat' dir='ltr'><strong>ra.</strong></span> <span class='ocrx_word' id='word_1_558' title='bbox 2034 3875 2355 3930; x_wconf 84' lang='lat' dir='ltr'><strong>Peccatores</strong></span> <span class='ocrx_word' id='word_1_559' title='bbox 2385 3884 2544 3928; x_wconf 70' lang='lat' dir='ltr'><strong>vocat</strong></span> <span class='ocrx_word' id='word_1_560' title='bbox 2569 3874 2740 3929; x_wconf 88' lang='lat' dir='ltr'><strong>malas</strong></span> <span class='ocrx_word' id='word_1_561' title='bbox 2764 3867 3142 3943; x_wconf 71' lang='lat' dir='ltr'><strong>cogitationes,</strong></span> <span class='ocrx_word' id='word_1_562' title='bbox 3173 3891 3310 3944; x_wconf 90' lang='lat' dir='ltr'><strong>quas</strong></span> <span class='ocrx_word' id='word_1_563' title='bbox 3336 3891 3462 3930; x_wconf 88' lang='lat' dir='ltr'><strong>cum</strong></span> 
     </span>
    </p>
   </div>
   <div class='ocr_carea' id='block_1_84' title="bbox 1886 3965 3464 4037">
    <p class='ocr_par' dir='ltr' id='par_1_84' title="bbox 1886 3965 3464 4037">
     <span class='ocr_line' id='line_1_84' title="bbox 1886 3965 3464 4037; baseline -0.001 -15"><span class='ocrx_word' id='word_1_564' title='bbox 1886 3966 2172 4022; x_wconf 88' lang='lat' dir='ltr'><strong>matutinis</strong></span> <span class='ocrx_word' id='word_1_565' title='bbox 2198 3965 2570 4031; x_wconf 86' lang='lat' dir='ltr'><strong>orationibus,</strong></span> <span class='ocrx_word' id='word_1_566' title='bbox 2601 3979 2716 4020; x_wconf 87' lang='lat' dir='ltr'><strong>tum</strong></span> <span class='ocrx_word' id='word_1_567' title='bbox 2745 3967 2800 4021; x_wconf 87' lang='lat' dir='ltr'><strong>in</strong></span> <span class='ocrx_word' id='word_1_568' title='bbox 2830 3965 2926 4022; x_wconf 90' lang='lat' dir='ltr'><strong>Dei</strong></span> <span class='ocrx_word' id='word_1_569' title='bbox 2958 3969 3248 4037; x_wconf 67' lang='lat' dir='ltr'><strong>praesentia</strong></span> <span class='ocrx_word' id='word_1_570' title='bbox 3279 3969 3464 4021; x_wconf 84' lang='lat' dir='ltr'><strong>consi-</strong></span> 
     </span>
    </p>
   </div>
   <div class='ocr_carea' id='block_1_85' title="bbox 1887 4056 3463 4129">
    <p class='ocr_par' dir='ltr' id='par_1_85' title="bbox 1887 4056 3463 4129">
     <span class='ocr_line' id='line_1_85' title="bbox 1887 4056 3463 4129; baseline -0.001 -15"><span class='ocrx_word' id='word_1_571' title='bbox 1887 4058 2080 4115; x_wconf 86' lang='lat' dir='ltr'><strong>stendo</strong></span> <span class='ocrx_word' id='word_1_572' title='bbox 2105 4058 2424 4128; x_wconf 79' lang='lat' dir='ltr'><strong>castigabat.</strong></span> <span class='ocrx_word' id='word_1_573' title='bbox 2454 4056 2517 4112; x_wconf 89' lang='lat' dir='ltr'><strong>Ut</strong></span> <span class='ocrx_word' id='word_1_574' title='bbox 2541 4058 2894 4129; x_wconf 83' lang='lat' dir='ltr'><strong>disperderem</strong></span> <span class='ocrx_word' id='word_1_575' title='bbox 2924 4061 2988 4113; x_wconf 86' lang='lat' dir='ltr'><strong>de</strong></span> <span class='ocrx_word' id='word_1_576' title='bbox 3017 4061 3224 4113; x_wconf 84' lang='lat' dir='ltr'><strong>civitate</strong></span> <span class='ocrx_word' id='word_1_577' title='bbox 3247 4059 3463 4113; x_wconf 86' lang='lat' dir='ltr'><strong>Domini</strong></span> 
     </span>
    </p>
   </div>
   <div class='ocr_carea' id='block_1_86' title="bbox 1885 4151 3462 4225">
    <p class='ocr_par' dir='ltr' id='par_1_86' title="bbox 1885 4151 3462 4225">
     <span class='ocr_line' id='line_1_86' title="bbox 1885 4151 3462 4225; baseline -0.001 -19"><span class='ocrx_word' id='word_1_578' title='bbox 1885 4168 2062 4206; x_wconf 75' lang='lat' dir='ltr'><strong>omnes</strong></span> <span class='ocrx_word' id='word_1_579' title='bbox 2090 4160 2360 4225; x_wconf 57' lang='lat' dir='ltr'><strong>operante;</strong></span> <span class='ocrx_word' id='word_1_580' title='bbox 2382 4151 2735 4221; x_wconf 80' lang='lat' dir='ltr'><strong>iniquitatem.</strong></span> <span class='ocrx_word' id='word_1_581' title='bbox 2761 4151 3050 4206; x_wconf 74' lang='lat' dir='ltr'><strong>Civitatem</strong></span> <span class='ocrx_word' id='word_1_582' title='bbox 3081 4152 3298 4206; x_wconf 87' lang='lat' dir='ltr'><strong>Domini</strong></span> <span class='ocrx_word' id='word_1_583' title='bbox 3333 4168 3462 4206; x_wconf 88' lang='lat' dir='ltr'><strong>sau-</strong></span> 
     </span>
    </p>
   </div>
   <div class='ocr_carea' id='block_1_87' title="bbox 1887 4241 3463 4312">
    <p class='ocr_par' dir='ltr' id='par_1_87' title="bbox 1887 4241 3463 4312">
     <span class='ocr_line' id='line_1_87' title="bbox 1887 4241 3463 4312; baseline -0.002 -14"><span class='ocrx_word' id='word_1_584' title='bbox 1887 4253 2030 4298; x_wconf 88' lang='lat' dir='ltr'><strong>ctam</strong></span> <span class='ocrx_word' id='word_1_585' title='bbox 2054 4243 2186 4298; x_wconf 86' lang='lat' dir='ltr'><strong>dicit</strong></span> <span class='ocrx_word' id='word_1_586' title='bbox 2231 4242 2501 4309; x_wconf 85' lang='lat' dir='ltr'><strong>animam,</strong></span> <span class='ocrx_word' id='word_1_587' title='bbox 2527 4242 2682 4312; x_wconf 77' lang='lat' dir='ltr'><strong>juxta</strong></span> <span class='ocrx_word' id='word_1_588' title='bbox 2709 4242 2916 4298; x_wconf 85' lang='lat' dir='ltr'><strong>dictum</strong></span> <span class='ocrx_word' id='word_1_589' title='bbox 2946 4242 3078 4298; x_wconf 92' lang='lat' dir='ltr'><strong>illud</strong></span> <span class='ocrx_word' id='word_1_590' title='bbox 3100 4244 3145 4281; x_wconf 81' lang='grc'><strong>⁸³</strong></span> <span class='ocrx_word' id='word_1_591' title='bbox 3176 4261 3187 4296; x_wconf 87' lang='lat'><strong>:</strong></span> <span class='ocrx_word' id='word_1_592' title='bbox 3220 4241 3463 4298; x_wconf 77' lang='lat' dir='ltr'><strong>Gloriosa</strong></span> 
     </span>
    </p>
   </div>
   <div class='ocr_carea' id='block_1_88' title="bbox 1889 4332 2738 4400">
    <p class='ocr_par' dir='ltr' id='par_1_88' title="bbox 1889 4332 2738 4400">
     <span class='ocr_line' id='line_1_88' title="bbox 1889 4332 2738 4400; baseline -0.002 -12"><span class='ocrx_word' id='word_1_593' title='bbox 1889 4335 2034 4388; x_wconf 84' lang='lat' dir='ltr'><strong>dicta</strong></span> <span class='ocrx_word' id='word_1_594' title='bbox 2065 4343 2185 4388; x_wconf 79' lang='lat' dir='ltr'><strong>sunt</strong></span> <span class='ocrx_word' id='word_1_595' title='bbox 2213 4333 2280 4387; x_wconf 84' lang='lat' dir='ltr'><strong>de</strong></span> <span class='ocrx_word' id='word_1_596' title='bbox 2301 4343 2370 4400; x_wconf 90' lang='lat' dir='ltr'><strong>te,</strong></span> <span class='ocrx_word' id='word_1_597' title='bbox 2400 4333 2585 4387; x_wconf 76' lang='lat' dir='ltr'><strong>ciuitas</strong></span> <span class='ocrx_word' id='word_1_598' title='bbox 2618 4332 2738 4387; x_wconf 88' lang='lat' dir='ltr'><strong>Dei.</strong></span> 
     </span>
    </p>
   </div>
   <div class='ocr_carea' id='block_1_89' title="bbox 1893 4508 3460 4580">
    <p class='ocr_par' dir='ltr' id='par_1_89' title="bbox 1893 4508 3460 4580">
     <span class='ocr_line' id='line_1_89' title="bbox 1893 4508 3460 4580; baseline -0.005 -12"><span class='ocrx_word' id='word_1_599' title='bbox 1893 4513 1948 4568; x_wconf 77' lang='grc'><strong>1.</strong></span> <span class='ocrx_word' id='word_1_600' title='bbox 2001 4509 2186 4568; x_wconf 81' lang='lat' dir='ltr'><strong>Oratio</strong></span> <span class='ocrx_word' id='word_1_601' title='bbox 2225 4511 2470 4580; x_wconf 74' lang='lat' dir='ltr'><strong>pauperis</strong></span> <span class='ocrx_word' id='word_1_602' title='bbox 2500 4525 2619 4564; x_wconf 77' lang='lat' dir='ltr'><strong>cum</strong></span> <span class='ocrx_word' id='word_1_603' title='bbox 2667 4511 2858 4564; x_wconf 71' lang='lat' dir='ltr'><strong>anxius</strong></span> <span class='ocrx_word' id='word_1_604' title='bbox 2899 4508 3097 4579; x_wconf 77' lang='lat' dir='ltr'><strong>fuerit,</strong></span> <span class='ocrx_word' id='word_1_605' title='bbox 3148 4517 3209 4561; x_wconf 87' lang='lat' dir='ltr'><strong>et-</strong></span> <span class='ocrx_word' id='word_1_606' title='bbox 3247 4508 3303 4561; x_wconf 89' lang='lat' dir='ltr'><strong>in</strong></span> <span class='ocrx_word' id='word_1_607' title='bbox 3335 4523 3460 4560; x_wconf 89' lang='lat' dir='ltr'><strong>con-</strong></span> 
     </span>
    </p>
   </div>
   <div class='ocr_carea' id='block_1_90' title="bbox 1825 4600 3212 4694">
    <p class='ocr_par' dir='ltr' id='par_1_90' title="bbox 1825 4600 3212 4694">
     <span class='ocr_line' id='line_1_90' title="bbox 1825 4600 3212 4694; baseline -0.003 -35"><span class='ocrx_word' id='word_1_608' title='bbox 1825 4639 1868 4694; x_wconf 68' lang='grc' dir='ltr'>ο</span> <span class='ocrx_word' id='word_1_609' title='bbox 1967 4612 2142 4674; x_wconf 76' lang='lat' dir='ltr'><strong>specta</strong></span> <span class='ocrx_word' id='word_1_610' title='bbox 2172 4601 2387 4656; x_wconf 86' lang='lat' dir='ltr'><strong>Domini</strong></span> <span class='ocrx_word' id='word_1_611' title='bbox 2409 4602 2653 4671; x_wconf 68' lang='lat' dir='ltr'><strong>eﬂ&#39;aderit</strong></span> <span class='ocrx_word' id='word_1_612' title='bbox 2679 4617 2882 4671; x_wconf 85' lang='lat' dir='ltr'><strong>precem</strong></span> <span class='ocrx_word' id='word_1_613' title='bbox 2909 4617 3081 4655; x_wconf 78' lang='lat' dir='ltr'><strong>suam.</strong></span> <span class='ocrx_word' id='word_1_614' title='bbox 3118 4600 3212 4655; x_wconf 85' lang='lat' dir='ltr'><strong>CI.</strong></span> 
     </span>
    </p>
   </div>
   <div class='ocr_carea' id='block_1_91' title="bbox 2480 4696 2882 4764">
    <p class='ocr_par' dir='ltr' id='par_1_91' title="bbox 2480 4696 2882 4764">
     <span class='ocr_line' id='line_1_91' title="bbox 2480 4696 2882 4764; baseline 0.002 -16"><span class='ocrx_word' id='word_1_615' title='bbox 2480 4696 2882 4764; x_wconf 79' lang='lat' dir='ltr'><strong>Argumentum.</strong></span> 
     </span>
    </p>
   </div>
   <div class='ocr_carea' id='block_1_92' title="bbox 225 4775 1778 4860">
    <p class='ocr_par' dir='ltr' id='par_1_92' title="bbox 225 4775 1778 4854">
     <span class='ocr_line' id='line_1_92' title="bbox 225 4775 1778 4854; baseline 0.005 -25"><span class='ocrx_word' id='word_1_616' title='bbox 225 4777 283 4829; x_wconf 87' lang='lat'><strong>&#39;0</strong></span> <span class='ocrx_word' id='word_1_617' title='bbox 308 4776 452 4832; x_wconf 76' lang='grc' dir='ltr'><strong>κατὰ</strong></span> <span class='ocrx_word' id='word_1_618' title='bbox 477 4775 611 4831; x_wconf 72' lang='grc' dir='ltr'><strong>Θεὸν</strong></span> <span class='ocrx_word' id='word_1_619' title='bbox 640 4778 872 4850; x_wconf 78' lang='grc' dir='ltr'><strong>πτωχὸς,</strong></span> <span class='ocrx_word' id='word_1_620' title='bbox 895 4779 1172 4833; x_wconf 86' lang='grc' dir='ltr'><strong>τουτέστιν</strong></span> <span class='ocrx_word' id='word_1_621' title='bbox 1194 4782 1223 4834; x_wconf 80' lang='grc' dir='ltr'>ὁ</span> <span class='ocrx_word' id='word_1_622' title='bbox 1246 4781 1356 4835; x_wconf 85' lang='grc' dir='ltr'><strong>τῶν</strong></span> <span class='ocrx_word' id='word_1_623' title='bbox 1383 4781 1676 4854; x_wconf 78' lang='grc' dir='ltr'><strong>προφητῶν</strong></span> <span class='ocrx_word' id='word_1_624' title='bbox 1705 4801 1778 4854; x_wconf 80' lang='grc' dir='ltr'><strong>χο</strong></span> 
     </span>
    </p>
   </div>
   <div class='ocr_carea' id='block_1_93' title="bbox 1881 4775 3464 4860">
    <p class='ocr_par' dir='ltr' id='par_1_93' title="bbox 1898 4784 3464 4860">
     <span class='ocr_line' id='line_1_93' title="bbox 1898 4784 3464 4860; baseline -0.004 -16"><span class='ocrx_word' id='word_1_625' title='bbox 1898 4787 2003 4856; x_wconf 86' lang='lat' dir='ltr'><strong>Qui</strong></span> <span class='ocrx_word' id='word_1_626' title='bbox 2033 4802 2236 4860; x_wconf 88' lang='lat' dir='ltr'><strong>pauper</strong></span> <span class='ocrx_word' id='word_1_627' title='bbox 2266 4787 2563 4843; x_wconf 88' lang='lat' dir='ltr'><strong>secundum</strong></span> <span class='ocrx_word' id='word_1_628' title='bbox 2596 4784 2770 4841; x_wconf 90' lang='lat' dir='ltr'><strong>Deum</strong></span> <span class='ocrx_word' id='word_1_629' title='bbox 2799 4793 2919 4852; x_wconf 89' lang='lat' dir='ltr'><strong>est,</strong></span> <span class='ocrx_word' id='word_1_630' title='bbox 2973 4785 3026 4840; x_wconf 89' lang='lat' dir='ltr'><strong>id</strong></span> <span class='ocrx_word' id='word_1_631' title='bbox 3054 4795 3137 4840; x_wconf 90' lang='lat' dir='ltr'><strong>est</strong></span> <span class='ocrx_word' id='word_1_632' title='bbox 3177 4785 3464 4855; x_wconf 84' lang='lat' dir='ltr'><strong>praphela-</strong></span> 
     </span>
    </p>
   </div>
   <div class='ocr_carea' id='block_1_94' title="bbox 285 4865 1792 4942">
    <p class='ocr_par' dir='ltr' id='par_1_94' title="bbox 285 4865 1792 4942">
     <span class='ocr_line' id='line_1_94' title="bbox 285 4865 1792 4942; baseline 0.005 -24"><span class='ocrx_word' id='word_1_633' title='bbox 285 4867 400 4939; x_wconf 76' lang='grc' dir='ltr'><strong>ρος,</strong></span> <span class='ocrx_word' id='word_1_634' title='bbox 429 4868 459 4919; x_wconf 83' lang='grc' dir='ltr'><strong>ὁ</strong></span> <span class='ocrx_word' id='word_1_635' title='bbox 505 4866 682 4934; x_wconf 83' lang='grc' dir='ltr'><strong>λύπης</strong></span> <span class='ocrx_word' id='word_1_636' title='bbox 713 4865 1144 4940; x_wconf 77' lang='grc' dir='ltr'><strong>πεπληρωμένος</strong></span> <span class='ocrx_word' id='word_1_637' title='bbox 1191 4871 1282 4924; x_wconf 69' lang='grc' dir='ltr'><strong>ἐπὶ</strong></span> <span class='ocrx_word' id='word_1_638' title='bbox 1316 4873 1382 4941; x_wconf 79' lang='grc' dir='ltr'><strong>τῇ</strong></span> <span class='ocrx_word' id='word_1_639' title='bbox 1428 4870 1522 4924; x_wconf 90' lang='grc' dir='ltr'><strong>τοῦ</strong></span> <span class='ocrx_word' id='word_1_640' title='bbox 1575 4871 1792 4942; x_wconf 85' lang='grc' dir='ltr'><strong>πρώτου</strong></span> 
     </span>
    </p>
   </div>
   <div class='ocr_carea' id='block_1_95' title="bbox 283 4955 1791 5033">
    <p class='ocr_par' dir='ltr' id='par_1_95' title="bbox 283 4955 1791 5033">
     <span class='ocr_line' id='line_1_95' title="bbox 283 4955 1791 5033; baseline 0.003 -23"><span class='ocrx_word' id='word_1_641' title='bbox 283 4955 416 5010; x_wconf 84' lang='grc' dir='ltr'><strong>λαοῦ</strong></span> <span class='ocrx_word' id='word_1_642' title='bbox 450 4955 822 5031; x_wconf 74' lang='grc' dir='ltr'><strong>καταστροφῇ,</strong></span> <span class='ocrx_word' id='word_1_643' title='bbox 886 4959 1248 5031; x_wconf 82' lang='grc' dir='ltr'><strong>προσέρχεται</strong></span> <span class='ocrx_word' id='word_1_644' title='bbox 1299 4960 1378 5031; x_wconf 81' lang='grc' dir='ltr'><strong>τῷ</strong></span> <span class='ocrx_word' id='word_1_645' title='bbox 1429 4962 1621 5033; x_wconf 78' lang='grc' dir='ltr'><strong>Κυρίῳ</strong></span> <span class='ocrx_word' id='word_1_646' title='bbox 1651 4962 1791 5033; x_wconf 77' lang='grc' dir='ltr'><strong>ὑπὲρ</strong></span> 
     </span>
    </p>
   </div>
   <div class='ocr_carea' id='block_1_96' title="bbox 284 5047 1790 5123">
    <p class='ocr_par' dir='ltr' id='par_1_96' title="bbox 284 5047 1790 5123">
     <span class='ocr_line' id='line_1_96' title="bbox 284 5047 1790 5123; baseline 0.001 -18"><span class='ocrx_word' id='word_1_647' title='bbox 284 5047 475 5113; x_wconf 79' lang='grc' dir='ltr'><strong>αὐτοῦ,</strong></span> <span class='ocrx_word' id='word_1_648' title='bbox 503 5048 600 5104; x_wconf 83' lang='grc' dir='ltr'><strong>τοῦ</strong></span> <span class='ocrx_word' id='word_1_649' title='bbox 620 5048 750 5104; x_wconf 84' lang='grc' dir='ltr'><strong>λαοῦ</strong></span> <span class='ocrx_word' id='word_1_650' title='bbox 769 5049 1028 5122; x_wconf 84' lang='grc' dir='ltr'><strong>δηλονότι,</strong></span> <span class='ocrx_word' id='word_1_651' title='bbox 1052 5050 1392 5121; x_wconf 80' lang='grc' dir='ltr'><strong>ἀναπέμπων</strong></span> <span class='ocrx_word' id='word_1_652' title='bbox 1416 5051 1626 5123; x_wconf 77' lang='grc' dir='ltr'><strong>δεήσεις</strong></span> <span class='ocrx_word' id='word_1_653' title='bbox 1653 5052 1790 5123; x_wconf 78' lang='grc' dir='ltr'><strong>μετὰ</strong></span> 
     </span>
    </p>
   </div>
   <div class='ocr_carea' id='block_1_97' title="bbox 283 5142 1786 5216">
    <p class='ocr_par' dir='ltr' id='par_1_97' title="bbox 283 5142 1786 5216">
     <span class='ocr_line' id='line_1_97' title="bbox 283 5142 1786 5216; baseline 0 -18"><span class='ocrx_word' id='word_1_654' title='bbox 283 5142 542 5216; x_wconf 86' lang='grc' dir='ltr'><strong>νηστείας</strong></span> <span class='ocrx_word' id='word_1_655' title='bbox 567 5143 662 5196; x_wconf 76' lang='grc' dir='ltr'><strong>καὶ</strong></span> <span class='ocrx_word' id='word_1_656' title='bbox 695 5143 966 5216; x_wconf 75' lang='grc' dir='ltr'><strong>δακρύων,</strong></span> <span class='ocrx_word' id='word_1_657' title='bbox 995 5144 1144 5209; x_wconf 80' lang='grc' dir='ltr'><strong>ὅπως</strong></span> <span class='ocrx_word' id='word_1_658' title='bbox 1176 5143 1242 5198; x_wconf 83' lang='grc' dir='ltr'><strong>ἂν</strong></span> <span class='ocrx_word' id='word_1_659' title='bbox 1277 5145 1372 5197; x_wconf 73' lang='grc' dir='ltr'><strong>καὶ</strong></span> <span class='ocrx_word' id='word_1_660' title='bbox 1399 5144 1562 5208; x_wconf 83' lang='grc' dir='ltr'><strong>αὐτὸς</strong></span> <span class='ocrx_word' id='word_1_661' title='bbox 1588 5146 1786 5198; x_wconf 84' lang='grc' dir='ltr'><strong>οἰκτει-</strong></span> 
     </span>
    </p>
   </div>
   <div class='ocr_carea' id='block_1_98' title="bbox 284 5232 1787 5309">
    <p class='ocr_par' dir='ltr' id='par_1_98' title="bbox 284 5232 1787 5309">
     <span class='ocr_line' id='line_1_98' title="bbox 284 5232 1787 5309; baseline -0.01 -5"><span class='ocrx_word' id='word_1_662' title='bbox 284 5234 426 5306; x_wconf 78' lang='grc' dir='ltr'><strong>ρηθῇ</strong></span> <span class='ocrx_word' id='word_1_663' title='bbox 452 5235 482 5287; x_wconf 71' lang='grc'>6</span> <span class='ocrx_word' id='word_1_664' title='bbox 502 5232 651 5298; x_wconf 73' lang='grc' dir='ltr'><strong>λαός.</strong></span> <span class='ocrx_word' id='word_1_665' title='bbox 679 5234 952 5307; x_wconf 70' lang='grc' dir='ltr'><strong>κηρύττει</strong></span> <span class='ocrx_word' id='word_1_666' title='bbox 975 5236 1033 5291; x_wconf 69' lang='grc' dir='ltr'><strong>δὲ</strong></span> <span class='ocrx_word' id='word_1_667' title='bbox 1062 5237 1158 5291; x_wconf 79' lang='grc' dir='ltr'><strong>καὶ</strong></span> <span class='ocrx_word' id='word_1_668' title='bbox 1186 5235 1287 5308; x_wconf 74' lang='grc' dir='ltr'><strong>τὴν</strong></span> <span class='ocrx_word' id='word_1_669' title='bbox 1317 5235 1426 5290; x_wconf 86' lang='grc' dir='ltr'><strong>τῶν</strong></span> <span class='ocrx_word' id='word_1_670' title='bbox 1461 5236 1630 5290; x_wconf 73' lang='grc' dir='ltr'><strong>ἐθνῶν</strong></span> <span class='ocrx_word' id='word_1_671' title='bbox 1655 5236 1787 5309; x_wconf 77' lang='grc' dir='ltr'><strong>κλῆ-</strong></span> 
     </span>
    </p>
   </div>
   <div class='ocr_carea' id='block_1_99' title="bbox 284 5323 1787 5401">
    <p class='ocr_par' dir='ltr' id='par_1_99' title="bbox 284 5323 1787 5401">
     <span class='ocr_line' id='line_1_99' title="bbox 284 5323 1787 5401; baseline 0.003 -23"><span class='ocrx_word' id='word_1_672' title='bbox 284 5342 394 5389; x_wconf 88' lang='grc' dir='ltr'><strong>σιν,</strong></span> <span class='ocrx_word' id='word_1_673' title='bbox 425 5323 526 5397; x_wconf 75' lang='grc' dir='ltr'><strong>τὴν</strong></span> <span class='ocrx_word' id='word_1_674' title='bbox 546 5325 846 5396; x_wconf 82' lang='grc' dir='ltr'><strong>γενομένην</strong></span> <span class='ocrx_word' id='word_1_675' title='bbox 878 5328 936 5381; x_wconf 73' lang='grc' dir='ltr'><strong>ἰν</strong></span> <span class='ocrx_word' id='word_1_676' title='bbox 960 5330 1026 5400; x_wconf 76' lang='grc' dir='ltr'><strong>τῇ</strong></span> <span class='ocrx_word' id='word_1_677' title='bbox 1079 5328 1372 5399; x_wconf 68' lang='grc' dir='ltr'><strong>ἐπιφανείᾳ</strong></span> <span class='ocrx_word' id='word_1_678' title='bbox 1416 5327 1510 5382; x_wconf 88' lang='grc' dir='ltr'><strong>τοῦ</strong></span> <span class='ocrx_word' id='word_1_679' title='bbox 1540 5329 1787 5401; x_wconf 79' lang='grc' dir='ltr'><strong>Σωτῆρος</strong></span> 
     </span>
    </p>
   </div>
   <div class='ocr_carea' id='block_1_100' title="bbox 284 5414 945 5487">
    <p class='ocr_par' dir='ltr' id='par_1_100' title="bbox 284 5414 945 5487">
     <span class='ocr_line' id='line_1_100' title="bbox 284 5414 945 5487; baseline 0.003 -19"><span class='ocrx_word' id='word_1_680' title='bbox 284 5414 444 5487; x_wconf 74' lang='grc' dir='ltr'><strong>ημῶν</strong></span> <span class='ocrx_word' id='word_1_681' title='bbox 480 5414 656 5487; x_wconf 84' lang='grc' dir='ltr'><strong>’ῐησοῦ</strong></span> <span class='ocrx_word' id='word_1_682' title='bbox 688 5414 945 5487; x_wconf 81' lang='grc' dir='ltr'><strong>Χριστοῦ.</strong></span> 
     </span>
    </p>
   </div>
   <div class='ocr_carea' id='block_1_101' title="bbox 284 5504 1793 5578">
    <p class='ocr_par' dir='ltr' id='par_1_101' title="bbox 284 5504 1793 5578">
     <span class='ocr_line' id='line_1_101' title="bbox 284 5504 1793 5578; baseline 0.001 -17"><span class='ocrx_word' id='word_1_683' title='bbox 284 5508 483 5576; x_wconf 78' lang='grc' dir='ltr'><strong>Κύριε,</strong></span> <span class='ocrx_word' id='word_1_684' title='bbox 530 5505 903 5560; x_wconf 70' lang='grc' dir='ltr'><strong>εισάιιουσον</strong></span> <span class='ocrx_word' id='word_1_685' title='bbox 951 5504 1061 5575; x_wconf 80' lang='grc' dir='ltr'><strong>τῆς</strong></span> <span class='ocrx_word' id='word_1_686' title='bbox 1119 5507 1467 5578; x_wconf 75' lang='grc' dir='ltr'><strong>προσευχῆς</strong></span> <span class='ocrx_word' id='word_1_687' title='bbox 1518 5526 1656 5578; x_wconf 81' lang='grc' dir='ltr'><strong>μου.</strong></span> <span class='ocrx_word' id='word_1_688' title='bbox 1710 5509 1793 5563; x_wconf 74' lang='grc' dir='ltr'><strong>Τὰ</strong></span> 
     </span>
    </p>
   </div>
   <div class='ocr_carea' id='block_1_102' title="bbox 222 5596 1793 5673">
    <p class='ocr_par' dir='ltr' id='par_1_102' title="bbox 222 5596 1793 5673">
     <span class='ocr_line' id='line_1_102' title="bbox 222 5596 1793 5673; baseline 0.003 -22"><span class='ocrx_word' id='word_1_689' title='bbox 222 5597 502 5669; x_wconf 74' lang='grc' dir='ltr'><strong>συμϐάντα</strong></span> <span class='ocrx_word' id='word_1_690' title='bbox 568 5597 649 5669; x_wconf 82' lang='grc' dir='ltr'><strong>τῷ</strong></span> <span class='ocrx_word' id='word_1_691' title='bbox 708 5596 824 5670; x_wconf 84' lang='grc' dir='ltr'><strong>λαῷ</strong></span> <span class='ocrx_word' id='word_1_692' title='bbox 887 5599 1289 5654; x_wconf 78' lang='grc' dir='ltr'><strong>οίκειοποιεῖται</strong></span> <span class='ocrx_word' id='word_1_693' title='bbox 1357 5601 1386 5654; x_wconf 84' lang='grc'>6</span> <span class='ocrx_word' id='word_1_694' title='bbox 1456 5603 1793 5673; x_wconf 74' lang='grc' dir='ltr'><strong>προφητικδς</strong></span> 
     </span>
    </p>
   </div>
   <div class='ocr_carea' id='block_1_103' title="bbox 221 5691 392 5763">
    <p class='ocr_par' dir='ltr' id='par_1_103' title="bbox 221 5691 392 5763">
     <span class='ocr_line' id='line_1_103' title="bbox 221 5691 392 5763; baseline 0.006 -1"><span class='ocrx_word' id='word_1_695' title='bbox 221 5691 392 5763; x_wconf 68' lang='grc' dir='ltr'><strong>χορός.</strong></span> 
     </span>
    </p>
   </div>
   <div class='ocr_carea' id='block_1_104' title="bbox 290 5870 867 5936">
    <p class='ocr_par' dir='ltr' id='par_1_104' title="bbox 290 5870 867 5936">
     <span class='ocr_line' id='line_1_104' title="bbox 290 5870 867 5936; baseline -0.017 -3"><span class='ocrx_word' id='word_1_696' title='bbox 290 5874 334 5906; x_wconf 80' lang='grc'><strong>⁸⁸</strong></span> <span class='ocrx_word' id='word_1_697' title='bbox 361 5876 509 5935; x_wconf 81' lang='lat' dir='ltr'><strong>Psal.</strong></span> <span class='ocrx_word' id='word_1_698' title='bbox 551 5886 750 5928; x_wconf 76' lang='lat' dir='ltr'><strong>unvr</strong></span> <span class='ocrx_word' id='word_1_699' title='bbox 771 5910 787 5936; x_wconf 94' lang='lat'><strong>,</strong></span> <span class='ocrx_word' id='word_1_700' title='bbox 814 5870 867 5924; x_wconf 73' lang='grc' dir='ltr'><strong>ὅ.</strong></span> 
     </span>
    </p>
   </div>
   <div class='ocr_carea' id='block_1_105' title="bbox 541 5964 1252 6034">
    <p class='ocr_par' dir='ltr' id='par_1_105' title="bbox 541 5964 1252 6034">
     <span class='ocr_line' id='line_1_105' title="bbox 541 5964 1252 6034; baseline -0.008 -1"><span class='ocrx_word' id='word_1_701' title='bbox 541 5971 814 6034; x_wconf 64' lang='lat' dir='ltr'><strong>Panos.</strong></span> <span class='ocrx_word' id='word_1_702' title='bbox 845 5965 962 6026; x_wconf 74' lang='lat' dir='ltr'><strong>Gn.</strong></span> <span class='ocrx_word' id='word_1_703' title='bbox 992 5964 1252 6027; x_wconf 72' lang='lat' dir='ltr'><strong>XXVII.</strong></span> 
     </span>
    </p>
   </div>
   <div class='ocr_carea' id='block_1_106' title="bbox 1969 4878 3465 4951">
    <p class='ocr_par' dir='ltr' id='par_1_106' title="bbox 1969 4878 3465 4951">
     <span class='ocr_line' id='line_1_106' title="bbox 1969 4878 3465 4951; baseline -0.005 -15"><span class='ocrx_word' id='word_1_704' title='bbox 1969 4897 2092 4936; x_wconf 88' lang='lat' dir='ltr'><strong>rum</strong></span> <span class='ocrx_word' id='word_1_705' title='bbox 2121 4880 2343 4947; x_wconf 89' lang='lat' dir='ltr'><strong>chorus,</strong></span> <span class='ocrx_word' id='word_1_706' title='bbox 2373 4880 2610 4951; x_wconf 86' lang='lat' dir='ltr'><strong>repletus</strong></span> <span class='ocrx_word' id='word_1_707' title='bbox 2632 4879 2820 4936; x_wconf 90' lang='lat' dir='ltr'><strong>dolore</strong></span> <span class='ocrx_word' id='word_1_708' title='bbox 2839 4878 2910 4934; x_wconf 88' lang='lat' dir='ltr'><strong>ob</strong></span> <span class='ocrx_word' id='word_1_709' title='bbox 2937 4879 3137 4949; x_wconf 84' lang='lat' dir='ltr'><strong>prioris</strong></span> <span class='ocrx_word' id='word_1_710' title='bbox 3168 4879 3350 4948; x_wconf 87' lang='lat' dir='ltr'><strong>populi</strong></span> <span class='ocrx_word' id='word_1_711' title='bbox 3377 4893 3465 4930; x_wconf 62' lang='lat' dir='ltr'><strong>ex-</strong></span> 
     </span>
    </p>
   </div>
   <div class='ocr_carea' id='block_1_107' title="bbox 1970 4969 3471 5040">
    <p class='ocr_par' dir='ltr' id='par_1_107' title="bbox 1970 4969 3471 5040">
     <span class='ocr_line' id='line_1_107' title="bbox 1970 4969 3471 5040; baseline -0.006 -13"><span class='ocrx_word' id='word_1_712' title='bbox 1970 4972 2172 5027; x_wconf 81' lang='lat' dir='ltr'><strong>cidium</strong></span> <span class='ocrx_word' id='word_1_713' title='bbox 2200 5011 2216 5037; x_wconf 90' lang='lat'><strong>,</strong></span> <span class='ocrx_word' id='word_1_714' title='bbox 2249 4971 2316 5025; x_wconf 90' lang='lat' dir='ltr'><strong>ad</strong></span> <span class='ocrx_word' id='word_1_715' title='bbox 2345 4969 2635 5025; x_wconf 89' lang='lat' dir='ltr'><strong>Dominum</strong></span> <span class='ocrx_word' id='word_1_716' title='bbox 2683 4969 2932 5036; x_wconf 88' lang='lat' dir='ltr'><strong>accedit,</strong></span> <span class='ocrx_word' id='word_1_717' title='bbox 2970 4985 3070 5040; x_wconf 91' lang='lat' dir='ltr'><strong>pro</strong></span> <span class='ocrx_word' id='word_1_718' title='bbox 3119 4971 3235 5040; x_wconf 82' lang='lat' dir='ltr'><strong>ipso</strong></span> <span class='ocrx_word' id='word_1_719' title='bbox 3268 4969 3471 5038; x_wconf 80' lang='lat' dir='ltr'><strong>populo</strong></span> 
     </span>
    </p>
   </div>
   <div class='ocr_carea' id='block_1_108' title="bbox 1969 5061 3465 5135">
    <p class='ocr_par' dir='ltr' id='par_1_108' title="bbox 1969 5061 3465 5135">
     <span class='ocr_line' id='line_1_108' title="bbox 1969 5061 3465 5135; baseline -0.004 -17"><span class='ocrx_word' id='word_1_720' title='bbox 1969 5078 2156 5135; x_wconf 87' lang='lat' dir='ltr'><strong>preces</strong></span> <span class='ocrx_word' id='word_1_721' title='bbox 2185 5062 2468 5118; x_wconf 69' lang='lat' dir='ltr'><strong>effundens</strong></span> <span class='ocrx_word' id='word_1_722' title='bbox 2494 5078 2619 5118; x_wconf 87' lang='lat' dir='ltr'><strong>cum</strong></span> <span class='ocrx_word' id='word_1_723' title='bbox 2642 5062 2854 5134; x_wconf 83' lang='lat' dir='ltr'><strong>jejunio</strong></span> <span class='ocrx_word' id='word_1_724' title='bbox 2877 5071 2934 5117; x_wconf 93' lang='lat' dir='ltr'><strong>ct</strong></span> <span class='ocrx_word' id='word_1_725' title='bbox 2956 5061 3232 5132; x_wconf 82' lang='lat' dir='ltr'><strong>lacrymis,</strong></span> <span class='ocrx_word' id='word_1_726' title='bbox 3267 5069 3322 5114; x_wconf 92' lang='lat' dir='ltr'><strong>ut</strong></span> <span class='ocrx_word' id='word_1_727' title='bbox 3351 5061 3465 5128; x_wconf 87' lang='lat' dir='ltr'><strong>ipse</strong></span> 
     </span>
    </p>
   </div>
   <div class='ocr_carea' id='block_1_109' title="bbox 1965 5150 3463 5225">
    <p class='ocr_par' dir='ltr' id='par_1_109' title="bbox 1965 5150 3463 5225">
     <span class='ocr_line' id='line_1_109' title="bbox 1965 5150 3463 5225; baseline -0.007 -16"><span class='ocrx_word' id='word_1_728' title='bbox 1965 5153 2199 5225; x_wconf 86' lang='lat' dir='ltr'><strong>populus</strong></span> <span class='ocrx_word' id='word_1_729' title='bbox 2227 5151 2650 5207; x_wconf 85' lang='lat' dir='ltr'><strong>misericorditer</strong></span> <span class='ocrx_word' id='word_1_730' title='bbox 2686 5151 3012 5222; x_wconf 77' lang='lat' dir='ltr'><strong>excipiatur.</strong></span> <span class='ocrx_word' id='word_1_731' title='bbox 3041 5150 3306 5205; x_wconf 62' lang='lat' dir='ltr'><strong>PaL-dicat</strong></span> <span class='ocrx_word' id='word_1_732' title='bbox 3333 5150 3463 5201; x_wconf 88' lang='lat' dir='ltr'><strong>item</strong></span> 
     </span>
    </p>
   </div>
   <div class='ocr_carea' id='block_1_110' title="bbox 1968 5240 3464 5315">
    <p class='ocr_par' dir='ltr' id='par_1_110' title="bbox 1968 5240 3464 5315">
     <span class='ocr_line' id='line_1_110' title="bbox 1968 5240 3464 5315; baseline -0.004 -17"><span class='ocrx_word' id='word_1_733' title='bbox 1968 5245 2058 5300; x_wconf 90' lang='lat' dir='ltr'><strong>hic</strong></span> <span class='ocrx_word' id='word_1_734' title='bbox 2110 5244 2353 5315; x_wconf 89' lang='lat' dir='ltr'><strong>psalmus</strong></span> <span class='ocrx_word' id='word_1_735' title='bbox 2402 5243 2742 5297; x_wconf 82' lang='lat' dir='ltr'><strong>vocationem</strong></span> <span class='ocrx_word' id='word_1_736' title='bbox 2792 5243 3070 5314; x_wconf 88' lang='lat' dir='ltr'><strong>gentium,</strong></span> <span class='ocrx_word' id='word_1_737' title='bbox 3130 5242 3183 5295; x_wconf 87' lang='lat' dir='ltr'><strong>in</strong></span> <span class='ocrx_word' id='word_1_738' title='bbox 3230 5240 3464 5294; x_wconf 78' lang='lat' dir='ltr'><strong>adventu</strong></span> 
     </span>
    </p>
   </div>
   <div class='ocr_carea' id='block_1_111' title="bbox 1969 5329 3136 5388">
    <p class='ocr_par' dir='ltr' id='par_1_111' title="bbox 1969 5329 3136 5388">
     <span class='ocr_line' id='line_1_111' title="bbox 1969 5329 3136 5388; baseline -0.003 -1"><span class='ocrx_word' id='word_1_739' title='bbox 1969 5332 2269 5388; x_wconf 74' lang='lat' dir='ltr'><strong>Salvatoris</strong></span> <span class='ocrx_word' id='word_1_740' title='bbox 2293 5332 2462 5388; x_wconf 88' lang='lat' dir='ltr'><strong>nostri</strong></span> <span class='ocrx_word' id='word_1_741' title='bbox 2494 5329 2622 5388; x_wconf 69' lang='lat' dir='ltr'><strong>Iesu</strong></span> <span class='ocrx_word' id='word_1_742' title='bbox 2663 5331 2868 5387; x_wconf 86' lang='lat' dir='ltr'><strong>Christi</strong></span> <span class='ocrx_word' id='word_1_743' title='bbox 2899 5331 3136 5386; x_wconf 79' lang='lat' dir='ltr'><strong>futuram</strong></span> 
     </span>
    </p>
   </div>
   <div class='ocr_carea' id='block_1_112' title="bbox 1965 5507 3462 5575">
    <p class='ocr_par' dir='ltr' id='par_1_112' title="bbox 1965 5507 3462 5575">
     <span class='ocr_line' id='line_1_112' title="bbox 1965 5507 3462 5575; baseline -0.001 -13"><span class='ocrx_word' id='word_1_744' title='bbox 1965 5508 2020 5564; x_wconf 78' lang='lat'><strong>2.</strong></span> <span class='ocrx_word' id='word_1_745' title='bbox 2057 5507 2309 5574; x_wconf 87' lang='lat' dir='ltr'><strong>Domine,</strong></span> <span class='ocrx_word' id='word_1_746' title='bbox 2336 5509 2533 5563; x_wconf 79' lang='lat' dir='ltr'><strong>exaudi</strong></span> <span class='ocrx_word' id='word_1_747' title='bbox 2561 5509 2853 5562; x_wconf 86' lang='lat' dir='ltr'><strong>orationem</strong></span> <span class='ocrx_word' id='word_1_748' title='bbox 2885 5525 3073 5563; x_wconf 87' lang='lat' dir='ltr'><strong>meam.</strong></span> <span class='ocrx_word' id='word_1_749' title='bbox 3115 5507 3244 5573; x_wconf 59' lang='lat' dir='ltr'><strong>Quae</strong></span> <span class='ocrx_word' id='word_1_750' title='bbox 3265 5508 3462 5575; x_wconf 79' lang='lat' dir='ltr'><strong>populo</strong></span> 
     </span>
    </p>
   </div>
   <div class='ocr_carea' id='block_1_113' title="bbox 1899 5600 3458 5673">
    <p class='ocr_par' dir='ltr' id='par_1_113' title="bbox 1899 5600 3458 5673">
     <span class='ocr_line' id='line_1_113' title="bbox 1899 5600 3458 5673; baseline -0.003 -17"><span class='ocrx_word' id='word_1_751' title='bbox 1899 5602 2241 5673; x_wconf 82' lang='lat' dir='ltr'><strong>contigerunt</strong></span> <span class='ocrx_word' id='word_1_752' title='bbox 2291 5601 2394 5657; x_wconf 86' lang='lat' dir='ltr'><strong>sibi</strong></span> <span class='ocrx_word' id='word_1_753' title='bbox 2448 5601 2606 5671; x_wconf 88' lang='lat' dir='ltr'><strong>quasi</strong></span> <span class='ocrx_word' id='word_1_754' title='bbox 2664 5601 2881 5673; x_wconf 86' lang='lat' dir='ltr'><strong>propria</strong></span> <span class='ocrx_word' id='word_1_755' title='bbox 2942 5600 3165 5656; x_wconf 81' lang='lat' dir='ltr'><strong>ascribit</strong></span> <span class='ocrx_word' id='word_1_756' title='bbox 3229 5600 3458 5668; x_wconf 86' lang='lat' dir='ltr'><strong>proohc-</strong></span> 
     </span>
    </p>
   </div>
   <div class='ocr_carea' id='block_1_114' title="bbox 1899 5692 2287 5748">
    <p class='ocr_par' dir='ltr' id='par_1_114' title="bbox 1899 5692 2287 5748">
     <span class='ocr_line' id='line_1_114' title="bbox 1899 5692 2287 5748; baseline -0.003 -1"><span class='ocrx_word' id='word_1_757' title='bbox 1899 5693 2038 5748; x_wconf 86' lang='lat' dir='ltr'><strong>ticus</strong></span> <span class='ocrx_word' id='word_1_758' title='bbox 2068 5692 2287 5748; x_wconf 86' lang='lat' dir='ltr'><strong>chorus.</strong></span> 
     </span>
    </p>
   </div>
   <div class='ocr_carea' id='block_1_115' title="bbox 3183 5953 3257 6014">
    <p class='ocr_par' dir='ltr' id='par_1_115' title="bbox 3183 5953 3257 6014">
     <span class='ocr_line' id='line_1_115' title="bbox 3183 5953 3257 6014; baseline 0.014 -1"><span class='ocrx_word' id='word_1_759' title='bbox 3183 5953 3257 6014; x_wconf 67' lang='lat' dir='ltr'><strong>llo</strong></span> 
     </span>
    </p>
   </div>
  </div>
