4126 6496
697 415 802 473 ιε’]

762 538 814 588 ι.
838 536 980 601 Quin
1009 534 1301 601 defecerunt
1337 536 1470 586 sicut
1508 534 1682 601 fumus
1715 537 1823 587 dies
1871 538 2002 600 mei,
2051 547 2097 588 et
2128 553 2244 590 ossa
2275 540 2320 595 Α

694 645 806 680 mea
833 629 964 679 sicut
1018 629 1265 679 cremium
1309 637 1580 679 aruerunt.
1655 626 1858 680 Horum
1917 627 2029 696 jam
2080 631 2251 682 multo

692 729 813 773 ante
839 719 1211 787 interpretatio
1241 718 1366 771 data
1402 727 1588 780 est,-at
1613 735 1829 772 rursum
1854 720 2082 773 dicetur.
2115 719 2249 775 Tota

691 811 858 865 virtus
890 827 1076 865 eorum
1104 827 1206 879 .per
1243 827 1404 879 quam
1449 811 1778 864 consistebat
1808 813 1990 866 cultus
2041 812 2247 880 legalis,

691 903 858 955 fracta
888 910 970 955 est
999 911 1049 953 ct
1085 901 1258 969 periit.
1298 901 1463 952 Erant
1491 910 1669 952 autem
1724 901 1818 953 illa
1863 901 2245 966 sacerdotium,

691 995 982 1063 templum.
1035 993 1300 1046 sacriﬁcia
1348 1005 1758 1058 armentorum,
1811 994 2034 1047 libertas
2066 996 2246 1064 populi

687 1087 802 1140 suis
832 1087 1038 1155 legibus
1071 1085 1306 1140 vivendi.

756 1263 803 1314 7.
836 1261 1034 1314 Factus
1064 1276 1179 1313 sum
1215 1260 1349 1313 sicut
1400 1262 1701 1327 nycticoraa:
1727 1259 1781 1312 in
1818 1260 2105 1314 domicilio.
2133 1259 2245 1314 Hoc

681 1356 811 1410 dicit
865 1356 933 1408 ob
989 1355 1237 1408 tenebras
1302 1369 1421 1423 quae
1482 1354 1738 1422 p0pulum
1801 1354 2241 1424 interceperant;

682 1446 962 1514 ignorabat
992 1446 1134 1498 enim
1167 1446 1353 1499 Deum.
1409 1444 1550 1510 Quid
1598 1455 1777 1498 autem
1821 1448 2101 1515 proprium
2147 1464 2242 1518 ny-

682 1537 955 1600 cticoraci,
994 1537 1098 1591 nisi
1132 1546 1192 1589 ut
1222 1538 1417 1591 clamet
1449 1547 1627 1599 nocte,
1657 1521 2010 1606 quamobrem
2049 1540 2241 1608 hujus-

679 1631 822 1685 modi
855 1631 1172 1684 vocabulum
1206 1631 1430 1684 sortitus
1455 1630 1569 1683 est?
1589 1630 1854 1695 Quoniam
1885 1631 2047 1699 igitur
2074 1641 2239 1684 totam

678 1732 888 1776 noctem
928 1723 1197 1791 precando
1230 1723 1582 1792 transigebat,
1608 1737 1728 1776 sese
1760 1721 1887 1790 jure
1913 1723 2240 1792 nycticoraci

676 1812 908 1867 confert.

744 1906 795 1959 8.
863 1905 1085 1975 Vigilavi
1127 1914 1175 1958 et
1209 1905 1381 1973 factus
1411 1920 1526 1957 sum
1567 1905 1703 1957 sicut
1749 1920 1929 1972 passer
1967 1903 2241 1958 solitarius

676 1999 728 2049 in
764 2006 916 2050 tecto.
975 1997 1102 2065 Ego,
1155 1996 1350 2064 inquit,
1386 1996 1478 2064 qui
1526 2005 1766 2064 tempore
1799 1996 2002 2064 peccati
2048 2004 2242 2064 captus

677 2104 782 2139 non
823 2085 896 2139 fui
920 2129 933 2152 ,
958 2102 1130 2156 usque
1163 2087 1298 2140 adeo
1327 2087 1615 2139 derelictus
1647 2101 1790 2149 sum,
1831 2094 1889 2139 ut
1913 2086 2114 2153 passeri
2148 2086 2240 2138 uni

673 2179 864 2234 similis
886 2179 1009 2233 sim.
1036 2177 1220 2232 Tanta:
1243 2187 1370 2232 sunt
1401 2178 1544 2230 enim
1571 2177 1838 2246 myriadcs
1868 2188 2238 2246 peccatorum,

675 2283 730 2324 ut
758 2273 967 2324 etiamsi
1011 2270 1228 2340 plurimi
1259 2269 1486 2323 salutem
1525 2277 1952 2338 consequantur,
1990 2285 2132 2324 unus
2160 2278 2242 2323 ta-

673 2377 815 2425 men,
846 2367 924 2413 tot
955 2359 1289 2429 myriadibus
1315 2357 1635 2425 comparati,
1663 2357 1970 2409 videantur.

743 2453 795 2506 9.
859 2451 989 2504 Tota
1035 2451 1121 2504 die
1152 2450 1540 2518 exprobrabant
1575 2449 1705 2500 mihi
1742 2446 1946 2499 inimici
1979 2445 2098 2497 mei.
2143 2443 2240 2496 Ri-

669 2545 881 2600 diculus
910 2544 986 2597 fni
1015 2543 1248 2598 inimicis
1277 2544 1412 2595 meis
1445 2562 1455 2594 :
1499 2549 1551 2594 et
1579 2540 1672 2608 qui
1707 2540 1834 2592 olim
1862 2538 1992 2592 mihi
2030 2537 2238 2590 invide-

671 2639 817 2699 bant,
868 2638 1128 2689 a.lversus
1179 2649 1326 2688 meas
1356 2633 1692 2687 calamitates
1731 2632 1938 2701 jurant,
1986 2639 2239 2698 rogantes

670 2746 735 2782 ne
761 2730 862 2781 sibi
911 2728 1062 2796 paria
1101 2726 1436 2795 contingant.
1477 2725 1608 2777 lllud
1640 2733 1843 2788 autem,
1886 2739 2005 2776 cum
2044 2723 2236 2788 cinere,

668 2820 950 2873 consimile
981 2830 1062 2872 est
1107 2817 1506 2887 septuagesimo
1551 2831 1694 2869 nono
1724 2815 1975 2883 psalmo:
2023 2812 2236 2866 Cibabis

667 2931 760 2967 nos
816 2930 948 2982 pane
981 2913 1340 2981 lacrymarum
1397 2908 1461 2961 ⁸³.
1518 2907 1674 2972 Quod
1736 2907 1781 2960 si
1826 2906 1930 2960 cibi
1989 2905 2237 2959 sumendi

669 3021 881 3076 tempus
939 3006 1126 3058 dolore
1177 3003 1398 3071 plenum
1451 2998 1574 3063 fuit,
1626 2998 1712 3049 vix
1757 2997 1901 3050 aliud
1946 2996 2234 3065 quodpiam

666 3109 879 3165 tempus
930 3095 1085 3148 malis
1133 3106 1364 3145 vacuum
1399 3089 1522 3144 erit.
1562 3088 1630 3141 Et
1677 3089 1767 3156 qui
1809 3087 2102 3142 laudabant
2155 3104 2234 3142 me

665 3191 943 3242 adversum
970 3202 1047 3238 me
1071 3184 1345 3253 jurabant.
1396 3181 1458 3234 Et
1489 3181 1673 3245 amici,
1719 3181 1916 3250 inquit,
1963 3179 2058 3250 qui
2104 3178 2234 3233 olim

666 3280 957 3335 laudabant
989 3293 1093 3342 me,
1150 3291 1299 3331 meas
1350 3275 1689 3330 calamitates
1747 3274 1800 3326 in
1849 3272 2234 3342 jusjurandum

665 3371 995 3425 adhibebant
1038 3368 1321 3421 dicentes:
1359 3364 1516 3419 Absit
1563 3376 1620 3419 ut
1659 3366 1786 3420 talia
1837 3367 2012 3435 patiar
2055 3363 2236 3434 qualia

663 3464 832 3516 Israel
874 3463 886 3514 !

733 3552 818 3604 1θ.
884 3551 1023 3615 Quia
1050 3552 1273 3602 cinerem
1311 3561 1563 3618 tanquam
1602 3566 1790 3619 panem
1824 3547 2231 3604 mandncabam.

663 3642 772 3696 Ant
801 3641 1136 3695 calamitates
1172 3640 1499 3709 captivitatis
1548 3640 1837 3710 signiﬁcat,
1864 3651 1957 3694 aut
1988 3638 2234 3693 alllictio-

664 3751 785 3789 nem
819 3749 926 3805 qua
958 3750 1015 3789 se
1039 3735 1406 3800 macerabant,
1451 3743 1510 3788 ut
1534 3736 1767 3805 populus
1797 3733 2230 3789 misericordiam

663 3837 1110 3898 consequeretur.

737 3921 822 3972 11.
885 3919 1024 3982 Quia
1055 3918 1259 3971 elevans
1302 3916 1523 3970 allisisti
1552 3933 1652 3969 me.
1696 3914 1858 3970 Solus
1890 3913 2053 3969 Israel
2085 3913 2230 3968 enim

640 4028 726 4067 ex
757 4010 1012 4065 omnibus
1053 4009 1303 4079 gentibus
1333 4009 1580 4064 excelsus
1615 4015 1751 4073 erat,
1793 4007 1993 4076 quippe
2020 4005 2113 4076 qui
2141 4021 2231 4060 so-

664 4105 747 4160 lus
781 4105 1030 4159 notitiam
1061 4105 1172 4158 veri
1203 4103 1294 4157 Dei
1328 4102 1570 4156 haberet.

732 4195 819 4249 12.
881 4194 1002 4248 Dies
1059 4195 1159 4247 mei
1220 4194 1355 4246 sicut
1392 4193 1578 4246 umbra
1622 4183 2051 4245 declinaverunt.
2103 4189 2227 4245 Dies

661 4300 791 4338 suos
820 4283 896 4336 ait
927 4292 1232 4336 transactus
1258 4285 1310 4335 in
1339 4282 1496 4352 legali
1522 4283 1694 4346 cultu,
1718 4283 1812 4351 qui
1848 4293 2073 4337 vocatur
2106 4298 2227 4335 um-

662 4376 758 4428 bra
794 4374 1100 4428 futurorum
1132 4375 1424 4428 bonorum.
1473 4373 1540 4427 Et
1575 4390 1667 4444 ego
1703 4375 1838 4428 sicut
1865 4374 2043 4443 fenum
2082 4375 2224 4426 arui.

661 4463 819 4528 Illud,
851 4481 964 4534 ego,
991 4465 1226 4534 positum
1268 4475 1352 4520 est
1392 4482 1512 4535 pro,
1539 4466 1783 4536 populus,
1818 4482 1966 4531 nam,
2001 4473 2061 4520 ut
2089 4465 2223 4528 dixi,

1545 419 1601 470 S.
1645 417 2010 474 ATllANASll
2053 417 2200 473 OPP.
2237 418 2414 473 PARS
2452 418 2539 474 111.
2574 447 2642 460 ——-
2672 419 3078 475 EXEGETICA.

3823 425 3924 480 428

2421 538 2546 588 Ὅτι
2569 536 2848 600 ἐξέλιπον
2893 537 3031 589 ὡσεὶ
3065 535 3292 601 καπνὸς
3324 538 3381 589 al
3418 537 3621 604 ἡμέραι
3643 555 3784 606 μου,
3824 543 3922 594 καὶ

2356 628 2426 680 τὰ
2458 627 2608 682 ὀστᾶ
2634 647 2750 696 μου
2775 629 2915 680 ὡσεὶ
2949 630 3200 698 φρύγιον
3230 633 3717 697 συνερρύγησαν.
3742 632 3927 684 Ταῦτα

2358 717 2455 784 μὲν
2495 717 2837 787 ὑπεράνωθεν
2891 718 2988 786 τὴν
3039 718 3330 788 ἑρμηνείαν
3385 718 3591 780 ἔλαϐον,
3626 719 3927 788 ῥηθήσεται

2352 809 2407 860 δὲ
2443 811 2534 862 καὶ
2563 807 2739 873 αὖθις.
2763 813 2919 864 Πᾶσα
2953 811 3063 881 γὰρ
3112 811 3340 880 δύναμις
3374 812 3572 873 αὐτῶν,
3605 813 3673 864 δι’
3709 808 3777 882 ἦς
3803 828 3926 865 συν·

2353 906 2595 971 ειστήκει
2635 903 2699 955 τὰ
2754 903 2853 971 τῆς
2880 904 3019 955 κατὰ
3039 904 3198 972 νόμον
3228 902 3502 972 λατρείας,
3537 903 3802 974 διεφθάρη
3828 905 3926 957 καὶ

2351 993 2643 1046 ἀπόλιιιλεν.
2678 991 2783 1045 Ἦν
2828 994 3082 1045 δὲταῦτα
3232 992 3629 1064 ἀρχιερωσύνη,
3685 995 3713 1044 6
3773 993 3924 1057 ναὸς,

2349 1085 2406 1134 αἱ
2454 1084 2539 1135 διὰ
2586 1084 2693 1136 τῶν
2751 1083 3081 1154 θρεμμάτων
3135 1082 3338 1148 θυσίαι,
3390 1085 3422 1151 ἡ
3471 1081 3763 1150 αὑτονομία
3826 1081 3924 1132 τού

2347 1177 2550 1238 ἔθνους.

2430 1269 2747 1338 Ἐγενήθην
2774 1269 2912 1321 ὡσεὶ
2949 1267 3304 1335 νυκτικῲαξ
3329 1267 3398 1320 ἐν
3418 1265 3724 1330 cius-3.66m.
3754 1265 3927 1316 Τοῦτό

2348 1379 2479 1432 φησι
2517 1362 2603 1414 διὰ
2628 1362 2716 1414 τὸν
2745 1361 3104 1430 κατειληψότα
3139 1361 3325 1413 σκότον
3358 1360 3446 1411 τὸν
3478 1360 3623 1412 λαόν·
3649 1357 3925 1425 ἀγνωσίαν

2345 1453 2452 1522 γὰρ
2479 1452 2603 1522 ἔσχε
2627 1451 2786 1506 Θεοῦ.
2833 1453 2897 1503 Τί
2925 1452 2978 1503 δὲ
3014 1451 3106 1503 τοῦ
3153 1451 3540 1520 νυκτικόρακος
3596 1449 3710 1502 ἁλλ’
3747 1448 3780 1517 ῆ
3825 1447 3920 1499 τοῦ

2350 1546 2475 1616 βοᾷν
2502 1545 2642 1598 κατὰ
2662 1544 2760 1607 τὰς
2793 1544 2993 1606 νύκτας
3035 1543 3181 1604 ἴδιον,
3211 1543 3332 1596 ὅθεν
3362 1541 3565 1610 ταύτην
3609 1540 3708 1609 τὴν
3751 1556 3891 1609 προσ
3910 1569 3922 1577 -

2345 1638 2570 1707 ηγορίαν
2614 1636 2839 1706 ἐλαχεν;
2911 1636 3125 1703 Ἐπειδὴ
3171 1635 3350 1686 τοίνυν
3405 1632 3694 1702 παννύχιον
3750 1631 3921 1683 ἐποίει

2347 1728 2800 1798 προσευχόμενος,
2859 1727 3170 1793 ἀναγκαίως
3231 1725 3419 1778 ἑαυτὸν
3454 1722 3794 1794 παραϐάλλει
3842 1720 3922 1789 τῷ

2345 1818 2720 1887 νυκτικόρακι.

2427 1909 2813 1977 Ἥῃούπνησα
2847 1909 2941 1960 καὶ
2970 1909 3258 1978 ἐγενόμην
3305 1907 3385 1972 ὡς
3449 1907 3770 1973 στρουθίον
3809 1922 3920 1975 μου

2343 2003 2519 2061 νάζον
2545 2003 2641 2055 ἐπὶ
2693 2002 2931 2070 δώματι.
2997 2001 3156 2068 Ἐγὼ,
3200 2001 3382 2070 φησιν,
3440 2001 3468 2052 6
3527 1999 3708 2069 μὴτῷ
3746 1999 3922 2069 καιρῷ

2340 2096 2439 2164 τῆς
2467 2094 2738 2164 ἁμαρτίας
2766 2094 3218 2164 κατειλημμένος,
3251 2092 3502 2145 τοσοῦτον
3532 2091 3917 2162 κατελείφθην,

2340 2187 2413 2249 ὡς
2470 2187 2563 2238 καὶ
2613 2186 2693 2238 ἑνὶ
2746 2186 2978 2238 ἐοικέναι
3033 2185 3316 2254 στρουθίῳ·
3348 2185 3455 2237 ἀπὸ
3501 2183 3608 2255 γὰρ
3640 2183 3920 2254 μυριάδων

2338 2276 2627 2338 τοσούτων,
2655 2277 2702 2327 εί
2731 2277 2822 2328 καὶ
2846 2275 3063 2336 πλείους
3096 2271 3233 2344 ἦσαν
3285 2277 3333 2325 οἱ
3385 2274 3703 2344 σωζόμενοι,
3745 2275 3826 2326 ἑνὶ
3854 2273 3919 2326 ἂν

2341 2366 2707 2435 παρεῦἀλοντο
2735 2367 2808 2428 ὡς
2845 2366 2978 2434 πρὸς
3006 2364 3100 2426 τὰς
3133 2365 3418 2434 μυριάδας.

2413 2457 2606 2522 Ὅλην
2630 2454 2742 2520 τὴν
2769 2455 2995 2522 ἡμέραν
3031 2454 3327 2513 ὠνείδιζόν
3351 2471 3427 2523 με
3455 2458 3509 2508 ol
3539 2456 3746 2524 ἐχθροί
3777 2470 3914 2523 μου.

2339 2548 2752 2615 Καταγὲλαστος
2787 2549 3053 2617 ἐγενόμην
3092 2550 3206 2608 τοῖς
3254 2548 3594 2617 δυσμενέσιν·
3655 2551 3705 2601 oi
3733 2549 3791 2602 δὲ
3814 2550 3919 2602 πάο

2337 2639 2425 2691 λαι
2467 2657 2532 2709 με
2579 2637 2865 2708 ζηλοῦντες
2919 2640 3059 2692 κατά
3087 2639 3196 2691 τῶν
3230 2639 3377 2708 ἐμῶν
3408 2640 3669 2708 ὀμνύουσι
3705 2658 3916 2710 συμφο-

2342 2732 2468 2801 ρῶν,
2493 2731 2771 2799 εὐχόμενοι
2800 2731 2875 2800 μὴ
2908 2729 2997 2784 ἶσα
3025 2731 3232 2784 παθεῖν.
3257 2732 3329 2784 Τὸ
3360 2731 3435 2795 δὲ,
3471 2749 3622 2799 μετα
3656 2733 3915 2794 σποδοῦ,

2336 2824 2468 2876 αὐτὸ
2497 2822 2872 2893 παραπλήσιον
2931 2823 3008 2892 τῷ
3047 2823 3430 2894 ἑϐδομηκοστῷ
3461 2825 3667 2894 ἐννὰτῳ
3695 2825 3914 2894 ψαλμῷ-

2344 2912 2591 2980 Ψωμιεῖς
2628 2911 2784 2982 ἡμᾶς
2817 2914 2970 2982 apto)
2988 2913 3278 2982 δακρύων.
3325 2916 3386 2966 Εἰ
3417 2915 3472 2966 δὲ
3505 2917 3533 2966 6
3577 2915 3675 2983 τῆς
3711 2915 3918 2986 τροφῆς

2338 3006 2524 3075 καιρὸς
2581 3006 2773 3074 ὀδύνης
2829 3006 3039 3077 ὑπῆρχε
3076 3008 3290 3077 μεστὸς,
3341 3009 3502 3078 σχολῇ
3559 3010 3610 3076 γ’
3643 3008 3710 3061 ἂν
3761 3009 3918 3070 ἄλλος

2335 3099 2648 3169 ἀπήλλακτο
2700 3099 2926 3163 πάθους.
2979 3101 3088 3154 Καὶ
3135 3105 3187 3154 ol
3237 3101 3626 3167 ἐπαινοῦντές
3660 3119 3740 3170 με
3788 3103 3915 3154 κατ’

2263 3227 2308 3286 c
2338 3188 2478 3258 ἐμοῦ
2504 3190 2758 3258 ὤμνυον.
2794 3190 2899 3244 Καὶ
2926 3191 2974 3243 οἱ
3006 3191 3168 3260 φίλοι,
3209 3193 3389 3262 φησὶν,
3415 3193 3463 3244 οἱ
3512 3194 3677 3246 πάλαι
3702 3193 3917 3264 θαυμά-

2340 3280 2523 3344 ζοντές
2559 3299 2648 3351 με.
2677 3283 2839 3352 ὅρκον
2895 3284 3172 3335 ἐποιοῦντο
3195 3284 3292 3346 τὰς
3328 3283 3465 3352 εμὰς
3498 3284 3805 3355 συμφορὰς,
3832 3284 3917 3338 λέ-

2337 3389 2540 3439 γοντες·
2574 3373 2664 3442 Μὴ
2703 3373 2770 3426 τά
2799 3372 2934 3424 αὐτὰ
2953 3372 3028 3442 τῷ
3067 3372 3281 3443 Ἰσραὴλ
3309 3373 3568 3442 πάθοιμιί

2405 3553 2523 3604 Ὀτι
2546 3550 2779 3605 σποδὸν
2802 3552 2943 3606 ὡσεὶ
2971 3551 3149 3620 ἄρτον
3175 3553 3418 3621 ἔφατον.
3453 3552 3522 3604 Ἢ
3556 3551 3654 3612 τάς
3703 3567 3916 3621 συμφοο

2339 3643 2437 3714 ράς
2463 3643 2561 3706 τὰς
2592 3645 2649 3695 ἐν
2676 3645 2741 3714 τῇ
2789 3644 3132 3714 αἰχμαλωσίᾳ
3166 3644 3437 3715 σημαίνει,
3472 3643 3504 3714 ἢ
3538 3642 3637 3714 τὴν
3667 3643 3917 3697 κακοπάο

2334 3735 2486 3790 θείαν
2532 3738 2599 3808 ἢν
2662 3738 2941 3790 ἐποιοῦντο
2996 3738 3135 3808 ὑπὲρ
3196 3737 3290 3790 τοῦ
3355 3736 3763 3807 οἰκτειρηθῆναι
3825 3736 3916 3789 τὸν

2333 3831 2480 3882 λαόν.

2406 3921 2533 3973 Ὀτι
2563 3919 2788 3988 ἐπάρας
2817 3918 3181 3987 κατέρῤαξάς
3203 3935 3298 3987 με.
3327 3920 3501 3983 Μόνος
3531 3920 3639 3991 γὰρ
3660 3921 3722 3986 ἐξ
3750 3923 3918 3976 ἀπάν-

2331 4030 2437 4065 των
2465 4009 2573 4064 τῶν
2604 4011 2772 4064 ἐθνῶν
2806 4011 3006 4082 ὑψηλὸς
3049 4006 3116 4080 ἦν
3149 4011 3176 4061 6
3231 4011 3356 4074 λαὸς
3400 4012 3632 4084 Ἰσραὴλ,
3682 4014 3778 4066 ἆτε
3823 4015 3915 4068 καὶ

2335 4106 2495 4174 μόνος
2521 4103 2723 4172 γνῶσιν
2752 4102 2889 4174 ἔχων
2913 4101 3007 4155 τοῦ
3037 4101 3289 4172 ἀληθινοῦ
3319 4103 3451 4156 Θεοῦ

2399 4198 2469 4249 Al
2503 4195 2712 4263 ἡμέραι
2735 4213 2852 4264 μου
2877 4197 3019 4251 ὡσεὶ
3068 4197 3209 4251 σκιὰ
3257 4198 3606 4263 ἐκλίθησαν.
3665 4198 3912 4269 Ἡμέρας

2330 4285 2494 4340 αὐτοῦ
2529 4287 2625 4356 τῆς
2664 4286 2896 4356 νομικῆς
2947 4287 3202 4356 λατρείας
3265 4284 3402 4341 εἷναί
3439 4305 3621 4358 φησιν,
3663 4289 3789 4359 ἥτις
3821 4291 3914 4343 καὶ

2332 4378 2457 4430 σκιά
2483 4376 2587 4430 τῶν
2617 4378 2913 4448 μελλόντων
2942 4379 3158 4448 ἀγαθῶν
3200 4379 3544 4448 ὀνομάζεται.
3573 4381 3746 4450 Κάγὼ
3769 4382 3914 4435 ὡσεὶ

2330 4474 2541 4540 χόρτος
2571 4470 2928 4538 ὲξηράνθην.
2961 4472 3052 4532 Τὸ,
3114 4471 3248 4539 ἐγὼ,
3291 4472 3410 4524 ἀντὶ
3464 4473 3580 4533 τοῦ,
3643 4475 3675 4525 ό
3738 4476 3912 4540 λαός.

661 4558 842 4611 omnia
890 4573 1010 4627 quin
1059 4560 1125 4612 ad
1177 4560 1435 4628 populum
1493 4560 1762 4629 pertinent
1796 4561 1954 4628 quasi
2007 4558 2225 4628 propria

2338 4565 2746 4615 Οἰκειοποιεῖται
2769 4563 2894 4634 γὰρ,
2924 4563 2999 4625 ὼς
3040 4562 3194 4633 ἔφην,
3229 4563 3404 4616 πάντα
3434 4564 3503 4616 τὰ
3527 4564 3620 4616 τοῦ
3649 4563 3805 4619 λαοῦ.

661 4650 763 4702 sibi
801 4651 1068 4704 attribuit.

733 4739 820 4794 15.
878 4739 1140 4804 Quoniam
1173 4741 1482 4809 placuerunt
1521 4744 1684 4797 servis
1716 4743 1820 4796 tuis
1855 4743 2055 4811 lapides
2095 4744 2231 4813 ejus,

659 4841 709 4885 et
755 4843 910 4886 terrae
952 4833 1065 4901 ejus
1114 4834 1520 4891 miscrebuntur.
1557 4836 1786 4904 Lapides
1825 4846 1983 4891 vocat
2013 4851 2107 4891 eos
2139 4838 2232 4907 qui

661 4933 784 4992 post
829 4929 1282 4979 resurrectEonem
1339 4927 1695 4983 crediderunt
1741 4929 1796 4982 in
1842 4929 2148 4996 Christum,
2181 4939 2234 4984 et

664 5016 789 5069 tacti
826 5025 953 5070 sunt
989 5015 1194 5084 lapides
1237 5017 1431 5080 sancti,
1489 5018 1792 5072 secundum
1833 5018 2115 5074 Zachariae
2137 5035 2234 5073 vo-

663 5121 779 5158 cem
813 5124 823 5158 ;
852 5121 1037 5162 δεῖνος
1065 5116 1245 5161 autem
1262 5117 1652 5163 voeatsanctos
1679 5112 1972 5178 apostolos,
2000 5125 2232 5180 quorum

663 5212 824 5263 opt-ra
855 5199 947 5264 qui
989 5201 1336 5254 crediderunt
1364 5202 1417 5254 in
1447 5200 1723 5257 Christum
1759 5203 1892 5256 salvi
1925 5202 2054 5257 facti
2085 5213 2231 5258 sunt.

665 5281 890 5337 Terram
933 5297 1134 5347 autem.
1169 5290 1415 5358 populos,
1468 5293 1560 5359 qui
1605 5293 1782 5348 adhuc
1816 5301 2032 5348 terreno
2084 5309 2235 5348 more

666 5374 875 5435 vivunt.
905 5387 958 5430 et
1010 5377 1186 5432 adhuc
1230 5396 1334 5434 non
1389 5383 1639 5445 credunt,
1687 5401 1825 5454 quos
1875 5387 2233 5440 commisera-

668 5465 816 5518 tione
845 5465 1038 5535 dignos
1081 5469 1175 5524 ait.
1211 5468 1511 5526 Servantur
1540 5484 1720 5529 autem
1770 5477 2010 5545 reliquiae
2041 5477 2108 5531 ad
2134 5494 2233 5532 no-

670 5561 952 5613 vissimum
982 5579 1154 5630 usque
1176 5563 1338 5629 diem;
1366 5567 1466 5635 ipsi
1495 5569 1639 5622 enim
1671 5583 1764 5638 per
1793 5568 1964 5625 Eliam
1997 5571 2233 5640 prophe-

669 5659 776 5703 tam
809 5653 1041 5707 salutem
1068 5669 1490 5728 consequentur.

733 5806 778 5836 "
821 5805 962 5864 l‘sal.
1002 5828 1194 5874 usus,
1237 5816 1290 5870 6.

2409 4743 2535 4794 Ὅτι
2583 4739 2933 4807 ηὐδόκησαν
2986 4743 3041 4794 οι
3091 4739 3299 4794 δοῦλοί
3347 4758 3462 4795 σου
3503 4742 3645 4807 τοὺς
3700 4745 3911 4812 λίθους

2335 4833 2544 4902 αὐτῆς,
2573 4835 2670 4887 καί
2699 4833 2804 4886 τὸν
2830 4833 3189 4903 χοῦναὺτῆς
3219 4835 3685 4905 οίκτειρήσουοί.
3714 4838 3912 4902 Λίθους

2339 4927 2436 4996 μὲν
2477 4928 2603 4989 τοὺς
2661 4927 3052 4989 πιστεύσαντας
3085 4928 3163 4988 εἰς
3206 4927 3439 4997 Χριστὸν
3477 4928 3613 4997 μετά
3647 4932 3746 4998 τὴν
3779 4931 3912 4983 ave.

2337 5020 2523 5074 στασίν
2549 5036 2700 5090 φησι,
2735 5021 2825 5072 καὶ
2848 5021 3168 5090 γενομένους
3193 5021 3372 5083 λίθους
3399 5022 3607 5089 ἁγίους,
3641 5025 3782 5077 κατά
3815 5024 3912 5094 τὴν

2337 5111 2606 5182 Ζαχαρίου
2637 5114 2839 5182 φωνήν·
2866 5111 3082 5177 δούλους
3107 5113 3162 5165 δὲ
3208 5114 3333 5176 τοὺς
3365 5114 3550 5182 ἁγίους
3577 5116 3917 5180 ἀποστόλους

2337 5206 2488 5275 φησὶ,
2518 5206 2584 5258 δι’
2614 5200 2687 5258 ὧν
2718 5206 2998 5277 ἐσώθησαν
3024 5210 3070 5260 οἱ
3093 5207 3478 5270 πιστεύσαντες
3523 5211 3605 5271 είς
3654 5211 3907 5280 Χριστόν.

2334 5296 2478 5348 Χοῦν
2505 5296 2560 5348 δὲ
2591 5298 2714 5358 τοὺς
2732 5297 2914 5360 λαοὺς,
2945 5299 3070 5362 τοὺς
3100 5298 3178 5351 ἐτι
3204 5299 3525 5371 χοῖκώτερον
3558 5299 3788 5364 ζῶντας,
3818 5302 3910 5355 καὶ

2335 5387 2413 5439 ἐτι
2447 5387 2541 5439 νῦν
2572 5387 2950 5450 ἀπιστοῦντας,
2982 5390 3076 5441 καὶ
3107 5389 3301 5453 αὐτοὺς
3327 5391 3382 5444 δὲ
3414 5393 3716 5462 οἰκτιρμῶν
3747 5413 3910 5465 φησιν

2336 5481 2518 5545 ἀξίους
2547 5475 2706 5532 εἶναι.
2741 5480 2994 5551 Τηρεῖται
3024 5481 3132 5554 γὰρ
3182 5485 3261 5546 εἰς
3289 5485 3387 5555 τὴν
3433 5483 3669 5556 ἐσχάτην
3697 5488 3908 5557 ἡμέραν

2334 5574 2393 5626 τὸ
2421 5573 2688 5641 λείψανον·
2725 5574 3057 5645 σωθήσονται
3105 5576 3213 5648 γὰρ
3245 5577 3339 5630 καὶ
3391 5575 3545 5630 αὐτοὶ
3603 5577 3692 5631 διὰ
3732 5579 3908 5632 Ἡλίου

2333 5665 2425 5716 τοῦ
2460 5667 2754 5737 προφήτου.
