4126 6478
196 420 288 482 ιῖθ
1308 411 1669 467 EXPOSITIO
1704 410 1759 463 ΙΝ

1862 407 2140 466 SALMUM
2180 408 2267 462 Cl.

3314 400 3414 453 130

259 534 357 587 Kal
387 533 833 601 φοϐηθήσονται
873 531 943 584 τὰ
967 530 1110 595 ἔθνη
1153 528 1218 581 τὸ
1269 527 1453 595 ὄνομα
1504 528 1742 593 Κυρίου.

1925 524 2008 576 16.
2075 522 2140 576 Et
2199 522 2445 573 timebunt
2481 528 2651 588 gentes
2698 534 2883 571 nomen
2938 515 3169 568 Domini.
3218 514 3414 569 Merito

200 627 414 686 ιῖἱκίοηος
445 627 650 695 ys:ng
681 624 771 676 τοῦ
805 624 1110 691 εὐδοκῆσαι’
1142 620 1266 682 τοὺς
1294 619 1472 680 λίθους
1500 617 1592 670 τοῦ
1622 633 1750 686 προ-

197 720 338 786 τέρου
370 717 497 768 λαοῦ
534 718 644 768 τῶν
671 715 836 768 ἐθνῶν
869 713 1219 766 ὲπισυνάπτει
1254 713 1351 780 τὴν
1395 710 1607 779 κλῆσιν.
1643 710 1750 762 Καὶ

203 809 404 874 πάντες
433 812 486 861 ol
529 808 811 873 βασιλεῖς
837 806 942 873 τῆς
994 805 1105 875 γῆς
1147 805 1260 871 τὴν
1292 803 1477 866 δόξαν
1509 819 1643 854 σου.
1692 802 1752 851 Οἱ

202 900 421 968 βασιλεῖς
477 901 600 951 ἀντὶ
631 899 746 962 τοῦ,
783 901 836 952 αἱ
885 897 1167 968 βασιλεῖαι.
1205 897 1277 947 Οὐ
1314 894 1421 966 γάρ
1454 896 1567 945 ἐστι
1604 893 1751 960 βασι-

199 988 302 1039 λεία
330 987 446 1039 οὐδὲ
478 987 689 1060 ἕθνοςβ
719 988 789 1057 μὴ
822 989 1112 1058 προσκυνεῖ
1164 984 1258 1054 τὴν
1306 984 1460 1046 δόξαν
1490 982 1712 1052 Κυρίου.

263 1079 794 1162 Ὂτισοὶκοδοιιήσει
852 1081 1060 1146 Κίιριος
1109 1078 1224 1143 τὴν
1279 1076 1447 1130 Σιών.
1501 1075 1751 1127 Τουτὲστι

196 1171 284 1242 τὴν
317 1171 662 1240 Ἐκκλησίαν.

272 1266 634 1331 Ἐπέόλεψεν
660 1262 756 1315 ἐπὶ
790 1262 901 1328 τὴν
925 1261 1271 1329 προσευχὴν
1300 1261 1416 1314 τῶν
1439 1257 1748 1313 ταπεινῶν.

201 1355 409 1424 Ἔλεγον
458 1356 568 1425 γὰρ
603 1356 649 1406 οἱ
683 1356 905 1417 ἑαυτοὺς
929 1354 1306 1417 ταπεινοῦντες
1335 1353 1755 1424 προσευχόμενοι

201 1447 476 1516 προφῆται.
515 1446 627 1496 Καὶ
662 1444 744 1507 σὺ,
799 1445 968 1516 Κύριε
1006 1447 1034 1496 ὁ
1068 1445 1197 1508 Θεὸς
1244 1445 1475 1516 Ἰσραὴλ,
1523 1445 1755 1514 πρόσχες

195 1536 281 1589 τοῦ
303 1537 697 1603 ἐπισκέψασθαι
737 1538 910 1590 πάντα
933 1538 999 1590 τὰ
1025 1538 1171 1608 ἔθνη.

260 1629 548 1697 Γραρήτω
575 1631 724 1696 αὕτη
768 1634 854 1695 είς
888 1630 1098 1699 γενεὰν
1145 1630 1373 1697 ἑτέραν.
1419 1629 1481 1681 Ἠ
1525 1629 1613 1683 διὰ
1664 1627 1755 1682 τοῦ

198 1718 397 1787 ψαλμοῦ
429 1722 730 1791 προσευχὴ,
761 1723 852 1772 καὶ
884 1724 915 1791 ἡ
945 1722 1070 1790 περὶ
1119 1720 1223 1772 τῶν
1249 1718 1416 1772 ἐθνῶν
1462 1719 1758 1786 ἐπαγγελία

200 1815 660 1885 προφητευομένη,
698 1813 946 1884 καθάπερ
968 1816 1024 1865 ὲν
1060 1813 1226 1883 στήλῃ
1269 1811 1576 1864 τυπωθεῖσα
1615 1811 1757 1863 δέδο-

1855 616 1981 669 dirm
2014 615 2227 683 placent
2279 611 2481 680 lapides
2512 609 2704 677 prioris
2731 608 2914 678 populi
2964 606 3243 676 suhjungit
3281 620 3411 675 gen-

1856 707 1990 758 tium
2047 703 2402 757 vocationem.
2460 699 2526 752 Et
2579 717 2751 753 omnes
2803 716 2942 768 reges
2997 710 3146 752 terra:
3191 698 3415 767 gloriam

1857 807 2022 850 tuam.
2081 794 2253 863 Reges
2286 794 2519 858 positum
2552 807 2649 860 pro
2683 805 2866 859 regna.
2922 786 3036 842 Non
3093 795 3174 841 est
3218 787 3417 854 quippe

1854 903 2079 956 regnum
2122 901 2295 954 neque
2326 900 2456 952 gens
2484 898 2604 952 quae
2649 899 2753 936 non
2803 881 2990 935 adoret
3024 880 3250 950 gloriam
3307 879 3411 932 Do-

1857 982 2011 1034 mini.

1935 1073 2024 1126 17.
2085 1072 2219 1136 Quin
2267 1069 2547 1137 wdiﬁcabit
2591 1067 2846 1120 Dominus
2878 1065 3025 1120 Sion.
3077 1063 3132 1118 Id
3170 1072 3274 1128 est,
3316 1062 3418 1116 Ec~

1859 1164 2100 1218 clesiam.

1931 1255 2017 1310 18.
2089 1254 2326 1322 Respexit
2368 1255 2423 1306 in
2467 1253 2756 1305 orationem
2809 1247 3111 1303 humilium.
3158 1246 3421 1301 Dicebant

1857 1349 2053 1418 quippe
2090 1337 2364 1416 p'rophete
2393 1345 2519 1398 dum
2545 1343 2748 1397 orando
2790 1356 2909 1396 sese
2938 1340 3312 1393 humiliarent.
3350 1337 3419 1388 Et

1857 1450 1934 1504 tu,
1970 1438 2187 1491 Domine
2219 1435 2353 1488 Deus
2389 1433 2579 1497 Israel,
2618 1434 2846 1498 intende,
2893 1432 2961 1485 ad
2987 1431 3280 1484 visitandas
3308 1446 3421 1481 om-

1859 1546 1946 1584 nes
1972 1541 2144 1599 gentes
2173 1527 2241 1581 ⁸⁸.

1930 1623 2018 1676 19.
2078 1619 2352 1675 Sci-ibatur
2395 1619 2502 1672 Iiwc
2547 1619 2602 1670 in
2635 1616 2964 1687 generatione
2992 1614 3183 1667 altera.
3233 1608 3419 1665 Oratio

1861 1715 2070 1769 scilicet
2093 1729 2214 1782 qua:
2239 1713 2291 1764 in
2319 1711 2529 1780 psalmo
2556 1709 2867 1772 effunditur,
2897 1719 2950 1762 et
2973 1705 3261 1772 promissio
3293 1718 3423 1771 gen-

1861 1807 2006 1860 tibus
2035 1805 2348 1875 prophetice
2398 1803 2562 1868 facta,
2620 1802 2779 1870 quasi
2818 1802 2870 1853 in
2927 1801 3086 1869 cippo
3150 1797 3422 1864 insculpta

199 1920 278 1956 ται
338 1909 450 1967 τοῖς
518 1907 813 1968 Ἰουδαίοις,
877 1908 954 1968 είς
1011 1904 1071 1957 τὸ
1122 1904 1476 1972 φυλάττεσθαι
1521 1904 1600 1974 τῷ
1649 1905 1755 1975 νέῳ

1862 1901 2055 1954 tradita
2089 1907 2171 1953 est
2215 1897 2435 1960 Judaeis,
2495 1905 2556 1948 ut
2596 1904 2904 1949 servaretur
2939 1893 3080 1945 ιιι)ἰό
3123 1889 3308 1945 lsraeli
3369 1897 3424 1944 et

210 1995 410 2065 Ἰσραὴλ
436 1997 532 2050 καὶ
559 2000 624 2066 τῇ
655 1997 794 2050 κατὰ
814 1997 1044 2068 Χριστὸν
1064 1998 1242 2067 γενεᾷ.
1275 1997 1382 2050 Καὶ
1411 1998 1559 2062 λαὸς
1580 1999 1612 2050 ὀ
1643 2015 1757 2051 κτι-

198 2085 424 2155 ζόμενος
456 2087 684 2141 αἰνέσει
714 2088 818 2141 τὸν
841 2091 1074 2156 Κύριον.

286 2182 381 2233 Οτι
410 2178 711 2248 ἐξέκυψεν
744 2181 812 2245 ἐξ
847 2181 1043 2250 ὕψους
1067 2181 1236 2250 ἁγίου
1268 2182 1470 2234 αὐτοῦ.
1520 2181 1628 2252 Τὴν
1674 2185 1756 2235 αἰ-

198 2267 307 2323 τίαν
330 2272 458 2340 ἡμῖν
487 2272 588 2342 τῆς
613 2272 857 2343 κλήσεως
876 2273 983 2326 τῶν
1010 2273 1173 2326 ἐθνῶν
1196 2272 1574 2342 παρατίθεται.
1607 2273 1754 2343 Αὕτη

199 2365 250 2418 δέ
277 2369 416 2420 ἐστιν
450 2369 483 2438 ἡ
538 2369 830 2435 ἐπιφάνεια
860 2368 953 2420 τοῦ
987 2369 1236 2439 Σωτῆρος
1292 2367 1450 2438 ἡμῶν
1498 2366 1755 2439 Χριστοῦ,

198 2456 257 2526 ἡν
277 2457 493 2527 ἐποίησε
523 2459 709 2520 κλίνας
730 2459 1008 2528 οὐρανούς.

267 2549 369 2602 Τοῦ
397 2549 658 2604 ἀκοῦσαι
679 2549 785 2603 τὸν
807 2549 1144 2618 στεναγμὸν·
1165 2547 1283 2601 τῶν
1311 2550 1754 2619 πεπεδημένον.

198 2639 296 2692 Καὶ
331 2640 470 2705 τίνες
493 2644 544 2694 οἱ
577 2642 970 2713 πεπεδημένοι,
1028 2642 1060 2713 ἦ
1099 2641 1192 2704 οὓς
1231 2644 1434 2712 σειραῖς
1489 2643 1760 2713 ἁμαρτίας

201 2728 437 2800 ἐσφιγξεν
463 2737 492 2787 ὁ
517 2735 804 2804 μισόκαλος
826 2735 1064 2805 δαίμων;
1100 2733 1207 2787 Τοῦ
1231 2733 1415 2787 λῦσαι
1435 2733 1574 2799 τοὺς
1593 2733 1760 2798 υἱοὺς

203 2821 306 2875 τῶν
330 2825 838 2893 τεθανατωμένων.
899 2826 961 2877 Ol
986 2825 1106 2880 ,υἱοὶ
1152 2824 1259 2877 τῶν
1308 2825 1760 2896 τεθανατωμὲνων

201 2908 300 2966 εἷεν
321 2914 384 2968 ἂν
416 2917 463 2968 οἱ
497 2916 558 2979 ἐξ
581 2915 768 2978 ἐθνῶν,
805 2915 980 2986 καθὴν
1013 2914 1281 2966 ἀπέθανον
1313 2919 1360 2967 οί
1403 2918 1635 2988 πατέρες
1663 2919 1759 2970 αὑ-

201 3005 297 3057 τῶν
323 3008 437 3068 ταῖς
471 3006 629 3068 ἰδίαις
664 3005 958 3076 ἁμαρτίαις
991 3003 1497 3075 εἰδωλολατροῦντες
1518 3006 1617 3059 ἔτι.

268 3102 372 3158 Τοῦ
398 3102 742 3174 ἀναγγεῖλαι
793 3103 863 3156 ἐν
894 3102 1046 3157 Σιὼν
1072 3101 1138 3154 τὸ
1182 3100 1365 3170 ὄνομα
1408 3103 1611 3156 αὑτοῦ.
1655 3105 1762 3156 Καὶ

1855 1992 2174 2046 Christiania
2222 1987 2579 2058 generationi.
2620 1985 2688 2038 Et
2741 1985 2962 2054 populus
3012 1985 3100 2054 qui
3160 1982 3425 2036 creabitur

1857 2082 2099 2135 laudabit
2124 2079 2426 2132 Dominum.

1926 2174 2017 2228 20.
2094 2173 2234 2237 Quia
2263 2168 2529 2239 prospexit
2571 2169 2634 2220 de
2675 2167 2876 2220 excelso
2918 2175 3100 2220 sancto
3131 2181 3246 2218 suo.
3281 2163 3424 2218 Cau-

1858 2279 1972 2317 sam
2003 2262 2156 2315 nobis
2187 2257 2728 2328 apponitvoeationis
2761 2258 3023 2326 gentium.
3066 2255 3190 2309 Haec
3215 2263 3298 2309 est
3325 2271 3424 2308 au-

1858 2364 1964 2409 tem
1992 2354 2252 2406 adventus
2280 2346 2576 2401 Salvatoris
2610 2348 2782 2402 nostri
2818 2348 3042 2410 Christi,
3095 2346 3312 2415 quando
3339 2345 3423 2398 in-

1859 2447 2080 2502 clinavit
2108 2446 2296 2500 oculos.

1929 2540 2018 2593 21.
2081 2537 2146 2592 Ut
2195 2539 2398 2592 audiret
2442 2535 2690 2606 gemitum
2737 2531 3168 2598 compeditorum.
3221 2527 3424 2595 Ecqui-

1859 2647 1982 2686 nam
2037 2631 2348 2699 compediti,
2381 2629 2485 2683 nisi
2519 2643 2657 2696 quos
2686 2625 2892 2682 catenis
2922 2622 3127 2692 peccati
3155 2620 3427 2674 constrin-

1859 2723 1935 2794 git
1977 2722 2242 2775 honorum
2281 2734 2407 2773 osor
2450 2717 2692 2772 dremon?
2735 2715 2798 2768 Ut
2845 2714 3059 2768 solveret
3092 2711 3230 2779 ﬁlios
3265 2711 3420 2763 inter-

1859 2826 2173 2883 emptorum.
2223 2813 2343 2866 Filii
2409 2813 2854 2877 interemptorum
2910 2804 3110 2858 fuerint
3157 2803 3423 2872 gentiles.

1863 2917 2093 2977 quorum
2159 2917 2337 2976 patres
2405 2905 2458 2957 in
2521 2901 2752 2973 propriis
2814 2896 3052 2969 peccatis
3129 2894 3427 2948 idololatrm

1863 3002 2130 3055 obierunt.

1930 3091 2020 3144 22.
2088 3089 2155 3144 Ut
2183 3089 2492 3142 annuntient
2524 3088 2581 3138 in
2609 3084 2737 3138 Sion
2789 3097 2972 3135 nomen
3018 3079 3150 3147 ejus.
3191 3075 3257 3130 Et
3297 3075 3425 3130 illud

201 3194 344 3248 τοῦτὸ
371 3212 503 3266 φησι
525 3168 631 3265 ⁷τῆς
657 3193 878 3249 καθόδου
913 3193 1265 3258 αἷτιον,ὃπως
1284 3168 1325 3264 ἡὴ
1367 3194 1656 3264 Ἐκκλησία
1676 3198 1759 3249 ἀν-

1875 3199 2090 3256 quoque
2121 3184 2196 3237 ait
2238 3191 2321 3235 est
2353 3181 2648 3234 descensus
2699 3191 2884 3236 causa,
2938 3181 2996 3224 ut
3025 3170 3264 3225 Ecclesia
3312 3168 3430 3222 edi-

203 3290 374 3356 υμνεῖν
402 3287 624 3359 μάθοιεν
655 3287 715 3339 τδ
758 3286 928 3358 ὕνομα
982 3285 1166 3339 αὑτοῦ.
1215 3285 1361 3356 Αὕτη
1403 3287 1509 3357 γάρ
1538 3290 1682 3340 ἐστιν
1730 3291 1765 3360 ἡ

204 3373 348 3430 Σιών.

279 3469 376 3531 Ἐν
398 3469 479 3535 τῷ
506 3468 984 3539 ὲπισυναχθῆναι
1009 3469 1198 3536 λαοὺς
1225 3468 1322 3521 ἐπὶ
1350 3468 1414 3522 τὸ
1439 3471 1606 3525 αὐτό.
1648 3472 1766 3526 Τῶν

205 3562 361 3616 ὲθνῶν
408 3565 714 3634 ἑωρακότες
770 3564 857 3617 διὰ
903 3563 997 3616 τοῦ
1049 3561 1355 3632 πνεύματος
1401 3563 1498 3632 τὴν
1549 3566 1642 3615 ἐπὶ
1675 3565 1764 3616 τὸν

203 3652 392 3723 Κύριον
425 3654 745 3724 συναγωγὴν
791 3654 841 3705 οξ
887 3651 1180 3724 προφῆται,
1245 3651 1623 3722 παρεκάλεσαν
1675 3651 1764 3703 καὶ

205 3745 346 3801 αὐτοὶ
369 3745 770 3817 καταξιωθῆναι
793 3744 994 3816 ταύτης
1035 3744 1133 3812 τῆς
1191 3741 1462 3813 μακαρίας
1509 3741 1634 3804 θέας
1670 3742 1763 3793 καὶ

204 3835 296 3907 τῆς
318 3839 423 3892 τῶν
450 3839 789 3911 πραγμάτων
820 3836 1114 3899 ἐκϐάσεως.

280 3931 586 3998 Ἀπεκρίθη
633 3924 793 3991 αὐτῷ
853 3927 923 3979 ἐν
988 3925 1105 3990 ὁδῷ
1168 3925 1380 3994 ἰσχύος
1429 3922 1633 3977 αὑτοῦ.
1703 3923 1761 3975 ’0

207 4023 529 4095 προφητικδς
557 4020 714 4091 χορὸς
749 4019 848 4090 μέν
897 4023 1040 4072 ἐστιν
1096 4019 1124 4070 ὁ
1169 4016 1614 4087 ἀποκρινόμενος,
1645 4014 1761 4083 ἦτοι

208 4113 412 4183 ἐρωτῶν
448 4114 542 4168 τὸν
577 4112 728 4166 Θεόν.
776 4111 922 4166 Ὀδδν
987 4109 1166 4180 ἰσχύος
1211 4106 1374 4160 αὐτοῦ
1405 4105 1501 4176 τὴν
1537 4105 1627 4156 ἐπὶ
1658 4105 1761 4173 γῆς

208 4207 494 4276 παρουσίαν
530 4204 714 4275 φησίν.
753 4199 923 4256 uno:
961 4201 1068 4271 γὰρ
1093 4202 1180 4254 ἵνα
1221 4201 1358 4273 δήσῃ
1400 4202 1490 4253 τὸν
1523 4198 1757 4270 ἰσχυρόν.

212 4296 320 4363 Τὴν
344 4299 660 4369 ὀλιγότητα
696 4295 813 4350 τῶν
845 4291 1078 4364 ἡμερῶν
1098 4312 1216 4362 μου
1247 4293 1601 4363 dmin-etde
1637 4309 1757 4362 μοι.

209 4381 320 4450 Οἷός
347 4389 481 4452 ἐστι,
538 4386 720 4456 φησὶν,
756 4385 784 4438 ὁ
834 4384 1094 4454 ἡμέτερος
1139 4381 1248 4452 βίος
1300 4382 1616 4450 ἁνάγγειλόν
1649 4398 1756 4450 μοι.

1867 3287 2038 3334 sceret
2068 3273 2283 3344 hymnis
2327 3270 2601 3325 celebrare
2646 3280 2846 3319 nomen
2879 3263 3019 3332 ejus.
3064 3260 3184 3330 Ipsa
3229 3259 3430 3329 quippe

1867 3381 1948 3426 est
1988 3369 2138 3422 Sion.

1935 3463 2025 3516 25.
2091 3459 2177 3513 1η’
2197 3456 2541 3512 conveniendo
2581 3451 2800 3522 populos
2844 3451 2896 3502 in
2923 3464 3102 3502 unum.
3134 3445 3270 3501 Cum
3302 3458 3431 3514 pro-

1864 3554 2039 3623 pheta;
2068 3567 2163 3620 per
2189 3549 2438 3617 spiritum
2496 3544 2742 3598 viderent
2781 3537 3258 3610 congregationem
3293 3550 3426 3605 gen-

1863 3646 2000 3700 tium
2048 3641 2114 3696 ad
2144 3640 2443 3694 Christum.
2498 3641 2761 3704 rogarunt
2793 3639 2850 3683 ut
2879 3638 2932 3684 et
2967 3628 3072 3697 ipsi
3129 3627 3234 3681 hoc
3281 3624 3429 3680 felici

1863 3731 2174 3804 spectaculo
2220 3727 2556 3788 fruerentur,
2610 3731 2662 3777 et
2712 3735 2894 3774 rerum
2951 3718 3118 3772 exitu.

1931 3914 2022 3968 24.
2074 3909 2354 3980 Respondit
2393 3908 2440 3960 ei
2467 3907 2522 3958 in
2553 3905 2637 3958 via
2676 3905 2881 3956 virtutis
2915 3916 3044 3955 suas.
3074 3895 3430 3967 Propheticus

1864 4009 2063 4062 chorus
2092 4002 2286 4071 estqui
2318 3996 2625 4068 respondet,
2668 3995 2808 4048 idem
2846 3993 2959 4061 ipse
2999 3991 3092 4060 qui
3135 3991 3431 4056 interrogat

1864 4101 2053 4156 Deum.
2088 4096 2241 4152 Viam
2276 4092 2492 4147 virtutis
2543 4105 2676 4152 sine,
2736 4102 2893 4141 suum
2947 4085 2998 4137 in
3047 4091 3189 4136 terra
3223 4080 3426 4133 adven-

1864 4203 1976 4247 tum
2025 4198 2198 4244 Vocat.
2250 4184 2411 4238 Venit
2447 4181 2646 4251 quippe
2684 4186 2743 4231 ut
2773 4177 2965 4246 ligaret
3021 4170 3238 4226 fortem.
3276 4166 3426 4221 Pau-

1861 4289 2074 4340 citatem
2126 4282 2330 4334 dierum
2379 4291 2609 4328 meorum
2647 4272 2834 4323 nuntia
2874 4268 3021 4321 milii.
3061 4263 3267 4346 ‘Qualis
3320 4260 3425 4324 sit,

1863 4377 2057 4449 inquit,
2092 4374 2201 4427 vita
2241 4379 2423 4424 nostra
2467 4366 2729 4420 annuntia
2770 4361 2923 4414 mihi.
2965 4358 3297 4412 Preca'batur
3327 4369 3428 4407 au-

211 4477 402 4549 Ηῦχετο
601 4449 729 4531 ίδεῖν
765 4481 813 4530 εἰ
846 4449 1037 4547 potius}
1081 4449 1160 4538 είς
1185 4473 1396 4534 ὲκείνας
1421 4449 1517 4535 τὰς
1549 4449 1759 4543 ἡμέρας

1862 4481 1968 4526 tem
1998 4478 2057 4523 ut
2098 4464 2424 4520 indicaretur
2471 4457 2597 4518 sibi,
2643 4468 2772 4507 num
2803 4451 2868 4504 ad
2918 4464 3012 4503 eas
3050 4449 3166 4501 dies
3197 4460 3429 4514 perven-

207 4572 237 4639 ἠ
285 4533 391 4642 Emi;
420 4533 610 4632 αῦτοῦ,
659 4569 780 4622 καθ’
806 4533 871 4631 ἃς
927 4533 1155 4637 ἔμελλεν
1202 4533 1624 4636 ὲνανθρωπῆσας
1661 4533 1759 4617 ’ἐπὶ

1863 4574 1982 4618 tura
2015 4559 2124 4613 vita
2154 4555 2273 4624 ejus
2300 4559 2463 4612 esset,
2509 4547 2705 4617 quibus
2755 4541 2997 4596 futurum
3044 4546 3159 4592 erat
3191 4545 3249 4590 ut
3293 4533 3432 4589 Uni-

210 4661 302 4732 γῆς
328 4661 609 4734 φαίνεσθαι
643 4663 671 4714 ὁ
717 4662 1042 4730 Μονογενής.

268 4755 360 4824 Μὴ
389 4754 698 4824 ἀναγάγῃς
729 4770 803 4821 με
823 4755 892 4806 ὲν
914 4751 1116 4821 ’ἡμίσει
1141 4748 1376 4820 ἡμερῶν
1393 4766 1529 4817 μου.
1555 4748 1761 4816 Ἤμισυ

211 4845 306 4899 τῶν
330 4849 552 4919 ἡμερῶν
582 4846 744 4900 αὑτοῦ
777 4846 894 4914 ἤτοι
942 4844 1039 4913 τῆς
1077 4844 1216 4913 ζωῆς
1277 4843 1333 4876 ’λ
1361 4841 1496 4902 τὲως
1530 4841 1588 4891 ὲν
1627 4839 1761 4890 θεω-

216 4940 296 5010 ρίᾳ
320 4940 568 5008 γενέσθαι
627 4939 725 5010 τῆς
778 4936 1095 5005 ἐπιφανείας
1155 4935 1336 5004 φησίν.
1410 4933 1617 5000 Ηῦχετι.
1671 4925 1762 4982 οὖν

212 5032 547 5104 πληρωθῆναι
572 5029 734 5084 αὑτοῦ
765 5029 855 5082 τὸν
891 5028 1008 5081 ὅλον
1043 5025 1254 5097 χρόνον·
1290 5024 1382 5078 καὶ
1443 5026 1490 5076 εί
1543 5018 1651 5075 οἶόν
1703 5038 1762 5072 τε

213 5123 606 5194 παραταθῆναι
635 5121 729 5192 τὴν
762 5121 904 5191 ζωὴν
939 5117 1124 5181 αὑτοῦ,
1149 5117 1296 5179 ὅπως
1342 5115 1406 5167 ἂν
1457 5116 1551 5167 καὶ
1597 5112 1764 5181 αὐτῆς

190 5217 299 5286 ⁴’τῆς
325 5219 426 5271 τῶν
457 5215 796 5285 πραγμάτων
819 5211 1091 5272 ἐκϐάσεως
1119 5207 1440 5276 καταξιωθῇ.
1477 5205 1632 5262 Οὕτω
1656 5203 1762 5275 γὰρ

213 5311 271 5363 ἂν
303 5311 519 5383 ἔμελλεν
547 5311 581 5381 ἡ
617 5309 762 5361 πᾶσα
798 5306 960 5362 αὑτοῦ
1013 5303 1124 5374 ζωὴ
1158 5299 1511 5373 πληροῦσθαι.
1557 5299 1652 5351 Ἐν
1675 5313 1766 5366 τε·

213 5403 311 5472 γεᾷ
333 5405 552 5473 γενεῶν
570 5402 643 5456 τὰ
668 5401 771 5465 ἐτη
801 5415 937 5453 σου.
973 5399 1136 5459 Γνοὺς
1168 5397 1196 5448 ὁ
1232 5391 1564 5464 προφητικδς
1607 5390 1764 5460 χορὸς

214 5494 292 5548 διὰ
318 5496 407 5549 τοῦ
454 5493 786 5563 πνεύματος,
838 5489 912 5551 ὡς
935 5490 1033 5540 οὐκ
1070 5487 1136 5541 ἂν
1184 5483 1378 5553 φθάσοι
1428 5483 1506 5542 είς
1559 5481 1619 5532 τὸ
1657 5479 1763 5532 τῶν

217 5587 541 5657 πραγμάτων
560 5584 753 5652 πέρας,
780 5579 959 5650 φησίν*
1003 5577 1143 5645 Ἐγὼ
1166 5575 1220 5628 δὲ
1245 5573 1648 5645 κοιμηθήσομαι
1670 5570 1763 5624 an

218 5677 392 5748 θνητὸς
415 5679 510 5733 ὤν’
547 5676 612 5728 σὺ
658 5674 713 5727 δὲ
745 5676 918 5745 μόνος,
945 5665 987 5723 ὦ
1016 5670 1277 5732 Δέσποτα,
1324 5667 1417 5720 καὶ
1448 5665 1526 5726 είς
1555 5663 1766 5724 ὲκείνας

291 5835 330 5864 ⁸⁵
381 5834 523 5891 Psal.
575 5850 694 5890 LVI.
729 5833 780 5886 8.

1865 4653 2076 4726 genitus
2111 4649 2275 4703 homo
2308 4643 2482 4702 factus
2517 4643 2797 4708 appareret
2832 4634 2885 4718 in
2914 4642 3074 4686 terra.

1933 4744 2023 4798 25.
2078 4738 2160 4793 Ne
2212 4751 2413 4790 revoces
2459 4747 2537 4784 me
2588 4727 2879 4782 indimidio
2926 4723 3130 4776 dierum
3173 4735 3427 4772 meorum.

1867 4834 2159 4890 Dimidium
2203 4829 2412 4884 dierum
2441 4823 2559 4892 ejus
2602 4822 2713 4876 sive
2760 4817 2883 4870 vita:
2914 4815 3054 4882 ejus,
3087 4822 3245 4865 vocat
3295 4809 3428 4862 illud

1865 4927 2007 4998 quod
2066 4921 2430 4977 intercedehat
2475 4925 2686 4984 tempus
2731 4909 2904 4963 donec
2948 4905 3235 4959 adventum
3279 4899 3430 4953 vide-

1867 4992 2006 5072 rent.
2070 5016 2246 5082 Rogat
2291 5011 2470 5078 ﬁgitur
2527 5017 2582 5058 ut
2658 5000 2946 5070 impleatur
3001 5004 3171 5048 totum
3215 4992 3430 5059 tempus

1868 5123 2026 5163 suum
2061 5124 2073 5159 :
2105 5113 2158 5158 et
2209 5103 2254 5156 si
2299 5100 2411 5153 ﬁeri
2457 5096 2648 5166 possit,
2683 5092 3012 5163 producatur
3059 5086 3170 5140 vita
3218 5099 3336 5148 sua,
3373 5092 3433 5133 ut

1867 5201 2043 5268 ipsum
2075 5211 2251 5248 rerum
2299 5191 2505 5244 exitum
2545 5186 2727 5239 videre
2786 5182 2981 5250 dignus
3033 5171 3315 5232 habeatur.
3351 5171 3432 5226 ita

1867 5265 2010 5343 enim
2067 5286 2308 5339 futurum
2359 5289 2475 5335 erat
2516 5287 2577 5331 ut
2608 5275 2920 5344 impleretur
2967 5279 3073 5324 tota
3129 5267 3238 5319 vita
3291 5265 3429 5335 ejus.

1868 5381 1932 5436 In
1965 5379 2347 5450 generationem
2380 5383 2428 5428 et
2479 5371 2864 5442 generationem
2912 5363 3037 5418 anni
3077 5363 3173 5415 tui.
3217 5359 3433 5414 Gnarus

1868 5474 2214 5545 propheticus
2239 5470 2438 5524 chorus
2462 5481 2558 5536 per
2588 5463 2858 5532 spiritum,
2903 5471 3008 5512 non
3046 5462 3428 5524 perventurum

1869 5582 1928 5620 se
1970 5565 2034 5618 ad
2084 5564 2343 5618 harumce
2390 5574 2570 5614 rerum
2615 5555 2798 5618 ﬁnem,
2841 5552 2958 5604 ait:
3013 5547 3128 5617 Ego
3177 5558 3305 5598 vero
3334 5545 3434 5598 oh-

1867 5657 2132 5714 dormiam
2170 5664 2355 5724 utpote
2400 5649 2676 5715 mortalis;
2709 5658 2768 5702 tu
2812 5653 2990 5699 autem
3023 5642 3192 5704 solus,
3246 5652 3280 5692 ο
3322 5636 3432 5690 Do-
