4126 6486
664 403 762 455 451

1500 397 1555 452 S.
1601 396 1976 452 ATHANASH
2016 396 2167 452 OPP.
2214 396 2401 451 PARS
2441 397 2522 450 ill.
2565 427 2633 479 -_—-
2674 396 3080 453 EXEGETICA.

3791 402 3897 458 432

664 520 826 581 mine,
864 530 1032 586 usque
1066 516 1133 570 ad
1184 516 1303 571 illas
1345 517 1719 586 generationes
1764 530 2084 585 permaues,
2134 525 2254 578 ut:

2333 517 2507 585 μένεις
2537 514 2634 579 τὰς
2663 515 2873 584 γενεάς,
2912 517 3004 570 ac:
3039 516 3103 586 δὴ
3136 516 3227 567 καὶ
3266 517 3328 570 σὺ
3360 516 3517 579 αὐτὸς
3554 516 3628 581 ὡς
3666 517 3821 588 Θεὸς,
3866 519 3900 574 ὁ

663 621 784 681 pote
814 609 956 664 Deus
982 607 1073 679 qui
1106 608 1275 664 caelos
1301 608 1368 662 ab
1399 609 1553 662 initio
1582 607 1779 662 fecisti.

730 700 819 761 ‘26,
874 698 961 751 27.
1032 696 1145 768 Ipsi
1173 698 1432 767 peribunt,
1486 708 1540 750 tu
1585 708 1777 749 autem»
1804 713 2095 765 permanes.
2142 697 2220 752 Tu

662 792 832 853 solus,
862 790 1058 859 inquit,
1098 803 1131 843 o
1171 788 1414 854 Domine,
1455 788 1807 843 asternitatcni
1854 797 2037 857 utpote
2084 787 2222 842 Deus

662 884 867 937 habes:
912 883 1035 938 eteli
1070 896 1199 936 vero
1248 882 1350 937 etsi
1399 896 1652 951 magnum
1700 890 1755 934 et
1802 862 2062 934 eximium
2115 880 2224 935 sint

659 974 953 1041 opificium,
997 981 1232 1027 attamen
1269 980 1323 1025 et
1353 971 1453 1041 ipsi
1484 970 2220 1040 corruptioni'subjicientnr.

659 1062 950 1131 Corruptio
978 1073 1157 1116 autem
1207 1061 1323 1115 haec
1373 1062 1475 1115 crit
1524 1062 1629 1114 illis
1664 1062 1717 1114 in
1769 1061 2219 1115 renovationem:

662 1155 943 1209 volveutur
982 1156 1127 1210 enim
1174 1155 1227 1208 in
1271 1155 1547 1209 meliorem
1605 1153 1837 1208 formam
1875 1156 2219 1208 commutati.

729 1246 834 1311 28,
884 1245 972 1300 29.
1037 1242 1169 1300 Filii
1196 1263 1461 1300 servorum
1486 1255 1689 1299 tuorum
1721 1246 2051 1299 habitabant.
2087 1244 2220 1299 Nam

660 1353 780 1393 cum
812 1338 935 1395 caeli
971 1340 1160 1392 mutati
1202 1338 1423 1403 fuerint,
1458 1348 1509 1391 et
1556 1347 1815 1391 renovata
1870 1337 2035 1393 fuerit
2079 1354 2224 1393 crea-

660 1439 803 1495 tura,
836 1440 965 1485 tunc
991 1429 1043 1483 in
1071 1430 1292 1484 aeternis
1345 1430 1710 1485 tabernaculis
1747 1431 2031 1484 constituti
2062 1439 2224 1483 erunt

659 1521 754 1575 ﬂiii
781 1536 1057 1575 servorum
1101 1530 1341 1587 tuorum;
1379 1520 1416 1574 ii
1458 1533 1635 1574 autem
1670 1530 1797 1575 sunt
1835 1521 1929 1591 qui
1972 1535 2067 1589 per
2097 1536 2223 1576 san-

656 1622 777 1666 ctos
801 1613 1076 1681 apostolos
1103 1612 1471 1676 crediderunt,
1502 1621 1549 1665 et
1581 1628 1753 1665 semen
1794 1628 1976 1666 eorum
2025 1613 2081 1664 in
2132 1628 2225 1665 ste-

657 1703 831 1757 culum
857 1703 1131 1773 dirigetur.
1163 1700 1357 1756 Semen
1398 1712 1709 1756 sanctorum
1742 1703 2110 1772 apostolorum
2142 1712 2225 1757 est

657 1793 964 1862 evangelica
994 1801 1047 1847 et
1095 1792 1348 1848 salutaris
1394 1791 1727 1861 praedicatio,
1772 1808 1891 1863 quae
1940 1802 2126 1846 manet
2167 1792 2221 1845 in

660 1886 935 1941 saeculum.

979 2084 1310 2143 PSALMUS
1359 2085 1457 2152 ipsi
1521 2084 1711 2137 David.
1777 2081 1906 2137 Cll.

1251 2179 1643 2247 Argumentum.

660 2272 843 2329 Novus
904 2271 1136 2343 poputus
1183 2285 1249 2324 ex
1298 2270 1549 2340 gentibus
1593 2277 1836 2332 coactus,
1887 2268 2113 2323 docetur
2170 2267 2225 2322 in

748 2368 851 2420 hoc
885 2365 1094 2435 psalmo
1150 2365 1316 2418 Deum
1367 2362 1581 2430 hymnis
1634 2363 1933 2427 celebrare,
1972 2361 2067 2431 qui
2112 2354 2229 2414 ma-

743 2474 847 2529 gna
878 2458 981 2528 ipsi
1006 2456 1267 2512 beneﬁcia
1307 2456 1552 2511 contulit.
1587 2454 1728 2509 Sunt
1768 2462 1950 2508 autem
1988 2466 2074 2517 ea,
2105 2466 2228 2521 pec-

732 2550 836 2604 rati
864 2549 1161 2604 destructio
1191 2557 1244 2603 et
1271 2546 1690 2603 resurrectionis
1722 2545 1917 2615 gloria.

734 2645 785 2697 l.
834 2642 1092 2706 Benedic,
1136 2642 1316 2694 anima
1359 2657 1510 2707 mea,
1555 2638 1803 2697 Domino.
1840 2638 1958 2710 Ipse
1997 2654 2117 2694 sese
2162 2638 2227 2693 ad

664 2738 928 2807 hymnum
970 2734 1189 2798 excitat,
1248 2733 1515 2803 Optimum
1572 2732 1677 2787 sibi
1719 2732 1785 2787 ad
1864 2732 2094 2787 salutem
2138 2745 2227 2785 re-

664 2828 900 2883 medium
932 2840 1409 2897 esseproponens,
1450 2825 1770 2879 benedicere
1808 2822 1998 2877 Deum.
2035 2820 2114 2875 Ex
2162 2834 2229 2875 eo

662 2931 841 2977 autem
868 2919 1014 2992 quod
1059 2917 1201 2973 Deus
1246 2918 1603 2973 miseraturus
1643 2915 1902 2987 populum
1948 2922 2114 2977 esset,
2163 2912 2229 2967 de

666 3014 869 3080 iustitia
918 3026 1013 3066 sua
1074 3011 1127 3064 in
1167 3008 1467 3078 iudicando
1510 3008 1794 3072 laudatur;
1844 3016 2029 3077 utpote
2071 3004 2227 3076 quia

664 3100 1018 3170 corruptione
1047 3098 1237 3153 liberet
1268 3106 1321 3152 et
1352 3113 1577 3169 regnum
1606 3098 1869 3152 etelorum
1902 3097 2027 3161 det;
2062 3094 2135 3149 ita
2172 3103 2230 3148 ut

667 3207 902 3262 praesens
958 3191 1190 3261 bymuus
1243 3190 1499 3245 omnibus
1557 3188 1862 3244 conveniat.
1914 3186 1985 3241 Et
2052 3186 2230 3241 omnia

663 3298 781 3353 qua
814 3283 956 3336 intra
996 3297 1076 3336 me
1106 3290 1228 3335 sunt
1254 3280 1453 3334 nomini
1482 3288 1665 3333 sancto
1701 3280 1840 3348 ejus.
1884 3276 1988 3332 Per
2010 3292 2075 3331 ea
2113 3291 2235 3347 qua:

668 3378 805 3430 intra
852 3383 995 3433 sunt.
1030 3369 1300 3443 signiﬁcat
1362 3371 1529 3425 Deum
1570 3386 1635 3425 ex
1662 3381 1775 3425 toto
1808 3370 1992 3435 corde,
2023 3384 2091 3425 ex
2125 3378 2233 3423 tota

670 3468 885 3529 virtute,
917 3474 970 3519 et
1000 3479 1064 3519 ex
1101 3470 1211 3518 tota
1251 3469 1431 3516 mente
1462 3461 1822 3515 invocantium
1844 3474 1985 3515 esse.

759 3555 815 3609 2.
883 3554 1146 3619 Benedic,
1200 3554 1378 3605 anima
1425 3568 1574 3615 mea,
1634 3551 1877 3604 Domino.
1920 3542 2237 3603 Persevera't

669 3662 787 3702 sese
809 3646 1152 3702 exhortando
1181 3644 1248 3700 ad
1278 3644 1580 3699 canendum
1600 3644 1851 3713 hymnos,
1871 3642 2039 3711 probe
2056 3641 2236 3696 sciens

669 3742 718 3794 id
770 3754 892 3795 esse
923 3738 1082 3794 ofﬁcii
1127 3738 1211 3794 sui
1260 3752 1359 3807 pro
1401 3735 1614 3805 magnis
1647 3735 1883 3803 acceptis
1934 3732 2232 3788 beneficiis.

667 3833 798 3887 Nam
830 3831 923 3901 qui
952 3829 1263 3883 divinorum
1307 3827 1690 3881 beneﬁciorum
1734 3825 2072 3887 recordatur,
2099 3840 2232 3878 nuu-

666 3938 829 3995 quam
888 3921 1048 3977 ﬁnem
1115 3918 1277 3975 faciet
1322 3919 1485 3990 hujus
1531 3918 1715 3990 hymni
1768 3917 2113 3974 concinendi.
2166 3916 2236 3970 Et

668 4018 775 4072 noli
798 4015 1032 4071 obiirisci
1063 4030 1237 4069 omnes
1286 4013 1655 4067 retributiones
1694 4012 1827 4079 ejus.
1883 4011 1990 4066 Pro
2026 4011 2236 4081 magnis

668 4111 811 4165 enim
844 4107 1081 4181 peccatis
1114 4106 1317 4161 nostris
1360 4104 1611 4160 retribuit
1659 4104 1818 4159 nobis
1866 4102 2238 4158 mansuetudi-

668 4217 815 4265 nem,
856 4197 1289 4255 misericordiam
1313 4238 1327 4264 ,
1366 4198 1763 4254 miserationes.
1803 4194 1935 4263 Quae
1990 4195 2237 4251 oblivisci

670 4308 780 4350 non
815 4300 1044 4363 oportet.

737 4387 790 4451 3,
819 4386 871 4439 4.
898 4384 1001 4451 Qui
1055 4381 1377 4453 prapitiatur
1434 4384 1671 4437 omnibus
1710 4382 2071 4449 iniquitatibus
2100 4382 2234 4445 tuis,

670 4490 772 4533 etc.
798 4476 892 4531 Ha:
921 4487 1048 4533 sunt
1071 4477 1457 4532 retributiones
1480 4474 1571 4530 Dei
1605 4474 1761 4528 nobis
1789 4474 2034 4539 collatas;
2062 4472 2238 4545 primo

2329 609 2420 660 καὶ
2444 608 2570 671 τοὺς
2596 608 2858 676 οὐρανοὺς
2885 604 3202 675 πεποιηκὼς
3236 606 3295 670 ἐξ
3314 607 3507 678 ἀρχῆς.

2394 698 2571 752 Αὐτοὶ
2608 699 2996 761 ἀπολοῦνται,
3024 698 3103 751 σὺ
3136 696 3204 750 δὲ
3236 696 3555 767 διαμένεις.
3608 700 3680 752 Σὺ
3718 699 3896 767 μόνος,

2326 791 2507 860 φησὶν,
2534 783 2579 842 ὦ
2606 790 2867 852 Δέσποτα,
2914 790 2975 843 τὸ
3027 788 3194 842 ἀΐδιον
3228 790 3320 843 ac:
3380 789 3509 851 Θεὸς
3556 790 3717 859 ἔχειςο
3765 790 3901 844 οἱὸὲ

2325 882 2563 951 οὐρανοὶ,
2600 882 2647 932 εί
2703 881 2797 932 καὶ
2833 881 2973 949 μέγα
3028 898 3079 932 τι
3130 882 3223 933 καὶ
3268 879 3539 950 ἐξαίρετον
3597 882 3899 951 ὑπάρχουσι

2326 975 2549 1041 κτίσμα,
2581 973 2695 1027 ἀλλ’
2718 974 2866 1043 ὅμως
2890 975 2983 1026 καὶ
3011 973 3165 1026 αὐτοὶ
3205 974 3667 1043 ὑποϐληθήσονται
3700 974 3894 1045 φθορᾷ.

2339 1066 2399 1117 Ἦ
2428 1066 2483 1117 δὲ
2514 1065 2690 1137 φθορὰ
2714 1064 2852 1135 αὕτη
2880 1067 3165 1135 γενήσεται
3185 1066 3363 1127 αὐτοῖς
3384 1066 3461 1128 είς
3486 1066 3893 1134 ἀνακαινισμόν·

2325 1157 2695 1227 mxumam;
2722 1156 2830 1227 γάρ
2858 1157 2937 1219 είς
2969 1156 3171 1226 βέλτιον
3204 1156 3385 1225 σχῆμα
3419 1155 3897 1225 μεταϐαλλόμενοι.

2400 1251 2462 1301 Οἱ
2501 1247 2615 1300 υἱοί
2652 1246 2769 1299 τῶν
2830 1246 3063 1300 δούλων
3113 1261 3228 1300 σου
3294 1245 3898 1312 κατασκηνώσοισσιιο.

2326 1341 2494 1393 Ὅταν
2530 1338 2637 1411 γάρ
2684 1337 3057 1409 ἐλιχθήσονται
3104 1342 3151 1391 οἱ
3200 1338 3439 1409 οὐρανοὶ,
3474 1338 3568 1390 καὶ
3619 1336 3781 1406 καινὴ
3807 1336 3899 1404 γέ-

2325 1448 2480 1500 νηται
2507 1430 2680 1493 κτίσις
2700 1469 2712 1493 ,
2736 1428 2855 1481 τότε
2878 1428 2941 1499 δὴ
2964 1429 3086 1481 τότε
3126 1431 3182 1481 ὲν
3210 1430 3330 1490 ταῖς
3374 1426 3613 1489 αἰωνίοις
3670 1427 3905 1495 σκηναῖς

2324 1523 2602 1593 γενόμενοι
2634 1523 2682 1574 οἱ
2708 1521 2814 1574 τῶν
2842 1520 2949 1573 σῶν
2978 1520 3176 1575 δούλων
3200 1520 3324 1573 υἱοίο
3357 1514 3501 1574 οὗτοι
3532 1519 3577 1572 δ’
3605 1516 3673 1572 ἂν
3697 1513 3809 1571 εἷεν
3854 1520 3902 1571 oi

2323 1615 2409 1668 διὰ
2429 1614 2536 1667 τῶν
2557 1614 2725 1682 ἁγίων
2753 1613 2914 1667 αὐτοῦ
2944 1612 3251 1665 ἀποστόλων
3294 1610 3742 1691 πεπιστευκότες.
3794 1610 3905 1662 Καὶ

2324 1708 2389 1760 τὸ
2432 1708 2667 1776 σπέρμα
2700 1706 2896 1761 αὐτῶν
2920 1709 3006 1771 εις
3044 1704 3149 1759 τὸν
3199 1702 3382 1758 αίῶνα
3422 1702 3905 1765 κατευθυνὼβε-

2326 1817 2435 1854 ται.
2479 1801 2707 1873 Σπέρμα
2730 1800 2837 1853 τῶν
2863 1800 3032 1869 ἁγίων
3076 1798 3389 1853 ἀποστόλων
3436 1796 3496 1850 τὸ
3543 1794 3904 1863 εὐαγγελικὸν

2254 1871 2297 1930 Β
2328 1893 2420 1946 καὶ
2449 1871 2711 1964 σωτήριον
2768 1894 3049 1963 κήρυγμα,
3107 1892 3244 1961 ὅπερ
3300 1892 3380 1953 είς
3437 1891 3527 1943 τὸν
3566 1889 3745 1941 αἰῶνα
3791 1888 3905 1939 δια-

2328 1982 2499 2050 μένει.

2719 2100 3023 2150 ΨΑΑΜοΣ
3061 2094 3139 2160 τῷ
3167 2093 3367 2147 saeta.
3398 2096 3528 2146 PB’.

2937 2188 2948 2205 ⁸
2966 2188 3275 2252 Υπόθεσις.

2336 2282 2394 2333 'O
2417 2281 2533 2344 νέος
2561 2281 2621 2345 ἐξ
2650 2280 2816 2333 ἐθνῶν
2843 2279 2971 2342 λαὸς
3025 2281 3083 2331 ὲν
3112 2278 3285 2348 τούτῳ
3314 2278 3621 2331 διδάσκεται
3645 2276 3908 2345 ἀνυμνετν

2397 2371 2486 2424 τὸν
2533 2371 2663 2423 Θεὸν
2708 2370 2799 2424 τὸν
2839 2371 2906 2424 τὰ
2962 2369 3169 2439 μεγάλα
3228 2367 3656 2440 εὐηργετηκότα.
3720 2365 3907 2418 Ταῦτα

2397 2464 2453 2516 δέ
2484 2465 2597 2515 ὲστι
2641 2462 2710 2515 τὰ
2740 2464 3150 2533 εὐεργετήματα
3178 2462 3212 2531 ἤ
3242 2477 3301 2513 τε
3332 2462 3430 2532 τῆς
3455 2458 3731 2531 ἁμαρτίας
3765 2457 3909 2511 ἀναί-

2402 2572 2548 2627 ρεσις
2578 2557 2670 2609 καὶ
2696 2556 2791 2625 τῆς
2818 2555 3159 2617 ἀναστάσεως
3183 2553 3244 2605 τὸ
3271 2552 3548 2623 καύχημα.

2393 2648 2661 2715 Εὐλόγει,
2702 2648 2740 2713 ἡ
2787 2645 2953 2714 ψυχή
2984 2663 3123 2713 μου,
3162 2644 3266 2696 τὸν
3300 2644 3536 2707 Κύριον.
3576 2640 3750 2702 Αὐτὸς
3779 2640 3910 2691 ἑαν-

2332 2737 2423 2790 τὸν
2447 2738 2539 2789 ἐπὶ
2567 2736 2656 2788 τὸν
2689 2736 2716 2788 ὖ
2726 2753 2855 2806 μνον
2876 2736 3150 2806 διεγείρει,
3181 2733 3341 2788 καλὸν
3386 2730 3575 2786 ἑαυτοῦ
3601 2732 3701 2801 τῆς
3731 2747 3909 2803 σωτη-

2334 2828 2451 2899 ρίας
2482 2827 2771 2899 φάρμακον
2799 2826 2896 2898 τὴν
2926 2828 3005 2889 είς
3029 2826 3159 2879 Θεὸν
3182 2825 3428 2893 εὐλογίαν
3451 2821 3908 2894 προϐαλλόμενος.

2344 2921 2459 2989 Ἐφ’
2486 2916 2566 2984 οἷς
2594 2921 2649 2973 δὲ
2678 2920 2809 2983 Θεὸς
2839 2919 2929 2973 τὸν
2955 2919 3080 2972 λαὸν
3122 2918 3352 2989 ἡμελλεν
3384 2919 3552 2971 ἐλεεῖν
3590 2914 3912 2986 δικαιοσύνῃ

2329 3014 2605 3077 δοξάζεται
2645 3014 2889 3083 κριτικῇ,
2927 3010 3131 3082 φθορᾶς
3177 3027 3237 3062 τε
3280 3009 3636 3063 ἀπαλλάττων
3670 3009 3768 3060 καὶ
3815 3005 3912 3076 βα-

2335 3106 2535 3157 σιλείαν
2579 3105 2751 3167 διδοὺς
2802 3102 3067 3173 οὐρανῶν·
3122 3102 3197 3165 ὡς
3258 3102 3351 3155 καὶ
3395 3101 3558 3153 πᾶσιν
3614 3098 3912 3169 ἁρμόττειν

2261 3221 2303 3279 C
2336 3196 2425 3249 τὸν
2449 3196 2806 3266 προκείμενον
2838 3194 3024 3265 ὕμνον.
3078 3196 3185 3250 Καὶ
3229 3194 3423 3249 πάντα
3475 3193 3547 3247 τὰ
3582 3192 3759 3256 ἐντός
3792 3207 3913 3259 μου

2336 3287 2400 3343 τὸ
2428 3288 2612 3357 ὄνομα
2650 3288 2713 3341 τὸ
2755 3288 2925 3357 ἅγιον
2945 3289 3148 3342 αὑτοῦ.
3166 3287 3263 3340 Διὰ
3292 3286 3400 3340 τῶν
3432 3285 3581 3349 ἐντὸς
3605 3284 3667 3338 τὸ
3695 3282 3757 3348 ἐξ
3785 3283 3913 3352 ὅλης

2336 3379 2581 3449 καρδίας,
2622 3381 2716 3432 καὶ
2748 3378 2807 3443 ἐξ
2836 3380 2962 3449 ὅλης
2996 3380 3093 3447 τῆς
3151 3378 3352 3447 ίσχύος,
3401 3376 3494 3429 καὶ
3528 3376 3586 3441 ἐξ
3638 3376 3771 3445 ὅλης
3798 3375 3914 3427 δια-

2336 3472 2482 3535 νοίας
2511 3472 2602 3525 τὸν
2625 3472 2756 3525 Θεὸν
2778 3470 3151 3524 ἐπικαλεῖσθαι
3177 3469 3343 3539 δηλοῖ.

2409 3563 2680 3632 Εὺλότει,
2716 3564 2754 3630 ἠ
2782 3561 2949 3632 ψυχή
2973 3580 3113 3632 μου,
3138 3561 3243 3615 τὸν
3280 3562 3517 3627 Κύριον.
3558 3556 3917 3628 Ἐνδιατρίσει

2334 3657 2401 3725 τῇ
2441 3653 2569 3724 περὶ
2615 3654 2707 3707 τὸν
2740 3654 2906 3725 ὕμνον
2955 3655 3148 3708 ἑαυτοῦ
3205 3654 3508 3723 προτροπῇ,
3558 3649 3715 3713 εἰδὼς
3757 3649 3916 3703 τοῦτο

2338 3748 2457 3800 ἀντὶ
2501 3747 2610 3799 τῶν
2665 3748 2913 3816 μεγάλων
2964 3746 3126 3800 αὐτοῦ
3184 3744 3507 3817 εὐεργεσιῶν
3568 3744 3765 3796 ἑαυτὸν
3820 3744 3918 3795 ἑπ-

2337 3838 2636 3907 οφείλοντα.
2656 3836 2713 3890 Ὀ
2741 3838 2849 3909 γάρ
2882 3838 2988 3891 τῶν
3019 3838 3177 3891 θείων
3208 3835 3538 3907 εὐεργεσιῶν
3566 3835 3917 3906 μεμνημένος

2336 3930 2397 3982 οὐ
2445 3930 2706 3984 παύσεται
2781 3929 2939 3984 τοῦτο
2984 3930 3187 4001 ὑμνῶν.
3222 3930 3331 3984 Καὶ
3381 3929 3466 3999 μὴ
3506 3927 3916 3983 ἐπιλανθάνου

2338 4020 2539 4086 πάσας
2564 4020 2669 4087 τὰς
2706 4019 3138 4085 ἀνταποδόσεις
3162 4019 3367 4072 αὑτοῦ.
3407 4018 3782 4071 Ἀνταπέδωκε
3810 4018 3916 4089 γὰρ

2337 4113 2469 4183 ἡμῖν
2506 4113 2625 4166 ἀντὶ
2655 4112 2763 4165 τῶν
2789 4111 3037 4183 μεγάλων
3099 4109 3511 4180 ἁμαρτημάτων
3561 4102 3637 4161 ὧν
3668 4110 3917 4181 ἡμάρτο.

2342 4220 2460 4275 μεν,
2513 4204 2876 4275 χρηστότητα,
2928 4203 3095 4265 ἔλεον,
3157 4201 3493 4273 οἱκτιρμούς.
3551 4196 3654 4253 Ὧν
3709 4200 3792 4254 δεῖ
3840 4203 3917 4274 μὴ

2339 4296 2807 4350 ἐπιλανθάνεσθαι.

2414 4386 2525 4439 Ίῖΰιν
2551 4387 2973 4441 εὐτλατεύοντα
3012 4383 3237 4451 πάσαις
3277 4382 3405 4449 ταῖς
3456 4384 3735 4453 ἀνομίαις
3776 4398 3913 4437 σου.

2342 4474 2512 4532 Δῦταί
2539 4480 2675 4531 εἰσιν
2708 4480 2765 4532 ai
2809 4479 2934 4549 περὶ
2973 4477 3127 4548 ἡμῶν
3170 4476 3555 4539 ἀνταποδόσεις
3586 4476 3682 4529 τοῦ
3731 4474 3868 4528 Θεοῦ
3902 4494 3913 4505 ·

671 4569 816 4640 quod
836 4569 1157 4641 propitiatus
1173 4570 1244 4622 sit
1274 4568 1512 4638 peccatis
1538 4566 1776 4631 nostris;
1802 4565 2064 4629 secundo,
2091 4564 2237 4635 quod

2340 4571 2421 4623 ὅτι
2454 4571 2669 4641 πρῶτον
2711 4569 2809 4640 μὲν
2841 4568 3065 4639 ἱλασμὸν
3090 4566 3252 4637 ἔθηκε
3286 4566 3390 4620 τῶν
3415 4566 3701 4637 ἡμετέρων
3733 4567 3916 4637 άμαρ-

674 4662 1013 4717 inﬁrmitates
1044 4671 1258 4716 nostras
1280 4659 1587 4725 sanaverit;
1615 4659 1793 4725 tertio,
1820 4658 1964 4730 quod
1984 4658 2050 4713 de
2078 4659 2240 4717 inter-

675 4759 751 4810 itu
801 4754 1089 4808 redemerit
1130 4754 1294 4807 vitam
1350 4760 1619 4815 nostram,
1666 4766 1790 4806 cum
1842 4760 2124 4820 peccatum
2175 4750 2241 4805 de

673 4845 851 4901 medio
872 4845 1124 4910 sustulit;
1154 4854 1376 4915 quarto,
1403 4843 1548 4913 quod
1574 4842 1792 4913 propria
1830 4858 1963 4898 usus
2006 4841 2245 4897 clemen-

674 4940 769 5001 tia,
797 4938 1168 4993 misericordia
1191 4946 1243 4990 et
1272 4934 1739 5000 miserationibus,
1768 4948 1869 4989 nos
1894 4933 2244 4989 coronaverit

675 5031 987 5101 adaptionis
1030 5032 1231 5099 gratia;
1278 5030 1495 5099 quinto,
1519 5029 1664 5097 quod
1710 5027 2087 5098 spiritualibus
2141 5042 2243 5080 nos

676 5123 834 5176 bonis
871 5123 1171 5190 repleverit,
1197 5136 1315 5175 sese
1346 5112 1502 5175 nobis
1528 5122 1738 5175 donans
1767 5135 1960 5191 panem
1992 5122 2133 5175 vitae.

828 5290 1178 5345 Renorabitur
1203 5304 1256 5346 ut
1281 5296 1731 5365 aquila’jnventus
1764 5306 1875 5349 tua.
1898 5295 2006 5351 Deo
2039 5312 2133 5365 per
2161 5310 2245 5349 re-

676 5382 1080 5449 generationem
1114 5385 1451 5452 juventutem
1485 5396 1726 5441 nostram
1754 5389 1913 5457 quasi
1943 5386 2141 5455 aquila:
2163 5401 2243 5440 re-

678 5486 933 5529 novante.
983 5476 1422 5533 Resurreetionis
1469 5480 1698 5549 gratiam
1745 5479 1903 5534 nobis
1951 5479 2242 5550 significat.

677 5568 886 5637 Aquilae
928 5578 1107 5623 autem
1136 5586 1231 5626 eos
1268 5572 1360 5638 qui
1397 5573 1637 5626 renovati
1676 5580 1803 5627 sunt
1829 5580 2128 5642 comparat,
2157 5572 2245 5625 avi

676 5659 920 5711 omnium
947 5659 1181 5715 maxime
1212 5661 1537 5727 altivolanti,
1574 5662 1753 5731 τιτθία),
1779 5669 1833 5718 et
1855 5676 1975 5732 qua:
2008 5660 2122 5718 sola
2152 5675 2246 5733 po-

676 5754 783 5803 te-.':
806 5746 986 5803 radios
1017 5748 1146 5805 solis
1170 5750 1395 5808 ﬁrmiter
1422 5752 1752 5823 conspicere.

2345 4662 2475 4714 τιῶν
2494 4679 2505 4691 ο
2536 4661 2787 4732 δεύτερον
2816 4661 2872 4713 δὲ
2905 4660 3003 4723 τὰς
3029 4659 3301 4729 ἡμετέρας
3346 4658 3630 4721 ἀσθενείας
3678 4659 3871 4711 ἰάσατο
3900 4673 3913 4685 ’

2344 4756 2523 4825 τρίτον
2551 4758 2614 4808 ὲκ
2646 4755 2849 4826 φθορᾶς
2879 4754 3031 4825 ἡμῶν
3076 4754 3172 4825 τὴν
3212 4752 3356 4822 ζωὴν
3401 4750 3769 4821 ἐλυτρώσατο,
3827 4752 3919 4804 ἀν·

2346 4847 2479 4901 ελὼν
2496 4848 2592 4918 τὴν
2611 4846 2904 4918 ἁμαρτίαν,
2930 4846 3186 4917 τέταρτον
3213 4844 3388 4914 οἰκείᾳ
3412 4842 3793 4913 φιλανθρωπίᾳ
3823 4844 3919 4896 καὶ

2346 4940 2483 5008 ἐλέῳ
2528 4940 2623 4993 καὶ
2672 4940 2975 5010 οίκτιρμοῖς
3017 4938 3295 5009 χρώμενος
3343 4936 3720 5004 ἐστεφάνωσεν
3770 4937 3918 5006 ἡμᾶς

2344 5029 2422 5099 τῷ
2454 5029 2553 5097 τῆς
2594 5028 2862 5091 υἱοθεσίας
2896 5030 3223 5099 χαρίσματι·
3254 5010 3499 5097 πέμπτον
3532 5025 3639 5078 τῶν
3673 5042 3918 5096 πνευμα-

2344 5119 2513 5173 τικῶν
2548 5121 2692 5189 ἡμᾶς
2722 5119 3021 5188 ἐνέπλησεν
3060 5117 3299 5187 ἀγαθῶν,
3353 5117 3542 5171 ἑαυτὸν
3571 5117 3703 5187 ἡμῖν
3753 5117 3917 5187 ἄρτον

2346 5212 2473 5265 ὄντα
2502 5210 2643 5281 ζωῆς
2673 5210 2962 5273 ἐπιδιδούς.

2431 5300 3015 5368 Ἀνακαινισθήσεται
3060 5301 3139 5366 ὡς
3194 5298 3373 5354 ἀετοῦ
3421 5299 3458 5366 ἠ
3506 5297 3723 5365 νεότης
3776 5315 3913 5353 σου.

2346 5395 2453 5449 Τοῦ
2510 5394 2644 5448 Θεοῦ
2702 5394 2791 5447 διὰ
2851 5395 2949 5465 τῆς
3007 5392 3423 5462 παλιγγενεσίας
3478 5390 3918 5454 άνακαινίζοντος

2346 5488 2505 5559 ἡμῶν
2554 5490 2629 5552 ὡς
2662 5487 2820 5542 ἀετοῦ
2856 5490 2955 5559 τὴν
2987 5489 3233 5558 νεότητα.
3286 5486 3359 5539 Τὸ
3412 5488 3509 5554 τῆς
3566 5485 3917 5544 ἀναστάσεως

2349 5580 2478 5647 ἡμῖν
2510 5578 2908 5647 κατασημαίνει
2934 5578 3199 5647 χάρισμα.
3241 5577 3404 5645 Ἀπῶ
3440 5574 3496 5627 δὲ
3528 5576 3653 5637 τοὺς
3692 5574 3918 5627 ἀνακαι-

2349 5667 2636 5737 νουμένους
2668 5668 3020 5737 παρείκασεν,
3045 5668 3271 5739 ὀρνίθων
3295 5668 3549 5720 ἁπάντων
3576 5665 3691 5719 ὄντι
3720 5664 3917 5734 ὑψηλο-

2352 5760 2664 5829 πετεστάτῳ
2696 5760 2788 5812 καὶ
2845 5760 3269 5830 βασιλικιιιτάτῳ,
3332 5760 3423 5812 καὶ
3476 5760 3594 5820 ταῖς
3621 5757 3717 5811 τοῦ
3772 5757 3916 5827 ἡλίου

2353 5853 2739 5923 μαρμαρυγαῖς
2772 5852 2916 5922 μόνῳ
2946 5851 3207 5922 λαμπρῶς
3245 5849 3565 5914 Ξνατενίζειν
3597 5850 3900 5920 δυναμένῳ.
