4126 6480
193 475 288 530 433

1317 459 1673 518 EXPOSITIO
1705 457 1770 512 IN
1810 453 2138 516 PSALMUSI
2177 461 2321 517 CIII.

3304 472 3411 527 434

212 652 217 657 ,
260 591 443 648 Ποιῶν
482 590 898 659 ἐλεημοσύνας
930 591 961 641 ό
994 587 1206 653 Κύριος
1239 585 1336 638 καὶ
1373 582 1548 650 κρῖμα
1606 577 1745 632 πᾶσι

1925 576 1980 630 6.
2025 575 2251 632 Facient
2293 579 2680 634 misericordias
2727 580 3016 646 Dominus,
3063 592 3112 637 et
3145 586 3410 655 judicium

195 687 306 752 τοῖς
355 682 795 752 ἀδικουμένοις.
849 674 1036 744 Οὗτος,
1067 679 1252 748 φησιν,
1303 679 1331 728 6
1375 674 1578 745 Κύριος
1615 675 1644 726 6
1673 672 1745 742 τῷ

1854 670 2092 746 omnibus
2116 670 2369 740 injuriam
2404 672 2740 741 patientibus.
2769 672 2870 730 Hic
2903 675 3186 742 Dominus,
3214 679 3409 748 inquit,

195 779 344 834 αὑτοῦ
375 778 519 830 ἐλέει
559 776 631 829 τὰ
677 772 1048 845 προειρημένα
1077 772 1208 840 ἡμῖν
1239 767 1622 845 χαρισάμενος,
1652 765 1749 817 αὐ-

193 873 273 935 τός
299 876 444 925 ἐστιν
478 873 508 922 6
539 869 634 922 καὶ
688 866 851 919 πάλαι
905 865 1108 917 δίκαιον
1169 864 1342 933 κρῖμα
1387 859 1598 930 κρίνας,
1653 857 1748 911 καὶ

192 964 600 1035 λυτρωσάμενος
631 958 690 1023 ἐξ
719 957 996 1026 Αἰγύπτου
1041 956 1168 1017 τοὺς
1195 954 1342 1016 υἱοὺς
1387 951 1622 1023 Ἰσραὴλ,
1653 949 1746 1002 καὶ

190 1057 302 1118 δοὺς
331 1054 408 1123 τῷ
449 1069 511 1104 τε
563 1052 765 1121 Μωῦσῇ
797 1050 890 1102 καὶ⁵
939 1046 1099 1100 παντὶ
1136 1044 1211 1115 τῷ
1245 1043 1358 1113 λαῷ
1412 1041 1612 1111 γνῶσιν
1642 1041 1747 1093 τῶν

193 1144 345 1200 αὖτοῦ
381 1142 632 1196 ἐντολῶν.

260 1237 584 1305 Οῖκτίρμων
613 1235 706 1288 καί
737 1230 1001 1300 ἐλεήμων
1035 1231 1066 1283 ὀ
1116 1229 1344 1296 Κύριος.
1400 1225 1584 1278 Ταῦτα
1638 1222 1747 1292 γὰρ

192 1333 275 1383 καὶ
303 1331 398 1398 τῆς
423 1327 682 1397 τοιαύτης
716 1325 1030 1393 εὐεργεσίας
1066 1322 1158 1375 καὶ
1185 1321 1351 1374 πάλαι
1393 1318 1488 1370 καὶ
1534 1315 1628 1369 νῦν
1655 1315 1747 1383 γέ-

191 1440 334 1491 γονεν
358 1421 528 1487 αἰτία,
552 1423 818 1490 φήσαντος
838 1417 932 1470 καὶ
953 1416 1228 1477 Μωῦσέως
1250 1431 1262 1443 ο
1295 1413 1509 1479 Κύριος
1528 1409 1745 1478 μακρό-

192 1521 381 1582 θυμος.
437 1511 537 1565 καὶ
593 1509 923 1574 πολυὲλεος
954 1547 970 1568 .
1030 1506 1127 1559 καὶ
1183 1503 1470 1573 ἀληθινός
1506 1519 1520 1532 ·
1559 1498 1746 1553 ποιῶν

191 1607 350 1669 ἕλεος
374 1606 462 1668 είς
492 1597 782 1671 χιλιάδας.
819 1599 1032 1663 Ταύτας
1057 1595 1148 1653 οὖν
1175 1595 1337 1650 αὐτοῦ
1361 1595 1460 1660 τάς
1487 1593 1743 1663 δυνάμεις

193 1695 443 1765 ἐγνώρισε
482 1694 559 1765 τῷ
610 1695 855 1764 Μωῦσῇ,
913 1691 1208 1762 λεγομένας
1259 1689 1450 1751 ὁδοὺς,
1505 1685 1599 1738 καὶ
1649 1684 1744 1745 τὰς

194 1787 379 1856 ἀρετὰς
410 1784 534 1837 καθ’
563 1784 630 1848 ἃς
659 1784 726 1838 τὰ
752 1786 926 1838 πάντα
953 1783 1146 1837 διέπει.
1183 1781 1305 1833 οὐκ
1337 1780 1422 1843 εις
1449 1776 1620 1840 τέλος
1649 1775 1740 1841 dp-

191 1877 550 1944 τισθήσεται.
571 1877 633 1928 Ei
660 1876 752 1930 uel.
773 1874 1040 1945 ὠργίσθη,
1063 1871 1218 1942 φησὶ,
1249 1868 1335 1924 διὰ
1352 1869 1450 1941 τὴν
1478 1871 1536 1921 ἐν
1573 1866 1741 1935 Ἀδὰμ

191 1967 510 2042 παράϐασιν,
545 1968 640 2023 καὶ
673 1968 995 2022 κατεδίκασε
1046 1963 1258 2036 θανάτῳ
1286 1962 1346 2016 τὸ
1371 1962 1526 2033 γένος
1559 1978 1572 1990 ο
1627 1958 1739 2011 ἀλλ’

188 2062 278 2114 οὐκ
307 2061 537 2115 ἐκτείνει
563 2063 642 2123 είς
664 2060 819 2124 τέλος
848 2060 944 2131 τὴν
972 2058 1140 2130 ὀργήν
1159 2076 1172 2090 ο
1198 2057 1479 2127 ἐπέλαμψε
1517 2053 1622 2124 γάρ
1655 2054 1740 2105 ἐπ’

187 2154 418 2225 ἐσχάτων
449 2153 558 2206 τῶν
582 2151 784 2223 χρόνων
812 2153 892 2215 είς
921 2150 1177 2221 ἀθέτησιν
1205 2149 1302 2219 τῆς
1328 2147 1554 2216 φθορᾶς.

251 2247 374 2297 Ὅτι
429 2242 615 2310 αὐτὸς
655 2242 806 2313 ἐγινω
869 2241 934 2294 τὸ
991 2239 1240 2308 πλάσμα
1268 2236 1454 2307 ἡμῶν.
1503 2236 1590 2298 Ὠς
1633 2234 1742 2306 γάρ

189 2337 307 2391 ἷδιον
340 2337 566 2408 πλάσμα
597 2337 691 2391 καὶ
717 2335 852 2404 ἔργα
876 2333 982 2387 τῶν
1009 2331 1208 2402 χειρῶν
1242 2329 1404 2383 αὑτοῦ
1449 2327 1745 2398 κατῳκτεί-

191 2446 362 2500 ρησεν.

246 2521 314 2575 T6
334 2520 401 2575 δὲ
427 2519 852 2590 ἕλεοςβυρίου
872 2516 990 2571 ἀπὸ
1012 2516 1117 2570 τοῦ
1139 2514 1372 2582 αίῶνος.
1402 2515 1623 2586 Ὅμοιον
1647 2513 1734 2566 τό·

189 2612 288 2665 Kal
328 2610 517 2665 ποιῶν
561 2611 735 2676 ἕλεος
775 2613 862 2674 είς
893 2608 1167 2678 χιλιάδας
1200 2607 1322 2675 τοῖς
1348 2607 1740 2678 φοϐουμένοις

184 2718 271 2769 με.

247 2793 350 2848 Kal
383 2795 421 2863 ή
457 2793 813 2860 δικαιοσύνη
852 2791 1038 2847 αὐτοῦ
1068 2792 1166 2845 ἐπὶ
1214 2792 1384 2858 υἱοὺς
1434 2789 1582 2845 υιῶν
1615 2789 1741 2856 τοῖς

187 2885 571 2952 φυλάσσουσι
599 2885 712 2954 τὴν
743 2883 1035 2951 διαθήκην
1055 2883 1262 2938 αὐτοῦ.
1299 2883 1487 2951 ’Ἄγιος
1506 2882 1614 2953 γὰρ
1640 2882 1738 2946 ὢν,

188 2977 241 3030 ἐν
267 2977 438 3045 ἁγίοις
465 2976 827 3040 ἀναπαύεται,
855 2977 974 3038 ταῖς
1022 2973 1336 3043 ἁγγελικαῖς
1361 2973 1600 3044 δηλονότι
1645 2971 1739 3026 δυ-

190 3064 425 3136 νάμεσιν.

249 3159 458 3226 Κύριος
486 3160 559 3213 ἐν
597 3157 672 3225 τῷ
694 3158 926 3228 οὐρανῷ
958 3159 1244 3229 ἡτοίμασε
1273 3157 1372 3211 τὸν
1402 3160 1618 3227 θρόνον
1635 3159 1739 3211 αὐ-

191 3247 302 3305 τοῦ.
344 3251 776 3305 Ἐπαναπαύεται
834 3253 950 3322 μὲν,
983 3251 1138 3322 φησὶ,
1179 3253 1293 3313 τοῖς
1342 3249 1454 3303 ἄνω
1492 3249 1736 3319 πνεῦμα·
1767 3287 1810 3345 C

193 3357 266 3394 σιν
285 3361 298 3374 ·
329 3346 387 3398 οὗ
443 3346 552 3416 μὴν
581 3344 700 3397 οὐδὲ
728 3343 798 3397 τὰ
837 3344 928 3397 ἐπὶ
974 3343 1097 3413 γῆς·
1124 3342 1225 3414 τῆς
1255 3341 1419 3395 αὑτοῦ
1472 3342 1742 3412 βασιλείας

190 3433 500 3506 ἀφέστηκεν.
549 3435 720 3500 Αὐτὸς
770 3436 876 3505 γάρ
919 3437 1064 3488 ἐστιν
1104 3436 1132 3488 ὁ
1162 3433 1594 3500 κατεξουσιάζων
1633 3433 1744 3486 τῶν

191 3523 314 3579 ὅλων
347 3527 420 3591 ὡς
451 3527 604 3591 Θεός.
630 3527 740 3582 Kal
774 3527 1121 3596 ήβασιλεία
1158 3527 1344 3581 αὑτοῦ
1372 3525 1612 3579 πάντων
1644 3525 1741 3579 δε-

192 3617 398 3676 σπόζει.
458 3619 749 3684 Δεσπόζειν
783 3618 840 3671 δὲ
873 3619 1120 3686 πάντων,
1169 3619 1282 3672 ἀλλ’
1329 3619 1388 3672 οὐ
1441 3617 1743 3690 βασιλεύειν

196 3705 415 3778 εἴρηται,
455 3710 578 3762 ἐπε)⁸
614 3709 687 3780 μὴ
720 3709 919 3773 πάντες
953 3709 1092 3773 ἄξιοι
1127 3710 1222 3780 τῆς
1252 3709 1414 3763 αὐτοῦ
1448 3709 1738 3778 βασιλείας.

194 3799 277 3852 Διὸ
313 3805 420 3866 τοῖς
467 3803 560 3857 τὸν
592 3802 939 3872 εὐαγγελικὸν
968 3802 1290 3874 κατορθοῦσι
1335 3801 1448 3872 βίον
1501 3801 1599 3872 τὴν
1635 3801 1743 3854 τῶν

194 3891 420 3963 οὐρανῶν
446 3893 722 3965 βασιλείαν
749 3898 777 3949 6
809 3895 999 3967 Σωτὴρ
1021 3895 1405 3966 ἐπηγγείλατο.
1432 3896 1646 3966 Κρατεῖ
1686 3893 1742 3946 δὲ

195 3985 279 4038 καὶ
302 3985 404 4038 τῶν
431 3983 598 4050 ἀξίων
628 3987 657 4039 6
685 3987 906 4058 Κύριος.

251 4077 561 4147 Εὑλοτεῖτε
608 4078 714 4131 τὸν
755 4079 971 4146 Κύριον
1001 4078 1221 4144 πάντες
1255 4082 1309 4132 οι
1365 4077 1603 4148 ἄγγελοι
1639 4081 1742 4132 αὺ-

194 4168 308 4221 τοῦ.
339 4169 587 4222 Διδάσκει
615 4169 701 4222 τὸν
735 4170 1021 4240 προσιόντα
1073 4173 1138 4242 τῇ
1187 4171 1367 4223 πίστει
1409 4171 1556 4233 λαὸν,
1604 4171 1677 4233 ὼς
1715 4174 1744 4224 6

195 4260 275 4312 τὸν
329 4259 493 4331 ὕμνον
540 4261 872 4333 ἐπιτηδεύων
904 4261 965 4315 τὸ
997 4262 1128 4316 αὐτὸ
1173 4265 1283 4326 τοῖς
1329 4262 1582 4331 ἀγγέλοις
1633 4263 1742 4326 ἔξει

197 4348 415 4420 ἀξίωμα.
449 4352 512 4404 El
541 4352 649 4422 γὰρ
683 4351 820 4422 αὕτη
864 4353 1086 4406 ἐκείνων
1121 4353 1153 4421 ἡ
1187 4353 1520 4423 λειτουργία,
1553 4353 1613 4405 τὸ
1654 4355 1742 4405 αί-

195 4443 294 4492 νεῖν
318 4443 408 4494 καὶ
431 4443 674 4507 δοξάζειν
717 4445 809 4498 τὸν
835 4444 965 4516 Θεόν
990 4461 1004 4475 ο
1035 4444 1166 4497 αὐτὸ
1196 4445 1250 4497 δὲ
1287 4445 1444 4498 τοῦτο
1473 4446 1744 4517 προστάτο

194 4547 332 4584 τεται
361 4537 532 4586 ποιεῖν
567 4535 599 4604 ἡ
646 4535 810 4607 ψυχὴ,
841 4537 927 4590 ἀεὶ
972 4536 1036 4608 δὴ
1080 4535 1252 4604 λέγων
1303 4537 1394 4590 καὶ
1426 4536 1741 4604 δοξολογεῖν,

1853 762 1948 831 qui
1992 777 2091 817 sua
2137 765 2510 820 misericordia
2554 781 2676 835 qua:
2718 765 2860 820 dicta
2906 778 3032 822 sunt
3059 769 3206 824 dedit
3233 772 3411 836 nobis,

1854 851 1970 920 ipse
2001 862 2085 906 est
2115 854 2205 922 qui
2238 854 2365 908 olim
2404 854 2610 924 justum
2640 855 2904 924 judicium
2937 858 3076 924 tulit,
3112 868 3164 913 et
3189 860 3414 917 redemit

1851 958 1920 998 ex
1949 943 2180 1016 Egypto
2216 946 2358 1002 ﬁlios
2400 946 2583 1011 Israel,
2620 965 2682 1003 ac
2716 946 2884 1019 Moysi
2929 951 3186 1022 omnique
3213 955 3410 1023 populo

1853 1034 2004 1091 dedit
2034 1038 2282 1092 notitiam
2315 1041 2692 1095 mandatorum
2725 1056 2970 1098 suorum.

1928 1213 1982 1280 7,
2016 1214 2070 1269 8.
2113 1213 2397 1272 Miserator
2427 1230 2475 1273 et
2515 1223 2809 1278 misericors
2840 1224 3116 1293 Dominus,
3153 1239 3257 1284 etc.
3289 1230 3413 1286 Haec

1850 1307 2164 1376 liujusmodi
2217 1311 2462 1368 beneﬁcii
2507 1326 2562 1370 et
2585 1317 2714 1370 olim
2758 1327 2814 1372 et
2854 1335 2998 1376 nunc
3047 1337 3210 1376 causa
3240 1322 3413 1387 fuere,

1849 1396 2061 1452 dicente
2087 1398 2270 1470 Moyse
2297 1420 2311 1455 :
2344 1401 2603 1459 Dominus
2631 1407 2966 1476 longanimis,
2999 1411 3180 1466 multa:
3208 1414 3416 1468 misen'e

1851 1490 2046 1543 cordia:
2073 1501 2122 1544 et
2159 1509 2346 1559 uerax;
2377 1495 2574 1564 faciens
2613 1501 3029 1554 misericordiam
3061 1505 3113 1556 in
3148 1505 3318 1560 millia
3341 1507 3409 1562 ⁸⁸.

1850 1577 1960 1635 Has
1986 1582 2150 1652 igitur
2182 1585 2585 1643 misericordias
2605 1605 2732 1644 suas
2753 1600 2908 1646 notas
2932 1592 3059 1648 fecit
3079 1593 3270 1665 Moysi,
3293 1614 3416 1668 qua

1849 1682 2112 1727 vocantur
2141 1675 2244 1730 via:
2265 1683 2319 1730 et
2345 1677 2573 1733 virtutes
2600 1681 2799 1749 quibus
2829 1683 3010 1738 omnia
3049 1687 3410 1745 administrat.

1851 1759 1974 1815 Non
1995 1763 2050 1815 in
2072 1777 2373 1832 perpetuum
2411 1768 2688 1824 irascetur.
2723 1771 2974 1839 Etiamsi,
3004 1776 3204 1847 inquit,
3241 1779 3414 1836 iratus

1847 1862 1931 1906 est
1958 1854 2028 1909 ob
2052 1856 2246 1909 Adami
2290 1861 2815 1936 praevaricationem,
2862 1874 2912 1920 et
2957 1881 3126 1936 genus
3167 1879 3414 1925 nostrum

1847 1952 2020 1998 morte
2064 1944 2376 2012 damnavit;
2403 1948 2496 2003 sed
2526 1965 2635 2005 non
2667 1967 2839 2021 usque
2882 1953 2936 2006 in
2964 1953 3126 2008 ﬁnem
3161 1958 3412 2013 extendet

1847 2041 1983 2093 iram
2012 2056 2168 2095 suam
2201 2061 2214 2095 :
2247 2041 2423 2097 illuxit
2462 2044 2606 2099 enim
2639 2045 2694 2098 in
2727 2044 3046 2102 novissimis
3075 2049 3412 2118 temporibus

1846 2131 1910 2186 ad
1942 2133 2366 2190 destructionem
2393 2137 2778 2208 corruptionis.

1898 2219 1982 2273 M.
2017 2220 2282 2284 Quoniam
2313 2225 2420 2294 ipse
2449 2229 2685 2297 cognovit
2719 2227 3027 2298 figmentum
3056 2241 3316 2290 nostrum.
3340 2230 3412 2288 Ut

1846 2307 2160 2379 ﬁgmentum
2186 2328 2346 2368 suum
2380 2323 2433 2370 et
2460 2332 2623 2386 opera
2652 2334 2911 2374 manuum
2938 2336 3159 2377 suarum
3186 2337 3284 2377 nos
3310 2323 3412 2377 mi-

1846 2411 2059 2457 seratus
2086 2411 2189 2457 est.

1917 2493 2005 2548 17.
2037 2493 2404 2551 Misericordia
2431 2509 2607 2554 autem
2637 2499 2854 2557 Domini
2877 2503 2942 2558 ab
2972 2513 3186 2561 aeterno.
3221 2503 3410 2565 Simile

1843 2594 1926 2640 est
1955 2587 2086 2641 illud
2115 2606 2129 2642 :
2158 2586 2224 2642 Et
2253 2590 2452 2659 faciens
2485 2593 2900 2650 misericordiam
2940 2598 2996 2651 in
3019 2598 3190 2653 millia
3217 2601 3407 2655 timen-

1845 2675 1983 2728 tibus
2011 2692 2112 2732 me.

1919 2764 2008 2822 18.
2039 2765 2108 2820 Et
2145 2767 2364 2836 justilia
2407 2771 2555 2826 illius
2599 2774 2653 2827 in
2699 2774 2840 2844 ﬁlios
2887 2776 3154 2845 filiorum,
3199 2779 3278 2834 Itis
3319 2796 3408 2850 qut

1844 2865 2052 2911 servant
2106 2865 2472 2914 testamentum
2525 2862 2660 2932 ejus.
2693 2861 2927 2923 Sanctus
2973 2869 3118 2923 enim
3159 2885 3284 2925 cum
3313 2873 3406 2939 sit,

1844 2950 1898 3004 in
1949 2950 2153 3007 sanctis
2199 2953 2511 3023 requiescit,
2548 2954 2603 3010 in
2637 2958 2899 3028 angelicis
2937 2961 3186 3018 videlicet
3236 2964 3409 3020 virtu-

1845 3042 2008 3098 tibus.

1914 3137 2000 3191 19.
2027 3134 2280 3190 Dominus
2313 3137 2367 3190 in
2394 3135 2523 3191 ca'lo
2545 3141 2749 3207 paravit
2774 3141 2949 3195 sedem
2974 3159 3147 3198 suam.
3182 3144 3411 3215 Requie-

1844 3227 1965 3294 scit,
1993 3229 2198 3298 inquit,
2233 3228 2288 3283 in
2320 3229 2630 3286 coelestibus
2661 3233 2941 3301 spiritibus
2969 3253 2982 3290 :
3023 3250 3196 3306 neque
3226 3245 3407 3294 tamen

1845 3327 2057 3374 terrena
2091 3321 2160 3375 ab
2188 3321 2307 3391 ejus
2330 3335 2498 3392 regno
2520 3333 2648 3377 sunt
2666 3324 2874 3380 avulsa.
2900 3325 3017 3395 Ipse
3043 3315 3186 3382 enim
3211 3339 3294 3385 est
3311 3332 3404 3400 qui

1843 3420 2029 3482 utpote
2053 3412 2196 3469 Deus
2223 3415 2468 3469 omnium
2511 3415 2840 3477 dominatur,
2879 3417 2949 3472 Et
2988 3437 3200 3490 regnum
3241 3423 3406 3491 ipsius

1843 3505 2082 3560 omnibus
2105 3505 2485 3562 dominabitur.
2509 3504 2782 3561 Dominari
2813 3508 3090 3575 omnibus,
3114 3520 3169 3564 at
3191 3525 3299 3566 non
3322 3526 3408 3568 re-

1844 3613 2030 3668 gnare,
2052 3598 2256 3652 dictum
2287 3607 2388 3664 est,
2415 3599 2853 3669 quandoquidem
2888 3615 2995 3656 non
3026 3616 3216 3659 omnes
3241 3619 3408 3676 regno

1843 3690 1962 3759 ejus
2003 3688 2152 3758 digni
2204 3698 2349 3744 sunt.
2396 3688 2738 3761 Quapropter
2782 3693 2848 3749 iis
2903 3694 2996 3763 qui
3041 3694 3404 3764 evangelicam

1844 3788 2012 3851 agunt
2054 3781 2240 3844 vitam,
2277 3795 2502 3850 regnum
2538 3782 2802 3836 cmlorum
2841 3782 3094 3839 Salvator
3132 3785 3408 3854 pollicitus

1843 3880 1946 3927 est.
1975 3870 2205 3941 Imperat
2232 3880 2411 3926 autem
2438 3871 2700 3929 Dominus
2729 3874 2796 3929 iis
2819 3875 2912 3946 qui
2941 3875 3090 3946 digni
3117 3886 3265 3932 sunt.

1908 4051 1998 4104 20.
2038 4050 2334 4107 Benedicite
2379 4053 2626 4119 Domino,
2653 4071 2829 4110 omnes
2876 4056 3048 4126 angeli
3076 4056 3208 4126 ejus.
3241 4055 3410 4112 Docet

1844 4143 2102 4210 pupulum
2128 4144 2219 4212 qui
2253 4145 2459 4199 accedit
2488 4146 2555 4198 ad
2592 4145 2771 4212 ﬁdem,
2799 4162 2922 4201 eum
2953 4147 3045 4216 qui
3076 4147 3292 4218 hymnis
3309 4162 3408 4202 va-

1846 4242 1965 4296 cat,
1999 4235 2243 4289 eamdem
2294 4251 2456 4304 quam
2498 4237 2670 4307 angeli
2712 4239 3027 4307 dignitatem
3073 4239 3419 4297 habiturum.

1844 4323 1978 4378 Nam
2009 4325 2054 4378 si
2091 4327 2194 4380 hoc
2225 4342 2415 4382 eorum
2459 4330 2820 4386 ministerium
2847 4341 2949 4396 est,
2986 4331 3208 4387 laudare
3236 4341 3288 4387 et
3319 4347 3407 4387 ce-

1845 4419 2056 4473 lebrare
2083 4418 2277 4485 Deum,
2311 4431 2365 4476 et
2392 4423 2494 4478 hoc
2525 4423 2699 4493 ipsum
2735 4427 2912 4479 anima
2945 4424 3121 4481 facere
3146 4426 3404 4496 jubetur;

1846 4525 1971 4565 cum
1998 4511 2086 4566 illa
2115 4512 2418 4582 gloriﬁcare
2457 4530 2673 4584 semper
2700 4513 2866 4570 Deum
2905 4518 3142 4584 dicatur,
3187 4519 3408 4576 manife-

195 4620 419 4693 δηλονότι
451 4628 551 4699 τῆς
599 4627 766 4696 αὐτῆς
811 4627 968 4692 ἀξίας
1013 4607 1215 4699 τυχεῖν.
1268 4621 1366 4680 Ὧν
1410 4627 1519 4699 γάρ
1561 4629 1744 4699 ἐπιτή-

1849 4613 1992 4659 stum
2012 4613 2094 4660 est
2114 4608 2359 4660 eamdem
2377 4608 2635 4677 consequi
2658 4607 2994 4678 dignitatem.
3018 4609 3150 4665 Nam
3173 4627 3406 4681 quorum

197 4715 352 4788 δευμα
382 4721 440 4774 τὺ
470 4720 625 4784 αὐτὸ,
654 4719 854 4778 τούτων
877 4720 968 4773 καὶ
990 4721 1050 4775 τὸ
1076 4721 1292 4791 ἀξίωμα
1317 4720 1376 4773 τὸ
1402 4721 1551 4774 αὑτό.

260 4815 569 4884 Εὑλοτεῖτε
617 4813 723 4868 τὸν
753 4814 969 4882 Κύριον
1009 4813 1198 4869 πᾶσαι
1238 4816 1297 4867 al
1321 4813 1604 4882 δυνάμεις
1635 4815 1742 4864 αι’)-

200 4901 312 4954 τοῦ.
366 4907 436 4957 υὺ
475 4904 636 4976 μόνον
691 4903 910 4973 ἄγγελοι
962 4905 1041 4968 εἰς
1090 4906 1180 4958 τὸν
1237 4900 1384 4958 αἶνον
1433 4904 1742 4968 καλοῦνται,

199 4987 320 5044 ἀλλὰ
350 4996 439 5047 καὶ
482 4995 540 5049 εί
576 5013 628 5048 τι
668 4997 852 5068 ἕτερόν
903 4997 1052 5048 ἐστιν
1099 4997 1346 5070 οὐράνιον
1376 4996 1582 5067 τάγμα,
1636 4996 1742 5048 εἴτε

201 5081 382 5152 Θρόνοι,
413 5091 523 5141 εἴτε
548 5088 730 5159 ἀρχαὶ,
764 5088 873 5140 εἴτε
927 5087 1184 5154 ἐξουσίαι,
1233 5088 1344 5142 εἴτε
1403 5088 1742 5160 κυριότητες.

201 5175 366 5229 Ταῦτα
386 5179 440 5231 δέ
475 5181 658 5234 πάντα
678 5181 749 5233 τὰ
779 5181 1033 5252 τάγματα
1063 5179 1149 5234 διὰ
1181 5181 1289 5234 τῶν
1311 5181 1590 5250 δυνάμεων
1615 5183 1746 5252 ἡμῖν

205 5272 386 5341 κατεσή
396 5287 583 5342 μανεν.

331 5383 436 5438 Τοῦ
456 5382 640 5437 Δαυῒδ
658 5385 754 5439 ἐπὶ
779 5385 886 5456 τῆς
908 5386 1013 5440 τοῦ
1035 5388 1265 5456 κόσμου
1296 5370 1601 5458 γενέσεως.

423 5475 838 5545 Ἇνεπίγραφος
871 5480 1006 5548 παρ’
1040 5480 1344 5548 Ἑϐραίοις.
1383 5483 1494 5534 PI"

818 5573 1134 5638 Ὑπόθεσις.

207 5673 410 5744 Διδάξας
435 5682 521 5735 διὰ
544 5684 641 5735 τοῦ
663 5682 1019 5753 προλαϐόντος
1039 5685 1251 5755 ψαλμοῦ
1292 5687 1381 5740 τὸν
1418 5687 1743 5758 προελθόντα

273 5851 313 5882 ⁸⁸
345 5853 506 5912 Evml.
535 5876 723 5926 mm,
757 5863 806 5918 6.

1848 4698 1988 4751 idem
2019 4697 2274 4762 oilicium,
2302 4700 2486 4753 eadem
2521 4709 2574 4753 et
2600 4700 2850 4771 dignitas.

1910 4789 2001 4844 21.
2027 4789 2321 4844 Benedicite
2371 4792 2611 4856 Domino,
2644 4809 2819 4846 omnes
2865 4795 3082 4848 virtutes
3123 4794 3253 4864 ejus.
3287 4794 3403 4850 Non

1845 4883 2021 4938 solum
2061 4883 2234 4952 angeli
2271 4884 2337 4938 ad
2388 4884 2597 4938 Iaudem
2650 4895 2941 4952 vocantur,
2980 4903 3166 4941 verum
3202 4889 3246 4940 si
3284 4888 3406 4957 quis

1845 4975 1986 5032 alius
2014 4985 2096 5029 est
2125 4975 2362 5031 cmlestis
2394 4977 2546 5042 ordo,
2583 4979 2697 5033 sive
2743 4980 2958 5046 throni,
2989 4980 3101 5035 sive
3133 4981 3404 5049 principa-

1844 5079 1953 5134 tus,
1978 5069 2090 5123 sive
2119 5078 2433 5138 potestates,
2465 5072 2579 5126 sive
2625 5072 3040 5126 dominationes.
3090 5070 3201 5127 llos
3245 5074 3379 5127 nimi

1845 5177 1964 5216 rum
2012 5162 2228 5216 ordines
2263 5177 2451 5218 omnes
2477 5180 2573 5233 per
2603 5165 2827 5221 virtutes
2874 5164 3031 5218 nobis
3061 5166 3384 5234 signiﬁcavit

1850 5383 1898 5439 1.
1944 5381 2154 5436 Οιιινὶάὶι
2185 5383 2248 5435 de
2280 5383 2460 5436 mundi
2498 5392 2637 5439 ortu.
2670 5382 2826 5437 Caret
2875 5384 3213 5450 inscriptione
3259 5384 3398 5452 apud

2398 5473 2665 5529 Hebrwos.
2697 5472 2859 5529 CIII.

2427 5569 2827 5638 Argumentum.

1847 5681 2138 5756 Postquam
2170 5683 2222 5738 in
2253 5681 2573 5754 praecedenti
2604 5681 2812 5752 psalmo
2840 5680 3098 5755 populum
3127 5680 3221 5751 qui
3249 5695 3380 5734 nam
