4126 6486
688 467 795 524 435

751 574 830 629 dit
854 573 924 629 ad
947 570 1105 628 [idem
1128 573 1314 629 docuit
1334 574 1564 644 hymnos
1586 571 1779 627 oﬂ‘erre
1804 571 1951 639 Deo;
1981 573 2066 626 his
2091 573 2248 628 docet
2275 580 2322 635 Α

749 675 804 720 et
831 664 1068 719 declarat
1111 675 1312 733 quanta
1343 663 1413 717 sit
1458 677 1545 717 res
1581 662 1702 731 ejus
1735 677 1862 732 erga
1891 675 2084 717 omnes
2114 677 2243 732 pro-

749 756 1013 812 videntia.
1043 756 1182 822 Quia
1209 770 1318 810 non
1342 753 1504 810 modo
1551 753 1856 809 caelestium
1893 762 1947 807 et
1974 753 2246 808 aeriarum

745 855 1143 926 providentiam
1191 853 1360 923 gerit,
1408 850 1502 906 sed
1559 851 1723 906 etiam
1771 859 2108 906 terrenarum
2159 853 2246 906 vel

745 946 1183 1001 tenuissimorum
1203 963 1216 1009 ;
1234 945 1304 998 ita
1323 953 1380 998 ut
1404 958 1469 996 nc
1484 941 1743 996 vilissima
1756 941 1972 1010 quidem
1994 942 2246 996 animalia

755 1037 1004 1107 negligat,
1036 1035 1129 1090 sed
1161 1034 1324 1090 etiam
1353 1048 1541 1088 eorum
1573 1047 1760 1087 curam
1792 1042 1962 1103 gerat.

750 1211 993 1277 Benedic,
1019 1213 1197 1265 anima
1232 1227 1368 1274 mea,
1403 1208 1648 1263 Domino.
1680 1207 1849 1263 Docet
1873 1207 2110 1262 animam
2138 1207 2246 1262 Deo

678 1303 749 1356 ob
780 1317 1030 1370 magnam
1063 1301 1456 1370 providentiam
1491 1301 1612 1370 ejus
1647 1300 1982 1366 benedicere,
2017 1301 2162 1355 sicut
2191 1301 2247 1353 in

678 1399 1000 1464 prmeedentt
1035 1395 1102 1452 de
1149 1397 1466 1452 liberatione
1499 1412 1530 1450 a
1555 1396 1813 1466 peccatis.
1844 1395 2064 1450 Domine
2105 1395 2247 1449 Deus

678 1504 845 1553 meus,
886 1489 1256 1558 magniﬁcatus
1295 1504 1347 1542 es
1401 1487 1732 1542 vehementer.
1765 1487 1845 1540 Ad
1880 1499 2028 1540 tuam
2067 1488 2248 1556 provio

678 1579 914 1635 dentiam
943 1580 1312 1649 respicientes,
1345 1595 1379 1634 o
1408 1578 1656 1641 Domine,
1686 1580 1932 1648 ejusdem
1968 1580 2251 1648 providen.

681 1670 769 1724 tia:
789 1678 894 1724 tuae
915 1670 1283 1739 praestantiam
1305 1669 1718 1737 magniﬁcamus
1740 1678 1960 1738 stupore
1987 1669 2246 1738 perculsi-

679 1761 756 1815 lta
777 1761 920 1815 enim
955 1771 1194 1816 nostram
1233 1759 1626 1816 confessionem
1687 1771 1741 1816 et
1771 1761 2042 1826 decorem,
2082 1761 2135 1814 id
2170 1770 2254 1816 est

678 1853 893 1906 laudem
925 1867 1048 1906 cum
1074 1849 1469 1921 gloriﬁcatione
1514 1851 1692 1906 induit
1720 1866 1817 1904 ceu
1851 1849 2123 1922 quoddam
2156 1866 2249 1905 ve-

679 1942 1018 1998 stimentum.

746 2035 803 2089 2.
838 2036 1080 2088 Amictas
1123 2035 1319 2089 lumine
1360 2035 1496 2089 sicut
1538 2023 1861 2088 vestimento.
1905 2035 1948 2085 A
1979 2032 2247 2102 spirituali

678 2123 884 2178 lumine
934 2125 1193 2194 hymnum
1241 2124 1454 2178 orditur
1500 2124 1623 2194 ipsi.
1669 2123 1738 2177 Ut
1777 2132 1955 2177 autem
1994 2123 2101 2176 alio
2129 2121 2251 2175 loco

677 2215 876 2268 dicitur
909 2213 1083 2268 lucem
1128 2215 1373 2269 habitare
1413 2214 1883 2277 iuaccessibilcm,
1936 2213 2024 2268 hic
2057 2213 2247 2268 eodem

678 2297 884 2359 lumine
909 2305 1145 2360 amictus
1168 2305 1394 2360 dicitur.

755 2480 809 2536 3.
847 2480 1142 2536 Exteudcns
1173 2483 1356 2536 calum
1380 2484 1518 2538 sicut
1548 2483 1756 2553 pellem.
1798 2481 2112 2537 Secundum
2146 2481 2252 2540 hoc

677 2573 1029 2642 providentia:
1045 2589 1182 2644 opus
1200 2576 1542 2644 proponitur,
1558 2575 1701 2644 quod
1719 2589 1883 2627 manu
1901 2574 2124 2628 artiﬁcis
2141 2589 2252 2628 cm-

677 2667 790 2719 lum
805 2666 960 2735 quasi
977 2666 1240 2735 quoddam
1255 2680 1551 2734 expansum
1567 2663 2026 2720 extendatur.Uua
2039 2681 2253 2735 quoque

680 2760 910 2813 formam
940 2758 1176 2813 declarat
1216 2771 1378 2828 atque
1406 2758 1719 2813 facilitatem
1767 2759 1999 2827 upilicis.
2042 2757 2249 2824 Quem.

679 2845 972 2899 admodum
1003 2847 1145 2900 enim
1181 2846 1384 2900 homini
1414 2846 1570 2902 facile
1595 2858 1676 2900 est
1707 2847 1898 2916 pellem
1925 2848 2212 2901 extendere
2235 2889 2249 2907 .

678 2936 754 2992 ita
786 2945 840 2992 et
861 2936 971 2992 Deo
999 2939 1196 2993 cmlum
1230 2939 1469 2992 nondum
1490 2938 1760 2992 exsistcns
1784 2938 2036 2991 condere.
2080 2937 2251 2992 Simul

679 3029 824 3084 aliud
846 3030 1193 3084 adumbravit
1224 3029 1454 3084 sublime
1479 3031 1796 3099 cogitatum,
1828 3029 1973 3099 quod
1998 3033 2063 3084 ad
2091 3031 2248 3084 aliam

679 3121 848 3174 vitam
884 3121 985 3174 iter
1015 3121 1386 3187 inetituamus,
1413 3131 1466 3176 et
1504 3123 1789 3192 praesentia
1818 3122 1927 3176 sint
1955 3123 2146 3175 umbra
2169 3121 2252 3174 fn-

681 3223 950 3280 turorum,
976 3228 1041 3268 ac
1075 3214 1316 3267 nondum
1351 3214 1418 3268 ad
1452 3215 1612 3284 adyta
1636 3214 2125 3284 penetraveritnus,
2156 3213 2246 3268 sed

1533 460 1592 514 S.
1633 457 2002 514 ATHANASH
2038 459 2188 516 OPP.
2236 459 2414 514 PARS
2450 457 2532 512 Ill.
2585 488 2646 497 —
2685 451 3082 510 EXEGETiCA

3812 445 3917 502 436

2421 572 2486 640 τῇ
2524 569 2702 622 πίστει
2735 567 2861 619 λαὸν
2888 565 3011 626 τοὺς
3060 560 3261 630 ὕμνους
3304 559 3595 626 ἀναφέρειν
3642 550 3722 624 τῷ
3776 552 3919 622 Θεῷ.

2419 661 2504 714 διὰ
2531 659 2639 712 τῶν
2672 664 2952 730 παρόντων
2989 654 3247 716 διδάσκει,
3281 650 3375 704 καὶ
3398 650 3496 719 τῆς
3527 647 3670 702 κατά
3701 647 3923 699 πάντων

2423 751 2678 824 προνοίας
2705 748 2864 804 αὐτοῦ
2892 749 3014 801 ὅσον
3055 745 3115 798 τὸ
3153 745 3342 815 χρῆμα
3373 741 3664 794 δείκνυσιν.
3701 739 3826 791 Ὅτι
3859 737 3921 790 οὐ

2424 845 2582 916 μόνον
2631 843 2738 896 τῶν
2781 837 3115 909 ἐπουρανίων
3145 838 3240 889 καὶ
3285 835 3484 905 ἀερίων
3523 833 3732 886 τίθεται
3790 830 3921 901 πρό-

2417 953 2585 1001 νοιαν,
2616 935 2752 988 ἀλλὰ
2778 934 2885 1003 γάρ
2904 932 3004 1003 ,καὶ
3032 930 3140 983 τῶν
3170 928 3426 995 ἐπιγείων
3461 928 3554 980 καὶ
3587 925 3696 978 τῶν
3725 926 3786 977 ἐν
3823 925 3922 975 αὐ-

2422 1032 2532 1093 τοῖς
2559 1026 2937 1098 σμικροτάτων
2967 1041 2979 1053 ·
3013 1023 3087 1085 ὡς
3125 1021 3257 1092 μηδὲ
3281 1020 3386 1072 τῶν
3413 1019 3550 1071 πάνυ
3601 1015 3922 1070 εὐτελεστά-

2420 1138 2527 1175 των
2573 1119 2726 1183 ζώων
2778 1115 3019 1187 ἀμελεῖν,
3043 1112 3185 1184 ,ἀλλὰ
3211 1109 3528 1164 καὶτούτων
3563 1111 3836 1180 προνοεῖν.

2414 1214 2685 1280 Εὺλόγει,
2713 1211 2750 1276 ἠ
2781 1206 2946 1277 ψυχή
2972 1223 3112 1274 μου,
3143 1203 3250 1257 τὸν
3274 1204 3511 1270 Κύριον.
3545 1201 3799 1254 Διδάσκει
3829 1200 3924 1252 καὶ

2349 1302 2441 1354 ἐπὶ
2465 1304 2529 1370 τῇ
2567 1299 2778 1371 μεγάλῃ
2810 1295 3033 1370 προνοίᾳ
3062 1294 3156 1347 τοῦ
3201 1293 3336 1347 Θεοῦ
3379 1292 3618 1359 εὐλογεῖν
3651 1293 3715 1360 τῇ
3774 1290 3920 1360 ψυχῇ

2349 1393 2437 1444 τὸν
2459 1391 2610 1454 Θεὸν,
2647 1390 2835 1458 ὥσπερ
2881 1387 2976 1440 καὶ
3002 1387 3092 1438 ἐπὶ
3123 1384 3201 1455 τῷ
3240 1383 3560 1455 προλαϐόντι
3588 1383 3680 1433 ἐπὶ
3703 1384 3771 1451 τῇ
3815 1381 3923 1434 τῶν

2357 1483 2771 1554 ἁμαρτημάτων
2809 1479 3119 1548 ἀπαλλαγῇ.
3168 1478 3343 1544 Κύριε
3371 1479 3404 1530 ό
3456 1477 3599 1540 Θεός
3619 1491 3760 1542 μου.
3791 1473 3924 1543 ἐμε-

2349 1577 2652 1647 ταλύνθης
2683 1571 2936 1642 σφόδρα.
2978 1568 3308 1638 Ἀφορῶντες
3333 1569 3412 1629 είς
3449 1567 3546 1637 τὴν
3581 1565 3680 1635 σὴν
3708 1564 3925 1636 πρόνοι-

2351 1687 2438 1731 αν,
2481 1663 2524 1720 ὦ
2557 1667 2823 1728 Δέσποτα,
2877 1663 3246 1736 μεγαλύνομεν
3291 1661 3388 1731 τῆς
3419 1661 3516 1730 σῆς
3563 1656 3820 1728 προνοίας
3862 1654 3925 1709 τὸ

2354 1755 2580 1828 μέγεθος
2628 1755 3072 1824 ἐκπληττόμενοι.
3134 1749 3289 1804 υῦτω
3339 1749 3446 1819 γὰρ
3493 1747 3590 1819 τὴν
3641 1746 3921 1817 ἡμετέραν

2351 1846 2737 1917 ἐξομολόγησιν
2781 1845 2874 1898 καὶ
2927 1843 3259 1913 εὐπρέπειαν
3286 1882 3300 1905 ,
3352 1838 3602 1892 τουτέστι
3640 1837 3732 1890 τὸν
3778 1836 3923 1907 μετὰ

2273 1943 2316 1997 Β
2343 1939 2647 2008 δοξολογίας
2671 1933 2838 2000 αἶνον,
2866 1937 3054 2007 ὥσπερ
3082 1952 3135 1986 τι
3163 1932 3499 2005 περιϐόλαιον
3536 1929 3918 2000 ἀμφιέννυσιν.

2435 2031 2938 2097 Ἁναΰαλλόμενος
2995 2026 3121 2095 φῶς
3185 2026 3262 2090 ὡς
3320 2021 3573 2092 ἱμάτιον.
3641 2020 3777 2073 Ἀπὸ
3828 2019 3925 2073 τοῦ

2347 2121 2636 2190 νοουμένου
2669 2120 2844 2188 φωτὸς
2877 2119 3103 2189 ἄρχεται
3133 2117 3225 2168 τὸν
3255 2115 3420 2184 ὕμνον
3467 2112 3799 2166 ἀναπλέκειν
3829 2113 3926 2164 αὐ-

2347 2214 2443 2285 τῷ.
2478 2215 2686 2284 Ὥσπερ
2715 2212 2769 2264 δὲ
2800 2214 2855 2264 ἐν
2890 2211 3058 2280 ἑτέρῳ
3087 2209 3332 2261 λέλεκται
3369 2205 3482 2275 φῶς
3513 2208 3682 2258 οίκεῖν
3721 2203 3926 2274 ἀπρόσ-

2351 2325 2479 2370 ιτον,
2517 2305 2752 2360 ἐνταῦθα
2801 2303 2931 2357 αὐτὸ
2967 2301 3127 2355 τοῦτο
3165 2301 3225 2352 τὸ
3255 2298 3370 2370 φῶς
3396 2295 3798 2352 ἀναϐάλλεσθαι
3839 2294 3926 2350 1E-

2349 2416 2523 2465 γεται.

2432 2487 2870 2544 Ἐκτείνωντὸν
2902 2486 3164 2554 οὐρανόν
3188 2485 3331 2538 ὡσεὶ
3384 2482 3605 2552 δέρῤιν.
3661 2479 3925 2549 Δεύτερον

2349 2583 2508 2637 τοῦτο
2528 2582 2783 2654 προνοίας
2807 2579 3013 2632 τίθεται
3030 2579 3209 2650 ἔργον,
3227 2578 3287 2630 τὸ
3302 2574 3636 2629 ἐκτείνεσοαι
3654 2573 3748 2626 τὸν
3765 2573 3927 2643 οὐρα-

2349 2678 2438 2730 νὸν
2461 2675 2649 2744 ὥσπερ
2666 2691 2719 2726 τι
2757 2673 2969 2741 ἕκταμα
2992 2674 3048 2722 ἐν
3076 2671 3233 2739 χερσὶ
3248 2668 3510 2738 τεχνίτου.
3545 2665 3714 2736 ’(1μοῦ
3742 2665 3840 2717 καὶ
3868 2663 3928 2716 τὸ

2353 2771 2538 2838 σχῆμα
2557 2765 2864 2835 παρέστησε
2888 2762 2981 2816 καὶ
3003 2762 3100 2830 τὴν
3120 2759 3367 2812 εὐκολίαν
3384 2757 3475 2809 τοῦ
3495 2757 3928 2826 δημιουργήσαν-

2349 2883 2461 2928 τος.
2498 2863 2762 2931 Καθάπερ
2794 2858 2914 2930 *γάρ
2936 2853 3209 2924 ἀνθρώπῳ
3244 2848 3422 2921 ῥᾴδιον
3452 2850 3690 2900 ἐκτεῖναι
3720 2845 3924 2915 δέρῤιν,

2351 2958 2490 3011 οὐτω
2513 2955 2605 3008 καὶ
2632 2953 2708 3024 τῷ
2736 2950 2854 3021 Θεῷ
2886 2949 2976 3001 τὸν
3005 2949 3106 2999 οὐκ
3127 2946 3254 2996 ὄντα
3277 2941 3496 3010 ποιῆσαι
3513 2936 3930 3009 οὐρανέ-κ”ἐιμα

2351 3051 2407 3103 δὲ
2434 3049 2524 3102 καί
2553 3067 2604 3100 τι
2635 3048 2818 3116 ἕτερον
2843 3041 3058 3112 ᾐνίξατο
3090 3038 3267 3105 νόημα
3293 3033 3514 3103 ὑψηλὸν,
3540 3033 3621 3083 δτι
3654 3030 3792 3100 πρὸς
3814 3029 3932 3081 ἓτε-

2354 3159 2443 3213 ρον
2477 3139 2587 3209 βίον
2611 3131 2992 3205 ὁδεύομεν,καὶ
3024 3128 3094 3182 τά
3117 3126 3359 3198 παρόντα
3400 3123 3525 3176 σκιά
3547 3121 3657 3173 τῶν
3704 3119 3926 3190 μελλόν-

2352 3211 2478 3295 των,
2519 3231 2614 3285 καὶ
2659 3227 2870 3282 οὐδέπω
2914 3224 3049 3295 πρὸς
3087 3221 3155 3274 τά
3186 3219 3351 3274 ἄδυτα
3383 3213 3784 3285 ἀφικνούμεθα,
3813 3211 3928 3265 ἀλλ’

679 3303 860 3358 adhuc
901 3304 1242 3372 in‘prameuti
1279 3305 1410 3368 vita,
1446 3320 1545 3359 ceu
1585 3304 1639 3357 in
1689 3320 1850 3358 scena
1890 3307 2083 3359 simus.
2114 3305 2248 3360 Nam

2355 3326 2433 3378 ἔτι
2470 3326 2524 3376 ἐν
2549 3325 2719 3392 σκηνῇ
2763 3323 2929 3389 ἐσμεν
2961 3315 3039 3385 τῷ
3069 3313 3296 3384 παρόντι
3331 3310 3452 3380 βίῳ.
3497 3309 3561 3361 Ἦ
3605 3306 3718 3377 γάρ
3753 3305 3928 3376 σκηνὴ

680 3409 843 3448 scena
879 3410 1068 3448 eorum
1100 3404 1183 3450 est
1216 3411 1337 3464 quae
1371 3397 1675 3450 solvuntur.
1712 3394 1780 3447 Et
1809 3407 1924 3464 post
1953 3414 2140 3465 pauca.
2171 3396 2247 3452 lta

681 3487 737 3541 in
779 3487 919 3542 caelo
964 3498 1300 3542 commutato
1327 3489 1472 3542 aliud
1509 3489 1611 3543 erit
1655 3489 1777 3544 vitae
1805 3499 1859 3544 et
1891 3491 2050 3543 sortis
2081 3505 2249 3558 genus

680 3579 936 3646 praesenti
981 3577 1196 3632 melius.
1241 3579 1353 3632 Erit
1389 3578 1532 3632 enim
1562 3579 1759 3634 caelum
1796 3594 1994 3633 novum
2026 3591 2078 3634 et
2106 3591 2248 3634 terra

683 3684 844 3723 nova.
878 3668 983 3723 Sed
1011 3670 1298 3727 audiamus
1327 3687 1575 3742 quaenam
1608 3672 1672 3726 de
1701 3673 1840 3727 cmlo
1873 3673 2146 3740 propheta:
2163 3673 2247 3726 di-

681 3771 828 3827 cant,
853 3771 913 3815 ut
933 3777 1028 3815 ora
1047 3762 1364 3818 obturemus
1389 3778 1579 3817 eorum
1608 3753 1976 3830 quiltnagnam
2004 3764 2054 3815 iu
2083 3765 2248 3819 barba

683 3855 1067 3909 conﬁdentiam
1104 3858 1324 3920 habent,
1357 3857 1450 3925 qui
1504 3871 1626 3925 qua:
1674 3871 1792 3911 sese
1847 3856 1986 3909 ultro
2018 3857 2250 3911 olle-runt

685 3947 855 4001 rncnti
884 3947 1192 4017 loquentes,
1220 3949 1406 4002 dicunt
1426 3947 1586 4012 etiam
1607 3950 1708 4004 sub
1733 3958 1870 4003 terra
1894 3951 2089 4003 ccelum
2109 3966 2248 4014 esse,

685 4047 876 4094 contra
901 4055 1039 4110 quos
1073 4051 1223 4094 stans
1260 4038 1528 4110 Pmpheta
1556 4040 1803 4095 diccbat:
1831 4040 2127 4095 Extendens
2154 4059 2253 4094 cae-

687 4131 792 4185 tum
823 4133 957 4186 sicut
989 4131 1194 4202 pellent.
1227 4131 1389 4187 Pellis
1416 4149 1521 4186 non
1555 4142 1636 4186 est
1661 4133 1866 4201 sphaera
1900 4135 2165 4202 quzrdam,
2192 4145 2251 4190 ut

685 4235 962 4292 nugantur
996 4222 1130 4290 ipsi;
1158 4222 1251 4275 sed
1296 4223 1470 4275 solum
1509 4220 1890 4289 hemisphaerio
1938 4223 2252 4277 cuidam.si-

688 4315 834 4370 milis
856 4324 958 4370 est.
1005 4313 1159 4381 Quod
1197 4314 1337 4368 alius
1375 4314 1632 4384 propheta
1659 4313 1902 4367 dicebat:
1934 4313 2038 4378 Qui
2068 4316 2253 4368 statuit

686 4417 744 4460 ut
783 4406 1040 4474 fornicem
1076 4405 1283 4469 calum,
1311 4415 1361 4458 et
1401 4403 1631 4458 extendit
1665 4413 1722 4456 ut
1751 4401 2144 4456 tabernaculum
2184 4405 2252 4457 ad

600 4523 603 4527 -
687 4498 1034 4551 habitandum
1066 4498 1121 4551 in
1151 4507 1296 4550 terra
1318 4497 1382 4551 “.
1416 4495 1482 4549 Et
1514 4510 1729 4550 rursum
1758 4512 1772 4547 :
1810 4495 1929 4549 Non
1961 4506 2131 4559 nutat,
2163 4495 2252 4549 sed

686 4600 793 4643 stat
817 4589 956 4658 ﬁxus
980 4589 1046 4643 ⁸⁷.
1071 4588 1144 4643 lta
1174 4589 1304 4644 dicit
1324 4589 1586 4659 propheta
1608 4607 1619 4641 ι
1643 4588 1748 4652 Qui
1775 4587 1891 4654 ﬁxit
1916 4587 2121 4640 caelum.
2147 4585 2252 4640 Te-

2354 3417 2462 3469 τών
2485 3415 2778 3478 λυομένων.
2804 3410 2911 3465 Kal.
2936 3407 3061 3477 μετ’
3090 3407 3282 3473 ὀλίγαο
3311 3403 3465 3456 Οὕτω
3503 3403 3598 3453 καὶ
3625 3399 3720 3451 τοῦ
3767 3401 3928 3470 οὐρα-

2356 3507 2447 3559 νοῦ
2475 3505 2570 3558 τοῦ
2604 3501 3002 3572 ἀλλασσομένου
3033 3499 3216 3569 ἕτερος
3247 3495 3400 3547 ἔσται
3430 3493 3629 3563 τρόπος
3667 3489 3816 3559 ζωῆς
3842 3489 3932 3542 καὶ

2355 3593 2507 3664 λῆξις
2534 3593 2634 3662 τῆς
2652 3591 2931 3662 παρούσης
2966 3588 3222 3658 ἀμείνων.
3261 3586 3452 3638 Ἔσται
3484 3580 3594 3653 γάρ
3635 3582 3663 3632 ὁ
3703 3579 3934 3651 οὐρανὸς

2358 3684 2541 3747 καινὸς
2567 3684 2661 3735 καὶ
2690 3683 2723 3752 ἡ
2747 3680 2818 3749 γῆ
2849 3682 3031 3749 καινή.
3079 3676 3219 3728 Ἀλλ’
3266 3671 3624 3742 ἀκουσώμεθα
3649 3670 3752 3722 ὅσα
3807 3667 3934 3739 περὶ

2357 3770 2590 3842 οὐρανοῦ
2628 3770 2878 3838 λέγουσιν
2903 3768 2953 3819 οἱ
2981 3765 3276 3837 προφῆται,
3325 3763 3410 3815 ἵνα
3441 3763 3509 3814 τά
3537 3760 3782 3828 στόματα
3826 3759 3934 3812 τῶν

2360 3866 2449 3916 ἐπὶ
2465 3861 2542 3932 τῷ
2563 3861 2782 3929 πώγωνι
2814 3861 2955 3929 μέγα
2981 3856 3316 3927 φρονούντων
3341 3852 3713 3924 ἐμφράξωμεν
3735 3869 3750 3882 ·
3785 3850 3835 3903 οἳ
3867 3849 3934 3902 τά

2359 3954 2649 4008 ἐπελθόντα
2695 3952 3076 4021 φθεγξάμενοι,
3117 3949 3210 4002 καὶ
3254 3947 3358 3999 ὑπὸ
3385 3947 3487 4016 γῆν
3520 3945 3754 4016 οὐρανὸν
3791 3939 3932 3996 εἷναι

2358 4048 2602 4116 λέγουσι·
2638 4045 2771 4114 πρὸς
2797 4044 2889 4107 οὓς
2911 4044 3195 4112 ἱστάμενος
3222 4042 3250 4092 ὁ
3272 4041 3556 4110 προφήτης
3584 4038 3760 4105 ἔλεγεο
3807 4039 3934 4091 Ἐκ-

2345 4140 2568 4192 ·τείνων
2614 4136 2720 4188 τὸν
2763 4133 3022 4202 οὐρανὸν
3071 4132 3212 4185 ὡσεὶ
3266 4130 3484 4199 δέῤῥιν.
3538 4129 3603 4181 'll
3648 4129 3836 4198 δέῤῥις
3872 4127 3932 4180 οὐ

2362 4227 2563 4296 σφαῖρά
2583 4227 2666 4290 τίς
2693 4227 2808 4278 ἐστι
2839 4224 2977 4278 κατά
2999 4224 3097 4295 τὴν
3125 4224 3346 4276 ἐκείνων
3395 4219 3662 4291 ληρωδίαν
3683 4234 3698 4248 ·
3736 4219 3858 4272 ἀλλ’
3887 4219 3935 4272 εὶ

2364 4319 2438 4389 μὴ
2470 4318 2673 4388 κυκλίῳ
2705 4319 2811 4370 τινὶ
2838 4318 2932 4370 καὶ
2958 4314 3300 4387 ἡμισφαιρίῳ
3344 4313 3686 4383 προσέοικεν.
3757 4310 3934 4381 Ὅπερ

2360 4403 2454 4461 οὖν
2501 4407 2682 4478 ἱἔτερος
2737 4407 3017 4476 προφήτης
3074 4402 3249 4475 δηλῶν
3309 4403 3527 4470 ἔλεγεν·
3589 4401 3650 4452 '0
3694 4399 3934 4465 στήσας

2360 4501 2440 4564 ὼς
2470 4497 2742 4566 καμάραν
2763 4497 2869 4549 τὸν
2897 4496 3176 4563 οὐρανόν,
3201 4495 3299 4548 καὶ
3340 4495 3642 4560 διατείνας
3665 4496 3750 4558 ὡς
3789 4510 3933 4559 σκη-

2361 4591 2479 4656 νὴν
2503 4588 2800 4642 κατοικεῖν
2821 4589 2921 4641 ἐπὶ
2945 4587 3053 4656 τῆς
3074 4587 3206 4656 γῆς.
3249 4587 3356 4639 Καὶ
3389 4586 3571 4648 πάλιν,
3602 4586 3686 4637 ὅτι
3725 4587 3810 4638 Οὐ
3837 4599 3936 4638 πε-

688 4684 1060 4753 nuitatemqne
1081 4683 1200 4752 ejus
1230 4683 1297 4736 ad
1326 4697 1598 4738 summum
1631 4696 1805 4749 usque
1833 4681 2115 4736 declarans
2133 4680 2209 4733 ait
2238 4695 2252 4733 :

2353 4681 2670 4750 ριδονεῖται
2696 4698 2708 4711 ·
2743 4681 2879 4735 ἀλλ’
2917 4681 3135 4746 ἕστηκε
3184 4677 3481 4748 πεπηγώς.
3525 4676 3681 4730 Οὕτω
3709 4677 3877 4748 φησὶν
3909 4679 3936 4730 ὁ

689 4774 891 4829 Caelum
939 4777 1070 4828 sicut
1118 4775 1292 4843 fumus
1339 4775 1609 4843 firmatum
1663 4782 1760 4827 est.
1807 4774 1910 4836 Qui
1959 4774 2078 4842 tegit
2103 4772 2254 4841 aquis

689 4867 966 4935 superiora
1003 4866 1137 4935 ejus.
1179 4864 1428 4920 Ostendit
1468 4880 1576 4918 nun
1611 4873 1811 4919 temere
1857 4879 2118 4933 aquarum
2150 4864 2258 4918 fre-

689 4958 967 5028 quentiam
1021 4961 1075 5012 in
1132 4973 1256 5013 aere
1320 4957 1693 5016 circumferri.
1753 4955 1846 5011 sed
1899 4957 2072 5024 ipsum
2140 4971 2254 5010 rem

689 5065 848 5120 agere
892 5051 1232 5121 providentia
1263 5050 1523 5121 quadarn,
1561 5048 1634 5101 ita
1671 5057 1730 5102 ut
1759 5048 1984 5101 nubium
2030 5048 2257 5102 concin.

690 5139 861 5193 nitate
882 5151 936 5193 et
955 5139 1224 5210 positione
1241 5140 1524 5192 videantur
1552 5137 1656 5206 tegi
1675 5137 1938 5192 cmlorum
1964 5145 2164 5205 partes.

2359 4777 2662 4846 προφητης,
2708 4773 2770 4826 '0
2793 4772 2991 4841 πήξας
3018 4772 3124 4824 τὸν
3143 4771 3426 4837 οὐρανόν.
3474 4769 3585 4823 Καὶ
3611 4769 3714 4838 τὴν
3745 4766 3936 4820 λεπτό-

2359 4885 2496 4938 τητα
2523 4867 2577 4920 δὲ
2600 4867 2763 4920 αὐτοῦ
2791 4868 2889 4937 τὴν
2923 4869 3001 4928 εἰς
3035 4865 3202 4936 ἀκρον
3233 4861 3513 4933 παριστῶν
3542 4861 3752 4928 ἔλεγεν,
3777 4861 3857 4913 ὅτι
3875 4861 3935 4912 '0

2361 4959 2614 5026 οὐρανὸς
2645 4959 2788 5013 ὡσεὶ
2813 4957 3040 5023 καπνὸς
3063 4956 3412 5025 ἐστερεώθη.
3465 4955 3518 5006 '0
3552 4953 3857 5022 στεγάζων
3871 4953 3938 5004 ἐν

2360 5050 2541 5104 ὕδασι
2567 5052 2638 5105 τὰ
2663 5050 2899 5118 ὑπερῷα
2929 5049 3112 5103 αὑτοῦ
3132 5067 3145 5079 ·
3179 5048 3468 5110 δείκνυσιν,
3493 5046 3567 5108 ὡς
3594 5046 3695 5098 οὐκ
3726 5047 3852 5116 εἰκῆ
3872 5045 3940 5096 τὰ

2363 5143 2470 5195 τῶν
2496 5142 2702 5196 ὑδάτων
2733 5143 3051 5211 συστήματα
3079 5144 3133 5195 ἐν
3159 5141 3281 5214 ἀέρι
3329 5139 3688 5210 περιφέρεται
3713 5154 3728 5168 ·
3778 5137 3933 5197 αὐτὸς

689 5230 799 5301 γὰρ
852 5230 955 5300 ἰδία
1008 5231 1234 5302 προνοίᾳ
1265 5229 1388 5297 ἄγει
1429 5229 1492 5282 τὸ
1538 5230 1790 5300 πρᾶγμα,
1835 5228 1910 5292 ὡς
1959 5229 2052 5280 καὶ
2093 5227 2268 5281 δοκεῖν
2333 5232 2660 5302 ἐστεγάσθαι
2715 5238 2780 5305 τῇ
2812 5235 2921 5287 τῶν
2951 5234 3128 5302 νετξῶν
3156 5232 3453 5303 εὐαρμονίᾳ
3500 5231 3570 5283 τὰ
3633 5231 3764 5301 περὶ
3830 5229 3940 5283 τῶν

687 5322 932 5389 οὐρανῶν
961 5321 1122 5393 μέρη.

765 5416 819 5468 ι.
845 5412 949 5479 Qui
981 5415 1125 5482 ponit
1166 5414 1351 5468 nubent
1387 5429 1661 5468 ascensum
1697 5428 1869 5465 suum.
1896 5411 2060 5477 Quasi
2097 5427 2254 5480 aper—

689 5507 800 5561 tius
836 5506 1081 5560 diceret:
1109 5504 1211 5572 Qui
1257 5506 1323 5559 ad
1369 5505 1515 5574 ipsas
1548 5519 1720 5573 usque
1759 5503 1931 5556 nubes
1974 5503 2258 5570 providen-

689 5599 823 5649 tiam
857 5596 1127 5662 extendit;
1165 5610 1456 5650 ascensum
1485 5595 1630 5649 enim
1658 5607 1756 5662 pro
1797 5591 2131 5663 providentia
2172 5607 2259 5660 po-

691 5690 820 5744 suit.
853 5689 957 5755 Qui
984 5689 1224 5742 ambulat
1249 5703 1426 5756 super
1467 5702 1660 5757 pennas
1693 5696 1984 5740 uentorum.
2011 5683 2260 5740 Declarat

759 5883 805 5915 "'
839 5886 942 5940 lsa.
982 5901 1066 5953 xz,
1101 5887 1191 5942 ‘2’2.
1273 5890 1312 5920 "
1347 5886 1445 5942 lsa.
1481 5905 1556 5955 ιι,
1597 5887 1646 5943 6.

2467 5415 2564 5464 Οτι
2596 5411 2718 5478 θεὶς
2745 5410 2897 5480 νέφη
2951 5411 3063 5478 τὴν
3100 5410 3379 5462 ἐπίϐασιν
3412 5407 3621 5460 αυτοῦ.
3659 5407 3804 5459 Ὠσεὶ
3840 5423 3933 5458 σα·

2365 5503 2624 5573 φέστερον
2651 5502 2848 5566 ἔδειξεν
2870 5519 2882 5532 ·
2927 5504 2983 5555 'U
3016 5505 3108 5555 καὶ
3147 5501 3305 5571 μέχρι
3342 5499 3449 5552 τῶν
3486 5497 3726 5566 νεαελῶν
3761 5497 3935 5550 αὐτῶν

2365 5595 2432 5648 τὰ
2455 5595 2551 5662 τῆς
2571 5594 2823 5665 προνοίας
2841 5593 3113 5646 ἐκτείνων.
3148 5593 3259 5660 Τὴν
3279 5590 3387 5661 γάρ
3417 5589 3672 5642 ἐπίϐασιν
3695 5587 3816 5640 ἀντὶ
3839 5587 3934 5654 τῆς

2368 5683 2627 5754 προνοίας
2684 5682 2942 5738 τέθεικεν.
2995 5685 3055 5737 Ὀ
3089 5679 3425 5752 περιπατῶν
3480 5679 3580 5734 ἐπὶ
3630 5679 3935 5749 πτερύγων
