4126 6480
232 425 325 483 837

1364 423 1721 480 ΕΧΡΟΞΙΤΙΟ
1763 422 1830 477 IN
1867 423 2196 480 PSALMIJM
2235 423 2373 481 Clll.

3348 417 3455 476 ιδε

229 538 479 608 ἀνέμων.
544 536 844 602 Δείκνυσιν,
876 538 952 602 ὡς
1006 538 1127 592 οὑδὲ
1159 540 1192 608 ὴ
1242 538 1350 591 τῶν
1388 539 1602 608 ἀνέμων
1651 537 1778 608 φορὲ

1895 553 2003 592 non
2047 548 2248 594 temere
2292 539 2421 593 ferri
2459 547 2739 594 ventorum
2787 537 3084 604 impetum;
3126 536 3220 593 sed
3276 539 3455 609 ipsum

227 631 341 699 εἰκῆ
372 629 605 700 φέρεται
626 647 641 660 ο
674 631 788 684 ἀλλ’
818 631 979 694 αὑτός
1026 634 1173 685 ἐστιν
1213 631 1400 703 ὥσπερ
1449 649 1530 695 τις
1581 631 1793 701 ἡνίοχος

226 721 398 774 αὐτῶν
449 721 769 792 γινόμενος,
832 721 921 775 διὰ
964 722 1058 776 τοῦ
1105 727 1225 788 ταῖς
1267 722 1448 776 αὐτῶν
1497 722 1794 776 ἐπιϐαίνειν

227 816 320 868 πτέ
331 814 507 884 ρυξιν.

300 907 364 958 '0
407 905 606 959 ποιῶν
637 907 778 966 τοὺς
828 907 1119 977 ἀγγέλους
1152 907 1339 963 αὐτοῦ
1369 909 1692 975 πνεύματα.
1732 907 1792 957 Ὀ

225 998 479 1066 κούφους,
510 1000 667 1069 φησι,
697 1000 789 1052 καὶ
818 1002 1138 1072 μεταρσίους
1163 1003 1287 1065 τοὺς
1314 1000 1573 1068 ἀγγέλους
1601 999 1787 1052 ποιῶν.

223 1090 326 1140 Kal
357 1089 502 1154 τοὺς
531 1092 912 1160 λειτοιιογοὺς
953 1091 1136 1147 αὑτοῦ
1165 1093 1284 1160 πῦρ
1329 1090 1570 1160 φλέγον.
1607 1091 1792 1154 Οὕτως

224 1173 324 1230 εἶδε
356 1180 605 1250 Μωῦσῆς
633 1183 691 1235 ἑν
729 1183 861 1254 πυρὶ
893 1183 1087 1252 φλογὸς
1135 1182 1225 1236 τὸν
1273 1183 1500 1250 ἄγγελον
1530 1181 1790 1234 λαλοῦντα

221 1271 387 1341 αὐτῷ.

299 1363 360 1415 '0
382 1366 682 1433 θεμελιῶν
703 1367 818 1435 τὴν
848 1367 965 1437 γῆν
992 1368 1090 1421 ἐπὶ
1112 1369 1228 1437 τὴν
1254 1368 1608 1438 ἀσφάλειαν.
1637 1364 1792 1421 Μετά

219 1453 276 1505 τὸ
301 1453 476 1521 δεῖξαι
508 1457 608 1528 τὴν
656 1460 714 1513 ὲν
755 1461 830 1529 τῷ
862 1461 1072 1532 οὐρανῷ
1114 1462 1368 1533 πρόνοιαν
1393 1461 1486 1514 τοῦ
1528 1460 1788 1528 δημιουρ-

219 1543 334 1610 γοῦ.
370 1546 592 1616 πρόεισι
619 1549 711 1602 καὶ
739 1551 866 1619 περὶ
898 1551 1005 1604 τῶν
1039 1551 1097 1603 ὲν
1131 1555 1196 1623 τῇ
1220 1555 1290 1622 γῇ
1318 1551 1572 1621 πρόνοιαν
1599 1547 1786 1602 αὐτοῦ.

219 1636 356 1688 Δύτὸ
385 1637 553 1691 τοῦτο
594 1639 688 1704 τὸ,
732 1642 957 1714 στερεὰν
1012 1643 1183 1715 αὐτὴν
1228 1639 1390 1697 οὖσαν
1440 1644 1534 1697 καὶ
1569 1641 1788 1712 βαρεῖαν

221 1726 305 1795 ἐφ’
335 1729 514 1800 ὑγρᾶς
551 1731 875 1802 ἑδρασθῆναι
905 1734 1109 1798 οὐσίας.

292 1819 596 1888 Ἀσυσσος
633 1825 713 1889 ὡς
765 1825 994 1894 ἱμάτιον
1043 1827 1110 1878 τὸ
1159 1827 1535 1894 περιϐόλαιον
1577 1823 1782 1877 αὐτοῦ.

219 1906 385 1960 Αὑτοῦ
414 1909 518 1979 μὲν
549 1912 642 1965 τοῦ
668 1915 766 1983 τῆς
799 1916 902 1984 γῆς
933 1915 1196 1985 στοιχείου
1231 1913 1380 1985 φησί.
1415 1914 1576 1980 Λέγει
1605 1913 1680 1977 δὲ,
1704 1913 1784 1965 ὅτι

219 1995 402 2069 ὥσπερ
433 2001 638 2070 ίματίῳ
668 2003 952 2072 περιέϐαλε
973 2007 1039 2074 τῇ
1069 2004 1290 2075 ἀϐύσσῳ
1323 2004 1423 2075 τὴν
1443 2005 1563 2074 γῆν,
1587 2002 1784 2069 ἔξωθεν

219 2090 396 2141 πᾶσαν
414 2092 765 2161 περικυκλῶν
787 2092 958 2146 ὕδατι.
979 2095 1107 2147 Ἐπὶ
1131 2093 1442 2162 τῶνόρέων
1454 2092 1786 2156 στήσονται

219 2177 424 2242 ὕδατα,
461 2198 520 2235 κ.
542 2198 593 2234 τ.
621 2181 672 2235 λ.
709 2183 795 2246 Ὠς
823 2185 946 2255 ὅρη,
991 2187 1145 2255 φησὶ,
1181 2185 1248 2239 τὰ
1277 2186 1380 2255 τῆς
1410 2184 1648 2238 ἀϐύσσου
1694 2187 1786 2236 ἀν-

219 2269 472 2323 ιστῶνται
501 2272 668 2326 ὕδατα
699 2275 997 2345 ύψούμενα,
1035 2278 1129 2330 καὶ
1158 2277 1319 2330 οἱονεὶ
1335 2277 1656 2330 ἀπειλοῦντα
1684 2292 1783 2328 καε

217 2355 483 2410 τακλῦσαι
530 2360 630 2430 τὴν
657 2361 792 2430 γῆν
831 2363 965 2418 ἀλλά
992 2364 1069 2435 τῷ
1117 2365 1193 2436 σῷ
1218 2367 1445 2437 νεύματι
1480 2367 1572 2419 καὶ
1619 2369 1683 2436 τῇ
1717 2367 1782 2435 σῇ

213 2442 462 2514 δυνάμει,
489 2449 611 2518 ἥτις
637 2451 731 2502 καὶ
762 2451 849 2504 διὰ
878 2453 977 2522 τῆς
1017 2455 1243 2525 βροντῆς
1276 2457 1616 2526 σημαίνεται,
1655 2456 1783 2508 ἁνα-

215 2535 474 2604 χωροῦσι,
509 2541 672 2609 φησίν
696 2557 709 2571 ·
739 2543 770 2612 ἢ
805 2545 946 2613 τάχα
971 2547 1065 2598 καὶ
1095 2547 1191 2609 τὰς
1231 2548 1457 2619 βροντὰς
1491 2549 1578 2602 διὰ
1628 2549 1784 2602 τοῦτο

215 2628 544 2698 γεγενῆσθαί
568 2649 721 2703 φησι.
746 2636 881 2706 πρὸς
911 2637 969 2688 τὸ
999 2637 1162 2705 φόϐον
1198 2638 1319 2692 τινὰ
1356 2639 1652 2708 λαμϐάνειν
1679 2639 1785 2691 ἀπὸ

215 2718 318 2770 τῶν
350 2725 654 2792 γινομένων
693 2727 792 2796 τῆς
835 2729 1074 2784 ἀϐύσσου
1101 2732 1169 2784 τὰ
1201 2731 1384 2785 ὕδατα.
1416 2735 1478 2785 Εἰ
1511 2733 1566 2785 δὲ
1602 2734 1784 2786 ἐκεῖνα

213 2811 367 2866 τοῦτο
399 2817 688 2888 ὑπομένει,
730 2821 910 2892 πολλῴ
957 2823 1117 2878 πλέον
1149 2825 1212 2878 τὸ
1250 2825 1486 2878 τοιοῦτον
1514 2825 1593 2877 δεῖ
1638 2826 1782 2894 ἡμᾶς

212 2905 426 2961 παθεῖν.

291 3000 752 3055 ’Λναόαίνουσιν
795 3004 899 3072 ὄρη
951 3005 1050 3060 καὶ
1107 3010 1534 3063 καταϐαίνουσι
1587 3009 1778 3065 πεδία.

223 3088 555 3160 ’Υψούμενα.
588 3095 738 3164 φησὶ,
768 3096 836 3148 τὰ
859 3096 1026 3152 ὕδατα
1049 3100 1436 3173 παρεικασθείη
1463 3102 1528 3156 ἃν
1552 3104 1733 3174 ὄρεσιν
1765 3120 1779 3134 ·

1891 643 2010 683 esse
2033 632 2192 708 quasi
2220 632 2466 701 aurigam
2497 630 2806 700 quemdam,
2828 629 2972 699 quod
2999 629 3256 684 ascendat
3295 645 3456 702 super

1889 734 2097 789 pennas
2121 718 2261 790 ejus.

1962 899 2013 953 5.
2059 899 2164 965 Qui
2198 901 2337 970 facit
2379 899 2588 970 angelos
2621 915 2744 953 suos
2778 899 3017 967 spiritus.
3062 895 3166 963 Qui
3208 895 3451 965 angelos,

1891 991 2084 1061 inquit,
2129 993 2274 1049 leves
2307 1001 2360 1047 et
2407 991 2667 1047 sublimes
2714 989 2862 1044 facit.
2910 988 2974 1044 Et
3025 988 3292 1042 ministros
3331 1003 3452 1040 suos

1890 1080 2058 1150 ignem
2101 1093 2357 1136 urentem.
2399 1081 2474 1135 lla
2515 1081 2648 1135 vidit
2690 1079 2902 1152 Moyses
2934 1081 2990 1135 in
3033 1080 3248 1133 ﬂatnma
3310 1076 3452 1147 ignis

1890 1173 2138 1242 angelum
2169 1173 2274 1228 sibi
2301 1178 2632 1244 loquentem.

1963 1369 2067 1434 Qui
2117 1367 2360 1437 fundavit
2434 1377 2630 1420 terram
2680 1383 2834 1435 super
2883 1359 3225 1419 stabilitatem
3280 1377 3450 1416 suam.

1890 1456 2187 1528 Postquam
2214 1457 2450 1512 ostendit
2474 1456 2776 1511 conditoris
2799 1456 2854 1510 in
2879 1457 3016 1510 cmlo
3035 1453 3450 1525 providentiam,

1889 1550 2237 1618 progreditur
2290 1549 2356 1601 ad
2412 1545 2804 1616 providentiam
2863 1547 2983 1616 ejus
3036 1559 3164 1614 erga
3217 1552 3448 1597 terrena.

1888 1639 2042 1707 Quod
2070 1642 2226 1694 firma
2265 1640 2354 1694 illa
2381 1649 2437 1694 et
2469 1639 2650 1708 gravis
2675 1653 2800 1692 cum
2832 1638 2924 1700 sit,
2960 1637 3014 1690 in
3047 1635 3267 1690 humida
3320 1634 3451 1689 sub-

1888 1733 2086 1787 snantia
2115 1731 2338 1786 inundata
2369 1731 2552 1784 fuerit.

1957 1823 2014 1886 6,
2053 1823 2103 1876 7.
2134 1823 2364 1893 Abyssus
2389 1825 2523 1878 sicut
2550 1825 2910 1877 uestimentum
2931 1821 3156 1873 amictus
3181 1819 3318 1888 ejus,
3348 1817 3454 1870 ele-

1887 1917 2054 1970 menti
2082 1917 2292 1971 scilicet
2321 1917 2545 1974 terreni.
2594 1917 2683 1970 Ait
2712 1917 2895 1986 igitur,
2923 1915 3121 1986 abysso
3149 1928 3250 1966 ceu
3280 1911 3447 1966 vesti-

1887 2017 2070 2060 mento
2100 2007 2528 2061 circumdedisse
2559 2015 2780 2068 terram,
2816 2015 2984 2060 totam
3023 2002 3261 2060 exterius
3289 2002 3445 2072 aquis

1886 2098 2153 2154 ambiens.
2187 2096 2357 2166 Super
2395 2108 2593 2154 montes
2636 2097 2848 2152 stabunt
2897 2111 3067 2166 aquae,
3115 2103 3222 2149 etc.
3252 2093 3444 2165 AbySsi

1885 2179 2061 2260 aquae,
2087 2192 2181 2257 ait,
2223 2191 2396 2246 instar
2429 2191 2697 2247 montium
2727 2189 2988 2244 sublimes
3035 2188 3341 2256 insurgunt,
3393 2198 3447 2238 et

1884 2282 2041 2350 quasi
2072 2285 2398 2339 minitantur
2429 2285 2773 2354 submergere
2821 2293 3040 2346 terram,
3080 2280 3172 2335 sed
3224 2291 3354 2333 nutu
3391 2289 3445 2332 ct

1885 2382 2151 2442 potestate
2184 2385 2296 2438 tua,
2325 2390 2447 2444 qua:
2488 2390 2583 2444 per
2636 2374 2844 2430 tonitru
2887 2372 3242 2442 signiﬁcatur,
3295 2384 3444 2423 recc.

1884 2465 2058 2519 dunt:
2091 2475 2184 2519 aut
2210 2465 2442 2520 fortasse
2469 2467 2590 2520 ideo
2623 2467 2864 2520 tonitrua
2895 2463 3011 2519 ﬁeri
3049 2464 3143 2529 ait,
3178 2469 3239 2516 ut
3261 2475 3324 2515 ex
3353 2475 3443 2530 ge.-

1885 2557 1985 2611 stis
2020 2557 2183 2612 rebus
2215 2557 2408 2612 timore
2439 2557 2674 2627 quodam
2726 2557 3030 2611 adiciantur
3057 2571 3211 2624 aqua:
3240 2554 3440 2624 abyssi.

1884 2646 2042 2711 Quod
2080 2650 2125 2703 si
2160 2650 2210 2704 id
2247 2650 2352 2706 illis
2386 2651 2620 2716 eveniat,
2670 2650 2840 2705 multo
2865 2648 3040 2718 magis
3084 2647 3259 2702 simile
3287 2646 3446 2705 nobis

1884 2740 2198 2808 contingere
2223 2757 2447 2798 necesse
2467 2751 2570 2796 est.

1954 3000 2008 3065 8,
2037 3000 2090 3054 9.
2124 2999 2423 3053 Asceuduut
2451 3008 2651 3056 montes
2689 3010 2737 3054 et
2771 3000 3084 3056 descendunt
3113 3003 3308 3071 campi.
3341 3005 3446 3060 Ex-

1885 3092 2086 3154 altatte,
2127 3092 2224 3155 ait,
2257 3108 2412 3160 aquae
2435 3094 2559 3164 jure
2589 3094 2870 3148 montibus
2903 3105 3305 3165 comparentur,
3351 3097 3445 3152 sed

213 3177 322 3229 ἀλλ’
357 3179 676 3250 ἀπλούμενα
711 3183 870 3238 πάλιν
902 3187 1006 3240 ὑπὸ
1029 3187 1122 3240 τοῦ
1155 3188 1247 3242 σοῦ
1279 3189 1464 3258 φόϐου,
1487 3193 1648 3244 οἱονεὶ
1681 3209 1778 3245 πε-

1885 3183 2105 3244 εειίσιαι,
2136 3182 2334 3251 inquit,
2363 3199 2459 3253 per
2492 3184 2744 3240 timorem
2786 3194 2965 3249 tuum,
3011 3187 3168 3256 quasi
3222 3203 3445 3257 campus

209 3268 327 3334 eis;
365 3274 461 3326 καὶ
498 3274 674 3346 ὁμαλὴ
717 3277 924 3345 γίνεται
959 3281 1050 3350 γῆ.
1097 3279 1490 3349 Ἐθεμελίωσας
1533 3283 1640 3354 γάρ
1683 3285 1778 3336 αύ-

209 3365 318 3426 τοῖς
340 3365 507 3419 τόπον
537 3367 596 3419 ὃν
617 3370 716 3438 οὐχ
730 3364 840 3422 οἷόν
860 3387 918 3422 τε
937 3371 1280 3442 ὑπερϐαίνειν
1301 3374 1456 3428 αὑτά.
1487 3376 1594 3429 Καὶ
1620 3377 1778 3431 τοῦτό

210 3451 344 3513 ἐστι.
375 3455 471 3508 τό·
531 3457 732 3525 Ὅριον
774 3459 914 3513 ἔθου
962 3460 993 3513 ὃ
1037 3463 1110 3514 οὐ
1161 3465 1654 3532 παρελεύσονται.
1687 3468 1777 3521 Διὺ

211 3543 326 3598 οὐδὲ
350 3547 643 3601 ὲπικλῦσαι
663 3549 911 3604 δύνανται
940 3555 1038 3624 τὴν
1066 3557 1188 3627 γῆν.
1217 3559 1438 3629 Ὅμοιον
1459 3558 1516 3613 δὲ
1551 3560 1612 3613 τὺ
1639 3561 1777 3632 πρὸς

209 3633 303 3706 τὴν
329 3636 604 3692 Θάλασσαν
636 3641 926 3713 εἰρημένον
960 3645 1050 3700 διὰ
1085 3648 1179 3702 τοῦ
1223 3652 1501 3721 προφήτου
1528 3668 1544 3683 ο
1587 3653 1775 3722 Μέχρι

207 3729 420 3782 τούτου
447 3730 674 3800 στήσῃ,
711 3736 806 3788 καὶ
830 3739 942 3806 οὐχ
968 3741 1300 3810 ὐπερϐήσῃ.
1338 3743 1488 3798 Ἀλλ’
1509 3744 1579 3798 ἐν
1598 3760 1776 3800 σεαυ-

207 3821 281 3890 τῇ
312 3824 825 3893 συντριϐήσονταί
856 3846 972 3884 σου
1004 3836 1073 3887 τὰ
1101 3837 1348 3903 κύματα.

288 3913 420 3968 Ἀνὰ
443 3915 642 3984 μέσον
696 3919 814 3972 τῶν
863 3923 1045 3988 ὀρέων
1099 3925 1508 3981 διελεύσονται
1564 3928 1770 3984 ὕδατα.

205 4004 358 4058 Κατὰ
391 4008 562 4079 μέρος
607 4009 898 4079 δοξολογῶν
954 4015 1243 4086 ἐπέρχεται
1289 4022 1354 4090 τῇ
1393 4021 1635 4092 προνοίᾳ,
1680 4023 1773 4075 καὶ

202 4093 299 4163 τὴν
345 4098 486 4165 μετά
531 4099 721 4166 σοφίας
770 4102 1112 4174 τεθαύμακεν
1158 4107 1489 4178 ἀγαοότητα,
1534 4111 1625 4162 καὶ
1673 4115 1770 4181 τῆς

204 4185 308 4236 τῶν
342 4187 559 4257 ἀλόγων
590 4188 744 4253 ζώων
769 4196 1186 4264 πεφροντικότος
1205 4197 1465 4270 διαμονῆς
1500 4201 1592 4252 τοῦ
1613 4200 1766 4253 Θεοῢο

205 4279 433 4346 ποιήσας
485 4279 597 4350 γὰρ
636 4281 794 4344 αὐτὰ,
829 4285 922 4337 καὶ
970 4289 1156 4358 τρέφει
1187 4289 1280 4341 καὶ
1313 4290 1540 4356 ποτίζει.
1584 4293 1673 4346 Διὸ
1703 4292 1770 4344 τὰ

202 4369 297 4439 ῧρη
326 4370 532 4440 τεμὼν,
568 4375 798 4444 παροδον
836 4379 947 4439 τοῖς
979 4377 1163 4431 ὕδασιν
1194 4381 1535 4452 ἐτεκτήνατο.

266 4545 557 4600 Ποτιοῦσι
587 4547 782 4602 πάντα
810 4551 881 4604 τὰ
908 4554 1079 4620 θηρία
1116 4555 1221 4608 τοῦ
1247 4555 1452 4624 ἀγροῦ.
1489 4557 1643 4611 Οὕτω
1671 4560 1763 4611 καὶ
1794 4553 1840 4608 D

201 4634 304 4688 τῶν
327 4638 542 4706 ἀλόγων
576 4637 727 4701 ζώων
758 4644 851 4695 καὶ
902 4645 1144 4715 ἑρπετῶν
1176 4649 1268 4700 καὶ
1297 4648 1498 4719 Θηρίων
1529 4657 1763 4722 προνοεῖ,

201 4728 272 4791 ὡς
304 4733 397 4784 καὶ
432 4731 644 4794 τούτοις
675 4735 736 4786 τὸ
766 4737 902 4806 πρὸς
929 4736 1072 4808 ζωὴν
1098 4741 1366 4812 χρήσιμον
1397 4743 1762 4814 ἐπιχορηγεῖν.

201 4821 640 4887 Ιῖροσδέξονται
665 4823 902 4894 (Si-angt
925 4831 1013 4894 είς
1033 4828 1218 4896 δίψαν
1241 4832 1458 4885 αὐτῶν.
1485 4835 1589 4886 Καὶ
1610 4835 1764 4887 τοῦτο

199 4910 291 4979 τῆς
319 4911 419 4980 σῆς
461 4915 718 4982 προνοίας
760 4918 904 4970 ἐστὶν
933 4919 1110 4991 ἔργον,
1146 4922 1206 4974 τὸ
1250 4923 1323 4995 μὴ
1358 4925 1517 4994 μόνον
1547 4925 1633 4979 διὰ
1668 4926 1763 4990 τὰς

200 5003 319 5072 περὶ
340 5003 680 5075 χειμάρρους
709 5007 854 5078 ὧρας
887 5012 942 5062 ἐν
973 5013 1090 5074 ταῖς
1123 5014 1359 5085 φάραγξι
1384 5017 1475 5068 καὶ
1510 5021 1620 5081 τοῖς
1641 5017 1764 5070 Οὰλ-

200 5105 356 5145 ¹τουσι
407 5095 599 5160 τόποις
632 5097 800 5150 ὕδατα
826 5099 1081 5163 δίδοσθαι,
1110 5104 1243 5158 ἀ).λά
1263 5106 1371 5178 γάρ
1397 5106 1490 5159 καὶ
1533 5110 1634 5162 ἀνὰ
1670 5109 1763 5177 μέ-

200 5194 284 5232 σον
307 5183 417 5237 τῶν
447 5184 641 5256 ὀρέων,
672 5187 818 5250 ὅπως
848 5189 912 5242 ἂν
945 5191 1051 5243 τῶν
1077 5194 1283 5264 ἀγρίων
1309 5195 1460 5259 ζώων
1487 5197 1550 5250 τὰ
1579 5200 1761 5268 ἥμερα

195 5269 646 5344 ὁιαδράσκωνται,
682 5280 739 5330 ὲν
759 5279 877 5352 ὥρᾳ
907 5281 1399 5340 διαναπαύσωνται.

264 5366 523 5428 Ποτίζων
573 5367 677 5435 ὅρη
717 5372 784 5425 ἐκ
817 5372 936 5427 τῶν
979 5376 1260 5443 ὑπερῴων
1305 5381 1508 5434 αὑτοῦ,
1548 5383 1757 5445 Παίζει

196 5453 299 5525 γὰρ
328 5454 430 5527 ὅρη
467 5458 566 5512 καὶ
611 5459 767 5512 πεδία
811 5465 907 5516 οὐκ
959 5465 1064 5519 ἀπὸ
1114 5470 1220 5520 τῶν
1265 5470 1321 5520 ἐν
1356 5475 1474 5534 ταῖς
1522 5473 1757 5544 φάραγξι

195 5545 400 5615 πηγῶν,
437 5547 471 5618 ἦ
524 5549 634 5602 τῶν
670 5555 980 5622 φερομένων
1007 5559 1146 5626 κατὰ
1180 5559 1284 5627 γῆς
1318 5563 1595 5633 ποταμῶν,
1642 5565 1757 5618 ἀλλ’

196 5633 396 5691 ἄνωθεν
419 5641 548 5703 τοὺς
580 5643 874 5713 αὐτάρκεις
922 5649 1169 5720 χορηγῶν
1206 5651 1408 5715 ὑετούς.
1452 5654 1582 5709 Ἀπὸ
1618 5673 1757 5723 καρ-

269 5813 434 5873 ‘Hob
477 5838 710 5884 manu,
763 5825 834 5879 Η.

1881 3285 1934 3328 et
1975 3285 2132 3329 terra:
2163 3276 2418 3344 planities
2446 3277 2772 3333 cﬂiciuntur.
2801 3278 3059 3333 Fundasti
3083 3279 3280 3349 quippe
3312 3281 3444 3350 ipsis

1882 3369 2086 3435 locum,
2114 3386 2277 3439 quem
2309 3373 2654 3441 praetergredi
2683 3387 2789 3425 non
2821 3382 3068 3440 possunt.
3109 3371 3285 3441 Atque
3313 3373 3443 3428 illud

1879 3470 1964 3515 est
2015 3461 2161 3530 quod
2218 3461 2464 3516 dicitur:
2519 3461 2823 3514 Terminum
2880 3460 3100 3528 posuisti
3137 3476 3288 3530 quem
3339 3477 3444 3515 non

1882 3554 2361 3623 transgredientur.
2401 3551 2580 3618 Quare
2620 3552 2884 3605 inundare
2925 3560 3120 3606 terram
3161 3567 3267 3607 non
3321 3568 3444 3621 pos-

1879 3654 2028 3700 sunt.
2073 3644 2263 3698 Simile
2291 3655 2470 3698 autem
2502 3643 2632 3698 illud
2669 3653 2750 3698 est
2778 3642 2922 3714 quod
2955 3644 3094 3698 mari
3140 3644 3273 3698 dicit
3319 3660 3442 3714 pro-

1877 3739 2082 3806 pheta:
2124 3737 2392 3790 Hactenus
2423 3738 2609 3800 stabis,
2635 3753 2794 3806 neque
2820 3735 3106 3790 transilies.
3153 3733 3256 3790 Sed
3296 3737 3348 3791 in
3394 3749 3441 3790 te

1877 3831 1990 3899 ipso
2023 3841 2357 3884 conterentur
2385 3832 2577 3900 ﬂuctus
2605 3832 2681 3883 tui
2705 3831 2769 3882 “.

1948 3923 2034 3976 10.
2065 3922 2213 3977 Inter
2249 3926 2478 3978 medium
2533 3923 2785 3975 montium
2834 3923 3227 3991 pertransibunt
3268 3938 3438 3993 aqua.

1875 4015 2282 4070 Providentiam
2319 4016 2558 4070 celebrat
2585 4015 2894 4069 minutatim
2925 4024 3081 4086 gesta.
3102 4015 3222 4083 ejus
3259 4031 3441 4082 perse-

1875 4122 2070 4177 quens,
2114 4108 2324 4164 scilicet
2351 4106 2648 4160 bonitatem
2691 4106 2810 4174 ejus
2844 4121 2966 4160 cum
3006 4107 3270 4174 sapientia
3313 4121 3442 4159 con-

1871 4201 2116 4269 junctam
2163 4201 2408 4262 miratur,
2477 4213 2687 4251 necnon
2728 4199 3187 4266 perseverantiam
3245 4195 3338 4251 Dei
3384 4199 3438 4252 in

1871 4293 2132 4347 Curandis
2160 4293 2339 4346 brutis
2389 4291 2794 4345 animantibus:
2830 4307 2953 4344 nam
3002 4299 3287 4360 postquam
3323 4289 3436 4358 ipsa

1871 4386 2147 4450 condidit,
2200 4385 2391 4438 eadem
2443 4384 2614 4438 nutrit
2658 4393 2709 4436 et
2767 4391 2935 4452 potat.
2993 4382 3172 4448 Quare
3225 4391 3436 4436 montes

1873 4480 2145 4542 scindens,
2180 4475 2337 4546 aquis
2365 4477 2653 4532 transitum
2683 4474 2984 4529 fabricatus
3015 4484 3118 4529 est.

1944 4573 2030 4628 il.
2068 4570 2336 4624 Potabunt
2363 4585 2538 4622 omnes
2581 4568 2758 4621 bestico
2785 4569 2921 4637 agri.
2969 4569 3046 4626 lla
3095 4567 3270 4622 brutis
3320 4569 3439 4622 ani-

1870 4663 2146 4719 mantibus
2197 4669 2307 4715 tam
2358 4661 2642 4730 reptilibus
2695 4665 2858 4728 quam
2912 4659 3043 4715 feris
3076 4660 3343 4728 providet,
3379 4669 3438 4714 ut

1869 4757 2001 4826 ipsis
2042 4755 2349 4810 necessaria
2383 4753 2447 4808 ad
2486 4753 2650 4806 vitam
2683 4752 3007 4821 suppeditet.
3046 4751 3434 4820 Exspectabam

1869 4846 2055 4915 onagri
2083 4847 2136 4898 in
2161 4847 2251 4900 siti
2282 4861 2401 4898 sua.
2433 4843 2499 4896 Et
2528 4842 2656 4896 iliud
2690 4858 2909 4912 quoque
2946 4843 3299 4912 providentia:
3334 4857 3436 4896 nuc

1866 4955 2004 5010 opus
2032 4948 2138 5006 est,
2169 4951 2229 4993 ut
2256 4953 2361 4991 non
2396 4937 2570 4991 solum
2604 4937 2670 4991 ad
2702 4936 2951 4990 decorem
2979 4936 3184 4990 circum
3232 4944 3436 4989 torren-

1868 5041 1949 5087 tes
1971 5043 2133 5100 atque
2166 5033 2220 5086 in
2254 5030 2485 5085 vallibus
2527 5045 2590 5083 ac
2633 5028 2936 5083 virentibus
2970 5028 3104 5083 locis
3149 5043 3304 5096 aqum
3334 5030 3430 5081 da-

1864 5134 2050 5179 rentur
2078 5141 2092 5190 ;
2116 5140 2304 5178 verum
2345 5125 2506 5178 etiam
2551 5123 2692 5177 inter
2734 5121 2972 5176 medium
3002 5120 3290 5185 montium,
3322 5136 3432 5189 quo

1863 5222 2156 5285 agrestium
2217 5216 2575 5271 animantium
2627 5213 2994 5269 mansuetiora
3030 5212 3346 5282 confugiant
3377 5223 3433 5268 et

1863 5309 1915 5361 in
1948 5307 2196 5376 specioso
2229 5308 2348 5360 loco
2375 5307 2678 5376 quiescant.

1938 5401 2021 5453 15.
2066 5400 2263 5470 Riguus
2292 5411 2492 5452 montes
2533 5400 2595 5452 de
2635 5399 2990 5468 superioribus
3019 5398 3149 5451 suis.
3185 5396 3342 5467 Rigat
3371 5414 3428 5449 e-

1861 5491 1973 5544 nim
2001 5500 2216 5546 montes
2246 5500 2300 5544 et
2325 5505 2567 5559 campos,
2594 5503 2702 5541 non
2731 5504 2793 5541 ex
2827 5487 3071 5542 fontibus
3091 5485 3182 5553 qui
3214 5485 3267 5538 in
3295 5499 3429 5538 cuu-

1857 5581 2097 5638 vailibus
2125 5591 2270 5646 sunt,
2303 5590 2397 5635 aut
2429 5596 2493 5636 ex
2526 5579 2842 5636 ﬂuminibus
2872 5579 2925 5634 in
2955 5590 3102 5633 terra
3149 5575 3417 5632 mananti-

1858 5674 1982 5740 bus,
2011 5673 2105 5730 sed
2155 5675 2387 5744 desuper
2420 5673 2758 5729 abundantes
2799 5671 3156 5742 suppeditans
3191 5671 3420 5740 plusias.
