4126 6484
694 398 798 454 459

1530 401 1586 457 S.
1628 402 2002 460 ATHANASII
2039 404 2189 461 OPP.
2230 406 2412 465 PARS
2450 408 2540 464 Ill.
2575 439 2648 453 —
2685 409 3094 469 EXEGETICA.

3821 416 3913 475 ιι(

698 518 771 570 lie
817 518 991 586 fructu
1038 532 1251 587 operum
1298 526 1505 571 tuorum
1549 520 1835 575 satiabitur
1873 530 2035 577 terra.
2100 521 2255 578 Sicut

2354 524 2471 579 ποῦ
2496 524 2617 579 τῶν
2642 526 2831 597 ἔργων
2859 545 2977 583 σου
3005 528 3480 599 χορτασθήσεται
3504 532 3542 599 ὴ
3572 529 3669 601 γῆ.
3710 532 3919 604 Ὠσπερ

695 625 957 677 aquarum
990 610 1200 679 copiam
1231 609 1395 675 dedit,
1437 610 1509 664 ita
1539 618 1593 665 et
1634 610 1949 667 alimentum
1998 628 2067 669 ex
2109 622 2252 669 terra

694 702 925 769 paravit.

765 794 854 856 14,
897 794 983 847 15.
1040 792 1343 849 Producens
1388 792 1562 862 fenum
1602 794 1899 863 jumentis,
1938 804 1989 848 et
2040 796 2251 850 herbam

692 886 933 938 servituti
996 884 1285 940 hominum.
1358 883 1683 940 Servitutem
1746 886 2029 941 hominum
2092 895 2251 942 vocat

693 986 976 1029 mansueta
1014 976 1292 1043 animalia,
1326 986 1386 1031 ut
1414 985 1542 1033 sunt
1569 978 1688 1043 bos,
1721 978 1909 1034 asinus
1950 986 2005 1033 et
2028 978 2246 1038 similia.

695 1066 760 1121 Ut
794 1052 985 1121 educas
1010 1085 1195 1137 panem
1223 1070 1287 1127 dc
1327 1079 1491 1123 terra.
1538 1068 1683 1135 ideo,
1730 1069 1927 1141 inquit,
1969 1071 2247 1141 jumento-

690 1175 808 1212 rum
842 1176 1027 1213 curam
1063 1160 1318 1225 habuisti,
1363 1170 1424 1216 ut
1454 1161 1739 1216 arantihus
1780 1162 1887 1217 illis
1940 1165 2247 1219 necessaria

688 1251 753 1301 ad
806 1251 1006 1303 victum
1045 1250 1405 1308 inveniamus.
1450 1250 1631 1307 Nostri
1674 1255 1818 1308 enim
1852 1256 2022 1327 gratia
2061 1257 2245 1310 omnia

688 1342 777 1399 illa
806 1340 1064 1396 beneficia
1095 1340 1324 1397 confert.

760 1434 849 1496 16,
885 1434 970 1489 17.
1022 1435 1423 1499 Saturabuntur
1468 1435 1614 1507 ligna
1660 1438 1855 1507 campi.
1909 1426 2153 1494 Declarat
2182 1454 2245 1493 ea

685 1542 806 1594 quae
848 1527 898 1579 in
937 1528 1089 1580 silvis
1127 1534 1376 1597 vegetaut
1399 1528 1564 1599 ligna,
1590 1528 1739 1583 verbi
1788 1529 1981 1599 gratia,
2032 1531 2243 1593 eedros,

685 1627 738 1669 ut
768 1627 979 1682 czctera,
1011 1618 1131 1685 ejus
1166 1626 1296 1673 nutu
1325 1619 1570 1690 augenda
1604 1618 1741 1675 fore.
1773 1619 1938 1675 Facta
1987 1629 2114 1675 sunt
2144 1636 2245 1674 au-

683 1718 790 1763 tem
830 1710 918 1762 illa
952 1719 1006 1763 et
1035 1718 1250 1779 propter
1274 1710 1381 1765 alia
1423 1710 1694 1781 quaedam,
1749 1727 1983 1781 quorum
2028 1713 2244 1782 experi-

684 1810 928 1855 mentum
972 1802 1235 1858 habemus
1258 1843 1274 1867 ,
1321 1811 1377 1858 et
1414 1803 1482 1858 ad
1517 1802 1676 1859 nidos
1710 1819 2015 1874 passerum.
2058 1803 2243 1859 Erodii

2354 612 2461 666 τῶν
2492 612 2699 668 ὑδάτων
2724 614 2922 670 δέδωκε
2955 615 3054 687 τὴν
3100 618 3365 690 χορηγίαν
3390 658 3406 684 ,
3452 618 3626 684 οὓτως
3668 622 3763 675 καὶ
3814 622 3921 675 ἀπὸ

2353 701 2454 772 γῆς
2481 702 2773 771 τρέφεσθαι
2806 706 3235 772 παρεσκεύασεν.

2433 794 2488 846 '0
2524 795 2942 860 ἐξανατέλλειν
2969 801 3187 866 χιφτον
3216 799 3340 867 τοῖς
3366 800 3632 867 κτήνεσι,
3660 803 3756 871 καί
3781 805 3921 873 κλό-

2351 902 2431 952 ην
2451 885 2523 955 τῇ
2551 885 2795 955 δουλείᾳ
2810 888 2930 943 τῶν
2949 890 3289 960 ἀνθρώπων.
3311 892 3561 946 Δουλείαν
3581 893 3687 946 τῶν
3711 894 3921 966 ἀνθρώ-

2352 995 2469 1031 πων
2499 979 2568 1032 τά
2595 980 2777 1051 ἥμερα
2802 980 2908 1035 τῶν
2931 983 3141 1053 κτηνῶν
3170 1000 3352 1055 φησιν,
3376 980 3488 1038 οἷον
3519 984 3644 1054 βοῦς
3675 986 3769 1038 καὶ
3800 986 3918 1050 δνος

2350 1070 2539 1123 καὶτὰ
2570 1072 2748 1142 ὃμοια.
2785 1072 2895 1127 Τοῦ
2937 1073 3248 1144 ἐξαγαγεῖν
3291 1074 3472 1143 ἄρτον
3515 1076 3584 1130 ἐκ
3628 1074 3738 1143 τῆς
3783 1076 3915 1146 γῆς.

2348 1159 2445 1212 Διὰ
2473 1159 2649 1223 τοῦτο,
2698 1162 2881 1231 φησιν,
2924 1163 3247 1234 ἐφρόντισας
3296 1163 3403 1218 τῶν
3461 1164 3694 1235 κτηνῶν,
3731 1167 3817 1218 ἵνα
3850 1166 3916 1219 δι’

2348 1252 2530 1305 αὐτῶν
2556 1254 2945 1325 γεωργούντων
2971 1253 3036 1307 τὰ
3069 1254 3205 1325 πρὸς
3236 1254 3380 1326 ζωὴν
3408 1255 3679 1327 εὕρωμεν.
3732 1258 3919 1312 Πάντα

2347 1336 2455 1408 γὰρ
2492 1338 2674 1392 ἐκεῖνα
2701 1338 2856 1410 ημῶν
2888 1340 3047 1412 χάριν
3072 1342 3365 1413 εὐεργετεῖ.

2417 1428 2898 1497 Χορτασθήσεται
2934 1432 3007 1487 τὰ
3036 1431 3193 1497 ξύλα
3233 1432 3339 1487 τοῦ
3393 1434 3643 1490 aedicu-
3665 1437 3917 1490 Διίκνυσι

2346 1518 2440 1569 καὶ
2468 1516 2537 1568 τὰ
2564 1517 2623 1571 ὲν
2651 1516 2842 1589 δρυμῷ
2873 1518 3104 1583 αὔξοντα
3129 1519 3280 1585 ξύλα,
3312 1516 3424 1576 οἷον
3463 1524 3687 1596 κέδρους
3715 1526 3810 1578 καὶ
3844 1527 3917 1579 τὰ

2344 1605 2527 1677 ἕτερα,
2553 1609 2666 1670 τοῖς
2692 1607 2859 1661 αὐτοῦ
2881 1607 3142 1680 νεύμασιν
3174 1609 3590 1683 αύξηθήσονται.
3626 1614 3824 1683 Γέγονε
3860 1613 3917 1667 δὲ

2345 1694 2517 1754 ταῦτα
2547 1700 2642 1754 καὶ
2689 1699 2758 1771 διῗ
2801 1702 2964 1775 ἔτερα
3003 1702 3101 1773 μὲν
3128 1703 3376 1769 πλεῖστα,
3411 1699 3487 1760 ὧν
3530 1706 3627 1761 καὶ
3663 1708 3762 1780 τὴν
3795 1712 3917 1762 πεῖο

2350 1806 2448 1860 ραν
2479 1788 2694 1861 ἔχομεν,
2729 1790 2823 1845 xui.
2863 1792 2971 1847 τῶν
2999 1793 3291 1865 στρουθίων
3323 1793 3379 1847 δὲ
3418 1798 3498 1859 είς
3536 1796 3749 1860 καλιάς.
3807 1798 3917 1853 Τοῦ

685 1895 873 1946 domus
903 1894 1013 1945 dua:
1040 1904 1117 1949 est
1158 1910 1359 1949 eorum.
1413 1892 1658 1965 Ipsorum
1704 1910 1985 1966 passerum
2026 1896 2101 1950 ait
2143 1897 2243 1952 du-

2342 1879 2587 1949 ἑρωδιοῦ
2618 1883 2657 1949 ὴ
2688 1883 2849 1936 οἰκία
2892 1883 3117 1953 ἡγεῖται
3164 1884 3382 1939 αὐτῶν.
3428 1885 3616 1940 Αὐτῶν
3666 1889 3767 1958 μὲν
3807 1887 3916 1943 τῶν

685 1998 802 2037 cem
834 2000 953 2040 esse
1006 2001 1100 2040 seu
1144 1994 1402 2054 praestare
1432 1985 1569 2056 ipsis
1618 1986 1795 2041 erodii
1846 1986 2058 2041 nidum.
2106 1985 2245 2052 Quia

682 2075 869 2129 electis
899 2076 1154 2129 arhorum
1197 2075 1537 2140 celsissimis,
1586 2076 1640 2130 in
1685 2076 1957 2132 abietibus
1999 2078 2244 2131 omnium

682 2166 1001 2220 editissimis
1033 2174 1090 2219 ut
1118 2164 1414 2234 plurimum
1450 2165 1753 2221 nidificant.

757 2338 843 2391 l8.
878 2336 1079 2392 Montes
1102 2338 1290 2393 excelsi
1324 2339 1509 2395 cerris.
1543 2339 1735 2395 Cervis
1759 2354 2001 2411 quoque,
2050 2340 2146 2405 ait,
2189 2339 2247 2395 in

683 2430 954 2501 refugium
997 2442 1209 2487 montes
1240 2433 1409 2499 dedit,
1434 2442 1495 2487 ut
1536 2448 1603 2487 eo
1645 2432 2000 2501 confugerent
2036 2447 2067 2486 a
2100 2431 2247 2487 fero-

681 2525 921 2579 cioribus
978 2526 1368 2581 animantibus.
1430 2525 1594 2581 Petra
1647 2526 1906 2596 refugium
1940 2525 2242 2605 herinaciis.

682 2617 1149 2684 Quemadmodum
1185 2618 1361 2673 cervis
1410 2628 1624 2674 montes
1674 2618 1827 2673 dedit
1870 2617 1938 2673 ad
1970 2618 2199 2674 salutem
2225 2658 2242 2685 ,

686 2709 763 2763 ita
794 2718 847 2762 et
880 2724 1129 2764 recessus
1158 2718 1436 2788 petrarum
1469 2709 1764 2766 herinaciis
1809 2710 1925 2766 sive
1973 2710 2245 2766 cuniculis

684 2801 847 2855 dedit.
883 2801 1061 2867 Quare
1092 2801 1522 2858 incolumitatem
1554 2802 1701 2858 nacti
1752 2803 1852 2868 illi,
1907 2812 1965 2857 ut
1993 2802 2245 2872 superius

683 2892 888 2946 dictum
926 2904 1006 2947 est
1032 2913 1044 2947 :
1072 2892 1149 2946 De
1178 2894 1346 2947 medio
1383 2902 1655 2962 petrarum
1683 2893 1887 2947 dabunt
1916 2909 2079 2947 voces.
2108 2891 2246 2947 Lau-

678 2986 800 3041 dem
836 2986 1085 3039 videlicet
1111 2986 1303 3041 dantes
1334 2987 1571 3042 servanti
1604 2987 1771 3057 ipsos.

751 3145 836 3199 i9.
880 3144 1026 3198 Fecit
1064 3146 1245 3199 tunam
1289 3145 1344 3200 in
1374 3155 1630 3216 tempora.
1667 3144 1920 3201 Recurrit
1953 3145 2146 3201 iterum
2175 3146 2243 3202 ad

2347 1971 2642 2043 στρουθίων
2669 1975 2919 2045 ἡγεῖσθαί
2962 1992 3125 2047 φησιν
3153 1977 3270 2048 ἢτοι
3305 1978 3403 2050 τὴν
3429 1978 3622 2033 καλιὰν
3652 1978 3748 2032 τοῦ
3779 1981 3919 2049 ἱρω-

2344 2062 2483 2126 διοῦ,
2508 2062 2596 2117 διὰ
2625 2064 2685 2118 τὺ
2716 2065 2781 2119 τὰ
2812 2064 3119 2137 ὑψηλότατα
3159 2068 3269 2122 τῶν
3296 2068 3526 2141 δένδρων
3563 2069 3920 2140 καταλαμϐά-

2344 2171 2501 2209 νοντα
2525 2156 2821 2211 νεοττεύειν
2852 2157 2928 2221 ὼς
2970 2159 3171 2214 ἐπίπαν
3209 2162 3268 2213 ὲν
3302 2160 3517 2226 ἐλάταις
3558 2158 3695 2228 ταῖς
3724 2161 3920 2217 πασῶν

2346 2247 2709 2319 ὑψηλοτάταις
2739 2248 2848 2302 τῶν
2875 2249 3109 2321 δένδρων

2416 2340 2565 2408 ὀρη
2589 2339 2660 2393 τὰ
2684 2339 2894 2409 ὑψηλὰ
2920 2341 3047 2408 ταῖς
3069 2341 3337 2413 ἐλάφοις.
3370 2342 3483 2398 Καὶ
3514 2345 3634 2407 ταῖς
3672 2342 3915 2411 ἐλάφοις,

2344 2431 2498 2501 φησὶ,
2532 2430 2729 2484 δέδωκε
2772 2431 2841 2486 τὰ
2889 2433 2991 2505 δρη
3039 2434 3359 2507 καταφυγὴν
3406 2435 3500 2488 ἐπὶ
3545 2435 3609 2489 τὸ
3656 2435 3917 2504 ἐκφυγεῖν

2342 2521 2451 2575 τῶν
2494 2522 2645 2588 ζώων
2680 2522 2749 2577 τὰ
2797 2524 3129 2597 ἀγριώτερα.
3192 2525 3387 2596 Πέτρα
3432 2525 3744 2596 “tuguri;
3793 2524 3919 2592 τοῖς

2341 2615 2616 2686 λαγωοῖς.
2671 2616 2885 2688 Ὠσπερ
2929 2618 2997 2671 τὰ
3046 2618 3146 2690 ὅρη
3187 2620 3267 2682 εἰς
3307 2618 3578 2688 σωτηρίαν
3631 2620 3755 2683 ταῖς
3796 2617 3917 2671 ἑλά-

2342 2722 2463 2774 φοις
2505 2703 2805 2768 ἀπέδωκεν,
2853 2704 3025 2769 οὕτως
3054 2706 3148 2759 καὶ
3192 2705 3291 2771 τὰς
3324 2706 3642 2770 καταδύσεις
3674 2706 3785 2760 τῶν
3815 2724 3913 2761 πι-

2340 2795 2485 2867 τρῶν
2541 2796 2654 2859 τοῖς
2691 2794 2940 2865 λαγωοῖς.
3003 2797 3094 2851 Διὸ
3136 2796 3200 2868 δὴ
3250 2796 3343 2851 καὶ
3389 2798 3546 2854 αὐτοὶ
3588 2812 3655 2851 εκ
3704 2797 3915 2851 τούτων

2344 2887 2637 2959 σωζόμενοι
2668 2889 2725 2943 ὲν
2753 2891 2865 2952 τοῖς
2887 2890 3063 2943 ὀπίσω
3094 2888 3280 2959 ελεγον
3306 2889 3367 2943 τό
3394 2904 3409 2920 ·
3449 2890 3543 2943 Ἐκ
3564 2878 3765 2957 μέάου
3793 2887 3915 2943 τῶν

2340 2979 2573 3051 πετρῶν
2604 2978 2875 3035 δώσουσι
2928 2980 3153 3050 φωνάς.
3193 2980 3481 3047 Δίνοῦντες
3529 2980 3775 3054 δηλονότι
3821 2982 3914 3035 τὸν

2342 3071 2600 3137 σώζοντα.

2423 3166 2698 3232 Ἐποίησε
2728 3163 3003 3233 σελήνην
3042 3167 3130 3233 είς
3155 3166 3417 3237 καιρούς.
3463 3165 3777 3238 ’Λνατρέχει
3806 3165 3912 3219 πά-

674 3240 1075 3309 providentiam
1108 3256 1230 3310 quze
1274 3241 1329 3295 in
1360 3242 1514 3296 emlis
1559 3249 1801 3312 apparet.
1832 3239 1898 3295 Et
1936 3242 2007 3297 ob
2036 3242 2237 3297 nullam

2341 3256 2422 3309 λιν
2462 3257 2556 3309 ἰπὶ
2581 3255 2679 3328 τὴν
2711 3258 2768 3310 ὲν
2798 3258 2911 3320 τοῖς
2942 3256 3192 3329 οὐρανοῖς
3234 3232 3510 3330 πρόνοιαν.
3546 3232 3639 3312 Δι’⁷
3663 3232 3819 3312 οἶδεν
3854 3256 3913 3311 δὲ

676 3332 837 3386 aliam
868 3347 1091 3403 causam
1128 3333 1324 3387 factam
1350 3347 1474 3388 esse
1502 3332 1687 3388 lunam
1726 3331 1879 3398 dicit,
1908 3334 2015 3389 nisi
2041 3334 2109 3388 ad
2145 3350 2241 3389 nu-

678 3440 889 3479 merum
944 3434 996 3479 et
1026 3425 1433 3481 distinctionem
1466 3428 1737 3483 mensium
1788 3436 1951 3499 atque
1998 3428 2237 3485 dierum.

681 3515 775 3571 Sol
804 3519 1038 3586 cognovit
1068 3533 1311 3572 occasum
1334 3535 1508 3575 suum.
1536 3517 1732 3576 Divina
1755 3528 1810 3575 et
1839 3521 1955 3591 ipse
1984 3520 2240 3577 mandato

676 3608 1078 3677 obtemperans.

752 3698 840 3753 20.
881 3698 1118 3753 Posuisti
1147 3700 1384 3757 tenebras
1407 3708 1456 3754 et
1488 3699 1634 3768 facta
1656 3714 1731 3756 est
1757 3718 1883 3758 nox.
1912 3701 2029 3760 Hoc
2058 3704 2155 3768 ait.
2182 3712 2241 3759 ut

676 3808 744 3845 ne
797 3791 964 3844 alium
993 3790 1123 3856 diei,
1179 3790 1347 3846 alium
1394 3792 1575 3849 noctis
1626 3792 1874 3864 opificem
1919 3810 2041 3851 esse
2088 3796 2239 3852 arbi-

675 3895 902 3938 tremur.
1322 3899 1325 3903 ’

744 3977 834 4031 25.
865 3975 1048 4029 Exibit
1082 3977 1236 4032 homo
1267 3976 1337 4031 ad
1378 3995 1509 4048 opus
1551 3996 1727 4036 suum.
1764 3978 2025 4036 Homines
2078 3994 2239 4039 noete

674 4069 1109 4138 impediebantur
1166 4070 1461 4138 quominus
1512 4086 1609 4140 per
1664 4072 1780 4128 vias
1839 4073 1905 4127 ad
1954 4072 2235 4128 colendam

674 4170 873 4214 terram
902 4170 1204 4231 pergerent.
1241 4160 1347 4217 Sed
1379 4160 1492 4232 jam
1527 4172 1659 4219 eunt
1711 4164 1998 4235 quasilum
2032 4179 2237 4232 escam,

674 4252 934 4321 quoniam
970 4270 1077 4307 non
1121 4254 1229 4309 illis
1273 4264 1418 4310 terra
1462 4254 1716 4325 producit
1755 4256 1939 4313 fenum
1986 4261 2081 4313 aut
2110 4259 2236 4314 her.

674 4346 822 4398 bam.

740 4436 831 4500 ει,
868 4436 957 4491 23.
994 4437 1167 4503 Quam
1213 4439 1554 4508 magnificam
1603 4449 1727 4495 sunt
1763 4458 1923 4512 opera
1970 4452 2084 4508 tua,
2128 4443 2237 4499 Do-

672 4530 827 4581 mine.
862 4527 1159 4597 Postquam
1188 4545 1494 4586 sermonem
1525 4532 1591 4587 de
1622 4533 1960 4602 providentia
1990 4537 2233 4606 comple-

672 4621 767 4683 vit.
794 4622 859 4674 ad
891 4621 1273 4676 celebrandum
1301 4638 1425 4678 eum
1452 4624 1545 4694 qui
1574 4624 1675 4680 ista
1705 4627 2076 4696 condiditjam
2104 4644 2235 4683 eone

672 4714 923 4778 vertitur,
970 4715 1097 4768 hinc
1142 4713 1369 4770 auribus
1410 4716 1653 4786 reqoiem
1680 4733 1900 4787 parans.
1931 4717 2136 4775 Deinde
2166 4721 2233 4775 ad

673 4807 836 4860 aliam
869 4806 1219 4875 providentia.
1242 4820 1451 4877 partem
1477 4812 1842 4881 progreditur,
1878 4812 2118 4869 humida;
2145 4830 2237 4868 na-

674 4908 809 4951 tura:
858 4898 1145 4953 transitum
1192 4914 1498 4955 enarrans:
1546 4917 1670 4970 quae
1721 4918 2000 4974 nunquam
2046 4904 2237 4975 hujus-

675 4988 819 5041 modi
845 4987 1055 5055 fuisset,
1088 4988 1193 5043 nisi
1222 4988 1314 5045 Dei
1340 4990 1675 5061 providentia
1698 4994 1994 5063 gubernata
2018 4994 2232 5052 fuisset.

679 5079 869 5133 Omnia
901 5082 955 5133 in
980 5081 1243 5149 sapientia
1272 5080 1465 5151 fecisti.
1514 5082 1758 5140 Mirabile
1802 5086 1905 5159 hoc
1932 5094 2035 5153 est,
2087 5098 2147 5144 ut
2180 5101 2235 5147 et

676 5172 1080 5242 sapientia,qua
1107 5174 1211 5230 hoc
1233 5174 1443 5233 effecit:
1473 5184 1560 5234 est
1584 5180 1729 5235 enim
1746 5180 1997 5238 Christus
2020 5182 2111 5240 Dei
2129 5184 2236 5240 vir-

678 5269 764 5315 tus
792 5272 844 5315 et
884 5261 978 5316 Dei
1001 5264 1286 5333 sapientia.

743 5353 833 5406 9.6.
868 5353 1033 5407 Draco
1079 5357 1177 5409 iste
1219 5373 1369 5426 quem
1411 5359 1655 5427 formasti
1696 5362 1766 5416 ad
1806 5363 2135 5419 illudendum
2163 5368 2230 5424 ei.

676 5444 971 5513 Postquam
1029 5447 1097 5502 de
1156 5450 1292 5504 mari
1350 5452 1515 5507 verba
1572 5452 1700 5510 fecit
1742 5455 1999 5513 draconis
2052 5458 2236 5529 injecit

676 5540 1032 5603 memoriam,
1077 5556 1200 5596 eum
1246 5542 1394 5597 nulla
1434 5544 1538 5599 alia
1584 5545 1651 5601 de
1701 5562 1866 5603 causa
1911 5549 2234 5619 productum

676 5629 825 5684 aiens
856 5648 1017 5701 quam
1042 5642 1101 5686 ut
1132 5633 1469 5690 illudcretur.
1490 5635 1693 5707 Etjure
1717 5639 1934 5709 quidem
1981 5639 2048 5694 de
2097 5641 2233 5695 mari

677 5722 897 5789 Ιοῃιςιιε
932 5724 1093 5795 hujus
1140 5727 1407 5793 meminit,
1458 5730 1586 5800 quia
1620 5739 1731 5787 tota
1765 5734 1869 5789 vita
1904 5744 2086 5791 nostra
2135 5750 2233 5791 ceu

2340 3349 2527 3421 ἓτερον
2553 3349 2880 3424 γεγενῆσθαι
2898 3347 2997 3420 τὴν
3019 3347 3247 3420 σελήνην
3263 3349 3481 3421 φησὶνῆ
3514 3350 3651 3420 πρὸς
3680 3348 3915 3421 ἀριθμὸν

2339 3441 2434 3495 καὶ
2458 3440 2747 3512 διάγνωσιν
2785 3440 2969 3511 μηνῶν
2988 3456 3049 3493 τε
3072 3440 3167 3494 καὶ
3185 3439 3431 3512 ἡμερῶν.
3455 3440 3518 3493 '0
3555 3437 3732 3506 ἣλιος
3761 3439 3915 3507 ἔγνω

2340 3530 2453 3600 τὴν
2470 3529 2651 3585 δύσιν
2663 3530 2869 3585 αὐτοῦ.
2888 3528 3028 3601 Θείῳ
3044 3530 3135 3584 καὶ
3150 3530 3313 3595 αὐτὸς
3327 3529 3710 3602 προστάγματι
3727 3528 3915 3583 πειθό-

2342 3635 2522 3691 two:-

2410 3709 2595 3764 Ἒθου
2622 3708 2843 3774 σκότος
2882 3707 2980 3761 καὶ
3031 3706 3269 3779 ἐγένετο
3311 3706 3451 3772 νύξ.
3504 3705 3677 3763 Τοῦτό
3723 3724 3910 3781 φησιν,

2339 3799 2427 3855 ἶνα
2463 3798 2536 3872 μὴ
2566 3798 2723 3854 ἄλλον
2747 3798 3077 3871 δημιουργὸν
3106 3800 3206 3871 τῆς
3235 3797 3467 3872 ἡμέρας,
3503 3797 3597 3852 καὶ
3624 3798 3784 3853 ἄλλον
3814 3801 3912 3871 τῆς

2339 3888 2531 3952 νυκτὸς
2562 3886 2901 3959 λογισώμεθα
2935 3885 3095 3944 εἶναι.

2422 3980 2838 4045 Ἐξελεύσεται
2882 3980 3191 4049 ἄνθρωπος
3226 3978 3325 4033 ἐπὶ
3374 3978 3442 4034 τὸ
3477 3978 3656 4050 ἔργον
3698 3980 3909 4035 αὐτοῦ.

2338 4070 2399 4122 Οἱ
2427 4068 2702 4139 ἄνθρωποι
2727 4068 2925 4135 ὶξιέναι
2945 4056 3005 4122 τε
3034 4069 3168 4140 πρὸς
3187 4068 3339 4134 ὁδοὺς
3374 4070 3467 4123 καὶ
3499 4069 3602 4141 γῆς
3644 4071 3910 4141 ἐργασίαν

2340 4158 2663 4214 ἐκωλύοντο.
2698 4158 2876 4214 Τανῦν
2916 4160 2970 4214 δὲ
3017 4160 3207 4226 νυκτὸς
3238 4160 3405 4228 ἔξεισι
3442 4161 3733 4232 ζητοῦντες
3769 4162 3910 4235 βρῶ-

2340 4269 2423 4306 σιν
2447 4253 2596 4327 παρὰ
2625 4252 2763 4307 Θεοῦ
2789 4271 2801 4285 ο
2834 4256 2954 4308 ἐπεὶ
2988 4256 3063 4327 μὴ
3090 4255 3183 4310 καὶ
3208 4256 3391 4319 αὐτοῖς
3412 4255 3743 4321 ἐξανέτειλεν
3772 4260 3807 4328 ἡ
3838 4260 3907 4328 γῆ

2338 4347 2529 4419 χόρτον
2565 4347 2599 4419 ἢ
2625 4347 2807 4420 χλόην.

2421 4439 2516 4505 Ὠς
2546 4440 2919 4509 ὲιιεῃαιιύνθη
2945 4440 3013 4493 τὰ
3042 4439 3186 4508 ἔργα
3214 4454 3352 4503 σου,
3381 4440 3578 4509 Κύριε.
3620 4437 3727 4491 Τὸν
3781 4439 3909 4511 περὶ

2339 4532 2435 4603 τῆς
2463 4532 2719 4603 προνοίας
2747 4529 3027 4597 διεξελθὼν
3048 4530 3227 4599 λόγον,
3258 4532 3351 4584 ἐπὶ
3374 4528 3541 4600 ὕμνον
3567 4528 3661 4582 τοῦ
3687 4529 3909 4583 κτίσαν-

2337 4637 2426 4685 τος
2465 4619 2557 4673 τδν
2590 4619 2746 4688 λόγον
2789 4618 3073 4691 μετέϐαλε,
3097 4618 3440 4673 διαναπαύων
3463 4616 3650 4693 ὥσπερ
3671 4617 3761 4672 διὰ
3784 4618 3909 4672 τού-

2336 4729 2428 4767 του
2479 4711 2577 4783 τὴν
2614 4712 2806 4781 ἀκοήν.
2852 4707 2989 4765 Εἶτα
3034 4711 3196 4765 πάλιν
3238 4710 3323 4781 ἱφ⁹
3352 4709 3537 4782 ἕτερον
3592 4710 3761 4781 μέρος
3808 4710 3908 4780 τῆς

2339 4804 2591 4876 προνοίας
2640 4802 2877 4875 ἔρχεται,
2913 4804 3013 4875 τὴν
3047 4804 3187 4874 ὲντῇ
3219 4802 3363 4874 ὑγρᾷ
3389 4800 3612 4874 πορείαν
3642 4801 3908 4871 ἀναγγέλ-

2336 4894 2442 4947 λων
2479 4894 2610 4964 ἡμῖν
2634 4909 2647 4923 ο
2699 4892 2821 4963 ἥτις
2864 4893 2964 4945 οὐκ
3007 4890 3073 4945 ἂν
3101 4890 3318 4961 ἐγίνετό
3354 4907 3508 4956 ποτε,
3560 4890 3635 4961 μὴ
3673 4891 3774 4962 τῆς
3811 4891 3904 4946 τοῦ

2334 4982 2470 5038 Θεοῦ
2501 4984 2558 5037 ὲν
2608 4982 2757 5054 αὒτῷ
2792 4967 3227 5054 διακυϐερνώσης
3257 4981 3530 5054 προνοίας.
3580 4978 3786 5035 Πάντα
3836 4983 3907 5037 ἐν

2334 5077 2520 5147 σοφίᾳ
2550 5076 2862 5143 ἐποίησας.
2895 5074 3279 5147 Θαυμαστικὸν
3302 5074 3367 5147 δὴ
3393 5074 3475 5141 τὸ,
3496 5073 3572 5138 ὡς
3608 5073 3706 5127 καὶ
3741 5076 3905 5145 σοφία

2334 5144 2457 5244 ὲν
2492 5170 2669 5224 πάντα
2697 5169 2952 5241 ἐποίησεν
2993 5144 3310 5239 ὁῚΚύριοςο
3352 5144 3469 5220 ῖστι
3516 5164 3625 5238 γὰρ
3669 5144 3903 5237 Χριστὸς

2334 5260 2469 5315 Θεοῦ
2491 5260 2721 5332 δύναμις
2744 5261 2839 5313 καὶ
2868 5258 3005 5313 Θεοῦ
3033 5259 3215 5330 σοφία.

2397 5351 2632 5419 Δράκων
2657 5346 2832 5419 οὗτος
2847 5351 2918 5406 ὃν
2936 5352 3207 5419 ἔπλασας
3227 5351 3525 5422 ἐμπαίζειν
3546 5348 3727 5417 αὐτῷ.
3753 5352 3901 5423 Παρ-

2334 5441 2555 5497 ενέΰαλε
2607 5442 2686 5513 τῷ
2712 5443 2813 5514 τῆς
2844 5442 3110 5514 Θαλάττης
3143 5444 3285 5513 λόγῳ
3321 5442 3419 5515 τὴν
3463 5442 3591 5514 περὶ
3634 5440 3731 5495 τοῦ
3772 5441 3903 5514 δρά-

2333 5550 2519 5600 κοντος
2549 5536 2769 5607 μνήμην
2794 5535 3153 5605 γεγενῆσθαιθ
3187 5534 3254 5585 δι’
3308 5536 3462 5589 οὐδὲν
3504 5534 3690 5605 ἕτερον
3723 5536 3902 5607 φήσας

2334 5624 2613 5697 παρῆχθαι
2638 5625 2875 5695 αὐτὸν.ἧ
2914 5611 3077 5688 εἰς’τὸ
3104 5623 3551 5689 καταπαίζεσοαι.
3606 5625 3719 5678 Καὶ
3756 5623 3903 5679 siuti.

2336 5734 2440 5780 τως
2476 5718 2533 5769 ὲν
2556 5715 2634 5787 τῷ
2666 5716 2793 5786 περὶ
2824 5716 2920 5785 τῆς
2960 5714 3234 5787 θαλάσσης
3263 5715 3404 5787 λόγῳ
3433 5715 3623 5771 τούτου
3662 5712 3904 5787 ὲμνημόυ
