4126 6486
720 418 826 474 M3

1563 415 1619 471 S.
1664 416 2031 471 ATHANASII
2070 416 2217 472 OPP.
2261 416 2440 471 PARS
2478 413 2564 469 Ill.
2606 446 2673 455 —
2710 412 3122 469 EXEGETICA.

3836 420 3941 476 tu

718 541 854 588 ratis
882 547 1026 596 cum,
1053 532 1329 601 continget
1368 530 1521 584 vobis
1563 530 1746 584 laetitia
1784 531 1837 583 in
1874 540 2074 594 mente,
2120 538 2174 583 et
2218 539 2275 583 ut

2376 544 2520 580 νεται
2551 526 2806 579 διδάσκει.
2838 527 2901 578 Et
2926 526 3034 596 γὰρ
3056 524 3346 596 ζητήσητε,
3378 526 3561 596 φησὶν,
3586 525 3771 588 αὒτὸν,
3805 544 3943 597 συμο

720 624 1005 680 roboretur
1026 638 1088 677 ac
1118 622 1451 692 gloriﬁcetur
1474 630 1636 691 caput
1664 632 1932 677 nostrum.

791 904 843 958 5.
877 901 1135 957 Memento
1165 898 1492 956 mirabilium
1524 899 1637 968 ejus
1663 916 1779 969 quae
1805 901 1948 969 fecit.
1986 902 2275 974 Signoruin

720 1012 913 1063 nempe
966 1012 1085 1063 quae
1121 996 1173 1048 in
1231 998 1465 1050 adventu
1524 1012 1625 1051 suo
1672 997 1859 1062 edidit,
1893 999 2007 1051 sive
2043 999 2095 1051 in
2128 997 2278 1053 Novo

720 1086 1087 1153 Testamento,
1126 1090 1239 1143 sive
1266 1091 1317 1141 in
1364 1088 1542 1144 Veteri
1578 1091 1717 1151 apud
1762 1090 1977 1160 Moysen
2004 1100 2056 1144 et
2084 1093 2278 1160 priscis

719 1181 826 1234 illis
852 1183 1071 1235 sanctis.
1108 1181 1269 1235 Multa
1296 1183 1494 1251 quippe
1517 1192 1569 1236 et
1598 1182 1672 1234 illi
1705 1198 1798 1250 per
1830 1182 2024 1236 Filium
2058 1184 2147 1237 Dei
2180 1186 2278 1238 mi-

718 1272 910 1324 rabilia
948 1271 1209 1326 fecerunt.
1249 1272 1371 1325 lla‘c
1404 1273 1655 1342 gentibus
1684 1272 1819 1327 tradi
1864 1274 2017 1342 jubet
2072 1275 2141 1329 ab
2187 1292 2280 1331 eo-

717 1381 839 1418 rum
871 1366 1230 1434 prmconibus,
1262 1381 1369 1419 una
1396 1381 1517 1420 cum
1554 1366 1619 1420 iis
1652 1382 1773 1434 qua:
1806 1366 1857 1419 in
1904 1366 2055 1423 Novo
2093 1368 2279 1423 Testa-

719 1464 901 1509 mento
930 1471 959 1508 a
996 1455 1274 1510 Salvatore
1320 1455 1460 1510 facta
1509 1465 1636 1509 sunt
1669 1474 1684 1510 :
1725 1466 1777 1510 et
1822 1459 1984 1513 simul
2025 1476 2281 1530 quincun-

718 1560 825 1615 que
847 1560 907 1600 os
939 1545 1083 1598 illius
1108 1545 1393 1613 judicavit,
1425 1560 1547 1599 cum
1601 1559 1698 1613 per
1736 1555 1972 1601 veterem
2026 1558 2138 1603 tum
2186 1566 2281 1618 per

720 1652 916 1690 noram
942 1634 1302 1703 Scripturam.
1335 1636 1549 1703 Jubete,
1584 1640 1780 1710 inquit,
1814 1642 1929 1693 haec
1966 1654 2063 1694 ceu
2105 1643 2281 1711 regias

720 1722 866 1787 leges
889 1723 1175 1777 custodiri.
1215 1723 1469 1795 Prodigia
1504 1727 1617 1796 ejus
1666 1740 1714 1782 et
1751 1728 1959 1798 judicia
2005 1736 2114 1784 oris
2144 1731 2276 1799 ejus.

719 1808 992 1880 Prodigia.
1021 1811 1283 1866 miracula
1314 1816 1523 1869 scilicet
1564 1818 1631 1871 ab
1666 1818 1783 1887 ipso
1810 1822 1973 1886 edita,
2007 1831 2066 1875 ut
2090 1822 2281 1875 ambuo

721 1904 832 1957 lare
866 1920 1027 1974 supra
1065 1922 1231 1973 mare,
1287 1918 1562 1963 mortuum
1621 1913 1887 1968 suscitare
1939 1923 1989 1969 et
2051 1924 2277 1981 caztera;

714 1993 919 2062 judicia
953 2005 1129 2049 autem
1174 1999 1287 2053 oris
1336 2001 1476 2069 ejus,
1521 2004 1681 2057 verba
1708 2021 1830 2073 qure
1880 2004 2105 2069 diceret,
2156 2022 2279 2060 cum

722 2083 967 2152 impuros
998 2086 1271 2143 darmoncs
1293 2092 1514 2159 pelleret
1542 2094 1612 2147 ab
1644 2094 1982 2162 hominibus,
2008 2106 2103 2152 aut
2144 2096 2279 2153 Novi

723 2173 1052 2232 Testameuti
1076 2182 1348 2235 mandata.

792 2420 844 2473 6.
883 2419 1067 2474 Semen
1123 2423 1390 2476 Abraham
1438 2428 1572 2480 servi
1604 2428 1739 2495 ejus,
1776 2428 1877 2495 ﬁlii
1928 2427 2094 2481 Iacob
2134 2430 2283 2483 electi

718 2511 854 2579 ejus.
885 2512 1052 2578 Quasi
1094 2516 1157 2568 ad
1186 2517 1460 2584 apostolos
1488 2518 1668 2572 adhuc
1699 2535 1880 2573 sermo
1913 2521 2186 2591 dirigitur,
2225 2532 2284 2577 ut

718 2602 836 2657 hate
876 2605 947 2658 sit
977 2609 1272 2659 sententia:
1317 2608 1484 2672 Quasi
1530 2624 1713 2663 semen
1766 2611 1996 2666 Abrahae
2034 2621 2087 2666 et
2138 2614 2283 2668 servi

718 2693 857 2762 ejus,
889 2705 944 2747 et
976 2696 1069 2747 lilii
1100 2694 1269 2749 Jacob
1302 2706 1355 2749 et
1379 2698 1534 2752 electi
1562 2699 1712 2768 ejus:
1748 2701 1765 2769 (
1792 2701 1906 2770 ipse
1952 2717 2187 2771 namque
2227 2720 2283 2757 e-

718 2785 851 2855 legit
881 2787 1021 2850 illos,
1046 2789 1062 2855 )
1090 2790 1410 2845 annuntiate
1457 2790 1511 2845 in
1549 2793 1836 2863 gentibus,
1881 2794 2027 2862 quod
2066 2794 2179 2862 ipse
2215 2794 2285 2847 sit

720 2874 983 2933 Dominus
1008 2879 1150 2935 Deus
1187 2891 1388 2938 uoster.

790 3061 875 3115 15.
914 3061 981 3113 Et
1003 3064 1421 3131 pertransierunt
1451 3063 1514 3115 de
1538 3071 1685 3132 gente
1712 3064 1764 3116 in
1791 3073 2012 3133 gentem.
2050 3064 2091 3117 Α
2123 3074 2280 3135 gente

716 3152 1140 3224 Babyloniorum
1166 3156 1229 3208 ad
1266 3154 1602 3209 Palaestinos.

787 3245 872 3299 14.
906 3245 974 3297 Et
1014 3247 1270 3315 corripuit
1310 3262 1403 3315 pro
1434 3247 1507 3300 eis
1555 3264 1714 3316 reges.
1755 3245 2167 3302 Abimelechum
2208 3262 2278 3302 ou

715 3338 835 3406 ejus
861 3354 986 3408 erga
1018 3337 1207 3393 Saram
1245 3339 1738 3407 intemperantiam.

788 3430 875 3484 15.
913 3429 1096 3485 Nolite
1131 3440 1340 3500 tangere
1382 3431 1606 3485 christos
1647 3447 1806 3485 meos.
1840 3431 2043 3487 Christi
2081 3448 2280 3486 vocan-

713 3533 803 3578 tur
829 3524 1103 3577 Abraham
1133 3539 1257 3577 cum
1284 3523 1420 3588 suis,
1449 3524 1575 3592 quia
1609 3524 1663 3576 in
1695 3524 2005 3578 visionibus
2054 3525 2147 3576 lilii
2182 3524 2276 3577 Dei

714 3624 1010 3683 conspectu
1037 3616 1185 3686 digni
1212 3615 1379 3669 habiti
1412 3623 1563 3670 sunt.

787 3708 875 3761 16.
908 3708 973 3760 Et
999 3709 1198 3762 vocavit
1232 3709 1426 3777 famem
1453 3724 1610 3776 super
1654 3716 1867 3761 terram.
1908 3707 2011 3762 Per
2047 3722 2275 3762 (econo-

714 3800 878 3855 miam
913 3800 1108 3854 famem
1158 3800 1389 3866 induxit,
1440 3810 1499 3855 ut
1526 3801 1643 3868 ejus
1693 3815 1854 3855 causa
1887 3801 2277 3854 descendentes

714 3892 769 3945 in
796 3890 1087 3961 Egyptum
1128 3900 1289 3959 atque
1318 3892 1463 3944 aucti
1489 3900 1689 3944 terram
1720 3892 2102 3959 promissionis
2134 3892 2279 3945 acci-

712 3992 925 4051 pereut.
970 3980 1134 4034 Omne
1186 3980 1580 4047 ﬁrmamentum
1635 3983 1787 4049 panis
1816 3983 2077 4035 contrivit.
2107 3982 2163 4037 ld
2209 3998 2274 4037 ex

712 4071 792 4123 ira
830 4070 921 4123 Dei
952 4081 1193 4140 tempore
1248 4069 1413 4124 laniis
1459 4070 1775 4138 contingere
1804 4070 1958 4135 solet,
2000 4079 2059 4125 ut
2083 4086 2270 4125 come-

712 4164 901 4218 dentes
924 4164 1173 4216 homines
1194 4177 1303 4216 non
1330 4162 1615 4216 ﬁrmentur
1638 4162 1781 4216 cibo.

784 4361 867 4415 18.
903 4360 1080 4413 Donec
1104 4359 1293 4413 veniret
1326 4358 1535 4411 verbum
1559 4357 1693 4426 ejus.
1738 4354 1796 4409 Id
1838 4367 1921 4409 est
1968 4356 2278 4426 praedictio-

710 4469 808 4508 nes
843 4453 1205 4507 somniorum.
1250 4450 1339 4504 Ait
1375 4449 1539 4519 igitur
1592 4449 1854 4501 hactenus
1885 4450 2023 4503 mala
2057 4465 2277 4518 perpes—

2380 619 2603 689 ϐήσεται
2629 620 2756 689 ὑμῖν
2786 619 2879 671 καὶ
2906 621 2939 688 ἡ
2978 618 3104 687 περὶ
3130 617 3221 669 τὸν
3250 616 3375 671 νοῦν
3410 618 3740 689 εὐφροσύνη,
3769 620 3863 671 καὶ
3884 620 3942 672 τὸ

2374 710 2778 781 κραταιωθῆναι
2837 711 2931 763 καὶ
2990 710 3311 780 δοξασθῆναι
3362 710 3460 781 τὴν
3521 712 3798 783 ἡμετέραν
3857 729 3945 767 κερ

2378 801 2574 869 φαλήν.

2445 891 2755 957 Μνήσθητι
2780 890 2898 943 τῶν
2930 890 3276 958 θαυμασίων
3297 888 3482 944 αὑτοῦ
3512 882 3600 943 ὧν
3627 891 3943 957 ἐποίησεν.

2376 975 2478 1033 Ὧν
2511 981 2805 1049 πεποίηται
2848 979 2995 1046 λέγει
3040 981 3097 1031 ὲν
3146 968 3531 1051 τῇπαρουσίᾳ
3580 979 3941 1049 θεοσημειῶν,

2378 1070 2487 1124 εἴτε
2515 1072 2621 1124 τῶν
2647 1074 2703 1122 ἐν
2732 1074 2795 1141 τῇ
2826 1072 2999 1140 Καινῇ
3032 1071 3296 1143 Διαθήκῃ,
3346 1074 3455 1125 εἴτε
3502 1071 3610 1125 τῶν
3638 1072 3695 1123 ἐν
3723 1074 3791 1140 τῇ
3835 1072 3946 1124 Πα-

2379 1163 2503 1232 λαιᾷ
2532 1162 2679 1232 παρὰ
2708 1164 2912 1231 Μωῦτῇ
2947 1163 3038 1215 καὶ
3066 1166 3178 1223 τοῖς
3212 1163 3474 1233 πρότερον
3516 1163 3715 1231 ἁγίοις.
3765 1162 3945 1215 Πολλὰ

2379 1254 2487 1325 γὰρ
2522 1254 3045 1323 ὲθαυματουργησαν
3093 1255 3186 1306 καὶ
3243 1248 3385 1307 οῦτοι
3426 1255 3512 1307 διὰ
3548 1255 3642 1307 τοῦ
3685 1255 3817 1307 Υίοῗι
3853 1254 3945 1306 τοῦ

2380 1344 2537 1399 Θεοῦ.
2567 1345 2749 1398 Ταῦτα
2779 1348 2891 1407 τοῖς
2927 1344 3134 1398 ἔθνεσιν
3174 1344 3249 1408 ὡς
3303 1345 3555 1411 ἀγνοοῦσι
3611 1345 3944 1416 παραδοῦναι

2380 1437 2590 1491 κελεύει
2631 1439 2756 1499 τοὺς
2785 1437 2963 1491 αὐτῶν
3006 1439 3252 1508 κήρυκας
3280 1437 3415 1506 πρὸς
3444 1440 3555 1501 τοῖς
3582 1440 3637 1489 ὲν
3666 1441 3732 1507 τῇ
3770 1439 3942 1506 Καινῇ

2382 1528 2533 1595 παρὰ
2559 1527 2652 1580 τοῦ
2690 1528 2940 1597 Σωτῆρος
2988 1527 3393 1597 γεγενημένοις,
3441 1528 3540 1580 ὅσα
3579 1544 3639 1579 τε
3690 1529 3946 1598 κέκρικεν

2382 1622 2545 1676 αὐτοῦ
2579 1621 2640 1675 τὸ
2687 1622 2859 1691 στόμα
2903 1621 2992 1675 διά
3033 1638 3091 1673 τε
3136 1621 3233 1692 τῆς
3280 1622 3521 1685 Παλαιᾶς
3572 1621 3668 1673 καὶ¹
3713 1621 3944 1689 Καινῆς.

2394 1714 2480 1777 Ὡς
2528 1714 2594 1767 ἂν
2642 1713 2952 1783 βασιλικοὺς
2997 1715 3192 1783 νόμους
3232 1713 3458 1781 φυλάξαι
3501 1713 3811 1767 κελεύσατε.
3873 1716 3947 1767 Τὰ

2381 1804 2593 1872 τέρατα
2614 1804 2796 1860 αὐτοῦ
2831 1806 2927 1857 καὶ
2962 1804 3034 1858 τὰ
3079 1805 3330 1873 κρίματα
3358 1804 3463 1857 τοῦ
3499 1806 3797 1871 στόματος
3842 1807 3949 1857 αὐ·-

2312 1876 2355 1929 B
2384 1895 2511 1949 τοῦ.
2536 1895 2748 1966 Τέρατα
2770 1896 2868 1964 μὲν
2900 1896 2969 1948 τὰ
2997 1896 3338 1966 γεγενημένα
3364 1894 3633 1966 θαύματα,
3662 1897 3738 1959 ὡς
3768 1897 3829 1953 τὸ
3855 1914 3950 1950 πε-

2386 1985 2680 2055 ριπατῆσαι
2712 1987 2802 2037 ἐπὶ
2847 1986 2948 2054 τῆς
2980 1985 3274 2056 θαλάσσης,
3321 1988 3417 2041 καὶ
3467 1988 3661 2057 νεκρὸν
3710 1988 3951 2057 ἀναστῆσ

2385 2091 2495 2136 σαι,
2525 2075 2617 2127 καὶ
2660 2074 2948 2127 τὰ·λοιπά’
2981 2075 3225 2147 κρίματα
3262 2076 3317 2128 δὲ
3352 2078 3445 2130 τοῦ
3486 2078 3755 2147 στόματος
3784 2077 3948 2132 αὑτοῦ

2381 2161 2505 2222 τοὺς
2550 2160 2737 2228 λόγους
2790 2161 2882 2224 οὓς
2919 2154 3139 2249 ἔλεγεν,
3189 2163 3420 2217 ἐλαύνων
3482 2166 3592 2219 τῶν
3646 2166 3951 2238 ἀνθρώπων

2381 2251 2504 2313 τοὺς
2535 2251 2874 2323 ἀκαθάρτους
2901 2251 3187 2322 δαίμονας·
3224 2254 3385 2323 ἢικαὶ
3430 2254 3527 2317 τὰς
3581 2256 3803 2321 ἐντολὰς
3850 2258 3949 2326 τῆς

2382 2345 2590 2413 Καινῆς
2620 2345 2913 2415 Διαθήκης.

2451 2434 2690 2503 Σπέρμα
2747 2438 3246 2507 Ἀϐραὰμ¹δοῦλοι
3279 2438 3483 2501 αὐτοῦ,
3544 2438 3680 2492 Υίοῦ
3753 2440 3953 2494 Ἰακὼὸ

2384 2527 2669 2581 ἐκυίεκτοῦ
2710 2529 2919 2582 αὐτοῦ.
2980 2531 3101 2583 Ἔτι
3133 2532 3206 2594 ὡς
3228 2531 3362 2601 πρὸς
3387 2532 3512 2593 τοὺς
3542 2532 3875 2596 ἀποστόλους
3919 2533 3950 2587 ὁ

2382 2614 2555 2685 λόγος,
2590 2617 2676 2670 ἵνα
2760 2635 2773 2648 ο
2820 2617 2905 2681 Ὠς
2940 2620 3159 2690 σπέρμα
3213 2620 3308 2689 μὲν
3338 2620 3491 2681 ὄντες
3536 2619 3631 2672 τοῦ
3698 2620 3950 2691 Ἀϐραὰμ

2383 2711 2475 2761 καὶ
2498 2709 2670 2760 δοῦλοι
2698 2708 2883 2771 αὐτοῦ,
2916 2712 3008 2762 καὶ
3048 2710 3152 2762 υἱοὶ
3182 2710 3330 2772 ὄντες
3358 2710 3451 2762 τοῦ
3486 2709 3681 2762 Ἰακὼϐ
3729 2713 3825 2763 καὶ
3862 2713 3949 2765 ὲκ-

2380 2799 2559 2851 λεκτοὶ
2580 2800 2741 2851 αὑτοῦ
2790 2799 2987 2872 (αὐτὸς
3032 2800 3137 2871 γὰρ
3181 2801 3377 2863 αὐτοὺς
3404 2799 3742 2871 ἐξελέξατο),
3780 2804 3949 2871 ἀπατ-

2381 2890 2592 2957 γείὶατε
2617 2893 2673 2945 ἐν
2708 2895 2819 2955 τοῖς
2846 2893 3074 2957 ἔθνεσιν,
3105 2894 3182 2957 ὡς
3209 2894 3369 2957 αὐτός
3396 2895 3511 2946 ἐστι
3538 2893 3743 2964 Κύριος
3771 2893 3799 2945 ὁ
3819 2894 3949 2958 ibeo;

2382 2983 2557 3052 ἡμῶν.

2449 3073 2559 3124 Καὶ
2587 3071 2835 3146 διῆλθον
2870 3074 2938 3137 ἐξ
2964 3074 3176 3139 ἔθνους
3203 3076 3289 3140 εἰς
3316 3074 3509 3141 ἔθνος.
3546 3075 3681 3128 Ἀπὸ
3711 3074 3809 3127 τοῦ
3846 3075 3947 3127 Βα-

2382 3163 2651 3216 ϐυλωνίων
2674 3165 2857 3228 ἔθνους
2878 3168 2954 3228 είς
2978 3166 3036 3218 τὸ
3065 3167 3453 3221 Παλαιστίνων.

2450 3257 2559 3309 Καὶ
2601 3255 2859 3324 ἤλεγξεν
2904 3257 3054 3326 ὑπὲρ
3096 3257 3293 3311 αὐτῶν
3316 3259 3617 3326 βασιλεῖς.
3654 3263 3761 3315 Τὸν
3804 3263 3946 3317 Ἀϐι-

2382 3349 2545 3421 μέλεχ
2570 3332 2698 3420 περὶ
2723 3350 2824 3419 τῆς
2857 3350 2935 3413 εἰς
2963 3351 3177 3422 Σάρραν
3200 3352 3507 3421 παροινίας.

2446 3433 2542 3507 Μὴ
2558 3440 2797 3507 ἅψησθε
2813 3440 2930 3494 τῶν
2948 3442 3211 3510 χριστῶν
3226 3461 3361 3511 μου.
3385 3443 3611 3513 Χριστοὶ
3634 3446 3729 3498 καὶ
3754 3447 3803 3498 οἱ
3824 3448 3948 3518 περὶ

2376 3529 2465 3593 τὸν
2509 3530 2776 3599 Ἀϐραὰμ,
2808 3532 2895 3585 διὰ
2926 3532 2986 3585 τὸ
3005 3533 3103 3604 τῆς
3124 3532 3216 3585 τοῦ
3248 3533 3381 3587 Θεοῦ
3415 3535 3593 3603 Λόγου
3623 3539 3947 3606 ἐπιφανείας

2383 3621 2636 3691 ἠξιῶσθαι
2664 3624 2721 3675 ἐν
2749 3623 3018 3694 ὀράσεσιν.

2448 3713 2557 3766 Kal
2581 3712 2837 3766 ἐκάλεσε
2883 3713 3064 3782 λιμὸν
3105 3714 3201 3767 ἐπὶ
3246 3714 3360 3782 τὴν
3408 3715 3541 3784 γῆν.
3574 3718 3949 3789 Οῑκονομικῶς

2377 3803 2598 3873 ἐποίησε
2644 3802 2895 3870 γενέσθαι
2941 3804 3032 3856 τὸν
3079 3803 3256 3874 λιμὸν,
3298 3806 3404 3869 ἵνα,
3439 3806 3503 3858 δι’
3536 3806 3700 3860 αὑτὸν
3749 3810 3945 3861 κατελ-

2348 3893 2557 3971 θόντες
2603 3895 2683 3956 είς
2724 3895 2995 3961 Αἴγυπτον
3025 3896 3119 3947 καὶ
3146 3896 3484 3965 αὐξηθέντες,
3521 3897 3619 3966 τὴν
3658 3902 3763 3969 γῆν
3818 3902 3949 3953 ἁπο-

2376 3982 2579 4036 λάϐωσι
2618 3983 2716 4053 τῆς
2740 3983 3089 4052 ἐπαγγελίας.
3118 3984 3246 4038 Πᾶν
3274 3984 3566 4053 στήριγμα
3584 3985 3770 4054 ἄρτου
3797 4006 3947 4043 συν-

2375 4075 2597 4143 έτριψε.
2649 4074 2817 4129 Τοῦτο
2872 4076 2989 4129 κατ’
3018 4075 3184 4147 ὀργὴν
3207 4074 3340 4128 Θεοῦ
3372 4077 3428 4129 ἐν
3460 4080 3570 4140 τοῖς
3590 4078 3771 4148 λιμοῖς
3794 4081 3947 4133 εἴωθε

2378 4167 2738 4237 συμϐαίνειν,
2804 4168 2862 4221 τὸ
2923 4168 2998 4239 μὴ
3055 4168 3405 4239 στηρίζεσθαι
3449 4170 3573 4232 τοὺς
3627 4170 3947 4241 ἀνθρώπους

2377 4255 2676 4320 ὲσθὶοντας.

2449 4352 2633 4418 Μέχρι
2659 4350 2764 4403 τοῦ
2811 4349 3008 4405 ἐλθεῖν
3036 4352 3142 4404 τὸν
3172 4352 3357 4421 λόγον
3403 4352 3607 4406 αὐτοῦ.
3652 4352 3733 4405 Τὰ
3762 4355 3948 4407 ἀποτεο

3669 4445 3693 4458 δ’

2377 4442 2622 4513 λέσματα
2671 4442 2778 4495 τῶν
2810 4443 3073 4496 ἐνυπνίων
3124 4446 3274 4512 φησί.
3314 4445 3475 4511 Λέγει
3510 4440 3622 4507 οὖν,
3667 4445 3751 4497 ὅτι
3789 4448 3946 4517 μέχρι

708 4561 831 4600 sum
866 4560 1009 4606 esse,
1029 4552 1192 4613 atque
1221 4542 1413 4611 capitis
1437 4540 1735 4609 periculum
1768 4539 2071 4601 deﬂevisse,
2101 4542 2274 4595 donec

2376 4534 2565 4587 τούτου
2602 4535 2979 4605 ὲκακοπάθησε
3000 4536 3089 4588 τὸν
3122 4538 3259 4607 ὑπὲρ
3291 4537 3465 4606 ψυχῆς
3498 4536 3685 4604 ἀγῶνα
3716 4537 3940 4603 κλαίων,

708 4646 923 4705 tempus
954 4634 1207 4698 accessit,
1242 4642 1299 4686 ut
1323 4632 1440 4685 visa
1465 4647 1561 4701 per
1591 4647 1843 4686 somnum
1867 4633 2238 4701 implcrentur.

779 4809 871 4863 29..
905 4805 973 4861 Ut
1007 4808 1237 4862 erudiret
1284 4807 1547 4876 principes
1593 4806 1705 4874 ejus
1746 4807 1881 4859 sicut
1916 4806 2270 4875 semetipsum.

712 4903 901 4958 Simile
929 4911 1014 4956 est
1038 4901 1166 4954 illud
1204 4919 1216 4953 :
1256 4898 1444 4952 Nonne
1485 4914 1577 4967 per
1611 4897 1777 4951 Deum
1820 4900 1953 4951 venit
1988 4898 2270 4966 explicatio

708 4996 933 5049 eorum?
988 4992 1105 5046 Non
1144 4994 1287 5045 enim
1346 4992 1556 5045 somnia
1584 4988 1887 5044 Pharaonis
1924 4991 2267 5057 explicaSscl,

708 5086 813 5140 nisi
846 5085 989 5140 Deus
1015 5083 1255 5138 dedisset
1286 5084 1388 5153 ipsi
1422 5098 1611 5137 eorum
1644 5082 2076 5152 intelligentiam.

774 5287 863 5339 2'5.
907 5284 973 5338 Et
1006 5287 1221 5338 intravit
1271 5284 1442 5338 Israel
1471 5285 1525 5337 in
1566 5284 1876 5353 Egyptum,
1904 5296 1953 5339 et
1985 5285 2151 5339 Jacob
2186 5305 2270 5340 av-

707 5379 823 5431 cola
857 5379 953 5445 fuit
986 5380 1037 5431 in
1067 5386 1207 5431 terra
1254 5377 1441 5431 Cham.
1486 5377 1607 5429 Filii
1652 5376 1783 5439 Noe,
1833 5376 1979 5443 Seni,
2012 5379 2180 5432 Cham
2213 5389 2267 5432 et

706 5469 917 5539 Japliet.
952 5470 1145 5525 Chami
1188 5481 1365 5524 autem
1420 5470 1563 5524 ﬁlius
1618 5478 1735 5523 erat
1777 5470 2059 5524 Chanaan.
2095 5472 2263 5541 Cujus

711 5562 854 5615 ﬁlius
882 5561 1155 5615 Mestraim
1190 5562 1577 5631 interpretatur
1617 5561 1903 5631 Egyptus,
1954 5578 1983 5615 a
2019 5578 2129 5631 quo
2160 5580 2260 5618 no-

708 5668 831 5706 men
860 5652 1008 5722 regio
1033 5655 1257 5722 accepit.
1294 5654 1521 5719 Quando
1553 5654 1714 5724 Igitur
1747 5654 1969 5707 intravit
2006 5652 2175 5709 Jacob
2205 5657 2259 5709 iu

708 5740 1017 5812 Egyptum,
1041 5744 1331 5799 verisimile
1354 5757 1437 5800 est
1455 5745 1624 5800 Cham
1650 5761 1807 5799 avum
1835 5745 2129 5800 Mestraimi
2166 5748 2261 5801 lia-

710 5833 908 5887 bit-asse
945 5833 998 5888 in
1051 5832 1305 5905 Egypto,
1360 5836 1658 5890 Chanaano
1692 5838 1744 5890 in
1791 5833 2075 5889 Palaestina
2107 5837 2258 5893 habi-

2385 4623 2489 4685 ἕως
2518 4623 2545 4673 ὁ
2590 4622 2696 4675 τῶν
2746 4624 3009 4675 ἐνυπνίων
3042 4624 3229 4695 καιρὸς
3278 4624 3477 4694 ἐπῆλθε
3519 4624 3613 4676 τοῦ
3660 4626 3945 4697 πληρῶσαι

2384 4714 2542 4768 αὐτά.

2459 4806 2567 4858 Τοῦ
2616 4804 2929 4857 παιδεῦσαι
2972 4804 3113 4869 τοὺς
3163 4804 3456 4871 ἄρχοντας
3487 4805 3673 4858 αὑτοῦ
3698 4808 3781 4871 ὡς
3813 4808 3945 4860 eam

2381 4899 2506 4950 τόν.
2545 4899 2763 4966 Ὅμοιον
2790 4898 2849 4950 τό
2869 4912 2883 4927 ⁸
2924 4898 3067 4966 Ουχὶ
3090 4897 3185 4949 διὰ
3208 4897 3313 4950 τοῦ
3349 4898 3493 4951 Θεοῦ
3516 4900 3553 4963 ἡ
3576 4898 3944 4967 διασὰρησις

2381 4989 2577 5042 αὐτῶν
2609 4991 2818 5053 ἐστιν;
2853 4991 2926 5043 Οὐ
2968 4990 3075 5059 γὰρ
3114 4990 3267 5041 ἔλυσε
3308 4990 3432 5052 τοὺς
3474 4992 3716 5061 ὀνείρους
3740 4992 3817 5061 τῷ
3843 4995 3945 5044 ψα-

2385 5079 2518 5151 ραὼ,
2544 5080 2619 5151 μὴ
2643 5081 2734 5138 τοῦ
2771 5080 2903 5133 Θεοῦ
2942 5080 3309 5151 παρασχόντος
3336 5082 3395 5134 τὸ
3418 5081 3676 5133 δύνασθαι
3706 5083 3943 5137 συνιέναι

2380 5172 2594 5234 αὐτούς.

2449 5283 2556 5336 Kal
2585 5279 2870 5349 εἰσῆλθεν
2898 5283 3133 5350 Ἰσραὴλ
3158 5283 3577 5353 εἱςΑἵγυπτον,
3611 5286 3707 5337 καὶ
3748 5286 3930 5337 Ἰακὼί

2377 5373 2731 5440 παρῴκησεν
2755 5376 2823 5425 ἐν
2838 5374 2913 5443 γῇ
2928 5375 3073 5443 Χάμ,
3094 5376 3212 5427 Υἱοὶ
3236 5376 3376 5434 Νῶε,
3408 5376 3547 5443 Σὴμ,
3566 5376 3718 5443 Χαμ,
3738 5376 3931 5444 Ἰαφετ

2374 5464 2465 5515 τοῦ
2483 5464 2537 5515 δὲ
2560 5463 2688 5532 Χὰμ
2716 5466 2843 5526 παῖς
2868 5464 3102 5516 Χαναὰν.
3141 5462 3340 5515 Ῥούτου
3359 5463 3414 5514 δὲ
3432 5460 3727 5531 Μεστραῖμ
3768 5464 3939 5531 ἑρμη-

2374 5556 2588 5608 νεύεται
2632 5553 2924 5620 Αἴγυπτος,
2956 5554 3049 5622 ἀφ’
3080 5551 3140 5607 οῦ
3172 5555 3265 5606 καὶ
3307 5556 3341 5623 ἡ
3390 5552 3563 5624 χώρα.
3605 5553 3736 5604 Ὅτε
3763 5553 3937 5603 τοίνυν

2374 5644 2620 5713 εἰσῆλθεν
2677 5644 2869 5698 Ἰακὼϐ
2918 5648 2993 5709 εἰς
3040 5645 3313 5713 Αἴγυπτον
3360 5646 3501 5706 εἰκὸς
3551 5640 3620 5713 ἦν
3669 5644 3760 5695 τὸν
3811 5642 3937 5711 Χὰμ

2374 5738 2593 5790 πάππον
2622 5737 2748 5789 ὄντα
2772 5736 2863 5788 τοῦ
2894 5737 3181 5807 Βίεστραῖμ
3225 5739 3282 5788 ἐν
3316 5735 3578 5805 Αἰγύπτῳ
3624 5737 3937 5805 κατῳκηκέ-

2370 5846 2478 5896 ναι,
2512 5827 2602 5880 τοῦ
2634 5826 2847 5883 Χαναὰν
2875 5829 2963 5879 ἐπὶ
2991 5828 3087 5896 τῆς
3128 5827 3489 5897 Παλαιστίνης
3510 5824 3808 5889 οἰκοῦντος.
3839 5827 3939 5876 5;.‘1
