4126 6458
3349 419 3456 478 με

203 431 306 488 με
1317 431 1697 488 'EXPOSlTlO
1736 429 1801 484 IN
1833 428 2154 486 PSALMUM
2193 425 2299 485 CV.

280 565 376 622 τοῦ
421 570 656 643 Ἰσραὴλ
686 573 780 624 καὶ
838 570 1052 634 Ἰακὼδ,
1093 571 1153 634 δς
1199 569 1445 640 εἰσῆλθεν
1505 572 1585 634 είς
1625 571 1782 638 Αἴγυ-

1893 577 2058 623 tante.
2094 565 2198 621 Per
2221 565 2470 621 lsraelem
2500 573 2681 620 autem
2708 574 2763 619 et.
2793 562 3081 626 Jacobum,
3109 562 3200 632 qui
3232 560 3456 615 intravit

204 674 358 723 πῖον,
384 662 487 714 καὶ
500 665 556 714 oi
581 661 770 715 τούτου
792 662 981 725 παῖδες
1003 660 1302 731 δηλοῦνται.
1321 661 1406 713 Ἐν
1431 660 1782 732 ἑϐδομήκοντα

1895 661 1950 714 in
1987 657 2298 728 Aigyptum,
2326 658 2446 727 ejus
2473 659 2635 712 etiam
2676 657 2769 710 lilii
2804 656 3130 711 indicantur.
3160 651 3296 707 Nam
3328 667 3452 707 eum

201 750 306 820 γὰρ
336 750 558 822 ψυχαῖς
588 754 791 824 κατέϐη
833 753 1047 824 Ἰσραὴλ
1077 755 1156 815 είς
1203 753 1500 820 Αἴγυπτον,
1557 749 1708 806 εἶπεν
1760 755 1782 805 i

1896 751 2232 820 septuaginta
2263 749 2552 803 animabus
2573 748 2850 804 descendit
2869 746 3034 801 Israel
3061 746 3112 799 in
3136 743 3452 815 Egyptum,

201 840 419 914 Γραφῇ.
474 845 595 897 Καὶ
643 845 841 899 Ἰαχὼὸ
876 843 1228 913 παρῴκησεν
1267 847 1337 899 ἐν
1379 845 1456 915 τῇ
1490 844 1630 912 Χάμ.
1667 844 1782 914 Χέιμ

1894 842 1970 895 ait
2000 840 2300 909 Scriptura.
2333 837 2400 891 Et
2436 837 2599 892 Iacob
2629 838 2807 892 accola
2853 837 2953 906 fuit
2989 837 3044 890 in
3083 845 3222 889 terra
3263 833 3450 889 Citam.

199 932 470 1004 ἐγέννησε
505 937 603 988 τὸν
635 937 875 1000 Χαναὰν,
911 937 1134 989 Χαναὰν
1168 936 1224 989 δὲ
1270 939 1362 990 τὸν
1397 937 1707 1009 Μεστραῒμ,
1737 937 1782 999 ὃς

1893 931 2062 985 Cliam
2098 929 2283 996 genuit
2326 927 2604 991 Chanaan,
2640 931 2895 983 Chanaan
2941 937 3120 981 autem
3154 925 3451 988 Mrslraim,

200 1026 588 1096 ἑρμηνεύεται
622 1030 912 1096 Αἴγυπτος.
939 1029 1029 1080 Διὸ
1063 1029 1156 1082 καὶ
1188 1029 1319 1098 Χὰμ
1359 1029 1464 1099 γῆν
1497 1031 1596 1100 τὴν
1626 1028 1782 1097 Αἴγυ·

1893 1024 1986 1094 qui
2016 1024 2402 1092 interpretatur
2441 1020 2726 1092 .Egyptus.
2756 1019 2934 1086 Quare
2968 1017 3260 1089 (Egyptum
3283 1017 3454 1070 Cham

201 1134 333 1172 πτον
363 1120 564 1185 καλεῖ,
597 1121 672 1184 ὡς
703 1120 795 1174 τοῦ
815 1122 1080 1191 ἀπογόνου
1103 1117 1268 1175 οὖσαν
1297 1121 1392 1174 τοῦ
1426 1123 1577 1193 Χάμ.

1891 1122 2070 1180 vocat,
2103 1125 2286 1183 utpote
2329 1129 2450 1184 qua:
2482 1116 2776 1183 pertineret
2803 1113 2872 1166 ad
2905 1113 3084 1165 virum
3133 1124 3203 1164 ex
3248 1109 3453 1165 Chamo

1892 1214 2236 1274 prognatum.

1890 1339 1924 1364 Α
1964 1295 2054 1350 ει.
2090 1293 2159 1347 Et
2207 1294 2360 1347 auxit
2400 1293 2653 1363 populum
2701 1309 2854 1347 suum
2894 1293 3232 1347 vehementer.
3283 1290 3358 1345 Ita
3396 1303 3455 1346 ut

1892 1384 2106 1440 Pharao
2135 1385 2379 1448 diceret,
2422 1386 2511 1439 ille
2561 1385 2770 1440 scilicet
2821 1385 2913 1452 qui
2945 1400 3052 1438 non
3095 1384 3457 1452 cognoscebat.

1893 1475 2218 1546 Josephum:
2257 1475 2390 1529 Ecce
2420 1492 2556 1528 uum'
2592 1492 2782 1544 ntagna
2819 1484 2896 1529 est
2931 1473 3233 1537 multitudo,
3273 1481 3319 1526 et
3344 1475 3454 1542 [or-

263 1293 384 1349 Καὶ
410 1297 663 1365 ηὔξησε
687 1296 793 1351 τόν
832 1298 986 1352 λαὸν
1022 1297 1208 1352 αὑτοῦ
1234 1297 1486 1367 σφόδρα.
1522 1298 1682 1350 Ὥστε
1706 1297 1794 1349 τὸν

197 1387 407 1458 Φαραὼ
447 1387 662 1457 λέγειν,
710 1389 767 1454 ὃς
809 1391 907 1442 οὐκ
947 1390 1061 1460 ᾔδει
1089 1390 1180 1443 τὸν
1220 1391 1452 1461 Ἰωσήφ·
1502 1388 1656 1444 Ἰδοὺ
1679 1388 1796 1442 νῦν

197 1480 610 1548 σολυπληθεῖ
625 1481 687 1534 τὸ
712 1482 908 1548 ἔθνος,
935 1483 1032 1535 καί
1066 1483 1258 1551 ίσχύει
1288 1483 1439 1552 ὑπὲρ
1466 1480 1642 1551 ἡμᾶς.
1683 1482 1795 1535 Οὐκ

199 1569 266 1623 ἄν
290 1571 352 1624 δὲ
383 1573 728 1642 αὐξηθέντες
763 1571 1233 1643 ὲκραταιώθησαν,
1271 1574 1320 1626 εἰ
1352 1571 1426 1643 μὴ
1455 1575 1555 1644 τῆς
1599 1571 1793 1642 Ἰωσὴφ

197 1662 395 1733 ἔτυχον
428 1664 774 1736 προστασίας
805 1664 901 1719 καὶ
932 1666 1032 1736 τῆς
1064 1663 1156 1719 τοῦ
1185 1663 1382 1734 Φαραὼ
1401 1663 1721 1728 δεξιώσεως.

1895 1569 1998 1622 tior
2030 1567 2172 1621 nobis
2205 1576 2283 1620 est
2312 1566 2378 1620 ἰ.
2409 1565 2698 1635 Nunquam
2726 1567 2869 1619 enim
2905 1565 3050 1619 aucti
3084 1573 3138 1618 et
3181 1563 3452 1629 praevalidi

1893 1657 2018 1714 facti
2052 1668 2255 1721 essent,
2287 1659 2390 1712 nisi
2420 1656 2642 1728 Iosephi
2667 1657 3029 1727 patrocinium
3065 1666 3120 1712 et
3149 1656 3452 1713 Pharaonis

1893 1750 2119 1821 gratiam
2143 1748 2284 1802 nacti
2311 1759 2516 1803 essent.

269 1833 386 1886 Kal
416 1835 798 1905 μετέστρεψε
822 1835 938 1905 τὴν
968 1835 1221 1904 καρδίαν
1247 1835 1457 1901 αὑτοῦ,
1486 1835 1593 1890 τοῦ
1611 1834 1782 1905 μισῆ-

1961 1839 2055 1893 25.
2085 1837 2352 1893 Convertit
2394 1854 2486 1891 cor
2521 1839 2635 1908 ejus
2690 1849 2746 1892 ut
2799 1838 2969 1892 adiret
3015 1837 3262 1907 populum
3313 1839 3450 1907 ejus.

198 1938 304 1976 σαι
335 1924 456 1978 τὸν
479 1928 636 1980 λαόν
664 1927 870 1986 αὐτοῦ.
913 1928 1128 2000 Ἐπειδὴ
1157 1929 1220 1982 ἐκ
1240 1927 1331 1982 τοῦ
1356 1929 1616 1998 τιμᾶσθαι
1642 1927 1782 1998 παρᾶ

1890 1926 2160 1994 Quoniam
2191 1929 2246 1982 in
2286 1929 2494 1982 honore
2533 1927 2703 1982 habiti
2766 1929 2908 1997 apud
2951 1927 3254 1999 Egypties,
3285 1929 3338 1983 in
3373 1930 3450 1982 si-

198 2013 310 2066 τῶν
339 2017 666 2085 Αἰγυπτίων
703 2019 904 2082 αὐτοὺς
946 2022 1027 2082 είς
1057 2020 1153 2091 τὴν
1190 2021 1382 2090 ὁμοίαν
1423 2020 1608 2082 αὐτοῖς
1637 2020 1782 2072 είδω-

1887 2020 2069 2074 milem
2095 2028 2257 2089 atque
2297 2020 2371 2073 illi
2401 2018 2762 2073 iclololatriam
2794 2020 3001 2088 delapsi
3039 2023 3286 2085 fuerant;
3323 2021 3447 2076 ideo

197 2104 536 2178 λολατρείαν
563 2109 848 2178 ἐξέϐησαν,
881 2109 1073 2163 τούτου
1102 2112 1260 2182 χάριν
1288 2111 1666 2182 παρεσκεύασε
1701 2128 1782 2180 μι-

1887 2111 2100 2166 curatit
2129 2118 2186 2163 ut
2214 2110 2429 2163 adirent
2472 2125 2567 2163 eos
2607 2119 2659 2164 et
2691 2110 2872 2180 gravia
2917 2110 3048 2178 ipsis
3080 2126 3245 2180 opera
3278 2112 3453 2181 impo-

201 2198 376 2267 σῆσαι
420 2199 624 2263 αὐτοὺς
652 2201 747 2254 καὶ
798 2200 868 2253 τά
916 2201 1090 2273 βαρέα
1125 2202 1234 2256 τῶν
1278 2202 1453 2276 ἔργων
1500 2203 1783 2266 ἐπιθεῖναι,

201 2288 293 2342 ἶνα
325 2289 680 2354 κακωθέντες
709 2292 1063 2362 καταφύγωσι
1095 2293 1229 2364 πρὸς
1253 2294 1342 2347 τὸν
1369 2293 1521 2358 Θεὸν,
1563 2294 1656 2346 καὶ
1696 2292 1786 2344 εὓ-

204 2394 288 2448 ροι
317 2379 516 2452 χώραν
532 2380 883 2454 πληρωθῆναι
908 2386 940 2453 ὴ
974 2383 1270 2452 ἐπαγγελία
1291 2384 1322 2453 ὴ
1346 2383 1479 2454 πρὸς
1517 2381 1783 2452 Ἀϐραάμ.

267 2472 704 2536 Ἐξαπέστειλε
723 2475 990 2543 Μωῦσῆν
1005 2477 1108 2528 τὸν
1121 2475 1345 2530 δοῦλον
1359 2476 1566 2541 αὐτοῦ,
1590 2493 1642 2528 κ.
1662 2493 1710 2529 τ.
1731 2474 1782 2528 λ.

203 2563 412 2626 Μόνοις
441 2565 552 2635 γὰρ
577 2567 689 2628 τοῖς
706 2566 832 2636 περὶ
848 2566 938 2618 τὸν
955 2565 1194 2636 Μωῠσῆν
1226 2567 1320 2619 καὶ
1335 2563 1547 2637 Ἀαρὼν
1574 2564 1783 2618 ἀπεκά-

201 2652 337 2721 λυψε
375 2653 458 2724 τῷ
498 2653 642 2724 λόγῳ
679 2654 758 2718 τὸ,
790 2656 870 2718 είς
902 2648 1061 2726 αἷμα,
1105 2655 1200 2709 καὶ
1235 2653 1303 2708 τὰ
1344 2655 1506 2726 ἕτερα
1549 2653 1655 2706 τῶν
1684 2669 1782 2724 ση-

211 2744 408 2812 μείων.

287 2833 716 2898 Ἐξαπέστειλε
759 2835 980 2900 σκότος
1029 2838 1129 2887 καί
1164 2834 1520 2888 ἐσκὸτασεν.
1567 2830 1780 2902 Ἐπειδὴ

205 2926 443 2996 ἀφέντες
482 2925 574 2978 τὸν
606 2924 934 2996 δημιουργὸν
977 2923 1263 2992 Αἰγύπτιοι
1309 2928 1376 2995 τῇ
1433 2925 1606 2978 κτίσει
1657 2923 1781 2976 ἐλά-

1889 2211 2101 2266 nerent,
2136 2209 2195 2254 ut
2231 2200 2413 2255 alllieti
2448 2201 2514 2254 ad
2564 2199 2734 2254 Deum
2786 2199 3159 2272 confugerent,
3200 2211 3254 2255 et
3299 2202 3451 2258 locus

1885 2303 2029 2348 esset
2053 2292 2338 2362 implenda:
2361 2291 2743 2361 promissionis
2767 2293 2835 2346 ad
2863 2292 3234 2346 Abrahamum
3272 2291 3445 2348 factae.

1953 2463 2043 2524 26,
2073 2463 2162 2517 27.
2201 2461 2348 2516 Misit
2386 2463 2618 2532 Mog/sem
2663 2480 2868 2516 servum
2911 2480 3066 2517 suum
3091 2503 3106 2527 ,
3152 2477 3256 2520 etc.
3280 2463 3448 2520 -Solis

1883 2551 2084 2625 quippe
2114 2555 2283 2624 Moysi
2316 2564 2370 2608 et
2399 2554 2582 2608 Aaron
2609 2556 2774 2609 verbo
2801 2556 3056 2610 ret'clavil
3082 2556 3298 2625 signum
3327 2573 3448 2610 mu~

1883 2643 2105 2698 talionis
2128 2657 2394 2712 aquarum
2425 2643 2483 2697 in
2523 2645 2842 2715 sanguinem
2875 2685 2891 2711 ,
2921 2656 3084 2716 atque
3128 2646 3234 2700 alia
3269 2647 3442 2716 signa.

1951 2826 2043 2881 £8.
2081 2826 2231 2881 Misit
2290 2829 2528 2883 tenebras
2572 2840 2623 2884 et
2669 2829 2984 2884 obscuravit.
3021 2830 3158 2899 Quia
3209 2831 3447 2905 Egyptii

1884 2918 2074 2973 relicto
2101 2918 2357 2975 Creatore
2376 2929 2638 2976 creatura:
2655 2921 2956 2976 serviebant
2979 2938 2994 2977 :
3020 2922 3138 2977 ideo
3162 2939 3254 2992 per
3271 2926 3442 2994 ipsam

205 3036 421 3090 τρευον,
457 3021 651 3074 τούτου
681 3019 837 3090 χάριν
863 3019 930 3072 δι’
959 3019 1131 3090 αὐτῆς
1175 3021 1369 3082 αὐτοὺς
1415 3019 1517 3090 τῆς
1553 3019 1780 3084 κτίσεως

1881 3023 2190 3068 creaturam
2217 3015 2476 3084 puniebat
2503 3030 2619 3083 eos,
2650 3030 2747 3086 per
2767 3031 2946 3070 aerem
2978 3016 3206 3082 scilicet,
3239 3017 3440 3087 ignem,

204 3112 487 3177 ἐκόλαζεν,
523 3113 582 3179 ἐξ
614 3113 774 3184 ἀέρος
823 3112 966 3182 λέγω
1011 3113 1098 3184 δὴ,
1149 3112 1244 3164 καὶ
1289 3112 1479 3183 πυρδς,
1527 3111 1620 3165 καὶ
1653 3112 1776 3182 γῆς,

206 3207 300 3260 καὶ
335 3208 548 3271 ὓδατος.

269 3299 653 3370 Μετέστρεψε
690 3301 762 3354 τὰ
799 3299 988 3353 ὕδατα
1017 3293 1215 3350 αὐτῶν
1245 3299 1332 3362 εἰς
1364 3291 1526 3364 αἷμα.
1565 3296 1638 3349 Οὐ
1668 3295 1774 3364 γὰρ

1879 3108 2079 3156 terram
2108 3114 2163 3157 et
2190 3118 2413 3172 aquam.

1947 3296 2038 3352 29.
2071 3297 2340 3354 Convertit
2382 3316 2547 3372 aquas
2587 3317 2768 3355 eorum
2797 3303 2850 3355 in
2876 3303 3204 3372 sanguinem.
3235 3301 3353 3356 Non
3382 3319 3442 3358 e-

205 3386 300 3458 τὴν
329 3389 520 3461 χροιὰν
547 3389 650 3442 τῶν
682 3388 888 3441 ὑδάτων
914 3386 1092 3457 μόνον,
1131 3383 1266 3437 ἀλλὰ
1310 3385 1405 3438 καὶ⁵
1439 3383 1605 3454 αὐτὴν
1647 3401 1775 3456 μετ-

1881 3385 1988 3440 nim
2023 3389 2200 3443 solum
2233 3405 2498 3460 aquarmn
2547 3392 2782 3446 colorem
2812 3431 2827 3456 ,
2869 3393 2961 3446 sed
3010 3392 3180 3460 ipsam
3225 3393 3438 3462 saporis

203 3476 365 3532 έῦαλε
397 3479 496 3550 τῆς
522 3480 761 3547 γεύσεως
792 3477 891 3548 τὴν
915 3476 1174 3546 ποιότητα
1194 3493 1208 3506 °
1244 3477 1384 3533 ὥστε
1425 3475 1638 3530 ἅπαντα
1670 3476 1778 3530 δια-

205 3571 481 3643 φθαρῆναι
507 3572 614 3625 τῶν
640 3569 836 3642 ἰχθύων
869 3569 936 3624 τὰ
964 3569 1119 3640 γένη.
1241 3563 1244 3566 ’

726 3664 1110 3732 Ἀλληλούτα..
1137 3659 1248 3715 PE'

819 3759 832 3778 '
845 3759 1158 3820 Υπόθεσις.

1873 3480 2189 3549 qualitatem
2220 3484 2477 3538 mutavit:
2522 3485 2596 3538 ita
2637 3493 2698 3539 ut
2748 3487 2931 3540 omnia
2973 3486 3207 3556 piscium
3240 3502 3439 3558 genera

1957 3586 2098 3641 aqua
2121 3574 2616 3644 exstinguerentur.

2446 3665 2704 3720 Alleluia.
2737 3665 2778 3720 C
2795 3665 2855 3721 γ.

2447 3757 2851 3828 Argumentum.

214 3848 302 3907 Ἐν
326 3851 502 3923 τούτῳ
525 3851 601 3921 τῷ
631 3848 830 3919 ψαλμῷ
872 3848 971 3910 τὰς
1022 3843 1296 3916 ἁμαρτίας
1349 3844 1637 3913 καταλέγει
1674 3843 1769 3898 τοῦ

1881 3844 1930 3897 In
1964 3843 2066 3899 hoc
2097 3847 2308 3915 psalmo
2336 3858 2582 3904 recenset
2608 3861 2830 3920 peccata
2860 3851 3060 3920 prioris
3088 3853 3294 3923 populi,
3325 3853 3428 3909 do-

271 3943 536 4017 προτέρου
567 3941 717 4003 λαοῦ,
767 3938 1028 3992 διδάσκων
1061 3977 1076 4001 ,
1123 3937 1198 4000 ὡς
1232 3938 1324 3990 καὶ
1373 3937 1686 4006 διαγέγονεν
1734 3938 1769 4008 ἡ

268 4033 509 4104 ἀποϐολὴ
534 4030 732 4085 αὐτῶν.
767 4031 887 4084 Εἰσὶ
927 4029 982 4084 δὲ
1007 4023 1200 4083 αὖται’
1240 4028 1453 4100 πρῶτον
1495 4029 1592 4098 μὲν
1635 4044 1771 4097 παρ-

267 4125 571 4196 επίκραναν
590 4123 750 4176 αὑτὸν
767 4121 1127 4183 διαϐαίνοντες
1142 4123 1199 4174 ἐν
1218 4123 1284 4191 τῇ
1318 4119 1550 4190 Ἐρυθρᾷ
1572 4117 1772 4170 θαλάσ-

272 4221 363 4289 σῇ,
418 4217 696 4276 εἰπόντες·
736 4213 899 4280 Παρὰ
955 4213 1019 4266 τὸ
1053 4211 1140 4282 μὴ
1186 4208 1338 4265 εἶναι
1376 4211 1652 4281 μνήματα
1700 4209 1769 4261 ἐν

255 4311 554 4380 Αἰγύπτῳ,
587 4305 880 4376 ἐξήγαγεν
900 4302 1056 4374 ἡμᾶς
1084 4297 1199 4356 ὧδε
1226 4303 1521 4357 ἀπολέσαι
1539 4321 1550 4334 ·
1586 4302 1768 4354 δεύτε-

267 4421 360 4474 ρον
388 4401 686 4470 ἐπείρασαν
711 4399 800 4450 τὸν
831 4398 960 4450 Θεὸν
983 4399 1038 4449 ἐν
1065 4399 1130 4468 τῇ
1161 4397 1351 4467 ἐρήμῳ
1374 4409 1387 4422 °
1425 4394 1604 4464 τρίτον
1628 4410 1766 4462 παρ-

267 4489 510 4559 ὠργισαν
557 4487 796 4556 δίωὓσῆν
854 4487 912 4538 ὲν
973 4487 1040 4555 τῇ
1097 4482 1445 4554 παρεμδολῇο
1508 4482 1763 4554 τέταρτον

265 4580 528 4652 ἐποίησαν
573 4578 770 4648 μόσχον
802 4579 859 4630 ἐν
903 4575 1137 4646 Χωρήὸ⁸
1187 4575 1435 4644 πέμπτον
1481 4571 1765 4639 ἐξουδένω-
1798 4603 1841 4657 D

263 4691 364 4728 σαν
394 4673 498 4742 γῆν
528 4670 868 4742 ἐπιθυμητήν
891 4689 902 4700 ·
934 4670 1091 4723 ἕκτον
1129 4668 1486 4739 ὲτελέσθησαν
1511 4667 1588 4737 τῷ
1617 4667 1772 4720 Βεελ-

263 4765 487 4837 φεγὼρ·
545 4763 773 4833 ἕϐδομον
825 4762 1181 4835 παρὼργισαν
1236 4762 1396 4814 αὐτὸν
1446 4761 1537 4814 ἐπὶ
1573 4760 1763 4824 ὓδατος

260 4857 574 4925 ἀντιλογίας
598 4872 614 4888 σ
645 4855 828 4924 ὃγδοον
867 4854 945 4926 τῷ
989 4854 1064 4926 μὴ
1100 4851 1472 4923 ὲξολοθρεῦσαι
1505 4852 1573 4904 τὰ
1613 4852 1762 4922 ἔθνη,

259 4952 296 5005 ἃ
320 4947 440 5003 εἷπε
473 4949 676 5020 Κύριος
721 4948 921 5012 αὐτοῖς,
959 4946 1093 5000 ἀλλὰ
1128 4947 1219 4998 καὶ
1247 4945 1615 5017 προσκυνῆσαι
1650 4949 1762 5009 τοῖς

258 5041 520 5104 είδὼλοις,
549 5042 625 5104 ὼς
667 5042 759 5095 καὶ
803 5041 870 5094 τά
907 5041 1070 5092 τέκνα
1111 5037 1291 5092 αὐτῶν
1328 5041 1406 5102 είς
1439 5036 1627 5090 θυσίαν
1659 5039 1759 5091 αὑ-

256 5139 368 5201 τοῖς
406 5136 744 5202 εἰσαγαγεῖν.

266 5224 763 5296 Ἐξομολογεῐσθε
803 5223 882 5290 τῷ
912 5225 1125 5292 Κιιρίῳ,
1159 5224 1248 5276 ὅτι
1276 5225 1544 5293 χρηστός
1582 5264 1594 5276 .
1633 5265 1647 5278 .
1685 5264 1697 5277 .
1738 5264 1752 5277 .

1941 3951 2069 3991 cens
2099 3953 2208 4007 quo
2248 3949 2406 4009 pacto
2448 3941 2766 4008 repudiatus
2805 3941 2896 3996 ille
2930 3942 3113 3998 fuerit.
3161 3943 3301 4000 Sunt
3336 3960 3436 4000 au-

1942 4037 2049 4082 tem
2081 4029 2192 4096 illa,
2219 4032 2396 4099 primo
2412 4031 2556 4099 quod
2583 4033 3028 4090 exaeerbaveriut
3053 4051 3176 4091 eum
3212 4037 3266 4090 in
3295 4039 3434 4092 mari

1939 4117 2124 4174 Rubro
2153 4161 2170 4186 ,
2234 4121 2506 4176 dicentes:
2569 4125 2656 4176 An
2695 4126 2821 4193 quia
2855 4144 2957 4179 mm
2995 4137 3147 4181 erant
3193 4129 3434 4197 sepulcra

1937 4210 1991 4264 in
2019 4210 2269 4282 Egypto,
2301 4213 2481 4266 eduxit
2505 4229 2595 4267 nos
2626 4214 2727 4268 huc
2749 4226 2806 4269 ut
2832 4233 2922 4271 nos
2950 4219 3183 4288 perderet
3210 4221 3300 4273 "2
3347 4237 3432 4276 εοε-

1933 4303 2133 4364 condo.
2165 4306 2307 4375 quod
2331 4306 2658 4361 tentaret-int
2687 4306 2853 4362 Deum
2887 4311 2940 4363 in
2970 4311 3218 4379 deserto;
3250 4314 3431 4378 tertio,

1941 4396 2086 4465 quod
2119 4397 2450 4452 irritaverint
2497 4397 2736 4470 Moysen:
2797 4402 2851 4454 in
2892 4405 3131 4468 castris;
3182 4414 3382 4474 quarto
3413 4445 3429 4468 .

1935 4488 2079 4557 quod
2111 4486 2336 4541 fecerint
2380 4488 2608 4544 vitulum
2649 4490 2702 4544 in
2744 4488 2992 4559 Choreb;
3024 4494 3237 4563 quinto,
3275 4495 3430 4565 quod

1936 4595 2035 4648 pro
2057 4577 2225 4632 nihilo
2257 4579 2547 4634 habuerint
2570 4589 2768 4635 terram
2786 4581 3198 4638 desiderabilem
3220 4601 3235 4650 ;
3254 4594 3431 4652 sexto,

1937 4670 2083 4741 quod
2119 4671 2314 4724 initiati
2342 4671 2450 4725 sint
2476 4671 2841 4744 Beelphegor;
2873 4676 3127 4744 septimo,
3167 4678 3315 4746 quod
3350 4676 3430 4730 ir-

1942 4762 2226 4816 ritaverint
2279 4777 2402 4816 eum
2452 4763 2516 4816 ad
2561 4778 2732 4831 aquas
2769 4765 3246 4832 eontradietionis;
3281 4778 3431 4825 oeta—

1938 4869 2027 4918 νο,
2056 4852 2202 4922 quod
2253 4869 2362 4907 non
2419 4855 2841 4924 disperdiderint
2889 4866 3076 4926 gentes
3123 4874 3259 4928 quas
3293 4860 3430 4916 dixit

1939 4944 2362 5008 Dominus-illis,
2392 4947 2482 5000 sed
2513 4947 2862 5003 adoraverint
2895 4950 3060 5013 idola.
3090 4951 3163 5005 ita
3198 4961 3257 5006 ut
3285 4953 3428 5009 ﬁlios

1936 5052 2070 5092 suos
2097 5037 2150 5090 in
2184 5038 2513 5092 sacriﬁcium
2549 5039 2683 5108 ipsis
2708 5039 2988 5095 oﬂ‘errent.

1927 5226 1980 5290 Ι,
2010 5225 2065 5291 2,
2091 5225 2142 5279 3.
2179 5225 2516 5294 (.‘on/itemiui
2537 5226 2761 5279 Domino
2782 5227 3029 5296 quoniam
3054 5225 3214 5280 bonus
3250 5265 3264 5279 .
3299 5263 3316 5279 .
3350 5264 3364 5279 .
3403 5266 3419 5282 .

191 5317 474 5386 Μακάριοι
493 5319 547 5370 ol
560 5316 983 5386 φυλάσσοντες
1006 5317 1227 5383 κρίσιν,
1246 5333 1296 5369 κ.
1317 5334 1365 5370 τ.
1387 5316 1435 5370 λ.
1467 5309 1623 5369 Οὗτοι
1646 5316 1752 5387 γὰρ

1881 5314 2008 5370 θεαιί
2040 5315 2131 5385 qui
2156 5315 2460 5370 custodiunt
2485 5317 2773 5385 judicium.
2797 5325 2900 5370 etc.
2923 5313 2960 5367 li
2991 5314 3135 5368 enim
3164 5314 3422 5385 solidigni

192 5409 326 5474 ἄξιοι
346 5409 501 5478 μόνοι
529 5407 628 5470 τὰς
655 5406 968 5470 δυναστείας
991 5407 1170 5462 λαλεῖν
1197 5406 1290 5460 τοῦ
1308 5408 1532 5478 Κυρίου,
1550 5409 1682 5461 om
1699 5410 1756 5461 ἐν

1881 5417 1984 5461 .nnt
2015 5407 2110 5477 qui
2141 5416 2397 5462 enarrent
2419 5407 2687 5477 potentias
2710 5405 2945 5469 Domini,
2987 5405 3080 5476 qui
3117 5421 3179 5459 ea
3207 5421 3330 5476 qua:
3367 5405 3420 5460 in

136 5530 139 5533 -
190 5503 302 5562 ταῖς
322 5499 360 5551 Γ
366 5501 569 5570 ραφαῖς
598 5499 700 5550 ὑπὸ
731 5498 865 5551 Θεοῦ
897 5500 1199 5570 κεκριμένα
1232 5499 1531 5576 ποιοῦντες,
1580 5501 1755 5553 πάντα.

190 5604 244 5641 τε
268 5589 447 5661 κρίσει
489 5589 582 5640 καὶ
612 5588 755 5658 λόγῳ
791 5588 1266 5661 διαπραττόμενοι,
1300 5590 1394 5642 καὶ
1425 5588 1513 5641 διὰ
1554 5589 1752 5652 παντὸς

190 5677 395 5750 ἔχοντες
441 5677 535 5732 τοῦ
579 5678 713 5732 Θεαῦ
749 5681 845 5751 τὴν
894 5681 1073 5752 κρίσιν
1113 5681 1220 5752 πρὸ
1268 5680 1377 5737 τῶν
1435 5680 1748 5751 ὀφθαλμῶν.

255 5857 294 5888 ⁹¹
323 5853 498 5912 Exod.
527 5872 565 5923 ι,
601 5855 653 5913 9.
734 5858 778 5890 υ
814 5855 986 5915 Exod.
1031 5876 1136 5926 tm,
1174 5859 1254 5914 ll.

1865 5498 2164 5567 Seripturis
2186 5515 2215 5551 a
2241 5495 2354 5552 Deo
2385 5499 2601 5552 decreta
2633 5505 2761 5552 sunt
2790 5494 3016 5560 faciunt,
3049 5505 3211 5564 atque
3237 5496 3418 5551 omnia

1861 5605 1984 5646 eum
2009 5588 2220 5658 judicio
2247 5598 2300 5644 et
2346 5590 2556 5644 ratione
2595 5597 2990 5658 exsequuntur,
3019 5596 3075 5642 et
3108 5602 3321 5657 semper
3347 5587 3420 5641 ob

1859 5681 2082 5756 oculos“
2101 5680 2302 5738 habent
2324 5679 2590 5749 judicium
2627 5679 2742 5736 Dei.
2778 5679 2840 5734 Hi
2884 5693 3121 5750 namque
3166 5688 3293 5734 sunt
3323 5677 3418 5750 qui
