  <div class='ocr_page' id='page_1' title='image "/cluster/home/n/w/nwhite01/storage/ocr_20150623/27/uva.x030474749/235.png"; bbox 0 0 4126 6488; ppageno 0'>
   <div class='ocr_carea' id='block_1_1' title="bbox 696 424 795 478">
    <p class='ocr_par' dir='ltr' id='par_1_1' title="bbox 696 424 795 478">
     <span class='ocr_line' id='line_1_1' title="bbox 696 424 795 478; baseline -0.02 0"><span class='ocrx_word' id='word_1_1' title='bbox 696 424 795 478; x_wconf 73' lang='grc'><strong>451</strong></span> 
     </span>
    </p>
   </div>
   <div class='ocr_carea' id='block_1_2' title="bbox 697 619 2256 702">
    <p class='ocr_par' dir='ltr' id='par_1_2' title="bbox 697 619 2256 702">
     <span class='ocr_line' id='line_1_2' title="bbox 697 619 2256 702; baseline -0.011 -16"><span class='ocrx_word' id='word_1_2' title='bbox 697 636 866 702; x_wconf 61' lang='grc' dir='ltr'><strong>ηερ-ιη</strong></span> <span class='ocrx_word' id='word_1_3' title='bbox 895 631 1201 684; x_wconf 73' lang='lat' dir='ltr'><strong>nullatenus</strong></span> <span class='ocrx_word' id='word_1_4' title='bbox 1227 626 1595 687; x_wconf 71' lang='lat' dir='ltr'><strong>admittentes,</strong></span> <span class='ocrx_word' id='word_1_5' title='bbox 1625 625 1719 676; x_wconf 81' lang='lat' dir='ltr'><strong>sed</strong></span> <span class='ocrx_word' id='word_1_6' title='bbox 1767 620 2104 689; x_wconf 82' lang='lat' dir='ltr'><strong>sapientibus</strong></span> <span class='ocrx_word' id='word_1_7' title='bbox 2156 619 2256 670; x_wconf 75' lang='lat' dir='ltr'><strong>liu-</strong></span> 
     </span>
    </p>
   </div>
   <div class='ocr_carea' id='block_1_3' title="bbox 695 709 2257 793">
    <p class='ocr_par' dir='ltr' id='par_1_3' title="bbox 695 709 2257 793">
     <span class='ocr_line' id='line_1_3' title="bbox 695 709 2257 793; baseline -0.012 -16"><span class='ocrx_word' id='word_1_8' title='bbox 695 726 781 793; x_wconf 85' lang='lat' dir='ltr'><strong>jus</strong></span> <span class='ocrx_word' id='word_1_9' title='bbox 803 721 986 776; x_wconf 69' lang='lat' dir='ltr'><strong>saeculi</strong></span> <span class='ocrx_word' id='word_1_10' title='bbox 1009 734 1131 775; x_wconf 88' lang='lat' dir='ltr'><strong>sese</strong></span> <span class='ocrx_word' id='word_1_11' title='bbox 1167 716 1526 771; x_wconf 84' lang='lat' dir='ltr'><strong>instituendos</strong></span> <span class='ocrx_word' id='word_1_12' title='bbox 1560 710 1932 767; x_wconf 88' lang='lat' dir='ltr'><strong>tradcntes.Et</strong></span> <span class='ocrx_word' id='word_1_13' title='bbox 1977 709 2257 763; x_wconf 77' lang='lat' dir='ltr'><strong>consilium</strong></span> 
     </span>
    </p>
   </div>
   <div class='ocr_carea' id='block_1_4' title="bbox 697 792 2298 871">
    <p class='ocr_par' dir='ltr' id='par_1_4' title="bbox 697 792 2258 871">
     <span class='ocr_line' id='line_1_4' title="bbox 697 792 2258 871; baseline -0.01 -4"><span class='ocrx_word' id='word_1_14' title='bbox 697 792 960 867; x_wconf 69' lang='grc' dir='ltr'><strong><em>Ἀίιὶεεὶιηὶ</em></strong></span> <span class='ocrx_word' id='word_1_15' title='bbox 1022 811 1387 864; x_wconf 74' lang='lat' dir='ltr'><strong>irritaverant.</strong></span> <span class='ocrx_word' id='word_1_16' title='bbox 1441 805 1724 871; x_wconf 83' lang='lat' dir='ltr'><strong>Quodnam</strong></span> <span class='ocrx_word' id='word_1_17' title='bbox 1784 813 1900 856; x_wconf 88' lang='lat' dir='ltr'><strong>erat</strong></span> <span class='ocrx_word' id='word_1_18' title='bbox 1970 801 2258 856; x_wconf 89' lang='lat' dir='ltr'><strong>consilium</strong></span> 
     </span>
    </p>
   </div>
   <div class='ocr_carea' id='block_1_5' title="bbox 2365 792 2900 871">
    <p class='ocr_par' dir='ltr' id='par_1_5' title="bbox 2365 792 2900 860">
     <span class='ocr_line' id='line_1_5' title="bbox 2365 792 2900 860; baseline -0.011 -12"><span class='ocrx_word' id='word_1_19' title='bbox 2365 795 2594 860; x_wconf 79' lang='grc' dir='ltr'><strong>βουλὴν</strong></span> <span class='ocrx_word' id='word_1_20' title='bbox 2629 792 2733 844; x_wconf 86' lang='grc' dir='ltr'><em>τοῦ</em></span> <span class='ocrx_word' id='word_1_21' title='bbox 2780 792 2900 858; x_wconf 54' lang='lat' dir='ltr'><strong>Tibi</strong></span> 
     </span>
    </p>
   </div>
   <div class='ocr_carea' id='block_1_6' title="bbox 696 889 2258 966">
    <p class='ocr_par' dir='ltr' id='par_1_6' title="bbox 696 889 2258 966">
     <span class='ocr_line' id='line_1_6' title="bbox 696 889 2258 966; baseline -0.01 -11"><span class='ocrx_word' id='word_1_22' title='bbox 696 900 991 964; x_wconf 79' lang='lat' dir='ltr'><strong>Altissimi,</strong></span> <span class='ocrx_word' id='word_1_23' title='bbox 1027 898 1130 952; x_wconf 93' lang='lat' dir='ltr'><strong>nisi</strong></span> <span class='ocrx_word' id='word_1_24' title='bbox 1167 895 1312 966; x_wconf 84' lang='lat' dir='ltr'><strong>quod</strong></span> <span class='ocrx_word' id='word_1_25' title='bbox 1357 895 1484 948; x_wconf 82' lang='lat' dir='ltr'><strong>velit</strong></span> <span class='ocrx_word' id='word_1_26' title='bbox 1521 895 1635 962; x_wconf 83' lang='lat' dir='ltr'><strong>ipse</strong></span> <span class='ocrx_word' id='word_1_27' title='bbox 1670 908 1842 944; x_wconf 86' lang='lat' dir='ltr'><strong>omnes</strong></span> <span class='ocrx_word' id='word_1_28' title='bbox 1867 891 2098 944; x_wconf 75' lang='lat' dir='ltr'><strong>homines</strong></span> <span class='ocrx_word' id='word_1_29' title='bbox 2145 889 2258 942; x_wconf 87' lang='lat' dir='ltr'><strong>sal-</strong></span> 
     </span>
    </p>
   </div>
   <div class='ocr_carea' id='block_1_7' title="bbox 696 982 1980 1058">
    <p class='ocr_par' dir='ltr' id='par_1_7' title="bbox 696 982 1980 1058">
     <span class='ocr_line' id='line_1_7' title="bbox 696 982 1980 1058; baseline -0.01 -12"><span class='ocrx_word' id='word_1_30' title='bbox 696 1009 784 1046; x_wconf 77' lang='lat' dir='ltr'><strong>vos</strong></span> <span class='ocrx_word' id='word_1_31' title='bbox 800 991 937 1058; x_wconf 78' lang='lat' dir='ltr'><strong>ﬁeri,</strong></span> <span class='ocrx_word' id='word_1_32' title='bbox 959 1000 1007 1042; x_wconf 88' lang='lat' dir='ltr'><strong>et</strong></span> <span class='ocrx_word' id='word_1_33' title='bbox 1032 990 1098 1041; x_wconf 88' lang='lat' dir='ltr'><strong>ad</strong></span> <span class='ocrx_word' id='word_1_34' title='bbox 1117 989 1435 1058; x_wconf 75' lang='lat' dir='ltr'><strong>agnitionem</strong></span> <span class='ocrx_word' id='word_1_35' title='bbox 1456 986 1689 1038; x_wconf 75' lang='lat' dir='ltr'><strong>veritatis</strong></span> <span class='ocrx_word' id='word_1_36' title='bbox 1710 985 1881 1036; x_wconf 84' lang='lat' dir='ltr'><strong>venire</strong></span> <span class='ocrx_word' id='word_1_37' title='bbox 1898 982 1980 1033; x_wconf 82' lang='lat'><strong>”?</strong></span> 
     </span>
    </p>
   </div>
   <div class='ocr_carea' id='block_1_8' title="bbox 769 1157 2259 1238">
    <p class='ocr_par' dir='ltr' id='par_1_8' title="bbox 769 1157 2259 1238">
     <span class='ocr_line' id='line_1_8' title="bbox 769 1157 2259 1238; baseline -0.007 -16"><span class='ocrx_word' id='word_1_38' title='bbox 769 1170 854 1223; x_wconf 76' lang='lat'><strong>12.</strong></span> <span class='ocrx_word' id='word_1_39' title='bbox 882 1167 1312 1238; x_wconf 81' lang='lat' dir='ltr'><strong>Inﬁrmatisunt,</strong></span> <span class='ocrx_word' id='word_1_40' title='bbox 1345 1182 1435 1218; x_wconf 83' lang='lat' dir='ltr'><strong>nec</strong></span> <span class='ocrx_word' id='word_1_41' title='bbox 1456 1164 1557 1232; x_wconf 77' lang='lat' dir='ltr'><strong>fuit</strong></span> <span class='ocrx_word' id='word_1_42' title='bbox 1603 1165 1692 1233; x_wconf 90' lang='lat' dir='ltr'><strong>qui</strong></span> <span class='ocrx_word' id='word_1_43' title='bbox 1745 1161 2040 1230; x_wconf 83' lang='lat' dir='ltr'><strong>adjuvaret.</strong></span> <span class='ocrx_word' id='word_1_44' title='bbox 2091 1157 2259 1212; x_wconf 86' lang='lat' dir='ltr'><strong>Nemo</strong></span> 
     </span>
    </p>
   </div>
   <div class='ocr_carea' id='block_1_9' title="bbox 697 1258 1713 1330">
    <p class='ocr_par' dir='ltr' id='par_1_9' title="bbox 697 1258 1713 1330">
     <span class='ocr_line' id='line_1_9' title="bbox 697 1258 1713 1330; baseline -0.006 -17"><span class='ocrx_word' id='word_1_45' title='bbox 697 1262 839 1314; x_wconf 88' lang='lat' dir='ltr'><strong>enim</strong></span> <span class='ocrx_word' id='word_1_46' title='bbox 861 1268 1068 1330; x_wconf 84' lang='lat' dir='ltr'><strong>poterat</strong></span> <span class='ocrx_word' id='word_1_47' title='bbox 1096 1268 1379 1328; x_wconf 89' lang='lat' dir='ltr'><strong>peccatum</strong></span> <span class='ocrx_word' id='word_1_48' title='bbox 1408 1258 1713 1311; x_wconf 83' lang='lat' dir='ltr'><strong>destruere.</strong></span> 
     </span>
    </p>
   </div>
   <div class='ocr_carea' id='block_1_10' title="bbox 768 1343 2255 1404">
    <p class='ocr_par' dir='ltr' id='par_1_10' title="bbox 768 1343 2255 1404">
     <span class='ocr_line' id='line_1_10' title="bbox 768 1343 2255 1404; baseline -0.007 -1"><span class='ocrx_word' id='word_1_49' title='bbox 768 1351 857 1404; x_wconf 94' lang='grc'><strong>15.</strong></span> <span class='ocrx_word' id='word_1_50' title='bbox 904 1349 969 1402; x_wconf 85' lang='lat' dir='ltr'><strong>Et</strong></span> <span class='ocrx_word' id='word_1_51' title='bbox 1021 1349 1085 1402; x_wconf 87' lang='lat' dir='ltr'><strong>de</strong></span> <span class='ocrx_word' id='word_1_52' title='bbox 1136 1347 1533 1402; x_wconf 75' lang='lat' dir='ltr'><strong>necessitatibus</strong></span> <span class='ocrx_word' id='word_1_53' title='bbox 1598 1362 1778 1399; x_wconf 86' lang='lat' dir='ltr'><strong>eorum</strong></span> <span class='ocrx_word' id='word_1_54' title='bbox 1841 1343 2086 1397; x_wconf 84' lang='lat' dir='ltr'><strong>liberavit</strong></span> <span class='ocrx_word' id='word_1_55' title='bbox 2149 1357 2255 1395; x_wconf 90' lang='lat' dir='ltr'><strong>eos.</strong></span> 
     </span>
    </p>
   </div>
   <div class='ocr_carea' id='block_1_11' title="bbox 697 1434 2260 1511">
    <p class='ocr_par' dir='ltr' id='par_1_11' title="bbox 697 1434 2260 1511">
     <span class='ocr_line' id='line_1_11' title="bbox 697 1434 2260 1511; baseline -0.004 -18"><span class='ocrx_word' id='word_1_56' title='bbox 697 1441 1024 1511; x_wconf 62' lang='lat' dir='ltr'><strong>Ecquaznam</strong></span> <span class='ocrx_word' id='word_1_57' title='bbox 1059 1440 1232 1507; x_wconf 86' lang='lat' dir='ltr'><strong>major</strong></span> <span class='ocrx_word' id='word_1_58' title='bbox 1255 1438 1570 1502; x_wconf 83' lang='lat' dir='ltr'><strong>necessitas,</strong></span> <span class='ocrx_word' id='word_1_59' title='bbox 1607 1452 1770 1505; x_wconf 83' lang='lat' dir='ltr'><strong>quam</strong></span> <span class='ocrx_word' id='word_1_60' title='bbox 1823 1444 1884 1488; x_wconf 89' lang='lat' dir='ltr'><strong>nt</strong></span> <span class='ocrx_word' id='word_1_61' title='bbox 1937 1435 2061 1503; x_wconf 89' lang='lat' dir='ltr'><strong>quis</strong></span> <span class='ocrx_word' id='word_1_62' title='bbox 2101 1434 2260 1487; x_wconf 84' lang='lat' dir='ltr'><strong>mali-</strong></span> 
     </span>
    </p>
   </div>
   <div class='ocr_carea' id='block_1_12' title="bbox 698 1527 2258 1603">
    <p class='ocr_par' dir='ltr' id='par_1_12' title="bbox 698 1527 2258 1603">
     <span class='ocr_line' id='line_1_12' title="bbox 698 1527 2258 1603; baseline -0.004 -16"><span class='ocrx_word' id='word_1_63' title='bbox 698 1548 928 1602; x_wconf 78' lang='lat' dir='ltr'><strong>gnorum</strong></span> <span class='ocrx_word' id='word_1_64' title='bbox 967 1532 1251 1601; x_wconf 84' lang='lat' dir='ltr'><strong>spirituum</strong></span> <span class='ocrx_word' id='word_1_65' title='bbox 1281 1546 1471 1586; x_wconf 91' lang='lat' dir='ltr'><strong>servus</strong></span> <span class='ocrx_word' id='word_1_66' title='bbox 1504 1530 1597 1593; x_wconf 88' lang='lat' dir='ltr'><strong>sit,</strong></span> <span class='ocrx_word' id='word_1_67' title='bbox 1626 1530 1679 1582; x_wconf 90' lang='lat' dir='ltr'><strong>in</strong></span> <span class='ocrx_word' id='word_1_68' title='bbox 1704 1527 2258 1603; x_wconf 73' lang='lat' dir='ltr'><strong>ignorantiamentis,</strong></span> 
     </span>
    </p>
   </div>
   <div class='ocr_carea' id='block_1_13' title="bbox 698 1607 2262 1691">
    <p class='ocr_par' dir='ltr' id='par_1_13' title="bbox 698 1607 2262 1691">
     <span class='ocr_line' id='line_1_13' title="bbox 698 1607 2262 1691; baseline -0.006 -12"><span class='ocrx_word' id='word_1_69' title='bbox 698 1626 868 1679; x_wconf 90' lang='lat' dir='ltr'><strong>animi</strong></span> <span class='ocrx_word' id='word_1_70' title='bbox 894 1623 1257 1687; x_wconf 89' lang='lat' dir='ltr'><strong>mendicitate,</strong></span> <span class='ocrx_word' id='word_1_71' title='bbox 1281 1632 1336 1678; x_wconf 84' lang='lat' dir='ltr'><strong>et</strong></span> <span class='ocrx_word' id='word_1_72' title='bbox 1361 1607 1681 1691; x_wconf 81' lang='lat' dir='ltr'><strong>paupertate</strong></span> <span class='ocrx_word' id='word_1_73' title='bbox 1729 1635 1825 1688; x_wconf 90' lang='lat' dir='ltr'><strong>per</strong></span> <span class='ocrx_word' id='word_1_74' title='bbox 1878 1619 2137 1672; x_wconf 89' lang='lat' dir='ltr'><strong>malitiam</strong></span> <span class='ocrx_word' id='word_1_75' title='bbox 2174 1620 2262 1671; x_wconf 88' lang='lat' dir='ltr'><strong>in-</strong></span> 
     </span>
    </p>
   </div>
   <div class='ocr_carea' id='block_1_14' title="bbox 699 1717 908 1771">
    <p class='ocr_par' dir='ltr' id='par_1_14' title="bbox 699 1717 908 1771">
     <span class='ocr_line' id='line_1_14' title="bbox 699 1717 908 1771; baseline -0.01 0"><span class='ocrx_word' id='word_1_76' title='bbox 699 1718 861 1771; x_wconf 87' lang='lat' dir='ltr'><strong>ducta</strong></span> <span class='ocrx_word' id='word_1_77' title='bbox 882 1717 908 1769; x_wconf 64' lang='grc' dir='ltr'><strong><em>Ἰ</em></strong></span> 
     </span>
    </p>
   </div>
   <div class='ocr_carea' id='block_1_15' title="bbox 769 1800 2246 1868">
    <p class='ocr_par' dir='ltr' id='par_1_15' title="bbox 769 1800 2246 1868">
     <span class='ocr_line' id='line_1_15' title="bbox 769 1800 2246 1868; baseline -0.007 -6"><span class='ocrx_word' id='word_1_78' title='bbox 769 1808 855 1862; x_wconf 74' lang='grc' dir='ltr'><strong>Ν.</strong></span> <span class='ocrx_word' id='word_1_79' title='bbox 886 1807 954 1860; x_wconf 84' lang='lat' dir='ltr'><strong>Et</strong></span> <span class='ocrx_word' id='word_1_80' title='bbox 992 1807 1201 1861; x_wconf 74' lang='lat' dir='ltr'><strong>vincula</strong></span> <span class='ocrx_word' id='word_1_81' title='bbox 1237 1822 1418 1859; x_wconf 84' lang='lat' dir='ltr'><strong>eorum</strong></span> <span class='ocrx_word' id='word_1_82' title='bbox 1474 1804 1718 1864; x_wconf 83' lang='lat' dir='ltr'><strong>disrupit.</strong></span> <span class='ocrx_word' id='word_1_83' title='bbox 1781 1800 1936 1867; x_wconf 77' lang='lat' dir='ltr'><strong>Illud,</strong></span> <span class='ocrx_word' id='word_1_84' title='bbox 1993 1800 2246 1868; x_wconf 81' lang='lat' dir='ltr'><strong>disrupit,</strong></span> 
     </span>
    </p>
   </div>
   <div class='ocr_carea' id='block_1_16' title="bbox 697 1892 1961 1966">
    <p class='ocr_par' dir='ltr' id='par_1_16' title="bbox 697 1892 1961 1966">
     <span class='ocr_line' id='line_1_16' title="bbox 697 1892 1961 1966; baseline -0.005 -15"><span class='ocrx_word' id='word_1_85' title='bbox 697 1899 1027 1966; x_wconf 85' lang='lat' dir='ltr'><strong>repentinam</strong></span> <span class='ocrx_word' id='word_1_86' title='bbox 1061 1897 1261 1965; x_wconf 84' lang='lat' dir='ltr'><strong>peccati</strong></span> <span class='ocrx_word' id='word_1_87' title='bbox 1284 1894 1706 1948; x_wconf 85' lang='lat' dir='ltr'><strong>destructionem</strong></span> <span class='ocrx_word' id='word_1_88' title='bbox 1741 1892 1961 1946; x_wconf 89' lang='lat' dir='ltr'><strong>indicat.</strong></span> 
     </span>
    </p>
   </div>
   <div class='ocr_carea' id='block_1_17' title="bbox 771 1982 2256 2057">
    <p class='ocr_par' dir='ltr' id='par_1_17' title="bbox 771 1982 2256 2057">
     <span class='ocr_line' id='line_1_17' title="bbox 771 1982 2256 2057; baseline -0.005 -13"><span class='ocrx_word' id='word_1_89' title='bbox 771 1990 953 2044; x_wconf 78' lang='grc'><strong>15-16.</strong></span> <span class='ocrx_word' id='word_1_90' title='bbox 1015 1987 1381 2057; x_wconf 77' lang='lat' dir='ltr'><strong>Conﬁteantur</strong></span> <span class='ocrx_word' id='word_1_91' title='bbox 1435 1986 1659 2040; x_wconf 86' lang='lat' dir='ltr'><strong>Domino</strong></span> <span class='ocrx_word' id='word_1_92' title='bbox 1709 1984 2084 2039; x_wconf 65' lang='lat' dir='ltr'><strong>misericordia</strong></span> <span class='ocrx_word' id='word_1_93' title='bbox 2123 1982 2256 2051; x_wconf 83' lang='lat' dir='ltr'><strong>ejus.</strong></span> 
     </span>
    </p>
   </div>
   <div class='ocr_carea' id='block_1_18' title="bbox 699 2074 2261 2151">
    <p class='ocr_par' dir='ltr' id='par_1_18' title="bbox 699 2074 2261 2151">
     <span class='ocr_line' id='line_1_18' title="bbox 699 2074 2261 2151; baseline -0.006 -15"><span class='ocrx_word' id='word_1_94' title='bbox 699 2081 896 2136; x_wconf 80' lang='lat' dir='ltr'><strong>Eadem</strong></span> <span class='ocrx_word' id='word_1_95' title='bbox 928 2081 1040 2151; x_wconf 90' lang='lat' dir='ltr'><strong>ipsa</strong></span> <span class='ocrx_word' id='word_1_96' title='bbox 1075 2081 1141 2135; x_wconf 90' lang='lat' dir='ltr'><strong>de</strong></span> <span class='ocrx_word' id='word_1_97' title='bbox 1171 2080 1443 2134; x_wconf 82' lang='lat' dir='ltr'><strong>beneﬁciis</strong></span> <span class='ocrx_word' id='word_1_98' title='bbox 1472 2079 1591 2146; x_wconf 82' lang='lat' dir='ltr'><strong>ejus</strong></span> <span class='ocrx_word' id='word_1_99' title='bbox 1620 2077 1828 2146; x_wconf 89' lang='lat' dir='ltr'><strong>repetit.</strong></span> <span class='ocrx_word' id='word_1_100' title='bbox 1852 2076 1990 2140; x_wconf 85' lang='lat' dir='ltr'><strong>Quia</strong></span> <span class='ocrx_word' id='word_1_101' title='bbox 2018 2074 2261 2129; x_wconf 83' lang='lat' dir='ltr'><strong>contrivit</strong></span> 
     </span>
    </p>
   </div>
   <div class='ocr_carea' id='block_1_19' title="bbox 696 2164 2259 2243">
    <p class='ocr_par' dir='ltr' id='par_1_19' title="bbox 696 2164 2259 2243">
     <span class='ocr_line' id='line_1_19' title="bbox 696 2164 2259 2243; baseline -0.006 -16"><span class='ocrx_word' id='word_1_102' title='bbox 696 2183 876 2243; x_wconf 83' lang='lat' dir='ltr'><strong>portas</strong></span> <span class='ocrx_word' id='word_1_103' title='bbox 906 2189 1088 2227; x_wconf 72' lang='lat' dir='ltr'><strong>terens.</strong></span> <span class='ocrx_word' id='word_1_104' title='bbox 1154 2171 1481 2225; x_wconf 88' lang='lat' dir='ltr'><strong>Descensum</strong></span> <span class='ocrx_word' id='word_1_105' title='bbox 1522 2167 1817 2221; x_wconf 78' lang='lat' dir='ltr'><strong>Salvatoris</strong></span> <span class='ocrx_word' id='word_1_106' title='bbox 1860 2167 1925 2221; x_wconf 88' lang='lat' dir='ltr'><strong>ad</strong></span> <span class='ocrx_word' id='word_1_107' title='bbox 1985 2164 2259 2220; x_wconf 79' lang='lat' dir='ltr'><strong>infernum</strong></span> 
     </span>
    </p>
   </div>
   <div class='ocr_carea' id='block_1_20' title="bbox 697 2253 2260 2329">
    <p class='ocr_par' dir='ltr' id='par_1_20' title="bbox 697 2253 2260 2329">
     <span class='ocr_line' id='line_1_20' title="bbox 697 2253 2260 2329; baseline -0.004 -14"><span class='ocrx_word' id='word_1_108' title='bbox 697 2259 1000 2329; x_wconf 79' lang='lat' dir='ltr'><strong>signiﬁcat,</strong></span> <span class='ocrx_word' id='word_1_109' title='bbox 1070 2273 1181 2327; x_wconf 91' lang='lat' dir='ltr'><strong>quo</strong></span> <span class='ocrx_word' id='word_1_110' title='bbox 1212 2273 1334 2312; x_wconf 91' lang='lat' dir='ltr'><strong>cum</strong></span> <span class='ocrx_word' id='word_1_111' title='bbox 1391 2256 1752 2326; x_wconf 86' lang='lat' dir='ltr'><strong>pervenisset,</strong></span> <span class='ocrx_word' id='word_1_112' title='bbox 1823 2264 2006 2324; x_wconf 89' lang='lat' dir='ltr'><strong>portas</strong></span> <span class='ocrx_word' id='word_1_113' title='bbox 2064 2253 2260 2308; x_wconf 74' lang='lat' dir='ltr'><strong>interni</strong></span> 
     </span>
    </p>
   </div>
   <div class='ocr_carea' id='block_1_21' title="bbox 698 2345 2261 2420">
    <p class='ocr_par' dir='ltr' id='par_1_21' title="bbox 698 2345 2261 2420">
     <span class='ocr_line' id='line_1_21' title="bbox 698 2345 2261 2420; baseline -0.005 -16"><span class='ocrx_word' id='word_1_114' title='bbox 698 2351 932 2420; x_wconf 78' lang='lat' dir='ltr'><strong>aperuit,</strong></span> <span class='ocrx_word' id='word_1_115' title='bbox 968 2349 1095 2401; x_wconf 89' lang='lat' dir='ltr'><strong>olim</strong></span> <span class='ocrx_word' id='word_1_116' title='bbox 1123 2349 1358 2402; x_wconf 83' lang='lat' dir='ltr'><strong>vinculis</strong></span> <span class='ocrx_word' id='word_1_117' title='bbox 1385 2347 1790 2405; x_wconf 86' lang='lat' dir='ltr'><strong>insolubilibus,</strong></span> <span class='ocrx_word' id='word_1_118' title='bbox 1827 2345 2081 2399; x_wconf 84' lang='lat' dir='ltr'><strong>omnibus</strong></span> <span class='ocrx_word' id='word_1_119' title='bbox 2113 2345 2261 2397; x_wconf 90' lang='lat' dir='ltr'><strong>clau-</strong></span> 
     </span>
    </p>
   </div>
   <div class='ocr_carea' id='block_1_22' title="bbox 701 2435 2263 2501">
    <p class='ocr_par' dir='ltr' id='par_1_22' title="bbox 701 2435 2263 2501">
     <span class='ocr_line' id='line_1_22' title="bbox 701 2435 2263 2501; baseline -0.005 -7"><span class='ocrx_word' id='word_1_120' title='bbox 701 2456 808 2494; x_wconf 88' lang='lat' dir='ltr'><strong>sas.</strong></span> <span class='ocrx_word' id='word_1_121' title='bbox 854 2438 968 2491; x_wconf 81' lang='lat' dir='ltr'><strong>Non</strong></span> <span class='ocrx_word' id='word_1_122' title='bbox 995 2438 1141 2492; x_wconf 89' lang='lat' dir='ltr'><strong>enim</strong></span> <span class='ocrx_word' id='word_1_123' title='bbox 1198 2438 1430 2492; x_wconf 84' lang='lat' dir='ltr'><strong>facultas</strong></span> <span class='ocrx_word' id='word_1_124' title='bbox 1468 2445 1586 2489; x_wconf 88' lang='lat' dir='ltr'><strong>erat</strong></span> <span class='ocrx_word' id='word_1_125' title='bbox 1617 2435 1926 2489; x_wconf 81' lang='lat' dir='ltr'><strong>volentibus</strong></span> <span class='ocrx_word' id='word_1_126' title='bbox 1990 2442 2263 2501; x_wconf 74' lang='lat' dir='ltr'><strong>retrogre-</strong></span> 
     </span>
    </p>
   </div>
   <div class='ocr_carea' id='block_1_23' title="bbox 699 2521 2257 2595">
    <p class='ocr_par' dir='ltr' id='par_1_23' title="bbox 699 2521 2257 2595">
     <span class='ocr_line' id='line_1_23' title="bbox 699 2521 2257 2595; baseline -0.005 -13"><span class='ocrx_word' id='word_1_127' title='bbox 699 2531 752 2582; x_wconf 67' lang='lat' dir='ltr'><strong>(li</strong></span> <span class='ocrx_word' id='word_1_128' title='bbox 784 2547 799 2591; x_wconf 85' lang='lat'><strong>;</strong></span> <span class='ocrx_word' id='word_1_129' title='bbox 826 2529 921 2583; x_wconf 79' lang='lat' dir='ltr'><strong>sed</strong></span> <span class='ocrx_word' id='word_1_130' title='bbox 960 2529 1075 2595; x_wconf 82' lang='lat' dir='ltr'><strong>ipse</strong></span> <span class='ocrx_word' id='word_1_131' title='bbox 1102 2527 1239 2580; x_wconf 80' lang='lat' dir='ltr'><strong>dixit</strong></span> <span class='ocrx_word' id='word_1_132' title='bbox 1259 2527 1324 2579; x_wconf 88' lang='lat' dir='ltr'><strong>iis</strong></span> <span class='ocrx_word' id='word_1_133' title='bbox 1352 2527 1439 2594; x_wconf 86' lang='lat' dir='ltr'><strong>qui</strong></span> <span class='ocrx_word' id='word_1_134' title='bbox 1473 2524 1630 2577; x_wconf 84' lang='lat' dir='ltr'><strong>vincti</strong></span> <span class='ocrx_word' id='word_1_135' title='bbox 1675 2532 1796 2576; x_wconf 88' lang='lat' dir='ltr'><strong>sunt</strong></span> <span class='ocrx_word' id='word_1_136' title='bbox 1817 2539 1835 2575; x_wconf 91' lang='lat'><em>:</em></span> <span class='ocrx_word' id='word_1_137' title='bbox 1880 2521 2054 2582; x_wconf 69' lang='lat' dir='ltr'><strong>Exite.</strong></span> <span class='ocrx_word' id='word_1_138' title='bbox 2107 2535 2155 2576; x_wconf 87' lang='lat' dir='ltr'><strong>et</strong></span> <span class='ocrx_word' id='word_1_139' title='bbox 2189 2523 2257 2575; x_wconf 86' lang='lat' dir='ltr'><strong>iis</strong></span> 
     </span>
    </p>
   </div>
   <div class='ocr_carea' id='block_1_24' title="bbox 700 2616 1582 2690">
    <p class='ocr_par' dir='ltr' id='par_1_24' title="bbox 700 2616 1582 2690">
     <span class='ocr_line' id='line_1_24' title="bbox 700 2616 1582 2690; baseline -0.006 -17"><span class='ocrx_word' id='word_1_140' title='bbox 700 2623 789 2690; x_wconf 91' lang='lat' dir='ltr'><strong>qui</strong></span> <span class='ocrx_word' id='word_1_141' title='bbox 822 2622 877 2672; x_wconf 85' lang='lat' dir='ltr'><strong>in</strong></span> <span class='ocrx_word' id='word_1_142' title='bbox 913 2619 1173 2672; x_wconf 85' lang='lat' dir='ltr'><strong>tenebris:</strong></span> <span class='ocrx_word' id='word_1_143' title='bbox 1198 2617 1515 2671; x_wconf 79' lang='lat' dir='ltr'><strong>Reuelamini</strong></span> <span class='ocrx_word' id='word_1_144' title='bbox 1543 2616 1582 2669; x_wconf 73' lang='grc' dir='ltr'>ί.</span> 
     </span>
    </p>
   </div>
   <div class='ocr_carea' id='block_1_25' title="bbox 775 2706 2259 2762">
    <p class='ocr_par' dir='ltr' id='par_1_25' title="bbox 775 2706 2259 2762">
     <span class='ocr_line' id='line_1_25' title="bbox 775 2706 2259 2762; baseline -0.005 -1"><span class='ocrx_word' id='word_1_145' title='bbox 775 2710 861 2762; x_wconf 78' lang='grc'><strong>18.</strong></span> <span class='ocrx_word' id='word_1_146' title='bbox 902 2708 1118 2762; x_wconf 84' lang='lat' dir='ltr'><strong>Omnem</strong></span> <span class='ocrx_word' id='word_1_147' title='bbox 1148 2724 1320 2761; x_wconf 88' lang='lat' dir='ltr'><strong>escam</strong></span> <span class='ocrx_word' id='word_1_148' title='bbox 1353 2706 1658 2759; x_wconf 80' lang='lat' dir='ltr'><strong>abominata</strong></span> <span class='ocrx_word' id='word_1_149' title='bbox 1685 2713 1762 2758; x_wconf 86' lang='lat' dir='ltr'><strong>est</strong></span> <span class='ocrx_word' id='word_1_150' title='bbox 1816 2707 1995 2758; x_wconf 90' lang='lat' dir='ltr'><strong>anima</strong></span> <span class='ocrx_word' id='word_1_151' title='bbox 2058 2720 2259 2758; x_wconf 86' lang='lat' dir='ltr'><strong>eorum.</strong></span> 
     </span>
    </p>
   </div>
   <div class='ocr_carea' id='block_1_26' title="bbox 702 2795 2260 2866">
    <p class='ocr_par' dir='ltr' id='par_1_26' title="bbox 702 2795 2260 2866">
     <span class='ocr_line' id='line_1_26' title="bbox 702 2795 2260 2866; baseline -0.003 -12"><span class='ocrx_word' id='word_1_152' title='bbox 702 2800 819 2855; x_wconf 84' lang='lat' dir='ltr'><strong>Non</strong></span> <span class='ocrx_word' id='word_1_153' title='bbox 843 2801 984 2855; x_wconf 90' lang='lat' dir='ltr'><strong>cnim</strong></span> <span class='ocrx_word' id='word_1_154' title='bbox 1008 2801 1196 2854; x_wconf 88' lang='lat' dir='ltr'><strong>aderat</strong></span> <span class='ocrx_word' id='word_1_155' title='bbox 1222 2799 1448 2853; x_wconf 83' lang='lat' dir='ltr'><strong>verbum</strong></span> <span class='ocrx_word' id='word_1_156' title='bbox 1481 2796 1630 2866; x_wconf 86' lang='lat' dir='ltr'><strong>quod</strong></span> <span class='ocrx_word' id='word_1_157' title='bbox 1665 2805 1847 2865; x_wconf 86' lang='lat' dir='ltr'><strong>posset</strong></span> <span class='ocrx_word' id='word_1_158' title='bbox 1880 2812 1973 2850; x_wconf 89' lang='lat' dir='ltr'><strong>eos</strong></span> <span class='ocrx_word' id='word_1_159' title='bbox 2001 2795 2260 2850; x_wconf 88' lang='lat' dir='ltr'><strong>enutrire.</strong></span> 
     </span>
    </p>
   </div>
   <div class='ocr_carea' id='block_1_27' title="bbox 702 2885 2262 2957">
    <p class='ocr_par' dir='ltr' id='par_1_27' title="bbox 702 2885 2262 2957">
     <span class='ocr_line' id='line_1_27' title="bbox 702 2885 2262 2957; baseline -0.005 -11"><span class='ocrx_word' id='word_1_160' title='bbox 702 2889 878 2946; x_wconf 62' lang='lat' dir='ltr'><strong>Porta:</strong></span> <span class='ocrx_word' id='word_1_161' title='bbox 910 2900 1088 2945; x_wconf 86' lang='lat' dir='ltr'><strong>autem</strong></span> <span class='ocrx_word' id='word_1_162' title='bbox 1119 2891 1313 2944; x_wconf 81' lang='lat' dir='ltr'><strong>mortis</strong></span> <span class='ocrx_word' id='word_1_163' title='bbox 1349 2897 1474 2942; x_wconf 87' lang='lat' dir='ltr'><strong>sunt</strong></span> <span class='ocrx_word' id='word_1_164' title='bbox 1500 2897 1720 2957; x_wconf 89' lang='lat' dir='ltr'><strong>peccata</strong></span> <span class='ocrx_word' id='word_1_165' title='bbox 1767 2901 1888 2956; x_wconf 77' lang='lat' dir='ltr'><strong>qua:</strong></span> <span class='ocrx_word' id='word_1_166' title='bbox 1916 2885 1982 2939; x_wconf 87' lang='lat' dir='ltr'><strong>ad</strong></span> <span class='ocrx_word' id='word_1_167' title='bbox 2035 2893 2262 2939; x_wconf 85' lang='lat' dir='ltr'><strong>mortem</strong></span> 
     </span>
    </p>
   </div>
   <div class='ocr_carea' id='block_1_28' title="bbox 703 2987 932 3038">
    <p class='ocr_par' dir='ltr' id='par_1_28' title="bbox 703 2987 932 3038">
     <span class='ocr_line' id='line_1_28' title="bbox 703 2987 932 3038; baseline -0.004 0"><span class='ocrx_word' id='word_1_168' title='bbox 703 2987 932 3038; x_wconf 84' lang='lat' dir='ltr'><strong>ducunt.</strong></span> 
     </span>
    </p>
   </div>
   <div class='ocr_carea' id='block_1_29' title="bbox 774 3071 2264 3143">
    <p class='ocr_par' dir='ltr' id='par_1_29' title="bbox 774 3071 2264 3143">
     <span class='ocr_line' id='line_1_29' title="bbox 774 3071 2264 3143; baseline -0.001 -16"><span class='ocrx_word' id='word_1_169' title='bbox 774 3075 861 3127; x_wconf 70' lang='lat'><strong>22.</strong></span> <span class='ocrx_word' id='word_1_170' title='bbox 889 3073 954 3126; x_wconf 84' lang='lat' dir='ltr'><strong>Et</strong></span> <span class='ocrx_word' id='word_1_171' title='bbox 979 3073 1273 3143; x_wconf 85' lang='lat' dir='ltr'><strong>sacriﬁcent</strong></span> <span class='ocrx_word' id='word_1_172' title='bbox 1302 3074 1350 3126; x_wconf 85' lang='lat' dir='ltr'><strong>ei</strong></span> <span class='ocrx_word' id='word_1_173' title='bbox 1363 3073 1684 3141; x_wconf 81' lang='lat' dir='ltr'><strong>sacriﬁcium</strong></span> <span class='ocrx_word' id='word_1_174' title='bbox 1715 3073 1910 3126; x_wconf 80' lang='lat' dir='ltr'><strong>laudis.</strong></span> <span class='ocrx_word' id='word_1_175' title='bbox 1935 3071 2014 3126; x_wconf 80' lang='lat' dir='ltr'><strong>Ad</strong></span> <span class='ocrx_word' id='word_1_176' title='bbox 2045 3081 2264 3127; x_wconf 82' lang='lat' dir='ltr'><strong>sanctos</strong></span> 
     </span>
    </p>
   </div>
   <div class='ocr_carea' id='block_1_30' title="bbox 1567 402 3120 469">
    <p class='ocr_par' dir='ltr' id='par_1_30' title="bbox 1567 402 3120 469">
     <span class='ocr_line' id='line_1_30' title="bbox 1567 402 3120 469; baseline -0.007 -1"><span class='ocrx_word' id='word_1_177' title='bbox 1567 415 1620 469; x_wconf 78' lang='grc' dir='ltr'><strong>δ.</strong></span> <span class='ocrx_word' id='word_1_178' title='bbox 1663 411 2034 466; x_wconf 75' lang='lat' dir='ltr'><strong>ATIIANASII</strong></span> <span class='ocrx_word' id='word_1_179' title='bbox 2070 409 2218 464; x_wconf 83' lang='lat' dir='ltr'><strong>OPP.</strong></span> <span class='ocrx_word' id='word_1_180' title='bbox 2260 406 2437 461; x_wconf 75' lang='lat' dir='ltr'><strong>PARS</strong></span> <span class='ocrx_word' id='word_1_181' title='bbox 2477 405 2562 461; x_wconf 87' lang='lat' dir='ltr'><strong>Ill.</strong></span> <span class='ocrx_word' id='word_1_182' title='bbox 2607 437 2675 446; x_wconf 90' lang='lat'><strong>—</strong></span> <span class='ocrx_word' id='word_1_183' title='bbox 2713 402 3120 459; x_wconf 77' lang='lat' dir='ltr'><strong>EXEGETICA.</strong></span> 
     </span>
    </p>
   </div>
   <div class='ocr_carea' id='block_1_31' title="bbox 766 525 2329 601">
    <p class='ocr_par' dir='ltr' id='par_1_31' title="bbox 766 525 2329 601">
     <span class='ocr_line' id='line_1_31' title="bbox 766 525 2329 601; baseline -0.01 -10"><span class='ocrx_word' id='word_1_184' title='bbox 766 539 850 592; x_wconf 87' lang='grc'><strong>11.</strong></span> <span class='ocrx_word' id='word_1_185' title='bbox 895 536 1032 601; x_wconf 83' lang='lat' dir='ltr'><strong>Quia</strong></span> <span class='ocrx_word' id='word_1_186' title='bbox 1079 540 1511 588; x_wconf 74' lang='lat' dir='ltr'><strong>exacerbaverunt</strong></span> <span class='ocrx_word' id='word_1_187' title='bbox 1573 531 1780 599; x_wconf 87' lang='lat' dir='ltr'><strong>eloquia</strong></span> <span class='ocrx_word' id='word_1_188' title='bbox 1840 527 1958 581; x_wconf 88' lang='lat' dir='ltr'><strong>Dei.</strong></span> <span class='ocrx_word' id='word_1_189' title='bbox 2005 525 2251 579; x_wconf 82' lang='lat' dir='ltr'><strong>Divinam</strong></span> <span class='ocrx_word' id='word_1_190' title='bbox 2281 530 2329 586; x_wconf 78' lang='grc' dir='ltr'>Α</span> 
     </span>
    </p>
   </div>
   <div class='ocr_carea' id='block_1_32' title="bbox 3820 394 3934 452">
    <p class='ocr_par' dir='ltr' id='par_1_32' title="bbox 3820 394 3934 452">
     <span class='ocr_line' id='line_1_32' title="bbox 3820 394 3934 452; baseline 0.026 -3"><span class='ocrx_word' id='word_1_191' title='bbox 3820 394 3934 452; x_wconf 64' lang='lat'><strong>452</strong></span> 
     </span>
    </p>
   </div>
   <div class='ocr_carea' id='block_1_33' title="bbox 2428 509 3939 587">
    <p class='ocr_par' dir='ltr' id='par_1_33' title="bbox 2428 509 3939 587">
     <span class='ocr_line' id='line_1_33' title="bbox 2428 509 3939 587; baseline -0.007 -13"><span class='ocrx_word' id='word_1_192' title='bbox 2428 524 2555 574; x_wconf 85' lang='grc' dir='ltr'><strong>’Ότι</strong></span> <span class='ocrx_word' id='word_1_193' title='bbox 2584 521 3026 587; x_wconf 78' lang='grc' dir='ltr'><strong>παρεπίκραναν</strong></span> <span class='ocrx_word' id='word_1_194' title='bbox 3068 517 3140 569; x_wconf 83' lang='grc' dir='ltr'><em>τὰ</em></span> <span class='ocrx_word' id='word_1_195' title='bbox 3184 517 3358 584; x_wconf 72' lang='grc' dir='ltr'>λόγια</span> <span class='ocrx_word' id='word_1_196' title='bbox 3398 515 3713 566; x_wconf 69' lang='grc' dir='ltr'><strong>τοῠΘεου.</strong></span> <span class='ocrx_word' id='word_1_197' title='bbox 3757 509 3939 564; x_wconf 79' lang='grc' dir='ltr'>Οὐδα-</span> 
     </span>
    </p>
   </div>
   <div class='ocr_carea' id='block_1_34' title="bbox 2362 605 3937 684">
    <p class='ocr_par' dir='ltr' id='par_1_34' title="bbox 2362 605 3937 684">
     <span class='ocr_line' id='line_1_34' title="bbox 2362 605 3937 684; baseline -0.008 -18"><span class='ocrx_word' id='word_1_198' title='bbox 2362 614 2474 684; x_wconf 75' lang='grc' dir='ltr'><strong>μῶς</strong></span> <span class='ocrx_word' id='word_1_199' title='bbox 2501 613 2589 665; x_wconf 82' lang='grc' dir='ltr'><strong>τὸν</strong></span> <span class='ocrx_word' id='word_1_200' title='bbox 2615 612 2753 664; x_wconf 83' lang='grc' dir='ltr'>Θεῖον</span> <span class='ocrx_word' id='word_1_201' title='bbox 2782 610 3207 680; x_wconf 82' lang='grc' dir='ltr'>παραδεχόμενοι</span> <span class='ocrx_word' id='word_1_202' title='bbox 3238 607 3417 676; x_wconf 88' lang='grc' dir='ltr'>νόμον,</span> <span class='ocrx_word' id='word_1_203' title='bbox 3448 605 3582 658; x_wconf 85' lang='grc' dir='ltr'>ἀλλὰ</span> <span class='ocrx_word' id='word_1_204' title='bbox 3603 607 3716 666; x_wconf 86' lang='grc' dir='ltr'>τοῖς</span> <span class='ocrx_word' id='word_1_205' title='bbox 3741 606 3937 671; x_wconf 53' lang='grc' dir='ltr'>σοφοῖς</span> 
     </span>
    </p>
   </div>
   <div class='ocr_carea' id='block_1_35' title="bbox 2358 693 3938 770">
    <p class='ocr_par' dir='ltr' id='par_1_35' title="bbox 2358 693 3938 770">
     <span class='ocr_line' id='line_1_35' title="bbox 2358 693 3938 770; baseline -0.009 -12"><span class='ocrx_word' id='word_1_206' title='bbox 2358 705 2448 758; x_wconf 81' lang='grc' dir='ltr'>τοῦ</span> <span class='ocrx_word' id='word_1_207' title='bbox 2501 705 2691 765; x_wconf 81' lang='grc' dir='ltr'>αἰῶνος</span> <span class='ocrx_word' id='word_1_208' title='bbox 2742 702 2929 754; x_wconf 80' lang='grc' dir='ltr'>τούτου</span> <span class='ocrx_word' id='word_1_209' title='bbox 2979 701 3339 770; x_wconf 79' lang='grc' dir='ltr'>προνέμοντες</span> <span class='ocrx_word' id='word_1_210' title='bbox 3382 695 3625 757; x_wconf 78' lang='grc' dir='ltr'>ἑαυτούς.</span> <span class='ocrx_word' id='word_1_211' title='bbox 3662 694 3773 748; x_wconf 82' lang='grc' dir='ltr'><strong>Καὶ</strong></span> <span class='ocrx_word' id='word_1_212' title='bbox 3815 693 3938 758; x_wconf 81' lang='grc' dir='ltr'><em>τὴν</em></span> 
     </span>
    </p>
   </div>
   <div class='ocr_carea' id='block_1_36' title="bbox 2908 779 3937 854">
    <p class='ocr_par' dir='ltr' id='par_1_36' title="bbox 2908 779 3937 854">
     <span class='ocr_line' id='line_1_36' title="bbox 2908 779 3937 854; baseline -0.009 -12"><span class='ocrx_word' id='word_1_213' title='bbox 2908 804 3056 842; x_wconf 83' lang='grc' dir='ltr'><em>στου</em></span> <span class='ocrx_word' id='word_1_214' title='bbox 3095 786 3471 854; x_wconf 78' lang='grc' dir='ltr'><strong>παρώξυναν.</strong></span> <span class='ocrx_word' id='word_1_215' title='bbox 3502 784 3612 838; x_wconf 71' lang='grc' dir='ltr'><strong>Καὶ</strong></span> <span class='ocrx_word' id='word_1_216' title='bbox 3645 783 3774 835; x_wconf 81' lang='grc' dir='ltr'>ποία</span> <span class='ocrx_word' id='word_1_217' title='bbox 3802 779 3874 852; x_wconf 80' lang='grc' dir='ltr'><strong>ἦν</strong></span> <span class='ocrx_word' id='word_1_218' title='bbox 3900 784 3937 852; x_wconf 79' lang='grc' dir='ltr'><strong>ἡ</strong></span> 
     </span>
    </p>
   </div>
   <div class='ocr_carea' id='block_1_37' title="bbox 2361 874 3938 958">
    <p class='ocr_par' dir='ltr' id='par_1_37' title="bbox 2361 874 3938 958">
     <span class='ocr_line' id='line_1_37' title="bbox 2361 874 3938 958; baseline -0.01 -19"><span class='ocrx_word' id='word_1_219' title='bbox 2361 888 2519 958; x_wconf 81' lang='grc' dir='ltr'>βουλὴ</span> <span class='ocrx_word' id='word_1_220' title='bbox 2551 885 2644 937; x_wconf 74' lang='grc' dir='ltr'>τοῦ</span> <span class='ocrx_word' id='word_1_221' title='bbox 2691 883 2962 951; x_wconf 68' lang='grc' dir='ltr'>Ὑψίστου,</span> <span class='ocrx_word' id='word_1_222' title='bbox 2988 881 3020 951; x_wconf 81' lang='grc' dir='ltr'>ἢ</span> <span class='ocrx_word' id='word_1_223' title='bbox 3047 880 3107 932; x_wconf 83' lang='grc' dir='ltr'>τὸ</span> <span class='ocrx_word' id='word_1_224' title='bbox 3141 879 3312 931; x_wconf 78' lang='grc' dir='ltr'><strong>θέλειν</strong></span> <span class='ocrx_word' id='word_1_225' title='bbox 3348 877 3507 930; x_wconf 79' lang='grc' dir='ltr'>αὐτὸν</span> <span class='ocrx_word' id='word_1_226' title='bbox 3545 874 3776 940; x_wconf 79' lang='grc' dir='ltr'><em>πάντας</em></span> <span class='ocrx_word' id='word_1_227' title='bbox 3823 876 3938 927; x_wconf 66' lang='grc' dir='ltr'><strong>ἀνα</strong></span> 
     </span>
    </p>
   </div>
   <div class='ocr_carea' id='block_1_38' title="bbox 2359 966 3940 1044">
    <p class='ocr_par' dir='ltr' id='par_1_38' title="bbox 2359 966 3940 1044">
     <span class='ocr_line' id='line_1_38' title="bbox 2359 966 3940 1044; baseline -0.008 -16"><span class='ocrx_word' id='word_1_228' title='bbox 2359 973 2626 1044; x_wconf 49' lang='lat' dir='ltr'><strong>omnem</strong></span> <span class='ocrx_word' id='word_1_229' title='bbox 2669 972 2970 1033; x_wconf 79' lang='grc' dir='ltr'>σώζεσθαι,</span> <span class='ocrx_word' id='word_1_230' title='bbox 3012 969 3110 1022; x_wconf 78' lang='grc' dir='ltr'><strong>καὶ</strong></span> <span class='ocrx_word' id='word_1_231' title='bbox 3155 971 3242 1034; x_wconf 85' lang='grc' dir='ltr'><strong>εὶς</strong></span> <span class='ocrx_word' id='word_1_232' title='bbox 3284 967 3608 1035; x_wconf 70' lang='grc' dir='ltr'><em>ἐπίγνωσιν</em></span> <span class='ocrx_word' id='word_1_233' title='bbox 3643 966 3940 1031; x_wconf 73' lang='grc' dir='ltr'><strong>ἀληθείας</strong></span> 
     </span>
    </p>
   </div>
   <div class='ocr_carea' id='block_1_39' title="bbox 2358 1066 2588 1128">
    <p class='ocr_par' dir='ltr' id='par_1_39' title="bbox 2358 1066 2588 1128">
     <span class='ocr_line' id='line_1_39' title="bbox 2358 1066 2588 1128; baseline -0.009 -8"><span class='ocrx_word' id='word_1_234' title='bbox 2358 1066 2554 1121; x_wconf 60' lang='grc' dir='ltr'><em>ἐλθεῖν</em></span> <span class='ocrx_word' id='word_1_235' title='bbox 2571 1082 2588 1128; x_wconf 90' lang='grc'><em>;</em></span> 
     </span>
    </p>
   </div>
   <div class='ocr_carea' id='block_1_40' title="bbox 2444 1143 3942 1221">
    <p class='ocr_par' dir='ltr' id='par_1_40' title="bbox 2444 1143 3942 1221">
     <span class='ocr_line' id='line_1_40' title="bbox 2444 1143 3942 1221; baseline -0.009 -12"><span class='ocrx_word' id='word_1_236' title='bbox 2444 1155 2826 1221; x_wconf 74' lang='grc' dir='ltr'><em>Ἠσθὲνησαν,</em></span> <span class='ocrx_word' id='word_1_237' title='bbox 2858 1151 2955 1205; x_wconf 80' lang='grc' dir='ltr'><strong>καί</strong></span> <span class='ocrx_word' id='word_1_238' title='bbox 2985 1153 3094 1204; x_wconf 84' lang='grc' dir='ltr'><strong>οὐκ</strong></span> <span class='ocrx_word' id='word_1_239' title='bbox 3122 1146 3200 1219; x_wconf 82' lang='grc' dir='ltr'><em>ἦν</em></span> <span class='ocrx_word' id='word_1_240' title='bbox 3222 1152 3253 1202; x_wconf 86' lang='grc' dir='ltr'><em>ὀ</em></span> <span class='ocrx_word' id='word_1_241' title='bbox 3274 1147 3532 1214; x_wconf 79' lang='grc' dir='ltr'><strong>βοηθῶν.</strong></span> <span class='ocrx_word' id='word_1_242' title='bbox 3552 1147 3626 1198; x_wconf 75' lang='grc' dir='ltr'><strong>Οὐ</strong></span> <span class='ocrx_word' id='word_1_243' title='bbox 3648 1145 3758 1217; x_wconf 83' lang='grc' dir='ltr'>γὰρ</span> <span class='ocrx_word' id='word_1_244' title='bbox 3782 1143 3942 1214; x_wconf 79' lang='grc' dir='ltr'>ίσχυὲ</span> 
     </span>
    </p>
   </div>
   <div class='ocr_carea' id='block_1_41' title="bbox 2358 1240 3680 1317">
    <p class='ocr_par' dir='ltr' id='par_1_41' title="bbox 2358 1240 3680 1317">
     <span class='ocr_line' id='line_1_41' title="bbox 2358 1240 3680 1317; baseline -0.008 -17"><span class='ocrx_word' id='word_1_245' title='bbox 2358 1266 2441 1311; x_wconf 87' lang='grc' dir='ltr'><strong>τις</strong></span> <span class='ocrx_word' id='word_1_246' title='bbox 2469 1249 2565 1316; x_wconf 82' lang='grc' dir='ltr'>τῆς</span> <span class='ocrx_word' id='word_1_247' title='bbox 2593 1248 2861 1317; x_wconf 78' lang='grc' dir='ltr'>ἁμαρτίας</span> <span class='ocrx_word' id='word_1_248' title='bbox 2893 1243 3221 1315; x_wconf 76' lang='grc' dir='ltr'>ποιήσασθαι</span> <span class='ocrx_word' id='word_1_249' title='bbox 3255 1241 3354 1310; x_wconf 84' lang='grc' dir='ltr'>τὴν</span> <span class='ocrx_word' id='word_1_250' title='bbox 3379 1240 3680 1309; x_wconf 82' lang='grc' dir='ltr'>ἀναίρεσιν.</span> 
     </span>
    </p>
   </div>
   <div class='ocr_carea' id='block_1_42' title="bbox 2430 1329 3941 1406">
    <p class='ocr_par' dir='ltr' id='par_1_42' title="bbox 2430 1329 3941 1406">
     <span class='ocr_line' id='line_1_42' title="bbox 2430 1329 3941 1406; baseline -0.009 -13"><span class='ocrx_word' id='word_1_251' title='bbox 2430 1341 2535 1393; x_wconf 96' lang='lat' dir='ltr'><strong>Kal</strong></span> <span class='ocrx_word' id='word_1_252' title='bbox 2586 1339 2652 1391; x_wconf 86' lang='grc' dir='ltr'><strong>ἐκ</strong></span> <span class='ocrx_word' id='word_1_253' title='bbox 2694 1338 2810 1391; x_wconf 85' lang='grc' dir='ltr'><em>τῶν</em></span> <span class='ocrx_word' id='word_1_254' title='bbox 2842 1335 3116 1406; x_wconf 72' lang='grc' dir='ltr'><strong>ἀναγκῶν</strong></span> <span class='ocrx_word' id='word_1_255' title='bbox 3157 1334 3353 1387; x_wconf 79' lang='grc' dir='ltr'><em>αὐτῶν</em></span> <span class='ocrx_word' id='word_1_256' title='bbox 3398 1331 3632 1384; x_wconf 82' lang='grc' dir='ltr'><em>ἔσωσεν</em></span> <span class='ocrx_word' id='word_1_257' title='bbox 3683 1329 3941 1394; x_wconf 78' lang='grc' dir='ltr'>αὐτούς.</span> 
     </span>
    </p>
   </div>
   <div class='ocr_carea' id='block_1_43' title="bbox 2360 1422 3944 1500">
    <p class='ocr_par' dir='ltr' id='par_1_43' title="bbox 2360 1422 3944 1500">
     <span class='ocr_line' id='line_1_43' title="bbox 2360 1422 3944 1500; baseline -0.009 -15"><span class='ocrx_word' id='word_1_258' title='bbox 2360 1432 2455 1494; x_wconf 81' lang='grc' dir='ltr'>Τίς</span> <span class='ocrx_word' id='word_1_259' title='bbox 2501 1431 2607 1500; x_wconf 74' lang='grc' dir='ltr'><strong>γὰρ</strong></span> <span class='ocrx_word' id='word_1_260' title='bbox 2658 1431 2854 1500; x_wconf 74' lang='grc' dir='ltr'>μείζων</span> <span class='ocrx_word' id='word_1_261' title='bbox 2902 1431 3112 1498; x_wconf 79' lang='grc' dir='ltr'><strong>ἀνάγκη</strong></span> <span class='ocrx_word' id='word_1_262' title='bbox 3147 1426 3240 1480; x_wconf 77' lang='grc' dir='ltr'>τοῦ</span> <span class='ocrx_word' id='word_1_263' title='bbox 3282 1423 3630 1478; x_wconf 81' lang='grc' dir='ltr'>δεδουλῶσθαι</span> <span class='ocrx_word' id='word_1_264' title='bbox 3660 1422 3944 1491; x_wconf 75' lang='grc' dir='ltr'><strong>πνεύμασι</strong></span> 
     </span>
    </p>
   </div>
   <div class='ocr_carea' id='block_1_44' title="bbox 2361 1513 3944 1594">
    <p class='ocr_par' dir='ltr' id='par_1_44' title="bbox 2361 1513 3944 1594">
     <span class='ocr_line' id='line_1_44' title="bbox 2361 1513 3944 1594; baseline -0.02 -3"><span class='ocrx_word' id='word_1_265' title='bbox 2361 1526 2613 1593; x_wconf 81' lang='grc' dir='ltr'>πονηροῖς</span> <span class='ocrx_word' id='word_1_266' title='bbox 2650 1524 2706 1576; x_wconf 76' lang='grc' dir='ltr'><strong>ἐν</strong></span> <span class='ocrx_word' id='word_1_267' title='bbox 2741 1522 2931 1594; x_wconf 68' lang='grc' dir='ltr'>ἀγνοίᾳ</span> <span class='ocrx_word' id='word_1_268' title='bbox 2965 1521 3120 1585; x_wconf 77' lang='grc' dir='ltr'>Θεοῦ,</span> <span class='ocrx_word' id='word_1_269' title='bbox 3172 1521 3264 1573; x_wconf 74' lang='grc' dir='ltr'>καὶ</span> <span class='ocrx_word' id='word_1_270' title='bbox 3318 1518 3560 1589; x_wconf 76' lang='grc' dir='ltr'>πτωχείᾳ</span> <span class='ocrx_word' id='word_1_271' title='bbox 3610 1516 3815 1586; x_wconf 70' lang='grc' dir='ltr'>ψυχῆς,</span> <span class='ocrx_word' id='word_1_272' title='bbox 3845 1513 3944 1567; x_wconf 76' lang='grc' dir='ltr'>καὶ</span> 
     </span>
    </p>
   </div>
   <div class='ocr_carea' id='block_1_45' title="bbox 2361 1613 2778 1685">
    <p class='ocr_par' dir='ltr' id='par_1_45' title="bbox 2361 1613 2778 1685">
     <span class='ocr_line' id='line_1_45' title="bbox 2361 1613 2778 1685; baseline 0.002 -20"><span class='ocrx_word' id='word_1_273' title='bbox 2361 1613 2521 1685; x_wconf 76' lang='grc' dir='ltr'>πενίᾳ</span> <span class='ocrx_word' id='word_1_274' title='bbox 2553 1614 2748 1675; x_wconf 83' lang='grc' dir='ltr'>κακίας</span> <span class='ocrx_word' id='word_1_275' title='bbox 2765 1630 2778 1677; x_wconf 90' lang='lat'><strong>;</strong></span> 
     </span>
    </p>
   </div>
   <div class='ocr_carea' id='block_1_46' title="bbox 2895 792 2906 808">
    <p class='ocr_par' dir='ltr' id='par_1_46' title="bbox 2895 792 2906 808">
     <span class='ocr_line' id='line_1_46' title="bbox 2895 792 2906 808; baseline 0 0"><span class='ocrx_word' id='word_1_276' title='bbox 2895 792 2906 808; x_wconf 69' lang='grc' dir='ltr'><strong><em>Ι</em></strong></span> 
     </span>
    </p>
   </div>
   <div class='ocr_carea' id='block_1_47' title="bbox 2433 1800 3940 1876">
    <p class='ocr_par' dir='ltr' id='par_1_47' title="bbox 2433 1800 3940 1876">
     <span class='ocr_line' id='line_1_47' title="bbox 2433 1800 3940 1876; baseline -0.007 -14"><span class='ocrx_word' id='word_1_277' title='bbox 2433 1807 2536 1862; x_wconf 83' lang='lat' dir='ltr'><strong>Kal</strong></span> <span class='ocrx_word' id='word_1_278' title='bbox 2556 1807 2697 1873; x_wconf 85' lang='grc' dir='ltr'>τοὺς</span> <span class='ocrx_word' id='word_1_279' title='bbox 2714 1807 2973 1876; x_wconf 83' lang='grc' dir='ltr'>δεσμοὺς</span> <span class='ocrx_word' id='word_1_280' title='bbox 2991 1805 3188 1860; x_wconf 81' lang='grc' dir='ltr'><em>αὐτῶν</em></span> <span class='ocrx_word' id='word_1_281' title='bbox 3203 1802 3491 1872; x_wconf 73' lang='grc' dir='ltr'>διέρρηξε.</span> <span class='ocrx_word' id='word_1_282' title='bbox 3511 1803 3604 1865; x_wconf 78' lang='grc' dir='ltr'><strong>Τὸ,</strong></span> <span class='ocrx_word' id='word_1_283' title='bbox 3632 1800 3940 1869; x_wconf 60' lang='grc' dir='ltr'>διέρρηξε,</span> 
     </span>
    </p>
   </div>
   <div class='ocr_carea' id='block_1_48' title="bbox 2357 1892 3908 1970">
    <p class='ocr_par' dir='ltr' id='par_1_48' title="bbox 2357 1892 3908 1970">
     <span class='ocr_line' id='line_1_48' title="bbox 2357 1892 3908 1970; baseline -0.005 -19"><span class='ocrx_word' id='word_1_284' title='bbox 2357 1900 2454 1970; x_wconf 80' lang='grc' dir='ltr'><strong>τὴν</strong></span> <span class='ocrx_word' id='word_1_285' title='bbox 2487 1892 2683 1969; x_wconf 81' lang='grc' dir='ltr'>ἀθρόαν</span> <span class='ocrx_word' id='word_1_286' title='bbox 2706 1898 2804 1967; x_wconf 80' lang='grc' dir='ltr'>τῆς</span> <span class='ocrx_word' id='word_1_287' title='bbox 2829 1896 3101 1968; x_wconf 79' lang='grc' dir='ltr'>ἁμαρτίας</span> <span class='ocrx_word' id='word_1_288' title='bbox 3119 1894 3436 1966; x_wconf 76' lang='grc' dir='ltr'><strong>καθαίρεσιν</strong></span> <span class='ocrx_word' id='word_1_289' title='bbox 3467 1893 3908 1946; x_wconf 79' lang='grc' dir='ltr'>καταδείκνυσιν.</span> 
     </span>
    </p>
   </div>
   <div class='ocr_carea' id='block_1_49' title="bbox 2441 1982 3938 2057">
    <p class='ocr_par' dir='ltr' id='par_1_49' title="bbox 2441 1982 3938 2057">
     <span class='ocr_line' id='line_1_49' title="bbox 2441 1982 3938 2057; baseline -0.003 -17"><span class='ocrx_word' id='word_1_290' title='bbox 2441 1988 3124 2057; x_wconf 71' lang='grc' dir='ltr'><em>Ἐξομολογησάσθωσαν</em></span> <span class='ocrx_word' id='word_1_291' title='bbox 3139 1985 3218 2051; x_wconf 87' lang='grc' dir='ltr'><strong>τῷ</strong></span> <span class='ocrx_word' id='word_1_292' title='bbox 3236 1987 3427 2054; x_wconf 63' lang='grc' dir='ltr'>Κυρίῳ</span> <span class='ocrx_word' id='word_1_293' title='bbox 3455 1984 3526 2036; x_wconf 87' lang='grc' dir='ltr'><em>τὰ</em></span> <span class='ocrx_word' id='word_1_294' title='bbox 3554 1982 3695 2048; x_wconf 73' lang='grc' dir='ltr'><strong>ἐλέη</strong></span> <span class='ocrx_word' id='word_1_295' title='bbox 3725 1983 3938 2036; x_wconf 80' lang='grc' dir='ltr'><strong>αὑτοῦ.</strong></span> 
     </span>
    </p>
   </div>
   <div class='ocr_carea' id='block_1_50' title="bbox 2360 2057 3939 2148">
    <p class='ocr_par' dir='ltr' id='par_1_50' title="bbox 2360 2071 3939 2148">
     <span class='ocr_line' id='line_1_50' title="bbox 2360 2071 3939 2148; baseline -0.006 -14"><span class='ocrx_word' id='word_1_296' title='bbox 2360 2081 2439 2134; x_wconf 84' lang='grc' dir='ltr'><strong>Τὰ</strong></span> <span class='ocrx_word' id='word_1_297' title='bbox 2473 2080 2611 2135; x_wconf 74' lang='grc' dir='ltr'>αὖτά</span> <span class='ocrx_word' id='word_1_298' title='bbox 2637 2080 2885 2148; x_wconf 84' lang='grc' dir='ltr'>δεύτερον</span> <span class='ocrx_word' id='word_1_299' title='bbox 2921 2075 3071 2132; x_wconf 78' lang='grc' dir='ltr'>εἶπεν</span> <span class='ocrx_word' id='word_1_300' title='bbox 3113 2077 3355 2138; x_wconf 75' lang='grc' dir='ltr'><strong>ὲπ“ι’ταίς</strong></span> <span class='ocrx_word' id='word_1_301' title='bbox 3377 2073 3720 2143; x_wconf 77' lang='grc' dir='ltr'><strong>εὐεργεσίαις</strong></span> <span class='ocrx_word' id='word_1_302' title='bbox 3748 2071 3939 2125; x_wconf 80' lang='grc' dir='ltr'>αὑτοῦ.</span> 
     </span>
    </p>
   </div>
   <div class='ocr_carea' id='block_1_51' title="bbox 2363 2158 3942 2243">
    <p class='ocr_par' dir='ltr' id='par_1_51' title="bbox 2363 2158 3942 2243">
     <span class='ocr_line' id='line_1_51' title="bbox 2363 2158 3942 2243; baseline -0.008 -19"><span class='ocrx_word' id='word_1_303' title='bbox 2363 2173 2479 2224; x_wconf 89' lang='grc' dir='ltr'><strong>Ὅτι</strong></span> <span class='ocrx_word' id='word_1_304' title='bbox 2498 2170 2821 2238; x_wconf 73' lang='grc' dir='ltr'>συνέτριψε</span> <span class='ocrx_word' id='word_1_305' title='bbox 2846 2169 3041 2232; x_wconf 77' lang='grc' dir='ltr'>πύλας</span> <span class='ocrx_word' id='word_1_306' title='bbox 3070 2164 3320 2243; x_wconf 74' lang='grc' dir='ltr'><strong>χαλκᾶς.</strong></span> <span class='ocrx_word' id='word_1_307' title='bbox 3345 2163 3453 2233; x_wconf 82' lang='grc' dir='ltr'><strong>Τὴν</strong></span> <span class='ocrx_word' id='word_1_308' title='bbox 3478 2163 3667 2233; x_wconf 78' lang='grc' dir='ltr'><strong>μέχρις</strong></span> <span class='ocrx_word' id='word_1_309' title='bbox 3693 2161 3822 2231; x_wconf 73' lang='grc' dir='ltr'>ᾅδου</span> <span class='ocrx_word' id='word_1_310' title='bbox 3844 2158 3942 2212; x_wconf 78' lang='grc' dir='ltr'>τοῦ</span> 
     </span>
    </p>
   </div>
   <div class='ocr_carea' id='block_1_52' title="bbox 2361 2253 3944 2334">
    <p class='ocr_par' dir='ltr' id='par_1_52' title="bbox 2361 2253 3944 2334">
     <span class='ocr_line' id='line_1_52' title="bbox 2361 2253 3944 2334; baseline -0.02 -12"><span class='ocrx_word' id='word_1_311' title='bbox 2361 2264 2609 2334; x_wconf 82' lang='grc' dir='ltr'><strong>Σωτῆρος</strong></span> <span class='ocrx_word' id='word_1_312' title='bbox 2657 2261 2878 2315; x_wconf 84' lang='grc' dir='ltr'>κάθοδον</span> <span class='ocrx_word' id='word_1_313' title='bbox 2922 2260 3193 2328; x_wconf 81' lang='grc' dir='ltr'><strong>σημαίνει,</strong></span> <span class='ocrx_word' id='word_1_314' title='bbox 3229 2258 3293 2326; x_wconf 78' lang='grc' dir='ltr'><strong>ἦν</strong></span> <span class='ocrx_word' id='word_1_315' title='bbox 3321 2254 3707 2325; x_wconf 65' lang='grc' dir='ltr'><strong>ποιησάμενος,</strong></span> <span class='ocrx_word' id='word_1_316' title='bbox 3741 2253 3944 2305; x_wconf 75' lang='grc' dir='ltr'><strong>ἀνεπέ..</strong></span> 
     </span>
    </p>
   </div>
   <div class='ocr_carea' id='block_1_53' title="bbox 2359 2346 3944 2424">
    <p class='ocr_par' dir='ltr' id='par_1_53' title="bbox 2359 2346 3944 2424">
     <span class='ocr_line' id='line_1_53' title="bbox 2359 2346 3944 2424; baseline -0.008 -17"><span class='ocrx_word' id='word_1_317' title='bbox 2359 2371 2490 2408; x_wconf 64' lang='lat' dir='ltr'><strong>uasa</strong></span> <span class='ocrx_word' id='word_1_318' title='bbox 2534 2353 2626 2406; x_wconf 79' lang='grc' dir='ltr'>τοῦ</span> <span class='ocrx_word' id='word_1_319' title='bbox 2670 2353 2795 2424; x_wconf 67' lang='grc' dir='ltr'>ᾅδου</span> <span class='ocrx_word' id='word_1_320' title='bbox 2828 2351 2924 2414; x_wconf 74' lang='grc' dir='ltr'><strong>τὰς</strong></span> <span class='ocrx_word' id='word_1_321' title='bbox 2973 2350 3164 2413; x_wconf 77' lang='grc' dir='ltr'>πύλας,</span> <span class='ocrx_word' id='word_1_322' title='bbox 3192 2348 3356 2401; x_wconf 66' lang='grc' dir='ltr'>πάλαι</span> <span class='ocrx_word' id='word_1_323' title='bbox 3394 2346 3610 2416; x_wconf 78' lang='grc' dir='ltr'><strong>δεσμοῖς</strong></span> <span class='ocrx_word' id='word_1_324' title='bbox 3641 2346 3944 2416; x_wconf 70' lang='grc' dir='ltr'>ἀρρήκτοις</span> 
     </span>
    </p>
   </div>
   <div class='ocr_carea' id='block_1_54' title="bbox 2362 2434 3946 2516">
    <p class='ocr_par' dir='ltr' id='par_1_54' title="bbox 2362 2434 3946 2516">
     <span class='ocr_line' id='line_1_54' title="bbox 2362 2434 3946 2516; baseline -0.008 -18"><span class='ocrx_word' id='word_1_325' title='bbox 2362 2444 2747 2516; x_wconf 81' lang='grc' dir='ltr'><strong>κεκλεισμένας</strong></span> <span class='ocrx_word' id='word_1_326' title='bbox 2789 2445 2970 2496; x_wconf 82' lang='grc' dir='ltr'>πᾶσιν.</span> <span class='ocrx_word' id='word_1_327' title='bbox 3008 2443 3082 2495; x_wconf 87' lang='grc' dir='ltr'><strong>Οὐ</strong></span> <span class='ocrx_word' id='word_1_328' title='bbox 3119 2441 3228 2511; x_wconf 86' lang='grc' dir='ltr'><strong>γὰρ</strong></span> <span class='ocrx_word' id='word_1_329' title='bbox 3251 2437 3318 2510; x_wconf 81' lang='grc' dir='ltr'><strong>ἦν</strong></span> <span class='ocrx_word' id='word_1_330' title='bbox 3346 2437 3785 2509; x_wconf 78' lang='grc' dir='ltr'>παλινδρομῆσαι</span> <span class='ocrx_word' id='word_1_331' title='bbox 3820 2434 3946 2503; x_wconf 71' lang='grc' dir='ltr'>βου-</span> 
     </span>
    </p>
   </div>
   <div class='ocr_carea' id='block_1_55' title="bbox 2361 2521 3947 2606">
    <p class='ocr_par' dir='ltr' id='par_1_55' title="bbox 2361 2521 3947 2606">
     <span class='ocr_line' id='line_1_55' title="bbox 2361 2521 3947 2606; baseline -0.007 -19"><span class='ocrx_word' id='word_1_332' title='bbox 2361 2534 2604 2606; x_wconf 84' lang='grc' dir='ltr'>λομένοις</span> <span class='ocrx_word' id='word_1_333' title='bbox 2621 2552 2634 2564; x_wconf 76' lang='grc' dir='ltr'><strong>ο</strong></span> <span class='ocrx_word' id='word_1_334' title='bbox 2665 2533 2777 2587; x_wconf 79' lang='grc' dir='ltr'>ἀλλ’</span> <span class='ocrx_word' id='word_1_335' title='bbox 2803 2532 2962 2595; x_wconf 75' lang='grc' dir='ltr'>αὐτὸς</span> <span class='ocrx_word' id='word_1_336' title='bbox 2993 2531 3180 2602; x_wconf 76' lang='grc' dir='ltr'>εἴρηκε</span> <span class='ocrx_word' id='word_1_337' title='bbox 3204 2529 3412 2594; x_wconf 84' lang='grc' dir='ltr'><strong>τοὶςέν</strong></span> <span class='ocrx_word' id='word_1_338' title='bbox 3429 2526 3674 2595; x_wconf 79' lang='grc' dir='ltr'><strong>δεσμοῖς</strong></span> <span class='ocrx_word' id='word_1_339' title='bbox 3698 2542 3711 2554; x_wconf 86' lang='grc'>·</span> <span class='ocrx_word' id='word_1_340' title='bbox 3744 2521 3947 2586; x_wconf 69' lang='grc' dir='ltr'><strong>Ἐξέλ-</strong></span> 
     </span>
    </p>
   </div>
   <div class='ocr_carea' id='block_1_56' title="bbox 2361 2617 3805 2690">
    <p class='ocr_par' dir='ltr' id='par_1_56' title="bbox 2361 2617 3805 2690">
     <span class='ocr_line' id='line_1_56' title="bbox 2361 2617 3805 2690; baseline -0.008 -11"><span class='ocrx_word' id='word_1_341' title='bbox 2361 2628 2518 2690; x_wconf 83' lang='grc' dir='ltr'>θατε,</span> <span class='ocrx_word' id='word_1_342' title='bbox 2551 2624 2648 2678; x_wconf 82' lang='grc' dir='ltr'><strong>καί</strong></span> <span class='ocrx_word' id='word_1_343' title='bbox 2683 2623 2806 2689; x_wconf 83' lang='grc' dir='ltr'>τοῖς</span> <span class='ocrx_word' id='word_1_344' title='bbox 2839 2623 2906 2676; x_wconf 81' lang='grc' dir='ltr'><em>ἐν</em></span> <span class='ocrx_word' id='word_1_345' title='bbox 2935 2621 3012 2685; x_wconf 86' lang='grc' dir='ltr'><strong>τῷ</strong></span> <span class='ocrx_word' id='word_1_346' title='bbox 3037 2621 3268 2673; x_wconf 79' lang='grc' dir='ltr'><strong>σκότει·</strong></span> <span class='ocrx_word' id='word_1_347' title='bbox 3311 2617 3805 2682; x_wconf 62' lang='grc' dir='ltr'><em>Ἀνακαλύφθητε.</em></span> 
     </span>
    </p>
   </div>
   <div class='ocr_carea' id='block_1_57' title="bbox 2434 2704 3941 2780">
    <p class='ocr_par' dir='ltr' id='par_1_57' title="bbox 2434 2704 3941 2780">
     <span class='ocr_line' id='line_1_57' title="bbox 2434 2704 3941 2780; baseline -0.009 -12"><span class='ocrx_word' id='word_1_348' title='bbox 2434 2713 2563 2768; x_wconf 86' lang='grc' dir='ltr'><em>Πᾶν</em></span> <span class='ocrx_word' id='word_1_349' title='bbox 2604 2712 2815 2780; x_wconf 78' lang='grc' dir='ltr'>,βρῶμα</span> <span class='ocrx_word' id='word_1_350' title='bbox 2868 2710 3227 2774; x_wconf 79' lang='grc' dir='ltr'>ἐϐδελύξατο</span> <span class='ocrx_word' id='word_1_351' title='bbox 3283 2709 3322 2775; x_wconf 80' lang='grc' dir='ltr'><em>ὴ</em></span> <span class='ocrx_word' id='word_1_352' title='bbox 3373 2706 3542 2775; x_wconf 71' lang='grc' dir='ltr'><strong>ψυχὴ</strong></span> <span class='ocrx_word' id='word_1_353' title='bbox 3588 2705 3807 2757; x_wconf 83' lang='grc' dir='ltr'><strong>αὐτῶν.</strong></span> <span class='ocrx_word' id='word_1_354' title='bbox 3863 2704 3941 2756; x_wconf 77' lang='grc' dir='ltr'><strong>Οὐ</strong></span> 
     </span>
    </p>
   </div>
   <div class='ocr_carea' id='block_1_58' title="bbox 2366 2793 3943 2875">
    <p class='ocr_par' dir='ltr' id='par_1_58' title="bbox 2366 2793 3943 2875">
     <span class='ocr_line' id='line_1_58' title="bbox 2366 2793 3943 2875; baseline -0.008 -19"><span class='ocrx_word' id='word_1_355' title='bbox 2366 2803 2473 2875; x_wconf 80' lang='grc' dir='ltr'><strong>γὰρ</strong></span> <span class='ocrx_word' id='word_1_356' title='bbox 2513 2799 2580 2873; x_wconf 78' lang='grc' dir='ltr'><strong>ἦν</strong></span> <span class='ocrx_word' id='word_1_357' title='bbox 2613 2805 2641 2854; x_wconf 85' lang='grc' dir='ltr'>ὁ</span> <span class='ocrx_word' id='word_1_358' title='bbox 2665 2802 2975 2873; x_wconf 72' lang='grc' dir='ltr'>διατρέφειν</span> <span class='ocrx_word' id='word_1_359' title='bbox 2999 2801 3193 2863; x_wconf 80' lang='grc' dir='ltr'>αὐτοὺς</span> <span class='ocrx_word' id='word_1_360' title='bbox 3236 2798 3529 2869; x_wconf 82' lang='grc' dir='ltr'>δυνάμενος</span> <span class='ocrx_word' id='word_1_361' title='bbox 3558 2796 3735 2863; x_wconf 72' lang='grc' dir='ltr'>λόγος.</span> <span class='ocrx_word' id='word_1_362' title='bbox 3764 2793 3943 2847; x_wconf 80' lang='grc' dir='ltr'>Πύλαι</span> 
     </span>
    </p>
   </div>
   <div class='ocr_carea' id='block_1_59' title="bbox 2363 2887 3792 2966">
    <p class='ocr_par' dir='ltr' id='par_1_59' title="bbox 2363 2887 3792 2966">
     <span class='ocr_line' id='line_1_59' title="bbox 2363 2887 3792 2966; baseline -0.006 -17"><span class='ocrx_word' id='word_1_363' title='bbox 2363 2895 2418 2949; x_wconf 82' lang='grc' dir='ltr'>δὲ</span> <span class='ocrx_word' id='word_1_364' title='bbox 2446 2895 2674 2949; x_wconf 80' lang='grc' dir='ltr'><strong>Θανάτου</strong></span> <span class='ocrx_word' id='word_1_365' title='bbox 2703 2897 2757 2948; x_wconf 84' lang='lat' dir='ltr'><strong>ai.</strong></span> <span class='ocrx_word' id='word_1_366' title='bbox 2787 2894 3046 2966; x_wconf 78' lang='grc' dir='ltr'>φέρουσαι</span> <span class='ocrx_word' id='word_1_367' title='bbox 3082 2893 3218 2965; x_wconf 80' lang='grc' dir='ltr'>πρὸς</span> <span class='ocrx_word' id='word_1_368' title='bbox 3248 2891 3476 2945; x_wconf 84' lang='grc' dir='ltr'>θάνατον</span> <span class='ocrx_word' id='word_1_369' title='bbox 3506 2887 3792 2960; x_wconf 80' lang='grc' dir='ltr'><strong>ἁμαρτίαι.</strong></span> 
     </span>
    </p>
   </div>
   <div class='ocr_carea' id='block_1_60' title="bbox 2433 3067 3946 3137">
    <p class='ocr_par' dir='ltr' id='par_1_60' title="bbox 2433 3067 3946 3137">
     <span class='ocr_line' id='line_1_60' title="bbox 2433 3067 3946 3137; baseline -0.007 -8"><span class='ocrx_word' id='word_1_370' title='bbox 2433 3076 2539 3130; x_wconf 86' lang='lat' dir='ltr'><strong>Kal</strong></span> <span class='ocrx_word' id='word_1_371' title='bbox 2592 3073 2952 3129; x_wconf 85' lang='grc' dir='ltr'><em>θυσάτωσαν</em></span> <span class='ocrx_word' id='word_1_372' title='bbox 3007 3072 3168 3137; x_wconf 72' lang='grc' dir='ltr'><strong>αὐτῷ</strong></span> <span class='ocrx_word' id='word_1_373' title='bbox 3217 3071 3437 3127; x_wconf 78' lang='grc' dir='ltr'><strong>θυσίαν</strong></span> <span class='ocrx_word' id='word_1_374' title='bbox 3461 3101 3471 3118; x_wconf 77' lang='grc' dir='ltr'><strong>ι</strong></span> <span class='ocrx_word' id='word_1_375' title='bbox 3493 3067 3946 3134; x_wconf 46' lang='grc' dir='ltr'><strong>αὶιπέσεωςκεπὶ</strong></span> 
     </span>
    </p>
   </div>
   <div class='ocr_carea' id='block_1_61' title="bbox 704 3160 2298 3250">
    <p class='ocr_par' dir='ltr' id='par_1_61' title="bbox 704 3164 2298 3241">
     <span class='ocr_line' id='line_1_61' title="bbox 704 3164 2298 3241; baseline -0.003 -23"><span class='ocrx_word' id='word_1_376' title='bbox 704 3165 977 3234; x_wconf 82' lang='lat' dir='ltr'><strong>apostolos</strong></span> <span class='ocrx_word' id='word_1_377' title='bbox 1009 3179 1313 3220; x_wconf 89' lang='lat' dir='ltr'><strong>sermonem</strong></span> <span class='ocrx_word' id='word_1_378' title='bbox 1347 3165 1654 3228; x_wconf 80' lang='lat' dir='ltr'><strong>convertit;</strong></span> <span class='ocrx_word' id='word_1_379' title='bbox 1697 3164 1797 3232; x_wconf 90' lang='lat' dir='ltr'><strong>ipsi</strong></span> <span class='ocrx_word' id='word_1_380' title='bbox 1851 3178 2086 3231; x_wconf 85' lang='lat' dir='ltr'><strong>namque</strong></span> <span class='ocrx_word' id='word_1_381' title='bbox 2138 3169 2267 3216; x_wconf 84' lang='lat' dir='ltr'><strong>sunt</strong></span> <span class='ocrx_word' id='word_1_382' title='bbox 2291 3204 2298 3241; x_wconf 46' lang='grc'><em>⁴</em></span> 
     </span>
    </p>
   </div>
   <div class='ocr_carea' id='block_1_62' title="bbox 2365 3160 3945 3250">
    <p class='ocr_par' dir='ltr' id='par_1_62' title="bbox 2366 3160 3945 3233">
     <span class='ocr_line' id='line_1_62' title="bbox 2366 3160 3945 3233; baseline -0.004 -16"><span class='ocrx_word' id='word_1_383' title='bbox 2366 3166 2489 3227; x_wconf 78' lang='grc' dir='ltr'>τοὺς</span> <span class='ocrx_word' id='word_1_384' title='bbox 2530 3164 2713 3232; x_wconf 83' lang='grc' dir='ltr'>ἁγίους</span> <span class='ocrx_word' id='word_1_385' title='bbox 2756 3163 3083 3226; x_wconf 82' lang='grc' dir='ltr'>ἀποστόλους</span> <span class='ocrx_word' id='word_1_386' title='bbox 3125 3163 3416 3233; x_wconf 70' lang='grc' dir='ltr'><strong>μεταφέρει</strong></span> <span class='ocrx_word' id='word_1_387' title='bbox 3446 3162 3538 3214; x_wconf 81' lang='grc' dir='ltr'><strong>τὸν</strong></span> <span class='ocrx_word' id='word_1_388' title='bbox 3567 3161 3722 3228; x_wconf 80' lang='grc' dir='ltr'>λόγον</span> <span class='ocrx_word' id='word_1_389' title='bbox 3743 3178 3756 3190; x_wconf 79' lang='lat'><strong>&#39;</strong></span> <span class='ocrx_word' id='word_1_390' title='bbox 3787 3160 3945 3213; x_wconf 77' lang='grc' dir='ltr'>αὐτοὶ</span> 
     </span>
    </p>
   </div>
   <div class='ocr_carea' id='block_1_63' title="bbox 704 3253 2264 3326">
    <p class='ocr_par' dir='ltr' id='par_1_63' title="bbox 704 3253 2264 3326">
     <span class='ocr_line' id='line_1_63' title="bbox 704 3253 2264 3326; baseline -0.003 -16"><span class='ocrx_word' id='word_1_391' title='bbox 704 3257 798 3326; x_wconf 87' lang='lat' dir='ltr'><strong>qui</strong></span> <span class='ocrx_word' id='word_1_392' title='bbox 832 3257 1087 3326; x_wconf 79' lang='lat' dir='ltr'><strong>mysteria</strong></span> <span class='ocrx_word' id='word_1_393' title='bbox 1142 3255 1276 3311; x_wconf 83' lang='lat' dir='ltr'><strong>Novi</strong></span> <span class='ocrx_word' id='word_1_394' title='bbox 1307 3255 1641 3310; x_wconf 86' lang='lat' dir='ltr'><strong>Testamenti</strong></span> <span class='ocrx_word' id='word_1_395' title='bbox 1697 3255 1852 3309; x_wconf 91' lang='lat' dir='ltr'><strong>nobis</strong></span> <span class='ocrx_word' id='word_1_396' title='bbox 1905 3253 2264 3308; x_wconf 84' lang='lat' dir='ltr'><strong>tradiderunt.</strong></span> 
     </span>
    </p>
   </div>
   <div class='ocr_carea' id='block_1_64' title="bbox 774 3424 2270 3496">
    <p class='ocr_par' dir='ltr' id='par_1_64' title="bbox 774 3424 2270 3496">
     <span class='ocr_line' id='line_1_64' title="bbox 774 3424 2270 3496; baseline -0.004 -12"><span class='ocrx_word' id='word_1_397' title='bbox 774 3430 862 3484; x_wconf 88' lang='grc'><strong>55.</strong></span> <span class='ocrx_word' id='word_1_398' title='bbox 897 3428 1080 3482; x_wconf 84' lang='lat' dir='ltr'><strong>Posuit</strong></span> <span class='ocrx_word' id='word_1_399' title='bbox 1102 3427 1324 3496; x_wconf 79' lang='lat' dir='ltr'><strong>[lumina</strong></span> <span class='ocrx_word' id='word_1_400' title='bbox 1358 3427 1410 3479; x_wconf 90' lang='lat' dir='ltr'><strong>in</strong></span> <span class='ocrx_word' id='word_1_401' title='bbox 1435 3429 1718 3480; x_wconf 85' lang='lat' dir='ltr'><strong>desertum.</strong></span> <span class='ocrx_word' id='word_1_402' title='bbox 1773 3424 2082 3480; x_wconf 65' lang='lat' dir='ltr'><strong>ludaorum</strong></span> <span class='ocrx_word' id='word_1_403' title='bbox 2118 3425 2270 3479; x_wconf 73' lang='lat' dir='ltr'><strong>volu-</strong></span> 
     </span>
    </p>
   </div>
   <div class='ocr_carea' id='block_1_65' title="bbox 703 3514 2266 3587">
    <p class='ocr_par' dir='ltr' id='par_1_65' title="bbox 703 3514 2266 3587">
     <span class='ocr_line' id='line_1_65' title="bbox 703 3514 2266 3587; baseline -0.003 -12"><span class='ocrx_word' id='word_1_404' title='bbox 703 3519 813 3575; x_wconf 77' lang='lat' dir='ltr'><strong>bile</strong></span> <span class='ocrx_word' id='word_1_405' title='bbox 842 3535 905 3573; x_wconf 86' lang='lat' dir='ltr'><strong>ac</strong></span> <span class='ocrx_word' id='word_1_406' title='bbox 937 3519 1241 3586; x_wconf 87' lang='lat' dir='ltr'><strong>improbum</strong></span> <span class='ocrx_word' id='word_1_407' title='bbox 1273 3534 1440 3587; x_wconf 73' lang='lat' dir='ltr'><strong>genus</strong></span> <span class='ocrx_word' id='word_1_408' title='bbox 1468 3517 1619 3571; x_wconf 88' lang='lat' dir='ltr'><strong>dicit.</strong></span> <span class='ocrx_word' id='word_1_409' title='bbox 1661 3514 1794 3570; x_wconf 86' lang='lat' dir='ltr'><strong>Nam</strong></span> <span class='ocrx_word' id='word_1_410' title='bbox 1856 3532 1951 3571; x_wconf 88' lang='lat' dir='ltr'><strong>eos</strong></span> <span class='ocrx_word' id='word_1_411' title='bbox 1996 3517 2087 3587; x_wconf 92' lang='lat' dir='ltr'><strong>qui</strong></span> <span class='ocrx_word' id='word_1_412' title='bbox 2141 3518 2266 3572; x_wconf 91' lang='lat' dir='ltr'><strong>olim</strong></span> 
     </span>
    </p>
   </div>
   <div class='ocr_carea' id='block_1_66' title="bbox 708 3607 2265 3676">
    <p class='ocr_par' dir='ltr' id='par_1_66' title="bbox 708 3607 2265 3676">
     <span class='ocr_line' id='line_1_66' title="bbox 708 3607 2265 3676; baseline -0.001 -15"><span class='ocrx_word' id='word_1_413' title='bbox 708 3607 851 3662; x_wconf 77' lang='lat' dir='ltr'><strong>fame</strong></span> <span class='ocrx_word' id='word_1_414' title='bbox 881 3608 1249 3672; x_wconf 86' lang='lat' dir='ltr'><strong>tabescebant,</strong></span> <span class='ocrx_word' id='word_1_415' title='bbox 1282 3616 1337 3662; x_wconf 90' lang='lat' dir='ltr'><strong>et</strong></span> <span class='ocrx_word' id='word_1_416' title='bbox 1373 3607 1639 3676; x_wconf 87' lang='lat' dir='ltr'><strong>spirituali</strong></span> <span class='ocrx_word' id='word_1_417' title='bbox 1676 3607 1800 3662; x_wconf 85' lang='lat' dir='ltr'><strong>cibo</strong></span> <span class='ocrx_word' id='word_1_418' title='bbox 1835 3616 2054 3676; x_wconf 80' lang='lat' dir='ltr'><strong>egentes</strong></span> <span class='ocrx_word' id='word_1_419' title='bbox 2083 3616 2265 3674; x_wconf 84' lang='lat' dir='ltr'><strong>erant,</strong></span> 
     </span>
    </p>
   </div>
   <div class='ocr_carea' id='block_1_67' title="bbox 705 3700 1609 3770">
    <p class='ocr_par' dir='ltr' id='par_1_67' title="bbox 705 3700 1609 3770">
     <span class='ocr_line' id='line_1_67' title="bbox 705 3700 1609 3770; baseline -0.003 -16"><span class='ocrx_word' id='word_1_420' title='bbox 705 3707 928 3770; x_wconf 70' lang='lat' dir='ltr'><strong>promer</strong></span> <span class='ocrx_word' id='word_1_421' title='bbox 956 3717 1018 3756; x_wconf 88' lang='lat' dir='ltr'><strong>ea</strong></span> <span class='ocrx_word' id='word_1_422' title='bbox 1046 3700 1269 3754; x_wconf 82' lang='lat' dir='ltr'><strong>ﬂumina</strong></span> <span class='ocrx_word' id='word_1_423' title='bbox 1299 3701 1609 3755; x_wconf 76' lang='lat' dir='ltr'><strong>collocavit.</strong></span> 
     </span>
    </p>
   </div>
   <div class='ocr_carea' id='block_1_68' title="bbox 779 3789 2267 3861">
    <p class='ocr_par' dir='ltr' id='par_1_68' title="bbox 779 3789 2267 3861">
     <span class='ocr_line' id='line_1_68' title="bbox 779 3789 2267 3861; baseline -0.001 -16"><span class='ocrx_word' id='word_1_424' title='bbox 779 3793 869 3848; x_wconf 78' lang='grc'><strong>54.</strong></span> <span class='ocrx_word' id='word_1_425' title='bbox 908 3792 1121 3846; x_wconf 82' lang='lat' dir='ltr'><strong>Terram</strong></span> <span class='ocrx_word' id='word_1_426' title='bbox 1145 3791 1475 3861; x_wconf 73' lang='lat' dir='ltr'><strong>fructiferam</strong></span> <span class='ocrx_word' id='word_1_427' title='bbox 1504 3793 1559 3843; x_wconf 85' lang='lat' dir='ltr'><strong>in</strong></span> <span class='ocrx_word' id='word_1_428' title='bbox 1585 3791 1923 3860; x_wconf 77' lang='lat' dir='ltr'><strong>salsuginem.</strong></span> <span class='ocrx_word' id='word_1_429' title='bbox 1961 3789 2267 3846; x_wconf 72' lang='lat' dir='ltr'><strong>Iudaeorum</strong></span> 
     </span>
    </p>
   </div>
   <div class='ocr_carea' id='block_1_69' title="bbox 708 3878 2274 3951">
    <p class='ocr_par' dir='ltr' id='par_1_69' title="bbox 708 3878 2274 3951">
     <span class='ocr_line' id='line_1_69' title="bbox 708 3878 2274 3951; baseline -0.003 -16"><span class='ocrx_word' id='word_1_430' title='bbox 708 3895 1036 3951; x_wconf 78' lang='lat' dir='ltr'><strong>synagogam</strong></span> <span class='ocrx_word' id='word_1_431' title='bbox 1068 3880 1262 3948; x_wconf 88' lang='lat' dir='ltr'><strong>inquit.</strong></span> <span class='ocrx_word' id='word_1_432' title='bbox 1303 3878 1472 3933; x_wconf 79' lang='lat' dir='ltr'><strong>Erant</strong></span> <span class='ocrx_word' id='word_1_433' title='bbox 1512 3879 1782 3935; x_wconf 68' lang='lat' dir='ltr'><strong>daemones</strong></span> <span class='ocrx_word' id='word_1_434' title='bbox 1811 3879 2141 3934; x_wconf 83' lang='lat' dir='ltr'><strong>habitatores</strong></span> <span class='ocrx_word' id='word_1_435' title='bbox 2174 3888 2274 3932; x_wconf 79' lang='lat' dir='ltr'><strong>ter-</strong></span> 
     </span>
    </p>
   </div>
   <div class='ocr_carea' id='block_1_70' title="bbox 707 3967 2270 4039">
    <p class='ocr_par' dir='ltr' id='par_1_70' title="bbox 707 3967 2270 4039">
     <span class='ocr_line' id='line_1_70' title="bbox 707 3967 2270 4039; baseline 0 -16"><span class='ocrx_word' id='word_1_436' title='bbox 707 3985 856 4023; x_wconf 72' lang='lat' dir='ltr'><strong>rena:</strong></span> <span class='ocrx_word' id='word_1_437' title='bbox 879 3969 1135 4032; x_wconf 85' lang='lat' dir='ltr'><strong>civitatis,</strong></span> <span class='ocrx_word' id='word_1_438' title='bbox 1169 3984 1328 4037; x_wconf 88' lang='lat' dir='ltr'><strong>quem</strong></span> <span class='ocrx_word' id='word_1_439' title='bbox 1356 3967 1593 4022; x_wconf 81' lang='lat' dir='ltr'><strong>fructum</strong></span> <span class='ocrx_word' id='word_1_440' title='bbox 1624 3969 1871 4039; x_wconf 86' lang='lat' dir='ltr'><strong>impietas</strong></span> <span class='ocrx_word' id='word_1_441' title='bbox 1904 3968 2270 4025; x_wconf 81' lang='lat' dir='ltr'><strong>ferebat.Eam</strong></span> 
     </span>
    </p>
   </div>
   <div class='ocr_carea' id='block_1_71' title="bbox 707 4058 2273 4128">
    <p class='ocr_par' dir='ltr' id='par_1_71' title="bbox 707 4058 2273 4128">
     <span class='ocr_line' id='line_1_71' title="bbox 707 4058 2273 4128; baseline 0.001 -16"><span class='ocrx_word' id='word_1_442' title='bbox 707 4069 887 4113; x_wconf 90' lang='lat' dir='ltr'><strong>autem</strong></span> <span class='ocrx_word' id='word_1_443' title='bbox 932 4059 1277 4113; x_wconf 81' lang='lat' dir='ltr'><strong>exsiccarunt</strong></span> <span class='ocrx_word' id='word_1_444' title='bbox 1320 4058 1419 4128; x_wconf 90' lang='lat' dir='ltr'><strong>ipsi</strong></span> <span class='ocrx_word' id='word_1_445' title='bbox 1463 4059 1694 4127; x_wconf 87' lang='lat' dir='ltr'><strong>apostoli</strong></span> <span class='ocrx_word' id='word_1_446' title='bbox 1738 4061 1849 4114; x_wconf 85' lang='lat' dir='ltr'><strong>sale</strong></span> <span class='ocrx_word' id='word_1_447' title='bbox 1899 4060 2178 4126; x_wconf 63' lang='lat' dir='ltr'><strong>doctrina,</strong></span> <span class='ocrx_word' id='word_1_448' title='bbox 2206 4060 2273 4114; x_wconf 84' lang='lat' dir='ltr'><strong>de</strong></span> 
     </span>
    </p>
   </div>
   <div class='ocr_carea' id='block_1_72' title="bbox 706 4147 1698 4220">
    <p class='ocr_par' dir='ltr' id='par_1_72' title="bbox 706 4147 1698 4220">
     <span class='ocr_line' id='line_1_72' title="bbox 706 4147 1698 4220; baseline 0 -17"><span class='ocrx_word' id='word_1_449' title='bbox 706 4150 906 4220; x_wconf 87' lang='lat' dir='ltr'><strong>quibus</strong></span> <span class='ocrx_word' id='word_1_450' title='bbox 939 4151 1014 4204; x_wconf 83' lang='lat' dir='ltr'><strong>ait</strong></span> <span class='ocrx_word' id='word_1_451' title='bbox 1041 4167 1054 4202; x_wconf 89' lang='lat'><strong>:</strong></span> <span class='ocrx_word' id='word_1_452' title='bbox 1096 4147 1196 4202; x_wconf 85' lang='lat' dir='ltr'><strong>Vos</strong></span> <span class='ocrx_word' id='word_1_453' title='bbox 1217 4150 1340 4202; x_wconf 85' lang='lat' dir='ltr'><strong>estis</strong></span> <span class='ocrx_word' id='word_1_454' title='bbox 1373 4147 1455 4202; x_wconf 90' lang='lat' dir='ltr'><strong>sal</strong></span> <span class='ocrx_word' id='word_1_455' title='bbox 1484 4160 1638 4202; x_wconf 70' lang='lat' dir='ltr'><strong>terrm</strong></span> <span class='ocrx_word' id='word_1_456' title='bbox 1655 4150 1698 4203; x_wconf 87' lang='lat'><strong>’.</strong></span> 
     </span>
    </p>
   </div>
   <div class='ocr_carea' id='block_1_73' title="bbox 781 4339 2273 4417">
    <p class='ocr_par' dir='ltr' id='par_1_73' title="bbox 781 4339 2273 4417">
     <span class='ocr_line' id='line_1_73' title="bbox 781 4339 2273 4417; baseline 0.004 -23"><span class='ocrx_word' id='word_1_457' title='bbox 781 4340 876 4394; x_wconf 84' lang='grc'><strong>55.</strong></span> <span class='ocrx_word' id='word_1_458' title='bbox 916 4339 1102 4393; x_wconf 86' lang='lat' dir='ltr'><strong>Posuit</strong></span> <span class='ocrx_word' id='word_1_459' title='bbox 1124 4339 1385 4393; x_wconf 81' lang='lat' dir='ltr'><strong>desertum</strong></span> <span class='ocrx_word' id='word_1_460' title='bbox 1409 4342 1463 4394; x_wconf 86' lang='lat' dir='ltr'><strong>in</strong></span> <span class='ocrx_word' id='word_1_461' title='bbox 1488 4352 1676 4411; x_wconf 82' lang='lat' dir='ltr'><strong>stagna</strong></span> <span class='ocrx_word' id='word_1_462' title='bbox 1703 4358 1979 4417; x_wconf 64' lang='lat' dir='ltr'><strong>aquarum.</strong></span> <span class='ocrx_word' id='word_1_463' title='bbox 2010 4341 2273 4413; x_wconf 85' lang='lat' dir='ltr'><strong>Populum</strong></span> 
     </span>
    </p>
   </div>
   <div class='ocr_carea' id='block_1_74' title="bbox 711 4430 2272 4504">
    <p class='ocr_par' dir='ltr' id='par_1_74' title="bbox 711 4430 2272 4504">
     <span class='ocr_line' id='line_1_74' title="bbox 711 4430 2272 4504; baseline 0.002 -19"><span class='ocrx_word' id='word_1_464' title='bbox 711 4431 963 4502; x_wconf 71' lang='lat' dir='ltr'><strong>gentilem</strong></span> <span class='ocrx_word' id='word_1_465' title='bbox 1013 4430 1308 4500; x_wconf 74' lang='lat' dir='ltr'><strong>signiﬁcat,</strong></span> <span class='ocrx_word' id='word_1_466' title='bbox 1346 4447 1469 4485; x_wconf 87' lang='lat' dir='ltr'><strong>nam</strong></span> <span class='ocrx_word' id='word_1_467' title='bbox 1509 4433 1796 4487; x_wconf 89' lang='lat' dir='ltr'><strong>commista</strong></span> <span class='ocrx_word' id='word_1_468' title='bbox 1838 4444 1922 4489; x_wconf 91' lang='lat' dir='ltr'><strong>est</strong></span> <span class='ocrx_word' id='word_1_469' title='bbox 1969 4434 2272 4504; x_wconf 84' lang='lat' dir='ltr'><strong>prophetia,</strong></span> 
     </span>
    </p>
   </div>
   <div class='ocr_carea' id='block_1_75' title="bbox 2368 3253 3949 3327">
    <p class='ocr_par' dir='ltr' id='par_1_75' title="bbox 2368 3253 3949 3327">
     <span class='ocr_line' id='line_1_75' title="bbox 2368 3253 3949 3327; baseline -0.004 -17"><span class='ocrx_word' id='word_1_470' title='bbox 2368 3258 2475 3327; x_wconf 80' lang='grc' dir='ltr'><strong>γάρ</strong></span> <span class='ocrx_word' id='word_1_471' title='bbox 2503 3258 2636 3308; x_wconf 75' lang='grc' dir='ltr'>εἰσιν</span> <span class='ocrx_word' id='word_1_472' title='bbox 2683 3257 2730 3308; x_wconf 85' lang='grc' dir='ltr'>οἱ</span> <span class='ocrx_word' id='word_1_473' title='bbox 2763 3254 2832 3307; x_wconf 89' lang='grc' dir='ltr'><strong>τά</strong></span> <span class='ocrx_word' id='word_1_474' title='bbox 2864 3257 3136 3326; x_wconf 82' lang='grc' dir='ltr'>μυστήρια</span> <span class='ocrx_word' id='word_1_475' title='bbox 3159 3255 3256 3324; x_wconf 85' lang='grc' dir='ltr'>τῆς</span> <span class='ocrx_word' id='word_1_476' title='bbox 3285 3253 3493 3323; x_wconf 79' lang='grc' dir='ltr'><strong>Καινῆς</strong></span> <span class='ocrx_word' id='word_1_477' title='bbox 3537 3253 3811 3323; x_wconf 78' lang='grc' dir='ltr'>Διαθήκης</span> <span class='ocrx_word' id='word_1_478' title='bbox 3846 3269 3949 3305; x_wconf 85' lang='grc' dir='ltr'><strong>πα-</strong></span> 
     </span>
    </p>
   </div>
   <div class='ocr_carea' id='block_1_76' title="bbox 2370 3347 2802 3420">
    <p class='ocr_par' dir='ltr' id='par_1_76' title="bbox 2370 3347 2802 3420">
     <span class='ocr_line' id='line_1_76' title="bbox 2370 3347 2802 3420; baseline -0.009 -18"><span class='ocrx_word' id='word_1_479' title='bbox 2370 3347 2620 3420; x_wconf 85' lang='grc' dir='ltr'>ραδόντες</span> <span class='ocrx_word' id='word_1_480' title='bbox 2654 3348 2802 3418; x_wconf 77' lang='grc' dir='ltr'>ἡμῖν.</span> 
     </span>
    </p>
   </div>
   <div class='ocr_carea' id='block_1_77' title="bbox 2441 3434 3946 3507">
    <p class='ocr_par' dir='ltr' id='par_1_77' title="bbox 2441 3434 3946 3507">
     <span class='ocr_line' id='line_1_77' title="bbox 2441 3434 3946 3507; baseline -0.003 -15"><span class='ocrx_word' id='word_1_481' title='bbox 2441 3442 2641 3494; x_wconf 84' lang='grc' dir='ltr'><em>Ἕθετο</em></span> <span class='ocrx_word' id='word_1_482' title='bbox 2687 3437 2991 3507; x_wconf 82' lang='grc' dir='ltr'><strong>ποταμοὺς</strong></span> <span class='ocrx_word' id='word_1_483' title='bbox 3026 3441 3112 3504; x_wconf 82' lang='grc' dir='ltr'><strong>εὶς</strong></span> <span class='ocrx_word' id='word_1_484' title='bbox 3136 3440 3374 3506; x_wconf 71' lang='grc' dir='ltr'><strong>ἔρημον.</strong></span> <span class='ocrx_word' id='word_1_485' title='bbox 3417 3436 3489 3489; x_wconf 81' lang='grc' dir='ltr'><strong>Τὸ</strong></span> <span class='ocrx_word' id='word_1_486' title='bbox 3529 3434 3638 3487; x_wconf 85' lang='grc' dir='ltr'><strong>τῶν</strong></span> <span class='ocrx_word' id='word_1_487' title='bbox 3676 3434 3946 3488; x_wconf 80' lang='grc' dir='ltr'>Ἰουδαίων</span> 
     </span>
    </p>
   </div>
   <div class='ocr_carea' id='block_1_78' title="bbox 2367 3525 3945 3603">
    <p class='ocr_par' dir='ltr' id='par_1_78' title="bbox 2367 3525 3945 3603">
     <span class='ocr_line' id='line_1_78' title="bbox 2367 3525 3945 3603; baseline -0.006 -17"><span class='ocrx_word' id='word_1_488' title='bbox 2367 3529 2590 3603; x_wconf 73' lang='grc' dir='ltr'>εὔρυτον</span> <span class='ocrx_word' id='word_1_489' title='bbox 2620 3530 2873 3601; x_wconf 86' lang='grc' dir='ltr'>ἀδόκιμον</span> <span class='ocrx_word' id='word_1_490' title='bbox 2906 3530 3061 3599; x_wconf 82' lang='grc' dir='ltr'>γένος</span> <span class='ocrx_word' id='word_1_491' title='bbox 3106 3529 3257 3600; x_wconf 80' lang='grc' dir='ltr'>φησί.</span> <span class='ocrx_word' id='word_1_492' title='bbox 3291 3529 3429 3592; x_wconf 86' lang='grc' dir='ltr'>Τοὺς</span> <span class='ocrx_word' id='word_1_493' title='bbox 3457 3526 3566 3599; x_wconf 83' lang='grc' dir='ltr'>γὰρ</span> <span class='ocrx_word' id='word_1_494' title='bbox 3600 3526 3769 3580; x_wconf 80' lang='grc' dir='ltr'>πάλαι</span> <span class='ocrx_word' id='word_1_495' title='bbox 3800 3525 3945 3596; x_wconf 82' lang='grc' dir='ltr'><strong>λιμῷ</strong></span> 
     </span>
    </p>
   </div>
   <div class='ocr_carea' id='block_1_79' title="bbox 2367 3616 3944 3691">
    <p class='ocr_par' dir='ltr' id='par_1_79' title="bbox 2367 3616 3944 3691">
     <span class='ocr_line' id='line_1_79' title="bbox 2367 3616 3944 3691; baseline -0.003 -17"><span class='ocrx_word' id='word_1_496' title='bbox 2367 3620 2700 3691; x_wconf 85' lang='grc' dir='ltr'>τηκομένους</span> <span class='ocrx_word' id='word_1_497' title='bbox 2737 3620 2830 3673; x_wconf 77' lang='grc' dir='ltr'>καὶ</span> <span class='ocrx_word' id='word_1_498' title='bbox 2876 3619 2977 3689; x_wconf 82' lang='grc' dir='ltr'>τῆς</span> <span class='ocrx_word' id='word_1_499' title='bbox 3019 3619 3391 3690; x_wconf 83' lang='grc' dir='ltr'>πνευματικῆς</span> <span class='ocrx_word' id='word_1_500' title='bbox 3424 3617 3630 3689; x_wconf 80' lang='grc' dir='ltr'>τροφῆς</span> <span class='ocrx_word' id='word_1_501' title='bbox 3655 3616 3852 3679; x_wconf 70' lang='grc' dir='ltr'>ἐνδεεῖς</span> <span class='ocrx_word' id='word_1_502' title='bbox 3887 3619 3944 3669; x_wconf 77' lang='grc' dir='ltr'>ἐν</span> 
     </span>
    </p>
   </div>
   <div class='ocr_carea' id='block_1_80' title="bbox 2369 3706 3346 3778">
    <p class='ocr_par' dir='ltr' id='par_1_80' title="bbox 2369 3706 3346 3778">
     <span class='ocr_line' id='line_1_80' title="bbox 2369 3706 3346 3778; baseline -0.004 -14"><span class='ocrx_word' id='word_1_503' title='bbox 2369 3709 2593 3771; x_wconf 66' lang='grc' dir='ltr'>ἑκείνοις</span> <span class='ocrx_word' id='word_1_504' title='bbox 2620 3706 2891 3777; x_wconf 81' lang='grc' dir='ltr'><strong>κατῴκισε</strong></span> <span class='ocrx_word' id='word_1_505' title='bbox 2918 3711 3030 3771; x_wconf 84' lang='grc' dir='ltr'>τοῖς</span> <span class='ocrx_word' id='word_1_506' title='bbox 3062 3711 3346 3778; x_wconf 85' lang='grc' dir='ltr'>ποταμοῖς.</span> 
     </span>
    </p>
   </div>
   <div class='ocr_carea' id='block_1_81' title="bbox 2437 3795 3943 3870">
    <p class='ocr_par' dir='ltr' id='par_1_81' title="bbox 2437 3795 3943 3870">
     <span class='ocr_line' id='line_1_81' title="bbox 2437 3795 3943 3870; baseline -0.001 -18"><span class='ocrx_word' id='word_1_507' title='bbox 2437 3798 2569 3868; x_wconf 81' lang='grc' dir='ltr'><strong>Γῆν</strong></span> <span class='ocrx_word' id='word_1_508' title='bbox 2611 3800 2991 3870; x_wconf 73' lang='grc' dir='ltr'>καρποφόρον</span> <span class='ocrx_word' id='word_1_509' title='bbox 3014 3801 3102 3866; x_wconf 81' lang='grc' dir='ltr'><strong>εις</strong></span> <span class='ocrx_word' id='word_1_510' title='bbox 3135 3799 3354 3868; x_wconf 80' lang='grc' dir='ltr'><em>ἅλμην.</em></span> <span class='ocrx_word' id='word_1_511' title='bbox 3380 3796 3490 3868; x_wconf 79' lang='grc' dir='ltr'><strong>Τὴν</strong></span> <span class='ocrx_word' id='word_1_512' title='bbox 3526 3795 3634 3849; x_wconf 87' lang='grc' dir='ltr'>τῶν</span> <span class='ocrx_word' id='word_1_513' title='bbox 3677 3796 3943 3850; x_wconf 83' lang='grc' dir='ltr'>Ἰουδαίων</span> 
     </span>
    </p>
   </div>
   <div class='ocr_carea' id='block_1_82' title="bbox 2371 3886 3944 3962">
    <p class='ocr_par' dir='ltr' id='par_1_82' title="bbox 2371 3886 3944 3962">
     <span class='ocr_line' id='line_1_82' title="bbox 2371 3886 3944 3962; baseline -0.003 -18"><span class='ocrx_word' id='word_1_514' title='bbox 2371 3891 2502 3962; x_wconf 78' lang='grc' dir='ltr'>φησὶ</span> <span class='ocrx_word' id='word_1_515' title='bbox 2541 3886 3067 3962; x_wconf 80' lang='grc' dir='ltr'>συναγωγήν.Ἦσαν</span> <span class='ocrx_word' id='word_1_516' title='bbox 3114 3887 3223 3960; x_wconf 85' lang='grc' dir='ltr'><strong>γὰρ</strong></span> <span class='ocrx_word' id='word_1_517' title='bbox 3265 3888 3317 3941; x_wconf 78' lang='lat' dir='ltr'><strong>oi</strong></span> <span class='ocrx_word' id='word_1_518' title='bbox 3372 3886 3622 3957; x_wconf 83' lang='grc' dir='ltr'>δαίμονες</span> <span class='ocrx_word' id='word_1_519' title='bbox 3661 3887 3944 3957; x_wconf 77' lang='grc' dir='ltr'>οίκήτορες</span> 
     </span>
    </p>
   </div>
   <div class='ocr_carea' id='block_1_83' title="bbox 2368 3975 3937 4050">
    <p class='ocr_par' dir='ltr' id='par_1_83' title="bbox 2368 3975 3937 4050">
     <span class='ocr_line' id='line_1_83' title="bbox 2368 3975 3937 4050; baseline 0 -19"><span class='ocrx_word' id='word_1_520' title='bbox 2368 3980 2466 4050; x_wconf 81' lang='grc' dir='ltr'>τῆς</span> <span class='ocrx_word' id='word_1_521' title='bbox 2500 3981 2693 4049; x_wconf 81' lang='grc' dir='ltr'>γηῖνης</span> <span class='ocrx_word' id='word_1_522' title='bbox 2731 3979 3040 4043; x_wconf 78' lang='grc' dir='ltr'>πολιτείαςο</span> <span class='ocrx_word' id='word_1_523' title='bbox 3082 3978 3445 4050; x_wconf 75' lang='grc' dir='ltr'>ὲκαρποφόρει</span> <span class='ocrx_word' id='word_1_524' title='bbox 3474 3976 3529 4029; x_wconf 80' lang='grc' dir='ltr'>δὲ</span> <span class='ocrx_word' id='word_1_525' title='bbox 3554 3975 3723 4046; x_wconf 77' lang='grc' dir='ltr'>αὐτὴν</span> <span class='ocrx_word' id='word_1_526' title='bbox 3755 3979 3789 4046; x_wconf 79' lang='grc' dir='ltr'>ἡ</span> <span class='ocrx_word' id='word_1_527' title='bbox 3821 3978 3937 4031; x_wconf 72' lang='grc' dir='ltr'>ἀσέρ</span> 
     </span>
    </p>
   </div>
   <div class='ocr_carea' id='block_1_84' title="bbox 2371 4064 3945 4140">
    <p class='ocr_par' dir='ltr' id='par_1_84' title="bbox 2371 4064 3945 4140">
     <span class='ocr_line' id='line_1_84' title="bbox 2371 4064 3945 4140; baseline -0.001 -18"><span class='ocrx_word' id='word_1_528' title='bbox 2371 4069 2511 4122; x_wconf 78' lang='grc' dir='ltr'>δεια.</span> <span class='ocrx_word' id='word_1_529' title='bbox 2529 4069 2828 4140; x_wconf 79' lang='grc' dir='ltr'>Ἑξήραναν</span> <span class='ocrx_word' id='word_1_530' title='bbox 2852 4069 2904 4120; x_wconf 73' lang='grc' dir='ltr'>δὲ</span> <span class='ocrx_word' id='word_1_531' title='bbox 2936 4068 3105 4139; x_wconf 79' lang='grc' dir='ltr'>αὐτὴν</span> <span class='ocrx_word' id='word_1_532' title='bbox 3134 4070 3184 4120; x_wconf 84' lang='lat' dir='ltr'><strong>oi.</strong></span> <span class='ocrx_word' id='word_1_533' title='bbox 3211 4067 3499 4122; x_wconf 81' lang='grc' dir='ltr'>ἀπόστολοι</span> <span class='ocrx_word' id='word_1_534' title='bbox 3540 4065 3619 4135; x_wconf 84' lang='grc' dir='ltr'>τῷ</span> <span class='ocrx_word' id='word_1_535' title='bbox 3663 4064 3822 4121; x_wconf 76' lang='grc' dir='ltr'>ἅλατι</span> <span class='ocrx_word' id='word_1_536' title='bbox 3845 4068 3945 4140; x_wconf 83' lang='grc' dir='ltr'>τῆς</span> 
     </span>
    </p>
   </div>
   <div class='ocr_carea' id='block_1_85' title="bbox 2371 4153 3944 4232">
    <p class='ocr_par' dir='ltr' id='par_1_85' title="bbox 2371 4153 3944 4232">
     <span class='ocr_line' id='line_1_85' title="bbox 2371 4153 3944 4232; baseline 0.001 -19"><span class='ocrx_word' id='word_1_537' title='bbox 2371 4161 2734 4224; x_wconf 84' lang='grc' dir='ltr'>διδασκαλίας,</span> <span class='ocrx_word' id='word_1_538' title='bbox 2769 4161 2896 4232; x_wconf 81' lang='grc' dir='ltr'>περὶ</span> <span class='ocrx_word' id='word_1_539' title='bbox 2926 4153 3007 4215; x_wconf 81' lang='grc' dir='ltr'><strong>ὦν</strong></span> <span class='ocrx_word' id='word_1_540' title='bbox 3048 4176 3242 4231; x_wconf 79' lang='grc' dir='ltr'>φησιν·</span> <span class='ocrx_word' id='word_1_541' title='bbox 3291 4159 3471 4230; x_wconf 80' lang='grc' dir='ltr'>Ὑμεῖς</span> <span class='ocrx_word' id='word_1_542' title='bbox 3505 4158 3644 4212; x_wconf 77' lang='grc' dir='ltr'>ἐστε</span> <span class='ocrx_word' id='word_1_543' title='bbox 3685 4159 3753 4212; x_wconf 82' lang='grc' dir='ltr'><strong>τὸ</strong></span> <span class='ocrx_word' id='word_1_544' title='bbox 3793 4159 3944 4226; x_wconf 74' lang='grc' dir='ltr'>ἅλας</span> 
     </span>
    </p>
   </div>
   <div class='ocr_carea' id='block_1_86' title="bbox 2373 4250 2639 4322">
    <p class='ocr_par' dir='ltr' id='par_1_86' title="bbox 2373 4250 2639 4322">
     <span class='ocr_line' id='line_1_86' title="bbox 2373 4250 2639 4322; baseline -0.008 -2"><span class='ocrx_word' id='word_1_545' title='bbox 2373 4252 2483 4320; x_wconf 77' lang='grc' dir='ltr'><strong>τῆς</strong></span> <span class='ocrx_word' id='word_1_546' title='bbox 2511 4250 2639 4322; x_wconf 60' lang='grc' dir='ltr'><strong>γῆς.</strong></span> 
     </span>
    </p>
   </div>
   <div class='ocr_carea' id='block_1_87' title="bbox 2447 4341 3940 4413">
    <p class='ocr_par' dir='ltr' id='par_1_87' title="bbox 2447 4341 3940 4413">
     <span class='ocr_line' id='line_1_87' title="bbox 2447 4341 3940 4413; baseline -0.001 -18"><span class='ocrx_word' id='word_1_547' title='bbox 2447 4345 2648 4398; x_wconf 78' lang='grc' dir='ltr'><em>Ἕθετὸ</em></span> <span class='ocrx_word' id='word_1_548' title='bbox 2680 4342 2901 4412; x_wconf 77' lang='grc' dir='ltr'><em>ἔρημον</em></span> <span class='ocrx_word' id='word_1_549' title='bbox 2925 4346 3013 4410; x_wconf 81' lang='grc' dir='ltr'><strong>είς</strong></span> <span class='ocrx_word' id='word_1_550' title='bbox 3036 4344 3254 4413; x_wconf 78' lang='grc' dir='ltr'>λίμνας</span> <span class='ocrx_word' id='word_1_551' title='bbox 3286 4341 3538 4398; x_wconf 78' lang='grc' dir='ltr'><strong>ὑδάτων.</strong></span> <span class='ocrx_word' id='word_1_552' title='bbox 3561 4345 3664 4398; x_wconf 84' lang='grc' dir='ltr'>Τὸν</span> <span class='ocrx_word' id='word_1_553' title='bbox 3693 4344 3751 4411; x_wconf 81' lang='grc' dir='ltr'><strong>ἐξ</strong></span> <span class='ocrx_word' id='word_1_554' title='bbox 3777 4343 3940 4397; x_wconf 74' lang='grc' dir='ltr'>ἐθνῶν</span> 
     </span>
    </p>
   </div>
   <div class='ocr_carea' id='block_1_88' title="bbox 2373 4435 3940 4508">
    <p class='ocr_par' dir='ltr' id='par_1_88' title="bbox 2373 4435 3940 4508">
     <span class='ocr_line' id='line_1_88' title="bbox 2373 4435 3940 4508; baseline -0.003 -18"><span class='ocrx_word' id='word_1_555' title='bbox 2373 4435 2713 4507; x_wconf 86' lang='grc' dir='ltr'>διασημαίνει</span> <span class='ocrx_word' id='word_1_556' title='bbox 2746 4436 2870 4488; x_wconf 86' lang='grc' dir='ltr'>λαόν</span> <span class='ocrx_word' id='word_1_557' title='bbox 2895 4453 2907 4466; x_wconf 88' lang='grc'>·</span> <span class='ocrx_word' id='word_1_558' title='bbox 2946 4435 3248 4506; x_wconf 84' lang='grc' dir='ltr'>σύμμικτος</span> <span class='ocrx_word' id='word_1_559' title='bbox 3284 4435 3390 4505; x_wconf 86' lang='grc' dir='ltr'><strong>γὰρ</strong></span> <span class='ocrx_word' id='word_1_560' title='bbox 3427 4437 3459 4505; x_wconf 75' lang='grc' dir='ltr'>ἡ</span> <span class='ocrx_word' id='word_1_561' title='bbox 3487 4438 3814 4508; x_wconf 70' lang='grc' dir='ltr'>προφητεία,</span> <span class='ocrx_word' id='word_1_562' title='bbox 3838 4436 3940 4488; x_wconf 75' lang='grc' dir='ltr'><strong>τῶν</strong></span> 
     </span>
    </p>
   </div>
   <div class='ocr_carea' id='block_1_89' title="bbox 710 4519 2298 4599">
    <p class='ocr_par' dir='ltr' id='par_1_89' title="bbox 710 4519 2273 4590">
     <span class='ocr_line' id='line_1_89' title="bbox 710 4519 2273 4590; baseline 0.001 -14"><span class='ocrx_word' id='word_1_563' title='bbox 710 4521 942 4576; x_wconf 87' lang='lat' dir='ltr'><strong>duorum</strong></span> <span class='ocrx_word' id='word_1_564' title='bbox 973 4520 1295 4588; x_wconf 90' lang='lat' dir='ltr'><strong>populorum</strong></span> <span class='ocrx_word' id='word_1_565' title='bbox 1331 4519 1509 4575; x_wconf 80' lang='lat' dir='ltr'><strong>ferens</strong></span> <span class='ocrx_word' id='word_1_566' title='bbox 1544 4536 1856 4590; x_wconf 90' lang='lat' dir='ltr'><strong>personam.</strong></span> <span class='ocrx_word' id='word_1_567' title='bbox 1891 4521 2039 4577; x_wconf 84' lang='lat' dir='ltr'><strong>Illius</strong></span> <span class='ocrx_word' id='word_1_568' title='bbox 2066 4525 2273 4578; x_wconf 84' lang='lat' dir='ltr'><strong>scilicet</strong></span> 
     </span>
    </p>
   </div>
   <div class='ocr_carea' id='block_1_90' title="bbox 2365 4519 3941 4599">
    <p class='ocr_par' dir='ltr' id='par_1_90' title="bbox 2372 4526 3941 4599">
     <span class='ocr_line' id='line_1_90' title="bbox 2372 4526 3941 4599; baseline 0 -18"><span class='ocrx_word' id='word_1_569' title='bbox 2372 4528 2465 4581; x_wconf 83' lang='grc' dir='ltr'>δύο</span> <span class='ocrx_word' id='word_1_570' title='bbox 2495 4526 2637 4581; x_wconf 83' lang='grc' dir='ltr'>λαῶν</span> <span class='ocrx_word' id='word_1_571' title='bbox 2662 4527 2989 4597; x_wconf 78' lang='grc' dir='ltr'>εἰσφέρουσα</span> <span class='ocrx_word' id='word_1_572' title='bbox 3016 4528 3077 4580; x_wconf 85' lang='grc' dir='ltr'>τὸ</span> <span class='ocrx_word' id='word_1_573' title='bbox 3106 4527 3421 4597; x_wconf 84' lang='grc' dir='ltr'><strong>πρόσωπον·</strong></span> <span class='ocrx_word' id='word_1_574' title='bbox 3444 4528 3538 4582; x_wconf 81' lang='grc' dir='ltr'>τοῦ</span> <span class='ocrx_word' id='word_1_575' title='bbox 3569 4530 3665 4599; x_wconf 87' lang='grc' dir='ltr'><strong>μὲν</strong></span> <span class='ocrx_word' id='word_1_576' title='bbox 3691 4531 3791 4597; x_wconf 79' lang='grc' dir='ltr'>τὴν</span> <span class='ocrx_word' id='word_1_577' title='bbox 3820 4532 3941 4583; x_wconf 83' lang='grc' dir='ltr'>ἀπο-</span> 
     </span>
    </p>
   </div>
   <div class='ocr_carea' id='block_1_91' title="bbox 712 4608 1788 4678">
    <p class='ocr_par' dir='ltr' id='par_1_91' title="bbox 712 4608 1788 4678">
     <span class='ocr_line' id='line_1_91' title="bbox 712 4608 1788 4678; baseline -0.001 -15"><span class='ocrx_word' id='word_1_578' title='bbox 712 4610 1092 4678; x_wconf 84' lang='lat' dir='ltr'><strong>abjectionem,</strong></span> <span class='ocrx_word' id='word_1_579' title='bbox 1123 4608 1286 4677; x_wconf 78' lang='lat' dir='ltr'><strong>hujus</strong></span> <span class='ocrx_word' id='word_1_580' title='bbox 1310 4608 1788 4663; x_wconf 91' lang='lat' dir='ltr'><strong>introductionem.</strong></span> 
     </span>
    </p>
   </div>
   <div class='ocr_carea' id='block_1_92' title="bbox 792 4699 2270 4756">
    <p class='ocr_par' dir='ltr' id='par_1_92' title="bbox 792 4699 2270 4756">
     <span class='ocr_line' id='line_1_92' title="bbox 792 4699 2270 4756; baseline 0.003 -4"><span class='ocrx_word' id='word_1_581' title='bbox 792 4699 880 4752; x_wconf 82' lang='grc'><strong>56.</strong></span> <span class='ocrx_word' id='word_1_582' title='bbox 909 4699 974 4752; x_wconf 85' lang='lat' dir='ltr'><strong>Et</strong></span> <span class='ocrx_word' id='word_1_583' title='bbox 1001 4701 1383 4753; x_wconf 82' lang='lat' dir='ltr'><strong>constituerunt</strong></span> <span class='ocrx_word' id='word_1_584' title='bbox 1406 4701 1642 4754; x_wconf 81' lang='lat' dir='ltr'><strong>civitates</strong></span> <span class='ocrx_word' id='word_1_585' title='bbox 1665 4699 2031 4755; x_wconf 81' lang='lat' dir='ltr'><strong>habitationis.</strong></span> <span class='ocrx_word' id='word_1_586' title='bbox 2064 4701 2270 4756; x_wconf 89' lang='lat' dir='ltr'><strong>Bonam</strong></span> 
     </span>
    </p>
   </div>
   <div class='ocr_carea' id='block_1_93' title="bbox 711 4788 1803 4847">
    <p class='ocr_par' dir='ltr' id='par_1_93' title="bbox 711 4788 1803 4847">
     <span class='ocr_line' id='line_1_93' title="bbox 711 4788 1803 4847; baseline 0 -3"><span class='ocrx_word' id='word_1_587' title='bbox 711 4788 961 4844; x_wconf 84' lang='lat' dir='ltr'><strong>videlicet</strong></span> <span class='ocrx_word' id='word_1_588' title='bbox 988 4800 1041 4843; x_wconf 91' lang='lat' dir='ltr'><strong>et</strong></span> <span class='ocrx_word' id='word_1_589' title='bbox 1061 4791 1334 4845; x_wconf 67' lang='lat' dir='ltr'><strong>caelestem</strong></span> <span class='ocrx_word' id='word_1_590' title='bbox 1366 4791 1489 4844; x_wconf 56' lang='lat' dir='ltr'><strong>vita;</strong></span> <span class='ocrx_word' id='word_1_591' title='bbox 1517 4794 1803 4847; x_wconf 85' lang='lat' dir='ltr'><strong>rationem.</strong></span> 
     </span>
    </p>
   </div>
   <div class='ocr_carea' id='block_1_94' title="bbox 788 4881 2273 4953">
    <p class='ocr_par' dir='ltr' id='par_1_94' title="bbox 788 4881 2273 4953">
     <span class='ocr_line' id='line_1_94' title="bbox 788 4881 2273 4953; baseline 0 -16"><span class='ocrx_word' id='word_1_592' title='bbox 788 4883 879 4938; x_wconf 81' lang='grc'><strong>57.</strong></span> <span class='ocrx_word' id='word_1_593' title='bbox 915 4881 978 4934; x_wconf 69' lang='lat' dir='ltr'><strong>Et</strong></span> <span class='ocrx_word' id='word_1_594' title='bbox 1008 4883 1279 4936; x_wconf 79' lang='lat' dir='ltr'><strong>seminavit</strong></span> <span class='ocrx_word' id='word_1_595' title='bbox 1314 4899 1469 4953; x_wconf 85' lang='lat' dir='ltr'><strong>agros</strong></span> <span class='ocrx_word' id='word_1_596' title='bbox 1500 4895 1547 4937; x_wconf 91' lang='lat' dir='ltr'><strong>et</strong></span> <span class='ocrx_word' id='word_1_597' title='bbox 1583 4884 1840 4953; x_wconf 86' lang='lat' dir='ltr'><strong>plantavit</strong></span> <span class='ocrx_word' id='word_1_598' title='bbox 1868 4884 2063 4937; x_wconf 88' lang='lat' dir='ltr'><strong>vineas.</strong></span> <span class='ocrx_word' id='word_1_599' title='bbox 2098 4882 2273 4952; x_wconf 77' lang='lat' dir='ltr'><strong>Agros</strong></span> 
     </span>
    </p>
   </div>
   <div class='ocr_carea' id='block_1_95' title="bbox 714 4974 2272 5046">
    <p class='ocr_par' dir='ltr' id='par_1_95' title="bbox 714 4974 2272 5046">
     <span class='ocr_line' id='line_1_95' title="bbox 714 4974 2272 5046; baseline 0.001 -20"><span class='ocrx_word' id='word_1_600' title='bbox 714 4974 982 5046; x_wconf 75' lang='lat' dir='ltr'><strong>intelliges</strong></span> <span class='ocrx_word' id='word_1_601' title='bbox 1017 4975 1086 5029; x_wconf 89' lang='lat' dir='ltr'><strong>ab</strong></span> <span class='ocrx_word' id='word_1_602' title='bbox 1118 4974 1428 5044; x_wconf 71' lang='lat' dir='ltr'><strong>huiusmodi</strong></span> <span class='ocrx_word' id='word_1_603' title='bbox 1475 4975 1659 5031; x_wconf 88' lang='lat' dir='ltr'><strong>dicto:</strong></span> <span class='ocrx_word' id='word_1_604' title='bbox 1698 4976 1846 5030; x_wconf 79' lang='lat' dir='ltr'><strong>Exiit</strong></span> <span class='ocrx_word' id='word_1_605' title='bbox 1889 4979 1978 5046; x_wconf 85' lang='lat' dir='ltr'><strong>qui</strong></span> <span class='ocrx_word' id='word_1_606' title='bbox 2024 4978 2272 5041; x_wconf 83' lang='lat' dir='ltr'><strong>seminat,</strong></span> 
     </span>
    </p>
   </div>
   <div class='ocr_carea' id='block_1_96' title="bbox 715 5065 2275 5129">
    <p class='ocr_par' dir='ltr' id='par_1_96' title="bbox 715 5065 2275 5129">
     <span class='ocr_line' id='line_1_96' title="bbox 715 5065 2275 5129; baseline 0.003 -13"><span class='ocrx_word' id='word_1_607' title='bbox 715 5065 974 5118; x_wconf 85' lang='lat' dir='ltr'><strong>seminare</strong></span> <span class='ocrx_word' id='word_1_608' title='bbox 995 5081 1168 5119; x_wconf 82' lang='lat' dir='ltr'><strong>semen</strong></span> <span class='ocrx_word' id='word_1_609' title='bbox 1195 5081 1346 5119; x_wconf 85' lang='lat' dir='ltr'><strong>suum</strong></span> <span class='ocrx_word' id='word_1_610' title='bbox 1371 5066 1425 5119; x_wconf 74' lang='grc' dir='ltr'><strong>ἐ</strong></span> <span class='ocrx_word' id='word_1_611' title='bbox 1456 5067 1643 5121; x_wconf 89' lang='lat' dir='ltr'><strong>vineas</strong></span> <span class='ocrx_word' id='word_1_612' title='bbox 1679 5076 1859 5122; x_wconf 89' lang='lat' dir='ltr'><strong>autem</strong></span> <span class='ocrx_word' id='word_1_613' title='bbox 1902 5066 2193 5129; x_wconf 85' lang='lat' dir='ltr'><strong>Ecclesias.</strong></span> <span class='ocrx_word' id='word_1_614' title='bbox 2217 5076 2275 5120; x_wconf 91' lang='lat' dir='ltr'><strong>ut</strong></span> 
     </span>
    </p>
   </div>
   <div class='ocr_carea' id='block_1_97' title="bbox 715 5152 2209 5223">
    <p class='ocr_par' dir='ltr' id='par_1_97' title="bbox 715 5152 2209 5223">
     <span class='ocr_line' id='line_1_97' title="bbox 715 5152 2209 5223; baseline 0.001 -15"><span class='ocrx_word' id='word_1_615' title='bbox 715 5152 919 5208; x_wconf 87' lang='lat' dir='ltr'><strong>dictum</strong></span> <span class='ocrx_word' id='word_1_616' title='bbox 947 5163 1066 5209; x_wconf 84' lang='lat' dir='ltr'><strong>est:</strong></span> <span class='ocrx_word' id='word_1_617' title='bbox 1108 5153 1282 5208; x_wconf 68' lang='lat' dir='ltr'><strong>Vineae</strong></span> <span class='ocrx_word' id='word_1_618' title='bbox 1314 5155 1626 5223; x_wconf 77' lang='lat' dir='ltr'><strong>ﬂoruerunt,</strong></span> <span class='ocrx_word' id='word_1_619' title='bbox 1655 5158 1865 5210; x_wconf 86' lang='lat' dir='ltr'><strong>odorem</strong></span> <span class='ocrx_word' id='word_1_620' title='bbox 1894 5156 2147 5210; x_wconf 81' lang='lat' dir='ltr'><strong>dederunt</strong></span> <span class='ocrx_word' id='word_1_621' title='bbox 2166 5157 2209 5210; x_wconf 72' lang='grc'><strong>³.</strong></span> 
     </span>
    </p>
   </div>
   <div class='ocr_carea' id='block_1_98' title="bbox 789 5341 2274 5411">
    <p class='ocr_par' dir='ltr' id='par_1_98' title="bbox 789 5341 2274 5411">
     <span class='ocr_line' id='line_1_98' title="bbox 789 5341 2274 5411; baseline -0.001 -13"><span class='ocrx_word' id='word_1_622' title='bbox 789 5342 877 5398; x_wconf 79' lang='grc'><strong>58.</strong></span> <span class='ocrx_word' id='word_1_623' title='bbox 913 5341 982 5396; x_wconf 82' lang='lat' dir='ltr'><strong>Et</strong></span> <span class='ocrx_word' id='word_1_624' title='bbox 1020 5343 1262 5411; x_wconf 85' lang='lat' dir='ltr'><strong>jumenta</strong></span> <span class='ocrx_word' id='word_1_625' title='bbox 1311 5359 1490 5397; x_wconf 87' lang='lat' dir='ltr'><strong>eorum</strong></span> <span class='ocrx_word' id='word_1_626' title='bbox 1541 5359 1642 5396; x_wconf 73' lang='lat' dir='ltr'><strong>non</strong></span> <span class='ocrx_word' id='word_1_627' title='bbox 1690 5343 1989 5396; x_wconf 84' lang='lat' dir='ltr'><strong>minoravit.</strong></span> <span class='ocrx_word' id='word_1_628' title='bbox 2023 5341 2274 5396; x_wconf 69' lang='lat' dir='ltr'><strong>Iumenta</strong></span> 
     </span>
    </p>
   </div>
   <div class='ocr_carea' id='block_1_99' title="bbox 718 5431 2273 5503">
    <p class='ocr_par' dir='ltr' id='par_1_99' title="bbox 718 5431 2273 5503">
     <span class='ocr_line' id='line_1_99' title="bbox 718 5431 2273 5503; baseline -0.001 -17"><span class='ocrx_word' id='word_1_629' title='bbox 718 5442 874 5488; x_wconf 83' lang='lat' dir='ltr'><strong>vocat</strong></span> <span class='ocrx_word' id='word_1_630' title='bbox 889 5449 984 5488; x_wconf 87' lang='lat' dir='ltr'><strong>eos</strong></span> <span class='ocrx_word' id='word_1_631' title='bbox 1002 5433 1094 5503; x_wconf 86' lang='lat' dir='ltr'><strong>qui</strong></span> <span class='ocrx_word' id='word_1_632' title='bbox 1121 5433 1604 5488; x_wconf 82' lang='lat' dir='ltr'><strong>irrationabiliores</strong></span> <span class='ocrx_word' id='word_1_633' title='bbox 1628 5440 1756 5486; x_wconf 88' lang='lat' dir='ltr'><strong>sunt</strong></span> <span class='ocrx_word' id='word_1_634' title='bbox 1787 5433 1840 5485; x_wconf 90' lang='lat' dir='ltr'><strong>in</strong></span> <span class='ocrx_word' id='word_1_635' title='bbox 1865 5431 2101 5486; x_wconf 81' lang='lat' dir='ltr'><strong>Ecclesia</strong></span> <span class='ocrx_word' id='word_1_636' title='bbox 2120 5431 2273 5501; x_wconf 81' lang='lat' dir='ltr'><strong>juxta</strong></span> 
     </span>
    </p>
   </div>
   <div class='ocr_carea' id='block_1_100' title="bbox 716 5525 2278 5596">
    <p class='ocr_par' dir='ltr' id='par_1_100' title="bbox 716 5525 2278 5596">
     <span class='ocr_line' id='line_1_100' title="bbox 716 5525 2278 5596; baseline -0.001 -18"><span class='ocrx_word' id='word_1_637' title='bbox 716 5525 850 5580; x_wconf 89' lang='lat' dir='ltr'><strong>illud</strong></span> <span class='ocrx_word' id='word_1_638' title='bbox 878 5545 890 5580; x_wconf 89' lang='lat'><strong>:</strong></span> <span class='ocrx_word' id='word_1_639' title='bbox 921 5525 986 5581; x_wconf 86' lang='lat' dir='ltr'><strong>Ut</strong></span> <span class='ocrx_word' id='word_1_640' title='bbox 1001 5528 1296 5596; x_wconf 83' lang='lat' dir='ltr'><strong>jumentum</strong></span> <span class='ocrx_word' id='word_1_641' title='bbox 1329 5528 1500 5595; x_wconf 79' lang='lat' dir='ltr'><strong>factus</strong></span> <span class='ocrx_word' id='word_1_642' title='bbox 1528 5541 1643 5578; x_wconf 82' lang='lat' dir='ltr'><strong>smn</strong></span> <span class='ocrx_word' id='word_1_643' title='bbox 1666 5527 1805 5593; x_wconf 79' lang='lat' dir='ltr'><strong>apud</strong></span> <span class='ocrx_word' id='word_1_644' title='bbox 1843 5527 1960 5592; x_wconf 84' lang='lat' dir='ltr'><strong>te&#39;;</strong></span> <span class='ocrx_word' id='word_1_645' title='bbox 1996 5533 2069 5588; x_wconf 89' lang='lat' dir='ltr'><strong>et,</strong></span> <span class='ocrx_word' id='word_1_646' title='bbox 2097 5525 2278 5579; x_wconf 68' lang='lat' dir='ltr'><strong>Homio</strong></span> 
     </span>
    </p>
   </div>
   <div class='ocr_carea' id='block_1_101' title="bbox 717 5618 1728 5686">
    <p class='ocr_par' dir='ltr' id='par_1_101' title="bbox 717 5618 1728 5686">
     <span class='ocr_line' id='line_1_101' title="bbox 717 5618 1728 5686; baseline 0.003 -15"><span class='ocrx_word' id='word_1_647' title='bbox 717 5634 807 5672; x_wconf 82' lang='lat' dir='ltr'><strong>nes</strong></span> <span class='ocrx_word' id='word_1_648' title='bbox 834 5628 882 5671; x_wconf 89' lang='lat' dir='ltr'><strong>et</strong></span> <span class='ocrx_word' id='word_1_649' title='bbox 896 5618 1137 5686; x_wconf 86' lang='lat' dir='ltr'><strong>jumenta</strong></span> <span class='ocrx_word' id='word_1_650' title='bbox 1159 5618 1406 5684; x_wconf 73' lang='lat' dir='ltr'><strong>salvebis,</strong></span> <span class='ocrx_word' id='word_1_651' title='bbox 1438 5619 1659 5680; x_wconf 78' lang='lat' dir='ltr'><strong>Domine</strong></span> <span class='ocrx_word' id='word_1_652' title='bbox 1687 5618 1728 5674; x_wconf 83' lang='grc'><strong>⁸.</strong></span> 
     </span>
    </p>
   </div>
   <div class='ocr_carea' id='block_1_102' title="bbox 789 5751 1210 5815">
    <p class='ocr_par' dir='ltr' id='par_1_102' title="bbox 789 5751 1210 5815">
     <span class='ocr_line' id='line_1_102' title="bbox 789 5751 1210 5815; baseline 0.01 -9"><span class='ocrx_word' id='word_1_653' title='bbox 789 5754 833 5785; x_wconf 72' lang='grc'><strong>⁸³</strong></span> <span class='ocrx_word' id='word_1_654' title='bbox 867 5755 883 5806; x_wconf 88' lang='lat' dir='ltr'><strong>l</strong></span> <span class='ocrx_word' id='word_1_655' title='bbox 908 5751 1047 5808; x_wconf 86' lang='lat' dir='ltr'><strong>Tim.</strong></span> <span class='ocrx_word' id='word_1_656' title='bbox 1075 5769 1131 5815; x_wconf 87' lang='grc' dir='ltr'><strong>ιι,</strong></span> <span class='ocrx_word' id='word_1_657' title='bbox 1157 5756 1210 5810; x_wconf 73' lang='grc' dir='ltr'>ι.</span> 
     </span>
    </p>
   </div>
   <div class='ocr_carea' id='block_1_103' title="bbox 718 5822 1202 5894">
    <p class='ocr_par' dir='ltr' id='par_1_103' title="bbox 718 5822 1202 5894">
     <span class='ocr_line' id='line_1_103' title="bbox 718 5822 1202 5894; baseline 0.01 -18"><span class='ocrx_word' id='word_1_658' title='bbox 718 5823 741 5856; x_wconf 78' lang='grc'><strong><em>⁸</em></strong></span> <span class='ocrx_word' id='word_1_659' title='bbox 761 5822 901 5878; x_wconf 66' lang='lat' dir='ltr'><strong>Psal.</strong></span> <span class='ocrx_word' id='word_1_660' title='bbox 938 5841 1100 5894; x_wconf 75' lang='lat' dir='ltr'><strong>xxxv,</strong></span> <span class='ocrx_word' id='word_1_661' title='bbox 1129 5825 1202 5880; x_wconf 29' lang='lat'><strong>7.‘</strong></span> 
     </span>
    </p>
   </div>
   <div class='ocr_carea' id='block_1_104' title="bbox 1311 5753 2235 5820">
    <p class='ocr_par' dir='ltr' id='par_1_104' title="bbox 1311 5753 2235 5820">
     <span class='ocr_line' id='line_1_104' title="bbox 1311 5753 2235 5820; baseline -0.003 -9"><span class='ocrx_word' id='word_1_662' title='bbox 1311 5757 1326 5787; x_wconf 79' lang='lat'>&#39;</span> <span class='ocrx_word' id='word_1_663' title='bbox 1355 5755 1458 5811; x_wconf 85' lang='lat' dir='ltr'><strong>lsa.</strong></span> <span class='ocrx_word' id='word_1_664' title='bbox 1492 5771 1640 5820; x_wconf 73' lang='lat' dir='ltr'><strong>nix,</strong></span> <span class='ocrx_word' id='word_1_665' title='bbox 1665 5755 1718 5811; x_wconf 83' lang='lat'><strong>9.</strong></span> <span class='ocrx_word' id='word_1_666' title='bbox 1809 5757 1830 5788; x_wconf 81' lang='grc'><strong><em>³</em></strong></span> <span class='ocrx_word' id='word_1_667' title='bbox 1857 5753 2044 5810; x_wconf 74' lang='lat' dir='ltr'><strong>Matth.</strong></span> <span class='ocrx_word' id='word_1_668' title='bbox 2075 5771 2127 5818; x_wconf 80' lang='grc' dir='ltr'>ν,</span> <span class='ocrx_word' id='word_1_669' title='bbox 2151 5755 2235 5811; x_wconf 83' lang='grc'><strong>15.</strong></span> 
     </span>
    </p>
   </div>
   <div class='ocr_carea' id='block_1_105' title="bbox 2319 5753 2792 5824">
    <p class='ocr_par' dir='ltr' id='par_1_105' title="bbox 2319 5753 2792 5824">
     <span class='ocr_line' id='line_1_105' title="bbox 2319 5753 2792 5824; baseline 0.008 -17"><span class='ocrx_word' id='word_1_670' title='bbox 2319 5755 2339 5787; x_wconf 86' lang='grc'><strong><em>³</em></strong></span> <span class='ocrx_word' id='word_1_671' title='bbox 2369 5753 2554 5810; x_wconf 76' lang='lat' dir='ltr'><strong>Matth.</strong></span> <span class='ocrx_word' id='word_1_672' title='bbox 2589 5771 2710 5824; x_wconf 77' lang='grc' dir='ltr'>ιιιι,</span> <span class='ocrx_word' id='word_1_673' title='bbox 2740 5756 2792 5811; x_wconf 89' lang='grc'><strong>5.</strong></span> 
     </span>
    </p>
   </div>
   <div class='ocr_carea' id='block_1_106' title="bbox 2373 4617 3185 4689">
    <p class='ocr_par' dir='ltr' id='par_1_106' title="bbox 2373 4617 3185 4689">
     <span class='ocr_line' id='line_1_106' title="bbox 2373 4617 3185 4689; baseline 0 -19"><span class='ocrx_word' id='word_1_674' title='bbox 2373 4619 2554 4689; x_wconf 76' lang='grc' dir='ltr'>σολὴν,</span> <span class='ocrx_word' id='word_1_675' title='bbox 2587 4617 2678 4670; x_wconf 79' lang='grc' dir='ltr'>τοῦ</span> <span class='ocrx_word' id='word_1_676' title='bbox 2708 4618 2765 4670; x_wconf 81' lang='grc' dir='ltr'>δὲ</span> <span class='ocrx_word' id='word_1_677' title='bbox 2791 4618 2888 4688; x_wconf 79' lang='grc' dir='ltr'><strong>τὴν</strong></span> <span class='ocrx_word' id='word_1_678' title='bbox 2917 4617 3185 4689; x_wconf 77' lang='grc' dir='ltr'>εἰσϐολήν.</span> 
     </span>
    </p>
   </div>
   <div class='ocr_carea' id='block_1_107' title="bbox 2443 4710 3938 4787">
    <p class='ocr_par' dir='ltr' id='par_1_107' title="bbox 2443 4710 3938 4787">
     <span class='ocr_line' id='line_1_107' title="bbox 2443 4710 3938 4787; baseline 0.003 -25"><span class='ocrx_word' id='word_1_679' title='bbox 2443 4710 2550 4762; x_wconf 88' lang='lat' dir='ltr'><strong>Kal</strong></span> <span class='ocrx_word' id='word_1_680' title='bbox 2575 4710 3034 4775; x_wconf 78' lang='grc' dir='ltr'>συνεστήσαντο</span> <span class='ocrx_word' id='word_1_681' title='bbox 3063 4711 3271 4777; x_wconf 76' lang='grc' dir='ltr'>πόλεις</span> <span class='ocrx_word' id='word_1_682' title='bbox 3300 4715 3694 4778; x_wconf 81' lang='grc' dir='ltr'>κατοικεσίιις.</span> <span class='ocrx_word' id='word_1_683' title='bbox 3713 4714 3938 4787; x_wconf 72' lang='grc' dir='ltr'>Ἀγαθὴν</span> 
     </span>
    </p>
   </div>
   <div class='ocr_carea' id='block_1_108' title="bbox 2371 4801 3322 4874">
    <p class='ocr_par' dir='ltr' id='par_1_108' title="bbox 2371 4801 3322 4874">
     <span class='ocr_line' id='line_1_108' title="bbox 2371 4801 3322 4874; baseline 0.005 -22"><span class='ocrx_word' id='word_1_684' title='bbox 2371 4801 2611 4872; x_wconf 80' lang='grc' dir='ltr'>δηλονότι</span> <span class='ocrx_word' id='word_1_685' title='bbox 2645 4803 2738 4855; x_wconf 68' lang='grc' dir='ltr'>καὶ</span> <span class='ocrx_word' id='word_1_686' title='bbox 2765 4802 3015 4874; x_wconf 78' lang='grc' dir='ltr'>οὐράνιον</span> <span class='ocrx_word' id='word_1_687' title='bbox 3046 4802 3322 4857; x_wconf 84' lang='grc' dir='ltr'>πολιτείαν</span> 
     </span>
    </p>
   </div>
   <div class='ocr_carea' id='block_1_109' title="bbox 2444 4893 3937 4968">
    <p class='ocr_par' dir='ltr' id='par_1_109' title="bbox 2444 4893 3937 4968">
     <span class='ocr_line' id='line_1_109' title="bbox 2444 4893 3937 4968; baseline 0.004 -22"><span class='ocrx_word' id='word_1_688' title='bbox 2444 4893 2551 4946; x_wconf 85' lang='lat' dir='ltr'><strong>Kal</strong></span> <span class='ocrx_word' id='word_1_689' title='bbox 2594 4894 2876 4962; x_wconf 75' lang='grc' dir='ltr'><strong>ἔσπειρεν</strong></span> <span class='ocrx_word' id='word_1_690' title='bbox 2917 4894 3137 4964; x_wconf 76' lang='grc' dir='ltr'>ἀγροὺς</span> <span class='ocrx_word' id='word_1_691' title='bbox 3178 4896 3276 4949; x_wconf 81' lang='grc' dir='ltr'><strong>καί</strong></span> <span class='ocrx_word' id='word_1_692' title='bbox 3310 4896 3642 4965; x_wconf 68' lang='grc' dir='ltr'><em>ἐφύτευσεν</em></span> <span class='ocrx_word' id='word_1_693' title='bbox 3664 4898 3937 4968; x_wconf 57' lang='lat' dir='ltr'><strong>duae/ldi-</strong></span> 
     </span>
    </p>
   </div>
   <div class='ocr_carea' id='block_1_110' title="bbox 2373 4988 3932 5062">
    <p class='ocr_par' dir='ltr' id='par_1_110' title="bbox 2373 4988 3932 5062">
     <span class='ocr_line' id='line_1_110' title="bbox 2373 4988 3932 5062; baseline 0.004 -21"><span class='ocrx_word' id='word_1_694' title='bbox 2373 5004 2503 5053; x_wconf 84' lang='grc' dir='ltr'>νας.</span> <span class='ocrx_word' id='word_1_695' title='bbox 2520 4989 2750 5059; x_wconf 83' lang='grc' dir='ltr'>Νοήσεις</span> <span class='ocrx_word' id='word_1_696' title='bbox 2766 4989 2891 5050; x_wconf 82' lang='grc' dir='ltr'>τοὺς</span> <span class='ocrx_word' id='word_1_697' title='bbox 2913 4988 3115 5060; x_wconf 76' lang='grc' dir='ltr'>ἀγροὺς</span> <span class='ocrx_word' id='word_1_698' title='bbox 3135 4989 3242 5041; x_wconf 77' lang='grc' dir='ltr'><strong>ἀπὸ</strong></span> <span class='ocrx_word' id='word_1_699' title='bbox 3261 4989 3352 5042; x_wconf 85' lang='grc' dir='ltr'>τοῦ</span> <span class='ocrx_word' id='word_1_700' title='bbox 3380 4991 3660 5062; x_wconf 81' lang='grc' dir='ltr'>είρηκὸτος</span> <span class='ocrx_word' id='word_1_701' title='bbox 3679 5009 3693 5023; x_wconf 75' lang='grc' dir='ltr'><strong><em>ο</em></strong></span> <span class='ocrx_word' id='word_1_702' title='bbox 3738 4992 3932 5060; x_wconf 72' lang='grc' dir='ltr'><strong>Έξῆλ·</strong></span> 
     </span>
    </p>
   </div>
   <div class='ocr_carea' id='block_1_111' title="bbox 2376 5077 3936 5150">
    <p class='ocr_par' dir='ltr' id='par_1_111' title="bbox 2376 5077 3936 5150">
     <span class='ocr_line' id='line_1_111' title="bbox 2376 5077 3936 5150; baseline 0.002 -18"><span class='ocrx_word' id='word_1_703' title='bbox 2376 5081 2479 5132; x_wconf 86' lang='grc' dir='ltr'><em>θεν</em></span> <span class='ocrx_word' id='word_1_704' title='bbox 2525 5081 2557 5131; x_wconf 86' lang='grc' dir='ltr'><em>ό</em></span> <span class='ocrx_word' id='word_1_705' title='bbox 2590 5078 2851 5144; x_wconf 80' lang='grc' dir='ltr'><em>σπείρων</em></span> <span class='ocrx_word' id='word_1_706' title='bbox 2892 5077 2998 5132; x_wconf 86' lang='grc' dir='ltr'><strong>τοῦ</strong></span> <span class='ocrx_word' id='word_1_707' title='bbox 3035 5078 3273 5146; x_wconf 74' lang='grc' dir='ltr'>σπεῖραι</span> <span class='ocrx_word' id='word_1_708' title='bbox 3320 5080 3427 5132; x_wconf 85' lang='grc' dir='ltr'><em>τὸν</em></span> <span class='ocrx_word' id='word_1_709' title='bbox 3474 5082 3707 5150; x_wconf 79' lang='grc' dir='ltr'><em>σπόρον</em></span> <span class='ocrx_word' id='word_1_710' title='bbox 3733 5084 3936 5136; x_wconf 77' lang='grc' dir='ltr'><strong>αὐτοῦ·</strong></span> 
     </span>
    </p>
   </div>
   <div class='ocr_carea' id='block_1_112' title="bbox 2375 5167 3934 5245">
    <p class='ocr_par' dir='ltr' id='par_1_112' title="bbox 2375 5167 3934 5245">
     <span class='ocr_line' id='line_1_112' title="bbox 2375 5167 3934 5245; baseline 0.003 -23"><span class='ocrx_word' id='word_1_711' title='bbox 2375 5168 2501 5230; x_wconf 81' lang='grc' dir='ltr'>τοὺς</span> <span class='ocrx_word' id='word_1_712' title='bbox 2549 5168 2606 5221; x_wconf 79' lang='grc' dir='ltr'>δὲ</span> <span class='ocrx_word' id='word_1_713' title='bbox 2648 5167 2973 5238; x_wconf 82' lang='grc' dir='ltr'>ἀμπελῶνας</span> <span class='ocrx_word' id='word_1_714' title='bbox 3011 5167 3110 5232; x_wconf 84' lang='grc' dir='ltr'>τὰς</span> <span class='ocrx_word' id='word_1_715' title='bbox 3143 5169 3481 5241; x_wconf 83' lang='grc' dir='ltr'>Ἐκκλησίας,</span> <span class='ocrx_word' id='word_1_716' title='bbox 3516 5172 3652 5226; x_wconf 80' lang='grc' dir='ltr'>καθὸ</span> <span class='ocrx_word' id='word_1_717' title='bbox 3693 5175 3934 5245; x_wconf 67' lang='grc' dir='ltr'>εἴρηται·</span> 
     </span>
    </p>
   </div>
   <div class='ocr_carea' id='block_1_113' title="bbox 2377 5260 3617 5332">
    <p class='ocr_par' dir='ltr' id='par_1_113' title="bbox 2377 5260 3617 5332">
     <span class='ocr_line' id='line_1_113' title="bbox 2377 5260 3617 5332; baseline 0.002 -18"><span class='ocrx_word' id='word_1_718' title='bbox 2377 5263 2448 5314; x_wconf 78' lang='lat' dir='ltr'><strong>Al</strong></span> <span class='ocrx_word' id='word_1_719' title='bbox 2473 5260 2723 5328; x_wconf 74' lang='grc' dir='ltr'><strong>ἄμπελοι</strong></span> <span class='ocrx_word' id='word_1_720' title='bbox 2760 5260 3110 5328; x_wconf 81' lang='grc' dir='ltr'><strong>ὲκύπρισαν.</strong></span> <span class='ocrx_word' id='word_1_721' title='bbox 3141 5261 3373 5316; x_wconf 69' lang='grc' dir='ltr'><em>ἔδωκαν</em></span> <span class='ocrx_word' id='word_1_722' title='bbox 3403 5263 3617 5332; x_wconf 84' lang='grc' dir='ltr'><strong>ὀσμήν.</strong></span> 
     </span>
    </p>
   </div>
   <div class='ocr_carea' id='block_1_114' title="bbox 2447 5347 3934 5424">
    <p class='ocr_par' dir='ltr' id='par_1_114' title="bbox 2447 5347 3934 5424">
     <span class='ocr_line' id='line_1_114' title="bbox 2447 5347 3934 5424; baseline 0.003 -23"><span class='ocrx_word' id='word_1_723' title='bbox 2447 5347 2560 5402; x_wconf 80' lang='lat' dir='ltr'><strong>Kal</strong></span> <span class='ocrx_word' id='word_1_724' title='bbox 2602 5349 2674 5402; x_wconf 81' lang='grc' dir='ltr'><strong>τὰ</strong></span> <span class='ocrx_word' id='word_1_725' title='bbox 2711 5347 2902 5416; x_wconf 79' lang='grc' dir='ltr'><em>κτήνη</em></span> <span class='ocrx_word' id='word_1_726' title='bbox 2945 5348 3142 5402; x_wconf 81' lang='grc' dir='ltr'><em>αὐτῶν</em></span> <span class='ocrx_word' id='word_1_727' title='bbox 3173 5352 3707 5421; x_wconf 67' lang='grc' dir='ltr'><strong>οὐκ.ὲσμίκρυνεν.</strong></span> <span class='ocrx_word' id='word_1_728' title='bbox 3753 5355 3934 5424; x_wconf 71' lang='grc' dir='ltr'><strong>κτήνη</strong></span> 
     </span>
    </p>
   </div>
   <div class='ocr_carea' id='block_1_115' title="bbox 2377 5437 3933 5512">
    <p class='ocr_par' dir='ltr' id='par_1_115' title="bbox 2377 5437 3933 5512">
     <span class='ocr_line' id='line_1_115' title="bbox 2377 5437 3933 5512; baseline 0.003 -21"><span class='ocrx_word' id='word_1_729' title='bbox 2377 5439 2501 5503; x_wconf 80' lang='grc' dir='ltr'>τοὺς</span> <span class='ocrx_word' id='word_1_730' title='bbox 2534 5437 2900 5511; x_wconf 80' lang='grc' dir='ltr'>ἀλογωτέρους</span> <span class='ocrx_word' id='word_1_731' title='bbox 2927 5440 3024 5510; x_wconf 86' lang='grc' dir='ltr'>τῆς</span> <span class='ocrx_word' id='word_1_732' title='bbox 3065 5441 3386 5511; x_wconf 73' lang='grc' dir='ltr'>Ἑκκλησίας</span> <span class='ocrx_word' id='word_1_733' title='bbox 3414 5442 3567 5512; x_wconf 81' lang='grc' dir='ltr'>φησὶ,</span> <span class='ocrx_word' id='word_1_734' title='bbox 3601 5443 3742 5498; x_wconf 88' lang='grc' dir='ltr'><strong>κατά</strong></span> <span class='ocrx_word' id='word_1_735' title='bbox 3766 5444 3830 5497; x_wconf 81' lang='grc' dir='ltr'>τὸ</span> <span class='ocrx_word' id='word_1_736' title='bbox 3862 5448 3933 5499; x_wconf 84' lang='grc' dir='ltr'><strong>εί-</strong></span> 
     </span>
    </p>
   </div>
   <div class='ocr_carea' id='block_1_116' title="bbox 2385 5529 3915 5602">
    <p class='ocr_par' dir='ltr' id='par_1_116' title="bbox 2385 5529 3915 5602">
     <span class='ocr_line' id='line_1_116' title="bbox 2385 5529 3915 5602; baseline 0.005 -20"><span class='ocrx_word' id='word_1_737' title='bbox 2385 5531 2613 5602; x_wconf 84' lang='grc' dir='ltr'>ρημὲνον</span> <span class='ocrx_word' id='word_1_738' title='bbox 2635 5545 2649 5558; x_wconf 81' lang='grc'><em>’</em></span> <span class='ocrx_word' id='word_1_739' title='bbox 2677 5529 2996 5600; x_wconf 79' lang='grc' dir='ltr'><em>Κτηνώδης</em></span> <span class='ocrx_word' id='word_1_740' title='bbox 3015 5532 3306 5601; x_wconf 68' lang='grc' dir='ltr'><em>ἐγενήθην</em></span> <span class='ocrx_word' id='word_1_741' title='bbox 3330 5532 3488 5601; x_wconf 81' lang='grc' dir='ltr'>παρὰ</span> <span class='ocrx_word' id='word_1_742' title='bbox 3517 5534 3662 5590; x_wconf 74' lang='grc' dir='ltr'><strong>σοῦ’</strong></span> <span class='ocrx_word' id='word_1_743' title='bbox 3696 5537 3810 5596; x_wconf 71' lang='grc' dir='ltr'>καὶ,</span> <span class='ocrx_word' id='word_1_744' title='bbox 3827 5537 3915 5591; x_wconf 76' lang='lat' dir='ltr'><strong>‘Ar</strong></span> 
     </span>
    </p>
   </div>
   <div class='ocr_carea' id='block_1_117' title="bbox 2380 5620 3484 5694">
    <p class='ocr_par' dir='ltr' id='par_1_117' title="bbox 2380 5620 3484 5694">
     <span class='ocr_line' id='line_1_117' title="bbox 2380 5620 3484 5694; baseline 0.005 -21"><span class='ocrx_word' id='word_1_745' title='bbox 2380 5620 2647 5689; x_wconf 79' lang='grc' dir='ltr'>θρώπους</span> <span class='ocrx_word' id='word_1_746' title='bbox 2682 5622 2777 5676; x_wconf 73' lang='grc' dir='ltr'><strong>καὶ</strong></span> <span class='ocrx_word' id='word_1_747' title='bbox 2806 5623 2996 5692; x_wconf 81' lang='grc' dir='ltr'><em>κτήνη</em></span> <span class='ocrx_word' id='word_1_748' title='bbox 3018 5622 3255 5689; x_wconf 86' lang='grc' dir='ltr'><strong>σώσεις,</strong></span> <span class='ocrx_word' id='word_1_749' title='bbox 3293 5622 3484 5694; x_wconf 81' lang='grc' dir='ltr'><strong>Κύριε.</strong></span> 
     </span>
    </p>
   </div>
   <div class='ocr_carea' id='block_1_118' title="bbox 2890 5756 3929 5829">
    <p class='ocr_par' dir='ltr' id='par_1_118' title="bbox 2890 5756 3929 5829">
     <span class='ocr_line' id='line_1_118' title="bbox 2890 5756 3929 5829; baseline 0.005 -18"><span class='ocrx_word' id='word_1_750' title='bbox 2890 5757 2908 5789; x_wconf 75' lang='grc'>⁸</span> <span class='ocrx_word' id='word_1_751' title='bbox 2935 5756 3091 5812; x_wconf 86' lang='lat' dir='ltr'><strong>Cant.</strong></span> <span class='ocrx_word' id='word_1_752' title='bbox 3123 5773 3182 5826; x_wconf 83' lang='grc' dir='ltr'><strong>ιι,</strong></span> <span class='ocrx_word' id='word_1_753' title='bbox 3213 5757 3300 5812; x_wconf 86' lang='grc'><strong>15.</strong></span> <span class='ocrx_word' id='word_1_754' title='bbox 3406 5759 3426 5790; x_wconf 87' lang='grc'>⁸</span> <span class='ocrx_word' id='word_1_755' title='bbox 3455 5756 3600 5814; x_wconf 88' lang='lat' dir='ltr'><strong>Psal.</strong></span> <span class='ocrx_word' id='word_1_756' title='bbox 3648 5773 3820 5829; x_wconf 77' lang='lat' dir='ltr'><strong>um,</strong></span> <span class='ocrx_word' id='word_1_757' title='bbox 3845 5759 3929 5816; x_wconf 74' lang='grc'><strong>25.</strong></span> 
     </span>
    </p>
   </div>
  </div>
