4126 6486
171 452 262 508 655

1251 435 1615 494 EXPOSITIO
1655 433 1721 489 ΙΝ
1763 431 2091 489 ΡδΑωίυΜ
2129 429 2292 486 CV".

3286 425 3396 482 ιδι

234 563 336 619 Καὶ
377 561 787 632 ὠλιγὼθησαν.
835 560 899 613 Οἱ
955 560 1012 610 ὲν
1056 555 1134 626 τῷ
1183 555 1430 626 προτέρῳ
1487 549 1726 623 δηλονότι

1900 548 1990 602 59.
2029 546 2097 600 Et
2119 549 2275 616 pauci
2322 545 2452 616 facti
2497 555 2640 599 sunt.
2661 543 2766 611 Qui
2794 544 2848 599 in
2877 543 3043 614 priori
3069 543 3277 599 scilicet
3307 559 3400 614 po-

169 659 287 713 λαῶ.

241 751 520 820 Ἐξεκύθη
582 745 976 810 ὲξουδένωσις
995 806 1006 818 ο
1038 742 1129 796 ἐπ’
1158 742 1455 810 ἄρχοντας
1507 735 1724 791 αὐτῶν.

170 847 296 907 τοὺς
327 841 684 914 Γραμματεῖς
733 838 826 891 καὶ
860 836 1186 908 Φαρισαίους
1211 835 1363 904 φησι.
1395 832 1505 886 Καὶ
1534 827 1723 883 sua-

169 950 344 999 νησεν
367 931 592 995 αὐτοὺς
617 930 686 982 ἑν
707 927 917 995 ἀϐάτῳ,
948 929 1060 994 οὐχ
1089 924 1222 991 ὀδῷ.
1260 923 1570 977 Πλανῶνται
1595 919 1726 989 γὰρ,

170 1027 337 1095 φησὶν.
363 1026 729 1092 ἀγνοήσαντες
751 1021 839 1073 τὸν
873 1019 1122 1072 εἰπόντα·
1162 1015 1307 1086 Ἐγώ
1328 1018 1440 1084 εἰμι
1466 1015 1505 1080 ὴ
1530 1011 1687 1076 ὁδός.

234 1116 337 1170 Καὶ
365 1114 662 1182 ἐϐοήθησε
690 1113 895 1180 πένητι
923 1113 993 1165 ἐν
1019 1111 1296 1179 πτωχείᾳ.
1338 1109 1448 1163 Καὶ
1470 1108 1554 1171 τίς
1580 1109 1609 1158 6
1633 1107 1729 1159 πέ-

169 1222 275 1277 νης,
314 1204 346 1274 ἢ
382 1207 594 1266 ἐκεῖνος
626 1203 751 1274 περὶ
793 1195 853 1254 οὗ
884 1200 1128 1273 εἴρηται·
1160 1198 1447 1266 Μακάριοι
1483 1200 1538 1251 oi
1573 1210 1726 1250 πτω-

168 1297 253 1366 χοί
285 1293 363 1360 τῷ
385 1296 716 1364 πνεύματι;
739 1292 851 1346 Καὶ.
873 1293 1042 1347 ἔθετο
1067 1293 1147 1357 ὡς
1167 1291 1432 1359 πρόϐατα
1457 1288 1724 1358 πατριάς.

181 1387 345 1450 Ἰδίας,
379 1388 566 1457 φησὶν,
601 1384 879 1453 ἐλογίσατο
904 1383 1000 1446 τὰς
1045 1385 1109 1436 ὲκ
1149 1383 1258 1436 τῶν
1291 1381 1532 1454 πατριῶν
1559 1381 1730 1434 ἀπάν-

169 1497 267 1533 των
298 1478 668 1549 συναγομένας
697 1477 915 1545 ἀγέλας.

234 1574 510 1642 Ὄψονται
541 1571 734 1637 εῦθεῖς
761 1571 859 1623 καὶ
884 1568 1422 1638 εὐφρανθήσονται.
1451 1567 1562 1620 Καὶ
1586 1565 1731 1632 τινες

169 1667 212 1717 οἱ
252 1665 444 1730 εὐθεῖς,
488 1665 524 1736 ἢ
557 1664 686 1736 περὶ
732 1657 807 1716 ὧν
840 1662 1086 1733 εἴρηται·
1135 1661 1194 1713 ’Υ
1186 1659 1317 1728 μῶν
1351 1661 1418 1715 δὲ
1456 1659 1734 1730 μακάριοι

170 1757 218 1807 ot
250 1757 565 1824 ὀφθαλμοὶ,
612 1755 701 1807 ὅτι
746 1753 1115 1819 βλέπουσιν.
1156 1751 1268 1805 Kal
1299 1750 1468 1806 πᾶσα
1517 1753 1735 1822 ἀνομία

1834 642 1962 710 pulo
1982 648 2156 694 erant.

1903 731 1995 786 40.
2023 729 2214 799 Effusa
2245 737 2320 784 est
2357 730 2674 800 contemptio
2708 744 2864 798 super
2899 730 3157 797 principes
3194 745 3398 784 eorum.

1835 821 2056 879 Scrihas
2071 833 2124 878 ct
2141 822 2445 878 Pharisaeos
2467 824 2620 878 dicit.
2644 821 2707 876 Et
2724 838 2902 876 errare
2917 822 3035 891 fecit
3057 839 3143 875 eos
3165 823 3218 875 in
3236 824 3396 888 invio,

1832 925 1880 970 et
1925 931 2027 969 non
2061 917 2115 968 in
2157 919 2261 970 ria.
2291 913 2488 969 Errant
2523 916 2670 970 enim
2691 953 2707 978 ,
2735 915 2930 984 inquit,
2973 914 3100 985 quia
3148 916 3402 984 ignorant

1832 1023 1956 1062 cum
1979 1008 2072 1078 qui
2105 1008 2242 1061 dixit
2275 1027 2288 1062 :
2327 1007 2438 1078 Ego
2464 1024 2579 1061 sum
2613 1010 2700 1061 via
2721 1008 2760 1061 ⁷.

1905 1101 1996 1155 ll.
2027 1100 2094 1154 Et
2117 1102 2322 1171 adjuvit
2346 1118 2626 1170 pauperem
2649 1103 2706 1156 in
2729 1103 2928 1172 inopia.
2955 1101 3154 1172 Ecquis
3175 1117 3400 1172 pauper,

1835 1189 1940 1243 nisi
1995 1191 2062 1246 de
2107 1205 2216 1261 quo
2261 1191 2466 1246 dictum
2497 1201 2610 1248 est:
2658 1191 2812 1246 Beati
2845 1209 3095 1263 pauperes
3121 1195 3310 1264 spiritu
3336 1194 3403 1247 ’ἲ

1836 1280 1903 1334 Et
1937 1285 2110 1350 posuit
2136 1285 2270 1336 sicut
2315 1300 2432 1338 oves
2474 1284 2728 1354 familias.
2762 1284 3040 1355 Proprias,
3070 1288 3264 1357 inquit,
3299 1287 3403 1346 sibi

1834 1371 2170 1427 existimavit
2193 1388 2382 1444 greges
2407 1388 2474 1428 ex
2506 1373 2760 1429 omnibus
2801 1374 3020 1431 familiis
3057 1387 3299 1434 coactos.

1909 1558 1998 1613 42.
2045 1558 2303 1616 Videbunt
2340 1566 2466 1619 recti
2505 1573 2554 1619 et
2598 1565 2942 1620 latabuntur.
2979 1566 3278 1638 Ecquinam
3314 1587 3402 1626 re-

1839 1653 1911 1707 cti
1947 1653 2054 1708 nisi
2091 1655 2157 1709 de
2196 1657 2396 1725 quibus
2422 1658 2626 1713 dictum
2675 1668 2762 1714 est
2793 1678 2808 1714 :
2839 1659 3012 1714 Vestri
3053 1671 3228 1716 autem
3265 1666 3406 1720 oculi

1841 1743 1978 1799 beati
2012 1747 2141 1816 quia
2183 1748 2356 1802 vident
2389 1749 2432 1803 ’.
2457 1747 2527 1803 Et
2554 1751 2722 1804 omnis
2751 1751 3004 1821 iniquitas
3047 1753 3300 1822 oppilabit
3348 1774 3406 1810 os

169 1845 442 1914 tappdé‘st
471 1845 539 1900 τὸ
576 1847 768 1916 στόμα
799 1843 1010 1913 αὐτῆς.
1046 1842 1191 1910 Θεὸς
1222 1847 1255 1897 ό
1288 1841 1549 1910 δικαιῶν,
1574 1846 1666 1910 τίς
1701 1847 1736 1898 d

1840 1853 1994 1891 suum
2020 1839 2084 1892 ιο.
2119 1838 2256 1892 Deus
2277 1840 2367 1909 qui
2394 1831 2672 1909 iustiﬁcat,
2698 1843 2814 1912 quis
2834 1852 2910 1896 est
2933 1845 3023 1912 qui
3047 1845 3394 1901 condemnet?

170 1937 403 2004 κατακρί
405 1953 529 1988 νων
543 1977 558 2000 ,

410 2021 416 2026 ’
448 2028 589 2099 ’ῼδὴ
625 2030 941 2082 ΨΑΛΜΟΥ
964 2026 1045 2092 τῷ
1073 2025 1274 2080 Δαυΐδ.
1314 2029 1442 2081 PZ'.

786 2118 1118 2184 Ὑπόθεσις.

171 2209 270 2263 Kal
299 2211 356 2262 ἐν
395 2210 572 2281 τούτῳ
620 2213 654 2282 ἡ
701 2213 969 2281 παρουσία
992 2212 1085 2266 τοῦ
1115 2213 1316 2284 Κυρίου
1343 2217 1375 2285 ἡ
1405 2215 1484 2277 εἰς
1509 2215 1576 2267 τὰ
1607 2211 1736 2284 ἔθνη

232 2304 489 2374 γενομένη
521 2303 1012 2376 κηρύττεται.Ἤδη
1055 2307 1113 2359 δὲ
1147 2309 1361 2360 πάντων
1400 2307 1507 2359 τῶν
1541 2306 1736 2376 στίχων

232 2393 337 2448 τῶν
377 2397 435 2447 ἐν
463 2395 543 2466 τῷ
573 2397 799 2469 παρόντι
830 2397 1028 2470 ψαλμῷ
1073 2400 1132 2450 ὲν
1165 2403 1274 2463 τοῖς
1300 2400 1474 2453 ὀπίσω
1505 2399 1738 2469 ψαλμοῖς

234 2487 700 2558 ἑρμηνευομένων,
730 2491 982 2561 περιττὸν
1015 2491 1081 2545 ἂν
1105 2493 1190 2562 εἴη
1225 2493 1386 2546 πάλιν
1418 2493 1531 2556 τοῖς
1555 2491 1737 2552 αὐτοῖς

233 2579 534 2649 χρήσασθαι
559 2583 639 2644 είς
667 2583 960 2654 ἑρμηνείαν
988 2584 1096 2638 τῶν
1131 2585 1523 2656 προκειμένων.

244 2669 470 2742 Ἑτοίμη
500 2675 538 2743 ἡ
568 2675 778 2742 καρδία
809 2694 950 2746 μου,
991 2680 1024 2731 ὁ
1053 2678 1216 2744 Θεός.
1243 2678 1351 2730 Καὶ
1379 2679 1436 2730 ὲν
1462 2677 1637 2747 τούτῳ
1659 2673 1737 2746 τῷ

173 2763 357 2835 ψαλμῷ
384 2769 418 2837 ὴ
453 2768 724 2839 παρουσία
768 2768 862 2822 τοῦ
909 2771 1115 2841 Κυρίου
1147 2773 1180 2840 ἡ
1210 2773 1289 2835 είς
1327 2769 1397 2824 τὰ
1433 2769 1560 2840 ἔθνη
1587 2786 1740 2837 γενο-

178 2857 299 2928 μένη
337 2858 835 2930 κηρύττεται.Ἥδη
880 2859 936 2912 δὲ
985 2859 1094 2912 τῶν
1145 2861 1341 2932 στίχων
1393 2860 1595 2913 τούτων
1639 2861 1738 2932 τὴν

177 2947 453 3019 ἑρμηνείαν
482 2952 539 3003 ὲν
569 2949 647 3020 τῷ
676 2949 748 3002 νθ¹
772 2949 970 3021 ψαλμῷ
1001 2951 1346 3022 τεθείκαμεν.

248 3039 627 3110 Ἐξεγέρθητι.
662 3040 700 3108 ἡ
730 3038 880 3104 δόξα
903 3059 1043 3110 μου.
1085 3041 1223 3108 Δόξα
1253 3042 1309 3095 δὲ
1337 3039 1502 3094 αὑτοῦ
1536 3043 1570 3114 ἡ
1612 3041 1742 3097 θεω-

179 3131 359 3205 ρητικὴ
410 3134 506 3187 καὶ
551 3135 828 3206 πρακτικὴ
879 3134 1011 3201 ἕξις,
1039 3135 1159 3188 καθ’
1195 3135 1262 3207 ῆν
1305 3135 1573 3190 διάκειται
1605 3135 1742 3207 πρὸς

175 3226 264 3296 τὴν
294 3225 490 3300 ἠθικὴν
519 3229 614 3283 καὶ
645 3229 1029 3299 διακονητικὴν
1054 3229 1278 3301 ἀρετήν.

240 3316 363 3372 ὀτι
396 3318 552 3390 μέγα
593 3318 794 3373 ἐπάνω
836 3317 956 3371 τῶν
982 3317 1255 3386 οὐρανῶν
1295 3317 1364 3369 τὸ
1397 3316 1567 3381 ἔλεός
1599 3329 1735 3371 σου.

177 3407 422 3463 Τοσοῦτόν
475 3428 570 3463 σου
619 3409 682 3463 τὸ
727 3409 894 3473 ἕλεος,
929 3409 1004 3473 ὡς
1046 3406 1391 3481 ὑπερϐαίνειν
1424 3406 1556 3478 ὕψος
1579 3405 1740 3479 οὐρά-

177 3517 296 3565 νιον,
331 3503 424 3556 καὶ
459 3501 734 3572 πανταχοῦ
779 3501 1082 3574 διᾴττουσιν
1126 3502 1184 3556 αἱ
1214 3501 1312 3573 τῆς
1359 3499 1458 3572 σῆς
1486 3499 1742 3572 ἀληθείας

177 3591 396 3655 ἀκτῖνες,
422 3591 718 3663 προφητῶν
769 3594 862 3644 καὶ
909 3591 1224 3646 ἀποστόλων
1273 3591 1368 3644 καὶ
1408 3589 1741 3644 διδασκάλων

177 3684 284 3745 ταῖς
315 3683 528 3752 ἐκείνης
568 3682 777 3754 ῥανίσιν
805 3681 1140 3754 ἀρδευόντων
1170 3680 1269 3753 τὴν
1293 3683 1414 3752 γῆν.

256 3774 530 3843 Ὑψὼθητι
555 3773 653 3827 ἐπί
682 3773 822 3840 τοὺς
842 3772 1156 3841 οὐρανοὺς,
1183 3775 1214 3825 d
1242 3773 1405 3837 Θεός.
1423 3770 1542 3824 Ἀπ’
1567 3770 1741 3842 ἀρχῆς

179 3867 326 3940 μέχρι
366 3869 465 3938 τῆς
506 3866 786 3936 παρούσης
815 3865 1014 3934 λέξεως
1040 3866 1069 3918 6
1095 3864 1256 3928 αὐτός
1298 3867 1412 3918 ἐστι
1445 3863 1520 3934 τῷ
1553 3881 1744 3934 πεντη-

179 3959 340 4032 κοστῷ
369 3962 513 4031 ἕκτῳ
532 3959 752 4031 ψαλμῷ,
776 3959 870 4012 καὶ
894 3959 1002 4013 ἀπὸ
1025 3958 1228 4029 ταύτης
1260 3957 1419 4029 μέχρι
1451 3957 1636 4020 τέλους
1665 3955 1742 4028 τῷ

179 4052 512 4123 πεντηκοστιρ
546 4051 767 4120 ὲννάτῳ.
795 4051 902 4103 Καὶ
931 4050 1141 4123 εἴρηται
1168 4049 1235 4103 τὰ
1258 4049 1459 4103 εἰκότα.

253 4234 663 4304 Ὑψωθήσομαι
691 4231 788 4286 καὶ
817 4228 1088 4301 διαμεριῶ
1116 4229 1346 4298 Σίκιμα.
1374 4225 1454 4280 Τά
1478 4223 1584 4278 τῶν
1611 4225 1743 4278 Ἰου-

182 4326 330 4380 δαίων
359 4329 592 4399 ἕγκριτα
626 4327 719 4380 καὶ
751 4325 1002 4395 ἐξαίρετα
1033 4321 1366 4395 διαμερίζειν
1407 4321 1519 4383 τοῖς
1565 4317 1743 4372 ἔθνεσι

182 4421 266 4472 καὶ
305 4423 380 4484 είς
419 4417 787 4490 κληρονομίαν
830 4418 1193 4486 καταμετρεῖν
1239 4411 1376 4484 μετά
1419 4413 1592 4482 χαρᾶς
1643 4411 1744 4463 ὐπ-

184 4513 487 4582 ἐσβτοᾘΩς-
513 4512 624 4582 γὰρ
656 4510 856 4579 ἀγαθὸς
905 4509 1086 4578 πατὴρ
1118 4507 1295 4578 χαίρει
1328 4504 1555 4566 πολλοὺς
1595 4504 1744 4566 υἱοὺς

2009 2017 2048 2071 1.
2076 2015 2352 2070 Canticum
2379 2015 2651 2072 PSALMI
2689 2019 2790 2086 ipsi
2819 2017 3010 2074 David.
3043 2017 3230 2074 CVII.

2415 2107 2822 2177 Argumentum.

1835 2194 1891 2250 lu
1923 2197 2027 2251 hoc
2053 2213 2271 2267 quoque
2297 2199 2510 2268 psalmo
2535 2199 2804 2256 adventus
2835 2199 3054 2256 Domini
3106 2203 3173 2257 ad
3217 2213 3405 2274 gente!

1907 2286 2255 2355 praedicatur.
2318 2286 2455 2340 Cum
2514 2297 2698 2342 autem
2747 2305 2942 2344 versus
2996 2305 3190 2347 omnes
3241 2293 3409 2364 hujus

1907 2379 2102 2447 psalmi
2151 2380 2204 2433 in
2253 2381 2684 2449 pracedentihus
2735 2383 2991 2453 explicati
3039 2384 3262 2452 fuerint,
3314 2403 3409 2443 su-

1905 2487 2298 2541 pervacaneum
2333 2483 2479 2529 esset
2510 2475 2701 2530 iisdem
2733 2475 2867 2545 ipsis
2897 2477 2976 2530 uti
2998 2477 3066 2531 ad
3089 2476 3302 2534 horum’
3322 2481 3409 2535 iu-

1908 2565 2348 2633 terpretationem
2363 2605 2377 2618 .

1910 2656 1964 2711 2.
2009 2655 2267 2710 Paratum
2310 2674 2403 2712 cor
2463 2674 2655 2725 meum,
2708 2657 2871 2714 Deus.
2927 2659 2984 2715 ln
3043 2663 3149 2718 hoc
3191 2679 3411 2735 quoque

1838 2750 2047 2819 psalmo
2075 2749 2339 2804 adi-cutus
2369 2749 2582 2805 Domini
2613 2749 2680 2804 ad
2709 2761 2897 2820 gentes
2925 2755 3270 2823 praedicatur.
3301 2755 3408 2811 llo-

1839 2855 1960 2893 rum
2015 2855 2145 2893 vero
2193 2841 2611 2909 explicationem
2662 2841 2719 2894 in
2766 2843 3223 2914 quinquagesimo
3264 2863 3410 2902 nono

1839 2934 2051 3003 psalmo
2083 2934 2387 2988 attulimus.

1912 3026 1964 3080 '5.
1982 3024 2244 3096 Exsurge,
2270 3027 2439 3097 gloria
2459 3043 2594 3081 mea.
2615 3026 2799 3082 Gloria
2823 3037 3004 3084 autem
3023 3030 3408 3100 cjusestlnhi-

1843 3126 1931 3171 tus
1950 3117 2350 3186 contemplandi
2377 3128 2431 3170 et
2459 3118 2675 3188 agendi,
2699 3121 3000 3173 secundum
3028 3137 3189 3190 quem
3206 3123 3271 3176 ad
3296 3137 3412 3178 mo-

1844 3211 2010 3263 ralem
2046 3217 2102 3263 ct
2137 3209 2664 3264 administratoriam
2692 3209 2944 3264 virtutem
2973 3222 3052 3265 est
3080 3228 3407 3282 propensus.

1766 3261 1808 3320 ϐ
1907 3299 1961 3356 5.
1997 3299 2136 3364 Quia
2178 3318 2367 3373 magna
2396 3313 2471 3357 est
2503 3319 2659 3372 super
2691 3303 2848 3357 celos
2886 3261 3251 3358 misericrardria
3293 3315 3407 3360 tua.

1841 3391 2012 3448 Tanta
2032 3403 2117 3449 est
2143 3395 2520 3450 misericordia
2550 3406 2664 3460 tua,
2689 3406 2750 3452 ut
2777 3397 3038 3453 caelorum
3069 3400 3409 3456 altitudinem

1840 3495 2156 3557 exsuperet,
2187 3496 2242 3542 et
2276 3489 2478 3559 ubique
2503 3490 2819 3546 transiliunt
2849 3492 3094 3547 veritatis
3115 3501 3220 3548 tua:
3247 3493 3431 3562 radii.

1841 3580 2146 3649 prophetis,
2197 3581 2462 3650 apostolis
2508 3590 2566 3637 et
2605 3583 2885 3654 magistris
2920 3590 3122 3638 terram
3165 3598 3262 3654 per
3288 3584 3410 3655 ejus

1842 3671 2019 3724 stillas
2048 3672 2425 3740 irrigantibns.

1913 3763 1966 3818 6.
2002 3762 2256 3818 Exatturc
2283 3781 2439 3835 super
2462 3765 2640 3830 calas,
2671 3765 2828 3821 Deus.
2857 3765 2941 3822 Ab
2968 3765 3124 3822 initio
3154 3767 3221 3822 ad
3262 3767 3411 3824 hunc

1840 3870 2061 3912 versum
2104 3872 2278 3928 usque
2317 3858 2458 3913 idem
2495 3867 2581 3915 est
2624 3858 2712 3914 hic
2758 3859 3003 3928 psalmus
3047 3866 3212 3930 atque
3247 3860 3412 3931 quin-

1843 3949 2192 4019 quagesimus
2209 3959 2413 4014 sextus,
2431 3950 2501 4005 ab
2518 3951 2620 4006 hoc
2636 3960 2816 4006 autem
2835 3965 2990 4006 versu
3009 3951 3076 4006 ad
3092 3951 3256 4007 linem
3271 3953 3410 4010 idem

1843 4049 2006 4110 atque
2027 4041 2513 4111 quinquagesimum
2551 4057 2748 4098 nonus.
2778 4041 2844 4097 Et
2877 4043 2992 4113 jam
3025 4059 3148 4114 qua:
3185 4060 3410 4116 compe-

1843 4133 2027 4189 tebant
2057 4132 2199 4188 dicta
2239 4137 2384 4189 sunt.

1910 4228 1964 4283 8.
2003 4227 2301 4282 Exaltabor
2334 4235 2384 4282 et
2425 4225 2659 4280 dividam
2705 4223 2966 4281 Sichima.
3021 4224 3300 4282 Promittit
3347 4242 3410 4284 se

1842 4319 2150 4376 Iudaeorum
2182 4320 2626 4390 praestantissima
2651 4328 2705 4375 et
2742 4319 3135 4390 pretiosissima
3158 4321 3408 4402 gentibus

1844 4415 2146 4470 divisurum
2182 4425 2236 4468 et
2265 4414 2318 4467 in
2363 4413 2730 4467 hereditatem
2778 4411 3221 4467 distributurum.
3271 4411 3408 4469 Nam

1845 4516 2026 4576 utpote
2049 4507 2223 4560 bonus
2252 4513 2423 4576 pater,
2458 4505 2597 4558 ﬁlios
2627 4504 2825 4558 multos
2859 4521 2981 4559 cum
3009 4507 3206 4576 gaudio
3233 4508 3410 4562 susci-

184 4605 602 4685 προσλαμϐάνων
637 4603 730 4656 καὶ
769 4600 1065 4674 κτώμενος.
1107 4597 1453 4672 Συμϐολικῶς
1489 4598 1544 4651 δὲ
1575 4596 1737 4650 ταῦτα

1847 4599 1926 4668 pit
1952 4607 2007 4654 et
2032 4598 2294 4669 possidet.
2329 4596 2454 4653 Haec
2499 4611 2662 4668 porro
2697 4597 2942 4667 ﬁgurate,
2977 4606 3031 4653 et
3056 4613 3150 4668 per
3175 4599 3407 4667 aenigma

184 4699 268 4752 καὶ
305 4698 370 4752 δι’
394 4699 714 4768 αἰνίγματος
761 4693 1126 4764 αἰνιττόμενος
1153 4691 1460 4762 φθέγγεται.
1480 4689 1603 4771 Ἐπὶ
1637 4690 1746 4760 γαρ

183 4794 241 4863 τῇ
284 4793 484 4848 κοιλάδι
530 4789 639 4844 τῶν
688 4787 855 4842 ἐθνῶν
882 4785 1077 4860 χωρίον
1115 4783 1271 4836 τοῦτο
1313 4785 1410 4855 τῆς
1448 4781 1616 4852 Σιχὲμ
1645 4782 1740 4834 καὶ

185 4886 366 4958 Σίκιμα
396 4887 698 4959 λεγομένης
731 4882 1121 4955 ὲτύγχανεν.⁹υ
1166 4877 1379 4946 Ἰακὼϐ,
1410 4880 1473 4930 ἐκ
1500 4877 1741 4929 Μεσοπο-

183 4983 363 5056 ταμίας
389 4983 596 5047 ἀναϐὰς
644 4980 783 5053 μετά
829 4979 938 5032 τῶν
979 4978 1205 5038 τέκνων,
1234 4973 1448 5045 ᾤκησεν
1485 4969 1612 5022 ἔνθα
1641 4967 1738 5039 τὴν

185 5077 324 5130 Δείνα
351 5074 624 5144 θυγατέρα
643 5072 734 5126 τοῦ
781 5069 975 5124 Ἰακὼϐ
1019 5066 1202 5137 Ἐμὼρ
1237 5065 1266 5116 6
1295 5064 1409 5126 υίὸς
1436 5059 1529 5114 τοῦ
1572 5059 1740 5130 Σιχὲμ

185 5168 413 5238 ἐρασθεὶς
464 5168 681 5238 ἥρπασε
715 5164 810 5218 καὶ
838 5161 1109 5235 ἔφθειρεν.
1140 5157 1201 5210 Ol
1249 5155 1359 5227 γὰρ
1407 5151 1498 5206 τοῦ
1547 5149 1736 5204 Ἰακὼϐ

188 5259 353 5323 παῖδες
391 5257 552 5312 αὐτὸν
579 5255 716 5327 μετὰ
747 5252 943 5315 παντὸς
968 5248 1096 5304 λαοῦ
1126 5242 1470 5314 κατέσφαξαν
1497 5242 1739 5312 ἀπαντή-

189 5367 382 5416 σαντες.
410 5351 568 5409 Οὖτω
614 5349 684 5402 τὰ
729 5347 948 5418 Σίχιμα,
979 5343 1088 5397 τῶν
1139 5339 1352 5411 σκηνῶν
1388 5335 1589 5400 κοιλὰς,
1618 5335 1736 5388 κτί-

190 5459 352 5514 σματα
378 5445 473 5498 τοῦ
506 5440 839 5513 πατριάρχου
866 5434 1249 5507 γέγονε.Τοῦτο
1269 5431 1444 5485 τοίνυν
1464 5427 1523 5482 τὸ
1543 5427 1738 5499 χωρίον

192 5537 407 5605 μερίζων
450 5532 647 5589 Ἰακὼϐ
694 5534 805 5594 τοῖς
852 5527 1030 5590 παισὶ,
1083 5525 1173 5579 τὸν
1222 5522 1422 5594 κλῆρον
1463 5519 1736 5590 ἐξαίρετον

200 5625 377 5700 Ἰωσὴρ
405 5628 699 5695 ἀπένειμεν
719 5640 732 5653 ⁸
768 5621 953 5691 ἐπειδὴ
984 5621 1094 5682 τοῖς
1119 5615 1364 5684 ἀδελφοῖς
1393 5613 1510 5668 νέος
1533 5610 1608 5664 ἴον
1639 5610 1736 5662 οὐκ

189 5718 439 5773 διοινώνει
489 5717 585 5771 τοῦ
629 5716 919 5787 δράματος.
953 5711 1061 5764 Καὶ
1091 5709 1279 5763 τούτου
1322 5707 1480 5776 χάριν
1509 5720 1738 5774 καταμε-

251 5833 266 5862 ⁷
295 5833 444 5888 .loan.
469 5848 580 5898 xiv,
599 5827 652 5884 6.
731 5830 753 5861 ⁸
776 5827 963 5884 Matth.
990 5843 1044 5893 v,
1080 5824 1132 5879 5.

1851 4692 2272 4763 atque.ohscure
2305 4692 2567 4762 loquitur.
2604 4691 2661 4746 In
2701 4691 2842 4744 valle
2871 4706 3106 4762 namque
3140 4693 3406 4763 gentium,

1843 4783 1998 4838 locus
2029 4783 2136 4844 hic,
2170 4781 2386 4837 Sichem
2422 4793 2515 4837 aut
2545 4783 2786 4838 Sichima
2817 4782 2954 4837 situs
2992 4793 3110 4838 erat
3140 4800 3154 4838 :
3196 4783 3251 4838 in
3297 4799 3407 4852 quo

1841 4873 2010 4930 Jacoh
2043 4890 2166 4930 cum
2202 4889 2270 4929 ex
2312 4875 2699 4946 Mesopotamia
2729 4877 3083 4940 ascendisset,
3116 4891 3240 4930 cum
3279 4873 3407 4931 ﬁliis

1842 4971 1958 5025 suis
1993 4969 2273 5024 habitavit.
2301 4968 2402 5024 Uhi
2439 4968 2630 5024 Dinam
2656 4968 2844 5023 Jacobi
2876 4968 3040 5023 tiliam
3069 4967 3236 5022 Emur
3261 4965 3406 5022 ﬁlius

1847 5060 2086 5127 Sichcm,
2103 5061 2293 5131 puella:
2317 5061 2717 5132 pulchritudine
2741 5070 2953 5131 captus,
2978 5059 3157 5129 rapuit
3175 5070 3230 5114 et
3248 5059 3406 5114 vitia-

1843 5149 1937 5201 vit.
1975 5147 2110 5202 Tum
2138 5149 2232 5204 lilii
2257 5148 2424 5203 Jaroh
2457 5165 2580 5204 eum
2611 5163 2735 5202 cum
2769 5149 2918 5203 omni
2947 5149 3147 5218 populo
3183 5163 3282 5204 suo
3306 5148 3404 5201 ob-

1843 5249 2184 5296 truncarunt.
2215 5239 2294 5294 lta
2326 5239 2588 5304 Sichima,
2619 5240 2880 5295 convallis
2907 5239 3399 5303 tabernaculorum,

1844 5333 1912 5388 ad
1967 5333 2369 5404 possessionem
2430 5333 2752 5403 patriarchae
2806 5332 3059 5389 devoluta
3093 5340 3192 5387 cst.
3245 5331 3404 5387 Hunc

1844 5426 2029 5494 itaque
2063 5424 2240 5480 locum
2263 5423 2431 5480 Jacob
2453 5440 2575 5480 cum
2599 5433 2797 5478 terram
2827 5423 2954 5480 ﬁliis
2981 5425 3093 5480 suis
3117 5423 3401 5486 divideret,

1838 5517 1996 5588 quasi
2031 5519 2358 5588 prmeipuam
2404 5527 2604 5572 sortem
2646 5514 2885 5586 Josepho
2925 5515 3073 5571 dedit
3111 5514 3275 5586 :quia
3311 5515 3404 5583 jn-

1836 5612 1994 5666 venis
2069 5625 2194 5664 cum
2269 5620 2451 5676 esset,
2514 5609 2785 5679 ejusmodi
2853 5609 3112 5664 facinoris
3173 5620 3401 5664 consoni

1835 5720 1959 5760 cum
2030 5701 2290 5757 fratribus
2354 5719 2463 5760 non
2533 5699 2744 5760 fuisset.
2793 5699 3026 5772 Ideoque
3076 5712 3138 5756 se
3191 5697 3400 5757 divisu-

1209 5826 1230 5856 '
1259 5821 1445 5877 Matth.
1477 5836 1597 5887 sui,
1635 5819 1720 5875 l6.
1800 5819 1840 5849 ‘°
1869 5815 2025 5872 Rom.
2059 5828 2176 5875 vm,
2220 5813 2308 5868 35.
