4126 6478
193 430 284 489 657

1265 424 1619 481 EXPOSITIO
1654 423 1719 478 IN
1758 423 2084 484 PSALMUM
2122 427 2301 486 CVIII.

3250 431 3353 492 458

194 548 306 604 ατοῦ
337 543 773 616 προσευχομένων
804 541 878 612 τῷ
902 541 1017 614 Θεῷ
1034 559 1045 574 ·
1071 543 1160 595 καὶ
1187 542 1468 614 αἱρετικῶν
1493 543 1721 613 εὐχομέ-
1750 546 1792 603 Α

1822 543 1913 597 sed
1942 560 2048 600 non
2078 560 2170 615 per
2185 543 2366 600 Iesum
2392 542 2664 599 Christum
2696 562 2712 611 ;
2741 559 2948 602 necnon
2978 547 3355 608 hereticorum

194 658 287 694 νων
315 636 432 709 Θεῷ
453 637 553 690 οὐκ
570 637 682 688 ὅντι
699 653 713 666 ο
738 635 830 688 καὶ
848 635 1287 705 προσευχομένων
1312 634 1367 687 δὲ
1395 636 1533 704 μετά
1555 636 1720 707 ὀργῆς

193 734 274 786 καὶ
301 730 382 784 διὰ
405 728 696 799 λογισμῶν,
718 726 750 796 ἢ
779 726 1042 797 διψυχίας,
1065 728 1097 797 ἡ
1125 727 1394 798 προσευχὴ
1417 726 1621 796 γίνεται
1643 731 1722 794 είς

193 821 458 895 ἁμαρτίαν.

251 910 677 980 Γενηθήτωσαν
706 912 765 963 αἱ
799 909 1004 979 ἡμέραι
1035 906 1218 962 αὐτοῦ
1264 909 1475 979 ὀλίγαι.
1509 910 1722 976 Εὐθέως

191 1003 284 1076 γάρ
312 1003 442 1075 μετά
468 1003 568 1074 τὴν
591 1003 874 1074 προδοσίαν
902 1000 1102 1073 ἀγχόνῃ
1133 1001 1318 1054 ἑαυτὸν
1345 1003 1722 1076 μεταχειρίσας

191 1097 476 1168 ἀπηλλάγη,
504 1095 596 1148 καὶ
625 1095 723 1148 οὐκ
756 1095 944 1163 ἐφάνη.
985 1092 1090 1146 Καὶ
1113 1093 1226 1159 τὴν
1251 1095 1590 1163 ἐπισκοπὴν
1615 1099 1722 1150 αὐ-

190 1186 284 1240 τοῦ
309 1185 476 1240 λάϐοι
508 1184 727 1251 ἔτερος.
767 1183 901 1254 Περὶ
929 1181 1022 1234 τοῦ
1053 1182 1291 1236 Ματθίου
1327 1185 1487 1254 φησίν
1506 1199 1519 1212 °
1563 1187 1721 1251 αὐτὸς

189 1280 284 1347 γὰρ
301 1275 545 1345 ἐλογίσθη
568 1279 644 1338 είς
660 1275 996 1345 δικαιοσύνην
1023 1277 1102 1339 είς
1131 1275 1220 1328 τὸν
1245 1276 1441 1347 κλῆρον
1468 1277 1574 1330 τῶν
1594 1281 1724 1332 ἀπο-

189 1368 388 1421 στόλων.

246 1457 671 1526 Γενηθήτωσαν
694 1458 747 1510 ol
775 1455 889 1510 vlol
914 1456 1096 1511 αὑτοῦ
1121 1457 1386 1526 ὀρφανοί.
1419 1458 1538 1510 Υἱοὶ
1565 1458 1612 1510 οἰ
1638 1456 1724 1510 λο-

186 1551 353 1622 γισμοὶ
379 1547 542 1603 αὐτοῦ
563 1564 576 1578 ·
603 1549 824 1618 όρψανοὶ
857 1547 964 1620 γὰρ
994 1547 1236 1615 ἐγένοντο
1262 1549 1367 1603 ἀπὸ
1388 1548 1486 1618 τῆς
1507 1548 1723 1620 χάριτος

185 1642 266 1695 τοῦ
307 1639 559 1712 Χριστοῦ.
604 1639 742 1710 Γυνὴ
771 1639 882 1709 δὲή
913 1637 1056 1708 ψυχὴ
1095 1639 1290 1692 αὑτοῦ·
1331 1640 1589 1709 ἐχήρευσε
1615 1638 1722 1709 γὰρ

186 1735 267 1787 καὶ
292 1733 422 1803 αὑτὴ
453 1732 757 1786 ἐκπεσοῦσα
779 1730 885 1784 ἀπὸ
919 1730 1012 1783 τοῦ
1037 1731 1270 1801 Χριστοῦ
1303 1730 1390 1784 διὰ
1417 1732 1514 1801 τῆς
1543 1747 1719 1801 παρα-

184 1823 374 1893 νομίας.
411 1825 804 1890 Σαλευόμενοι
829 1819 1281 1889 μεταναστήτωο
1293 1836 1370 1872 αν
1393 1822 1446 1874 οι
1472 1820 1586 1874 vlol
1615 1822 1720 1874 αὑ-

184 1914 277 1969 τοῦ
320 1913 414 1968 καί
454 1913 968 1980 ἐπαιτησάτωσαν.
1002 1915 1063 1965 Oi
1096 1912 1203 1984 γὰρ
1248 1913 1493 1982 λογισμοὶ
1536 1911 1718 1976 αὐτοῦ,
1752 1894 1793 1948 Β

183 2004 263 2070 ὠς
306 2006 510 2077 ἔφαμεν
559 1999 695 2058 εἶναι
746 2004 916 2068 υίους,
951 2005 1280 2075 μετανάσται
1310 2005 1582 2074 γενόμενοι
1612 2005 1720 2058 ἀπὸ

181 2097 265 2152 τοῦ
288 2096 538 2167 Χριστοῦ,
575 2097 653 2158 είς
679 2095 776 2166 τὴν
801 2095 1155 2167 φιλαργυρίαν
1185 2098 1338 2167 χεῖρα
1360 2092 1624 2160 ἐξέτειναν
1642 2097 1721 2160 είς

181 2187 236 2241 τὸ
259 2185 531 2258 ἀργύριον,
561 2186 636 2249 ὡς
658 2185 850 2249 ἐνδεεῖς
879 2187 970 2239 καὶ
1000 2189 1306 2257 προσαίται.

255 2279 667 2347 Ἀναμνησθείη
713 2280 751 2346 ἠ
797 2278 1048 2347 ἁμαρτία
1089 2276 1206 2330 τῶν
1237 2276 1502 2345 πατέρων
1535 2275 1719 2330 αὐτοῦ

181 2368 365 2422 ἔναντι
395 2370 636 2438 Κυρίου.
665 2369 836 2423 Αὑτοῦ
877 2369 972 2423 τοῦ
1016 2369 1174 2424 λαοῦο
1223 2369 1479 2423 συνάπτει
1512 2367 1618 2439 γὰρ
1641 2366 1720 2438 τῷ

181 2461 395 2532 προδότῃ
425 2461 517 2515 τδν
549 2462 858 2532 παράνομον
887 2463 1031 2516 λαόν.
1051 2462 1300 2532 ’Δνομίαν
1324 2462 1378 2515 δὲ
1402 2461 1508 2514 τῶν
1553 2461 1718 2513 πατέ-

183 2567 280 2622 ρων
303 2548 444 2620 λέγει
475 2551 536 2603 τὸ
568 2552 877 2605 ἀποκτεῖναι
904 2555 1028 2614 τοὺς
1056 2554 1356 2623 προφήτας,
1389 2553 1525 2606 κατά
1550 2553 1610 2604 τὸ
1640 2553 1718 2604 εί-

183 2643 399 2715 ρημὲνον
441 2642 548 2697 ὑπὸ
595 2643 701 2697 τοῦ·
731 2644 932 2715 Κυρίου
954 2662 966 2675 ·
994 2645 1075 2698 ὅτι
1109 2645 1215 2698 πᾶν
1243 2639 1379 2715 αἷμα
1405 2644 1606 2698 δίκαιον
1629 2647 1719 2697 ὲκ-

181 2737 455 2806 χυνόμενον
502 2735 610 2789 ἀπὸ
646 2734 739 2790 τοῦ
769 2734 929 2788 Ἀὄελ
954 2734 1057 2799 ἕως
1086 2735 1350 2806 Ζαχαρίου
1388 2734 1480 2788 τοῦ
1511 2737 1719 2807 προφή-

179 2841 261 2877 του
302 2826 708 2898 ἐκδικηθήσεται
754 2826 860 2880 ἀπὺ
907 2828 1005 2897 τῆς
1047 2829 1236 2894 γενεᾶς
1280 2827 1498 2900 ταύτης.
1539 2830 1646 2882 Kal
1680 2829 1718 2897 ἡ

182 2913 414 2984 ἁμαρτία
449 2917 559 2984 τῆς
593 2915 817 2985 μητρὸς
849 2916 1032 2970 αὐτοῦ
1053 2915 1139 2985 μὴ
1170 2917 1564 2986 ἐξαλειφθείη.
1596 2919 1718 2989 Μη-

181 3007 300 3078 τέρα
343 3008 434 3061 τοῦ
476 3007 764 3073 δυσσεϐοῦς
808 3008 934 3062 λαοῦ
964 3011 1063 3081 τὴν
1096 3009 1334 3081 πονηρὰν
1358 3011 1568 3080 ἐκείνην
1594 3012 1718 3082 νοή-

184 3115 283 3164 σεις
308 3100 642 3173 συναγωγὴν,
689 3100 787 3172 τὴν
831 3100 1086 3166 πολλάκις
1113 3102 1603 3174 παραπικράνασαν
1629 3103 1719 3156 τὸν

181 3190 313 3246 Θεόν.

1819 636 1910 705 qui
1935 634 2100 691 Deum
2123 651 2228 691 non
2246 651 2371 692 vere
2398 635 2742 692 exsistentem
2765 649 2922 694 orant
2950 658 2966 696 :
3005 641 3131 699 item
3158 659 3348 700 eorum

1819 728 1910 796 qui
1947 744 2069 782 cum
2119 728 2199 782 ira
2243 736 2298 783 et
2343 728 2761 798 COgitatiunibus
2799 731 3007 799 alienis,
3053 735 3136 790 vel
3169 751 3352 792 animo

1818 813 2015 883 duplici
2052 825 2359 885 precantur,
2395 819 2566 872 oratio
2594 817 2651 872 tit
2684 819 2735 873 in
2768 830 3067 889 peccatum.

1887 905 1941 960 8.
1983 905 2147 961 Fiant
2185 909 2294 962 dies
2346 908 2456 974 eius
2514 911 2690 977 pauci.
2729 910 2861 966 Nam
2905 916 3085 970 statim
3122 932 3152 972 a
3177 920 3360 989 prodi-

1821 996 1985 1060 tione,
2013 998 2203 1068 laqueo
2229 1013 2287 1053 se
2314 997 2611 1068 praelocans
2654 1001 2877 1068 interiit,
2910 1020 3010 1061 nec
3043 1007 3182 1063 ultra
3211 1010 3362 1065 visus

1819 1095 1920 1141 est.
1948 1085 2016 1140 Et
2040 1091 2391 1158 episcopatum
2435 1089 2548 1158 ejus
2590 1094 2813 1162 accipiat
2843 1096 2995 1152 alter.
3027 1096 3103 1154 De
3143 1098 3360 1156 Matthia

1821 1179 2082 1248 loquitur,
2107 1181 2200 1250 qui
2235 1182 2301 1234 ad
2327 1184 2696 1252 apostolorum
2730 1187 2933 1242 clerum
2952 1189 3177 1258 justitia:
3199 1209 3363 1248 causa

1819 1273 2044 1327 allectus
2072 1283 2172 1328 est.

1891 1447 1944 1513 9,
1979 1449 2064 1505 Ill.
2108 1449 2270 1505 Fiant
2318 1454 2419 1522 ﬁlii
2463 1455 2575 1523 ejus
2619 1458 2856 1520 orpltani.
2908 1457 3026 1513 Filii
3085 1471 3214 1516 sunt
3249 1462 3367 1532 ejus

1821 1541 2169 1610 cogitationes
2197 1563 2210 1599 :
2238 1547 2464 1615 orphani
2502 1564 2736 1619 namque
2766 1551 2938 1621 gratia
2961 1551 3164 1607 Christi
3195 1551 3364 1608 fuere.

1821 1630 1970 1688 Uxor
2013 1646 2216 1703 autem,
2250 1637 2370 1707 ejus
2405 1647 2490 1693 est
2532 1639 2733 1705 anima,
2768 1657 2892 1696 nam
2935 1653 2989 1698 ct
3042 1645 3156 1714 ipsa
3205 1644 3365 1698 vidua

1821 1724 1921 1780 fuit
1946 1725 2092 1797 lapsa
2133 1743 2164 1783 a
2197 1729 2414 1786 Christo
2439 1746 2534 1800 per
2572 1733 2909 1802 iniquitatem
2946 1751 3122 1790 suam.
3161 1734 3370 1790 Nutan-

1822 1827 1895 1871 tes
1917 1819 2301 1889 transferantur
2325 1821 2426 1891 [itii
2459 1823 2571 1892 ejus
2593 1836 2641 1878 et
2666 1825 2973 1881 mendicent.
3004 1826 3369 1898 Cogitationes

1820 1908 1962 1962 enim
1995 1909 2135 1979 ejus,
2165 1927 2303 1981 quas
2332 1927 2454 1967 esse
2491 1912 2634 1969 tllios
2654 1914 2773 1984 ejus
2797 1915 3059 1983 diximus,
3087 1932 3116 1971 a
3147 1915 3366 1972 Christo

1820 2011 2059 2065 remotas,
2096 2017 2204 2071 pra:
2240 2003 2466 2059 avaritia
2501 2004 2566 2058 ad
2604 2006 2888 2075 pecuniam
2931 2021 3154 2062 manum
3175 2015 3364 2063 cxten-

1818 2093 2033 2160 dcrunt,
2059 2104 2120 2149 ut
2145 2095 2296 2165 egeni
2331 2105 2384 2148 et
2422 2096 2674 2151 mendici.

1885 2275 1970 2328 M.
2006 2273 2071 2328 In
2091 2277 2394 2330 memoriam
2425 2277 2601 2330 redeat
2636 2278 2886 2348 iniquitas
2919 2287 3126 2347 patrum
3156 2277 3267 2344 eius
3307 2280 3360 2334 iu

1819 2374 2099 2434 conspectu
2120 2363 2354 2420 Domini.
2375 2365 2565 2436 Populi
2597 2368 2765 2437 ipsius
2793 2367 3076 2435 videlicet;
3103 2368 3366 2438 proditori

1819 2471 2052 2526 namque
2082 2457 2545 2526 prevaricatorem
2570 2457 2826 2527 populum
2854 2459 3118 2530 adjungit.
3155 2459 3362 2531 Iniqui-

1816 2555 1981 2602 tatem
2012 2556 2189 2602 autem
2221 2556 2432 2617 patrum
2457 2548 2606 2612 dicit,
2634 2549 2777 2619 quod
2811 2549 3110 2605 occiderint
3132 2553 3365 2622 prophe-

1819 2645 1924 2701 tas,
1954 2637 2103 2707 juxta
2130 2637 2259 2692 illud
2284 2637 2496 2694 Domini
2527 2639 2728 2695 dictum
2756 2641 2820 2704 ",
2848 2641 2992 2712 quod
3019 2642 3223 2697 scilicet
3247 2658 3366 2697 om-

1818 2730 1904 2784 nis
1930 2729 2208 2799 sanguinis
2233 2730 2364 2800 justi
2393 2731 2546 2787 eﬂ‘usi
2569 2733 2639 2787 ab
2673 2733 2839 2789 Abele
2870 2749 3042 2804 usque
3068 2733 3135 2789 ad
3162 2733 3365 2790 Zacha-

1819 2820 1953 2873 riam
1982 2819 2294 2891 prophetam
2327 2837 2484 2891 ptena
2516 2823 2775 2877 sumenda
2807 2823 2878 2877 sit
2903 2825 2972 2877 ab
2998 2825 3099 2879 hac
3139 2841 3365 2894 genera-

1818 2912 1984 2966 tione.
2020 2910 2084 2965 Et
2107 2923 2373 2981 peccatum
2395 2914 2581 2967 matris
2609 2913 2722 2984 ejus
2743 2929 2844 2968 non
2860 2915 3118 2970 deleatur.
3137 2915 3360 2972 Matrem

1818 3003 1967 3074 impii
1989 3004 2193 3074 populi,
2212 3003 2514 3076 improbam
2539 3005 2684 3060 illam
2714 3003 3050 3078 Synagogam
3075 3007 3364 3079 intelligas,

1819 3110 1938 3166 qua:
1963 3096 2280 3166 plerumque
2308 3095 2474 3152 Deum
2497 3098 2855 3167 exasperavit.

244 3284 550 3354 Γενηθήτω
580 3285 852 3339 ἐναντίον
871 3285 1088 3354 Κυρίου
1107 3284 1459 3351 διαπαντόςο
1489 3285 1586 3340 καί
1624 3284 1718 3350 ἐξ·
1742 3254 1785 3313 c

1890 3276 1976 3332 15.
2020 3275 2142 3330 Fiat
2170 3287 2353 3331 contra
2385 3275 2662 3331 Dominum
2698 3295 2896 3349 semper
2926 3289 2975 3335 et
3004 3280 3263 3352 dispereat
3303 3284 3367 3337 de

180 3377 539 3444 ολοθρευθείη
560 3376 626 3430 ἐκ
647 3375 757 3446 τῆς
782 3375 849 3430 τὸ
871 3377 1265 3447 μνημόσυνον
1304 3375 1518 3432 αὐτῶν.
1557 3378 1715 3441 Ὅσα,

183 3465 329 3535 φησὶν
348 3507 362 3530 ,
392 3466 692 3539 ἐτόλμησαν
725 3468 809 3522 ἀεὶ
835 3467 1102 3539 Θεὼμενος
1132 3469 1161 3521 6
1191 3465 1322 3532 Θεὸς
1348 3468 1598 3540 οὐδεμιᾶς
1625 3468 1720 3521 αὑ-

182 3556 267 3609 τοῦ
293 3557 509 3624 ἀξιώσει
543 3558 752 3629 φειδοῦς
771 3575 783 3589 ·
833 3560 909 3622 ὡς
941 3558 1067 3629 περὶ
1097 3558 1310 3620 πάντων
1342 3559 1400 3612 δὲ
1441 3559 1547 3613 τῶν
1588 3562 1720 3630 ὴπι-

187 3647 461 3717 στηκότων.
511 3648 620 3701 Καὶ
647 3650 707 3701 οὐ
741 3649 897 3718 μόνον
925 3647 1096 3714 λέγων
1139 3647 1334 3700 Ἰούδαν
1356 3687 1370 3710 ,
1400 3649 1465 3700 τὸ
1492 3651 1720 3718 μνημό-

183 3752 362 3792 συνον
384 3736 601 3804 αὐτῶν,
632 3737 733 3810 ἔφη
768 3738 1158 3809 πληθυντικῶς.
1197 3738 1384 3806 Λέγοις
1432 3739 1476 3792 δ’
1523 3739 1588 3792 ἂν
1627 3741 1719 3793 καὶ

184 3827 340 3893 ἄλλως
364 3830 602 3902 πατέρας
633 3830 798 3884 Ἰούδα
818 3829 941 3893 τοὺς
963 3829 1100 3883 κατὰ
1116 3829 1399 3901 προδοσίαν
1419 3829 1577 3882 αὑτὸν
1598 3846 1722 3898 γεν-

183 3921 447 3991 νήσαντας.
477 3915 634 3976 Οὗτοι
656 3921 700 3975 δ’
724 3921 789 3974 ἂν
819 3919 927 3975 εἶεν
951 3923 998 3974 οί
1022 3921 1108 3974 διά
1129 3921 1236 3973 τῶν
1262 3921 1536 3992 ἀργυρίων
1559 3921 1719 3977 αὑτὸν

183 4015 634 4084 παρορμήσαντες.
670 4013 778 4066 Καὶ
806 4013 1019 4083 πρῶτος
1045 4015 1073 4065 6
1100 4012 1346 4081 ἐμϐαλὼν
1371 4013 1468 4084 τὴν
1496 4013 1718 4084 καρδίαν

184 4104 333 4157 αὑτοῦ
359 4106 620 4168 Σατανᾶς,
636 4105 728 4157 καὶ
746 4107 792 4157 oi
818 4105 1026 4174 ἔχοντες
1057 4104 1244 4174 σοφίαν
1272 4103 1456 4157 τούτου
1477 4104 1570 4156 τοῦ
1594 4104 1721 4157 αίῶ-

183 4212 262 4258 νος
285 4199 559 4269 αρχοντες,
583 4198 707 4268 περὶ
731 4190 803 4249 ὧν
824 4198 852 4248 6
877 4197 1084 4261 Παῦλός
1111 4215 1269 4269 φησιν
1290 4214 1303 4227 ·
1320 4199 1386 4250 El
1411 4197 1519 4266 γὰρ
1538 4197 1717 4267 ἐγνω-

184 4302 311 4350 σαν,
340 4290 409 4342 οὐ
431 4290 650 4366 Κύριον
680 4287 788 4357 τῆς
819 4287 1001 4355 δόξης
1034 4289 1436 4356 ἐσταύρωσαν.
1493 4289 1600 4343 Καὶ
1625 4290 1720 4354 ἐξ·

184 4381 540 4447 ολοθρευθείη
564 4381 632 4432 ἐκ
656 4380 766 4450 γῆς
789 4380 853 4434 τὸ
873 4381 1264 4449 μνημόσυνον
1284 4381 1484 4434 αὑτοῦ.
1500 4380 1571 4433 Τὸ
1587 4398 1720 4451 μνη-

188 4466 395 4537 μόσυνον
421 4467 588 4522 αὑτοῦ
616 4468 708 4521 τοῦ
748 4468 914 4523 Ἰούδα
948 4469 1140 4540 φησίνο
1170 4469 1203 4540 ἦ
1247 4470 1338 4522 καὶ
1366 4468 1537 4532 ἄλλως
1556 4507 1570 4531 ,
1611 4468 1718 4521 τῶν

185 4557 440 4628 ἀρχόντων
493 4559 711 4615 ἐκείνων
757 4559 865 4612 τῶν
923 4559 1060 4613 κατά
1106 4557 1338 4631 Χριστοῦ
1390 4559 1713 4614 συστάντων.
1747 4600 1791 4655 D

186 4647 305 4703 Οὐδὲ
343 4652 451 4724 γὰρ
501 4653 719 4724 σπέρμα
760 4650 935 4706 αὐτῶν
993 4651 1202 4722 ἔμεινεν
1248 4653 1325 4716 είς
1383 4651 1717 4722 μνημόσυνον

186 4740 361 4796 αὐτῶν.
379 4748 392 4752 ’

256 4832 390 4889 ’Arﬁ‘
412 4829 502 4889 ὧν
524 4835 634 4888 οὐκ
655 4833 922 4903 ἐμνήσθη
946 4831 1187 4901 ποιῆσαι
1211 4834 1397 4899 ἕλεος.
1450 4834 1522 4886 Τὸ
1549 4833 1714 4898 ἔλεος,

186 4923 350 4992 φησὶν,
373 4926 473 4979 οὐκ
500 4924 727 4996 ἠθέλησε
755 4923 1005 4988 δέξασθαι
1028 4925 1056 4978 6
1086 4923 1309 4977 δέδωκεν
1333 4923 1360 4975 6
1395 4923 1580 4996 Πατὴρ
1606 4927 1715 4988 τοῖς

185 5010 489 5084 ἀνθρώποις,
521 5015 771 5086 καὶπρὸς
798 5018 908 5078 τοῖς
937 5016 1118 5077 αὐτοῖς
1140 5016 1248 5077 τοῖς
1270 5011 1566 5067 ἀπολωλόσι
1587 5032 1718 5086 προ-

185 5101 352 5167 ϐάτοις
378 5104 472 5158 τοῦ
517 5105 750 5176 Ἰσραήλ.
781 5104 852 5156 T6
874 5103 1011 5176 γὰρ,
1045 5105 1294 5177 ποιῆσαι,
1324 5103 1442 5155 ἀντὶ
1469 5102 1563 5156 τοῦ
1585 5145 1599 5169 ,
1629 5103 1715 5156 δὲ-

186 5193 356 5259 ξασθαι
371 5237 386 5263 ,
424 5197 686 5251 τέθεικεν.

243 5291 342 5344 Kal
371 5290 724 5354 κατεδίωξεν
747 5291 1055 5360 ἄνθρωπον
1086 5289 1311 5354 πένητα
1340 5284 1435 5338 καὶ
1459 5287 1714 5355 πτωχόν.

183 5378 336 5434 Αὐτόν
356 5400 486 5455 φησι
512 5383 604 5436 τὸν
623 5383 841 5454 Κύριον,
862 5384 925 5448 ὃς
947 5380 1281 5447 ἐπτώχευσε
1304 5378 1592 5443 πλούσιος
1613 5376 1715 5440 ὢν,

183 5469 250 5524 ἶν’
279 5474 454 5542 ἡμεῖς
482 5473 557 5544 τῇ
595 5473 779 5528 αὐτοῦ
809 5473 1064 5541 πτωχείᾳ
1107 5469 1554 5538 πλουτήσωμεν.
1607 5468 1716 5524 Καὶ

184 5567 678 5638 κατανενυτμένον
699 5564 772 5634 τῇ
802 5564 1010 5633 καρδίᾳ
1039 5562 1142 5617 τοῦ
1171 5561 1520 5616 θανατῶσαι.
1573 5559 1717 5614 Ἀντὶ

1819 3377 1962 3424 terra
2001 3369 2248 3423 memoria
2293 3385 2492 3424 eorum.
2551 3370 2716 3434 Cum,
2765 3372 2958 3441 inquit,
3011 3372 3152 3430 Deus
3185 3378 3367 3431 omnia

1817 3459 1935 3531 ejus
1964 3459 2205 3516 facinora
2231 3475 2442 3530 semper
2472 3460 2695 3526 viderit,
2736 3463 3041 3520 nullatenus
3085 3466 3369 3520 miserabi-

1818 3561 1909 3608 tur
1935 3567 2080 3617 eum,
2115 3552 2336 3622 perinde
2361 3561 2520 3622 atque
2543 3566 2731 3608 omnes
2755 3554 2848 3623 qui
2872 3570 2978 3608 non
2999 3556 3362 3612 crediderunt.

1817 3640 2003 3712 Neque
2031 3642 2173 3695 enim
2205 3642 2272 3696 de
2303 3643 2420 3697 solo
2444 3641 2581 3696 Juda
2615 3643 2873 3712 loquitur,
2909 3661 3031 3700 cum
3065 3646 3362 3716 pluraliter,

1819 3733 2070 3786 memoria
2119 3747 2317 3794 eorum,
2367 3731 2597 3786 dicatur.
2647 3733 2766 3787 Alio
2833 3737 2991 3790 modo
3034 3737 3140 3791 dici
3193 3749 3367 3808 potest

1818 3835 1998 3895 patres
2031 3822 2180 3879 Iuda:
2226 3824 2474 3892 indicari,
2511 3825 2604 3894 qui
2638 3825 2704 3880 ad
2753 3823 3110 3896 proditionem
3155 3846 3356 3900 genue-

1819 3924 1946 3970 runt
1973 3915 2144 3968 illum.
2197 3911 2262 3967 Hi
2313 3921 2494 3968 autem
2527 3912 2750 3983 iuerint,
2803 3916 2894 3986 qui
2941 3933 3035 3987 per
3080 3929 3365 3990 argenteos

1818 4003 2170 4075 perpulerunt
2209 4003 2381 4056 illum.
2415 4003 2481 4056 Et
2513 4003 2718 4072 primus
2764 4005 2952 4060 eorum
3006 4005 3233 4063 Satanas
3261 4020 3363 4076 est,

1818 4097 1911 4166 qui
1950 4095 2174 4150 immisit
2204 4095 2258 4148 in
2289 4109 2381 4149 cor
2398 4094 2538 4164 ejus,
2566 4109 2773 4149 necnon
2811 4098 3077 4166 principes
3103 4100 3364 4168 sapientia

1818 4187 2026 4257 praediti
2056 4187 2280 4257 hujusce
2301 4187 2510 4252 mundi,
2533 4186 2599 4241 de
2620 4187 2817 4254 quibus
2844 4187 2920 4239 ait
2944 4185 3144 4242 Paulus
3175 4207 3190 4243 :
3223 4188 3362 4243 Nam

1818 4281 1864 4332 si
1895 4281 2272 4350 cognovissent.
2307 4273 2589 4351 nunquam
2612 4280 2890 4334 Dominum
2938 4283 3121 4351 gloria:
3157 4283 3365 4351 cruciﬁ—

1818 4375 2020 4426 xisscnt
2039 4372 2102 4425 η.
2132 4370 2198 4424 Et
2229 4372 2490 4440 dispereat
2511 4371 2574 4425 de
2595 4383 2732 4425 terra
2755 4374 3002 4425 memoria
3029 4390 3224 4428 eorum.
3257 4373 3368 4429 Me-

1821 4464 1992 4517 moria
2041 4461 2191 4517 Judm
2237 4462 2480 4527 scilicet;
2540 4472 2634 4517 aut
2677 4463 2784 4517 alio
2831 4465 3013 4528 modo,
3063 4465 3364 4535 principum

1820 4570 2007 4610 eorum
2048 4555 2139 4624 qui
2185 4554 2443 4610 adversus
2485 4554 2761 4610 Christum
2794 4571 2901 4610 una
2943 4565 3225 4611 steterunt.
3257 4556 3362 4613 Ne-

1822 4663 1929 4718 que
1979 4647 2121 4701 enim
2156 4661 2337 4702 semen
2381 4661 2569 4703 eorum
2623 4649 2881 4703 remansit
2927 4649 2991 4702 ad
3047 4651 3366 4707 memoriam

1821 4754 2028 4794 corum.

1896 4829 1981 4884 16.
2017 4828 2124 4883 Pro
2154 4846 2212 4884 eo
2249 4830 2386 4900 quod
2413 4845 2515 4883 non
2543 4838 2620 4883 est
2659 4830 2958 4884 recordatus
2998 4831 3167 4896 facere
3214 4833 3370 4887 mise-

1828 4921 2133 4978 ricordiam.
2159 4919 2362 4983 Noluit,
2391 4920 2586 4989 inquit,
2627 4919 3054 4976 misericordiam
3100 4922 3365 4992 accipere.

1822 5029 1984 5084 quam
2011 5013 2158 5068 dedit
2191 5011 2348 5066 Pater
2392 5011 2725 5076 hominibus,
2774 5021 2827 5066 et
2862 5013 2995 5082 ipsis
3026 5013 3217 5069 ovibus
3249 5031 3370 5084 qua:

1822 5105 2092 5174 perierant
2119 5118 2187 5157 ex
2221 5101 2404 5157 Israel.
2452 5100 2609 5168 Nam,
2645 5099 2840 5168 facere,
2893 5103 2982 5156 hic
3023 5103 3258 5173 positum
3289 5115 3373 5159 est

1822 5210 1941 5265 pro,
1976 5194 2239 5263 accipere.

1893 5287 1978 5340 17.
2014 5286 2080 5340 Et
2123 5294 2418 5355 persecutus
2443 5293 2519 5340 est
2551 5283 2809 5338 hominem
2851 5285 3052 5354 inopem
3101 5293 3147 5338 ct
3175 5285 3367 5340 mendi-

1822 5395 1960 5432 cum.
1989 5376 2167 5446 Ipsum
2217 5378 2291 5430 ait
2321 5374 2631 5441 Dominum,
2682 5376 2772 5445 qui
2821 5374 2992 5445 factus
3049 5385 3125 5430 est
3175 5392 3370 5446 pauper

1823 5487 1940 5524 cum
1969 5469 2107 5522 dives
2137 5477 2285 5531 esset,
2317 5478 2373 5522 ut
2411 5484 2501 5522 nos
2552 5466 2663 5536 ejus
2687 5468 2867 5536 inopia
2910 5469 3272 5522 ditesceremus
3303 5468 3369 5524 “.

1825 5562 1893 5616 Et
1928 5570 2287 5632 compunctum
2311 5561 2464 5616 corde
2488 5561 2823 5630 mortiﬁcare.
2856 5559 2912 5614 Id
2935 5568 3037 5624 est,
3061 5561 3368 5630 dolentem;

246 5808 475 5869 “Matth.
509 5825 667 5890 ut",
865 5809 908 5842 "
931 5807 947 5861 l
969 5807 1092 5862 Cor.
1129 5825 1187 5872 ιι,
1215 5808 1266 5863 8.
1343 5808 1385 5840 ⁸⁸
1413 5805 1452 5862 II
1487 5805 1610 5861 Cor.
1645 5818 1762 5869 vm,
1792 5801 1844 5856 9.

493 5907 761 5968 Ριτιιοι..
796 5906 910 5965 Gn.
946 5903 1207 5964 XXVII.

3015 5890 3090 5951 15
