4126 6498
733 430 836 482 459

1554 419 1608 471 S.
1651 418 2014 472 ATHANASH
2062 418 2208 474 OPP.
2249 421 2426 474 PARS
2469 420 2553 474 lll.
2600 453 2662 462 ο·-
2703 421 3088 477 ΕΧΕΟΕἹΊΟᾹ

3836 425 3931 482 460

732 543 943 599 dolebat
980 541 1120 596 enim
1151 540 1334 595 videns
1360 554 1549 593 eorum
1578 540 1889 608 perniciem.
1929 538 2083 594 llune
2119 540 2259 610 igitur

2383 540 2474 594 τοῦ
2494 582 2507 604 ,
2534 540 2865 610 λυπούμενον
2886 559 2897 569 ·
2955 540 3198 593 ἐλυπεῖτο
3224 539 3329 608 γὰρ
3359 535 3498 608 ὀρῶν
3525 535 3701 590 αὐτῶν
3725 537 3824 608 τὴν
3846 542 3941 593 ἀπ-

728 638 819 708 qui
851 644 1068 707 propter
1101 650 1194 689 eos
1226 633 1440 687 dolebat
1471 633 1537 686 ad
1562 641 1787 687 mortem
1820 633 2151 701 quaerebant.

801 820 975 883 18,19.
996 818 1062 872 Et
1078 818 1263 872 dilexit
1280 817 1738 870 maledictionem..
1751 859 1762 870 .
1775 857 1786 869 .
1804 828 1850 869 et
1871 818 2042 870 induit
2061 818 2277 870 maledi-

721 915 942 966 ctionem
988 913 1122 965 sicut
1156 911 1532 964 vestimentum.
1579 908 1827 973 Quando,
1874 909 2068 977 inquit,
2118 911 2274 962 liuent

722 1007 980 1059 facientes
1011 1019 1097 1057 me
1125 1001 1495 1066 benedicendi,
1540 1001 1869 1054 maledicunt
1914 1001 2043 1054 mihi
2093 1002 2274 1070 quoti-

720 1100 805 1151 die
835 1116 847 1150 :
888 1097 938 1150 id
979 1111 1210 1166 namque
1244 1095 1310 1149 ad
1339 1096 1480 1148 hunc
1515 1109 1687 1162 usque
1712 1094 1851 1147 diem
1879 1092 2047 1147 Judaei
2077 1104 2273 1162 agunt;

721 1190 841 1243 ideo
877 1189 1057 1244 omnia
1097 1189 1346 1258 superius
1381 1199 1678 1241 memorata
1715 1187 1964 1241 evenient
2011 1187 2164 1256 ipsis.
2207 1186 2274 1239 Et

720 1284 929 1335 intravit
983 1284 1114 1336 sicut
1160 1298 1297 1352 aqua
1350 1283 1403 1334 in
1461 1283 1711 1334 interiora
1770 1281 1902 1349 ejus.
1945 1277 2062 1332 Non
2116 1279 2274 1332 modo

719 1376 860 1428 enim
891 1375 1130 1429 exterius
1165 1375 1256 1427 sed
1281 1373 1440 1428 etiam
1483 1373 1709 1427 interius
1744 1371 2153 1426 circumsistunt
2179 1386 2274 1424 nos

719 1468 856 1520 mala
895 1467 1233 1519 inundantia.
1288 1464 1354 1519 Et
1393 1466 1527 1517 sicut
1577 1465 1742 1518 oleum
1787 1465 1839 1517 in
1878 1463 2080 1516 ossibus
2111 1463 2268 1544 .ejus.

715 1558 903 1613 Oleum
927 1560 1066 1612 enim
1094 1559 1256 1612 habet
1287 1558 1531 1612 stabilem
1575 1557 1968 1610 humiditatem.
2008 1555 2270 1609 Malorum

717 1666 881 1718 porro
913 1651 1197 1705 colluviem
1225 1650 1375 1704 dicit.
1401 1649 1678 1718 Siquidem
1709 1664 1849 1718 aqua
1877 1648 2270 1702 vehementiam

713 1744 929 1797 denotat
960 1761 974 1808 ;
1013 1743 1188 1797 oleum
1212 1752 1391 1796 autem
1424 1741 1796 1796 stabilitatem.
1840 1738 2049 1804 Quibus
2098 1740 2272 1809 inquit

716 1835 872 1889 malis
926 1834 1082 1904 quasi
1127 1833 1450 1888 vestimento
1499 1833 1792 1900 operiatur,
1849 1839 1902 1884 et
1944 1830 2097 1900 quasi
2133 1845 2266 1884 zona

711 1926 1094 1996 przecingatur.

781 2017 870 2070 20.
909 2015 1023 2069 Hoc
1069 2033 1195 2086 opus
1242 2032 1417 2069 eorum
1475 2015 1560 2085 qui
1612 2015 1892 2069 detrahunt
1948 2015 2076 2067 mihi
2128 2015 2266 2082 apud

712 2108 1018 2171 Dominum,
1050 2117 1097 2160 et
1133 2108 1220 2176 qui
1253 2107 1539 2176 loquuntur
1583 2105 1725 2158 mala
1758 2106 2004 2160 adversus
2037 2107 2267 2158 animam

713 2217 901 2253 meam.
940 2197 1051 2253 llos
1073 2199 1370 2268 percipient
1397 2197 1606 2251 fructus
1633 2199 1723 2266 qui
1759 2197 1941 2250 odium
1979 2195 2263 2251 adversum

711 2309 798 2348 me
837 2301 1215 2359 susceperunt,
1251 2300 1303 2344 et
1325 2289 1567 2359 proditor
1605 2290 1698 2358 qui
1725 2303 1911 2343 eorum
1951 2287 2266 2344 administer

711 2385 830 2439 fuit.
879 2384 1016 2438 Cum
1055 2383 1198 2438 enim
1233 2398 1358 2436 eum
1397 2381 1508 2436 Deo
1550 2381 1918 2436 adversarium
1959 2395 2021 2434 ac
2056 2395 2262 2450 prava-

709 2480 994 2531 ricatorem
1038 2482 1312 2541 vocarent,
1349 2474 1472 2545 jure
1528 2474 1643 2527 ait:
1677 2472 1780 2537 Qui
1816 2473 2095 2526 detrahunt
2136 2474 2264 2526 milii

703 2568 844 2636 apud
872 2565 1175 2620 Dominum.

775 2661 864 2713 2|.
901 2660 968 2712 Et
1003 2669 1082 2726 tu,
1132 2658 1372 2720 Domine,
1417 2656 1656 2722 Domine,
1701 2657 1787 2724 [ac
1828 2672 2026 2709 mecum
2054 2665 2263 2725 propter

701 2768 886 2804 nomen
929 2760 1097 2804 tuum.
1153 2748 1278 2804 Haec
1327 2749 1457 2803 item
1495 2749 1754 2804 Dominus
1783 2747 2035 2802 Christus
2065 2763 2262 2803 secun-

701 2844 831 2896 dum
881 2842 1273 2898 humanitatem
1310 2841 1572 2911 loquitur.
1607 2825 1858 2895 Humana
1887 2841 2032 2894 enim
2080 2842 2258 2894 omnia

699 2943 892 3004 praeter
937 2943 1213 3004 peccatum
1246 2934 1508 3004 implevit.
1555 2930 1724 2987 Natus
1755 2934 1898 2986 enim
1944 2942 2026 2987 est
2061 2948 2256 2987 secun-

698 3026 826 3079 dum
861 3035 1066 3078 naturae
1095 3025 1286 3094 legem.
1320 3022 1479 3077 Nasci
1507 3023 1649 3076 enim
1681 3038 1746 3076 ex
1779 3024 2028 3090 muliere,
2066 3023 2118 3078 id
2153 3023 2257 3077 hu-

697 3129 873 3168 mana:
904 3124 1111 3168 natura:
1141 3125 1256 3181 CSI;
1289 3131 1451 3184 supra
1472 3115 1763 3169 humanam
1797 3124 1975 3169 autem
2004 3125 2255 3170 naturam

696 3216 802 3267 est,
841 3205 987 3259 nasci
1023 3220 1088 3259 ex
1127 3206 1353 3274 virgine.
1386 3206 1620 3261 Admisit
1650 3221 1860 3276 pannos
1888 3218 1941 3261 et
1968 3206 2253 3262 circumci-

697 3297 928 3362 sionem,
963 3312 1172 3352 necnon
1206 3297 1361 3352 lactis
1391 3299 1708 3353 alimentum
1736 3318 1747 3352 :
1794 3299 1998 3353 hostias
2034 3299 2249 3366 obtulit,

689 3388 978 3457 jejunavit,
1021 3389 1266 3452 esurivit,
1317 3389 1507 3447 sitivit.
1555 3389 1732 3442 lassus
1773 3387 1913 3453 fuit;
1961 3390 2033 3442 ita
2064 3389 2155 3443 diu
2189 3405 2252 3444 o-

695 3495 849 3535 rasse
890 3481 1039 3533 illum
1065 3481 1118 3532 in
1150 3479 1320 3534 sacris
1352 3478 1656 3550 Evangeliis
1683 3481 1943 3549 scriptum
1973 3491 2074 3536 est.
2107 3483 2254 3535 Pari-

694 3582 887 3641 tcrque
929 3587 1072 3626 nunc
1111 3574 1350 3626 humano
1409 3588 1561 3627 more
1590 3572 1832 3626 divinum
1881 3573 2129 3643 implorat
2153 3591 2252 3629 au-

693 3664 904 3716 silium.

760 3755 849 3810 9.2.
885 3753 1075 3808 Libera
1106 3771 1183 3807 me
1213 3755 1334 3824 quia
1358 3770 1546 3824 egenus
1564 3765 1610 3808 et
1633 3772 1830 3825 pauper
1850 3773 1940 3826 ego
1966 3773 2103 3812 sum.
2141 3755 2253 3813 Hoc

689 3849 758 3902 ab
792 3849 912 3917 ipso
944 3849 996 3901 in
1021 3849 1192 3902 sacris
1220 3847 1527 3916 Evangeliis
1561 3849 1759 3902 dictum
1793 3849 2118 3904 invenimus.
2151 3850 2253 3904 Ac-

689 3954 949 3993 cessurus
972 3939 1114 3991 enim
1149 3939 1212 3991 ad
1243 3939 1551 4007 passionem
1589 3940 1702 3992 ait:
1744 3938 1900 3994 Nunc
1930 3943 2109 3995 anima
2138 3959 2253 3996 mea

690 4032 902 4085 turbata
938 4041 1033 4086 est.
1063 4032 1129 4084 Et
1157 4032 1282 4101 quid
1318 4033 1492 4086 dicam
1519 4035 1544 4086 Ρ
1574 4034 1752 4099 Pater,
1783 4035 1927 4090 salva
1961 4053 2038 4089 me
2065 4053 2129 4090 ex
2155 4038 2251 4090 hac

688 4127 837 4180 hora.
868 4124 1038 4188 Abba,
1071 4136 1345 4194 propterea
1381 4127 1491 4180 veni
1517 4126 1569 4178 in
1601 4127 1735 4179 lianc
1766 4127 1949 4179 lwram
1977 4129 2038 4182 ³⁸.

756 4299 844 4353 25.
887 4299 1034 4351 Sicut
1067 4299 1252 4351 umbra
1293 4314 1409 4350 cum
1445 4300 1674 4353 declinat
1715 4299 1925 4354 ablatus
1953 4318 2086 4354 sunt.
2122 4301 2250 4356 Pcr-

688 4392 813 4445 inde
852 4401 1014 4459 atque
1057 4391 1247 4444 umbra
1286 4391 1587 4455 declinans,
1641 4393 1801 4447 linem
1845 4393 1968 4447 vitae
2020 4395 2199 4448 inveni
2234 4414 2246 4449 :

685 4482 779 4535 sed
807 4490 859 4534 et
890 4482 1063 4534 insmr
1093 4481 1425 4537 locustarum
1456 4497 1485 4535 a
1519 4493 1678 4537 vento
1710 4484 2135 4554 circumquaque
2164 4502 2250 4540 ra-

2379 633 2587 686 ώλειαν.
2611 633 2810 687 Τοῦτον
2839 629 2929 686 οὖν
2956 633 3047 685 τόν
3075 633 3141 684 δι’
3158 632 3350 694 αὐτοὺς
3373 629 3704 701 λυπούμενον
3726 631 3939 685 ἐδίωκον

2378 725 2699 778 θανατῶσαι.

2459 818 2564 871 Καὶ
2586 818 2861 887 ἠγάπησε
2889 818 3153 886 κατάραν
3190 857 3205 872 .
3233 860 3246 872 .
3278 861 3289 872 .
3319 860 3330 871 .
3361 858 3373 870 .
3404 859 3416 870 .
3448 857 3460 870 .
3495 817 3592 870 καὶ
3617 817 3940 870 ἐνεδύσατο

2376 909 2641 977 κατάραν
2671 911 2809 963 ὡσεὶ
2844 911 3092 979 ἱμάτιον.
3138 913 3374 983 Ἐπειδὴ,
3404 913 3566 982 φησὶν
3587 953 3600 976 ,
3628 912 3858 980 ἀφέντες
3887 912 3941 963 τὸ

2375 1001 2611 1068 εὐλογεῖν
2634 1003 2751 1071 ἐμὲ,
2781 1003 2899 1055 καθ’
2926 1003 3161 1074 ἐκάστην
3187 1004 3398 1075 ἡμέραν
3422 1005 3769 1074 καταρῶνται
3788 1025 3804 1038 ο
3828 985 3934 1055 τού-

2374 1110 2434 1145 το
2457 1091 2563 1161 γὰρ
2593 1092 2750 1162 μέχρι
2776 1095 2874 1163 τῆς
2897 1096 2959 1165 σή
2970 1112 3032 1163 με
3044 1112 3132 1165 ρον
3169 1094 3436 1148 Ἰουδαίων
3459 1094 3642 1157 παῖδες
3673 1093 3937 1147 ποιοῦσιν·

2373 1183 2560 1236 τούτου
2593 1185 2748 1254 χάριν
2775 1185 2950 1238 πάντα
2979 1188 3159 1250 αὐτοῖς
3190 1187 3255 1240 τά
3288 1187 3693 1260 προλελεγμένα
3725 1188 3941 1257 γενήσε-

2375 1291 2480 1327 ται.
2526 1275 2632 1327 Καὶ
2665 1275 2952 1344 εἰσῆλθεν
2977 1279 3117 1332 ὡσεὶ
3152 1279 3306 1347 ὕδωρ
3338 1283 3426 1346 εις
3462 1281 3532 1334 τὰ
3570 1280 3793 1348 ἔγκατα
3839 1281 3939 1332 αὐ-

2374 1366 2500 1419 τοῦ.
2529 1368 2600 1418 Οὐ
2623 1368 2728 1436 γάρ
2751 1368 2944 1430 ἔξωθεν
2971 1371 3147 1440 μόνον,
3167 1371 3301 1424 ἀλλά
3327 1373 3418 1424 καὶ
3438 1371 3644 1424 ἔνδοθεν
3673 1372 3941 1442 περίκειν-

2372 1474 2459 1509 ται
2490 1457 2558 1510 τὰ
2581 1461 2722 1513 κακὰ
2754 1460 3160 1532 περικλύζοντα.
3196 1464 3302 1517 Kal
3327 1464 3471 1517 ὡσεὶ
3491 1464 3698 1518 ἔλαιον
3730 1466 3802 1518 ἐν
3823 1465 3939 1530 τοῖς

2374 1549 2606 1615 ὀστέοις
2641 1553 2844 1608 αὐτοῦ.
2911 1554 3078 1608 Τοῦτο
3107 1556 3214 1626 γὰρ
3247 1557 3358 1627 ἔχει
3397 1557 3619 1627 μόνιμον
3648 1557 3746 1627 τὴν
3783 1557 3938 1628 ὑγρό-

2372 1659 2527 1710 τητα.
2561 1645 2734 1715 Φορὰν
2761 1645 2816 1697 δέ
2851 1663 2981 1717 φησι
3011 1649 3215 1711 κακῶν,
3249 1649 3340 1702 τοῦ
3378 1650 3475 1719 μὲν
3507 1650 3698 1712 ὓδατος
3723 1651 3786 1702 τὸ
3813 1667 3940 1718 σφο-

2370 1732 2491 1803 δρὸν
2517 1734 2830 1805 δηλοῦντος,
2874 1737 2965 1789 τοῦ
2995 1737 3052 1790 δὲ
3082 1738 3260 1792 ἐλαίου
3289 1740 3347 1792 τὸ
3383 1739 3625 1810 μόνιμον.
3698 1741 3816 1808 Ὑφ’
3847 1733 3936 1805 ὧν,

2373 1824 2526 1895 φησὶ,
2556 1827 2647 1879 καὶ⁸
2678 1827 2753 1892 ὡς
2782 1829 2838 1881 ἐν
2864 1830 3048 1902 ἐσθῆτι
3081 1829 3454 1897 καλυπτέσθω,
3477 1832 3570 1884 καὶ
3597 1831 3672 1896 ὡς
3701 1833 3936 1905 ζωστῆρι

2300 1909 2343 1964 Β
2374 1918 2704 1986 σφιγγέσθω.

2445 2011 2624 2064 Τοῦτο
2671 2011 2739 2064 τὸ
2782 2012 2959 2084 ἔργον
2983 2014 3100 2067 τῶν
3125 2014 3637 2071 ἐνδιαϐαλλόντων
3681 2016 3780 2069 καὶ
3827 2015 3938 2068 τῶν

2367 2104 2716 2157 λαλούντων
2738 2106 2967 2174 πονηρὰ
2997 2105 3104 2172 τῆς
3133 2105 3338 2174 ψυχῆς
3359 2126 3498 2176 μου.
3548 2108 3784 2170 Τούτους
3811 2124 3934 2178 τρυ-

2367 2195 2590 2263 γήσουσι
2625 2196 2747 2258 τοὺς
2778 2197 3021 2266 καρποὺς
3046 2197 3094 2248 οί
3123 2196 3184 2247 τὸ
3212 2197 3348 2266 πρὸς
3378 2199 3476 2268 ἐμὲ
3509 2200 3662 2268 μῖσος
3685 2197 3937 2261 ἀναδεξά-

2370 2302 2538 2355 μενοι,
2566 2287 2658 2338 καὶ
2685 2288 2712 2339 ό
2742 2287 2947 2350 τούτοις
2981 2288 3332 2358 ὑπουργήσας
3361 2288 3648 2359 προδότης.
3717 2288 3934 2359 Ἐπειδὴ

2364 2376 2472 2448 γὰρ
2504 2377 2746 2430 ἀντίθεον
2778 2379 2938 2433 αὑτὸν
2972 2380 3064 2432 καὶ
3091 2381 3402 2450 παράνομον
3434 2382 3682 2444 ἐκάλουν,
3716 2384 3938 2444 εἰκότως

2364 2465 2480 2522 εἷπε
2503 2486 2516 2499 ·
2559 2470 2679 2525 Τῶν
2703 2471 3215 2526 ἑνδιαϐαλλόντων
3231 2489 3308 2542 με
3341 2474 3497 2542 παρὰ
3520 2476 3763 2542 Κιιοίου.

2431 2653 2537 2705 Kal
2571 2653 2672 2717 σὺ,
2705 2655 2910 2721 Κύριε,
2949 2657 3153 2723 Κύριε,
3189 2657 3447 2722 ποίησον
3473 2658 3598 2725 μετ’
3626 2658 3775 2726 ἐμοῦ
3807 2659 3933 2713 ἓνε-

2363 2759 2466 2794 κεν
2484 2744 2590 2797 τοῦ
2615 2746 2905 2813 ὀνόματός
2928 2761 3064 2802 σου.
3089 2746 3198 2799 Καὶ
3217 2747 3387 2800 ταῦτα
3411 2748 3766 2819 ἀνθρωπίνως
3789 2753 3936 2822 εἴρη-

2361 2851 2454 2887 κεν
2493 2835 2520 2886 ό
2549 2836 2824 2907 Δεσπότης
2852 2837 3100 2908 Χριστός.
3160 2839 3343 2891 Πάντα
3386 2839 3495 2911 γὰρ
3524 2840 3592 2893 τὰ
3620 2841 3933 2912 ἀνθρώπινα

2360 2925 2496 2996 πλὴν
2529 2925 2800 2996 ἁμαρτίας
2827 2926 3210 2998 πεπλήρωκεν.
3267 2929 3490 3001 Ἐτέχθη
3535 2933 3643 3002 γὰρ
3671 2933 3814 2984 κατὰ
3845 2934 3934 2985 νό-

2362 3036 2459 3087 μον
2490 3017 2722 3087 φύσεως.
2756 3018 2828 3070 Τὸ
2858 3019 2954 3088 μὲν
2983 3019 3090 3089 γὰρ
3125 3021 3188 3071 ἐκ
3217 3022 3496 3087 γυναικὸς,
3529 3023 3628 3092 τῆς
3654 3022 3934 3092 ἀνθρωπί-

2358 3126 2455 3178 νης
2482 3111 2693 3178 φύσεως
2713 3128 2726 3140 ·
2759 3111 2898 3179 ὑπὲρ
2918 3111 3121 3180 ταύτην
3146 3112 3223 3176 δὲ,
3255 3116 3318 3166 ἐκ
3342 3115 3636 3186 Παρθένου.
3685 3117 3936 3183 Ἐδέξατο

2362 3201 2651 3273 σπάργανα
2681 3202 2774 3254 καὶ
2803 3201 3104 3274 περιτομὴν
3127 3243 3140 3267 ,
3181 3205 3273 3255 καὶ
3300 3203 3396 3274 τὴν
3428 3209 3491 3258 ἐκ
3513 3208 3787 3274 γάλακτος
3810 3227 3936 3281 τρο-

2360 3297 2465 3364 φήν
2489 3312 2500 3324 ’
2529 3295 2622 3347 καὶ⁵
2647 3293 2834 3357 θυσίας
2864 3293 3172 3363 ἐξήνεγκεν,
3202 3295 3508 3366 ἐνήστευσε,
3537 3299 3630 3351 καὶ
3651 3300 3931 3370 ἐπείνησε,

2358 3386 2450 3439 καὶ
2480 3386 2718 3456 ἐδίψησε,
2744 3388 2838 3439 καὶ
2872 3387 3187 3438 ἐκοπίασεν·
3213 3387 3352 3440 οὕτω
3374 3389 3466 3441 καὶ
3497 3392 3934 3461 προσευχόμενος

2358 3477 2414 3528 ἐν
2460 3481 2571 3540 τοῖς
2609 3479 2784 3544 ἁγίοις
2814 3477 3160 3544 Εὐαγγελίοις
3197 3478 3456 3550 διηνεκῶς
3493 3482 3929 3553 ἀναγέγραπται.

2359 3569 2469 3622 Καὶ
2501 3568 2733 3621 ἐνταῦθα
2766 3569 3121 3641 ἀνθρωπίνως
3137 3572 3236 3642 τὴν
3267 3571 3414 3625 θείαν
3442 3574 3786 3628 ἐπικαλεῖται
3815 3575 3936 3646 βοήν

2357 3660 2523 3714 θειαν.

2436 3754 2648 3807 Ῥῦσαί
2675 3771 2788 3822 με,
2848 3754 2934 3806 ὅτι
2975 3755 3209 3822 πτωχὸς
3261 3757 3356 3808 καὶ
3407 3757 3596 3824 πένης
3643 3759 3762 3828 εἰμὶ
3795 3759 3927 3828 ἐγώ.

2355 3844 2523 3897 Τοῦτο
2551 3845 2642 3897 καὶ
2673 3846 2762 3897 ὑπ’
2812 3845 2979 3897 αὑτοῦ
3008 3848 3064 3897 ἐν
3093 3849 3205 3908 τοῖς
3234 3847 3395 3915 ίεροῖς
3417 3848 3768 3917 Εὑαγγελίοις
3793 3852 3931 3922 εὑρί·

2357 3952 2555 4006 σκομεν
2588 3937 2892 4007 εἰρημένον.
2939 3936 3164 3991 Μέλλων
3196 3938 3303 4009 γὰρ
3334 3941 3612 4010 προσιέναι
3649 3943 3730 4014 τῷ
3769 3944 3929 3996 πάθει

2356 4022 2473 4080 εἶπε
2494 4043 2507 4057 ⁸
2543 4025 2672 4080 Νῦν
2701 4027 2738 4093 ἡ
2771 4027 2940 4097 ψυχή
2969 4045 3087 4097 μου
3117 4029 3482 4099 τετάρακται.
3515 4037 3622 4088 Kal
3657 4039 3717 4090 rt’
3740 4039 3928 4099 εῐπωξ

2353 4119 2562 4187 Πάτερ,
2593 4119 2800 4174 σῶσόν
2821 4138 2897 4190 με
2914 4122 2981 4174 ἐκ
3013 4121 3122 4189 τῆς
3152 4123 3306 4194 ὧρας
3328 4129 3567 4195 ταύτης.
3607 4131 3800 4194 Ἀϐϐά.
3833 4131 3930 4186 διὰ

2353 4215 2527 4268 τοῦτο
2554 4214 2825 4279 ἐλήλυθα
2855 4217 2942 4280 είς
2969 4214 3083 4283 τὴν
3114 4215 3272 4285 ὥραν
3309 4220 3550 4286 ταύτην.

2432 4308 2592 4360 Ὠσεὶ
2617 4307 2756 4361 σκιὰ
2778 4306 2846 4359 ὲν
2871 4306 2950 4372 τῷ
2974 4308 3243 4362 ἐκκλῖναι
3271 4310 3464 4378 αὐτὴν
3488 4312 3922 4382 ἀντωτιρέθην.

2352 4400 2488 4470 Σκιᾷ
2517 4399 2757 4472 κλιθείσῃ
2784 4400 3179 4470 παραπλησίως
3205 4400 3470 4475 ἐδεξάμην
3493 4405 3585 4457 τοῦ
3618 4406 3732 4476 βίου
3758 4408 3817 4461 τὸ
3838 4409 3926 4462 τέ-

2351 4491 2440 4554 λος
2460 4509 2472 4520 δ
2501 4489 2634 4543 ἀλλὰ
2657 4492 2749 4544 καὶ
2769 4491 2924 4562 δίκην
2947 4494 3390 4564 περιφερομένων
3415 4497 3506 4548 ὑπ’
3529 4497 3748 4566 ἀνέμων
3770 4499 3927 4570 ἀκρί-

690 4583 926 4641 piarum,
957 4575 1120 4627 vitam
1157 4576 1263 4644 egi,
1321 4592 1426 4629 non
1477 4580 1685 4643 urbem,
1731 4593 1836 4633 non
1886 4581 2086 4645 vicum,
2139 4597 2246 4635 non

2362 4583 2453 4635 5ων
2486 4582 2759 4635 διετέλεσα
2787 4583 2847 4634 ού
2881 4582 3035 4635 πόλιν
3069 4582 3226 4654 ἔχων,
3254 4587 3313 4637 ού
3345 4584 3567 4655 κώμην,
3593 4588 3694 4641 οὐκ
3723 4591 3924 4655 οἰκίαν,

695 4665 917 4718 domum
966 4666 1190 4730 habens,
1229 4666 1362 4719 alias
1387 4667 1454 4719 ad
1499 4668 1602 4722 alia
1652 4669 1770 4723 loca
1814 4679 1867 4724 et
1915 4671 1981 4725 ad
2037 4683 2246 4728 montes

684 4757 1071 4823 commigrans,
1096 4758 1366 4812 interdum
1394 4759 1458 4812 ad
1483 4760 1753 4815 desertum
1788 4778 2101 4822 accurrens.

757 4845 828 4899 25
894 4845 1142 4899 Viderunt
1174 4857 1327 4901 meet
1360 4862 1624 4901 moverunt
1649 4852 1826 4919 capita
1859 4869 1975 4907 sua.
2024 4853 2133 4908 Hoc
2171 4855 2246 4910 ait

681 4939 812 5006 quia
838 4938 967 4992 dum
1000 4940 1053 4990 in
1087 4953 1246 4993 cruce
1285 4949 1450 5008 esset,
1495 4944 1782 4997 movebant
1815 4945 1986 5012 capita
2039 4961 2156 5011 sua,
2192 4956 2246 5002 et

679 5031 970 5085 dicebant:
1026 5031 1088 5084 ui
1131 5029 1435 5100 Qtemplum
1499 5035 1699 5102 solvis,
1765 5036 1975 5091 salvum
2032 5037 2116 5094 fac
2167 5049 2246 5095 te-

680 5125 973 5193 metipsum
1004 5126 1065 5176 ⁸⁸.

749 5217 839 5270 27.
869 5216 938 5269 Et
970 5219 1140 5270 sciant
1169 5220 1293 5291 quia
1329 5236 1515 5274 manus
1555 5229 1649 5273 tua
1689 5222 1818 5274 lucc.
1854 5219 2046 5289 Munus
2088 5234 2245 5279 voca’.

679 5325 817 5378 opus
855 5308 986 5363 illud
1022 5324 1131 5378 quo
1166 5327 1369 5366 seseex
1408 5313 1636 5366 mortuis
1667 5315 1942 5369 excitavit.

747 5482 837 5536 28.
867 5484 1182 5540 Maledicent
1215 5487 1315 5551 illi,
1349 5499 1398 5543 et
1428 5498 1483 5543 tu
1515 5488 1817 5553 benedices;
1847 5491 1936 5561 qui
1967 5492 2242 5561 insurgunt

678 5573 729 5624 in
752 5587 830 5625 me
853 5575 1266 5643 confundantur.
1288 5575 1418 5632 Nam
1445 5581 1648 5647 pudore
1675 5580 1851 5634 allecti
1876 5588 2003 5633 sunt
2029 5594 2240 5644 onines,

675 5662 821 5731 quod
852 5677 959 5715 non
989 5676 1132 5720 esset
1163 5668 1295 5737 ipsis
1325 5671 1601 5733 sacerdos,
1629 5685 1728 5725 nec
1753 5670 2108 5738 sacriﬁcium,
2141 5687 2242 5727 nec

784 5821 1001 5879 "Joan.
1048 5842 1144 5892 xu,
1184 5829 1272 5884 27.
1354 5833 1394 5864 ³⁸
1418 5830 1601 5888 Matth.
1632 5849 1798 5900 xxvn,
1832 5833 1927 5888 [ιο.

2353 4671 2536 4727 ἄλλοτε
2570 4673 2626 4726 δὲ
2658 4672 2886 4742 ἀλλαχοῦ
2919 4675 3012 4725 καὶ
3039 4675 3117 4736 είς
3147 4675 3246 4745 ὅρη
3290 4675 3659 4745 μεταϐαίνων,
3689 4679 3803 4732 ἐσθ’
3838 4681 3928 4734 ὅτε

2352 4763 2445 4816 καὶ
2475 4764 2682 4835 τρέχων
2713 4766 2789 4827 είς
2822 4763 3044 4835 ἔρημον.

2423 4854 2687 4909 Ετδοσάν
2728 4872 2801 4925 με
2851 4855 2949 4908 καὶ
2983 4855 3330 4911 ἐσάλευσαν
3382 4859 3651 4928 κεφαλὰς
3703 4859 3923 4916 αὐτῶν.

2352 4946 2520 4998 Τοῦτό
2555 4963 2687 5015 φησι
2729 4947 2814 5000 διὰ
2850 4947 2911 4998 τὸ
2944 4948 3034 4999 ἐπὶ
3077 4947 3153 5018 τῷ
3200 4949 3416 5018 σταυρῷ
3441 4950 3553 5002 ὄντι
3582 4951 3732 5021 αὐτῷ
3757 4956 3927 5006 κινεῖν

2351 5035 2449 5096 τὰς
2473 5034 2734 5101 κεφαλὰς,
2767 5035 2860 5086 καὶ
2882 5033 3064 5103 λέγειν
3084 5053 3099 5065 ο
3138 5038 3196 5089 '0
3226 5036 3509 5090 καταλύων
3539 5039 3627 5091 τὸν
3651 5040 3802 5105 ναὸν,
3833 5041 3929 5093 σῶ-

2353 5141 2445 5177 σον
2481 5126 2727 5178 σεαυτόν.

2422 5218 2532 5269 Καὶ
2581 5218 2901 5286 γνώτωσαν
2924 5260 2937 5280 ,
2976 5219 3062 5272 ὅτι
3092 5222 3130 5288 ἡ
3164 5221 3292 5288 χείρ
3329 5237 3446 5274 σου
3478 5223 3657 5292 αὕτη.
3726 5226 3926 5296 Χεῖρας

2351 5309 2587 5362 ἐνταῦθα
2612 5309 2707 5381 τὴν
2732 5309 2929 5381 πρᾶξίν
2964 5329 3125 5382 φησιν
3146 5353 3159 5375 ,
3197 5315 3263 5383 ῆν
3293 5315 3588 5386 εἰργάσατο
3614 5318 3924 5390 ἀναστήσας

2351 5400 2538 5454 ἑαυτὸν
2571 5402 2634 5452 ὲκ
2661 5400 2889 5472 νεκρῶν.

2424 5491 2870 5560 Καταράσονται
2920 5493 3121 5558 αὐτοὶ,
3179 5497 3389 5550 καὶσὺ
3421 5499 3816 5570 εὐλογήσεις,
3873 5503 3925 5553 οι

2350 5583 2811 5652 ἐπανιστάμενοι
2830 5602 2932 5653 μοι
2956 5586 3475 5654 αἱσχυνθήτωσαν.
3531 5590 3924 5664 Κατῃσχύνθηο

2353 5688 2456 5726 σαν
2479 5673 2586 5745 γὰρ
2609 5675 2864 5741 ἅπαντες,
2888 5676 2986 5729 οὐκ
3010 5676 3161 5740 ὄντος
3182 5679 3362 5742 αὐτοῖς
3383 5680 3593 5752 ίερέως,
3614 5684 3734 5736 οὐδὲ
3760 5683 3920 5753 οὔσης
