4126 6486
192 441 279 498 ιθι
1307 435 1668 493 ΕΧΡΟΞΙΤΙΟ
1704 436 1751 492 'll

1851 434 2146 491 ’SALMUM
2184 433 2316 490 CIX.

966 558 1085 612 οὔτε
1118 559 1293 628 λογίου
1320 600 1333 618 .
1367 560 1505 612 κατὰ
1532 558 1630 629 τὴν
1661 558 1751 613 τοῦ

1859 560 2046 623 altare,
2112 572 2210 613 nec
2260 554 2645 621 sacerdotium,
2700 567 2884 624 neque
2935 552 3218 617 rationale,
3260 555 3415 625 juxta

191 558 372 621 θυσίας
400 583 437 623 ,·
456 559 586 612 οὔτε
616 562 883 631 ἱερατεξας
906 600 920 624 ,

193 653 459 721 προφήτου
489 654 695 723 φωνήν.
773 653 833 704 '0
861 651 928 704 δὲ
957 652 1175 717 δοῦλός
1206 668 1321 705 σου
1352 652 1755 721 εὐφρανθήσε-

190 756 292 791 ται.
319 740 455 792 Οὐδὲ
489 740 650 793 τοῦτο
675 743 819 810 ἡμᾶς
845 740 905 792 τὸ
933 742 1079 811 ῥῆμα
1104 740 1284 793 λαϐεῖν
1312 743 1390 804 εἰς
1415 741 1605 811 ἑτέραν
1636 740 1755 792 ὑπό-

189 830 329 883 θεσιν
361 832 704 899 ἀναγκάσει·
762 833 971 884 Παύλου
1002 832 1248 899 λέγοντος
1273 850 1286 863 δ
1345 833 1508 887 Ἀλλ’
1540 832 1755 885 ἑαυτὸν

185 922 439 977 ἑκένωσε
486 925 738 993 μορφὴν
790 926 1012 978 δούλου
1069 923 1299 978 λαϐὼν*
1352 927 1445 978 καὶ
1500 926 1749 977 Ἡσαΐου·

190 1016 379 1080 Οὕτως
406 1017 576 1085 λέγει
605 1019 819 1084 Κύριος
856 1020 887 1069 ὁ
920 1016 1159 1081 πλάσας
1185 1034 1261 1085 με
1298 1018 1367 1068 ἐν
1392 1018 1584 1082 κοιλίᾳ
1614 1016 1754 1069 δοῦ-

186 1110 292 1159 λον
318 1108 515 1173 ἑαυτῷ
534 1126 547 1138 ·
594 1110 687 1161 καὶ
718 1109 874 1172 αὐτὸς
902 1109 955 1160 δέ
986 1126 1147 1179 φησιν
1179 1110 1236 1159 ἐν
1272 1107 1616 1174 Εὑαγγελίοις
1636 1148 1649 1169 ,
1680 1109 1754 1171 ὡς

199 1197 255 1249 Ὀ
308 1197 443 1263 Υἱὸς
475 1198 582 1251 τοῦ
629 1197 939 1266 ἀνθρώπου
975 1200 1083 1251 οὐκ
1115 1194 1262 1267 ἦλθε
1303 1197 1749 1265 διακονηθῆναι,

183 1288 337 1341 ἀλλὰ
365 1288 751 1356 διακονῆσαι.
1640 1331 1654 1339 .

260 1364 776 1435 Ἐνδυσάσθωσαν
814 1384 867 1434 cl
909 1381 1398 1447 ἐτη-διαϐάλλοντές
1441 1398 1516 1449 με
1556 1382 1753 1447 ἐντρο-

184 1469 317 1535 :ttjr.
353 1472 492 1526 Ποία
522 1474 627 1544 γὰρ
654 1475 750 1525 οὐκ
777 1472 922 1525 ἔστιν
956 1472 1225 1536 Ἰουδαίοις
1251 1473 1515 1544 αἰσχύνη;
1544 1474 1622 1526 Τὰ
1654 1474 1751 1543 μὲν

183 1563 306 1630 ἅγια
335 1564 406 1615 τὰ
431 1565 645 1617 ἑαυτῶν
674 1563 868 1633 ὁρῶσιν
896 1567 957 1616 ἐκ
982 1563 1194 1634 βάθρων
1220 1566 1565 1635 ὴιρανισμένα
1587 1582 1599 1594 ’
1630 1564 1752 1617 τοῦ-

182 1652 236 1704 ςό
268 1669 324 1703 τε
364 1653 461 1705 τοῦ
502 1655 633 1723 παρ’
668 1653 842 1706 αὐτῶν
870 1654 1257 1724 ἀτιμασθὲντος
1283 1658 1376 1708 καὶ
1410 1656 1749 1727 σταυρωθέν-

182 1758 264 1805 τος
288 1743 759 1813 προσκυνούμενον
777 1746 961 1815 μνῆμα
979 1761 990 1772 ·
1016 1746 1107 1797 καὶ
1122 1746 1219 1808 τὰς
1236 1747 1562 1818 Ἐκκλησίας
1588 1748 1748 1801 αὐτοῦ

186 1834 454 1903 πανταχοῦ
512 1834 763 1889 τοσοῦτον
814 1835 1152 1899 ἐπιδιδούσας
1188 1838 1267 1901 εἷς
1318 1856 1375 1891 τε
1420 1838 1623 1910 πλῆθος
1657 1841 1749 1893 καὶ

182 1922 348 1988 δόξαν.

261 2017 807 2087 Ἑξομολογήσομίιι
835 2017 913 2083 τῷ
940 2021 1132 2087 Κυρίῳ
1153 2020 1387 2088 σφόδρα
1409 2021 1478 2073 ἐν
1507 2021 1587 2087 τῷ
1610 2026 1751 2076 στό-

178 2109 313 2177 ματί
337 2126 482 2176 μου.
527 2108 591 2160 Ἢ
638 2108 1019 2181 ἐξομολόγησις
1046 2110 1142 2182 τὴν
1171 2112 1517 2184 εὐχαριστίαν
1551 2114 1750 2184 σημαί-

183 2216 275 2263 νει,
304 2201 369 2269 ῆν
399 2201 635 2253 ποιεῖται
663 2200 748 2253 διὰ
771 2201 878 2255 τῶν
902 2201 1068 2255 ἐθνῶν
1096 2205 1124 2256 6
1154 2203 1299 2267 Υἱός.
1352 2206 1459 2258 Kal
1492 2207 1561 2257 ἐι·
1582 2205 1750 2274 μέσῳ

181 2291 423 2346 πολλῶν
437 2292 660 2346 αἰνέσω
679 2295 881 2348 αὐτόν.
902 2294 999 2347 Διὰ
1018 2294 1125 2366 γὰρ
1149 2296 1244 2366 τῆς
1272 2296 1593 2366 Ἐκκλησέας
1614 2301 1751 2350 αἰνεῖ

180 2382 264 2434 τὴν
292 2383 539 2455 Πατέρα.

736 2478 834 2529 ΨΑ
843 2481 885 2529 Λ
894 2480 1044 2530 ΜοΣ
1088 2480 1198 2531 PG’

248 2558 435 2617 Εἶπεν
469 2566 503 2617 ό
541 2566 760 2632 Κύριος
792 2565 871 2631 τῷ
902 2568 1095 2634 Kvpltp
1126 2586 1245 2637 μου
1266 2586 1279 2600 ·
1319 2570 1512 2625 Κάθου
1545 2571 1612 2623 ἐκ
1652 2571 1746 2624 ὄε-

183 2652 321 2715 ειῶν
359 2672 505 2722 μου.
565 2654 674 2727 Τὴν
726 2655 867 2708 κατὰ
902 2658 1077 2729 σάρκα
1128 2658 1378 2730 γέννησιν
1408 2661 1500 2713 τοῦ
1541 2663 1744 2733 Κυρίου

179 2744 262 2797 διὰ
289 2744 396 2797 τῶν
431 2746 716 2818 παρόντων
765 2750 1159 2820 κατασημαῑνει
1182 2791 1196 2816 ,
1223 2753 1314 2805 καὶ
1346 2753 1436 2805 τὸν
1468 2755 1747 2823 εὐαγγελι-

182 2837 269 2890 κδν
306 2838 475 2893 αὐτοῦ
507 2839 696 2907 λόγον,
742 2841 830 2894 τὸν
862 2842 1075 2895 πάντων
1108 2846 1606 2915 κατακυριεύσαντα
1638 2848 1747 2901 τῶν

183 2930 366 2994 ἐθνῶν,
402 2932 499 2985 καὶ
532 2933 629 3003 τὴν
659 2934 736 2995 εἰς
756 2933 1014 3003 οὐρανοὺς
1039 2935 1203 2988 αὑτοῦ
1223 2937 1428 3001 ἄνοδον,
1452 2936 1519 3011 ἧς
1544 2941 1745 3011 κατάρ-

182 3037 327 3090 χεται
354 3024 383 3075 6
410 3021 626 3091 ψαλμὸς
653 3022 825 3089 λέγων
845 3037 857 3050 ·
893 3020 1078 3077 Εἶπεν
1121 3028 1153 3077 ὀ
1206 3028 1419 3094 Κύριος
1452 3027 1530 3093 τῷ
1552 3024 1744 3097 Κυρίῳ

175 3131 316 3183 ιιουο
352 3114 554 3171 Κάθου
590 3116 659 3169 ἐκ
690 3116 902 3179 δεξιῶν
931 3136 1069 3186 μου.

248 3208 396 3275 Ἕως
426 3209 506 3263 ἂν
534 3209 613 3263 θῶ
646 3210 784 3275 τοὺς
823 3210 1071 3279 ἐχθρούς
1113 3226 1228 3266 σου
1256 3215 1587 3270 ὑποπόδιον
1630 3216 1747 3271 τῶν
1772 3240 1814 3295 C

180 3298 376 3352 ποδῶν
403 3316 544 3353 σου.
593 3300 701 3352 Καὶ
733 3300 875 3363 τίνες
907 3300 971 3353 ἂν
1002 3295 1111 3352 εἷεν
1135 3303 1184 3353 οἱ
1211 3303 1397 3374 ἐχθροὶ
1428 3308 1456 3357 6
1499 3308 1744 3361 Ἀπὸστο-

180 3388 264 3452 λος
293 3388 445 3458 δηλοί
481 3387 647 3453 βοῶν’
681 3390 855 3442 Ὅταν
891 3388 1236 3460 καταργήσῃ
1280 3392 1386 3458 τὰς
1419 3394 1608 3463 ἀρχὰς
1647 3399 1742 3450 καὶ

180 3479 280 3544 τὰς
311 3479 620 3544 ἐξουσίας,
649 3478 745 3531 καὶ
771 3479 911 3545 τοὺς
939 3481 1421 3551 κοσμοκράτορας
1441 3523 1455 3547 ,
1487 3486 1745 3555 ἔσχατος

178 3570 385 3639 ἐχθρὸς
413 3568 786 3637 καταργεῖται
820 3573 852 3623 ό
873 3570 1157 3637 ’θάνατος.

253 3660 503 3714 Ῥάϐδον
530 3658 836 3728 δυνάμεως
864 3660 1264 3724 ἐξαποστελεῖ
1301 3680 1398 3717 σοι
1426 3668 1638 3733 Κύριος
1677 3669 1745 3722 ἐκ

180 3750 344 3806 Σιών.
407 3752 516 3805 Τὸν
544 3749 895 3820 εὐαγγελικόν
925 3768 1057 3822 φησι
1083 3751 1239 3821 λόγον
1281 3753 1371 3806 τὸν
1404 3756 1747 3828 ἀπεσταλμέ-

180 3861 282 3909 νον,
313 3845 371 3909 ὃς
400 3844 497 3897 καὶ
529 3843 743 3897 πάντων
775 3843 882 3898 τῶν
911 3842 1120 3916 ἐχθρῶν
1154 3846 1490 3918 ἐκυρίευσεν.

245 3932 405 3987 Μετά
435 3930 553 3986 σοῦ
576 3931 615 3997 ἠ
649 3931 805 4001 ἀρχὴ
836 3933 907 3986 ἐν
928 3934 1116 4002 ἡμέρᾳ
1143 3934 1253 4002 τῆς
1275 3935 1579 4006 δυνάμεώς
1604 3951 1742 3993 σου.

183 4025 251 4078 ’Ἠ
279 4027 367 4079 τὸν
403 4026 596 4095 καιρὸν
626 4025 723 4096 τῆς
754 4026 987 4096 κρίσεως
1013 4027 1099 4081 διὰ
1129 4027 1330 4082 τούτων
1360 4032 1612 4101 σημαίνει
1637 4073 1652 4096 ,
1687 4034 1744 4085 ὲν

178 4110 219 4182 ᾧ
240 4116 467 4187 δυνάμει
496 4115 617 4187 θείᾳ.
642 4115 849 4181 πάντας
877 4119 1053 4191 κρινεῖ
1077 4118 1245 4172 ἐλθὼν
1272 4122 1409 4190 μετὰ
1442 4124 1551 4176 τῶν
1576 4124 1745 4193 ἁγίων

179 4219 419 4288 ἀγγέλων
441 4217 638 4273 αὐτοῦ·
668 4218 700 4289 ἢ
734 4218 825 4272 τὸν
858 4218 1048 4289 καιρὸν
1081 4219 1182 4288 τῆς
1215 4217 1520 4287 γεννήσεως
1552 4214 1741 4280 αὑτοῦ,

179 4310 291 4377 ἥτις
315 4310 411 4363 καὶ
430 4309 612 4381 ἡμέρα
640 4309 920 4375 δυνάμεως
950 4308 1433 4381 προσαγορεύεται.
1468 4308 1620 4362 Μετὰ
1648 4308 1743 4361 σοῦ

180 4398 280 4471 γὰρ
310 4400 469 4453 ἔσται
503 4402 536 4470 ἡ
571 4402 731 4471 ἀρχή.
773 4399 1195 4466 Κατεξουσιὰζει
1230 4398 1339 4471 γὰρ
1374 4398 1480 4451 τῶν
1511 4398 1667 4460 ὃὶων,
1696 4400 1744 4451 εἰ

181 4491 267 4546 καὶ
305 4492 531 4561 γέγονεν
582 4491 884 4563 ἄνθρωπος.
934 4494 1035 4546 Ἐν
1063 4492 1191 4557 ταῖς
1219 4491 1597 4560 λαμπρότησι
1628 4488 1746 4543 τῶν

180 4544 357 4651 tirio);
375 4544 511 4637 σου.
540 4582 613 4635 Τδ
636 4544 713 4645 δέ,
750 4544 992 4647 Eram”;-
1019 4544 1400 4652 λαμσὲρότησι
1419 4544 1536 4635 trba"
1564 4582 1746 4650 ἁγίων
1780 4582 1823 4636 ῐ)
1853 4544 1880 4595 b

182 4686 318 4737 σου,
350 4672 505 4725 οὐδὲν
534 4674 719 4745 ἕτερον
748 4672 781 4742 ἢ
816 4674 913 4736 τὰς
944 4692 1036 4744 χοι.
1076 4670 1161 4729 ἀς
1191 4674 1404 4735 ὲκείνας
1431 4673 1539 4726 τῶν
1572 4674 1743 4740 ἁγίων

182 4764 422 4833 ἀγγέλων
457 4765 591 4834 ἡμῖν
636 4765 1070 4836 κατασημαίνει,
1118 4764 1218 4829 τὰς
1251 4763 1401 4835 παρὰ
1446 4767 1545 4837 τὴν
1575 4763 1746 4818 νύκτα

184 4854 388 4926 ὶκείνην
417 4855 539 4909 καθ’
586 4856 652 4927 ἡν
677 4855 939 4928 ἐγεννήθη
973 4858 1001 4908 6
1034 4856 1268 4929 Χριστὸς
1300 4854 1538 4927 petimur
1596 4856 1749 4919 Δόξα

178 4962 241 4999 ριν
259 4946 544 5015 ὑψίστοις
572 4947 693 5013 Θεῷ
718 4947 815 5001 καὶ
837 4948 936 5001 ἐπὶ
962 4947 1077 5016 γῆς
1103 4946 1331 5016 ειρήνη.
1376 4947 1470 4998 Ἐκ
1493 4947 1750 5014 γαστρὸς

180 5036 284 5105 πρὸ
317 5038 630 5107 ἑωσφόρον
668 5039 965 5109 ὲγέννησά
997 5058 1088 5092 σε.
1138 5040 1278 5109 Ὅρα
1305 5038 1419 5103 πῶς
1457 5038 1745 5091 οἰκειοῦται

182 5130 270 5197 τὴν
296 5129 439 5183 κατὰ
468 5129 644 5199 σάρκα
672 5128 922 5201 γέννησιν
965 5129 1060 5183 τοῦ
1092 5129 1429 5198 Μονογενοῦς
1457 5130 1485 5182 ὁ
1531 5129 1741 5197 Πατήρ.

180 5220 307 5290 Φησὶ
341 5221 450 5293 γὰρ
478 5222 507 5273 6
529 5222 718 5294 Πατὴρ
748 5223 884 5294 πρὸς
912 5224 999 5276 τὸν
1028 5222 1152 5275 Υἱόν
1172 5240 1184 5253 ·
1219 5222 1332 5293 Πρὸ
1358 5222 1464 5292 γὰρ
1486 5220 1578 5274 τοῦ
1611 5223 1745 5291 ὁρω-

185 5312 346 5379 μένου
367 5315 574 5386 κόσμου
603 5314 790 5368 τούτου
823 5316 916 5369 καὶ
943 5315 1195 5383 διαυγοῦς
1222 5315 1398 5383 φωτὸς
1422 5316 1743 5384 γεννήσεως.

182 5400 281 5469 ἐγὼ
306 5404 614 5475 γεγέννηκά
642 5406 847 5476 σε.οὐχ
876 5406 955 5458 ὃτι
986 5407 1223 5475 γαστέρα
1246 5404 1355 5474 ἔχει
1385 5406 1413 5457 ὁ
1438 5404 1601 5468 Θεὸςσ
1632 5404 1745 5457 ἀλλ’

183 5490 358 5562 ἐπειδὴ
389 5492 460 5546 τὰ
490 5495 685 5566 γνήσια
708 5534 722 5557 ,
754 5497 847 5550 καὶ
889 5496 949 5548 οὐ
980 5496 1105 5549 νόθα
1126 5536 1140 5559 ,
1174 5497 1238 5548 ὲκ
1266 5495 1500 5566 γαστρὸς
1531 5511 1742 5565 πρωτο-

181 5585 366 5638 toxle
399 5586 727 5654 πφύκασιν.

247 5676 463 5745 Ὠμοσε
511 5680 755 5748 Κύριος,
787 5680 880 5732 καὶ
930 5680 1001 5733 οὐ
1046 5679 1616 5748 μεταμεληθήσεται.
1701 5678 1743 5729 0

244 5852 289 5892 ι’
313 5855 547 5930 Philipp.
594 5872 652 5925 ll,
678 5857 730 5913 7.

3310 435 3419 493 462

1860 652 2138 722 Propheta;
2166 665 2372 705 vocem.
2411 647 2600 702 Servus
2628 656 2803 700 autem
2835 656 2956 700 tuus
2988 645 3274 700 lambitur.
3309 647 3414 701 Ne-

1857 760 1962 814 que
1994 744 2096 797 hoc
2125 743 2328 797 dictum
2373 741 2440 793 a'd
2487 739 2633 793 aliud
2688 747 3066 809 argumentum
3121 738 3417 792 transferre

1858 849 2079 889 necesse
2108 833 2264 888 nobis
2298 840 2382 887 est
2413 849 2428 897 ;
2469 846 2593 883 cum
2626 829 2827 886 Paulus
2859 831 3003 884 dicat
3032 848 3045 884 :
3083 827 3186 883 Sed
3225 838 3414 880 semet-

1856 927 2029 994 ipsum
2082 925 2371 978 exiuanivit
2442 923 2671 993 [orntum
2727 928 2864 976 σοι·τί
2927 922 3187 991 accipiens
3230 920 3305 986 ‘7;
3360 925 3415 973 et

1858 1016 2023 1073 Isaias
2049 1036 2062 1072 :
2100 1016 2190 1072 Sic
2216 1017 2347 1071 dicit
2380 1015 2635 1069 Dominus
2663 1016 2753 1085 qui
2783 1014 3028 1083 formarit
3056 1029 3135 1066 me
3174 1026 3238 1063 ea:
3267 1021 3413 1063 utero

1854 1124 2057 1160 servum
2085 1109 2184 1160 sibi
2210 1107 2252 1138 ¹⁸
2278 1124 2291 1161 :
2316 1116 2368 1161 et
2400 1108 2517 1175 ipse
2542 1107 2593 1159 in
2626 1104 2932 1175 Evangeliis
2970 1105 3085 1159 ait:
3124 1101 3299 1157 Filius
3327 1102 3416 1154 Iro-

1855 1200 2013 1253 mz’nis
2048 1216 2150 1252 non
2181 1200 2316 1263 venit
2347 1198 2665 1262 ministrari,
2706 1196 2794 1250 sed
2815 1199 3115 1251 ministrare
3138 1197 3199 1247 ¹⁹.

1923 1375 2013 1429 29.
2038 1374 2342 1428 Iuduantur
2363 1375 2451 1445 qui
2482 1374 2765 1428 detrahunt
2789 1374 2916 1427 milii
2946 1374 3163 1442 pudore.
3194 1370 3411 1440 Ecquod

1859 1482 1966 1520 non
2003 1475 2085 1520 est
2123 1465 2326 1522 Judacis
2362 1465 2585 1535 pudoris
2630 1466 2845 1535 genus?
2874 1463 3068 1519 Sancta
3105 1479 3203 1518 sua
3237 1462 3417 1516 vident

1854 1575 1883 1611 a
1915 1558 2283 1613 fundamentis
2329 1559 2550 1613 diruta:
2590 1559 2901 1627 sepulcrum
2934 1564 3111 1610 autem
3161 1555 3280 1624 ejus
3321 1555 3410 1624 qui

1854 1652 1922 1704 ob
1950 1650 2081 1719 ipsis
2106 1650 2382 1719 despecturi
2416 1650 2632 1703 habitus
2657 1665 2720 1702 ac
2740 1648 3033 1703 cruciﬁxus
3052 1658 3134 1703 est
3161 1646 3411 1702 adorari:

1855 1742 2233 1805 licelesiasque
2257 1742 2377 1811 ejus
2406 1743 2606 1813 ubique
2647 1751 2911 1813 terrarum
2947 1750 3153 1795 tantum
3186 1754 3413 1794 numero

1853 1844 1903 1888 et
1939 1835 2108 1902 gloria
2141 1834 2348 1903 augeri.

1924 2008 2014 2062 50.
2051 2007 2350 2079 Conﬁtebor
2380 2007 2604 2062 Domino
2646 2007 2800 2061 nimis
2828 2008 2879 2060 in
2913 2023 3001 2059 ore
3028 2021 3158 2059 meo.
3188 2002 3413 2059 Confes-

1852 2100 1935 2154 sio
1958 2101 2255 2171 gratiarum
2289 2099 2556 2155 actionem
2588 2100 2877 2169 signilicat,
2909 2114 3070 2168 quam
3104 2112 3199 2166 per
3222 2105 3410 2167 gentes

1853 2189 2021 2243 Filius
2064 2189 2257 2244 reddit.
2291 2189 2360 2243 Et
2391 2191 2444 2242 in
2496 2190 2662 2243 medie
2697 2190 2983 2242 multorum
3014 2188 3241 2241 laudabo
3270 2203 3408 2241 eum.

1850 2281 1953 2334 Per
1992 2263 2288 2335 Ecclesiam
2319 2296 2554 2350 namque
2578 2280 2787 2335 Patrem
2820 2281 3021 2335 laudat.

2368 2456 2701 2513 PSALMUS
2732 2458 2884 2512 CIX.

1921 2552 1971 2606 Ι.
2000 2552 2149 2607 Dixit
2195 2552 2449 2605 Dominus
2508 2550 2733 2604 Domino
2780 2548 3091 2604 meo:Sede
3128 2567 3161 2602 a
3208 2550 3409 2603 dextris

1848 2644 1996 2699 meis.
2036 2642 2195 2697 llisce
2218 2642 2399 2696 verbis
2433 2642 2833 2711 generationem
2865 2640 3076 2694 Domini
3107 2641 3406 2696 secundum

1848 2749 2067 2789 carnem
2131 2732 2421 2803 signiﬁcat,
2475 2742 2527 2786 et
2575 2732 2944 2801 evangelicum
2992 2732 3109 2801 ejus
3160 2732 3407 2797 verbum,

1847 2824 1990 2895 quod
2038 2823 2291 2878 omnibus
2325 2821 2575 2892 gentibus
2606 2822 2958 2875 dominatur:
2994 2830 3047 2875 et
3069 2822 3189 2890 ejus
3215 2836 3413 2876 ascen-

1847 2930 1967 2969 sum
2021 2915 2073 2967 in
2132 2911 2339 2976 cmlos,
2387 2926 2545 2980 quem
2579 2917 2797 2964 enarrat
2844 2908 3087 2979 psalmus
3132 2908 3406 2964 dicendo;

1853 3003 1997 3057 Dixit
2025 3004 2278 3058 Dominus
2318 3001 2540 3055 Domino
2566 3016 2713 3054 meo:
2748 2998 2877 3053 Sede
2902 3016 2933 3052 a
2972 2999 3168 3053 dextris
3199 2999 3346 3053 meis.

1920 3173 2092 3229 Donec
2114 3192 2303 3245 ponam
2335 3175 2579 3229 inimicos
2609 3184 2723 3229 tuos
2748 3174 3032 3229 scabellum
3060 3174 3245 3241 pedum
3289 3182 3411 3229 tuo-

1851 3284 1990 3321 rum.
2034 3267 2266 3334 Quinam
2296 3268 2481 3324 hostes
2515 3268 2626 3324 sint
2671 3268 2910 3323 declarat
2942 3266 3233 3337 Apostolus
3281 3281 3405 3321 eum

1848 3360 2084 3413 clamat:
2119 3358 2251 3413 Cum
2273 3360 2598 3413 evacuaverit
2634 3360 2988 3427 principatum
3027 3368 3077 3411 et
3128 3366 3407 3427 potestates

1846 3458 1895 3501 et
1932 3458 2155 3502 rectores
2190 3449 2393 3514 mundi,
2427 3449 2713 3502 novissima
2748 3449 2980 3502 omnium
3018 3449 3234 3501 inimica
3269 3463 3408 3501 mors

1851 3538 2147 3593 destruetur
2171 3540 2239 3594 ‘°.

1919 3630 1974 3684 2.
2020 3629 2234 3701 l’irgam
2276 3633 2616 3687 cirtutistuw
2657 3633 2853 3686 emittet
2894 3630 3153 3684 Dominus
3176 3646 3240 3683 ex
3258 3628 3404 3685 Sion.

1847 3720 2229 3791 Evangelicum
2259 3723 2390 3777 dicit
2420 3724 2664 3787 verbum,
2697 3721 2841 3790 quod
2878 3721 3139 3773 emissum
3175 3719 3407 3774 inimicis

1850 3815 2105 3869 omnibus
2129 3814 2462 3868 dominatum
2504 3824 2606 3869 est.

1917 3906 1971 3960 5.
2009 3903 2195 3959 Tecum
2229 3906 2546 3974 principium
2573 3905 2629 3959 in
2666 3905 2752 3958 die.
2785 3900 2996 3956 virtutis
3040 3911 3163 3955 tum.
3206 3898 3302 3955 llis
3333 3900 3409 3955 si—

1850 4000 2069 4069 gnilicat
2096 4006 2191 4051 aut
2214 3996 2404 4066 judicii
2446 4004 2679 4067 tempus,
2704 4010 2812 4065 quo
2846 3995 3045 4048 virtute
3072 3992 3251 4048 divina
3276 4006 3410 4045 om—

1851 4102 1947 4143 nes
1987 4086 2251 4156 judicabit
2303 4086 2528 4140 veniens
2590 4098 2713 4137 cum
2752 4082 2955 4137 sanctis
3002 4080 3209 4149 angelis
3257 4081 3405 4138 suis;

1849 4187 1944 4232 aut
1973 4186 2183 4247 tempus
2211 4174 2577 4248 generationis
2612 4173 2779 4238 illius,
2812 4186 2933 4241 quae
2965 4170 3130 4225 etiam
3168 4169 3284 4223 dies
3308 4168 3410 4221 vir-

1848 4268 1980 4324 tutis
2006 4268 2329 4338 appellatur.
2364 4264 2566 4321 Tecum
2596 4263 2739 4318 enim
2766 4262 2867 4316 erit
2896 4260 3246 4330 principium.
3271 4254 3405 4310 Nam

1848 4361 2163 4427 dominatur
2200 4357 2474 4414 universis
2520 4355 2731 4410 etiamsi
2780 4352 2958 4409 factus
3006 4352 3077 4407 sit
3122 4351 3305 4408 homo.
3343 4347 3408 4402 In

1850 4451 2209 4522 splendoribus
2243 4458 2792 4504 sanctorumtuorum.
2831 4442 2960 4497 Illud
2991 4462 3003 4497 :
3034 4441 3099 4495 In
3125 4440 3411 4512 splendori-

1887 4560 1946 4597 us
1976 4552 2279 4596 sanctorum
2314 4552 2542 4602 tuorum,
2591 4536 2725 4591 nihil
2753 4536 2897 4589 aliud
2939 4534 3209 4605 signiﬁcat
3243 4548 3407 4603 quam

1849 4636 2076 4689 choreas
2102 4633 2224 4688 illas
2257 4640 2573 4688 sanctorum
2608 4628 2948 4698 angelorum.
2981 4626 3279 4679 clamantes
3300 4640 3407 4694 qua

1848 4737 2005 4782 nocte
2038 4737 2200 4781 natus
2255 4724 2506 4778 Christus
2537 4730 2657 4775 est:
2691 4718 2871 4773 Gloria
2916 4719 2970 4770 in
3012 4716 3230 4769 excelsis
3263 4713 3370 4769 Deo
3391 4754 3407 4773 ,

1847 4831 1896 4873 et
1931 4822 1985 4873 in
2007 4829 2149 4871 terra
2168 4832 2273 4887 pax
2297 4817 2362 4868 ".
2397 4814 2480 4867 Ea:
2517 4823 2664 4866 utero
2697 4821 2814 4864 ante
2846 4808 3123 4875 luciferum
3156 4808 3309 4877 genui
3337 4818 3406 4861 te.

1852 4910 1985 4964 Vide
2016 4924 2123 4980 quo
2154 4917 2311 4978 pacto
2359 4905 2521 4959 Pater
2554 4899 2855 4973 Unigeniti‘
2885 4897 3283 4969 generationem
3332 4912 3414 4950 sc-

1851 5002 2087 5057 cundum
2146 5012 2361 5052 carnem
2416 4995 2521 5050 sibi
2572 4997 2842 5065 propriam
2901 4991 3082 5045 ellicit.
3140 4990 3231 5043 Ait
3263 4990 3407 5045 enim

1850 5092 2009 5149 Pater
2037 5091 2103 5146 ad
2134 5089 2330 5143 Filium
2359 5108 2371 5142 :
2403 5088 2540 5142 Ante
2569 5085 2827 5141 mundum
2846 5084 3005 5137 hunc
3031 5081 3326 5148 visibilem,
3358 5094 3414 5137 et

1850 5184 2191 5255 splendidum
2229 5183 2410 5236 lumen
2441 5195 2542 5251 ego
2566 5187 2618 5233 te
2646 5174 2963 5248 genui.Non
2995 5174 3141 5244 quod
3170 5183 3410 5228 ventrem

1850 5278 1993 5333 Deus
2016 5276 2213 5330 habeat
2239 5291 2253 5337 ;
2280 5272 2372 5328 sed
2403 5272 2531 5340 quia
2564 5284 2842 5339 germana,
2871 5275 2923 5321 et
2957 5279 3064 5320 non
3099 5264 3311 5335 spuria,
3346 5278 3409 5317 ex

1848 5377 2034 5426 ventre
2068 5365 2509 5437 primogenitum:
2541 5362 2674 5415 oriri
2699 5361 2894 5416 solent.

1917 5675 1970 5728 ι.
2008 5672 2214 5725 Jurnrit
2257 5671 2509 5723 Dominus
2542 5678 2587 5721 et
2628 5684 2729 5721 non
2774 5666 3041 5736 paenitebit
3078 5683 3216 5721 eum.
3259 5661 3413 5720 JH?!-

812 5858 981 5913 "lsa.
1014 5873 1159 5925 xux,
1201 5857 1252 5912 5.
1334 5858 1374 5890 ι’
1400 5854 1584 5912 Matth.
1621 5870 1711 5919 xx,
1747 5852 1836 5907 28.
1911 5849 1954 5882 ¹⁰
1990 5847 2007 5901 l
2041 5848 2167 5904 Cor.
2213 5863 2299 5915 xv,
2343 5846 2430 5902 26.
2508 5849 2548 5881 “
2592 5846 2723 5904 Luc.
2779 5860 2838 5911 It,
2879 5845 2962 5900 ll.
