4126 6480
721 416 825 472 465

1558 418 1614 474 S.
1656 417 2022 473 ATHANASII
2061 417 2213 474 OPP.
2261 416 2439 474 PARS
2477 417 2566 475 Ill.
2606 449 2677 459 —
2716 417 3125 476 EXEGETICA.

3845 424 3946 480 ιοι

724 549 964 595 mentum
997 539 1111 604 Dei,
1145 548 1227 595 est
1253 540 1474 596 verbum
1506 540 1645 610 ejus,
1679 543 1822 612 quod
1857 541 2132 596 auditores
2161 556 2280 597 cera

2380 541 2541 611 ὅρκος
2582 539 2677 594 τοῦ
2709 540 2842 594 (ι)εοῦ
2898 543 2925 594 δ
2962 542 3119 610 λόγος
3167 541 3326 594 αὑτοῦ
3371 542 3523 605 ἐστι,
3589 541 3948 613 πληροςξορῶν

725 630 889 685 tiores
915 627 1064 693 facit,
1097 639 1150 684 et
1179 629 1336 684 [idem
1369 631 1564 700 cuique
1586 631 1697 697 dat,
1727 647 1845 700 quae
1869 630 1980 701 ipse
2010 631 2278 701 promittit

723 738 786 776 ac
806 721 1046 791 loquitur
1079 720 1303 776 omnino
1331 719 1509 775 futura
1542 737 1681 776 esse.
1730 721 1846 775 Non
1875 723 2016 776 enim
2055 723 2278 791 perindc

720 826 880 885 atque
910 816 1073 870 homo
1111 814 1252 870 Deus
1305 816 1488 884 jurat;
1538 821 1631 871 sed
1680 819 1900 873 verbum
1952 820 2071 887 ejus
2121 818 2278 873 nobis

722 907 895 961 instar
922 905 1219 975 juramenti
1250 917 1334 960 est
1363 904 1429 960 ad
1463 907 1742 962 veritatem
1771 925 1784 973 ;
1827 908 2082 962 nimirum
2119 923 2278 962 omne

718 998 942 1051 verbum
974 997 1094 1066 ejus
1129 998 1234 1050 talc
1268 1005 1351 1051 est
1384 1007 1441 1050 ut
1473 1014 1750 1067 nunquam
1791 1000 2047 1067 pmnitcat
2080 999 2275 1067 ipsum,

722 1088 926 1158 quippe
959 1103 1084 1143 cum
1115 1088 1369 1156 promissi
1416 1087 1952 1157 juramentn'lirmati
1987 1090 2140 1144 (idem
2182 1090 2278 1144 lia-

717 1177 861 1232 beat.
891 1177 969 1231 Tu
999 1193 1051 1231 es
1094 1178 1335 1231 sacerdos
1363 1178 1415 1230 in
1444 1190 1694 1232 (sternunt
1717 1181 1997 1233 secundum
2045 1181 2278 1234 ordinent

718 1269 1081 1325 Melchisedec.
1128 1266 1266 1334 Quia
1303 1284 1412 1324 non
1451 1270 1571 1323 oleo
1610 1268 1965 1325 Melchiscdec
2006 1271 2071 1324 ad
2108 1287 2279 1327 sacer-

715 1361 921 1417 dotium
979 1372 1173 1417 unctus
1217 1372 1323 1425 est.
1387 1362 1842 1432 quemadmodum
1883 1363 2060 1417 Aaron
2094 1403 2108 1428 ,
2150 1367 2275 1434 quia

716 1465 823 1506 non
861 1463 1112 1509 cruentas
1143 1453 1341 1508 obtulit
1378 1453 1617 1518 hostias;
1649 1455 1773 1523 quia
1821 1455 2058 1525 gentium
2101 1457 2281 1526 ponti-

717 1546 802 1598 lex
844 1553 980 1608 erat,
1037 1553 1091 1599 et
1133 1545 1260 1614 quia
1298 1559 1392 1615 per
1434 1560 1626 1614 panem
1673 1555 1725 1601 et
1776 1547 1958 1601 vinum
2007 1547 2280 1606 benedixit

713 1635 1043 1692 Aliraliamo.

785 1727 841 1781 5.
871 1725 1128 1781 Dominus
1154 1742 1187 1780 α
1215 1726 1415 1780 dextris
1442 1727 1544 1778 tuis
1575 1725 1822 1795 confregit
1852 1726 1907 1778 in
1936 1726 2020 1780 die
2047 1727 2142 1782 ira:
2171 1744 2279 1783 suae

715 1833 874 1887 reges.
905 1816 1056 1872 Dicm
1088 1818 1200 1882 irae,
1229 1817 1420 1886 judicii
1455 1826 1666 1886 tempus
1699 1833 1820 1873 esse
1843 1818 1996 1882 dicit,
2026 1835 2138 1889 quo
2179 1821 2276 1875 ho~

712 1910 888 1965 mines
924 1911 1018 1980 qui
1043 1909 1171 1964 olim
1213 1924 1277 1964 ex
1329 1908 1540 1963 fallacia
1591 1910 1899 1964 dmmouum
1952 1913 2271 1982 regnabant,

711 1999 1036 2070 confringet,
1068 1999 1208 2054 intra
1235 2001 1489 2070 abyssum
1516 2001 1848 2057 concludens
1881 2002 2047 2073 ipsos.

778 2177 832 2232 6.
861 2175 1132 2233 Judicabit
1155 2179 1211 2232 in
1239 2175 1564 2240 nationibus,
1595 2176 1830 2246 implebit
1850 2177 2051 2231 ruinas.
2083 2174 2271 2231 Natio-

710 2283 828 2335 nes,
861 2268 1056 2337 inquit,
1089 2269 1427 2336 impurorum
1461 2267 1765 2321 daemonum
1792 2267 2022 2336 puniens
2057 2267 2109 2320 in
2135 2277 2273 2322 tem-

709 2374 841 2428 pore
860 2358 1074 2428 judicii,
1101 2358 1274 2414 ruinis
1303 2359 1490 2429 plenas
1517 2359 1784 2424 ostendet,
1810 2359 1859 2412 id
1885 2367 1966 2413 est
2015 2358 2189 2428 ptenis
2215 2359 2271 2414 in

709 2446 1056 2502 inferioribus
1085 2447 1328 2517 partibus
1356 2455 1513 2501 terrae
1539 2446 1860 2516 inlligendis.
1887 2444 2270 2515 Conquassabit

707 2543 881 2610 capita
908 2543 962 2595 in
990 2550 1127 2594 terra
1159 2541 1465 2594 multarunt.
1499 2538 1688 2592 Simile
1726 2538 1855 2592 illud
1881 2548 1963 2593 est
1988 2539 2132 2593 dicto
2166 2537 2271 2592 Do-

707 2632 843 2686 mini
883 2647 979 2701 per
1009 2629 1198 2686 Isaiam
1227 2649 1239 2684 :
1273 2629 1338 2684 Et
1379 2629 1542 2700 dejecs'
1590 2629 1894 2701 sanguinem
1941 2630 2174 2698 ipsorum
2215 2631 2268 2683 iu

709 2732 906 2775 tenam
929 2721 996 2776 ".

778 2813 828 2869 7.
855 2813 929 2867 De
954 2821 1177 2867 torrente
1199 2813 1253 2866 in
1282 2813 1365 2865 via
1401 2811 1555 2864 bibet.
1584 2809 1900 2866 Torrentem
1930 2820 2086 2865 vocat
2126 2809 2270 2863 Scri-

706 2915 860 2976 ptura
887 2905 1259 2961 tentatiouem.
1275 2901 1430 2956 Viam
1450 2911 1628 2956 autem
1652 2902 1784 2956 dicit
1806 2903 2123 2957 descensum
2150 2901 2268 2972 ejus

708 2999 762 3052 in
787 3007 1009 3061 terram,
1047 2999 1101 3051 in
1126 3011 1231 3066 qua
1266 3009 1460 3065 passus
1488 2995 1686 3064 estqui
1726 3010 1821 3064 per
1855 3003 2148 3050 torrentem
2174 2995 2268 3050 de-

705 3089 932 3146 scendit.
971 3088 1253 3157 Propterea
1275 3086 1524 3142 exaltabit
1545 3096 1721 3156 caput.
1765 3085 2078 3159 Propterea,
2100 3103 2267 3158 quare

705 3179 812 3233 nisi
835 3178 960 3248 quia
991 3193 1185 3249 passus
1208 3186 1291 3232 est
1312 3177 1364 3230 iu
1390 3191 1554 3232 carne
1580 3178 1602 3231 ’ί
1636 3177 1824 3231 Simile
1853 3187 2032 3231 autem
2064 3186 2147 3231 est
2184 3177 2267 3231 di-

2376 633 2502 694 τοὺς
2554 632 2884 696 ἀκούοντας,
2929 634 3023 687 καὶ
3072 632 3250 685 πίστιν
3299 633 3510 702 ἑκάστῳ
3544 634 3836 703 παρέχον),
3867 634 3946 687 δτι

2376 722 2405 775 ὃ
2436 724 2766 794 ἐπήγγελται
2797 726 2890 778 καὶ
2919 725 3086 786 λαλεῖ,
3122 725 3336 788 πάντως
3364 727 3668 796 γενήσεται.
3733 726 3808 776 (ἃὺ
3841 727 3944 795 γὰρ

2377 816 2452 878 ὡς
2481 816 2758 887 ἄνθρωπος
2807 818 2994 887 ὀμνύει
3041 817 3172 881 Θεός
3191 834 3204 847 ·
3239 817 3351 870 ἀλλ’
3382 819 3510 888 ἡμῖν
3537 820 3564 870 ὁ
3592 818 3750 884 λόγος
3786 818 3943 869 αὑτοῦ

2377 905 2497 958 ἀντὶ
2530 907 2694 977 ὅρκου
2728 909 2862 979 πρὸς
2896 909 3149 979 ἀλήθειαν
3174 908 3410 977 γίνεται,
3442 909 3516 972 ὼς
3545 909 3636 962 τοῦ
3669 912 3945 978 ἀμεταμε-

2377 995 2535 1066 λήτου
2581 997 2779 1062 παντὸς
2811 1001 3095 1070 ἐσομένου,
3131 1001 3271 1054 κατὰ
3299 1001 3395 1071 τὴν
3429 1001 3762 1069 ἐπαγγελίαν
3787 1002 3941 1070 ὅρκου

2378 1089 2750 1159 τυγχάνοντος.
2814 1092 2896 1145 Σὺ
2926 1092 3115 1160 ἱερεὺς
3162 1094 3248 1158 είς
3281 1092 3387 1145 τεν
3417 1090 3598 1144 αἰῶνα
3640 1092 3792 1144 κατὰ
3838 1089 3944 1156 τὴν

2379 1178 2550 1243 τάξιν
2578 1181 2964 1250 Μελχισεδέκ.
3003 1185 3205 1236 Ὀτιού
3239 1183 3304 1236 δι’
3330 1183 3509 1236 ἐλαίου
3536 1184 3613 1244 εἰς
3646 1181 3942 1254 ἱερωσύνην

2377 1269 2601 1341 ἐχρίσϐη
2645 1273 2673 1324 ὁ
2721 1273 3083 1342 Μελχισεδὲκ,
3130 1274 3205 1336 ὡς
3246 1274 3451 1346 Ἀαρών
3473 1290 3488 1304 ·
3522 1275 3615 1328 καὶ
3647 1275 3729 1326 ὅτι
3760 1274 3820 1326 οὐ
3851 1273 3945 1336 τὰς

2376 1356 2441 1409 δι’
2471 1359 2714 1429 αίμάτων
2747 1364 3060 1432 προσήγαγε
3113 1362 3334 1427 θυσίας’
3375 1363 3470 1417 καὶ
3511 1365 3592 1417 ὅτι
3633 1363 3745 1416 τῶν
3778 1362 3942 1415 ἐονῶν

2376 1443 2443 1518 ἦν
2471 1450 2786 1523 ἀρχιερεὺς.
2831 1455 2925 1509 καὶ
2956 1455 3037 1507 ὅτι
3075 1454 3140 1507 δι’
3173 1456 3336 1527 ἄρτου
3368 1455 3462 1510 καὶ
3491 1455 3635 1508 οἴνου
3673 1454 3943 1525 ηὐλόγησε

2377 1537 2468 1591 τὸν
2502 1539 2769 1612 Ἀϐραάμ.

2447 1696 2664 1766 Κύριος
2689 1698 2757 1752 ἐκ
2806 1697 3016 1763 δεξιῶν
3047 1715 3162 1754 σου
3220 1700 3600 1756 συνέθλασεν
3642 1700 3712 1752 ἐν
3756 1699 3943 1769 ἡμέρᾳ

2379 1785 2560 1856 ὀργῆς
2582 1788 2767 1841 αὑτοῦ
2793 1789 3089 1856 βασιλεῖς.
3129 1791 3369 1862 Ἢμέραν
3397 1792 3563 1862 ὀργῆς
3584 1790 3676 1843 τὸν
3700 1791 3799 1860 τῆς
3824 1789 3940 1861 κρί-

2305 1883 2348 1938 B
2377 1892 2512 1941 σεως
2540 1880 2728 1950 καιρόν
2764 1898 2926 1950 φησιν
2946 1922 2960 1945 ,
3008 1884 3064 1934 ἐν
3158 1885 3282 1946 τοὺς
3321 1882 3484 1936 πάλαι
3517 1881 3939 1952 βασιλεύσαντας

2375 1967 2434 2034 ἐξ
2461 1971 2675 2042 ἀπάτης
2705 1973 2810 2025 τῶν
2833 1974 3099 2045 δαιμόνων
3129 1974 3442 2046 ἀνθρώπους
3481 1975 3828 2047 συνϐραύσει,
3862 1975 3937 2038 είς

2372 2060 2470 2132 τὴν
2497 2061 2730 2117 ἄϐυσσον
2756 2064 3047 2136 καθείρξας
3080 2066 3294 2130 αὐτούς.

2443 2154 2725 2222 ιῴινεῖἐν
2750 2155 2873 2224 τοῖς
2903 2157 3104 2212 ἔθνεσι
3128 2200 3142 2224 ,
3172 2157 3471 2228 πληρώσει
3499 2157 3799 2228 πτώματα.
3860 2158 3935 2212 Τὰ

2372 2242 2521 2316 ἔθνη,
2554 2247 2706 2318 φησι,
2729 2247 2838 2302 τῶν
2863 2248 3187 2322 ἀκαθάρτων
3208 2250 3476 2321 δαιμόνων
3503 2251 3561 2303 ἐν
3584 2249 3663 2322 τῷ
3692 2251 3794 2320 τῆς
3822 2250 3937 2321 κρί-

2373 2352 2510 2400 σεως
2557 2337 2730 2408 καιρῷ
2772 2338 3047 2402 κολάζων.
3099 2341 3402 2410 πτωμάτων
3430 2340 3699 2406 ἀποδείξει
3733 2341 3933 2412 πλήρη,

2370 2427 2613 2480 τουτέστι
2636 2429 2732 2498 τῆς
2759 2432 2836 2492 είς
2858 2430 2923 2482 τὰ
2945 2430 3226 2502 κατώτερα
3247 2431 3383 2503 μέρη
3403 2432 3502 2502 τῆς
3521 2432 3624 2502 γῆς
3643 2433 3930 2502 τιμωρίας.

2371 2520 2417 2571 Σ
2423 2518 2704 2574 ι’νθλιὶσει
2728 2521 2992 2590 κεφαλὰς
3013 2522 3107 2576 ἐπὶ
3150 2522 3260 2593 γῆς
3282 2523 3547 2578 πολλῶν.
3601 2523 3830 2594 ἰἰμοιον
3860 2523 3935 2594 τῷ

2369 2613 2640 2684 εἰρημένῳ
2679 2615 2808 2686 παρ’
2843 2615 3005 2669 αὑτοῦ
3037 2616 3124 2671 διὰ
3166 2617 3414 2670 Ἡσαΐου·
3449 2617 3558 2671 Καὶ
3601 2619 3935 2688 κατήγαγον

2368 2702 2434 2755 τὸ
2465 2699 2606 2772 alga
2627 2705 2824 2758 αὐτῶν
2851 2708 2937 2771 είς
2969 2705 3082 2773 τὴν
3108 2705 3243 2776 γῆν.

2453 2793 2552 2846 Ἐκ
2584 2792 2900 2862 χειμάρῤου
2923 2794 2991 2846 ἐν
3011 2793 3127 2860 ὀδῷ
3155 2795 3366 2847 πίεται.
3396 2793 3709 2864 Χείμαρρον
3734 2795 3768 2864 ὴ
3798 2795 3936 2866 Γρα-

2369 2883 2442 2954 ei)
2471 2884 2561 2937 τὸν
2595 2887 2897 2957 πειρασμόν
2925 2904 3109 2958 φησιν.
3146 2887 3288 2940 Ὀδὸν
3319 2886 3375 2940 δὲ
3400 2886 3496 2957 τὴν
3525 2889 3667 2942 κατὰ
3704 2887 3810 2958 γῆν
3839 2889 3934 2942 αὐ-

2366 2975 2459 3028 τοῦ
2496 2978 2716 3051 πορείαν
2745 2979 3020 3050 σημαίνει,
3047 2979 3104 3031 ἐν
3132 2974 3164 3052 ᾗ
3191 2979 3249 3032 τὸ
3279 2978 3446 3042 πάθος
3473 2978 3763 3049 ὑπέμεινεν
3791 2978 3820 3031 ὃ
3846 2979 3938 3032 καὶ

2365 3067 2453 3119 διὰ
2487 3067 2578 3120 τοῦ
2617 3071 2918 3140 χειμάρρου
2953 3070 3294 3140 κατέρχεται,
3345 3070 3447 3124 Διά
3485 3070 3660 3125 τοῦτο
3699 3070 3934 3139 ὑψώσει

2369 3158 2662 3226 κεφαλήν.
2722 3157 2821 3212 Διὰ
2865 3157 3055 3222 τοῦτο,
3101 3161 3250 3212 ποῖον
3297 3158 3419 3230 an.
3459 3159 3650 3213 παθεῖν
3681 3160 3845 3213 αὑτὸν
3879 3161 3932 3212 ὲν

705 3245 1010 3324 ctum-illud
1041 3287 1055 3323 :
1082 3267 1397 3321 llumiliavit
1440 3270 1772 3338 semetipsum
1825 3267 1994 3336 factus
2026 3265 2262 3322 obediens

2369 3247 2566 3320 σαρκί;
2600 3249 2825 3320 Ὅμοιον
2858 3249 2916 3304 δὲ
2945 3251 3006 3303 τὸ
3032 3249 3339 3322 εἰρημένον,
3364 3249 3453 3316 τὸ,
3500 3251 3938 3306 Ἐταπείνωσεν

704 3376 867 3433 usque
899 3361 966 3413 ad
995 3369 1212 3413 mortem
1242 3359 1308 3412 “.

1089 3445 1426 3504 PSALMUS
1462 3447 1578 3504 CX.
1614 3448 1864 3504 Alleluia.

777 3540 830 3595 i.
855 3539 1160 3610 Conﬁtebor
1194 3541 1307 3605 tibi,
1339 3540 1574 3605 Domine,
1607 3542 1662 3593 in
1695 3552 1800 3593 toto
1834 3541 1988 3593 corde
2027 3555 2157 3594 meo.
2185 3537 2262 3593 Ex

704 3645 939 3702 persona
984 3631 1360 3701 aposwlorum
1400 3645 1638 3701 przeseus
1679 3630 1923 3699 psalmus
1968 3629 2262 3693 inducitur,

703 3723 1076 3779 enarrantium
1117 3731 1321 3793 quanta
1360 3730 1414 3776 et
1451 3721 1634 3792 qualia
1660 3719 1813 3776 fuere
1859 3721 1913 3774 in
1961 3720 2263 3776 oeconomia

709 3813 1010 3870 Salvatoris
1033 3829 1219 3884 opera.
1254 3812 1379 3868 Ilaec
1413 3821 1593 3866 autem
1623 3812 1820 3866 docent
1861 3826 2057 3866 novum
2102 3826 2266 3880 popu-

704 3903 836 3965 lum,
871 3903 1032 3958 simul
1057 3903 1260 3974 gratias
1281 3913 1528 3973 agentem
1553 3903 1618 3956 de
1648 3902 1820 3957 salute
1855 3917 1973 3963 sua,
2007 3902 2263 3971 quamobo

704 4009 819 4049 rem
846 3993 1075 4048 Alleluia
1111 3992 1403 4063 inscriptus
1427 4002 1530 4048 est.
1571 3991 1637 4045 In
1680 3993 1900 4046 consilio
1930 4001 2185 4045 rectorum
2213 4001 2262 4046 et

701 4088 1119 4158 congregatione.
1163 4085 1464 4141 Consilium
1511 4095 1781 4140 rectorum
1813 4085 1942 4140 dicit
1982 4100 2134 4141 nova:
2163 4084 2263 4156 Sy-

705 4189 927 4250 nagoga:
986 4177 1268 4249 pepulum,
1311 4177 1377 4230 ad
1419 4177 1777 4232 diﬂ'erentiam
1825 4176 2008 4245 populi
2064 4178 2262 4232 veteris

708 4270 1029 4341 Synagogte.
1063 4268 1158 4323 Illa
1189 4269 1386 4339 quippe
1420 4277 1564 4324 recta
1608 4284 1714 4322 non
1761 4277 1865 4335 est,
1914 4276 2098 4338 utpote
2142 4285 2262 4339 quae

704 4375 920 4429 semper
949 4360 1114 4415 corde
1142 4353 1478 4414 erraverit.”

772 4450 828 4504 2.
867 4450 1062 4520 Magna
1102 4467 1258 4519 opera
1292 4450 1544 4504 Domini:
1583 4451 1844 4521 exquisita
1883 4451 1935 4504 in
1968 4467 2142 4505 omnes
2183 4469 2262 4506 ro-

2364 3339 2581 3396 ἑαυτὸν
2611 3343 2928 3412 γενόμενος
2953 3343 3218 3411 ὑπήκοος
3243 3342 3416 3411 μέχρι
3442 3343 3721 3398 θανάτου.

2721 3434 3026 3485 ΨΑΛΜΟΣ
3052 3435 3156 3486 PI'.
3209 3433 3582 3499 Ἀλλψίούτω

2448 3519 2996 3590 Ἐξομολογνὶσομαί
3021 3535 3153 3585 σοι,
3213 3521 3418 3589 Κύριε,
3463 3520 3532 3574 ἐν
3564 3520 3679 3589 ὅλῃ
3723 3519 3935 3590 καρδία

2359 3628 2498 3680 μου.
2552 3613 2645 3666 Ἐκ
2675 3612 2965 3685 προσώπου
3003 3613 3108 3666 τῶν
3138 3613 3445 3667 ἀποστόλων
3473 3613 3501 3664 ὁ
3535 3611 3725 3684 παρὼν
3751 3612 3934 3682 εἰσφέ-

2367 3722 2516 3776 ρεται
2539 3705 2771 3776 ψαλμδς,
2798 3705 3163 3776 διηγουμένων
3191 3705 3288 3758 ὅσα
3322 3703 3412 3758 τοῦ
3441 3704 3690 3775 Σωτῆρος
3725 3705 3822 3758 καὶ
3849 3700 3937 3758 οἶα

2365 3797 2556 3867 γέγονε
2606 3798 2705 3868 τῆς
2725 3797 3034 3868 οἰκονομίας
3056 3796 3125 3849 τὰ
3154 3796 3306 3867 ἔργα.
3339 3796 3655 3850 Διδάσκουσι
3682 3795 3738 3849 δὲ
3763 3796 3934 3850 ταῦτα

2363 3891 2457 3942 καὶ
2499 3889 2590 3943 τὸν
2614 3889 2731 3941 νέον
2755 3888 2899 3952 λαὶν,
2938 3887 3051 3958 ἅμα
3074 3886 3519 3958 εὐχαριστοῦντες
3544 3889 3635 3940 ὲπὶ
3662 3890 3730 3957 τῇ
3756 3888 3934 3942 αὐτῶν

2365 3978 2628 4049 σωτηρία·
2646 3977 2723 4030 διὸ
2737 3977 2831 4031 καὶ
2861 3977 3213 4044 Ἁλληλούἵα
3235 3978 3652 4049 ἐπιγέγραπται.
3671 3977 3770 4031 Ἐν
3787 3978 3938 4043 ,βου-

2361 4068 2443 4138 λῇ
2474 4069 2694 4123 εὐθέων
2721 4069 2815 4122 καὶ
2839 4066 3177 4138 συναγωγῇ.
3224 4068 3423 4140 Βουλὴν
3445 4068 3646 4123 εὐθέων
3677 4063 3800 4121 εἷπε
3843 4070 3935 4123 τὸν

2362 4162 2459 4232 τῆς
2492 4162 2615 4225 νέας
2645 4160 2966 4229 συναγωγῆς
2991 4159 3116 4214 λαὸν
3150 4162 3284 4231 πρὸς
3311 4161 3410 4232 τὴν
3438 4161 3535 4231 τῆς
3560 4160 3797 4224 παλαιᾶς
3821 4160 3936 4236 δια-

2363 4256 2574 4327 στολήν.
2642 4255 2854 4327 Ἐκείνη
2882 4253 2989 4327 γὰρ
3013 4254 3113 4307 οὐκ
3137 4249 3204 4326 ῆν
3233 4254 3448 4320 εὐθεῖα,
3480 4253 3575 4306 an
3601 4253 3690 4306 ἀεὶ
3716 4253 3935 4310 πλανω-

2364 4348 2498 4418 μὲνη
2531 4350 2597 4418 τῇ
2634 4347 2850 4418 καρδίᾳ.

2430 4439 2673 4510 Merula
2697 4439 2768 4492 τὰ
2791 4439 2931 4509 ἔργα
2958 4438 3196 4506 Κυρίου,
3221 4435 3608 4506 ἑεεζητημένα
3631 4439 3679 4489 εἰ
3687 4457 3718 4501 ς
3737 4436 3933 4493 πάντα

701 4543 924 4598 luntates
960 4544 1093 4613 ejus.
1141 4543 1196 4598 In
1232 4559 1500 4615 synagoga
1533 4553 1803 4600 rectorum
1837 4561 2025 4601 omnes
2063 4546 2256 4600 volun-
2288 4591 2290 4597 ,

2368 4531 2432 4585 τὰ
2459 4531 2761 4600 θελήματα
2790 4527 2995 4584 αὐτοῦ.
3063 4530 3150 4583 Ἐν
3176 4531 3241 4600 τῇ
3271 4527 3375 4582 τῶν
3410 4527 3606 4580 εὐθέων
3639 4529 3931 4598 συναγωγῇ

702 4646 839 4692 tates
890 4635 1109 4691 Domini
1164 4638 1456 4707 exquisita.
1502 4645 1646 4692 sunt.
1684 4635 1901 4690 Nullum
1952 4637 2094 4690 enim
2142 4637 2260 4706 ejus

708 4734 1102 4795 pmceptorum
1135 4734 1217 4782 est
1242 4726 1384 4796 quod
1420 4742 1526 4781 non
1559 4726 1801 4795 requirat
1830 4734 1883 4779 et
1926 4725 2146 4796 impleat
2176 4743 2261 4798 sy-

703 4830 906 4886 nagoga
942 4824 1234 4882 rectorum,
1258 4815 1498 4887 [semper
1529 4815 1733 4870 scilicet
1763 4816 1985 4870 studens
2027 4815 2146 4886 ejus
2176 4831 2262 4870 vo-

701 4906 960 4962 luntatem
993 4906 1238 4974 implere.
1606 4956 1611 4962 .

769 4996 823 5049 3.
854 4995 1125 5065 Confessio
1159 5005 1209 5049 et
1232 4995 1621 5066 magniﬁcentia
1655 5011 1782 5065 opus
1811 4996 1943 5065 ejus.
1973 4993 2145 5066 Opera
2178 4998 2260 5052 di-

697 5089 773 5142 cit
800 5103 865 5142 ea
903 5103 1024 5158 quze
1077 5089 1130 5142 in
1163 5088 1466 5143 weonomia
1519 5103 1617 5141 sua
1649 5086 1893 5157 perfecit.
1946 5086 2259 5144 Laudentur

696 5178 787 5233 illa
837 5187 1024 5248 utpote
1068 5194 1189 5248 qua:
1247 5178 1529 5249 magniﬁca
1578 5179 1705 5232 sint.
1757 5178 1822 5231 Et
1876 5180 2091 5250 jnstitia
2144 5181 2257 5250 ejus

698 5279 868 5323 manet
922 5269 978 5321 in
1046 5271 1316 5324 sarculum.
1369 5268 1640 5324 Justitiam
1695 5270 1827 5323 dicit
1888 5271 2257 5340 evangelicum

696 5359 919 5412 verbum
952 5376 968 5414 :
1000 5357 1126 5426 quia
1154 5357 1408 5412 omnibus
1433 5358 1710 5427 aequaliter
1744 5357 2052 5412 hominibus
2109 5360 2257 5413 salu-

696 5455 802 5500 tem
837 5446 1136 5515 proposuit.

761 5537 817 5588 4.
849 5535 1147 5591 Misericors
1173 5546 1220 5591 et
1251 5540 1526 5592 miserator
1559 5538 1836 5594 Dominus.
1877 5537 2018 5594 Olim
2051 5539 2255 5609 promi-

694 5626 764 5683 sit
791 5640 886 5697 per
936 5628 1226 5698 prophetas
1258 5642 1406 5694 suos,
1442 5645 1502 5685 se
1545 5629 1599 5683 in
1644 5641 1888 5701 tempore
1933 5631 2256 5690 meonomiu:

759 5828 804 5862 "
827 5827 927 5885 lsa.
960 5844 1145 5896 xsstv,
1169 5828 1225 5885 7.
1300 5829 1598 5900 "Philipp.
1628 5845 1690 5898 ιι,
1735 5828 1789 5885 8.

2361 4625 2536 4677 πάντα
2562 4622 2629 4676 τὰ
2661 4622 2937 4692 θελήματα
2958 4620 3052 4674 τοῦ
3078 4620 3212 4674 Θεοῦ
3247 4622 3382 4674 εἰσιν
3413 4617 3810 4690 ὲξεζητημένα.
3857 4621 3930 4672 Οὐ

2360 4716 2466 4787 γάρ
2501 4715 2617 4766 ἐστι
2652 4713 2760 4766 τῶν
2803 4715 2932 4784 παρ’
2970 4711 3131 4766 αὑτοῦ
3184 4712 3480 4782 δεδομένων
3528 4710 3758 4765 ἐντολῶν
3791 4709 3820 4764 ὂ
3855 4710 3931 4782 μὴ

2359 4807 2577 4875 ὲκζητεῖ
2605 4808 2698 4859 καὶ
2737 4805 2992 4877 κατορθοῖ
3029 4808 3061 4876 ὴ
3102 4803 3208 4857 τῶν
3242 4803 3441 4857 εὑοὲων
3475 4803 3765 4875 συναγωγὴ
3789 4843 3804 4868 ,
3836 4802 3929 4858 τοῦ

2358 4896 2522 4951 αὐτοῦ
2553 4899 2760 4967 Θὲλημα
2784 4897 3075 4960 διαπαντὸς
3107 4895 3478 4959 σπουδάζουσα
3505 4893 3795 4948 ἐπιτελεῖν.

2440 4990 2900 5059 Ἐξομολόπησις
2960 4988 3058 5041 καὶ
3110 4983 3587 5056 μεγαλοπρέπεια
3634 4983 3701 5039 τὸ
3754 4985 3930 5054 ἔργον

2355 5082 2559 5136 αὐτοῦ.
2589 5082 2763 5151 Ἔργα
2791 5081 2951 5150 φησὶν
2980 5080 3119 5148 ἆπερ
3147 5080 3204 5131 ὲν
3232 5079 3296 5147 τῇ
3330 5075 3607 5147 οἰκονομίᾳ
3636 5073 3929 5146 διεπράξα-

2357 5192 2435 5227 το.
2473 5172 2772 5245 Ὑμνείσθω
2812 5171 2906 5225 ἆτε
2934 5168 3320 5243 μεγαλοπρεπῆ
3360 5168 3689 5239 ὑπάρχοντα.
3745 5167 3859 5222 Καὶ
3888 5165 3924 5232 ἡ

2355 5266 2706 5332 δικαιοσύνη
2733 5262 2917 5318 αὑτοῦ
2937 5262 3103 5332 μένει
3133 5264 3217 5327 εις
3249 5261 3354 5314 τὸν
3385 5257 3591 5312 αἰῶνα.
3641 5259 3927 5311 Δικαιοσύ-

2359 5373 2455 5426 νην
2478 5355 2567 5408 τὸν
2595 5353 2941 5422 εὐαγγελικὸν
2965 5351 3118 5419 λόγον
3147 5349 3307 5420 φησίν
3326 5366 3340 5379 ·
3365 5349 3446 5402 ὅτι
3474 5348 3538 5420 δὴ
3561 5351 3646 5401 ἐπ’
3681 5350 3803 5421 ῐσης
3824 5353 3926 5403 πᾶ.

2363 5465 2444 5501 σιν
2475 5445 2780 5516 ἀνθρώποις
2812 5446 2908 5515 τὴν
2935 5443 3204 5515 σωτηρίαν
3234 5440 3558 5512 προῦθηκεν.

2442 5536 2742 5606 Ἐλεήμων
2769 5535 2866 5588 καί
2903 5535 3216 5604 οικτίρμων
3246 5536 3280 5588 ό
3317 5534 3551 5600 Κύριος.
3615 5532 3793 5588 Πάλαι
3827 5531 3922 5605 μὲν
3999 5597 4006 5606 ι

2361 5628 2719 5703 ἐπηγγείλατο
2742 5627 2827 5682 διὰ
2845 5627 2952 5682 τῶν
2984 5625 3274 5700 προφητῶν
3304 5623 3464 5679 αὑτοῦ
3491 5625 3550 5678 ὲν
3575 5623 3653 5696 τῷ
3671 5625 3771 5699 τῆς
3792 5627 3914 5682 alio
