4126 6484
181 425 277 482 ιοδ

1275 438 1636 498 EXPOSITIO
1674 443 1742 497 ΙΝ
1779 443 2112 504 PSALMUM
2149 449 2313 506 CXII.

3311 460 3413 516 ιθο

181 542 363 613 νομίας
391 545 574 616 καιρῷ
599 548 844 619 ποιήσειν
869 549 1147 622 θαυμάσια
1165 571 1179 585 ο
1208 556 1275 610 τὰ
1295 559 1433 613 αὐτά
1459 561 1641 616 ἐκεῖνα
1668 564 1746 615 ὲκ-

1859 567 2123 626 mirabilia
2162 572 2450 640 facturum,
2482 575 2782 648 eademque
2816 577 2930 648 ipsa
2963 579 3184 649 implere
3221 582 3414 636 voluit.

181 633 414 704 πληροῦν
462 635 732 706 ἠθέλησε·
793 642 913 693 ποῖα
958 641 1012 693 δὲ
1046 638 1114 714 ἦν
1159 644 1196 698 ἀ
1239 648 1628 716 ἐπηγγείλατο,
1689 651 1747 722 ἢ,

184 726 311 777 Τότε
363 726 834 795 ἀναχθήσονται
877 731 1166 803 ὀφθαλμοὶ
1202 737 1480 806 τυφλῶν.
1538 742 1632 794 καὶ
1681 741 1751 796 τά

176 815 332 869 λοιπά
379 816 495 870 τῶν
546 821 818 889 aqualem);
849 824 911 877 οὐ
956 826 1064 896 μὴν
1096 827 1231 880 ἀλλά
1281 831 1373 883 καὶ
1419 831 1528 884 τῶν
1579 832 1749 887 ἐθνῶν

178 908 430 962 ἁπάντων
458 911 493 980 ἡ
528 911 740 982 κλῆσις,
764 915 830 985 ἣν
855 915 947 968 καὶ
976 917 1117 988 λόγῳ
1150 920 1243 973 καὶ
1271 919 1416 992 ἔργῳ
1443 924 1745 980 ἐπετέλεσε.

181 998 409 1068 Τροφὴν
433 1001 624 1056 ἔδωκε
655 1004 778 1071 τοῖς
803 1007 1194 1074 φοϐουμένοις
1232 1013 1436 1066 αὐτόν.
1493 1015 1594 1066 Τὸν
1625 1033 1749 1086 νοη-

175 1091 260 1142 τὸν
285 1091 451 1163 ἄρτον
489 1095 645 1165 φησὶ,
676 1096 765 1149 τὸν
790 1099 848 1164 ἐξ
882 1100 1124 1170 οὐρανῶν
1156 1103 1480 1159 καταϐάντα.

239 1185 672 1254 Ηνησθήσεται
722 1191 810 1255 είς
842 1189 950 1243 τὸν
981 1191 1166 1246 αἰῶνα
1212 1193 1503 1263 διαθήκης
1537 1199 1743 1253 αὐτοῦ.

175 1273 444 1345 Δωθήκης
466 1278 568 1347 τῆς
596 1279 730 1348 πρὸς
756 1281 847 1333 τὸν
880 1282 1157 1354 Ἁϐραάμ⁰
1183 1286 1265 1339 ὅτι
1287 1288 1747 1360 Εὺιῖογηθιὶσον-

175 1378 264 1418 ται
293 1365 364 1419 ἐν
386 1367 492 1421 σοὶ
525 1368 722 1422 πάντα
751 1371 820 1425 τὰ
851 1372 1017 1442 ἔθνη.
1078 1375 1287 1446 ’ἰσχὺν
1313 1380 1501 1449 ἔργων
1535 1383 1740 1437 αὐτοῦ.

186 1454 241 1508 '0
267 1457 650 1525 ἀποστολικὸς,
678 1463 829 1532 φησὶ,
854 1465 1011 1536 χορὸς
1035 1465 1113 1537 τῷ
1137 1468 1385 1540 κληθέντι
1411 1472 1543 1542 πρὸς
1566 1471 1744 1526 πίστιν

174 1545 283 1617 λαῷ
331 1548 434 1620 τὴν
489 1551 643 1622 ἰσχὺν
675 1552 780 1606 τῶν
814 1553 990 1626 ἔργων
1022 1558 1308 1629 ἀνήγγειλε
1338 1561 1432 1614 τοῦ
1469 1563 1702 1634 Χριστοῦ
1726 1581 1738 1594 ·

175 1640 288 1692 ἀντὶ
316 1643 413 1696 τοῦ
433 1660 448 1674 ·
503 1646 656 1699 sora
681 1647 753 1700 τὰ
781 1647 916 1720 ἔργα
941 1650 978 1705 ἀ
1016 1653 1101 1707 ἀεὶ
1132 1654 1420 1727 ἐργάζεται
1449 1659 1506 1710 ἐν
1534 1662 1601 1730 τῇ
1637 1659 1742 1730 [diu

175 1732 332 1803 ἰσχύϊ.

185 1824 570 1896 Ἀλληλούτα.
603 1831 716 1902 Τῆς
746 1834 1115 1908 ἐπιστροφῆς
1142 1841 1406 1912 Ἀγγαίου
1429 1843 1528 1898 καί
1553 1847 1742 1915 Ζαχα-

621 1925 780 1992 ρίου.
811 1929 1110 1985 ΨΑΛΜΟΣ
1130 1935 1292 1988 PIA".

243 2009 544 2081 Μακάριος
589 2017 623 2068 ὁ
673 2017 830 2087 ἀνὴρ
870 2023 903 2074 ὁ
932 2025 1301 2093 φοϐούμενος
1343 2027 1450 2080 τὸν
1492 2028 1708 2096 Κύριον
1731 2073 1747 2098 ,

172 2095 238 2148 ἐν
294 2100 426 2166 ταῖς
481 2102 758 2171 ἐντολαῖς
801 2109 988 2163 αὐτοῦ
1026 2112 1266 2180 θελήσει
1328 2095 1581 2183 σφόδραέ
1659 2095 1750 2170 Ἐν

180 2189 350 2262 τούτῳ
373 2193 685 2251 διδάσκεται
716 2200 744 2252 ὁ
771 2201 1125 2269 ἀποστολικὺς
1156 2206 1335 2278 χορὸς,
1368 2208 1443 2271 ὼς
1469 2211 1502 2279 ἡ
1531 2208 1639 2262 τῶν
1668 2211 1752 2263 ἐν·

174 2279 336 2333 τολῶν
351 2283 721 2358 ὲκπλήρωσις,
744 2292 1040 2364 μακαρίους
1060 2297 1186 2359 τοὺς
1203 2296 1595 2369 ἐργαζομένους
1620 2299 1751 2353 ἀπο-

179 2373 471 2441 φαίνουσα,
495 2379 704 2448 ἀγαθὰς
728 2384 1050 2454 προσδοκίας
1074 2388 1153 2451 είς
1189 2388 1280 2440 τὸν
1302 2388 1559 2460 μέλλοντα
1579 2391 1749 2446 αίῶνα

185 2465 500 2535 παρέχεται.

248 2558 532 2615 Δυνατὸν
571 2562 641 2615 ἐν
688 2561 762 2632 τῇ
809 2563 886 2633 γῇ
918 2565 1085 2621 ἔσται
1136 2568 1202 2622 τὸ
1257 2571 1493 2643 σπέρμα
1539 2576 1746 2632 αὑτοῦ.

433 2652 534 2717 τάς
565 2655 772 2724 ἀγαθὰς
800 2660 1026 2733 πράξεις
1052 2662 1215 2733 φησιν
1239 2703 1254 2726 ,
1291 2664 1348 2718 αἶ
1385 2667 1479 2720 καὶ
1521 2667 1748 2739 δύναμιν

176 2737 352 2804 ἕξουσι
385 2748 760 2820 πνευματικὴν
793 2752 872 2815 εἰς
889 2751 1103 2824 ἐκείνην
1137 2753 1234 2826 τὴν
1267 2757 1488 2828 πραέων
1519 2737 1748 2829 γῆνςεις

175 2831 232 2883 τὸ
260 2833 558 2889 ἀπολαϐεῖν
585 2840 781 2904 αὐτοὺς
808 2837 882 2896 ὧν
908 2845 1231 2915 εἰργάσαντο
1259 2847 1358 2910 τὰς
1383 2849 1636 2919 ἀμοιϐάς.

243 2925 397 2989 Δόξα
427 2928 524 2981 καὶ
559 2931 823 2998 πλοῦτος
842 2934 912 2986 ἐν
939 2933 1019 2999 τῷ
1040 2935 1184 3003 οικῳ
1213 2937 1422 2994 αὐτοῦ.
1462 2941 1570 2994 Καὶ
1600 2943 1633 3012 ἡ
1659 2941 1740 2996 δό-

179 3013 239 3080 ξα
271 3021 365 3072 καὶ
390 3021 421 3072 ὁ
453 3019 678 3086 πλοῦτος
707 3023 780 3096 μὴ
811 3025 917 3079 τῶν
950 3030 1374 3100 παρερχομένων
1417 3031 1742 3102 λογιζέσθω·

178 3107 324 3161 οὐδὲν
351 3109 466 3181 γὰρ
496 3111 680 3182 ὅμοιον
716 3115 869 3188 παρά
894 3120 1005 3182 τοῖς
1035 3120 1210 3188 ἁγίοις
1239 3121 1570 3193 εὑρίσκεται.

255 3199 667 3264 Ἐεανέτειλεν
709 3208 779 3260 ἐν
819 3209 1020 3263 σκότει
1051 3209 1177 3278 φῶς
1213 3211 1336 3277 τοῖς
1366 3213 1587 3267 senem.
1648 3214 1745 3268 Διά

177 3289 270 3360 τῆς
297 3292 556 3360 γνώσεως
590 3297 805 3368 καὶτῆς
835 3299 1198 3364 διδασκαλίας.
1253 3302 1348 3365 Τίς
1369 3302 1459 3366 δὲ,
1490 3304 1522 3374 ἢ
1551 3306 1578 3357 ὁ
1611 3305 1744 3359 ἀπο-

181 3382 420 3450 στολικὸς
462 3387 621 3459 χορὸς
654 3389 680 3441 ὁ
714 3388 810 3460 τὴν
835 3389 1106 3457 ἀγνωσίαν
1135 3391 1392 3458 ἐξελάσας
1440 3394 1549 3449 τῶν
1582 3396 1748 3450 ἐθνῶν

183 3469 267 3525 διὰ
299 3474 398 3528 τοῦ
428 3477 781 3546 εὐαγγελικοῦ
816 3467 1201 3554 κηρύγματος;

247 3565 642 3634 Οὶκονομήσει
676 3567 818 3636 τοὺς
848 3573 1067 3640 λιὴοους
1092 3573 1279 3628 αὐτοῦ
1315 3574 1385 3627 ἐν
1410 3576 1621 3643 κρίσει.
1673 3579 1747 3632 Οὐ

179 3649 257 3704 δεῖ
280 3652 392 3724 γὰρ
422 3653 607 3719 ἁπλῶς
641 3657 732 3711 καὶ
763 3659 1000 3732 ἀκρίτως
1032 3664 1166 3715 πᾶσι
1209 3663 1487 3734 προθεῖναι
1519 3667 1614 3737 τῆς
1651 3686 1749 3738 μυ-

183 3745 486 3814 σταγωγίας
521 3747 612 3803 τὸν
639 3749 813 3819 λόγον.
851 3753 962 3805 Καὶ
991 3752 1150 3806 τοῦτο
1172 3750 1240 3825 ἦν
1273 3755 1300 3808 ὃ
1329 3752 1480 3809 εἶπεν
1508 3758 1690 3822 αὐτοῖς
1720 3761 1748 3813 ὁ

182 3834 382 3908 Κύριος
405 3854 419 3869 ο
453 3839 548 3908 Μὴ
572 3841 795 3904 βάλετε
819 3844 891 3897 τὰ
913 3845 1050 3915 ἅγια
1074 3845 1194 3910 τοῖς
1219 3848 1422 3902 κυσίν.

262 3930 402 3986 Ἀπὸ
450 3932 636 3999 ἀκοῆς
683 3933 948 4003 πονηρᾶς
977 3939 1046 3991 οὐ
1089 3939 1510 4008 φοϐηθήσεται.
1586 3942 1747 3997 Οὐδὲν

181 4019 284 4093 γὰρ
318 4022 457 4093 πρὸς
486 4024 611 4087 τοὺς
643 4025 826 4092 ἁγίους
855 4027 963 4080 τῶν
989 4029 1362 4102 κολαζομένων
1387 4034 1414 4086 ὀ
1441 4032 1620 4102 φόϐος.

260 4113 668 4182 Ἐσκόρπισεν,
689 4117 872 4173 ἔδωκε
901 4119 1024 4187 τοῖς
1048 4121 1285 4190 πένησι.
1341 4123 1581 4195 Πένητας
1618 4128 1747 4180 κάν-

181 4203 350 4258 ταῦθα
381 4207 507 4270 τοὺς
535 4207 730 4273 ἐνδεεῖς
757 4212 971 4281 νοήσεις
993 4210 1087 4266 τοῦ
1128 4213 1272 4268 θείου
1299 4215 1453 4284 λόγου
1474 4256 1488 4280 ,
1518 4216 1587 4269 τὰ
1617 4217 1744 4289 ἔθνη

182 4294 420 4368 δηλονόνι
443 4314 456 4328 ·
487 4299 536 4351 οῖ
574 4300 833 4371 γεωργῶν
866 4301 1020 4373 δίκην
1051 4303 1143 4357 τὸν
1169 4307 1356 4376 νοητὸν
1382 4308 1747 4380 κατέσπειραν

183 4388 353 4457 λόγον.
377 4389 542 4444 οὐδὲν
561 4392 670 4464 γὰρ
690 4392 884 4446 κωλύει
905 4394 999 4448 καὶ
1023 4395 1304 4468 ἱστορικῶς
1322 4399 1452 4452 αὐτὸ
1470 4400 1741 4467 δέξασθαι.

195 4478 260 4532 Ἦ
292 4479 643 4550 δικαιοσύνη
672 4484 857 4539 αὐτοῦ
873 4484 1039 4554 μένει
1060 4488 1145 4552 εις
1170 4488 1275 4540 τὸν
1301 4487 1504 4554 αἰῶνα,
1534 4490 1630 4543 καὶ
1680 4490 1745 4543 τὰ

1857 658 2113 725 Quzenam
2157 679 2288 718 vero
2329 667 2598 736 promisit,
2641 668 2744 722 nisi
2773 683 2881 724 ea:
2936 668 3078 723 Tunc
3119 672 3418 738 aperientur

1855 752 1994 806 oculi
2022 769 2276 809 ari-orum
2302 759 2368 821 “,
2397 768 2449 813 ct
2479 759 2684 830 reliqua
2714 759 2867 831 signa
2894 761 2918 815 ἳ
2946 762 3056 816 imo
3087 777 3214 817 vero
3242 761 3414 832 ipsam

1855 843 2096 912 gentium
2130 847 2373 901 omnium
2404 850 2768 917 vocationem,
2799 865 2961 921 quam
2991 852 3156 906 verbo
3181 860 3232 906 et
3254 867 3416 920 Opere

1855 936 2114 1006 implevit.
2165 938 2357 994 Escam
2403 941 2548 995 dedit
2595 943 2895 997 timentibus
2941 959 3014 997 se.
3070 942 3414 1014 Spiritualem

1853 1042 2045 1098 panem
2074 1030 2227 1092 dicit.
2262 1032 2368 1102 qui
2388 1032 2455 1087 de
2494 1033 2652 1088 ecelis
2690 1032 2988 1089 descendit.

1922 1208 1974 1263 5.
2006 1207 2207 1263 Memor
2243 1212 2341 1263 erit
2368 1212 2424 1264 in
2468 1212 2718 1265 steculum
2751 1214 3046 1267 testamenti
3075 1213 3179 1266 sui.
3230 1210 3419 1266 Testa-

1851 1301 2019 1355 menti
2056 1301 2263 1355 scilicet
2298 1317 2422 1356 cum
2460 1303 2770 1358 Abrahamo
2799 1304 2982 1374 pacti:
3015 1302 3083 1357 In
3121 1315 3169 1358 te
3205 1301 3412 1355 benedio

1851 1401 2031 1445 rentur
2055 1408 2229 1448 omnes
2278 1403 2454 1463 gentes
2480 1398 2545 1450 ³³.
2615 1395 2867 1450 Virtutem
2911 1412 3124 1466 operum
3177 1410 3412 1450 sitorum.

1848 1481 2198 1551 Apostolicus
2229 1483 2451 1551 chorus,
2481 1487 2677 1556 inquit,
2707 1488 2906 1558 populo
2923 1488 2987 1542 ad
3013 1487 3172 1541 (idem
3196 1495 3410 1552 vocato,

1848 1571 2101 1627 virtutem
2145 1588 2368 1644 operum
2424 1576 2626 1632 Christi
2683 1578 3043 1643 annuntiavit,
3074 1577 3284 1634 scilicet
3349 1594 3411 1633 ea

1849 1664 1963 1736 ipsa
2003 1681 2166 1737 Opera
2197 1683 2320 1738 qua:
2353 1671 2567 1738 propria
2605 1670 2804 1725 virtute
2835 1687 3049 1742 semper
3078 1680 3354 1741 operatur.

2023 1837 2278 1893 Alleluia.
2298 1837 2625 1894 Rerersionis
2653 1839 2834 1910 Agga'i
2864 1849 2913 1894 et
2947 1837 3248 1896 lae/carice.

2367 1928 2704 1985 PSALMUS
2746 1929 2897 1987 CXI.

1923 2019 1973 2075 1.
1999 2019 2196 2075 Beatus
2217 2022 2298 2075 vir
2319 2022 2408 2088 qui
2433 2022 2579 2075 timet
2606 2022 2913 2090 Dominum,
2931 2025 2984 2078 in
3010 2025 3269 2078 mandatis
3297 2024 3411 2093 ejus

1850 2111 1982 2166 volet
2031 2113 2209 2166 nimis.
2272 2113 2328 2167 In
2367 2113 2470 2169 hoc
2521 2113 2746 2170 docetur
2795 2115 3126 2184 apostolicus
3163 2115 3363 2171 chorus
3393 2155 3410 2180 ,

1851 2203 2230 2258 mandatorum
2258 2205 2717 2271 observationem,
2751 2205 2940 2261 beatos
2966 2221 3059 2262 eos
3087 2205 3294 2263 ellicere
3316 2206 3410 2275 qui

1851 2294 1940 2349 illa
1994 2309 2153 2364 opere
2190 2295 2480 2365 complent,
2529 2306 2582 2351 et
2636 2297 2835 2352 bonam
2870 2312 3019 2367 spem
3061 2296 3128 2352 ad
3165 2296 3408 2352 futurum

1849 2386 2107 2441 saeculum
2141 2386 2397 2457 prmbcre.

1916 2559 1970 2613 2.
2011 2558 2206 2616 Potens
2241 2563 2291 2616 in
2324 2571 2465 2616 terra
2512 2562 2615 2616 erit
2655 2578 2824 2616 seinen
2864 2562 2996 2632 ejus.
3049 2559 3244 2616 Semen
3277 2562 3409 2617 dicit

1846 2650 1987 2705 bona
2017 2666 2207 2722 opera,
2239 2669 2358 2723 qure
2386 2656 2640 2708 virtutem
2677 2653 2954 2708 habebunt
2982 2653 3314 2724 spiritualcm
3351 2654 3406 2708 in

1847 2739 1937 2794 illa
1965 2751 2378 2796 mansuctorum
2412 2751 2577 2808 terra,
2605 2743 2679 2797 ita
2710 2753 2769 2797 ut
2801 2743 3104 2800 mercedem
3133 2742 3255 2799 istic
3282 2759 3401 2815 ope-

1847 2847 1965 2887 rum
1993 2835 2280 2904 accipiant.

1916 2923 1969 2978 5.
2002 2923 2182 2980 Gloria
2213 2939 2260 2980 et
2291 2927 2487 2982 divitia
2515 2928 2569 2981 in
2601 2927 2755 2982 domo
2780 2927 2916 2997 ejus.
2949 2925 3130 2983 Gloria
3174 2937 3227 2982 et
3271 2928 3409 2983 divi-

1846 3015 1932 3068 tiae
1965 3015 2068 3071 illae
2107 3033 2174 3070 ne
2201 3019 2581 3076 existimentur
2609 3020 2768 3075 ﬂuxa:
2799 3029 2854 3074 et
2887 3019 3212 3077 transitoria:
3239 3035 3361 3093 esse
3389 3039 3404 3088 ;

1844 3105 1977 3159 nihil
2009 3106 2207 3176 quippe
2228 3108 2404 3164 simile
2438 3111 2492 3164 in
2523 3112 2730 3166 sanctis
2764 3111 3046 3180 reperitur.
3263 3177 3313 3189 _.
3339 3179 3378 3192 __

1914 3196 1967 3249 4.
1999 3195 2260 3252 Exortum
2285 3208 2359 3253 est
2403 3201 2458 3252 in
2490 3201 2712 3254 tenebris
2752 3200 2927 3255 lumen
2959 3202 3133 3255 rectis.
3167 3198 3271 3256 Per
3316 3216 3408 3255 cn-

1851 3287 2145 3357 gnitionem
2185 3299 2238 3344 rt
2287 3307 2383 3362 per
2429 3291 2751 3346 doctrinam.
2790 3290 2944 3358 Quod
2978 3301 3156 3347 autem
3193 3291 3406 3357 lnmea,

1848 3380 1952 3436 nisi
1984 3382 2310 3450 apostolicus
2336 3383 2555 3449 chorus,
2589 3385 2682 3454 qui
2726 3401 2820 3455 per
2858 3383 3232 3454 evangelium
3273 3397 3406 3452 pra:-

1849 3473 2178 3528 dicationcm
2211 3474 2572 3544 ignorantiam
2599 3490 2628 3528 a
2657 3477 2908 3546 gentibus
2935 3475 3269 3531 eliminavit?

1917 3565 1970 3620 5.
2027 3566 2276 3636 Disponet
2310 3582 2574 3621 sermones
2610 3583 2732 3623 suos
2763 3569 2817 3621 in
2853 3567 3079 3638 judicio.
3132 3563 3248 3622 Non
3309 3581 3409 3636 par

1849 3665 1933 3714 est
1964 3657 2109 3713 enim
2141 3667 2343 3713 temere
2373 3668 2428 3713 et
2459 3657 2856 3718 inconsiderate
2902 3659 3160 3714 omnibus
3212 3667 3410 3729 myste-

1851 3749 2058 3804 riorum
2088 3749 2248 3804 verba
2278 3764 2597 3820 proponere.
2632 3748 2698 3802 Et
2724 3749 2826 3804 hoc
2859 3759 2978 3804 erat
3013 3750 3155 3821 quod
3199 3749 3411 3805 diccbat

1848 3840 1955 3916 illis
1982 3838 2245 3896 Dominus
2277 3859 2290 3895 :
2322 3839 2502 3895 Nolite
2526 3841 2783 3911 projicere
2813 3851 3000 3896 sancta
3032 3843 3249 3897 canibus
3268 3845 3335 3897 “.

1916 3930 1972 3984 7.
1999 3929 2077 3984 Ab
2107 3931 2376 3985 auditione
2397 3931 2541 3986 mala
2568 3948 2672 3986 non
2703 3932 2923 3987 timebit.
2966 3932 3180 3989 Sanctis
3227 3935 3409 3990 nullus

1847 4023 1989 4078 inest
2018 4025 2183 4078 timor
2212 4023 2474 4093 supplicia
2516 4024 2842 4080 videntibus.

1915 4117 1969 4173 9.
2004 4117 2279 4188 Dispersit,
2307 4119 2447 4174 dedit
2473 4117 3091 4190 pauperibus.Pauperes
3121 4121 3282 4176 etiam
3323 4122 3410 4178 hic

1848 4207 2116 4278 intelligas
2143 4223 2343 4278 egenos
2373 4208 2540 4263 divini
2581 4207 2751 4275 verbi,
2794 4207 3001 4263 scilicet
3029 4219 3215 4280 gentes
3243 4227 3256 4263 :
3287 4226 3408 4280 qua:

1845 4299 2207 4371 agricolarum
2257 4313 2408 4354 more
2452 4299 2732 4369 spirituale
2772 4300 2996 4355 verbum
3045 4301 3403 4356 scminarunt.

1846 4392 1989 4448 Nihil
2026 4393 2171 4449 enim
2215 4400 2382 4456 vetat,
2429 4393 2724 4461 quominus
2754 4393 2869 4447 haec
2921 4393 3178 4449 historice
3213 4395 3411 4450 intelli-

1846 4495 2058 4555 gantur.
2090 4480 2311 4536 Iustitia
2335 4482 2446 4552 ejus
2477 4492 2651 4537 manet
2681 4484 2735 4535 in
2779 4484 3030 4537 sarculum
3062 4483 3264 4552 surculi,
3303 4494 3407 4543 etc.

186 4569 325 4642 ἑξῆς.
395 4571 501 4625 Τοῦ
548 4572 920 4645 διανείμαντος
988 4576 1226 4648 δηλονότι
1272 4577 1363 4631 τὸν
1400 4579 1746 4649 εὐαγγελικὸν

1853 4576 1984 4648 Ejus
2033 4574 2240 4631 scilicet
2285 4575 2376 4644 qui
2423 4575 2794 4646 evangelicum
2844 4590 3150 4632 sermonem
3195 4576 3412 4648 dispen-

186 4661 354 4732 λόγον.

261 4754 636 4824 Ἀμαρτωλὸς
663 4757 870 4826 ὄψεται
905 4759 999 4813 καί
1047 4759 1482 4830 ὁργισθὴσεται.
1549 4765 1740 4836 Ἀμαρ-

184 4844 347 4898 τωλὸν
385 4846 477 4900 τὸν
508 4845 752 4901 διάϐολόν
797 4867 988 4921 φησιν,
1035 4852 1093 4916 ὃς
1137 4853 1230 4905 καὶ
1281 4855 1600 4926 σωζομένων
1640 4857 1748 4910 τῶν

186 4934 347 4990 ἐθνῶν
380 4939 748 5010 ἀγανακτήσει
773 4979 789 5005 ,
821 4942 915 4996 ἅτε
949 4942 1048 5014 τὴν
1097 4945 1312 4998 πάντων
1355 4946 1584 5018 διψήσας
1645 4949 1749 5001 ὰπ-

186 5027 396 5086 ὡλειαν.

500 5126 810 5180 ΨΑΛΜΟΣ
843 5127 1004 5182 PIB'.
1047 5127 1424 5195 ’AMnJodIa.

787 5218 800 5234 '
812 5219 1117 5286 Υπόθεσις.

196 5305 278 5360 *ἐν
307 5305 483 5377 τούτῳ
515 5304 822 5362 διδάσκεται
852 5311 880 5364 ὁ
911 5309 1027 5374 νέος
1053 5309 1178 5375 λαὸς
1205 5311 1539 5365 ἀδιάλειπτον
1577 5311 1743 5383 ὕμνον

249 5398 584 5471 πρρσιρέρειν
638 5398 716 5469 τῷ
765 5398 1193 5474 λυτρωσαμένῳυ
1247 5403 1362 5473 ἅμα
1389 5403 1445 5457 δὲ
1495 5405 1584 5456 καὶ
1637 5405 1744 5457 τῶν

243 5489 411 5542 ἐθνῶν
448 5491 698 5543 ἁπάντων
727 5493 1118 5565 κατασημαίνει
1145 5494 1241 5566 τὴν
1279 5494 1485 5566 κλῆσιν.

248 5581 494 5643 Αἰνεῖτε,
521 5583 746 5648 παῖδες,
801 5583 907 5637 τὸν
932 5587 1148 5654 Κύριον
1172 5627 1186 5653 ,
1220 5587 1433 5641 αὶνεῖτε
1463 5586 1528 5641 τὸ
1559 5587 1742 5656 ὄνομα

185 5672 284 5729 τοῦ
305 5674 550 5743 Κυρίου.
588 5675 901 5729 Διδάσκεται
930 5680 959 5730 ὁ
983 5677 1099 5742 νέος
1123 5679 1269 5744 λαὸς,
1301 5678 1396 5743 ὡς,
1444 5680 1492 5732 εἰ
1522 5679 1614 5733 καὶ
1654 5682 1744 5733 αν-

257 5854 419 5912 "lsa.
445 5871 610 5924 xxxv,
645 5856 696 5910 3i.

773 5858 813 5887 "‘
837 5858 970 5913 Gen.
1009 5875 1141 5922 sui,
1183 5860 1232 5912 5.
1308 5861 1350 5891 ‘°
1372 5856 1556 5914 Matth.
1585 5874 1675 5924 vn,
1697 5857 1746 5913 6.

1853 4677 1954 4724 sat.

1925 4764 2008 4818 10.
2075 4762 2328 4817 Pcccator
2377 4763 2566 4817 uidebit
2617 4771 2667 4816 et
2732 4764 3012 4822 irascetur.
3066 4762 3408 4821 Peccatorem

1851 4855 1940 4909 hic
1968 4854 2244 4909 diabolum
2281 4863 2460 4919 vocat,
2515 4854 2608 4922 qui
2661 4856 2914 4923 gentibus
2943 4857 3172 4910 salutem
3221 4871 3412 4912 conse—

1851 4946 2146 5016 quentibus
2182 4945 2468 5012 irascetur,
2503 4954 2690 5015 utpote
2717 4947 2811 5017 qui
2838 4948 3083 5002 omnium
3115 4949 3410 5018 perniciem

1851 5033 2016 5089 sitiat.

2211 5122 2451 5180 PSALJI
2463 5123 2550 5180 US
2579 5122 2762 5180 CXII.
2793 5126 3045 5184 Alleluia.

2434 5215 2829 5287 Argumentum.

1851 5303 1906 5358 In
1936 5307 2039 5362 hoc
2071 5305 2294 5362 docetur
2331 5321 2501 5362 novus
2531 5309 2783 5378 populus,
2817 5307 3082 5380 hymnum
3126 5309 3406 5365 incessan-

1921 5405 2001 5452 ter
2033 5397 2312 5452 liberatori
2367 5396 2648 5466 prolerre:
2707 5409 2868 5471 atque
2920 5416 3026 5456 una
3074 5401 3408 5472 signiﬁcatur

1921 5490 2163 5542 omnium
2197 5488 2440 5558 gentium
2480 5490 2712 5544 vocatio.

1921 5579 1970 5632 l.
2004 5579 2264 5645 Laatlate,
2293 5581 2463 5648 pueri,
2501 5580 2804 5646 Dominum,
2833 5581 3047 5636 laudate
3075 5599 3257 5638 nomen
3306 5582 3409 5636 Do-

1852 5672 1996 5726 mini.
2045 5671 2278 5728 Docctur
2308 5685 2504 5744 .novus
2569 5673 2834 5743 populus,
2893 5673 3105 5730 etiamsi
3147 5672 3410 5740 Dominus
