4126 6482
704 430 806 484 467

1549 436 1603 490 S.
1646 434 2014 489 ATllANASll
2053 433 2201 490 OPP.
2242 435 2420 490 PARS
2458 435 2544 489 lll.
2583 465 2649 475 —
2691 436 3094 494 EXEGETICA.

3829 442 3931 496 468

704 553 890 599 noster
931 555 1243 614 assumptus
1291 547 1359 600 sit
1409 547 1458 599 in
1503 547 1719 602 dextera
1772 549 1964 610 Patris,
2025 559 2256 604 attamen

2383 549 2567 619 λήφθη
2585 553 2611 603 ὁ
2639 552 2839 622 Κύριος
2863 553 3041 624 ἡμῶν,
3073 555 3164 606 καὶ
3187 554 3328 606 ἔστιν
3351 556 3406 606 ἐν
3421 553 3567 624 δεξιᾷ
3588 554 3681 606 τοῦ
3703 554 3936 624 Πατρὸς,

705 636 866 688 etiam
902 652 1047 690 nunc
1081 637 1289 705 plenam
1330 655 1448 694 csse
1483 656 1695 694 onmem
1730 652 1926 696 terram
1959 651 2012 695 et
2042 641 2144 695 frui
2180 643 2260 694 vi-

707 727 959 780 sitatione
991 728 1128 796 ejus.

779 816 829 869 7.
869 815 1145 871 Suscitans
1188 835 1219 870 α
1258 830 1397 872 terra
1447 822 1670 891 inopem.
1704 821 1962 877 Videlicet
2024 822 2262 893 gentium

707 907 984 976 populum.

780 1000 831 1054 9.
868 998 970 1063 Qui
1026 999 1262 1055 habitare
1319 1002 1447 1070 facit
1481 1005 1710 1058 sterilem
1734 1007 1788 1058 in
1835 1006 2007 1060 domo.
2059 1005 2266 1060 Sterilis

710 1087 810 1141 fuit
843 1089 1082 1158 gentium
1116 1091 1424 1158 multitudo,
1450 1109 1570 1162 quae
1605 1095 1797 1148 domus
1827 1092 1925 1147 fuit
1949 1094 2264 1163 spiritualis,

711 1187 897 1248 utpote
930 1195 1050 1248 quae
1081 1179 1369 1236 Dominum
1417 1183 1809 1239 inhabitantem
1846 1185 2111 1239 habuerit.
2147 1184 2270 1238 Fuit

711 1285 874 1323 cnam
906 1270 1197 1325 multorum
1234 1273 1467 1327 liliorum
1507 1285 1678 1328 mater
1727 1292 1849 1330 cum
1885 1277 2087 1330 lzetitia.
2136 1274 2268 1328 Nam

712 1360 807 1413 lilii
833 1361 952 1429 ejus
985 1377 1080 1430 per
1101 1362 1257 1415 Iidem
1294 1365 1345 1416 itt
1370 1363 1649 1419 Christum
1681 1368 1909 1420 salutem
1957 1367 2099 1421 nacti
2124 1377 2267 1421 sunt.

712 1446 825 1503 Hoc
856 1460 1032 1504 autem
1063 1451 1351 1507 discrimen
1377 1464 1459 1509 est
1490 1456 1625 1509 inter
1663 1471 1779 1509 eam
1826 1469 1877 1510 et
1911 1457 2270 1527 Synagogam,

712 1542 856 1610 quod
905 1542 1186 1615 Synagoga
1219 1545 1286 1599 de
1322 1546 1447 1602 tiliis
1495 1548 1668 1602 laetata
1717 1566 1823 1602 non
1869 1549 2052 1614 fuerit,
2093 1559 2274 1620 utpote

713 1634 969 1702 perniciei
1007 1637 1242 1693 traditis.

1066 1792 1305 1848 PSALM
1317 1795 1404 1852 US
1429 1797 1643 1853 CXIII.
1683 1801 1928 1854 Alleluia.

1299 1952 1698 2022 Argumentum.

717 2081 772 2136 In
805 2083 907 2138 hoc
943 2085 1068 2138 item
1128 2087 1335 2155 psalmo
1370 2087 1608 2157 gentium
1659 2089 1871 2141 vocatio
1919 2087 2274 2158 signiﬁcatur.

786 2176 864 2227 Ad
895 2176 1029 2238 haec,
1061 2176 1308 2232 doctrina
1333 2179 1397 2231 ad
1433 2193 1529 2231 eos
1548 2179 1641 2247 qui
1678 2179 1906 2232 salutem
1934 2192 2278 2246 consequun-

785 2276 914 2330 tur;
951 2268 1096 2335 quod
1123 2278 1276 2322 vetus
1328 2277 1727 2332 testamentum,
1779 2268 1871 2323 Dei
1919 2285 2039 2322 esse
2082 2283 2278 2336 cogno-

785 2363 959 2420 scunt,
994 2363 1047 2409 et
1080 2357 1362 2424 pristinam
1399 2359 1541 2412 illam
1580 2362 1806 2413 salutem
1852 2358 2035 2427 populi
2071 2372 2134 2411 ex
2168 2357 2276 2410 cir—

786 2447 1139 2514 cumcisioue,
1171 2465 1263 2518 per
1294 2448 1580 2503 Dominum
1613 2451 1807 2504 factam
1845 2465 1983 2504 esse.

792 2537 842 2589 1.
880 2534 944 2589 In
970 2539 1113 2590 exitu
1141 2538 1313 2592 Israel
1347 2540 1409 2592 de
1429 2539 1752 2608 1Egypto....
1785 2537 1953 2592 Facta
1980 2549 2050 2592 est
2087 2536 2278 2591 .Iuda'a

718 2629 1070 2694 sanctiﬁcatio
1091 2629 1224 2697 ejus.
1253 2631 1410 2693 Cum,
1442 2634 1635 2702 tuquit,
1662 2633 1918 2686 liberatus
1944 2642 2026 2687 est
2051 2631 2278 2701 populus

720 2734 750 2770 ο
784 2721 1043 2774 servitute
1073 2720 1445 2791 Egyptiorutn
1473 2743 1486 2788 ;
1519 2735 1647 2779 tunc
1676 2723 1858 2779 Juda‘a
1888 2725 2024 2778 facta
2056 2734 2138 2776 est
2162 2739 2281 2776 san-

721 2814 980 2868 ctzticatio
1014 2814 1153 2883 ejus.
1197 2813 1313 2870 Non
1349 2817 1402 2870 in
1441 2819 1616 2872 solum
1671 2828 1849 2871 autem
1896 2817 2143 2871 lsraelem
2175 2815 2278 2868 im-

725 2906 951 2974 peravit,
1006 2907 1096 2961 sed
1145 2907 1282 2977 jam,
1335 2909 1446 2973 ait,
1503 2909 1754 2962 omnibus
1810 2908 2058 2978 gentibus
2111 2908 2278 2976 gratia

723 2997 899 3050 datur.

795 3086 846 3138 4.
892 3085 1090 3139 Montes
1122 3089 1509 3143 exsultaverunt
1541 3099 1595 3142 ut
1625 3091 1838 3144 arietes.
1868 3089 2003 3143 Cum
2034 3089 2174 3144 Deus
2227 3090 2276 3142 in

725 3176 857 3244 ipsis
881 3178 1153 3233 montibus
1174 3192 1470 3250 appareret,
1489 3182 1644 3252 quasi
1665 3181 2009 3236 exsultabant
2031 3182 2095 3234 de
2118 3181 2282 3234 Israe-

726 3268 791 3324 iis
823 3273 1014 3326 salute.

795 3363 847 3416 5.
881 3364 1019 3428 Quid
1043 3375 1119 3417 est
1153 3365 1271 3429 tibi,
1305 3381 1467 3418 mare.
1493 3364 1630 3433 quod
1676 3363 1880 3433 fugisti,
1915 3376 1960 3418 et
2003 3377 2057 3418 tu
2081 3364 2278 3419 Iorda-

725 3457 826 3520 nis,
856 3458 978 3525 quia
1008 3474 1278 3511 conversus
1313 3473 1364 3510 es
1395 3468 1678 3509 retrorsum
1705 3457 1729 3508 Ρ
1768 3456 2030 3522 Quoniam
2075 3459 2163 3512 illa
2216 3461 2280 3512 ir-

713 3549 1061 3603 .rationabilia
1086 3559 1139 3604 et
1160 3549 1454 3604 inanimata
1477 3556 1649 3615 erant,
1682 3548 1797 3616 ipse
1826 3563 2015 3602 eorum
2049 3549 2160 3602 vice
2196 3563 2281 3602 re—

726 3642 974 3712 spondeL

796 3734 846 3788 7.
888 3735 925 3786 Α
978 3736 1112 3804 [acie
1148 3736 1364 3789 Domini
1394 3747 1533 3788 mola
1561 3747 1633 3788 est
1669 3746 1826 3798 terra,
1867 3743 1970 3789 etc.
2016 3733 2139 3788 Haec
2169 3734 2282 3787 sin-

725 3825 865 3894 gula,
894 3824 988 3889 ait,
1014 3824 1082 3878 ob
1103 3826 1474 3878 advenientem
1522 3823 1808 3876 Dominum
1835 3824 1973 3880 facta
1997 3833 2140 3880 sunt.
2176 3825 2284 3878 Hac

724 3915 790 3967 de
819 3929 982 3968 causa
1009 3913 1109 3967 fuit
1141 3923 1298 3968 terrae
1331 3917 1625 3969 commotio
1648 3923 1700 3968 et
1728 3915 1921 3969 divisio
1952 3917 2135 3970 maris.
2171 3917 2285 3984 Ipse

726 4020 958 4075 namque
990 4006 1227 4060 sterilem
1275 4016 1502 4076 petram,
1555 4023 1617 4061 ac
1664 4008 1991 4062 lmmiditate
2019 4011 2163 4062 omni
2201 4027 2286 4062 va-

726 4110 906 4161 cuam,
939 4113 1061 4165 qua:
1102 4113 1168 4150 ne
1203 4097 1523 4153 incisioncm
1558 4098 1776 4167 quidem
1817 4100 1886 4151 ob
1915 4099 2167 4153 duritiem
2199 4101 2286 4154 ad-

727 4187 992 4250 mittebat,
1042 4202 1307 4256 aquarum
1359 4189 1512 4258 cupia
1561 4189 1865 4254 inundavit,
1908 4188 2181 4259 jussitque
2229 4201 2286 4244 ut

728 4276 854 4330 hinc
876 4278 1110 4346 c0piosze
1140 4293 1406 4348 aquarum
1439 4280 1803 4350 scaturigines
1833 4290 2168 4334 emanarent.
2202 4280 2288 4335 Ni-

729 4366 803 4420 hil
851 4367 1038 4437 igitur,
1087 4369 1181 4435 ait,
1217 4369 1413 4422 mirum
1453 4371 1674 4424 evenit:
1717 4371 1881 4439 jussit
1923 4372 2065 4426 enim
2109 4374 2285 4443 opifex

726 4467 778 4512 et
812 4458 1044 4513 divisum
1069 4470 1151 4513 est
1189 4475 1358 4525 mare,
1408 4476 1472 4514 ac
1517 4473 1786 4531 praerupta
1822 4473 1968 4531 petra
2005 4466 2289 4520 scaturivit

2368 640 2478 692 ἀλλ’
2508 638 2599 694 οὖν
2626 645 2718 694 καὶ
2749 644 2917 706 οὕτως
2950 646 3157 716 πλήρης
3190 647 3303 698 ἐστὶ
3335 648 3481 698 πᾶσα
3504 647 3536 715 ἡ
3556 645 3667 715 γῆλ
3687 647 3779 697 καὶ
3807 648 3939 698 ἀπο-

2370 729 2518 785 λαύει
2549 734 2643 803 τῆς
2677 737 2980 806 ἐπισκοπῆς
3013 737 3196 790 αὑτοῦ.

2447 825 2508 877 '0
2546 826 2787 897 ἐγείρων
2839 827 2956 880 ἀπὸ
3012 826 3120 898 γῆς
3185 830 3436 899 πτωχόν,
3498 828 3600 881 Τὸν
3654 826 3940 880 τῶνέθνῶν

2367 916 2603 986 δηλονότι
2636 917 2781 973 λαόν.

2449 1008 2511 1060 ὐ
2532 1009 2869 1069 κατοικίζων
2889 1012 3134 1078 στείραν
3159 1011 3227 1064 ἐν
3247 1011 3407 1077 οἴκῳ.
3437 1013 3633 1084 Στείρα
3660 1013 3758 1083 μὲν
3780 1015 3811 1082 ἡ
3835 1013 3939 1065 τῶν

2371 1100 2537 1152 ἐθνῶν
2586 1100 2792 1170 πληθὺς
2818 1141 2831 1164 ,
2881 1103 3001 1171 ἥτις
3033 1103 3124 1154 καὶ
3155 1100 3300 1166 οἶκος
3333 1105 3520 1172 γέγονε
3554 1106 3937 1174 πνευματικὸς,

2371 1191 2466 1244 at:
2496 1193 2584 1245 τὸν
2617 1193 2817 1264 Κύριον
2848 1194 3049 1247 ἕνοικον
3077 1196 3290 1265 ἔχουσα.
3355 1196 3547 1265 Γέγονε
3585 1198 3642 1250 δὲ
3677 1198 3774 1249 καὶ
3813 1196 3937 1249 πολ-

2371 1282 2475 1335 λῶν
2505 1284 2706 1336 τέκνων
2736 1285 2914 1357 μήτηρ
2943 1287 3056 1356 μετ’
3083 1287 3435 1358 εὐφροσύνης.
3477 1287 3682 1358 Ἐσώθη
3711 1288 3823 1358 γὰρ
3851 1289 3940 1339 αύ-

2372 1375 2469 1444 τῆς
2497 1376 2563 1428 τὰ
2588 1377 2749 1429 τέκνα
2769 1377 2856 1429 διὰ
2882 1378 2980 1446 τῆς
3004 1378 3235 1442 πίστεως
3261 1380 3356 1449 τῆς
3386 1381 3464 1443 εἰς
3501 1379 3754 1451 Χριστόν.
3791 1380 3936 1448 Ἔχει

2372 1467 2428 1519 δέ
2458 1485 2577 1519 τινα
2618 1470 2708 1520 καὶ
2738 1468 3136 1539 ἀντιδιαστολὴν
3186 1471 3317 1540 πρὸς
3343 1470 3438 1542 τὴν
3472 1469 3793 1540 συναγωγὴν
3817 1509 3830 1531 ,
3861 1471 3936 1522 ὅτι

2375 1558 2554 1628 ἐκείνη
2586 1559 2682 1610 οὐκ
2711 1559 2984 1630 εὐφράνθη
3017 1562 3108 1612 ἐπὶ
3151 1564 3262 1622 τοῖς
3285 1563 3525 1624 τέκνοις,
3572 1562 3666 1615 ἅτε
3699 1560 3938 1630 ἀπωλείᾳ

2377 1667 2449 1701 πα
2457 1651 2845 1722 ραδεδομένοις.

2701 1807 2997 1858 ΨΑΛΜΟΣ
3030 1807 3194 1859 PII".
3276 1807 3643 1860 ἈΜηλούΐα.

2998 1965 3009 1979 ”
3025 1965 3328 2027 Γπόθεσις.

2378 2100 2486 2152 Καὶ
2518 2099 2574 2152 ἐν
2606 2097 2780 2168 τούτῳ
2823 2100 2853 2167 ἡ
2895 2096 3083 2166 κλῆσις
3127 2097 3231 2149 τῶν
3261 2096 3429 2150 ἐθνῶν
3455 2097 3937 2168 κατασημαίνεται.

2447 2187 2770 2240 Διδασκαλία
2797 2203 2854 2238 τε
2882 2186 3017 2256 πρὸς
3047 2185 3202 2238 τοῦτο
3227 2187 3406 2248 αὐτοῖς
3455 2189 3568 2248 τοῖς
3622 2185 3942 2256 σωζομένοις

2449 2279 2540 2329 ἐπὶ
2582 2277 2658 2346 τῷ
2691 2278 2784 2329 καὶ
2815 2275 2911 2345 τὴν
2940 2275 3180 2329 Παλαιὰν
3211 2276 3404 2328 εἰδέναι
3441 2275 3713 2346 Διαθήκην
3733 2316 3748 2339 ,
3784 2270 3943 2328 οὖσαν

2447 2368 2581 2421 Θεοῦ
2605 2409 2617 2430 ,
2651 2368 2742 2420 καὶ
2768 2367 2864 2436 τὴν
2895 2366 3166 2436 προτέραν
3213 2366 3477 2436 σωτηρίαν
3507 2366 3600 2418 τοῦ
3634 2368 3697 2418 ἐκ
3735 2384 3942 2439 περιτο-

2453 2462 2557 2530 μῆς
2591 2459 2716 2511 λαοῦ
2736 2501 2750 2524 ,
2784 2458 2870 2510 διὰ
2896 2457 2988 2510 τοῦ
3017 2457 3217 2528 Κυρίου
3248 2457 3635 2527 γεγενημένην,

2461 2555 2555 2605 Ἐν
2578 2550 2762 2616 ἐξόδῳ
2797 2549 3036 2615 Ἰσραήλ
3065 2591 3077 2602 .
3105 2589 3117 2601 .
3145 2586 3158 2602 .
3187 2589 3201 2602 .
3229 2589 3241 2601 .
3271 2589 3283 2600 .
3312 2588 3325 2601 .
3351 2589 3364 2601 .
3393 2588 3406 2602 .
3433 2588 3448 2602 .
3484 2548 3770 2617 Ἐγενήθη
3813 2550 3943 2601 Ἰου-

2379 2645 2517 2698 δαία
2552 2643 2813 2710 ἀγίασμα
2847 2640 3051 2693 αὑτοῦ.
3110 2641 3236 2691 Ὅτε
3259 2677 3271 2700 ,
3312 2640 3473 2708 φησὶν
3492 2678 3507 2699 ,
3536 2640 3825 2709 ἀπηλλάγη
3850 2641 3945 2708 τῆς

2379 2736 2486 2789 τῶν
2540 2732 2848 2802 Αἰγυπτίων
2897 2730 3171 2791 δουλείας·
3202 2730 3323 2781 τότε
3358 2733 3389 2799 ἡ
3435 2731 3657 2783 Ἰουδαία
3701 2732 3943 2800 ἀγίασμα

2380 2820 2542 2875 αὑτοῦ
2575 2820 2814 2887 γέγονεν.
2880 2819 2992 2870 Οὐκ
3033 2817 3196 2870 αὑτοῦ
3241 2817 3297 2869 δὲ
3341 2818 3551 2888 Ἰσραὴλ
3596 2814 3728 2888 ἦρξε
3763 2819 3942 2887 μόνου.

2380 2908 2516 2962 ἀλλὰ
2547 2907 2639 2960 νῦν
2659 2947 2673 2969 ,
2703 2907 2864 2978 φησὶν
2884 2946 2897 2968 ,
2926 2908 3005 2969 εἰς
3041 2907 3216 2959 πάντα
3240 2906 3307 2960 τὰ
3330 2906 3453 2978 ἔθνη
3486 2909 3517 2978 ἡ
3545 2909 3704 2978 χάρις
3725 2908 3939 2962 δίδοται.

2454 3081 2532 3135 Τὰ
2565 3083 2669 3150 ὅρη
2718 3084 3088 3149 ivx/pmori?
3120 3082 3260 3134 ὡσεὶ
3292 3082 3461 3148 κριοί.
3532 3083 3635 3134 Τοῦ
3684 3083 3821 3136 Θεοῦ
3852 3084 3948 3145 τὰς

2382 3177 2699 3244 ἐπιφανείας
2731 3179 2786 3227 ἐν
2813 3176 2990 3238 αὐτοῖς
3013 3175 3354 3245 ποιουμένου,
3384 3175 3544 3226 οἱονεὶ
3569 3175 3836 3244 ἐσκίρτων
3860 3175 3947 3227 ἐπὶ

2307 3248 2348 3302 C
2382 3271 2445 3338 τῇ
2477 3267 2570 3320 τοῦ
2619 3267 2828 3338 Ἰσραὴλ
2865 3268 3126 3337 σωτηρίᾳ.

2459 3360 2517 3412 Τί
2544 3360 2644 3413 σοί
2667 3359 2818 3420 ἐστι,
2848 3356 3147 3418 θάλασσα,
3169 3357 3257 3409 ὅτι
3288 3357 3524 3425 ἔφυγες,
3551 3357 3645 3408 καὶ
3673 3357 3776 3419 σὺ,
3809 3359 3947 3424 ἰορ-

2382 3452 2555 3516 eam,
2591 3450 2678 3501 ὅτι
2715 3448 3016 3516 ἐστράφης
3041 3451 3126 3514 εις
3154 3450 3225 3500 τὰ
3268 3449 3496 3510 ὀ.τι’σω;
3539 3449 3756 3518 Ἐπειδὴ
3784 3450 3948 3514 ἄλογα

2382 3540 2449 3614 ἦν
2481 3545 2661 3595 ἐκεῖνα
2699 3545 2790 3595 καὶ
2815 3542 3014 3612 ἄψυχα,
3046 3542 3203 3606 αὐτὸς
3230 3544 3460 3595 ποιεῖται
3484 3543 3619 3613 ὑπὲρ
3650 3543 3829 3595 αὐτῶν
3853 3544 3948 3614 τὴν

2385 3633 2690 3703 ἀπόκρισιν.

2468 3725 2608 3777 Ἀπὸ
2639 3723 2959 3793 προσώπου
2997 3724 3218 3790 Kvplov
3245 3723 3543 3788 ἐσαλεύθη
3582 3725 3618 3790 ἡ
3784 3723 3956 3777 Τοῦτο

2384 3816 2629 3876 ἕκαστον,
2653 3817 2805 3886 φησὶ,
2823 3816 2910 3869 διὰ
2929 3816 3018 3868 τὸν
3043 3817 3370 3884 ἐπιφανέντα
3403 3819 3692 3886 γεγένηται
3725 3817 3948 3887 Κύριον.

2387 3906 2598 3975 Ταύτην
2629 3907 2807 3959 αἰτίαν
2834 3906 2932 3976 τῆς
2961 3906 3063 3977 γῆς
3091 3910 3118 3960 ὁ
3145 3907 3329 3971 κλόνος
3365 3909 3454 3961 καὶ
3487 3911 3518 3979 ή
3552 3909 3648 3978 τῆς
3677 3907 3952 3978 θαλάσσης

2386 3997 2666 4066 διαίρεσις.
2705 3996 2872 4059 Αὐτὸς
2905 3996 3013 4067 γὰρ
3038 3999 3129 4050 καὶ
3157 3998 3254 4067 τὴν
3280 3998 3471 4064 ἄγονον
3499 3999 3701 4070 πέτραν
3724 3997 3822 4069 τὴν
3857 4001 3953 4052 πά-

2390 4105 2489 4156 σης
2538 4088 2760 4158 ἰκμάδος
2808 4089 3174 4160 ἐστερημένην
3200 4128 3212 4150 ,
3270 4091 3360 4142 καὶ
3392 4090 3526 4160 μηδὲ
3579 4091 3752 4160 τομῆς
3781 4091 3871 4145 διὰ
3898 4091 3952 4143 τὸ

2389 4179 2698 4249 στερέμνιον
2739 4179 3104 4250 ἀνεχομένην,
3161 4182 3224 4250 τῇ
3274 4180 3566 4250 προσχύσει
3609 4181 3716 4233 τῶν
3748 4182 3953 4236 ὑδάτων

2389 4272 2653 4325 ἐπέκλυσε
2675 4311 2690 4334 ,
2745 4275 2925 4342 πηγὰς
2949 4273 3154 4325 ἐκεῖθεν
3177 4273 3382 4327 ὑδάτων
3406 4274 3669 4343 ἀφθόνους
3697 4275 3954 4345 ἀναδοθῆ-

2389 4381 2473 4417 ναι
2504 4363 2784 4426 κελεύσας.
2820 4365 2986 4417 Οὐδὲν
3009 4361 3134 4428 οὖν,
3167 4367 3331 4434 φησὶ,
3365 4364 3673 4435 θαυμαστὸν
3727 4367 3953 4434 γεγένη-

2388 4475 2502 4510 ται·
2539 4454 2834 4528 προσέταξε
2866 4454 2972 4526 γὰρ
3002 4457 3030 4507 ὁ
3065 4454 3310 4525 ποιητὴς,
3337 4457 3430 4507 καὶ
3454 4453 3674 4525 διῃρέθη
3699 4454 3762 4506 τὸ
3792 4455 3952 4507 πέλας

729 4567 964 4622 aquam:
1008 4552 1206 4607 cmlum
1241 4569 1437 4607 manna
1467 4556 1852 4622 suppeditavit,
1896 4559 2037 4611 venti
2079 4567 2279 4628 ortygo-

2391 4568 2484 4618 γος
2508 4593 2521 4614 ,
2555 4547 2646 4600 καὶ
2673 4549 2705 4617 ὴ
2734 4546 3037 4617 ἁκρότομος
3067 4545 3253 4598 ἐϐλυσε
3283 4545 3454 4616 πέτρα
3476 4585 3491 4608 ,
3539 4545 3632 4598 καὶ
3672 4545 3702 4595 ὁ
3729 4545 3955 4615 οὐρανὸς

728 4656 955 4699 metram
993 4654 1476 4716 congregaverunt.
1507 4655 1559 4700 et
1588 4647 1789 4717 reliqua
1822 4649 2004 4703 omnia
2038 4649 2152 4719 ipso
2185 4667 2285 4704 au-

729 4746 928 4792 nuente
961 4735 1098 4790 facta
1143 4747 1288 4792 sunt.

801 4919 839 4976 Ι.
883 4917 1001 4973 Νοη
1043 4919 1211 4986 nobis,
1247 4919 1482 4984 Domine,
1511 4937 1610 4974 non
1649 4922 1820 4989 nobis,
1851 4923 1940 4977 sed
1975 4925 2172 4978 nomini
2196 4936 2279 4980 tuo

727 5014 799 5066 da
839 5013 1080 5081 gloriam.
1125 5011 1349 5070 Videtur
1385 5013 1707 5068 adumbrare
1749 5015 1956 5084 lapsum
1995 5019 2178 5086 populi
2218 5034 2284 5071 ex

726 5104 1146 5159 circumcisione
1180 5104 1626 5174 :orationcmque
1659 5106 1790 5175 ipsis
1821 5107 2031 5162 tradere
2057 5109 2122 5160 ad
2155 5125 2286 5162 con-

726 5194 1042 5260 fessionem,
1086 5205 1270 5267 utpote
1301 5197 1395 5267 qui
1430 5197 1666 5251 divinam
1709 5199 1960 5252 virtutem
2000 5200 2284 5267 inspecti-i-

727 5302 842 5341 cem
871 5302 935 5341 ac
963 5289 1326 5356 providentem
1356 5289 1494 5342 ultra
1524 5303 1630 5342 non
1656 5290 1904 5344 habeant.
1926 5289 2088 5345 Docet
2107 5301 2284 5344 autem

725 5393 820 5432 eos
843 5379 1020 5433 dicere
1053 5397 1064 5431 :
1095 5377 1201 5434 Nos
1231 5380 1449 5448 quidem
1499 5379 1704 5449 indigni
1740 5381 1911 5449 gratia
1945 5397 2136 5435 sumus
2177 5396 2284 5450 qua

726 5481 910 5540 gentes
958 5486 1147 5525 omnes
1177 5471 1352 5540 dignae
1390 5471 1589 5525 habitm
1632 5481 1777 5525 sunt.
1830 5469 2027 5525 Verum
2069 5481 2285 5541 propter

725 5579 921 5618 nomen
959 5573 1135 5620 tuum.
1178 5562 1324 5632 quod
1366 5565 1435 5616 ab
1469 5563 1625 5617 initio
1669 5562 1976 5617 invocatum
2011 5571 2093 5617 est
2125 5578 2284 5632 super

728 5671 846 5718 nos,
873 5656 1000 5709 illud
1028 5671 1178 5726 agas.
1206 5656 1309 5711 Sed
1341 5672 1405 5710 ne
1423 5655 1577 5710 nobis
1597 5655 1820 5726 justitice
1842 5666 1946 5711 tua:
1971 5656 2282 5710 retributio-

725 5758 847 5797 nem
875 5745 1110 5810 dederis,
1135 5756 1188 5801 tu
1220 5748 1311 5815 qui
1336 5763 1461 5803 vere
1480 5745 1622 5802 Deus
1639 5764 1718 5813 es,
1746 5756 1796 5801 et
1829 5763 1934 5802 non
1958 5748 2097 5803 sicut
2117 5747 2286 5811 idola,

725 5847 1055 5908 quapropter
1085 5839 1360 5911 subjungit
1387 5858 1397 5892 :

2394 4642 2698 4711 ἐχορήγησε
2757 4637 2967 4708 μάννα,
3031 4637 3077 4688 οἱ
3141 4636 3326 4704 ἄνεμοι
3383 4635 3482 4706 τὴν
3541 4634 3954 4707 ὀρτυγομήτραν

2396 4733 2785 4804 συνήθροισαν·
2838 4729 2932 4782 καὶ
2983 4728 3148 4781 τᾶλλα
3199 4727 3374 4780 πάντα
3429 4727 3591 4780 αὐτοῦ
3667 4727 3953 4798 γεγένηται

2392 4825 2696 4886 νεύσαντος.

2459 4917 2554 4986 Μὴ
2601 4915 2763 4983 ἡμῖν,
2798 4915 2990 4982 Κύριε,
3018 4911 3103 4980 μὴ
3147 4910 3309 4979 ἡμῖν,
3339 4909 3475 4963 ἀλλ’
3502 4908 3538 4977 ἢ
3589 4907 3668 4974 τῷ
3714 4906 3956 4979 ὀνόματι

2392 5027 2506 5064 σου
2557 5008 2662 5074 δὸς
2707 5006 3133 5071 δόξαν.Ἔοικεν
3162 5000 3488 5055 αἰνίττεσθαι
3516 4998 3608 5052 τοῦ
3648 5000 3713 5051 ἐκ
3741 5014 3953 5069 περιτοο

2395 5101 2502 5171 μῆς
2525 5098 2651 5152 λαοῦ
2678 5099 2775 5168 τὴν
2805 5097 3120 5150 ἀπόπτωσιν
3138 5110 3150 5123 ·
3170 5094 3335 5163 εὐχήν
3358 5109 3416 5144 τε
3438 5091 3643 5152 τούτοις
3672 5088 3955 5161 παραδιδό-

2393 5209 2474 5244 ναι
2509 5190 2640 5262 πρδς
2664 5187 3064 5258 ἐξομολόγησιν,
3100 5185 3173 5247 ὡς
3218 5183 3410 5253 μηκέτι
3437 5183 3532 5252 τὴν
3556 5179 3954 5233 ἐπισκοποῦσαν

2388 5282 2536 5335 θείαν
2579 5280 2758 5349 ἔχουσι
2808 5278 3054 5348 δύναμιν.
3091 5275 3338 5328 Διδάσκει
3385 5273 3449 5343 δὴ
3484 5272 3660 5340 λέγειν
3690 5271 3769 5334 ὡς
3803 5273 3955 5341 ἡμεῖς

2391 5374 2487 5445 μὲν
2511 5371 2715 5437 ἀνάξιοι
2742 5373 2837 5441 τῆς
2867 5371 3087 5441 χάριτος
3107 5366 3174 5442 ἦς
3207 5369 3351 5422 ἅπαν
3379 5365 3528 5429 ἔθνος
3550 5365 3796 5435 ἠξίωται.
3819 5361 3954 5429 Πλὴν

2384 5463 2473 5516 διὰ
2497 5463 2558 5516 τὸ
2588 5461 2677 5514 σὺν
2707 5460 2874 5532 ὄνομα
2909 5461 3128 5529 ποίησον
3152 5459 3210 5511 τὸ
3242 5457 3298 5523 ἐξ
3346 5458 3518 5528 ἀρχῆς
3549 5453 3842 5523 ἐπικληθὲν
3875 5449 3953 5516 ἐφ’

2395 5558 2558 5627 ἡμᾶς.
2577 5555 2712 5607 Ἀλλ’
2743 5556 2803 5607 οὐ
2847 5552 3187 5621 δικαιοσύνης
3230 5550 3399 5613 διδοὺς
3443 5547 3696 5618 ἁμοιδὰς,
3727 5544 3859 5606 Θεὸς
3883 5542 3955 5594 ὢν

2397 5650 2662 5721 ἀληθινὸς,
2695 5648 2802 5702 ἀλλ’
2837 5648 2930 5708 οὖν
2961 5641 3044 5701 οἷα
3088 5645 3154 5700 τὰ
3187 5643 3403 5697 εἴδωλα·
3446 5640 3467 5657 “
3506 5641 3627 5673 ’τα-κ
3662 5639 3950 5674 *ΑΨ-σιω
