4126 6492
178 451 275 515 ιδθ

180 662 314 729 ἔργα
347 659 559 729 χειρῶν
582 660 917 729 ἀνθρώπων.
949 660 1119 713 Τινῶν
1144 662 1248 714 τῶν
1271 662 1614 733 ἀντιγράφων
1635 665 1734 735 ἁρ-

183 753 274 821 χὴν
297 751 407 820 ἔχει
440 750 613 804 ταῦτα
643 752 826 821 ἐτέρου
858 751 1091 821 ψαλμοῦ,
1123 751 1194 813 ὡς
1231 747 1368 805 εἶναι
1402 752 1585 805 τοῦτον
1612 755 1737 805 sxa-

181 842 359 894 τοστὺν
403 841 1003 912 τεσσαρεσκαιδέκατον.
1021 842 1207 912 Ἡμεῖς
1240 842 1315 906 δὲ,
1352 841 1427 912 τῷ
1471 842 1739 912 Ἐϐραῖκῷ

184 935 547 1004 παρεπόμενοι
578 934 750 1004 μέρει,
788 929 924 987 εἶναι
949 934 1115 988 ταῦτα
1144 934 1403 1005 τιθέμεθα
1429 935 1521 987 τοῦ
1554 937 1740 987 ἑκατο-

186 1025 303 1079 στοῦ
331 1025 793 1097 τρισκαιδεκάτου.
828 1026 1175 1079 Παιδεύονται
1203 1027 1310 1097 γὰρ
1354 1029 1401 1079 οἱ
1450 1028 1633 1090 παῖδες
1660 1021 1739 1089 οἷς

183 1119 356 1185 ἔλεγεν
378 1135 391 1148 ο
430 1117 676 1179 Αἰνεῖτε,
704 1117 928 1183 παῖδες,
955 1120 1170 1186 Κύριον
1189 1136 1201 1148 ·
1237 1120 1508 1172 τουτέστιν
1553 1122 1580 1172 ὁ
1625 1119 1741 1182 νέος

183 1206 320 1269 λαός.
362 1207 522 1260 Ποῖον
546 1206 746 1277 Κύριον
781 1208 1047 1277 προσῆκόν
1074 1209 1218 1261 ἐστιν
1247 1211 1445 1273 αἰνεῖνς
1482 1210 1648 1262 Αὑτὸν
1676 1209 1739 1280 δὴ

184 1299 266 1350 τὸν
293 1298 383 1349 ἐπὶ
420 1298 530 1351 τῶν
571 1299 629 1363 ἐξ
668 1300 937 1365 Αἰγύπτου
961 1300 1191 1353 τοσαῦτα
1218 1303 1739 1372 τερατουργήσαντα,

189 1389 319 1458 μετὰ
347 1388 444 1441 τοῦ
480 1388 670 1459 μαθεῖν
693 1390 863 1442 ὁποῖοί
892 1407 1033 1453 τινες
1060 1386 1198 1461 ἦσαν
1246 1392 1294 1443 oi
1335 1390 1502 1443 πάλαι
1541 1394 1744 1445 τούτων

186 1480 307 1534 θεοί.
347 1479 430 1533 Τὰ
458 1480 568 1551 γὰρ
596 1480 785 1532 εἴδωλα
811 1481 872 1533 ού
908 1481 1063 1550 μόνον
1106 1482 1255 1535 οὐδὲν
1298 1478 1440 1552 εἶχον
1463 1483 1645 1552 ὅμοιον
1668 1479 1745 1550 τῷ

188 1571 693 1644 παραδοξοποιοῦντι
738 1572 875 1643 Θεῷ,
906 1573 1019 1625 ἀλλ’
1045 1574 1163 1626 οὐδὲ
1216 1576 1325 1636 τοῖς
1364 1573 1468 1627 τῶν
1491 1573 1746 1644 ἐμψύχων

189 1662 452 1730 ἐσχάτοις,
480 1656 562 1724 οἷς
610 1662 907 1733 αἰσθήσεως
948 1664 1181 1735 μετέχει.
1212 1666 1454 1718 Κάκεῖνα
1489 1666 1585 1735 μὲν
1612 1665 1747 1735 ἔργα

189 1753 337 1815 Θεοῦ,
366 1753 541 1807 ταῦτα
563 1753 618 1806 δὲ
642 1754 834 1824 τέχνης
857 1756 1174 1827 ἀνθρώπων.
1204 1758 1551 1811 Διδάσκονται
1579 1756 1634 1809 δὲ
1659 1756 1747 1808 λέ-

190 1862 327 1913 γειν’
368 1848 586 1916 Ὅμοιοι
623 1848 824 1915 αὐτοῖς
862 1848 1144 1917 γένοιντο.
1170 1850 1283 1903 Οὐκ
1310 1849 1611 1921 ἀνθρώποις
1646 1852 1745 1903 ὲπ-

192 1914 477 2007 αρώμενοι.
508 1914 943 2009 Μανθάνομεν-δὲ
964 1934 1073 1993 οἷον
1098 1942 1159 1993 τὸ
1188 1942 1287 2011 τῆς
1316 1914 1745 2011 εἰδωλολατρείας
1780 1914 1819 1971 Β

193 2028 334 2092 τέλος
363 2030 668 2083 ἀπόκειται.
702 2032 764 2082 Οἱ
790 2031 896 2103 γὰρ
920 2032 1252 2103 ἀναισθήτως
1283 2032 1634 2103 ἐπανέχοντες
1661 2033 1751 2085 οὐ-

190 2117 275 2171 τὲν
306 2119 484 2172 αὐτῶν
510 2120 649 2173 κατὰ
673 2121 893 2193 γνώμην
920 2122 1223 2178 διοίσουσιν.
1243 2123 1517 2194 Τοσαύτην
1549 2123 1750 2195 βλάϐην

196 2211 368 2274 αὐτοῖς
390 2212 489 2282 τῆς
505 2213 915 2285 ὲμφωλευούσης
930 2214 1015 2268 δαι
1022 2216 1244 2286 μανικῆς
1261 2216 1535 2287 ἐνεργείας
1568 2216 1751 2269 ποιού-

199 2313 311 2367 σης.

266 2499 490 2567 Ὅμοιοι
538 2499 740 2566 αὐτοῖς
790 2500 1056 2570 γένοιντο
1107 2506 1159 2555 ol
1217 2503 1526 2571 ποιοῦντες
1581 2502 1750 2558 αὐτά.

202 2589 447 2643 Ἔσονται
480 2589 650 2655 οὕτως
684 2591 1059 2663 ἀπολλύμενοι,
1096 2593 1169 2657 ὡς
1200 2593 1269 2646 τὰ
1296 2596 1552 2667 χρήματα
1589 2598 1683 2650 καὶ
1706 2598 1755 2650 oi

198 2679 607 2751 θησαυρίζοντες
639 2683 796 2737 αὑτά.

268 2766 439 2838 Οἶκος
483 2772 726 2841 Ἰσραὴλ
762 2774 1021 2841 ἤλπισεν
1055 2775 1153 2827 ἐπὶ
1197 2772 1434 2844 Κύριον.
1468 2776 1648 2830 Ταῦτα
1691 2777 1758 2830 τὰ

199 2859 316 2934 ιθνη
363 2864 547 2932 φασὶν,
612 2865 713 2927 ὅτι,
776 2867 961 2935 ὥσπερ
1019 2867 1183 2919 πάλαι
1236 2866 1597 2923 πιστεύσαντα
1669 2870 1758 2923 τὸν

211 2948 413 3024 Ἰσραὴλ
437 2953 658 3019 ἔσωσεν,
692 2954 830 3009 οὓτω
853 2958 945 3010 καὶ
966 2956 1059 3009 νῦν
1102 2956 1169 3009 τὰ
1197 2958 1320 3029 ἔθνη
1354 2959 1532 3015 σώσει.
1568 2964 1630 3014 Ol
1652 2960 1758 3032 γὰρ

200 3045 545 3113 φοϐούμενοι
596 3046 701 3100 τὸν
743 3046 983 3115 Κύριον,
1014 3048 1081 3102 τὰ
1108 3049 1233 3119 ἔθνη
1266 3045 1373 3102 εἷεν
1404 3050 1485 3107 ἄν.
1504 3052 1758 3119 ’Υπεξαι-

204 3136 457 3205 ῳυμένου
484 3138 590 3208 γὰρ
620 3137 709 3191 τοῦ
731 3139 879 3192 οἴκου
916 3140 1147 3210 Ἰσραὴλ,
1169 3141 1408 3193 τουτέστι
1443 3142 1639 3206 παντὸς
1666 3144 1759 3197 τοῦ

1254 454 1615 513 EXPOSlTlO
1653 456 1719 512 IN
1758 455 2084 513 PSALMUM
2122 454 2304 513 CXIV.

249 570 321 625 Τὰ
362 571 581 625 albula.
627 570 757 624 τῶν.
780 563 965 624 ἐθνῶν
1007 570 1287 639 ἀργύριον
1328 572 1423 624 καί
1462 573 1735 640 χρυσίον,
1768 578 1811 633 Α

3286 451 3388 506 470

1910 572 1962 625 4.
1994 569 2289 625 Simulaera
2325 570 2550 639 gentium
2587 574 2856 636 argentum
2892 573 2937 618 et
2980 579 3191 627 aurum,
3233 580 3388 632 opera

1839 678 2087 716 ntanuum
2129 663 2412 714 hominum.
2461 658 2515 713 In
2550 657 2893 728 'quibusdam
2946 654 3345 724 exemplaribus
3371 694 3387 720 ,

1840 754 1951 807 huic
1974 762 2099 807 sunt
2133 752 2341 806 initium
2374 750 2597 805 alterius
2626 749 2839 819 psalmi,
2874 748 2945 800 ita
2971 755 3029 801 ut
3061 746 3147 799 hic
3174 747 3243 798 sit
3264 760 3391 799 cen-

1841 845 2065 898 tesimus
2110 844 2353 898 decimus
2394 838 2657 912 quartus.'
2689 839 2801 893 Nos
2836 848 3014 893 autem
3061 836 3387 892 Hebraicum

1840 947 2144 1007 sequentes,
2177 940 2291 995 hzec
2320 952 2527 1010 partem
2555 956 2676 995 esse
2706 938 2994 993 statuimus
3030 934 3223 1005 psalmi
3269 950 3395 988 eon-

1841 1028 2016 1081 tesimi
2045 1029 2236 1083 decimi
2274 1030 2437 1084 tertii.
2472 1028 2742 1083 Docentur
2764 1029 2906 1081 enim
2936 1027 3084 1096 pueri
3108 1025 3305 1095 quibus
3323 1024 3397 1077 di-

1842 1122 1920 1175 xit
1956 1141 1968 1176 :
1998 1120 2253 1189 Laudate,
2302 1125 2472 1191 pueri,
2528 1123 2804 1175 Dominum
2844 1122 2884 1151 "
2924 1138 2937 1184 ;
2973 1119 3022 1172 id
3073 1128 3177 1179 est,
3221 1132 3396 1170 novus

1842 1212 2095 1283 populus.
2157 1212 2390 1282 Ecquem
2451 1212 2738 1267 Dominum
2804 1210 3023 1263 laudare
3087 1208 3395 1261 convenit?

1844 1305 2021 1373 Ipsum
2051 1320 2200 1367 sane,
2232 1305 2324 1374 qui
2356 1306 2407 1358 in
2438 1304 2720 1374 Aigyptios
2750 1313 2898 1357 tanta
2929 1301 3170 1371 prodigia
3206 1283 3412 1365 edidit,‘

1845 1404 2127 1459 poSIquam
2179 1392 2479 1446 didicerunt
2530 1392 2719 1462 quales
2764 1391 2963 1445 fuerint
2999 1391 3128 1445 olim
3180 1390 3399 1443 illorum

1845 1481 1937 1535 dii.
1977 1480 2123 1536 ldola
2149 1482 2293 1537 enim
2329 1482 2525 1537 nedum
2550 1482 2844 1551 quidquam
2876 1480 3049 1534 simile
3077 1480 3185 1534 Deo
3211 1479 3399 1549 prodi-

1848 1573 1932 1642 gia
1964 1575 2211 1643 operanti
2244 1574 2525 1635 haberent,
2556 1589 2623 1628 ne
2667 1574 2867 1628 inlimis
2906 1572 3122 1641 quidem
3156 1570 3407 1624 animali-

1848 1666 1949 1721 bus
1979 1666 2178 1735 quibus
2208 1682 2401 1721 sensus
2445 1676 2527 1720 est
2558 1665 2857 1735 quidpiam,
2890 1666 3039 1733 paria
3067 1673 3241 1717 erant.
3269 1661 3402 1717 Nam

1851 1761 1939 1815 illa
1965 1760 2182 1830 quidem
2214 1769 2341 1815 sunt
2377 1758 2468 1813 Dei
2498 1773 2682 1828 opera,
2718 1758 2833 1811 haec
2870 1766 3049 1811 autem
3076 1755 3242 1820 idola,
3271 1755 3405 1809 artis

1852 1851 2102 1905 humana:
2129 1870 2141 1903 :
2174 1852 2440 1905 docentur
2472 1860 2659 1903 autem
2687 1849 2866 1903 dicere
2905 1866 2919 1901 :
2958 1846 3170 1901 Similes
3207 1846 3315 1899 illis
3343 1846 3408 1915 fi-

1852 1954 1962 1994 ant.
1994 1940 2110 1995 Non
2144 1941 2287 2011 quod
2316 1940 2627 1994 hominibus
2672 1939 2811 1992 mala
2854 1946 3159 2007 precentur.
3196 1934 3408 1989 Edisci-

1852 2050 1975 2089 mus
2003 2043 2181 2089 autem
2225 2035 2319 2105 qui
2351 2033 2472 2087 linis
2513 2032 2831 2086 idololatria:
2862 2031 3147 2101 deputatus
3184 2030 3273 2083 sit.
3310 2026 3411 2093 Qui

1854 2125 1997 2179 enim
2034 2124 2190 2194 quasi
2219 2140 2383 2179 sensu
2405 2132 2653 2178 carerent
2675 2122 2835 2176 idolis
2868 2121 3109 2175 animum
3134 2119 3409 2178 adhibent,

1856 2213 1992 2267 nihil
2028 2214 2097 2267 ab
2134 2213 2215 2269 eis
2245 2213 2546 2268 secundum
2596 2222 2831 2267 mentem
2864 2210 3137 2264 dill‘erunt.
3180 2208 3411 2261 Tantum

1856 2304 2065 2359 scilicet
2091 2305 2223 2374 ipsis
2252 2306 2560 2359 nocumenti
2602 2304 2835 2359 atleruut
2858 2302 3165 2357 daemonum
3206 2300 3310 2353 illa:
3338 2300 3415 2352 la-

1855 2398 2073 2451 titantes
2109 2397 2335 2452 insidias.

1924 2488 1977 2542 8.
2009 2487 2217 2544 Similes
2259 2492 2363 2543 illis
2414 2490 2546 2558 ﬁant
2588 2490 2675 2559 qui
2721 2487 2919 2555 faciunt
2969 2502 3050 2539 ea.
3091 2482 3328 2538 Perinde
3364 2483 3414 2535 in

1857 2583 2152 2652 perniciem
2200 2584 2374 2647 ibunt,
2412 2592 2574 2654 atque
2597 2582 2794 2638 divitiae
2828 2589 2881 2636 et
2912 2579 2947 2633 ii
2988 2579 3081 2648 qui
3118 2576 3419 2632 recondunt

1859 2682 1999 2737 illas.

1927 2775 1980 2829 9.
2025 2773 2218 2825 Domus
2249 2768 2420 2823 Israel
2453 2770 2674 2837 speravit
2702 2767 2756 2819 in
2782 2764 3025 2831 Domino,
3053 2772 3158 2818 etc.
3186 2760 3311 2816 Haec
3338 2761 3421 2815 di-

1859 2874 1990 2921 cunt
2020 2872 2207 2934 gentes
2241 2881 2253 2917 :
2279 2861 2423 2933 quod
2453 2861 2661 2915 scilicet
2682 2857 3140 2929 quemadmodum
3158 2855 3286 2909 olim
3309 2868 3422 2909 cre-

1857 2960 2067 3014 dentem
2106 2957 2271 3013 Israel
2313 2957 2519 3011 salvum
2564 2953 2729 3018 fecit;
2776 2952 2848 3005 ita
2896 2956 2949 3004 et
2983 2964 3127 3003 nunc
3173 2946 3423 3014 gentibus

1859 3054 2086 3107 salutem
2125 3051 2343 3105 tribuet.
2384 3047 2515 3102 Nam
2551 3049 2638 3117 qui
2666 3048 2843 3098 timent
2892 3042 3191 3105 Dominum,
3222 3040 3257 3093 ii
3291 3054 3423 3109 geno-

1860 3150 1943 3196 tes
1974 3140 2195 3194 fuerint.
2230 3138 2452 3191 Sublata
2480 3138 2677 3206 quippe
2706 3136 2870 3189 domo
2896 3134 3075 3196 Israel,
3105 3133 3154 3186 id
3174 3143 3257 3186 est
3275 3130 3423 3184 omni

203 3225 454 3297 πλήθους,
492 3231 584 3282 καὶ
614 3230 705 3282 τοῦ
731 3230 878 3283 οἴκου
916 3230 1121 3301 Ἀαρὼν
1156 3232 1248 3284 καὶ
1285 3232 1378 3284 τοῦ
1412 3233 1558 3286 οἴκου
1591 3236 1755 3291 Λευῖ·

1862 3229 2226 3292 multitudine,
2274 3236 2327 3279 et
2373 3226 2536 3280 domo
2580 3225 2759 3279 Aaron
2804 3234 2966 3292 atque
3004 3221 3129 3275 Levi
3166 3220 3299 3289 ;qni
3332 3219 3422 3272 alii

200 3317 343 3381 τίνας
375 3319 594 3391 ἐτέρους
635 3316 770 3373 εἶναι
802 3321 1081 3392 συμϐαίνει
1120 3324 1242 3385 τοὺς
1280 3322 1642 3393 φοϐουμένους
1670 3325 1760 3378 τὸν

204 3408 417 3481 Κύριον,
450 3411 483 3480 ἦ
512 3412 599 3464 τὸν
629 3412 684 3479 ἐξ
718 3412 882 3465 ἐθνῶν
913 3412 1072 3476 Mdv;

267 3503 558 3569 Προσθείη
608 3501 820 3569 Κύριος
858 3504 951 3571 ἐφ’
986 3503 1158 3572 ἡμᾶς,
1188 3504 1278 3573 ἐφ’
1314 3504 1468 3574 ἡμᾶς
1518 3507 1612 3559 καὶ
1662 3508 1760 3561 ἐπὶ

202 3593 334 3659 τοὺς
363 3594 533 3659 υἱοὺς
557 3594 739 3663 ἡμῶν.
781 3596 949 3659 Αὐτὸς
980 3598 1087 3667 γάρ
1114 3599 1255 3649 ἐστιν
1300 3594 1359 3651 οὗ
1408 3600 1530 3657 τοὺς
1569 3602 1763 3672 νόμους

204 3685 675 3758 φυλάττομεν.”ἰνα
704 3686 810 3758 γὰρ
846 3687 919 3760 μὴ
942 3689 1135 3761 νομίσῃ
1162 3707 1244 3753 τις
1267 3689 1423 3743 ἄλλου
1448 3693 1590 3755 τινὸς
1624 3691 1762 3747 εἶναι

202 3778 293 3847 τὴν
312 3777 398 3830 διὰ
423 3778 701 3844 Μωῦσέως
728 3780 1066 3851 νομοθεσίαν,
1090 3781 1194 3853 πρὸ
1222 3781 1317 3852 τῆς
1345 3782 1545 3834 τούτων
1565 3783 1761 3848 δόσεως

202 3866 267 3917 τὰ
313 3868 442 3938 περὶ
475 3868 573 3938 τῆς
607 3870 960 3939 κοσμοποιίας
986 3872 1265 3943 παρέδωκε
1290 3890 1303 3901 '
1330 3872 1395 3925 δι’
1418 3868 1483 3944 ἦς
1512 3874 1604 3927 ἕνα
1631 3875 1763 3930 Θεὸν

204 3953 333 4010 εἶναι
362 3959 623 4023 διδάσκει,
652 3961 717 4014 τὰ
750 3963 806 4015 δὲ
833 3962 993 4016 λοιπὰ
1020 3965 1238 4034 γενητὰ.

274 4053 392 4120 Οὐχ
450 4055 504 4105 οι
558 4056 753 4122 νεκροὶ
797 4055 1111 4111 αὶνέσουσι
1154 4072 1246 4119 σε,
1298 4061 1491 4127 Κύριε.
1524 4060 1763 4132 Νεκροὺς

207 4143 352 4197 καὶεί
376 4146 503 4209 τοὺς
535 4146 639 4198 τῶν
670 4146 932 4217 δαιμόνων
967 4149 1324 4220 θεραπευτὰς,
1352 4153 1475 4215 τοὺς
1505 4153 1577 4223 μὴ
1611 4153 1764 4222 ἕχον-

204 4253 294 4301 τας
319 4241 374 4291 ὲν
400 4241 583 4304 αὐτοῖς
612 4243 709 4313 τὴν
738 4242 902 4314 ζωὴν,
929 4244 1172 4297 τουτέστι
1201 4246 1298 4316 τὴν
1329 4246 1525 4314 γνῶσιν
1548 4246 1638 4300 τοῦ
1673 4248 1767 4317 μό-

207 4346 292 4382 νου
321 4330 478 4384 θεοῦ.

540 4424 909 4493 Ἀλληλούϊω
945 4430 1250 4483 ΨΑΛΜΟΣ
1282 4431 1433 4484 Ρ1Δ¹.

828 4521 1145 4588 Ὑπόθεο-ις.

1860 3335 1979 3373 esse
2008 3318 2328 3388 possintqui
2363 3319 2552 3373 timent
2586 3317 2895 3379 Dominum,
2932 3314 3037 3369 nisi
3080 3312 3294 3385 gentilis
3322 3325 3423 3380 po-

1860 3412 2041 3482 palus.

1935 3506 2020 3558 H.
2056 3504 2290 3573 Adjiciat
2324 3501 2574 3555 Dominus
2606 3516 2759 3569 super
2796 3516 2908 3564 nos,
2941 3515 3094 3567 super
3133 3515 3224 3551 nos
3253 3508 3301 3550 et
3337 3514 3426 3550 su-

1863 3612 1952 3664 per
1974 3594 2111 3662 ﬁlios
2144 3606 2366 3645 nostros.
2416 3591 2533 3661 Ipse
2569 3604 2803 3659 namque
2828 3597 2911 3643 est
2949 3588 3107 3657 cujus
3152 3586 3296 3656 leges
3327 3586 3425 3639 ob-

1864 3701 2157 3741 servamus.
2214 3683 2290 3739 Ne
2342 3684 2541 3753 cogitet
2595 3684 2738 3737 enim
2786 3682 3059 3751 quispiam
3109 3681 3251 3735 alius
3306 3695 3427 3733 esse

1864 3779 2032 3847 legem
2074 3776 2275 3848 Moysis
2312 3793 2327 3841 ;
2361 3784 2485 3829 ante
2515 3776 2678 3843 leges,
2714 3772 2901 3827 mundi
2939 3772 3273 3827 creationem
3316 3781 3426 3825 tra-

1863 3869 1997 3925 didit
2032 3888 2045 3924 :
2078 3885 2169 3939 per
2212 3883 2374 3937 quam
2408 3867 2566 3921 docet
2606 3881 2774 3919 unum
2818 3878 2939 3919 esse
2983 3863 3175 3927 Deum,
3218 3863 3426 3934 reliqua

1864 3978 1992 4017 vero
2027 3961 2189 4016 facta.

1935 4054 2021 4107 i7.
2062 4052 2183 4106 Non
2226 4054 2420 4106 mortui
2456 4050 2745 4103 laudabunt
2788 4058 2855 4111 te,
2902 4047 3141 4101 Domine.
3185 4045 3425 4101 Mortuos

1864 4153 2022 4199 vocat
2050 4144 2356 4198 daemonum
2401 4142 2660 4200 cultores,
2690 4139 2783 4208 qui
2810 4154 2915 4191 non
2947 4138 3147 4193 babent-
3175 4139 3227 4192 iu
3260 4152 3316 4191 se
3344 4136 3427 4189 vi-

1868 4246 1997 4303 tam,
2032 4236 2083 4291 id
2109 4246 2190 4291 est
2228 4234 2400 4289 solius
2424 4233 2516 4288 Dei
2552 4231 2938 4303 cognitionem.

2229 4420 2471 4477 Alleluia.
2511 4412 2846 4471 PSALMUS
2874 4411 3077 4468 CXIV.

2445 4514 2843 4582 Argumentum.

220 4605 300 4660 'Ev
327 4607 500 4679 τούτῳ
518 4607 703 4677 ἀγῶνα
727 4609 833 4663 τῶν
852 4611 947 4682 τὴν
968 4612 1322 4684 εύαγγελικὴν
1346 4613 1615 4667 πολιτείαν
1642 4632 1755 4685 μετ-

1870 4608 1924 4663 ιη
1965 4610 2066 4663 hoc
2098 4605 2366 4677 signiﬁcat
2402 4615 2677 4660 certamen
2707 4617 2897 4657 eorum
2930 4600 3021 4669 qui
3060 4596 3429 4667 evangelicum

271 4698 579 4771 ερχομένων
611 4702 881 4771 σημαίνει,
916 4705 1008 4757 καὶ
1032 4704 1128 4775 τὴν
1159 4705 1297 4759 κατὰ
1321 4705 1449 4758 θεὸν
1480 4706 1655 4759 αὐτῶν
1688 4706 1764 4759 νί-

272 4810 390 4863 κην,
427 4793 523 4846 καὶ
552 4793 640 4845 τὸν
671 4795 920 4865 ἐσόμενον
952 4798 1089 4868 ὑπὲρ
1131 4798 1236 4853 τῶν
1275 4799 1449 4851 πόνων
1484 4800 1759 4867 στέφανον.

281 4883 608 4953 Ἠγάξτησα,
635 4885 721 4938 ὅτι
752 4890 1161 4942 εἰσακούοέται
1187 4892 1398 4957 Κύριος
1426 4890 1532 4957 τῆς
1560 4890 1764 4959 φωνῆς

209 4978 309 5045 τῆς
338 4980 602 5047 δεήσεως
624 4999 761 5050 μου.
799 4983 905 5035 Καὶ
934 4982 1369 5052 τίνα·ὴγάπησε;
1422 4982 1623 5053 Κύριον
1673 4981 1763 5035 τὸν

211 5070 330 5125 Θεὸν
375 5073 437 5137 ἐξ
480 5074 607 5144 ὅλης
642 5075 884 5145 καρδίας,
920 5074 1010 5127 καὶ
1046 5075 1103 5139 ἐξ
1134 5075 1258 5145 ὅλης
1297 5075 1549 5138 διανοίας,
1584 5075 1676 5128 καὶ
1704 5073 1763 5138 ἐξ

211 5162 326 5236 ὅλης
366 5164 579 5237 laxro
633 5168 725 5218 καὶ
777 5168 874 5237 τῆς
914 5168 1129 5238 ἀγάπης
1177 5168 1364 5238 μισθὸν
1413 5167 1623 5234 ἐδέξατο
1666 5170 1763 5238 τὴν

213 5258 461 5331 ὑπακοήν.

275 5350 378 5402 Καὶ
415 5350 487 5402 ὲν
532 5349 661 5416 ταῖς
707 5350 950 5418 ἡμέραις
989 5370 1105 5421 μου
1152 5352 1600 5421 ἐπικωιέσομαι.
1656 5354 1761 5406 Καὶ

214 5437 380 5501 ποίαις
412 5439 669 5510 ἡμέραις,
699 5440 731 5511 ἦ
769 5444 883 5504 ταῖς
911 5442 1003 5495 τοῦ
1031 5443 1256 5511 ἀγῶνος,
1283 5444 1369 5496 ὅτε
1398 5444 1761 5497 ἐκινδύνευσεν

213 5529 362 5582 αὑτοῦ
394 5532 427 5601 ἡ
460 5530 646 5601 duxi};

277 5617 603 5687 Περιέσχωο
644 5638 720 5687 με
766 5620 970 5688 ὠδῖνες
1014 5624 1286 5679 θανάτου.
1320 5624 1427 5697 Τὴν
1466 5625 1764 5697 ὑπερϐολὴν

216 5710 599 5779 κατασημαίνει
630 5711 731 5765 τῶν
760 5711 1006 5782 θλίψεων,
1048 5715 1151 5769 τῶν
1182 5717 1480 5787 γενομένων
1506 5717 1652 5789 αύτῷ
1677 5718 1761 5771 διὰ

287 5881 323 5917 ⁸⁷
361 5881 503 5939 Psal.
538 5900 670 5949 un,
704 5884 754 5940 l.

1942 4701 2067 4755 vitae
2102 4699 2405 4755 institutum
2457 4696 2684 4768 ingressi
2736 4703 2883 4755 sunt,
2928 4704 3229 4759 eorumque
3265 4689 3433 4744 victo-

1941 4794 2079 4847 riam
2113 4788 2205 4843 Dei
2242 4798 2372 4843 nutu
2420 4795 2767 4858 reportatum,
2792 4792 2846 4839 et
2878 4782 3114 4837 futuram
3150 4795 3247 4849 pro
3279 4778 3430 4833 labo-

1943 4886 2094 4939 ribus
2126 4896 2401 4938 coronam.

1940 4977 2140 5041 Dilexi,
2173 4976 2419 5045 quoniam
2449 4973 2689 5025 exaudiet
2720 4970 2969 5023 Dominus
2997 4982 3165 5019 vocem
3182 4965 3434 5017 orationis

1872 5086 2016 5124 mete.
2066 5067 2303 5137 Ecquem
2353 5065 2591 5120 dilexit?
2639 5062 2925 5119 Dominum
2991 5060 3159 5113 Deum
3209 5074 3271 5111 ex
3321 5066 3435 5111 toto

1871 5162 2030 5216 corde
2073 5170 2127 5214 et
2153 5175 2218 5213 ex
2264 5168 2372 5212 tota
2406 5166 2603 5220 mente,
2636 5166 2691 5210 et
2734 5171 2799 5209 ex
2850 5164 2960 5207 tota
2994 5153 3189 5205 virtute
3222 5167 3237 5215 ;
3287 5159 3340 5204 et
3380 5151 3435 5203 iu

1873 5252 2179 5308 dilectionis
2212 5252 2489 5320 prrctnium
2523 5249 2800 5305 exaudivit
2831 5248 2983 5302 illum
3026 5244 3187 5298 Deus.

1938 5347 1991 5400 2.
2029 5345 2093 5399 Et
2123 5347 2176 5398 in
2216 5344 2394 5397 diebus
2428 5345 2553 5397 meis
2586 5341 2852 5397 invocabo.
2889 5341 2954 5394 Et
2995 5340 3047 5392 in
3082 5337 3284 5407 quibus
3320 5336 3433 5389 die-

1870 5443 1970 5497 bus
2002 5458 2016 5506 ;
2047 5441 2149 5495 nisi
2192 5441 2243 5493 in
2287 5440 2479 5494 diebus
2509 5438 2825 5495 certaminis
2860 5454 2983 5492 cum
3020 5435 3139 5503 ejus
3169 5432 3349 5486 anima
3382 5436 3431 5486 ιιι

1868 5533 2108 5603 periculo
2135 5531 2451 5585 versabatur
2476 5531 2499 5583 ’ί

1868 5666 1871 5673 ,
1938 5624 1989 5677 5.
2028 5621 2490 5677 Circumdederunt
2522 5636 2599 5673 me
2638 5618 2841 5672 dolores
2888 5615 3087 5668 mortis.
3138 5610 3433 5668 Vehemen-

1872 5715 2000 5769 tiam
2034 5713 2305 5784 signiﬁcat
2334 5710 2706 5778 alliictionum,
2743 5727 2863 5783 qua:
2896 5709 2994 5779 ipsi
3024 5706 3239 5778 pictatis
3264 5718 3434 5762 causa
