4126 6480
771 419 869 475 471

1605 415 1663 474 S.
1701 414 2067 471 ATHANASII
2105 414 2253 471 OPP.
2295 412 2470 469 PARS
2506 413 2593 470 111.
2633 448 2697 457 —-
2736 417 3140 477 EXEGETiCA.

3856 419 3959 475 ιη

767 536 1095 601 acciderunt,
1121 551 1281 607 quam
1310 535 1668 591 calamitatem
1699 546 1754 593 et
1784 538 1997 594 dolores
2027 538 2235 601 mortis,
2257 546 2296 588 el

2406 538 2502 610 τὴν
2533 540 2825 604 εύσέΰειαν,
2853 543 2919 613 ἠν
2951 546 3042 597 καὶ
3069 544 3259 607 ώδτνας
3302 544 3527 599 θανάτου
3570 542 3661 597 καὶ
3685 540 3960 607 κινδύνους

767 628 1001 683 =iericula
1029 627 1245 693 inferni,
1292 636 1346 683 et
1377 627 1719 682 afﬂictionem
1763 638 1819 683 et
1862 628 2103 684 dolorem
2131 640 2305 686 vocat.

767 718 869 773 Sed
900 732 966 772 eo
991 719 1134 787 quod
1177 720 1507 774 invocaverit
1538 718 1703 774 Deum
1748 720 1816 774 iis
1860 721 2114 775 omnibus
2151 737 2311 792 supe-

763 810 874 864 rior
914 812 1103 865 evasit.
1156 810 1332 876 Quare
1360 812 1411 864 in
1459 812 1734 880 prummiis
1776 813 1984 867 diwbat
2030 833 2041 868 :
2101 813 2296 879 Dilexi,

761 902 1005 970 quoniam
1028 904 1269 956 exaudiet
1301 901 1551 957 Dominus
1579 920 1748 957 vocem
1777 905 2029 958 orationis
2058 921 2201 960 mem.

828 991 883 1044 4.
922 989 967 1046 Ο
1002 990 1239 1057 Domine,
1266 993 1429 1047 libera
1460 996 1691 1048 animam
1717 1012 1903 1050 meum.
1950 994 2308 1068 Singulariter

761 1084 1043 1151 superius:
1070 1082 1136 1137 Et
1162 1086 1212 1138 in
1229 1086 1405 1141 diebus
1432 1087 1558 1141 meis
1582 1088 1829 1142 invocari.
1850 1089 1966 1143 iam
2000 1104 2125 1145 vero
2150 1090 2307 1144 docet

758 1190 880 1245 qua:
909 1177 979 1230 sit
1015 1176 1299 1232 invocatio.
1336 1175 1655 1248 Ecqutenain
1700 1180 1785 1234 illa
1814 1190 1915 1245 est,
1957 1181 2059 1237 nisi
2092 1182 2183 1237 illa
2213 1202 2225 1237 :
2259 1183 2302 1238 0

758 1268 1001 1337 Domine,
1035 1270 1196 1325 libera
1236 1274 1466 1328 animum
1503 1290 1669 1327 meam
1704 1275 1729 1326 .9
1775 1272 1899 1329 llzec
1947 1285 2124 1329 autem
2170 1276 2305 1329 dixit

759 1375 961 1428 gnarus
1004 1377 1150 1425 eum,
1198 1372 1384 1433 utpote
1445 1363 1875 1427 misericordem,
1920 1364 2300 1419 exaudituruui

756 1467 895 1507 esse.
915 1451 979 1506 Et
1018 1453 1153 1509 Deus
1184 1465 1357 1509 noster
1375 1458 1661 1510 miseretur.
1684 1455 1793 1526 (62)
1821 1455 2184 1511 Misericordia
2220 1466 2301 1511 est

759 1543 939 1611 passio
981 1558 1166 1599 eorum
1222 1546 1315 1615 qui
1367 1548 1840 1602 commiseratione
1893 1548 2118 1617 permoti
2175 1546 2302 1603 sunt

758 1650 885 1703 erga
930 1650 1026 1690 eos
1070 1638 1161 1706 qui
1206 1638 1407 1694 amissa
1455 1639 1681 1709 pristina
1725 1639 1985 1709 dignitate
2034 1640 2296 1693 humiliati

759 1732 903 1779 sunt.
934 1724 1068 1790 Quia
1102 1727 1267 1796 igitur
1287 1743 1385 1782 nos
1419 1744 1484 1783 ex
1520 1729 1792 1784 nobilibus
1838 1730 2098 1801 ignobiles
2126 1732 2299 1785 evasi-

2409 628 2554 700 ᾇδου,
2586 631 2677 682 καὶ
2706 631 2879 702 θλίψιν
2924 634 3014 687 καὶ
3053 633 3239 703 ὀδύνην
3266 632 3719 687 ἀποκαλεϊ.“Αλλὰ
3748 630 3839 686 διὰ
3866 632 3959 685 τοῦ

2408 722 2773 777 ἐπικαλεῖσθαι
2823 724 2910 778 τὸν
2956 725 3087 778 Θεὸν
3131 725 3451 797 ὑψηλότερος
3501 725 3701 779 τούτων
3749 724 3958 793 γέγονε,

2409 814 2556 885 φησί.
2596 815 2684 867 Διὸ
2726 816 2818 869 καὶ
2853 817 2910 868 ἐν
2940 816 3237 887 προοιμίοις
3263 816 3469 882 ἔλεγεν*
3515 814 3838 885 Ἠγάπησα,
3873 813 3957 868 ὅτι

2405 907 2813 960 είσακούσεται
2842 908 3052 975 Κύριος
3082 905 3189 975 τῆς
3220 907 3423 976 φωνῆς
3457 903 3717 973 δεήσεώς
3737 924 3878 975 μου.

2473 992 2547 1051 Ὦ
2569 999 2757 1064 Κύριε,
2779 998 2961 1065 ῥῦσαι
2995 998 3107 1065 τὴν
3132 998 3338 1067 ψυχήν
3364 1016 3500 1067 μου.
3517 998 3738 1060 Ἐνικῶς
3762 995 3961 1050 ἀνωτέ-

2408 1106 2516 1159 ρω,
2548 1091 2629 1143 ὅτι
2660 1088 2768 1143 Καὶ
2802 1089 3257 1159 ἐπεκαλεσάμηγ
3285 1091 3353 1142 ἐν
3384 1088 3511 1155 ταῖς
3536 1087 3780 1156 ἡμέραις
3819 1104 3955 1155 μου.

2404 1180 2501 1243 Τίς
2540 1181 2573 1249 ἠ
2617 1180 2895 1251 ἐπίκλησις
2939 1180 3190 1233 διδάσκει.
3220 1180 3328 1233 Καὶ
3376 1179 3503 1232 ποία
3546 1177 3707 1247 αὕτη,
3737 1178 3771 1247 ἢ
3805 1172 3957 1239 τὺ,Ὦ

2404 1266 2600 1337 Κύριε,
2616 1271 2801 1339 ῥῦσαι
2828 1272 2939 1339 τὴν
2954 1272 3164 1341 ψυχήν
3184 1289 3300 1339 μου
3324 1288 3341 1335 ;
3364 1267 3497 1324 Εἷπε
3515 1270 3571 1323 δὲ
3592 1269 3764 1323 ταῦτα
3784 1267 3957 1330 εἰδὼς,

2402 1360 2476 1421 ώς
2504 1358 2747 1429 ἐλεήμων
2790 1360 3164 1414 ἐπακούσεται.
3198 1359 3306 1417 Καὶ
3338 1364 3370 1414 d
3403 1360 3546 1426 Θεὸς
3584 1358 3755 1428 ἡμῶν
3782 1358 3955 1412 ἐλεεῖ.

2406 1453 2590 1518 Ἐλεός
2616 1458 2730 1508 ἐστι
2768 1454 2936 1518 πάθος
2962 1455 3053 1507 ἐπὶ
3088 1456 3211 1517 τοὺς
3239 1455 3363 1522 παρ’
3386 1452 3538 1515 ἀξίαν
3560 1452 3956 1523 τεταπεινωμέ-

2402 1562 2523 1609 νους
2580 1545 2727 1615 παρὰ
2775 1546 2880 1598 τῶν
2941 1543 3237 1615 συμπαθῶς
3283 1543 3604 1614 τεθειμένων
3655 1542 3950 1614 γινόμενον.

2413 1638 2562 1690 Ἐπεὶ
2602 1634 2695 1690 οὖν
2749 1639 2841 1691 καὶ
2890 1640 3047 1708 ήμεῖς
3078 1637 3135 1703 ἐξ
3164 1636 3385 1702 ἐνδόξων
3418 1636 3713 1705 γεγόναμεν
3759 1636 3952 1701 ἄδοξοι,

2398 1728 2497 1795 τῆς
2528 1730 2584 1781 ἐν
2612 1727 2686 1798 τῷ
2720 1728 3021 1799 παραδείσῳ
3051 1727 3322 1796 διαγωγῆς
3343 1727 3680 1789 ἐκπεσόντες,
3705 1720 3810 1779 οἷοι
3841 1725 3952 1780 ἀνθ’

758 1832 901 1882 mus,
940 1820 1138 1874 amissa
1166 1820 1401 1889 paradisi
1431 1822 1897 1887 commoratione;
1934 1822 2123 1877 videns
2159 1820 2296 1877 Deus

2399 1816 2523 1869 οἴων
2554 1818 2849 1888 γεγόναμεν
2878 1818 3017 1889 ὁρῶν
3051 1820 3195 1888 ἡμᾶς
3221 1819 3249 1870 ό
3288 1817 3437 1881 Θεὸς,
3465 1816 3619 1870 ὲλεεῖ.
3638 1816 3822 1871 Ἐλέου
3849 1818 3955 1889 γὰρ

755 1909 943 1975 quales
974 1924 1039 1964 ex
1082 1911 1332 1980 qualibus
1359 1912 1650 1977 evasimus,
1681 1913 1965 1967 miseratur
2009 1928 2127 1968 nos.
2164 1911 2296 1967 Nam

2400 1881 2704 1961 ἀνεκαλεέτο
2726 1881 2873 1979 (amvi;
2901 1881 2989 1961 τὸν
3022 1881 3213 1979 Ἀδάμ·
3242 1908 3362 1963 Ποῦ
3390 1904 3482 1971 si;
3507 1906 3660 1977 δῆλον
3683 1908 3766 1972 τὸ,
3787 1881 3955 1962 Πόθεν

754 2012 858 2053 vos
885 2000 1544 2058 misericordiaeAdamum
1573 2005 1915 2074 compellavit
1946 2005 2131 2060 dicens
2155 2025 2166 2060 :
2202 2005 2300 2060 Ubi

754 2104 807 2140 es
847 2088 892 2118 “
920 2090 941 2139 ?
984 2090 1224 2145 videlicet
1252 2110 1265 2147 :
1291 2094 1430 2147 unde
1451 2103 1504 2148 et
1525 2108 1635 2163 quo
1670 2093 1921 2163 delapsus
1952 2110 2011 2149 es
2041 2095 2064 2146 'i

820 2178 874 2233 6.
919 2178 1226 2235 Custodiens
1267 2182 1510 2250 parvulos
1545 2182 1817 2237 Dominus.
1862 2183 2122 2237 Parvulos
2170 2182 2300 2237 dicit

752 2285 848 2325 eos
874 2272 964 2339 qui
984 2289 1079 2341 per
1100 2273 1359 2341 Spiritum
1400 2283 1644 2329 sanctum
1683 2276 1739 2329 in
1758 2273 1976 2328 Christo
1998 2276 2297 2343 regenerati

755 2370 883 2413 sunt
914 2379 927 2415 :
960 2362 1052 2431 qui
1078 2363 1373 2417 secundum
1401 2363 1530 2420 Jesu
1558 2362 1758 2418 Christi
1800 2375 2148 2434 praeceptum,
2175 2379 2297 2433 par-

754 2451 860 2503 γυίί
894 2459 1038 2513 sunt,
1064 2452 1185 2521 quia
1218 2454 1427 2508 scilicet
1455 2453 1703 2508 conversi
1731 2463 1857 2508 sunt
1887 2464 1940 2509 et
1963 2453 2139 2507 efl'ecti
2172 2463 2297 2507 sunt

756 2544 897 2596 sicut
940 2544 1167 2613 parvuli.
1195 2542 1301 2600 Eos
1333 2542 1593 2598 Dominus
1634 2543 1869 2598 custodit
1902 2560 1917 2609 ;
1965 2558 2139 2612 neque
2178 2558 2299 2612 per-

754 2635 917 2689 mittit
959 2636 1026 2688 ab
1051 2634 1284 2689 inimicis
1312 2636 1628 2706 oppugnari,
1658 2636 1784 2705 quia
1821 2635 2058 2689 nondum
2088 2645 2297 2705 tempus

748 2726 1081 2780 certaminis.
1114 2726 1285 2795 (Alius
1314 2726 1518 2795 codex.)
1541 2725 1800 2781 Parvulos
1839 2728 1981 2782 enim
2009 2736 2166 2781 vocat
2204 2742 2296 2781 eos

751 2816 841 2884 qui
872 2831 964 2885 per
995 2815 1253 2885 Spiritum
1294 2827 1541 2873 sanctum
1574 2818 1627 2872 in
1661 2818 1880 2872 Christo
1920 2815 2047 2872 Jesu
2086 2832 2297 2887 regene-

752 2907 853 2959 rati
884 2915 1028 2961 sunt.
1075 2905 1139 2961 Et
1181 2909 1334 2977 juxta
1384 2908 1682 2975 simplicem
1720 2907 1987 2960 sermonis
2018 2922 2195 2973 usum,
2242 2908 2294 2962 in

751 3008 905 3053 utero
932 2997 1046 3067 ipse
1071 2996 1302 3053 infantes
1328 2999 1566 3053 custodit
1595 3016 1607 3051 :
1644 3014 1707 3053 ac
1736 2999 1788 3052 in
1819 3013 1885 3052 eo
1907 2998 2027 3053 loco
2061 3009 2165 3053 tam
2206 3014 2297 3053 an-

751 3097 929 3157 gusto,
959 3096 1213 3158 tantaque
1244 3088 1559 3145 humiditate
1584 3090 1762 3161 pleno,
1793 3091 1882 3145 ubi
1918 3105 2017 3145 nec
2049 3090 2293 3146 movendi

2402 2003 2492 2052 ποῖ
2515 1999 2804 2064 πέπτωκας
2826 2017 2844 2065 ;

2468 2172 2804 2227 Φυλάσσων
2834 2175 2903 2227 τὰ
2934 2174 3117 2239 νήπια
3146 2178 3177 2230 ό
3207 2174 3437 2245 Κύριος.
3462 2174 3649 2246 Νήπιά
3668 2191 3805 2245 φησι
3830 2174 3951 2236 τοὺς

2396 2265 2481 2317 διὰ
2509 2266 2819 2337 Πνεύματος
2840 2267 2991 2334 ἁγίου
3019 2270 3075 2320 ὲν
3100 2268 3314 2338 Χριστῷ
3329 2266 3807 2335 ἀναγεννηθέντας,
3829 2266 3951 2327 τοὺς

2399 2356 2535 2410 κατὰ
2570 2357 2665 2427 τὴν
2713 2356 2883 2424 Ἰησοῦ
2912 2358 3049 2409 ἐντο)
3061 2356 3123 2426 ὴν
3143 2357 3360 2426 νηπίους
3384 2356 3561 2419 ὄντας,
3594 2356 3671 2426 τῷ
3698 2356 3949 2426 ἐπιστρέ-

2398 2446 2525 2513 φοαι
2558 2450 2573 2466 '
2598 2448 2689 2499 καὶ
2718 2447 2993 2513 γεγονέναι
3017 2446 3092 2509 ὡς
3122 2448 3188 2500 τὰ
3232 2446 3433 2500 παιδία.
3463 2448 3664 2510 Αὐτοὺς
3690 2450 3719 2500 ό
3751 2446 3951 2517 Κύριος

2397 2537 2674 2605 φυλάσσει,
2695 2538 2791 2590 οὐκ
2814 2538 2914 2591 ἐῶν
2940 2537 3256 2610 προσϐαλεῖν
3283 2539 3464 2601 αὐτοῖς
3491 2538 3615 2601 τοὺς
3634 2537 3945 2609 πολεμίους,

2393 2628 2470 2697 τῷ
2500 2631 2662 2700 μήπω
2688 2632 2871 2701 καιρὸν
2898 2631 3037 2699 ἔχειν
3069 2630 3292 2697 ἀγῶνος.
3325 2631 3507 2701 Νήπια
3533 2631 3639 2701 γάρ
3669 2647 3803 2701 φησι
3826 2631 3948 2695 τοὺς

2394 2720 2481 2773 διά
2512 2719 2820 2789 Πνεύματος
2848 2722 2998 2789 ἁγίου
3027 2724 3082 2774 ὲν
3112 2721 3326 2793 Χριστῷ
3369 2722 3539 2793 Ἰησοῦ
3565 2722 3948 2792 άναγεννηθέν-

2394 2812 2511 2874 τας.
2552 2812 2660 2863 Καὶ
2693 2810 2829 2864 κατὰ
2869 2812 2959 2864 τὸν
2991 2812 3190 2865 ἁπλοῦν
3231 2812 3338 2883 γάρ
3367 2811 3539 2879 λόγον,
3570 2811 3730 2874 αὐτὸς
3756 2813 3814 2863 ὲν
3850 2811 3949 2880 μή·

2392 2920 2497 2974 τρᾳ⁵
2525 2903 2778 2971 φυλάττει
2807 2904 2874 2957 τά
2914 2905 3115 2975 βρέφηο
3146 2906 3201 2956 ὲν
3239 2898 3284 2972 ᾧ
3326 2903 3401 2974 τῷ
3430 2903 3577 2974 μόρῳ
3614 2900 3833 2973 σμικρῷ
3857 2902 3947 2955 καὶ

2392 2992 2656 3063 τοσαύτης
2691 2994 2982 3064 ὑγρότητος
3012 2992 3218 3063 πλήρης
3250 2995 3343 3045 καὶ
3376 2995 3509 3063 μήτε
3533 2992 3799 3046 κινεῖσθαι
3825 2993 3948 3061 μήτ’

2394 3088 2647 3139 ἀναπνεῖν
2673 3084 3048 3155 συγχωροῦντα
3074 3084 3292 3137 κωλύων
3318 3083 3701 3152 ἀποπνιγῆναι,
3747 3084 3843 3134 καὶ
3869 3081 3948 3134 κε-

751 3194 851 3233 nec
880 3180 1177 3248 respirandi
1206 3178 1455 3246 facultas,
1484 3182 1706 3251 impedit
1730 3198 1798 3236 ne
1828 3185 2204 3251 praefocentur,
2223 3191 2296 3236 at-

2397 3192 2547 3245 νησιν
2579 3174 2747 3237 διδοὺς
2787 3176 2877 3226 καὶ
2917 3173 3139 3244 τροφὴν,
3175 3174 3266 3227 καὶ
3294 3171 3693 3244 περιψυχόμενα
3725 3170 3947 3224 κωλύων

748 3286 854 3340 que
885 3281 1091 3326 motum
1113 3282 1165 3327 et
1194 3287 1373 3328 escam
1399 3273 1609 3337 tribuit,
1645 3273 2001 3343 prohibetque
2028 3288 2095 3327 ne
2118 3289 2181 3327 ex
2208 3274 2297 3327 fri-

748 3376 876 3430 gore
896 3364 1329 3434 exstinguantur,
1364 3366 1579 3432 quando
1617 3380 1683 3417 ex
1717 3364 1895 3419 calore
1927 3366 2095 3419 vulva:
2124 3366 2175 3418 in
2214 3365 2295 3420 10--

752 3468 875 3505 cum
907 3468 1029 3512 aere
1058 3463 1113 3507 et
1140 3464 1299 3507 vento
1319 3453 1707 3509 circumfusum
1733 3465 2031 3510 transeunt.
2050 3456 2157 3509 Aut
2178 3457 2290 3511 sic:

749 3544 1006 3609 quoniam
1046 3540 1365 3597 humiliatus
1408 3558 1528 3597 sum
1557 3544 1695 3599 sicut
1727 3545 2004 3613 parvulus,
2039 3554 2089 3599 et
2137 3545 2292 3613 quasi

750 3628 929 3685 infans
973 3633 1187 3703 suscepi
1218 3648 1440 3704 regnum
1465 3635 1749 3701 caelorum,
1782 3636 1874 3704 qui
1904 3635 2137 3689 custodit
2171 3652 2296 3705 par-

750 3721 902 3776 vulos
930 3720 1190 3778 Dominus
1213 3727 1437 3780 salvavit
1477 3742 1583 3781 me.
1627 3727 1746 3779 Alio
1791 3727 1916 3780 item
1944 3728 2105 3782 modo
2142 3746 2155 3780 :
2200 3742 2293 3782 eos

747 3812 1007 3881 quijuxta
1036 3828 1355 3885 praeceptum
1394 3816 1520 3871 .Iesu
1546 3816 1746 3871 Christi
1784 3821 2029 3873 conversi
2055 3818 2294 3874 eﬂlciun-

747 3912 835 3958 tur
863 3912 922 3956 ut
941 3906 1169 3972 parvuli,
1196 3906 1309 3975 ipse
1334 3906 1595 3963 Dominus
1624 3908 1858 3963 custodit
1884 3932 1897 3964 ;
1936 3918 1988 3963 et
2011 3912 2137 3979 quia
2164 3926 2293 3965 nou-

748 3994 875 4048 dum
914 4002 1125 4064 tempus
1168 3996 1289 4051 belli
1328 4006 1432 4062 est,
1482 3998 1672 4052 tentari
1718 4015 1823 4053 non
1856 4000 2004 4054 sinit.
2039 3998 2141 4054 Sed
2184 4015 2289 4063 me,

751 4094 934 4156 utpote
956 4086 1047 4156 qui
1082 4087 1263 4156 pueris
1292 4087 1449 4159 longe
1490 4087 1681 4143 fortior
1699 4104 1895 4153 essem,
1928 4090 2136 4161 magnis
2171 4106 2292 4146 cer-

749 4177 1041 4231 taminibus
1086 4178 1395 4243 humilians,
1439 4179 1905 4250 inexpugnabilem
1949 4191 2125 4238 tamen
2162 4199 2290 4240 cun-

747 4271 999 4323 servavit.

813 4358 863 4414 7.
898 4360 1223 4424 Convertere,
1256 4362 1435 4415 anima
1466 4378 1601 4427 mea,
1630 4363 1683 4416 in
1719 4366 1941 4434 requiem
1983 4376 2147 4419 tuam.
2194 4365 2292 4422 Re-

745 4448 925 4518 quiem
956 4451 1073 4520 ejus
1099 4451 1230 4506 dicit
1262 4467 1526 4523 supernas
1568 4454 1895 4520 mansiones,
1927 4472 2063 4526 quas
2090 4458 2142 4512 in
2170 4476 2288 4514 cer-

2395 3267 2698 3331 ἀποθανεῖν,
2730 3268 2821 3319 ἐπε
2834 3265 2943 3318 ιδάν
2988 3266 3052 3318 ἐκ
3087 3265 3183 3334 τῆς
3207 3268 3263 3317 ὲν
3304 3267 3479 3337 μήτρα
3512 3264 3844 3335 θερμότητος
3871 3263 3946 3325 είς

2392 3358 2533 3428 ἀήθη
2561 3359 2720 3410 τόπον
2746 3357 3087 3428 προέλθοι.Ἦ
3124 3358 3214 3409 καὶ
3240 3356 3408 3418 οὕτως
3426 3372 3439 3385 ⁸
3483 3355 3699 3425 Ἐπειδὴ
3727 3358 3946 3408 ἐταπει-

2394 3448 2566 3518 νώθην
2596 3449 2671 3511 ὡς
2700 3450 2903 3518 νήπιον.
2938 3448 3029 3500 καὶ
3055 3448 3129 3511 ώς
3159 3448 3364 3501 παιδίον
3392 3445 3654 3517 ἐδεξάμην
3677 3446 3775 3517 τὴν
3798 3446 3945 3514 βασι-

2394 3539 2540 3592 λείαν
2584 3540 2689 3591 τῶν
2738 3538 2995 3609 οὐρανῶν,
3032 3540 3059 3591 ό
3110 3539 3391 3606 φυλάσσων
3435 3538 3502 3591 τά
3540 3539 3709 3608 νήπια
3748 3536 3945 3609 Κύριος

2393 3630 2559 3683 ἔσωσέ
2594 3648 2679 3702 με.
2714 3632 2820 3683 Καὶ
2852 3629 3049 3691 άλλως’
3080 3630 3216 3692 Τοὺς
3250 3628 3388 3681 κατὰ
3415 3628 3509 3699 τὴν
3541 3628 3761 3699 ἐντολήν
3775 3628 3944 3698 Ἰησοῦ

2392 3724 2762 3793 νηπιάζοντας,
2783 3723 2841 3776 τὸ
2864 3721 3196 3794 στραφέντας
3227 3720 3317 3775 καὶ
3339 3720 3412 3785 ὡς
3442 3721 3621 3773 παιδία
3644 3721 3942 3789 γεγονέναι,

2394 3817 2552 3880 αὐτὸς
2577 3819 2605 3869 ό
2628 3815 2823 3885 Κύριος
2849 3815 3126 3883 φυλάσσει,
3151 3815 3210 3865 τὸ
3232 3815 3396 3883 μήπω
3421 3812 3607 3884 καιρὸν
3632 3812 3777 3881 ἔχειν
3798 3813 3943 3879 ays-

2392 3924 2499 3971 νος,
2536 3908 2889 3977 ἁπειρὰστους
2918 3905 3113 3975 τηρῶν.
3136 3904 3268 3956 Ἀλλ’
3300 3906 3415 3974 ἐμὲ,
3442 3904 3514 3965 ὡς
3538 3904 3944 3975 ὑπεραναὸεδη-

2392 4000 2523 4050 κότα
2547 3999 2669 4059 τοὺς
2696 3997 2906 4060 παῖδας,
2944 3996 3029 4049 διά
3065 3995 3310 4066 μεγάλων
3333 3992 3666 4059 ταπεινώσας
3694 3992 3939 4064 ἀγώνων,

2390 4088 2820 4159 ἀκαταγώνιστον
2846 4090 2990 4158 ὅμως
3027 4087 3307 4158 ἐτήρησεν.

2472 4378 2874 4446 Ὲπίστρεψον.
2903 4377 2941 4444 ἡ
2982 4374 3140 4444 ψυχή
3169 4392 3305 4443 μου,
3339 4374 3423 4439 εἰς
3456 4372 3567 4440 τὴν
3597 4368 3943 4425 ἀνάπαυσιν

2387 4487 2519 4525 σου.
2540 4471 2857 4523 Ἀνάπιυσιν
2890 4467 3049 4520 αὑτοῦ
3082 4467 3176 4528 τὰς
3204 4465 3313 4518 ἀνω
3336 4465 3477 4532 λέγει
3502 4462 3687 4534 μονάς,
3715 4460 3783 4524 ἃς
3808 4461 3936 4515 ἀπο-

742 4542 1007 4595 tamiuum
1042 4542 1319 4611 premium
1366 4544 1725 4599 nanciscetur.
1762 4544 1993 4619 Requies
2021 4550 2146 4606 item
2174 4554 2287 4607 ani-

2397 4562 2611 4631 λήψεται
2645 4558 2750 4611 τῶν
2788 4556 3007 4625 ἀγώνων
3049 4557 3127 4619 είς
3157 4554 3512 4624 ἀντιμισθίαν.
3533 4552 3862 4615 ’Δνάπαυσις
3893 4549 3939 4602 δ’

744 4647 847 4688 ma:
870 4643 953 4688 est
984 4634 1331 4705 temperantia
1370 4651 1400 4689 a
1440 4638 1693 4706 peccatis.

822 4726 875 4788 8,
905 4726 958 4781 9.
989 4725 1128 4791 Quia
1148 4728 1339 4797 eripuit
1360 4731 1589 4784 animum
1614 4746 1777 4785 meam
1805 4733 1867 4787 de
1889 4747 2071 4801 morte,
2094 4744 2195 4791 etc.
2218 4736 2292 4792 De

744 4828 918 4873 morte
947 4820 1173 4889 peccati,
1206 4821 1401 4891 inquit,
1438 4822 1489 4875 in
1520 4839 1681 4894 quam
1721 4833 1966 4882 metuens
1989 4843 2053 4880 ne
2086 4828 2293 4885 decide-

745 4918 846 4974 ret,
897 4910 1311 4981 collacrymaudi
1358 4913 1517 4967 finem
1549 4930 1655 4971 non
1702 4914 1951 4983 faciebat,
1998 4934 2194 4988 rogans
2237 4931 2294 4975 ut

743 4999 915 5069 ipsam
955 5000 1187 5071 effugere
1221 5004 1425 5060 liceret.
1461 5004 1819 5071 Quamobrem
1857 5008 1974 5079 eius
2020 5011 2202 5080 pedes,
2238 5012 2289 5066 id

745 5103 826 5147 est
886 5109 1109 5162 gressus
1154 5096 1370 5159 animae,
1413 5098 1554 5166 apud
1602 5096 1768 5153 Deum
1811 5100 1951 5155 firmi
2003 5112 2288 5167 steterunt,

744 5184 891 5237 omni
938 5185 1089 5255 lapsu
1122 5186 1273 5241 liberi
1316 5198 1369 5243 et
1413 5189 1736 5258 superiores.
1786 5190 2071 5263 Regionem
2114 5205 2287 5251 autem

745 5275 988 5330 vivorum
1045 5288 1203 5333 vocat
1244 5280 1514 5335 calestem
1566 5280 1899 5349 Jerusalem,
1945 5286 1997 5339 in
2040 5303 2143 5356 qua
2196 5290 2287 5357 qui

745 5368 1040 5423 secundum
1095 5367 1261 5424 Deum
1325 5384 1713 5442 pugnaverunt,
1777 5385 1957 5444 utpote
2008 5376 2286 5435 fortissimi

745 5456 998 5521 victores,
1024 5461 1396 5517 audientillud
1426 5479 1438 5517 :
1464 5463 1626 5534 Euge,
1649 5482 1788 5521 serve
1810 5468 1934 5523 bone
1960 5479 2005 5523 et
2025 5470 2196 5539 ﬁdelis
2220 5473 2284 5525 ".

818 5684 861 5714 ¹¹¹
899 5682 1032 5737 Gen.
1064 5699 1141 5749 ut,
1187 5684 1237 5738 9.
1320 5686 1361 5717 ²⁹
1403 5684 1591 5742 Matth.
1626 5704 1746 5749 xxv,
1787 5688 1873 5745 2|.

817 5792 925 5861 (5'2)
958 5792 1014 5849 in
1050 5792 1179 5865 Reg.
1209 5796 1244 5851 2
1283 5798 1392 5853 lucc
1428 5800 1677 5855 dicuntur
1710 5800 1917 5858 Dicitmi

2391 4647 2458 4706 αὖ
2497 4650 2651 4704 πάλιν
2675 4649 2768 4718 τῆς
2797 4647 2970 4718 ψυχῆς
3002 4648 3035 4718 ὴ
3067 4646 3171 4699 τῶν
3210 4645 3617 4716 ἁμαρτημάτων
3646 4643 3851 4715 ἀποχὴ.

2464 4744 2586 4794 Ὀτι
2613 4740 2869 4804 ἐξείλετο
2897 4737 3009 4804 τὴν
3040 4734 3246 4805 ψυχήν
3276 4752 3393 4804 μου
3430 4736 3496 4787 ἐκ
3515 4733 3805 4789 θανάτου.
3834 4735 3936 4787 ϐας

2393 4834 2549 4887 νάτου
2587 4831 2683 4901 τῆς
2718 4829 2984 4902 ἁμαρτίας
3022 4827 3204 4897 φησίν·
3247 4827 3305 4881 ὃν
3348 4827 3439 4879 καὶ
3468 4826 3715 4891 δεδοικὼς
3748 4830 3935 4900 μήπως

2394 4922 2501 4997 ἆρα
2527 4926 2603 4988 είς
2648 4924 2807 4977 αὐτὸν
2837 4920 3157 4991 κατηνέχθη,
3185 4920 3244 4973 ού
3278 4919 3506 4972 διέλειπε
3537 4919 3810 4989 δακρύων,
3843 4919 3935 4991 τὴν

2394 5018 2451 5081 ἐξ
2476 5015 2637 5071 αὑτοῦ
2681 5014 2851 5085 φυγήν
2888 5012 3069 5076 αἰτῶν,
3099 5007 3157 5065 οὗ
3185 5012 3247 5082 δὴ
3288 5012 3443 5082 χάριν
3474 5012 3565 5065 καὶ
3588 5012 3636 5064 oi
3665 5011 3822 5076 πόδες
3848 5010 3934 5065 αύο

2392 5108 2503 5171 τοῦ,
2536 5106 2775 5159 τουτέστι
2819 5104 2886 5158 τὰ
2916 5103 3218 5174 διαδήματα
3246 5104 3344 5173 τῆς
3375 5102 3570 5173 ψυχῆς,
3595 5103 3652 5155 ὲν
3697 5107 3764 5174 τῇ
3801 5101 3936 5157 κατά

2392 5200 2521 5252 Θεὸν
2571 5200 2796 5269 ἔστησαν
2843 5197 3044 5260 στάσει,
3080 5196 3275 5259 παντὸς
3300 5195 3508 5249 ὀλίσθου
3540 5197 3817 5268 κρείττους
3850 5215 3935 5267 γε-

2392 5292 2620 5361 νόμενοι.
2655 5288 2846 5361 Χώραν
2888 5289 2943 5341 δὲ
2975 5286 3185 5351 ζώντων
3210 5288 3303 5359 τὴν
3334 5290 3648 5358 ὲπουράνιόν
3673 5306 3805 5359 φησι
3844 5290 3932 5342 Ἱε-

2396 5380 2689 5453 ρουσαλὴμ,
2721 5380 2776 5432 ὲν
2869 5378 2918 5429 οί
2950 5378 3089 5431 κατὰ
3121 5378 3251 5432 Θεὸν
3277 5380 3670 5451 ἀγωνισάμενοι
3708 5380 3783 5443 ὡς
3822 5380 3933 5449 ep.-

2396 5489 2507 5525 στοι
2540 5470 2813 5540 νικηφόροι
2842 5468 3155 5523 ἀκούσονται
3182 5469 3259 5535 τὸ,
3290 5467 3398 5535 Εὖ,
3432 5469 3614 5525 δοῦλε
3636 5471 3815 5541 ἀταθὲ
3839 5469 3929 5524 καὶ

2396 5562 2583 5620 πιστέ.

2455 5810 2472 5829 ⁹
2505 5806 2586 5860 An
2621 5805 3023 5877 ἐπεστράφθαιῖ
3046 5805 3197 5861 Ευιτ.
