4126 6482
201 430 304 486 ΗΞ

547 540 852 596 ΨΑΛΜΟΣ
888 545 1046 598 PIE.
1065 543 1430 614 Ἁλληλούῐα.

276 622 669 695 Ἐπίστευσα,
708 631 798 686 διὸ
840 632 1133 702 ἐλάλησα.
1174 637 1453 708 Εἰρηκώς·
1491 639 1766 694 Ἐπίστευ-

199 735 283 783 σα,
313 718 398 773 διὸ
430 719 696 792 ἐλάλησα,
731 722 806 787 ὠς
837 725 1202 798 εὐαρεστήσας
1221 728 1298 797 τῷ
1329 730 1537 802 Κυρίῳ,
1567 730 1625 782 ὲν
1649 733 1766 794 ταῖς

198 807 306 861 ἄνω
335 812 784 883 παραγενόμενος
809 818 1012 885 μοναῖς,
1040 817 1202 889 φησίν
1223 835 1236 850 ·
1263 819 1338 884 ὼς
1364 821 1463 874 οὐκ
1485 821 1550 874 ἂν
1582 821 1766 874 τοῦτον

201 900 509 973 προσέφερε
544 903 636 956 τὸν
663 903 833 973 λόγον,
866 909 915 960 εί
964 908 1361 982 μὴ’θαρῤήσας
1405 906 1472 982 ἦν
1509 915 1628 976 ταῖς
1672 913 1766 966 τοῦ

199 987 328 1042 Θεοῦ
365 990 752 1060 ἐπαγγελίαις⁹
783 996 840 1048 αἱ
865 995 921 1049 δὲ
945 991 1084 1067 ἦσαν
1111 997 1290 1062 ἐλέους
1321 1001 1579 1070 γέμουσαι
1599 1018 1613 1032 ο
1643 1004 1769 1054 Ma-

201 1078 386 1148 ιιάριοι
420 1085 477 1136 ol
516 1085 827 1152 κλαίοντες
845 1087 978 1152 νῦν,
1009 1087 1096 1141 ὅτι
1115 1090 1283 1144 αὐτοὶ
1303 1090 1684 1160 χαρήσονται.
1704 1093 1768 1146 El

199 1171 253 1224 δὲ
282 1172 518 1244 πλήρεις
547 1171 687 1247 ἦσαν
714 1178 764 1230 οί
811 1178 1074 1250 ὀφθαλμοὶ
1101 1180 1366 1253 δακρύων,
1404 1181 1638 1252 δηλονότι
1669 1185 1769 1254 τὴν

200 1262 522 1330 ἀγαλλίασιν
553 1269 610 1320 ὲν
638 1269 871 1333 ἐκείναις
895 1271 1259 1342 ἀπολήψονται
1289 1276 1406 1336 ταῖς
1437 1278 1640 1344 μοναίς.
1659 1275 1767 1346 Τὴν

199 1352 252 1406 δὲ
307 1353 456 1421 λέξιν
501 1357 706 1430 ταύτην
763 1362 1056 1433 προσφέρει
1099 1363 1398 1435 Κορινθίοις
1455 1367 1484 1418 ὁ
1538 1365 1764 1432 Παῦλος,

203 1444 507 1514 Ἔχοντες,
537 1449 725 1516 εἰπὼν,
764 1451 831 1506 τὸ
877 1454 1022 1508 αὐτὸ
1077 1453 1310 1524 πνεῦμα
1352 1454 1460 1522 τῆς
1490 1458 1764 1523 πίστεως,

200 1537 344 1590 κατὰ
385 1538 482 1603 τὸ,
510 1541 884 1606 Ἐπίστευσα,
919 1544 1008 1598 διὸ
1059 1545 1352 1614 ἐλάλησα.
1387 1545 1611 1614 Καρδίᾳ
1655 1547 1766 1617 τὰρ

199 1632 544 1684 πιστεύεται
584 1633 671 1696 είς
714 1633 1135 1704 δικαιοσύνην·
1165 1636 1412 1706 στόματι
1449 1637 1517 1691 δὲ
1555 1640 1768 1706 ὁμολο-

201 1718 380 1788 γεῖται
427 1725 519 1790 εις
559 1727 882 1794 σωτηρίαν-ο
924 1726 1019 1780 καί
1055 1727 1223 1797 ἡμεῖς
1266 1730 1645 1800 πιστεύομεν,
1675 1729 1764 1784 διὸ

201 1813 293 1866 καί
341 1815 669 1884 λαλοῦμεν.
717 1816 940 1888 Πνεῦμα
991 1817 1220 1882 πίστεως
1267 1817 1460 1886 λέγων,
1505 1819 1622 1888 ἦτοι
1668 1817 1765 1889 τὴν

1345 431 1711 490 EXPOSITIO
1755 431 1818 487 IN
1860 431 2185 490 PSALMUM
2223 432 2377 492 CXV.

3315 435 3422 493 ιη

2240 547 2583 604 PSALMUS
2621 546 2714 603 XC
2732 547 2791 604 V.
2816 549 3064 604 Alleluia.

1938 636 2021 691 10.
2063 636 2276 692 Credidi
2302 645 2511 706 propter
2541 636 2676 706 quod
2705 636 2910 690 locutus
2947 651 3084 690 sum.
3125 632 3419 706 Postquam

1862 730 1997 784 dixit
2043 728 2307 783 :Creditli
2364 741 2581 799 propter
2630 727 2774 798 quod
2832 728 3041 783 locutus
3089 741 3233 792 sum,
3285 742 3420 782 cum

1865 818 2094 874 Domino
2130 819 2438 889 placuisset,
2483 820 2539 874 in
2574 819 2824 890 supernis
2865 818 3240 873 mansionibus
3283 834 3418 872 con-

1865 914 2104 976 stitutus,
2128 911 2202 964 ait
2237 929 2248 964 :
2286 926 2342 965 se
2377 927 2653 981 nunquam
2697 911 2881 966 istlnec
2923 911 3259 979 prolaturum
3291 908 3418 964 luis-

1864 1019 1956 1067 se,
2015 1002 2119 1057 nisi
2182 1001 2275 1058 Dei
2333 1002 2786 1073 promissionibus
2849 1002 3205 1065 conﬁdisset;
3263 1009 3420 1055 erant

1863 1106 2040 1151 autem
2080 1097 2182 1151 illa:
2229 1095 2606 1152 misericordia
2651 1095 2841 1165 plenae,
2875 1095 3100 1159 scilicet,
3133 1079 3286 1148 Beati
3326 1092 3417 1163 qui

1863 1205 2000 1242 nunc
2031 1189 2152 1258 ﬁent
2183 1190 2425 1258 quoniam
2451 1189 2552 1257 ipsi
2583 1187 2876 1257 gaudebunt
2907 1187 2975 1242 ³⁸.
3011 1185 3166 1252 Quod
3187 1185 3234 1241 si
3273 1184 3418 1240 oculi

1864 1279 2117 1351 lacrymis
2139 1278 2288 1334 fuere
2322 1278 2486 1349 pleni,
2509 1278 2762 1349 gaudium
2787 1293 2918 1332 sane
2948 1278 3001 1332 in
3034 1277 3140 1332 illis
3182 1276 3419 1330 mansio-

1865 1372 2024 1426 nibus
2052 1371 2350 1442 percepturi
2382 1381 2528 1426 sunt.
2560 1370 2674 1426 lloc
2695 1386 2856 1441 porro
2881 1370 3088 1424 dictum
3117 1367 3418 1423 Corinthiis

1869 1460 2070 1529 profert
2091 1459 2334 1516 Paulus:
2386 1459 2685 1521 Habentes,
2739 1459 2836 1520 ait,
2886 1456 3121 1512 eumdem
3170 1456 3418 1525 spiritum

1864 1551 2009 1619 ﬁdei,
2069 1552 2349 1605 secundum
2387 1551 2521 1604 illud
2550 1567 2568 1604 :
2604 1547 2840 1613 Credidi,
2867 1558 3075 1618 prspter
3109 1547 3248 1617 quod
3271 1547 3421 1600 locu-

1866 1653 1946 1696 tus
1973 1659 2106 1696 sum.
2132 1641 2298 1696 Corde
2312 1644 2446 1696 enim
2475 1642 2706 1695 creditur
2732 1642 2801 1694 ad
2821 1641 3088 1710 justitiam
3107 1656 3124 1693 :
3142 1655 3227 1693 ore
3245 1648 3419 1692 autem

1862 1735 2114 1803 confessio
2151 1734 2209 1801 ﬁt
2254 1735 2322 1787 ad
2355 1733 2578 1788 salutem
2605 1751 2623 1798 ;
2653 1743 2700 1786 et
2744 1749 2837 1785 nos
2890 1732 3170 1794 credimus,
3207 1740 3420 1798 propter

1863 1826 1999 1895 quod
2026 1835 2075 1880 et
2098 1825 2357 1896 loquimur
2381 1825 2445 1879 ".
2465 1824 2600 1880 Cum
2631 1835 2808 1878 autem
2831 1822 3083 1892 spiritum
3107 1821 3231 1876 ﬁdei
3261 1819 3413 1886 dicit,

201 1903 308 1969 ἕξιν
341 1907 446 1977 τὴν
477 1909 570 1960 ἀπ’
595 1910 762 1980 αὐτῆς
793 1911 1163 1982 ἑγγινομένην,
1197 1912 1312 1983 in
1336 1912 1762 1984 ἐπιχορηγούμε-

1867 1921 1956 1967 aut
1981 1913 2220 1984 ejusdem
2261 1913 2383 1968 tidei
2422 1913 2664 1968 habitum
2701 1911 2973 1982 intelligit,
3025 1917 3120 1964 aut
3162 1909 3416 1980 spiritum

202 2011 288 2048 νον
317 1998 383 2050 ἐκ
416 1999 554 2052 Θεοῦ
578 1999 656 2070 τῷ
684 2001 864 2055 πίστιν
886 2003 1058 2072 ἔχοντι
1083 2002 1314 2074 πνεῦμα.
1338 2005 1554 2076 Συνᾴδει
1582 2005 1637 2058 δὲ
1660 2004 1758 2075 τῷ·

215 2082 594 2152 Ἐπίστευσα,
622 2087 711 2140 διὸ
737 2089 1030 2158 ἐλάλησα,
1049 2091 1283 2146 τοιοῦτον
1301 2091 1393 2146 καὶ
1416 2093 1492 2146 τόο
1528 2091 1666 2147 Ἐὰν
1675 2091 1760 2162 μὴ

205 2177 588 2244 πιστεύσητε,
617 2177 742 2232 οὐδ’
767 2181 839 2233 οὐ
873 2179 958 2248 μὴ
995 2178 1247 2248 συνῆτε.
1278 2181 1497 2253 Πρῶτον
1525 2181 1763 2236 πιστεύει

204 2282 304 2333 τις,
345 2262 466 2320 εἶτα
496 2272 687 2335 συνιεῖ,
710 2273 802 2324 καὶ
828 2272 962 2342 μετὰ
983 2271 1152 2325 ταῦτα
1176 2272 1477 2326 λαλεῖ.”οτε
1504 2273 1581 2339 δὲ,
1607 2273 1762 2345 φησὶ,

206 2356 500 2422 πιστεύσας
521 2359 757 2432 ἐλάλησα
780 2362 1009 2432 μεγάλα,
1037 2363 1156 2416 τότε
1195 2363 1356 2435 μηδὲν
1389 2364 1620 2434 ἐμαυτὸν
1643 2363 1765 2417 ίδὼν

204 2447 603 2520 ὲταπεινώθην
627 2454 877 2522 σφόδρα.
915 2454 1163 2508 Τοιοῦτον
1191 2455 1251 2507 τὸ
1279 2455 1368 2508 τοῦ
1407 2455 1650 2509 Ἰωάννου
1677 2471 1766 2506 πε-

208 2539 258 2608 ρὶ
281 2541 375 2594 τοῦ
408 2543 582 2612 Ἰησοῦ
602 2562 614 2573 ·
646 2545 902 2598 Ἐκεῖνον
929 2545 1017 2599 δεῖ
1047 2546 1348 2611 αὐξάνειν,
1378 2545 1481 2616 ἐμὲ
1505 2545 1572 2598 δὲ
1595 2547 1765 2600 ἐλατ-

205 2631 470 2686 τοῦσθαι.
491 2635 808 2689 Ἦλαττοῦτο
853 2637 979 2708 γὰρ,
1026 2638 1124 2691 οὐκ
1168 2637 1452 2690 ἀποϐαλών
1497 2655 1547 2690 τι
1594 2633 1761 2708 οὗπερ

207 2716 313 2792 εἶχε
351 2724 610 2794 μεγέθους
633 2744 645 2756 ο
675 2727 1092 2800 ἀντιπαραθέσει
1125 2729 1180 2782 δὲ
1207 2729 1304 2800 τῆς
1337 2727 1457 2782 καθ’
1497 2727 1764 2800 ὑπεροχὴν

208 2812 440 2881 Χριστοῦ
461 2814 798 2880 διδασκαλίας
822 2819 914 2870 καὶ
940 2818 1226 2881 πολιτείας.
1246 2817 1402 2871 υῦτω
1421 2817 1514 2871 νῦν
1536 2818 1614 2879 τὸ,
1638 2819 1766 2870 ἐτα-

208 2903 518 2972 πεινώθην,
553 2905 614 2957 ού
649 2907 786 2958 κατὰ
818 2905 982 2975 ὕψους
1026 2906 1311 2978 ἀφαίρεσιν
1359 2903 1531 2970 εἷπεν,
1561 2906 1673 2960 ἀλλ’
1699 2908 1762 2960 ὲκ

208 2994 300 3064 τῆς
332 2994 573 3065 μείζονος
604 2995 636 3065 ἢ
661 2996 778 3049 καθ’
807 2997 993 3051 ἑαυτὸν
1023 2997 1272 3070 θεωρίας.

207 3085 496 3155 quamdam
563 3089 893 3146 celsitudinis
942 3107 1052 3147 suae
1094 3091 1476 3148 detractionem
1539 3091 1804 3162 intelligit,

211 3175 372 3230 nunc.

1862 2020 1927 2059 ex
1954 2003 2062 2060 Deo
2085 2005 2134 2060 ei
2165 2007 2257 2075 qui
2307 2003 2462 2059 tidem
2491 2005 2672 2070 habet,
2709 2005 2916 2059 datum.
2954 1999 3201 2058 Concinit
3239 2008 3419 2054 autem

1865 2097 1993 2152 huic
2015 2097 2156 2152 dicto
2189 2115 2202 2152 :
2237 2095 2448 2151 Credidi
2478 2107 2686 2166 propter
2714 2097 2850 2165 quod
2883 2095 3090 2149 locutus
3125 2110 3261 2156 sum,
3287 2087 3419 2145 illud

1864 2199 2076 2253 quoque
2096 2184 2296 2239 dictum
2331 2203 2342 2238 :
2383 2183 2505 2239 Nisi
2534 2185 2880 2247 credideritis,
2902 2199 3004 2237 non
3028 2181 3328 2253 intelligetis
3351 2179 3418 2231 ³⁸.

1865 2273 2102 2330 Primum
2131 2276 2254 2346 quis
2288 2276 2476 2341 credit,
2505 2288 2688 2347 postea
2726 2276 2993 2346 intelligit,
3021 2289 3085 2330 ac
3117 2273 3310 2329 deinde
3341 2272 3423 2326 Io-

1866 2366 2068 2434 quitur.
2129 2366 2266 2421 Cum
2328 2376 2532 2432 autem,
2585 2369 2781 2439 inquit,
2841 2377 3130 2438 postquam
3190 2362 3420 2426 credidi,

1868 2471 2062 2526 magna
2093 2455 2306 2512 locutus
2332 2473 2473 2523 sum,
2509 2467 2635 2514 tunc
2677 2459 2864 2512 videns
2899 2473 2985 2512 me
3024 2456 3156 2511 nihil
3183 2454 3426 2511 esse/ltu-

1866 2545 2105 2600 miliatus
2151 2563 2266 2600 sum
2313 2550 2488 2602 nimis.
2542 2550 2729 2604 Simile
2780 2557 2862 2603 est
2899 2547 3038 2602 illud
3081 2545 3305 2602 Joannis
3357 2545 3423 2596 de

1864 2635 1989 2691 Jesu
2039 2637 2309 2707 loquentis
2350 2659 2362 2693 :
2410 2639 2572 2694 Illum
2615 2650 2812 2709 oportet
2852 2654 3096 2702 crescere,
3144 2651 3222 2688 me
3251 2645 3424 2687 autem

1865 2727 2050 2780 minui.
2088 2729 2131 2759 ³³
2165 2728 2502 2785 Minuebatttr
2541 2732 2684 2784 enim
2731 2747 2836 2784 non
2883 2729 3024 2799 quod
3049 2727 3128 2782 vel
3153 2725 3421 2781 tantillum

1867 2819 2251 2885 magnitudinis
2281 2837 2392 2876 sua:
2431 2823 2695 2876 amitteret
2730 2839 2744 2887 ;
2780 2821 2874 2876 sed
2913 2823 2967 2875 in
3009 2817 3425 2889 comparatione

1865 2910 2331 2967 excellentissima:
2353 2913 2556 2968 Christi
2587 2911 2851 2967 doctrinm
2871 2927 2935 2965 ac
2967 2907 3420 2966 conversationis.

1865 2998 1940 3055 Ita
1961 3019 2176 3072 quoque
2195 3021 2337 3060 nunc
2357 3005 2822 3071 illud,humiliatus
2841 3021 2976 3069 sum,
2997 3019 3102 3058 non
3123 3001 3421 3058 secundum

1865 3096 1959 3149 sed
2007 3112 2071 3151 ex
2115 3099 2306 3168 majori
2346 3116 2508 3169 quam
2555 3116 2652 3170 pro
2714 3100 2968 3156 facultate
3010 3099 3130 3170 ejus
3180 3096 3428 3167 specula.

286 3265 433 3338 Ἐγὼ
466 3266 533 3322 δὲ
557 3265 693 3324 εἶπα
716 3269 785 3325 ἐν
816 3270 890 3340 τῇ
918 3271 1197 3327 ἐκστάσει
1224 3291 1343 3342 μου
1365 3289 1379 3304 °
1407 3272 1527 3338 Πᾶς
1555 3273 1768 3341 ἀνθρω-

1937 3271 2023 3325 H.
2065 3269 2178 3341 Ego
2218 3271 2328 3325 dixi
2358 3271 2409 3324 in
2452 3286 2663 3324 excessu
2703 3287 2814 3324 meo
2840 3287 2858 3324 :
2885 3269 3067 3326 Omnis
3097 3269 3249 3324 homo
3279 3285 3423 3323 men-

211 3373 320 3424 πος
363 3361 654 3430 ψεύστης.
688 3361 1000 3432 Γενόμενος,
1049 3363 1231 3434 φησὶν,
1280 3363 1418 3434 ὑπὲρ
1464 3363 1764 3434 ἄνθρωπον,

213 3451 386 3505 πάντα
408 3458 477 3506 τα
499 3453 810 3525 ἀνθρώπινα
831 3454 1166 3526 ὲξηυτέλισα,
1184 3453 1246 3506 Ἦ
1270 3455 1378 3526 γὰρ
1401 3453 1648 3518 ἔκστασις
1671 3454 1768 3524 τὴν

211 3539 490 3596 ἀλλοίωσιν
519 3544 788 3614 σημαίνει.
814 3545 1083 3620 Είρηκὼς,
1113 3547 1297 3616 φησὶν,
1325 3545 1400 3610 ὡς
1429 3544 1767 3614 Εὑαρεστή-

214 3649 296 3686 οω
324 3633 538 3702 Κψίῳ,
571 3631 684 3689 εἶτα
725 3636 900 3700 εἰδὼς,
939 3636 1012 3699 ὡς
1045 3637 1151 3699 πᾶς
1183 3635 1464 3706 ἄνθρωπος
1493 3635 1726 3706 ψεύστης
1751 3652 1764 3665 ·

215 3723 458 3794 λογισμοὶ
503 3725 610 3796 γὰρ
650 3727 943 3800 ἀνθρώπων
992 3727 1181 3779 δόλιοιο
1215 3727 1404 3779 τούτου
1447 3728 1605 3799 χάριν
1647 3729 1770 3781 ὲτα-

218 3814 428 3868 πείνουν
473 3817 662 3871 ἑαυτὸν
705 3820 798 3870 καὶ
850 3817 1301 3890 ἐπληραγιῦγουν
1350 3822 1466 3882 ταῖς
1525 3835 1769 3874 κακοπα-

216 3901 401 3969 θείαις,
443 3906 633 3976 μήπως
657 3907 754 3976 τῆς
775 3907 1026 3978 τοιαύτης
1052 3908 1266 3960 ὲκπὲσω
1301 3908 1559 3971 στάσεως.

289 3997 482 4066 Τίμιος
519 3998 792 4050 ἐναντίον
832 3997 1052 4068 Κυρίου
1087 4003 1120 4053 ό
1160 3999 1410 4066 θάνατος
1449 3997 1566 4052 τῶν
1590 4001 1774 4053 ὁσίων

216 4087 617 4159 αὑτοῦ.Ἀλλη,
657 4091 837 4160 φησιν,
878 4091 976 4144 οὐκ
1017 4092 1165 4144 ἔσται
1204 4095 1334 4162 ἡμῖν
1367 4091 1564 4164 ἀμοιϐὴ
1593 4086 1667 4145 ὧν
1700 4095 1774 4146 εί-

217 4179 464 4250 λὴφαμεν
495 4179 642 4252 παρὰ
672 4181 824 4246 Θεοῦ,
855 4182 888 4253 ἢ
931 4182 1068 4253 ὑπὲρ
1091 4182 1252 4236 αὑτοῦ
1279 4184 1561 4254 ὑπομεῖναι
1602 4183 1771 4237 θανα-

217 4288 322 4335 τον,
352 4273 444 4325 κα)⁵
471 4273 639 4347 ταύτῃ
672 4274 948 4344 μιμεῖσθαι
982 4274 1070 4326 τὸν
1113 4273 1315 4327 ἑαυτῶν
1345 4275 1635 4346 Δεσπότην.
1669 4272 1772 4329 Οὖ-

216 4379 299 4428 τος
346 4364 402 4418 δὲ
451 4364 508 4436 δὴ
555 4367 583 4417 ὁ
621 4365 846 4429 θάνατος
888 4364 1118 4418 καὶτῶν
1153 4365 1357 4439 σφόδρα
1399 4367 1591 4438 τιμίων
1623 4367 1772 4422 ἔσται

219 4455 366 4525 παρὰ
393 4453 530 4524 Θεῷ.

281 4539 352 4600 Ὦ
384 4543 578 4614 Κύριε,
620 4545 732 4615 ἐγιῦ
772 4545 990 4613 δοῦλος
1021 4548 1132 4612 σὸς
1157 4547 1254 4601 καὶ
1292 4548 1417 4615 υίὸς
1446 4548 1556 4618 τῆς
1579 4550 1772 4603 παιδί-

217 4650 370 4703 σκης
403 4649 536 4689 σου.
570 4635 792 4708 Θαρρὧ
839 4635 1020 4689 δοῦλον
1068 4638 1253 4691 ἑαυτὸν
1304 4635 1438 4692 εἷναί
1472 4658 1600 4711 φησι
1637 4642 1774 4695 κατὰ
1804 4619 1848 4674 D

218 4728 306 4781 τὸν
336 4726 629 4782 ἀπόστολον
651 4743 664 4757 °
694 4728 980 4797 παιδίσκης
1008 4728 1064 4782 δὲ
1085 4729 1217 4803 υἱὸν,
1249 4731 1346 4802 τῆς
1369 4732 1632 4803 προτέρας
1659 4735 1772 4786 είσ-

219 4820 438 4890 αγωγῆς
468 4819 566 4888 τῆς
592 4817 679 4872 διὰ
705 4819 870 4890 νόμου
899 4822 1083 4891 φησίν.

283 4909 601 4980 Δώρρηξας
649 4909 790 4977 τοὺς
836 4910 1095 4983 δεσμούς
1133 4929 1273 4982 μου.
1303 4913 1407 4966 Καὶ
1449 4916 1590 4978 τίνες
1615 4916 1662 4968 oi
1693 4915 1776 4970 δε-

224 5002 348 5072 σμοὶ
372 5001 406 5072 η
431 5003 480 5054 οί
509 5000 606 5072 τῆς
633 5002 923 5073 ἁμαρτίας,
951 5003 1090 5057 κατὰ
1114 5003 1175 5056 τὸ
1203 5004 1484 5076 εἰρημένον
1505 5023 1516 5036 ο
1550 5007 1774 5076 Σειραῖς

223 5092 330 5162 ’μὰρ
393 5093 608 5147 ἑαυτοῦ
649 5092 943 5163 αμαρτιῶν
989 5094 1241 5162 ἕκαστος
1280 5097 1620 5166 own-erat;
1674 5098 1774 5153 Σοί

224 5185 384 5238 θύσω
411 5184 630 5237 θυσίαν
653 5182 1054 5250 αίνέσεως.Ὢς
1101 5187 1158 5238 ὲν
1204 5191 1448 5258 προκοπῇ
1493 5189 1774 5260 γενόμενος

225 5275 318 5338 τὰς
358 5274 458 5346 μὲν
497 5274 564 5326 δι’
597 5275 840 5345 αἱμάτων
887 5282 1242 5348 παραιτεῖται,
1274 5278 1369 5342 τὰς
1415 5279 1470 5332 δὲ
1522 5281 1774 5343 αἰνέσεως

226 5366 488 5419 ὲπιτελείν
513 5365 939 5436 ἐπαγγέλλεται.⁸

297 5458 406 5522 Τὰς
431 5455 616 5526 εὐχάς
652 5475 770 5527 μου
808 5459 890 5526 τῷ
918 5459 1109 5529 Κυρίῳ
1133 5460 1437 5515 ἀποδώσω.
1465 5463 1640 5533 Εύχὰς
1679 5464 1774 5526 τὰς

230 5549 552 5618 ἐπαγγελίας
584 5549 734 5619 φησι.
762 5551 826 5603 Τί
856 5551 911 5604 δὲ
941 5552 1317 5623 ἐπηγγείλατο,
1352 5553 1408 5622 ἢ,
1435 5552 1494 5604 τὸ
1522 5555 1772 5625 ποτήριον

230 5638 316 5694 τοῦ
338 5640 542 5712 Κυρίου
574 5639 772 5707 λαδὼν,
803 5641 1170 5697 ἐπικαλεῖσθαι
1200 5642 1362 5697 αὑτοῦ
1387 5645 1445 5697 τὸ
1474 5643 1671 5715 δνομας
1709 5646 1770 5697 '0

1865 3363 1989 3416 dax.
2015 3361 2186 3433 Supra
2212 3362 2482 3416 hominem
2508 3363 2750 3425 ell‘ectns,
2770 3361 2963 3432 inquit,
2986 3363 3167 3417 omnia
3190 3362 3425 3416 humana

1866 3437 1991 3509 vilia
2037 3463 2090 3509 et
2133 3454 2341 3523 abjecta
2373 3467 2493 3508 esse
2519 3453 2668 3506 duxi.
2699 3451 2831 3505 Nam
2877 3468 3133 3507 excessus
3172 3453 3426 3506 immuta-

1869 3549 2066 3601 tionem
2099 3545 2382 3615 signillcat.
2415 3542 2701 3614 Postquam
2736 3542 3000 3608 dixeram,
3046 3543 3219 3612 inquit
3251 3560 3266 3599 :
3299 3541 3426 3596 Pla-

1868 3639 1986 3690 cebo
2021 3636 2262 3702 Domino,
2293 3636 2486 3691 deinde
2514 3635 2701 3689 videns
2733 3649 2949 3688 omnem
2977 3635 3247 3689 hominem
3277 3649 3428 3690 men-

1868 3728 2055 3782 dacem
2098 3743 2217 3783 esse
2261 3745 2274 3782 :
2321 3741 2441 3780 nam
2490 3725 2844 3794 cogitationes
2895 3725 3174 3779 hominum
3228 3725 3429 3781 dolosae

1870 3831 2034 3884 sunt;
2066 3819 2184 3872 ideo
2211 3817 2585 3886 mcmetipsum
2633 3815 3009 3882 humiliaham,
3043 3827 3095 3871 et
3128 3831 3215 3871 me
3251 3831 3428 3872 mace-

1870 3909 2169 3966 rationibus
2198 3907 2517 3978 aﬂligeham,
2553 3922 2616 3961 ne
2653 3907 2720 3961 ab
2746 3907 2836 3960 illo
2862 3915 3004 3960 statu
3033 3906 3318 3960 dilabercr.

1943 3998 2026 4051 15.
2071 3997 2311 4052 Pretiosa
2335 4001 2386 4051 in
2419 4007 2690 4066 conspectu
2718 3995 2928 4049 Domini
2953 4013 3090 4051 mors
3126 4007 3428 4053 sanctorum

1869 4090 2000 4159 ejus.
2030 4089 2169 4155 Alia,
2197 4089 2391 4158 inquit,
2427 4088 2729 4151 retributio,
2761 4087 2914 4142 nobis
2945 4104 3048 4142 non
3081 4089 3185 4141 erit
3207 4103 3306 4157 pro
3330 4089 3427 4143 bo-

1872 4183 1958 4236 nis
2001 4197 2119 4252 qua:
2168 4181 2474 4250 accepimus
2507 4196 2537 4234 a
2565 4179 2694 4243 Deo,
2727 4180 2827 4234 nisi
2858 4181 3002 4248 quod
3035 4195 3131 4249 pro
3164 4180 3254 4234 illo
3283 4195 3428 4235 ωσι-α

1872 4282 1976 4328 tem
2003 4274 2388 4336 sustineamus,
2420 4280 2580 4342 atque
2613 4271 2684 4324 ita
2715 4269 3001 4324 Dominum
3029 4280 3272 4324 nostrum
3306 4271 3428 4325 imi-

1872 4374 2066 4420 temur.
2095 4361 2219 4417 Haec
2269 4373 2446 4418 autem
2495 4378 2640 4418 mors
2686 4361 2836 4418 valde
2879 4363 3117 4433 pretiosa
3156 4363 3259 4418 erit
3286 4363 3426 4434 apud

1874 4453 2062 4509 Deum.

1908 4546 1910 4549 ’
1947 4546 2030 4602 16.
2075 4545 2119 4601 0
2141 4545 2375 4608 Domine,
2392 4561 2482 4615 ego
2503 4561 2677 4600 servus
2703 4553 2820 4597 tuus
2843 4554 2890 4598 et
2911 4544 3052 4612 ﬁlius
3070 4543 3278 4598 ancilla
3299 4554 3423 4600 tua.

1876 4640 2007 4696 Cum
2053 4640 2245 4693 ﬁducia
2294 4651 2414 4692 sese
2445 4651 2658 4692 servum
2691 4635 2840 4700 dicit,
2871 4635 3165 4689 secundum
3199 4634 3426 4702 Aposto-

1878 4731 1985 4785 lum
2016 4745 2030 4782 :
2065 4728 2272 4782 anciltze
2312 4734 2488 4781 autem
2516 4725 2708 4790 tilium,
2737 4723 2962 4794 loquens
2992 4721 3059 4778 de
3104 4723 3283 4794 priore
3325 4722 3428 4776 ini-

1877 4818 2095 4872 tiatione
2121 4830 2216 4886 per
2247 4814 2416 4885 legem
2447 4816 2605 4868 facta.

1949 4909 2034 4963 17.
2078 4908 2337 4976 Dirupisti
2386 4905 2591 4960 vincula
2636 4920 2769 4958 mea.
2803 4902 2868 4956 Et
2903 4917 3023 4973 qua
3053 4901 3286 4966 vincula,
3320 4902 3424 4958 nisi

1878 5000 2100 5070 peccati,
2127 4998 2280 5067 juxta
2306 4998 2506 5052 dictum
2540 4997 2669 5050 illud
2696 5013 2710 5049 :
2755 4993 2984 5048 Vinculis
3023 4995 3158 5048 enim
3189 5003 3424 5063 peccato-

1879 5109 1994 5145 rum
2019 5106 2232 5145 suorum
2259 5090 2604 5159 unusquisque
2627 5089 2997 5158 constringitur
3013 5086 3081 5138 “1'
3109 5085 3222 5140 Tibi
3260 5088 3426 5140 sacri-

1875 5184 2040 5252 ﬁcabo
2091 5182 2314 5236 hostiam
2353 5179 2545 5232 laudis.
2585 5177 2748 5244 Quasi
2781 5179 2833 5231 in
2866 5175 3105 5247 profectu
3136 5187 3189 5230 et
3224 5175 3430 5245 majore

1875 5273 2217 5344 perfectione,
2248 5271 2508 5327 sacriﬁcia
2540 5286 2633 5340 per
2657 5269 2971 5339 sanguinem
2996 5277 3226 5334 recusat,
3259 5267 3428 5322 sam-io

1876 5365 1994 5420 licia
2032 5378 2160 5419 vero
2191 5363 2363 5418 laudis
2394 5362 2696 5417 oblaturum
2725 5377 2783 5416 se
2806 5359 3089 5431 promittit.

1947 5456 2031 5510 17.
2085 5455 2213 5510 Vota
2245 5472 2357 5509 mea
2385 5455 2606 5510 Domino
2640 5454 2874 5509 reddam.
2911 5453 3066 5519 Vota,
3094 5452 3145 5505 id
3185 5459 3266 5507 cst
3298 5466 3424 5521 pro-

1878 5548 2182 5605 missiones.
2208 5546 2346 5613 Quid
2388 5556 2564 5602 autem
2595 5546 2860 5617 promisit,
2897 5545 3000 5599 nisi
3031 5545 3172 5615 quod
3207 5552 3425 5614 accepto

1878 5641 2042 5699 calice
2069 5639 2300 5706 Domini,
2326 5640 2669 5696 invocaturus
2695 5649 2838 5695 esset
2862 5652 3057 5693 nomen
3090 5637 3239 5707 ejus?
3267 5634 3421 5704 Quod

301 5815 344 5848 ⁸⁸
369 5815 558 5871 Matth.
589 5831 640 5880 ν,
667 5817 715 5870 5.
794 5816 902 5886 “ll
928 5819 1049 5875 Cor.
1087 5835 1158 5886 tv,
1200 5818 1284 5888 1'5;
1318 5817 1470 5874 Rom.
1509 5835 1561 5883 κ,
1600 5817 1680 5875 ιο.
1726 5819 1766 5852 ⁸³

1867 5832 1906 5876 ι.
1936 5832 2030 5882 vn,
2053 5815 2106 5874 9.
2177 5816 2221 5849 ⁸⁸
2258 5813 2412 5871 Joan.
2440 5830 2522 5884 nt,
2554 5815 2605 5870 5.
2686 5815 2726 5846 ”
2767 5811 2920 5868 Prov.
2954 5828 3006 5875 ν,
3047 5809 3134 5865 τε.
