4126 6482
695 432 797 488 A75

1572 425 1631 481 S.
1667 425 2039 481 ATllANASll
2075 425 2225 482 OPP.
2268 425 2445 480 PARS
2484 424 2568 480 Ill.
2609 456 2679 466 —
2713 423 3116 482 EXEGETICA.

3815 432 3916 489 ‘76

695 553 912 612 tactam,
947 544 1137 614 inquit,
1171 559 1294 599 cum
1342 543 1395 598 in
1429 543 1624 598 divinis
1648 545 1788 599 aulis
1815 561 1940 612 ero;
1974 546 2024 600 id
2055 555 2137 602 est
2192 546 2244 600 in

2360 545 2440 598 καὶ
2471 545 2696 615 ποιήσω,
2729 544 2912 615 φησὶν,
2948 544 3162 598 ἐπειδὰν
3193 545 3249 596 ἐν
3279 547 3398 609 ταῖς
3431 545 3806 614 θείαι;.αὺλαῖς
3830 569 3922 619 τε-

695 636 936 691 Ecclesia
975 635 1196 702 Christi,
1232 635 1316 689 vel
1345 636 1396 689 in
1432 651 1665 705 superna
1691 634 2007 692 Jerusalem.

1042 817 1289 870 Alleluia.
1332 815 1668 871 PSALMUS
1706 816 1909 872 CXVI.

766 908 816 970 l,
848 907 903 962 2.
946 907 1182 961 Laudate
1209 907 1511 974 Dominum,
1537 925 1710 962 onmes
1743 921 1980 979 gentes...
2011 912 2257 980 quoniam

695 1000 1007 1067 conﬁrmata
1028 1009 1104 1052 est
1133 1015 1288 1068 super
1315 1016 1405 1053 nos
1436 1001 1796 1054 misericordia
1823 1001 2254 1074 ejus.Nunquam

695 1102 879 1160 gentes
931 1095 1090 1146 talem
1143 1094 1491 1148 mutationem
1538 1095 1744 1163 experti
1776 1094 2023 1161 fuissent,
2061 1096 2252 1165 inquit,

696 1183 802 1238 nisi
849 1185 1085 1252 peccatis
1143 1186 1342 1239 nostris
1393 1187 1620 1240 validior
1658 1186 1846 1241 luisset
1889 1189 2254 1244 misericordia

695 1273 810 1330 Dei.
843 1274 913 1328 Et
937 1277 1126 1329 veritas
1152 1275 1362 1331 Domini
1409 1286 1580 1331 manet
1619 1279 1668 1332 in
1710 1288 1980 1335 aeternum.
2016 1279 2253 1336 Salutem

694 1364 840 1417 enim
872 1364 1018 1419 dedit
1045 1381 1205 1435 quam
1233 1381 1326 1436 per
1349 1377 1566 1422 sanctos
1591 1369 1877 1437 prOphetas
1916 1371 2253 1438 promiserat.

697 1453 752 1508 ld
800 1464 853 1510 et
893 1455 1081 1513 beatus
1113 1457 1334 1525 Paulus,
1361 1460 1578 1514 ordiens
1613 1460 1820 1516 litteras
1854 1461 1923 1516 ad
1957 1461 2253 1531 Romanos,

695 1544 771 1598 ait
804 1560 820 1600 :
857 1545 1057 1602 Paulus
1099 1567 1274 1604 servus
1307 1549 1432 1604 Jcsu
1475 1552 1691 1615 Christi,
1718 1563 1925 1608 vocatus
1953 1555 2253 1624 Apostolus,

693 1648 991 1706 segregatus
1025 1641 1078 1693 in
1108 1639 1442 1711 Evangelium
1475 1639 1590 1708 Dei,
1621 1644 1756 1711 quod
1792 1655 1913 1698 ante
1947 1648 2256 1714 promiserat

695 1742 785 1795 per
804 1730 1080 1798 prop/tetas
1102 1747 1222 1784 suos
1252 1732 1306 1784 in
1328 1732 1618 1800 Scripturis
1647 1735 1840 1788 sanctis
1861 1735 1924 1788 ".
1943 1734 2212 1792 Etiterutn
2240 1756 2253 1792 :

697 1817 826 1873 Dico
856 1820 1123 1875 Christum
1147 1821 1331 1877 Iesum
1360 1825 1657 1878 ministrum
1694 1826 1856 1895 fuisse
1896 1830 2254 1886 circumcisio-

2357 636 2545 705 νοίμην
2565 652 2582 665 ο
2619 636 2717 706 τὴν
2755 635 3074 707 Ἐκκλησίαν
3118 636 3376 707 Χριστοῦ,
3409 637 3442 708 ἢ
3471 637 3568 710 τὴν
3601 641 3923 713 ἐπουράνιον

2369 729 2532 800 Ἱερου
2542 729 2670 799 σαλή
2680 747 2738 798 μ.

2673 820 3040 886 Ἀλληλούτα.
3079 822 3384 875 suum}:
3415 821 3589 890 qu'.

2426 912 2650 965 Αἰνεῖτε
2681 912 2786 965 τὸν
2826 911 3064 980 Κύριον,
3092 912 3285 969 πάντα
3319 915 3388 967 τὰ
3410 916 3621 982 ἔθνη...
3641 915 3732 970 ὅτι
3753 917 3926 983 ἐκρα-

2357 1003 2568 1072 ταιώθη
2619 1005 2684 1058 τὸ
2734 1005 2905 1070 ἔλεος
2949 1004 3133 1058 αὑτοῦ
3172 1005 3265 1074 ἐφ’
3300 1004 3475 1075 ἡμᾶς.
3505 1008 3618 1060 Οὐκ
3647 1007 3735 1071 ἂν,
3768 1009 3922 1076 φησὶ,

2355 1099 2453 1168 τῆς
2483 1097 2737 1168 τοιαύτης
2767 1097 3064 1168 μεταϐολῆς
3086 1096 3344 1168 ἐτύγχανε
3371 1097 3438 1150 τὰ
3466 1097 3614 1168 ἔθνη,
3639 1100 3685 1151 εἰ
3711 1098 3790 1169 μὴ
3808 1101 3928 1150 ἐπι-

2357 1187 2716 1258 κρατέστερον
2749 1187 2854 1241 τῶν
2887 1189 3166 1260 ἡμετέρων
3213 1191 3491 1262 ἁμαρτιῶν
3525 1191 3587 1244 τὸ
3615 1191 3763 1256 ἔλεος
3808 1191 3928 1260 ἐγέ-

2356 1294 2475 1330 νετο
2500 1277 2592 1329 τοῦ
2620 1276 2773 1330 Θεοῦ.
2804 1275 2912 1334 Καὶ
2937 1279 2974 1344 η
2999 1277 3244 1347 ἀλήθεια
3272 1279 3492 1347 Κυρίου
3512 1280 3679 1349 μένει
3706 1283 3794 1346 είς
3821 1280 3928 1334 τὸν

2355 1367 2574 1420 αιῶνα·
2605 1370 2670 1439 ἢν
2697 1367 2805 1439 γὰρ
2834 1368 2919 1422 διὰ
2965 1370 3073 1422 τῶν
3119 1370 3288 1438 ἁγίων
3325 1371 3617 1441 προφητῶν
3659 1371 3928 1441 ὑπέσχετο

2355 1459 2552 1512 δέδωκε
2581 1459 2870 1531 σωτηρίαν.
2889 1459 3054 1512 Τοῦτο
3085 1461 3178 1513 καὶ
3205 1463 3232 1514 ὁ
3264 1463 3530 1533 μακάριος
3553 1462 3788 1528 Παῦλος,
3816 1463 3926 1516 τῶν

2357 1551 2492 1622 πρὸς
2544 1552 2844 1622 Ῥωμαίους
2902 1553 3240 1622 γραμμάτων
3291 1551 3625 1623 ἀρξάμενοςο
3682 1551 3927 1616 Παῦλος

2357 1643 2574 1709 δοῦλος
2611 1643 2803 1710 Ἰησοῦ
2845 1642 3122 1711 Χριστοῦ,
3154 1644 3368 1710 κλητὸς
3410 1645 3775 1710 ἀπόστολος,
3814 1645 3926 1712 d5:-

2357 1735 2679 1803 ωρισμένος
2699 1737 2784 1800 εὶς
2799 1735 3164 1804 Εὑαγγέλιον
3190 1735 3356 1799 Θεοῦ,
3373 1735 3403 1788 ὃ
3419 1737 3928 1806 προεπηγγείλατο

2358 1825 2454 1878 διὰ
2476 1824 2592 1879 τῶν
2620 1825 2936 1895 προφητῶν
2960 1827 3142 1880 αὐτοῦ
3170 1827 3240 1879 ἐν
3267 1826 3531 1896 ι“ραφαῖς
3574 1829 3770 1897 ἁγίαις
3788 1845 3804 1860 ο
3835 1828 3930 1882 καὶ

695 1911 777 1963 nis
807 1922 1018 1980 propter
1061 1915 1332 1968 veritatem
1371 1913 1484 1980 Dei,
1516 1915 1584 1969 ad
1619 1918 2007 1986 conﬁrmandos
2033 1925 2260 1991 promis-

2362 1917 2522 1970 πάλιν
2549 1917 2605 1970 δέ
2629 1935 2643 1948 ο
2677 1917 2837 1987 Λέγω
2876 1916 3133 1985 Χριστὸν
3160 1915 3393 1983 Ἰησοῦν
3438 1917 3720 1971 διάκονον
3761 1916 3926 1986 me-

695 2002 865 2054 siones
889 2011 1098 2068 patrum
1126 2019 1143 2056 :
1171 2013 1346 2073 gentes
1383 2015 1554 2059 autem
1590 2023 1744 2076 super
1774 2010 2131 2065 misericordia
2170 2013 2264 2066 Ito-

695 2108 886 2146 norare
922 2093 1086 2148 Deum
1105 2096 1171 2149 ³⁸.
1219 2094 1448 2160 Quando
1493 2087 1658 2168 igitur
1704 2099 2075 2156 universorum
2122 2103 2264 2160 Deus

696 2183 939 2254 implevit
979 2187 1390 2256 promissiones,
1419 2199 1475 2246 et
1525 2192 1753 2247 Salutem
1799 2209 1961 2262 quam
1994 2194 2264 2263 pollicitus

694 2289 778 2332 cst
803 2280 971 2345 dedit,
1001 2295 1065 2334 ae
1107 2282 1493 2338 misericordia:
1537 2282 1712 2340 fontes
1739 2287 1949 2355 aperuit
1976 2287 2260 2353 omnibus;

694 2379 749 2424 et
795 2385 890 2426 vos
932 2373 1025 2442 qui
1071 2389 1135 2428 ex
1183 2373 1383 2431 Iudaeis
1430 2377 1789 2446 proccssistis,
1822 2388 1878 2432 et
1919 2395 2016 2434 vos
2064 2380 2156 2449 qui
2196 2396 2262 2436 ex

697 2462 948 2532 gentibus
977 2465 1306 2533 credidistis,
1336 2470 1631 2526 concordes
1662 2471 1890 2540 hymnos
1915 2473 2267 2528 commiscen-

695 2561 799 2620 tes,
833 2554 1072 2612 benellco
1102 2560 1272 2614 vicem
1307 2559 1536 2615 reddite.

1027 2815 1275 2871 Alleluia.
1321 2819 1654 2879 PSALHUS
1693 2823 1936 2882 CXVII.

1281 2914 1676 2983 Argumentum.

698 2990 930 3050 Docetur
950 3014 1123 3054 novus
1146 3004 1378 3070 populus
1400 3007 1733 3075 compositus
1757 3025 1822 3064 ex
1847 3008 2048 3067 Judaeis
2069 3020 2123 3067 et
2144 3027 2271 3082 gen-

765 3087 930 3154 tibus,
964 3107 1132 3145 unum
1157 3093 1334 3148 solum
1363 3106 1614 3164 oportere
1636 3101 2014 3158 auxiliatorem
2053 3104 2270 3162 invoca-

2364 2013 2498 2064 σθαι
2545 2007 2862 2077 περιτομῆς
2901 2008 3051 2077 ὑπὲρ
3083 2009 3363 2076 ἀληθείας
3405 2009 3571 2074 Θεοῦ,
3596 2011 3684 2075 εἰς
3721 2010 3787 2062 τὸ
3824 2011 3930 2072 ,βε-

2364 2100 2604 2154 ϐαιῶσαι
2631 2101 2735 2166 τὰς
2753 2102 3110 2170 ἐπαγγελίας
3129 2100 3244 2154 τῶν
3270 2100 3537 2169 πατέρων
3556 2117 3570 2131 °
3600 2100 3673 2155 τὰ
3693 2100 3762 2153 δὲ
3784 2100 3924 2167 ἔθνη

2362 2189 2512 2257 ὑπὲρ
2541 2190 2748 2255 ἐλέους
2775 2189 3025 2254 δοξάσαι
3062 2191 3166 2244 τὸν
3195 2193 3361 2244 Θεῶν.
3380 2189 3596 2263 Ἐπειδὴ
3624 2191 3806 2244 τοίνυν
3835 2207 3934 2242 πε-

2364 2282 2618 2353 πλήρωκε
2663 2281 2761 2344 τὰς
2808 2281 3124 2351 ὑποσχέσεις
3170 2284 3198 2335 ὁ
3241 2282 3348 2335 τῶν
3386 2283 3520 2336 ὅλων
3551 2282 3702 2346 Θεὸς,
3736 2283 3832 2335 καὶ
3861 2284 3925 2352 ἦν

2364 2375 2626 2445 ὑπέσχετο
2671 2374 2866 2428 δέδωκε
2911 2375 3202 2446 σωτηρίαν,
3230 2375 3322 2428 καὶ
3361 2374 3594 2446 ἀνέῳξεν
3625 2377 3797 2429 ἅπασι
3830 2375 3929 2439 τὰς

2361 2469 2454 2522 τοῦ
2484 2469 2664 2532 ἐλέους
2695 2469 2894 2538 πηγὰς,
2916 2468 3010 2520 καὶ
3042 2469 3196 2538 ὑμεῖς
3223 2470 3271 2521 οί
3290 2468 3348 2535 ἐξ
3377 2468 3643 2521 Ἰουδαίων
3671 2467 3930 2539 προσελη-

2362 2560 2598 2624 λυθὸτες,
2639 2560 2730 2614 καὶ
2764 2561 2918 2630 ὑμεῖς
2942 2559 2990 2613 οἱ
3023 2558 3082 2624 ἐξ
3117 2559 3282 2613 ἐθνῶν
3315 2559 3756 2623 πεπιστευκᾶτες,
3791 2559 3929 2630 σύμ-

2364 2671 2537 2724 φωνον
2582 2653 2854 2724 ὑμνῳδίαν
2903 2653 3252 2723 κεράσαντες,
3290 2653 3720 2724 τδνιεύεργέτην
3768 2651 3928 2723 ἀμεί-

2363 2745 2554 2815 ψασθε.

2699 2837 3060 2904 Ἁλληλούτα.
3111 2839 3414 2892 ΨΑΛΜΟΣ
3450 2837 3606 2890 PIZ'.

2984 2929 3305 2996 Ὑπόθεσις.

2364 3021 2676 3074 Διδάσκεται
2703 3022 2731 3073 ὁ
2752 3020 2869 3083 νέος
2899 3020 3025 3083 λαὸς
3056 3019 3084 3071 ὁ
3115 3018 3456 3090 συνεστηκὼς
3485 3019 3546 3072 ἐκ
3569 3037 3626 3073 τε
3658 3020 3928 3074 Ἰουδαίων

2436 3112 2528 3164 καὶ
2547 3111 2655 3164 τῶν
2683 3111 2870 3174 ἐθνῶν,
2899 3111 2974 3174 ὡς
2997 3110 3092 3164 ἕνα
3120 3111 3276 3181 μόνον
3300 3110 3380 3163 δεῖ
3400 3109 3776 3164 ἐπικαλεῖσθαι
3801 3111 3928 3182 βοη-

763 3193 844 3241 re,
878 3181 1055 3249 ipsum
1091 3185 1298 3240 scilicet
1327 3189 1472 3256 quod
1515 3189 1809 3248 humanam
1861 3198 2157 3267 assumpsit
2181 3215 2263 3262 na.

2439 3203 2552 3268 θὺν,
2587 3203 2748 3256 αὑτὸν
2785 3202 2874 3254 τὸν
2904 3203 3396 3273 ἐνανθρωπήσαντα
3433 3202 3525 3255 τοῦ
3557 3202 3693 3256 Θεοῦ
3737 3181 3929 3271 Λόγον,

765 3279 940 3326 turam
989 3273 1083 3330 Dei
1131 3275 1388 3345 Verbum,
1421 3291 1582 3353 atque
1635 3300 1702 3338 ex
1748 3287 1868 3355 ipso
1916 3288 1971 3344 in
2025 3297 2266 3358 tempore

765 3368 1160 3432 persecutionis
1216 3373 1476 3427 auxilium
1530 3389 1692 3431 omne
1734 3394 1996 3448 querere,
2061 3382 2266 3437 scilicet

764 3469 920 3522 opem
951 3472 1016 3511 ex
1043 3459 1179 3513 cado
1203 3461 1425 3515 missam
1459 3481 1470 3516 :
1503 3462 1712 3533 ipsique
1743 3463 1941 3520 referre
1968 3467 2262 3536 gratiarum

763 3546 1006 3602 actiones
1039 3564 1138 3617 pro
1168 3550 1413 3616 victoria,
1447 3563 1609 3624 atque
1657 3556 1726 3610 ab
1761 3556 1878 3626 ipso
1913 3557 2025 3612 vias
2054 3558 2266 3614 virtutis

766 3644 949 3704 petere
980 3656 994 3692 :
1030 3647 1084 3694 et
1126 3642 1193 3696 ad
1239 3642 1352 3699 haec
1393 3647 1598 3709 omnia,
1642 3648 1885 3703 conﬁteri
1915 3647 2142 3704 Domino
2171 3652 2264 3722 qui

768 3728 1084 3783 nonnnatur
1109 3731 1245 3801 lapis
1271 3752 1284 3788 :
1311 3735 1631 3804 reprobatus
1659 3738 1876 3808 quidem
1908 3740 1975 3794 ab
2002 3742 2265 3798 a3dilican-

768 3817 932 3882 tibus,
965 3821 1062 3875 sed
1095 3821 1269 3878 lactus
1308 3823 1362 3877 in
1402 3838 1568 3895 caput
1603 3829 1806 3896 anguli.

768 3907 885 3962 1-4.
920 3908 1252 3981 Conﬁtemini
1280 3913 1524 3980 Domino,
1542 3919 1786 3987 quoniam
1810 3920 1992 3986 bonus,
2018 3927 2264 3994 quoniam

701 3999 754 4052 in
781 4001 1033 4055 scculum
1066 4005 1427 4060 misericordia
1450 4007 1584 4076 ejus.
1613 4008 1767 4063 Dicat
1793 4028 1930 4065 nunc
1956 4013 2142 4070 domus
2175 4014 2262 4070 Is-

703 4092 833 4148 rael.
859 4091 1010 4163 Ipsos
1043 4096 1250 4165 priores
1283 4099 1677 4156 confessionem
1714 4103 1851 4158 inire
1876 4105 2050 4175 jubet,
2081 4117 2266 4177 utpote

702 4186 793 4254 qui
819 4185 975 4254 primi
1000 4191 1174 4243 vocati
1200 4188 1397 4245 fuerint
1417 4208 1511 4262 per
1537 4195 1896 4264 evangelicam
1927 4199 2265 4268 praedicatio-

704 4293 849 4333 nem.

772 4368 890 4423 5-9.
938 4368 1009 4422 De
1029 4371 1368 4428 tribulatione
1391 4373 1632 4428 invocavi
1665 4375 1966 4442 Dominum,
1990 4381 2266 4434 etexaudi-

701 4469 775 4522 uit
825 4487 904 4523 me
940 4471 992 4523 in
1033 4466 1332 4523 latitudine.
1372 4466 1488 4520 Duo
1539 4467 1697 4522 docet
1732 4468 1819 4522 hie
1862 4485 2072 4534 versus,
2118 4472 2262 4542 quod

2437 3297 2530 3352 καὶ
2554 3296 2612 3361 ἐξ
2638 3295 2801 3350 αὐτοῦ
2825 3297 2880 3348 ὲν
2911 3294 3085 3365 καιρῷ
3105 3295 3341 3365 διωγμοῦ
3370 3295 3466 3366 τὴν
3491 3295 3811 3366 ἐπικουρίαν
3836 3295 3930 3365 ζη-

2433 3393 2541 3443 τεῖν
2574 3391 2771 3450 πᾶσαν,
2811 3389 2906 3458 τὴν
2933 3387 2990 3451 ἐξ
3013 3385 3239 3456 ούρανοῦ
3272 3387 3786 3459 παραπεμπομένην
3817 3387 3933 3458 poi,-

2434 3481 2582 3534 θειαν
2599 3497 2611 3510 ο
2640 3479 2787 3550 αὐτῷ
2810 3495 2867 3532 τε
2896 3479 3181 3550 ἀναφέρειν
3200 3477 3298 3549 τῆς
3318 3477 3472 3549 νίκης
3495 3476 3562 3530 τὰ
3580 3481 3928 3550 χαριστήριαο

2436 3574 2601 3626 αἰτεῖν
2633 3589 2692 3624 τε
2719 3573 2814 3635 τὰς
2835 3570 2924 3624 διὰ
2953 3570 3061 3624 τῶν
3089 3570 3297 3642 ἀρετῶν
3320 3569 3490 3633 ὀδοὺς,
3521 3571 3614 3623 καὶ
3649 3570 3787 3643 πρὸς
3815 3570 3933 3624 τού-

2439 3680 2549 3726 τοις
2580 3662 2782 3716 ἅπασιν
2811 3661 3240 3734 ἐξομολογεῖσθαι
3268 3660 3345 3732 τῷ
3376 3663 3564 3732 Κυρίῳ
3609 3661 3687 3732 τῷ
3730 3662 3929 3733 ὀνομαο

2435 3754 2643 3825 ζομένῳ
2681 3753 2843 3824 λίθῳ·
2877 3751 3309 3823 ἁπηγορευμένῳ
3340 3752 3435 3822 μὲν
3474 3753 3623 3822 παρὰ
3655 3752 3764 3806 τῶν
3793 3755 3934 3807 οἱκο-

2433 3845 2631 3914 δόμων,
2666 3842 2940 3913 γενομένῳ
2971 3843 3026 3895 δὲ
3056 3845 3138 3906 είς
3170 3843 3409 3913 κεφαλὴν
3435 3842 3652 3911 γωνίας.

2445 3935 2922 4006 Ἐξομολογεῗσθε
2961 3933 3039 4000 τῷ
3079 3933 3293 4002 Κιιρίῳ,
3335 3933 3422 3987 ὅτι
3462 3933 3702 4004 ἀγαθὸς,
3731 3935 3821 3988 ὅτι
3851 3937 3935 4000 εἰς

2363 4028 2468 4081 τὸν
2509 4026 2693 4081 αἰῶνα
2737 4027 2804 4081 τὸ
2845 4026 3013 4093 ἕλεος
3087 4025 3290 4080 αὐτοῦ.
3361 4025 3594 4081 Εὶπάτω
3641 4025 3719 4094 δὴ
3773 4023 3933 4093 οἶκος

2375 4118 2628 4187 Ἰσραήλ.
2646 4119 2691 4171 Π
2700 4117 2900 4190 ρώτους
2911 4118 3104 4181 αὐτοὺς
3117 4117 3216 4180 τῆς
3232 4116 3518 4188 ὲξομολογή
3526 4133 3660 4180 σεως
3670 4119 3804 4189 ἄρχε
3813 4117 3933 4171 σθαι

2364 4206 2812 4279 παρακελεύεται,
2862 4207 2955 4259 ἆτε
3003 4204 3250 4276 πρώτους
3290 4205 3652 4276 κεκλημένους
3704 4206 3794 4260 διὰ
3839 4207 3931 4262 τοῦ

2363 4295 2715 4366 εὐαγγελικοῦ
2745 4294 3117 4366 κηρύγματος.

2445 4386 2539 4438 Ἐκ
2592 4385 2851 4453 θλίψεως
2897 4381 3360 4452 ἑπεκαλεσάμην
3408 4381 3514 4434 τὸν
3563 4378 3809 4448 Κύριον,
3837 4379 3932 4433 καὶ

2363 4477 2668 4543 ἐπήκουσέ
2693 4493 2811 4546 μου
2833 4479 2920 4541 είς
2948 4477 3320 4544 πλατυσμόν.
3351 4474 3454 4526 Δύο
3481 4473 3768 4527 διδάσκειὸ
3796 4490 3934 4544 παρ⁴

702 4556 1080 4611 tribulationes
1105 4549 1300 4610 habere
1323 4556 1550 4611 debeant
1575 4558 1667 4626 qui
1689 4559 1951 4612 accedunt
1977 4561 2041 4614 ad
2067 4561 2221 4616 tidem
2249 4582 2261 4618 :

2366 4568 2440 4621 ὼν
2472 4567 2672 4638 στίχος,
2711 4567 2786 4629 ὡς
2820 4566 2914 4619 καὶ
2941 4565 3168 4636 θλίψεως
3195 4565 3334 4635 ἔχειν
3370 4564 3451 4617 δεῖ
3479 4565 3605 4627 τοὺς
3637 4581 3935 4637 προσερχο-

698 4648 853 4717 juxta
885 4648 1014 4703 illud
1040 4647 1286 4701 :Accedis
1307 4647 1376 4699 ad
1400 4648 1723 4701 serviendum
1746 4649 1993 4716 Domino,
2023 4668 2263 4722 pra'para

2370 4659 2560 4730 μένους
2585 4662 2650 4730 τῇ
2683 4659 2881 4723 πίστει,
2910 4657 3049 4713 κατὰ
3068 4657 3148 4720 τὸ,
3177 4661 3484 4725 Ιιροσερχη
3511 4655 3827 4710 δουλεύειν
3858 4655 3935 4721 τῷ

703 4741 936 4792 animam
973 4749 1118 4791 tuam
1159 4739 1227 4791 ad
1261 4739 1675 4792 tentationem".
1711 4738 1776 4793 Et
1800 4741 1944 4809 quod
1992 4741 2039 4796 is
2087 4743 2180 4813 qui
2211 4743 2263 4798 in

2369 4751 2581 4820 Κυρίῳ,
2613 4752 2930 4822 ἑτοίμασον
2959 4750 3070 4818 τὴν
3094 4749 3303 4818 ψυχήν
3326 4763 3442 4803 σου
3463 4750 3549 4814 εὶς
3577 4750 3930 4817 πειρασμόν.

702 4831 964 4887 aerumnis
1001 4840 1272 4896 versatur,
1304 4846 1412 4886 non
1446 4831 1611 4886 alium
1639 4831 2147 4903 debeatadjutorem
2184 4836 2263 4890 in-

2368 4845 2477 4898 Kai
2509 4845 2817 4915 θλιϐόμενον
2850 4844 2923 4915 μὴ
2948 4844 3132 4915 ἓτερον
3157 4841 3531 4895 ἐπικαλεῖσθαι
3561 4840 3753 4911 βοηθὸν
3780 4841 3814 4911 ἢ
3842 4841 3934 4892 αὖα

702 4937 901 4978 vocare
944 4937 1108 4992 quam
1146 4921 1322 4991 ipsum
1373 4921 1684 4987 Dominum,
1715 4920 1809 4994 qui
1864 4925 2261 4982 tribulationem

2366 4935 2457 4990 τὸν
2491 4937 2582 4990 τὸν
2613 4935 2837 5007 Κύριον,
2866 4935 2923 4998 ὃς
2953 4935 3046 4989 καὶ
3067 4936 3164 5004 τὴν
3203 4933 3378 5003 θλίψιν
3404 4932 3560 5003 ἡμῶν
3584 4934 3662 4995 εἰς
3691 4933 3935 5004 εὐρυχωο

704 5028 947 5068 nostram
980 5015 1034 5068 in
1068 5012 1409 5068 latitudinem
1441 5028 1690 5084 magnam
1739 5014 1973 5070 deducit.
2006 5014 2111 5070 Pro
2142 5032 2263 5086 par-

2377 5029 2496 5100 ρίαν
2537 5029 2658 5096 ἄγει
2700 5028 2915 5098 πολλήν.
2949 5027 3070 5080 Τῶν
3106 5027 3313 5100 μικρῶν
3344 5025 3451 5097 γὰρ
3484 5027 3662 5078 πόνων
3695 5026 3938 5096 μεγάλας

703 5110 787 5164 vis
834 5124 1068 5179 namque
1121 5107 1398 5163 laboribus
1430 5123 1656 5180 magnas
1701 5109 2028 5178 accipiemus
2061 5125 2263 5164 merce-

2373 5118 2760 5190 ἀποληψόμεθα
2783 5119 2879 5183 τὰς
2902 5117 3150 5190 ἀμοιϐάς.

703 5201 820 5256 des.

775 5292 952 5347 10-14.
998 5292 1187 5347 Omnes
1216 5301 1387 5362 gentes
1417 5292 1737 5346 circuierunt
1782 5308 1928 5346 me...
1971 5291 2263 5347 Circumde-

2439 5294 2640 5348 Πάντα
2687 5297 2758 5349 τὰ
2797 5294 2938 5364 ἔθνη
2991 5296 3346 5351 ἐκύκλωσαν
3382 5315 3521 5367 με...
3552 5299 3941 5355 Ἑκύκλωσάγ

706 5382 894 5437 derunt
938 5401 1016 5438 me
1045 5387 1180 5438 sicut
1228 5399 1347 5451 apes
1396 5383 1594 5452 furum,
1629 5393 1676 5437 et
1715 5385 1769 5436 in
1807 5385 2012 5438 nomine
2051 5384 2263 5438 Domini

2366 5405 2441 5456 με
2472 5386 2613 5440 ὡσεὶ
2640 5389 2926 5456 μέλισσαι
2959 5389 3184 5454 κηρίον,
3217 5389 3312 5442 καὶ
3342 5389 3419 5455 τῷ
3445 5391 3685 5460 ὀνόματι
3717 5389 3938 5460 Ki-pi’cu

708 5475 848 5530 ultus
890 5491 1006 5529 sum
1043 5493 1148 5530 eos.
1185 5475 1277 5530 Dei
1308 5492 1543 5546 namque
1571 5476 1800 5546 populus
1842 5477 2017 5532 solum
2044 5477 2263 5531 vocabat

2371 5477 2688 5548 ἠμυνάμην
2714 5481 2949 5545 αὐτούς.
2969 5481 3024 5533 '0
3061 5481 3157 5551 μὲν
3186 5481 3292 5552 γὰρ
3320 5480 3413 5535 τοῦ
3457 5481 3594 5534 Θεοῦ
3626 5481 3753 5546 λαδς
3782 5484 3940 5553 μόνον

710 5567 900 5633 Deum,
931 5578 986 5625 et
1023 5585 1218 5626 nomen
1246 5569 1364 5639 ejus
1394 5585 1722 5633 memorans,
1753 5571 1935 5625 hostes
1956 5569 2193 5624 visibiles
2218 5579 2263 5623 et

2378 5569 2559 5622 ἐκάλει
2590 5569 2680 5623 τὸν
2707 5568 2855 5633 Θεὸν,
2885 5569 2980 5622 καὶ
3003 5568 3062 5621 τὸ
3090 5569 3258 5639 ὄνομα
3281 5569 3450 5637 λέγων
3497 5567 3660 5622 αὑτοῦ
3704 5569 3938 5639 ἠμύνετο

709 5660 1006 5719 invisibiles
1056 5661 1458 5718 ulciscebatur:
1500 5661 1746 5718 homines
1788 5671 1966 5718 autem
2015 5660 2099 5717 his
2143 5662 2263 5717 insi-

2379 5662 2500 5726 τοὺς
2531 5661 2882 5733 φαινομένους
2913 5661 3004 5716 καὶ
3034 5662 3255 5733 ἀφανεῖς
3288 5660 3571 5732 πολεμίους
3591 5676 3606 5692 ο
3641 5662 3691 5714 οί
3722 5659 3778 5714 δὲ
3817 5659 3934 5714 τού-

755 5839 798 5874 ³⁸
842 5837 994 5896 Rom.
1025 5856 1064 5910 ι,
1109 5840 1155 5906 l,
1184 5840 1238 5895 ‘2.
1317 5839 1360 5872 "
1400 5836 1557 5895 Rom.
1602 5854 1690 5910 sv,
1723 5838 1774 5902 8.
1806 5839 1858 5895 9.
1936 5839 1975 5872 "
2019 5835 2181 5895 Eccli.
2222 5852 2279 5905 ιι,
2310 5835 2359 5890 l.
