4126 6482
213 430 308 486 ιη

1299 425 1662 484 EXPOSI'HO
1702 424 1766 480 IN
1811 424 2148 482 PSALMUM
2189 426 2398 484 CXVII.

3360 429 3466 490 478

215 568 322 614 τοις
349 547 796 612 ἐπιϐουλεύοντες
829 549 1099 620 ἄνθρωποι
1133 548 1322 618 μόναις
1354 549 1646 620 Θαρῤοῦσιν
1691 549 1787 619 ἀρ-

1904 547 2121 613 liantes,
2157 549 2291 605 solis
2311 547 2590 603 confidunt
2617 549 3011 621 principatibus
3029 563 3082 606 et
3106 555 3465 621 potestatibus

218 647 334 714 χαῖς
383 659 439 695 τε
488 641 584 694 καὶ
634 641 972 705 δυναστείαις
1006 640 1327 712 ἀνθρώπων.
1361 643 1434 694 Τὸ
1477 641 1556 705 δὲ,
1601 640 1796 694 πάντα

218 739 286 795 τὰ
316 737 482 803 ἔθνη,
507 734 893 803 ὁπερὸολικὸν·
928 733 1023 804 τὴν
1054 735 1162 804 γὰρ
1196 734 1450 787 Ἰουδαίαν
1475 736 1651 788 πᾶσαν
1673 733 1798 785 ἐκύ-

219 830 377 882 κλουν
442 829 622 881 πάντα
677 828 744 880 τὰ
795 825 1035 897 ἕθνη.Ἦ
1097 826 1356 898 παρέοικε
1403 826 1511 896 τῷο
1544 828 1647 890 Εἰς
1692 825 1798 890 τὰς

218 923 438 990 πρωΐας
469 921 823 975 ἀπέκτεινον
850 919 1079 985 πάντας
1103 919 1244 984 τοὺς
1273 917 1656 987 ἁμαρτωλοὺς
1689 915 1798 985 τῆς

219 1013 326 1082 γῆς
346 1031 359 1043 ο
393 1013 591 1084 δηλαδὴ
629 1013 753 1075 τοὺς
783 1011 1046 1082 ἐμπαθεῖς
1076 1010 1367 1080 λογισμοὺς
1396 1010 1500 1062 ὑπὸ
1528 1008 1795 1079 δαιμόνων

219 1108 635 1178 ἐπαγομένους,
701 1107 792 1160 καὶ
845 1105 1034 1174 λόγους
1116 1107 1374 1174 ἑπαιρείεν
1431 1103 1796 1174 σοφιστικούς.

219 1203 405 1257 Ταῦτα
437 1202 547 1273 γὰρ
576 1198 869 1271 ἀνατρέψει
893 1197 962 1249 τὰ
983 1195 1294 1266 ἔθνη.Ἔσθ’
1320 1197 1408 1248 ὅτε
1441 1196 1532 1247 καὶ
1563 1195 1798 1264 ἀναιρεῖ-

216 1313 306 1348 ται
359 1294 586 1355 τούτους
636 1291 918 1361 ἐπικλήσει
960 1287 1116 1352 Θεοῦ,
1156 1287 1253 1351 τὰς
1300 1285 1605 1357 παθητικὰς
1636 1283 1794 1338 ἐκκό-

221 1405 370 1440 πτων
405 1385 600 1457 ὁρμὰς,
634 1385 726 1437 καὶ
761 1382 950 1450 λόγους
984 1379 1302 1451 ἀνατρέπων
1343 1376 1703 1447 σοφιστικούς.
1735 1377 1795 1428 Ol

217 1480 272 1532 δὲ
307 1477 575 1549 κηφῆνες,
610 1477 730 1538 ταῖς
761 1473 1033 1545 μελίτταις
1063 1468 1527 1542 παρεοικότες,ὼς
1551 1468 1643 1520 καὶ
1674 1466 1796 1518 λαν-

219 1570 406 1623 θάνειν
440 1569 568 1629 τοὺς
601 1565 943 1634 ἀγνοοῦντας,
973 1563 1033 1616 οὐ
1061 1562 1285 1633 κέντρον
1312 1560 1544 1629 ἔχουσιν,
1576 1558 1673 1610 οὐκ
1703 1557 1795 1626 ἐρ-

218 1661 481 1730 γάζονται
513 1658 668 1726 μέλι·
705 1657 862 1726 σῶμα
895 1654 950 1706 δὲ
997 1653 1178 1723 μεῖζον
1213 1651 1442 1721 ἔχοντες,
1480 1649 1586 1701 τῶν
1619 1647 1798 1718 μελιτ-

218 1749 327 1806 τῶν
368 1753 431 1804 τὸ
474 1753 633 1823 ἔργον
676 1748 969 1800 ἐσθίουσιν
1015 1744 1108 1808 οὓς
1149 1744 1241 1796 καὶ
1282 1741 1647 1811 διαφθείρουσι
1681 1739 1796 1810 μετ’

220 1843 468 1916 ἀλλήλων
502 1843 556 1895 αἱ
595 1841 834 1913 μέλιτται
867 1834 1468 1905 συνιστάμεναι.Ἕστιν
1501 1827 1592 1884 οῦν
1621 1834 1652 1900 ἡ
1685 1831 1799 1882 Ἐκ-

220 1936 420 2008 κλησξα
476 1933 733 2005 μέλισσα⁶
770 1929 1150 2002 μελιττουργὸς
1198 1927 1253 1978 δὲ
1296 1928 1330 1996 ἡ
1377 1925 1477 1996 τὴν
1521 1923 1613 1976 τοῦ
1659 1920 1793 1975 Θεοῦ

220 2027 549 2100 προτιμῶσα
573 2026 760 2094 σοφίαν
778 2041 791 2054 ο
812 2019 879 2095 ἦς
901 2023 1024 2085 τοὺς
1051 2022 1244 2082 πόνους
1271 2018 1506 2089 βασιλεῖς
1533 2017 1626 2070 καὶ
1655 2015 1796 2068 ista).

218 2137 309 2173 ται
345 2118 485 2189 πρὸς
516 2116 703 2184 ὑγείαν
737 2115 1154 2186 προσφέρονται,
1189 2111 1388 2180 καίπερ
1423 2107 1680 2171 ἀσθενοῦς
1703 2106 1796 2161 οῦ-

223 2227 354 2282 σης·
398 2209 544 2264 κατά
575 2209 657 2268 τὸ.
687 2207 782 2274 Μὴ
815 2207 883 2260 ἐν
927 2204 1120 2259 πειθοῖ
1159 2204 1377 2273 σοφίας
1423 2201 1799 2272 ἀνθρωπίνης

219 2305 367 2375 ἔχειν
394 2303 458 2356 τὸ
485 2302 960 2374 κήρυγμα.”ομως
989 2299 1098 2369 ἔχει
1135 2296 1194 2351 τὸ
1237 2296 1458 2368 κέντρον
1498 2297 1555 2349 ὲν
1582 2294 1799 2350 ἀποδεί-

219 2397 302 2464 ξει
333 2394 644 2466 πνεύματος
683 2395 773 2448 καὶ
818 2394 1099 2464 δυνάμεως
1133 2390 1289 2453 Θεοῦ,
1316 2389 1407 2444 τὸν
1438 2389 1534 2459 τῆς
1568 2388 1801 2450 πίστεως

219 2489 420 2559 ἔχουσα
445 2487 600 2556 λόγον
619 2501 634 2515 ’
661 2487 736 2549 ὼς
759 2487 850 2538 καὶ
873 2487 1115 2554 ἀναιρεῖν
1141 2483 1240 2547 τὰς
1268 2485 1523 2553 αἱρέσεις,
1553 2479 1802 2550 καθάπερ

221 2580 501 2650 κηφῆνας,
535 2577 740 2647 ἐλέγχῳ
766 2575 974 2638 ταύτας·
995 2573 1352 2644 διχοτομοῦσα
1379 2571 1478 2642 τῆς
1507 2571 1762 2640 ἀληθείας
1787 2610 1800 2622 .

219 2671 334 2723 Μία
366 2669 467 2740 μὲν
497 2671 529 2738 ἠ
565 2669 840 2739 τιμήσασα
881 2666 981 2738 τὴν
1024 2665 1212 2734 σοφίαν
1241 2664 1335 2717 τοῦ
1375 2662 1506 2716 Θεοῦ
1537 2662 1762 2733 μέλισσα
1785 2676 1801 2692 ο

222 2760 414 2814 πολλαὶ
441 2759 499 2811 δὲ
526 2759 622 2828 τῆς
652 2757 743 2811 τοῦ
769 2757 904 2810 Θεοῦ
937 2756 1126 2826 σοφίας
1155 2755 1469 2825 ἀπέστησαν
1487 2770 1500 2782 ⁸
1535 2753 1595 2806 οὐ
1631 2751 1805 2822 μέλισ-

223 2871 335 2917 σαι,
372 2851 490 2906 cur
521 2852 595 2913 ὡς
632 2851 881 2921 μέλισσαι
917 2850 1163 2919 κηφῆνες
1209 2848 1581 2918 ὑπάρχουσαι·
1617 2845 1804 2916 βουλό-

1901 641 2204 696 hominum.
2240 641 2373 695 lllud
2427 649 2629 707 autem,
2686 658 2864 697 omnes
2904 654 3097 714 gentes,
3126 645 3469 716 hyperbolice

1898 734 2100 788 dictum
2138 751 2151 787 :
2185 749 2306 787 nam
2353 732 2595 788 Iudaeam
2633 750 2846 788 omnem
2898 737 3310 791 circumdabant
3351 754 3470 793 omo

1900 842 1995 881 ncs
2023 836 2229 897 gentes.
2271 827 2347 881 Ac
2370 828 2546 882 simile
2573 837 2656 882 est
2683 828 2828 882 dicto
2857 829 2930 883 illi
2967 849 2979 883 :
3011 829 3075 882 In
3101 831 3360 884 matutino
3383 832 3470 885 in-

1899 921 2216 988 terﬁciebam
2254 937 2427 974 omnes
2451 931 2745 990 peccatores
2776 931 2959 985 terrae;
2994 924 3043 976 id
3069 932 3152 978 est
3188 924 3471 992 cogitatio-

1899 1030 1996 1069 nes
2025 1023 2078 1069 et
2103 1014 2328 1069 allectus
2364 1032 2456 1084 per
2497 1015 2770 1069 daemones
2803 1015 3097 1079 immissos,
3143 1026 3198 1069 et
3243 1014 3468 1068 subdola

1898 1106 2061 1159 verba
2093 1105 2161 1158 ab
2183 1106 2249 1160 iis
2283 1104 2661 1160 inducta.Haec
2693 1106 2838 1160 enim
2874 1115 3058 1176 gentes
3081 1105 3464 1175 proﬂigabunt.

1897 1197 2172 1268 Contingit
2202 1208 2381 1252 autem
2419 1199 2711 1269 aliquando
2746 1208 2803 1252 ut
2825 1213 2919 1253 eas
2949 1214 3043 1267 per
3075 1197 3469 1251 invocationem

1901 1289 1991 1345 Dei
2039 1290 2106 1345 de
2160 1290 2340 1346 medio
2390 1292 2569 1356 tollat;
2601 1291 2915 1362 passionum
2948 1293 3207 1360 impetum
3253 1289 3474 1344 exscin-

1897 1381 2054 1444 deus,
2089 1391 2143 1436 et
2172 1381 2360 1437 dolosa
2393 1382 2556 1436 verba
2593 1381 2899 1452 proﬂigatis.
2923 1378 3113 1449 Vespa:
3138 1388 3315 1432 autem
3350 1393 3472 1446 quas

1899 1477 2091 1545 apibus
2140 1477 2211 1529 ita
2257 1476 2464 1530 similes
2511 1485 2662 1541 sunt,
2699 1485 2759 1530 ut
2791 1474 2882 1545 qui
2911 1489 3004 1528 eas
3036 1473 3203 1542 probe
3234 1487 3341 1527 non
3372 1485 3474 1525 no-

1901 1569 2009 1621 rint
2036 1567 2192 1623 facile
2218 1569 2393 1637 decipi
2427 1567 2658 1638 possint,
2690 1567 2959 1637 spiculum
2987 1579 3094 1619 non
3127 1563 3345 1629 habent,
3381 1579 3476 1616 ne—

1898 1674 2005 1728 que
2049 1659 2154 1713 mel
2191 1669 2513 1729 cperantur;
2561 1657 2654 1712 sed
2703 1672 2826 1711 cum
2867 1655 3139 1711 crassiore
3167 1654 3276 1708 sint
3306 1667 3470 1722 quam

1899 1769 2028 1823 apes
2071 1751 2234 1816 mole,
2266 1765 2404 1820 opus
2450 1749 2743 1813 comedunt
2776 1765 2788 1800 :
2817 1761 2958 1817 quos
2991 1746 3099 1816 (43)
3143 1759 3310 1798 unum
3351 1752 3472 1813 post

1899 1846 2065 1899 alium
2099 1842 2414 1896 interimunt
2441 1855 2570 1910 apes
2600 1855 2708 1893 una
2733 1846 2956 1894 coactae.
2991 1835 3121 1904 Apis
3155 1843 3239 1889 est
3284 1832 3470 1888 Eccle-

1900 1938 1978 1994 sia
2009 1956 2023 1994 :
2059 1936 2163 1991 mel
2197 1945 2376 1990 autem
2406 1941 2688 2003 operatur,
2713 1947 2836 2002 qua:
2878 1929 2972 1984 Dei
3010 1927 3330 1998 sapientiam
3361 1926 3474 1995 plu-

1902 2031 2024 2086 rimi
2059 2029 2205 2084 facit.
2233 2026 2403 2095 Cujus
2429 2025 2639 2079 labores
2663 2033 2772 2078 tam
2806 2037 2958 2089 reges
2988 2036 3149 2092 quam
3181 2019 3375 2090 privati
3405 2019 3473 2072 ad

1898 2124 2187 2179 sanitatem
2234 2119 2486 2184 alierum,
2515 2116 2724 2172 etiamsi
2754 2115 2978 2192 infirma
3026 2114 3096 2169 sit
3125 2151 3139 2176 ,
3176 2111 3474 2167 secundum

1900 2217 2030 2272 illud
2067 2235 2080 2270 :
2111 2213 2230 2267 Non
2255 2213 2307 2266 in
2330 2207 2762 2280 persuasibilibus
2782 2207 3026 2260 humana
3063 2205 3335 2274 sapientiae
3359 2219 3475 2256 ver-

1901 2308 2036 2363 bis”
2068 2304 2380 2379 praedicatio
2428 2302 2677 2356 efﬁcitur.
2715 2299 2963 2354 Attamen
3005 2297 3270 2366 spiculum
3315 2294 3476 2348 habet

1903 2404 1956 2457 in
2005 2401 2374 2457 ostensionem
2431 2396 2656 2466 spiritus
2709 2406 2764 2449 et
2811 2394 3027 2447 virtutis
3058 2389 3322 2455 Dei,cum
3352 2387 3476 2442 tidei

1904 2507 2210 2549 sermonem
2258 2489 2483 2554 habeat;
2518 2488 2589 2542 ita
2634 2495 2692 2540 ut
2741 2487 2998 2550 hareses,
3027 2500 3127 2539 ceu
3170 2497 3365 2552 vespas
3411 2480 3479 2536 de

1905 2585 2084 2641 medio
2119 2585 2292 2647 tollat,
2329 2582 2608 2636 dissecans
2665 2580 2785 2632 illas
2838 2584 3162 2645 argumento
3207 2574 3474 2630 veritatis.

1906 2676 2031 2733 Sola
2077 2674 2194 2744 apis
2227 2681 2310 2727 est
2334 2687 2456 2742 qua:
2484 2670 2805 2740 sapientiam
2855 2665 2946 2721 Dei
2987 2665 3235 2719 honorat.
3296 2661 3480 2719 Multae

1905 2779 2085 2824 autem
2113 2784 2140 2821 a
2170 2766 2264 2821 Dei
2290 2765 2551 2834 sapientia
2580 2761 2916 2824 defecerunt,
2942 2773 3049 2813 non
3080 2774 3208 2828 apes
3235 2757 3477 2828 quidem,

1906 2862 1999 2918 sed
2028 2874 2202 2929 vespa:
2247 2855 2312 2911 ad
2360 2853 2769 2910 similitudinem
2799 2867 2982 2921 apum.
3018 2850 3149 2917 Quae
3176 2864 3352 2918 vespa:
3385 2846 3480 2907 ubi

223 2963 378 3017 μενοι
424 2945 528 3013 τῆς
577 2944 704 3014 μιᾶς
747 2942 1018 2996 ἀναλῶσαι
1065 2941 1125 2993 τὸ
1162 2941 1304 3012 μέλι,
1331 2941 1424 2994 καὶ
1453 2939 1582 2992 ὡσεὶ
1613 2939 1724 3010 πῦρ
1751 2942 1799 2993 ὲν

1909 2955 2094 3008 volunt
2122 2953 2282 3006 unius
2314 2951 2430 3020 apis
2453 2948 2558 3002 mcl
2589 2947 2897 3010 absumere,
2925 2943 3082 3013 quasi
3117 2944 3252 3013 ignis
3283 2945 3336 2997 in
3367 2944 3480 3012 spi-

221 3039 489 3101 ἀκάνθαις
534 3036 875 3090 ὲκκαέονται’
908 3036 968 3089 τὸ
1010 3035 1116 3106 γάρ
1163 3035 1385 3106 αἰσχρὸν
1429 3031 1733 3103 ἐπιθυμιῶν
1757 3035 1806 3086 οί

228 3130 338 3184 ἀπὸ
381 3129 494 3182 τῶν
544 3129 807 3200 αἱρέσεων
857 3127 1138 3181 ὲκκαίουσι
1188 3125 1337 3198 πῦρο
1365 3123 1546 3188 καθώς
1590 3140 1751 3194 φησιν
1779 3123 1807 3174 ὁ

1909 3047 1986 3098 nis
2013 3042 2428 3098 comburuntur.
2448 3036 2581 3092 Nam
2615 3034 2850 3090 lizeretici
2881 3042 3088 3100 turpem
3118 3029 3477 3098 cupiditatum

1911 3137 2084 3207 ignem
2120 3132 2442 3193 accendunt,
2494 3125 2954 3197 quemadmodum
2985 3121 3188 3176 Paulus
3218 3121 3292 3173 ait
3315 3137 3326 3172 :
3347 3118 3480 3183 Qua:

223 3214 469 3278 Παῦλος’
514 3215 596 3269 Τὰ
646 3220 754 3286 γὰρ
805 3215 1003 3284 κρυερῆ
1036 3215 1312 3284 γινόμενα
1349 3215 1449 3267 ὑπ’
1477 3213 1676 3268 αὐτῶν
1713 3215 1799 3266 αἱ-

1907 3227 2044 3280 em’m
2075 3220 2129 3278 in
2172 3221 2376 3278 occulto
2417 3219 2551 3288 ﬁunt
2582 3215 2644 3268 ab
2675 3214 2824 3282 ipsis,
2861 3223 3009 3279 turpe
3040 3220 3192 3264 estet
3223 3210 3393 3262 dicere
3410 3207 3477 3259 ³⁸.

220 3310 418 3380 σχρὸν
449 3309 579 3363 ἐστι
609 3309 706 3362 καὶ
737 3307 957 3378 λέγειν.
977 3307 1238 3371 ’Ᾱκάνθας
1267 3307 1322 3359 δὲ
1353 3308 1450 3370 τὰς
1478 3307 1668 3377 ἡδονὰς
1702 3309 1799 3376 ἡρ-

226 3403 464 3472 μήνευσε
497 3401 558 3454 τὸ
590 3400 945 3468 Εὑαγγέλιον’
974 3391 1049 3452 ὧν
1078 3398 1203 3461 τοὺς
1247 3397 1436 3465 λόγους
1469 3399 1496 3449 ό
1540 3397 1630 3449 τὸν
1667 3397 1798 3448 Θεὸν

220 3495 406 3549 καλῶν
459 3493 769 3563 ἀνατρέπει.
799 3492 880 3544 Τά
919 3491 1026 3562 γὰρ
1073 3491 1214 3545 ὅπλα
1260 3490 1422 3544 αὑτοῦ
1447 3490 1507 3543 οὐ
1541 3488 1795 3559 σαρκικὰ,

220 3586 384 3641 ἀλλὰ
425 3583 652 3637 δυνατὰ
704 3581 784 3648 τῷ
829 3583 951 3648 Θεῷ
989 3581 1382 3652 καθαιροῦντα
1425 3581 1545 3634 πᾶν
1587 3581 1800 3648 ὕψωμα

221 3676 617 3744 ἐπαιρόμενον
641 3673 787 3727 κατὰ
814 3672 922 3740 τῆς
947 3670 1218 3742 γνώσεως
1249 3669 1354 3723 τοῦ
1383 3669 1549 3723 Θεοῦ.

293 3767 468 3834 Φωνὴ
500 3764 910 3835 ἀγαλλιάσεως
960 3762 1058 3816 καί
1113 3762 1402 3828 σωτηρίας
1430 3761 1498 3812 ἐν
1543 3759 1802 3827 σκηναῖς

223 3859 490 3914 δικαίων.
548 3857 635 3919 Ὠς
663 3854 761 3926 ἤδη
811 3853 1169 3926 ἀνῃρημένων
1199 3851 1307 3904 τῶν
1355 3849 1559 3921 νοητῶν
1593 3851 1800 3922 ἐχθρῶν

224 3952 332 4006 τῶν
381 3951 526 4005 κατά
554 3949 776 4020 καιροὺς
796 3947 1100 4013 διωξάντων
1129 3945 1220 3998 τὸν
1249 3945 1342 4000 τοῦ
1372 3943 1506 3998 Θεοῦ
1553 3943 1701 4010 λαὸν,
1729 3944 1803 3996 εἰ-

228 4041 400 4104 κότως
450 4039 637 4092 λοιπὸν
682 4039 779 4108 τῆς
825 4037 1194 4106 ἀγαλλιάσεως
1238 4038 1292 4090 αἱ
1354 4035 1528 4105 φωναὶ
1575 4034 1799 4088 ἀκοῦον-

223 4145 344 4195 ιῖαι,
377 4132 471 4185 καὶ
534 4132 633 4201 οὐχ
674 4129 899 4202 ἑτέρωθί
945 4147 1046 4183 που
1111 4130 1231 4200 ἢὲν
1262 4131 1383 4193 ταῖς
1423 4127 1530 4182 τῶν
1581 4126 1802 4182 δικαίων

229 4226 474 4297 σκηναῖς.

297 4319 472 4382 Δεξιὰ
526 4317 744 4385 Κυρίου
804 4316 1053 4384 ἐποίησε
1098 4315 1372 4386 δύναμιν.
1432 4317 1649 4388 Αῦτηή
1705 4315 1802 4386 τῆς

230 4409 600 4480 ἀγαλλιάσεως
627 4408 776 4478 φωνὴ
806 4409 837 4478 ἡ
865 4409 1129 4479 γενομένη
1162 4409 1308 4480 παρά
1333 4410 1430 4478 τὴν
1456 4408 1799 4477 Ἐκκλησίαν,

229 4503 286 4556 τὸ
322 4502 624 4573 ὁμολογεῖν,
661 4501 742 4552 ὅτι
789 4501 924 4571 αὑτὴ
989 4500 1123 4570 μόνη
1181 4500 1340 4572 ητοῦ
1395 4501 1597 4571 Κυρίου
1647 4498 1802 4552 δῦνα-

1909 3315 2103 3385 Spinas
2137 3322 2317 3367 autem
2346 3311 2646 3379 voluptates
2676 3321 2796 3360 esse
2843 3311 3090 3358 sanctum
3126 3298 3477 3368 Evangelium

1907 3407 2314 3474 interpretatum
2341 3411 2452 3460 est:
2475 3413 2706 3470 quorum
2752 3395 2914 3449 verba
2968 3391 3164 3447 evertit
3187 3391 3280 3461 qui
3308 3391 3476 3444 Deum

1909 3507 2081 3552 vocat.
2112 3495 2274 3549 Arma
2302 3502 2483 3548 autem
2513 3491 2634 3560 ejus
2675 3504 2782 3542 non
2829 3486 3090 3548 carnalia,
3125 3484 3214 3539 sed
3245 3483 3478 3552 potentia

1907 3590 2016 3644 Deo
2052 3588 2120 3641 ad
2160 3584 2530 3639 destruendam
2559 3597 2760 3634 omnem
2788 3577 3123 3631 altitudinem
3148 3576 3478 3629 extollentem

1907 3703 1959 3740 se
1992 3685 2239 3738 adversus
2267 3681 2542 3734 scientiam
2574 3676 2664 3729 Dei
2680 3677 2745 3730 “'.

1974 3779 2059 3831 l5.
2115 3775 2223 3828 Vox
2267 3771 2635 3826 rxsullationis
2685 3777 2733 3821 et
2784 3767 2975 3821 salutis
3021 3769 3075 3820 in
3125 3764 3475 3819 tabernaculis

1898 3873 2185 3939 justorum.
2208 3864 2526 3935 Utpoxcjam
2545 3863 2610 3917 de
2632 3861 2808 3916 medio
2840 3860 3070 3914 sublatis
3101 3857 3476 3928 spiritualibus

1909 3961 2162 4027 inimicis,
2188 3958 2281 4028 qui
2316 3957 2479 4010 variis
2512 3954 2846 4024 temporibus
2871 3951 2964 4006 Dei
2994 3951 3252 4022 populum
3286 3964 3471 4020 perse-

1909 4054 2022 4108 cuti
2060 4051 2294 4114 fuerant,
2321 4048 2444 4118 jure
2482 4047 2736 4114 deinceps
2770 4045 3064 4098 audiuntur
3095 4057 3255 4098 voces
3285 4040 3474 4094 exsul-

1910 4145 2152 4208 talionis,
2180 4157 2284 4196 non
2311 4140 2419 4193 alio
2457 4139 2507 4192 in
2539 4139 2659 4191 loco
2691 4153 2854 4206 quam
2896 4137 2948 4189 in
2994 4132 3358 4189 tabernaculis
3382 4131 3472 4201 ju-

1908 4249 2136 4294 storum.

1986 4330 2072 4385 16.
2109 4326 2336 4380 Dextera
2373 4324 2582 4378 Domini
2619 4323 2739 4392 fecit
2783 4323 3047 4383 virtutem,
3083 4329 3188 4374 etc.
3232 4316 3356 4373 llaec
3390 4324 3475 4372 est

1909 4437 2012 4475 vox
2049 4418 2426 4474 exsultationis
2468 4417 2609 4471 edita
2645 4417 2697 4468 in
2739 4413 2997 4478 Ecclesia,
3029 4428 3134 4482 qua
3192 4410 3478 4465 conﬁtetur

1911 4514 2080 4583 ipsam
2117 4510 2286 4578 solam
2334 4507 2544 4562 Domini
2578 4507 2830 4559 virtutem
2881 4511 3257 4556 concertantes
3297 4500 3477 4555 salvos

231 4613 320 4665 μις
351 4595 481 4656 τοὺς
542 4591 977 4662 ἀγωνιζομένους
1014 4590 1236 4644 διέσωσε
1299 4590 1391 4643 καὶ
1439 4589 1798 4661 ὑψηλοτέρους

1905 4604 2095 4658 fecisse
2130 4615 2193 4654 ac
2217 4601 2452 4654 inimicis
2479 4597 2806 4654 excelsiores
2842 4595 3175 4649 exhibuisse.

227 4686 527 4752 ἀπέδειξεν.

316 4778 626 4842 Ἀνοίξατέ
643 4795 743 4847 μοι
775 4778 972 4842 πύλας
1031 4776 1439 4842 δικαιοσύνης.
1495 4775 1674 4837 Πύλας
1719 4773 1798 4826 δι-

227 4871 521 4940 καιοσύνης
571 4871 668 4935 τὰς
728 4871 847 4923 κατ’
881 4869 1079 4940 ἀρετὴν
1113 4870 1323 4940 νοήσεις
1384 4866 1685 4939 προκοπὰς,
1736 4867 1800 4932 ἃς

226 4965 316 5017 καὶ
348 4962 626 5016 ὁδεύουσιν
649 4963 698 5014 οι
735 4962 861 5024 τοὺς
910 4962 1136 5030 καιροὺς
1179 4959 1286 5013 τῶν
1317 4960 1546 5030 θλίψεων
1570 4960 1798 5029 ὑπομεί-

224 5070 435 5118 ναντες.
464 5052 628 5120 Αὕτη
657 5053 696 5120 ἠ
723 5053 885 5119 πύλη
909 5050 1014 5104 τοῦ
1044 5052 1284 5119 Κυρίου,
1301 5049 1517 5103 δίκαιοι
1538 5051 1802 5104 εἰσελεύ-

225 5163 436 5203 σονται
459 5146 531 5198 ὲν
554 5142 727 5212 αὐτῇ.
759 5145 821 5198 Οἱ
850 5144 939 5198 διά
982 5144 1093 5197 τῶν
1131 5143 1340 5212 ἀρετῶν
1378 5141 1801 5215 περιπατοῦντες

226 5243 305 5305 είς
331 5238 550 5308 ἐκείνην
572 5238 941 5308 ἀπαντήσουσι
979 5236 1076 5307 τὴν
1132 5236 1325 5306 πύλην,
1363 5237 1461 5308 τὴν
1514 5238 1593 5300 εἰς
1632 5235 1801 5308 αὐτὴν

225 5332 461 5397 ἀγουσαν
491 5329 590 5401 τὴν
623 5327 717 5381 τοῦ
742 5329 944 5401 Κυρίου
979 5327 1228 5398 θεωρίαν.
1276 5327 1384 5381 Καὶ
1419 5329 1544 5381 ποία
1576 5329 1732 5400 αὑτὴ,
1765 5329 1797 5399 ἢ

227 5423 318 5492 τῆς
346 5422 577 5492 καρδίας
627 5420 969 5490 καθαρότηςς
1025 5419 1386 5489 Μὰκάριοιοί
1443 5423 1685 5491 καθαροί
1725 5421 1799 5491 τῇ

226 5513 455 5583 καρδίᾳ,
483 5513 574 5566 ὅτι
605 5513 710 5567 τὸν
733 5515 881 5567 Θεὸν
907 5514 1178 5583 ὄψονται.

293 5691 339 5723 ³⁸
377 5690 396 5746 l
427 5689 556 5747 Cor.
595 5705 653 5758 tt,
687 5692 735 5746 ὁ.
811 5691 854 5724 ³⁹
896 5690 1092 5763 Ephes.
1126 5709 1176 5761 v,
1208 5693 1289 5751 l2.
1367 5695 1411 5728 “
1451 5694 1492 5750 ll
1520 5695 1642 5754 Cor.
1680 5699 1802 5764 5,5.

294 5878 404 5954 (l3)
446 5880 629 5937 Locus
661 5881 908 5937 vittatus.

1922 4747 2162 4827 ’19,”?0.
2185 4763 2392 4831 Aperite
2421 4757 2548 4811 mihi
2573 4756 3006 4825 portasjustitiar,
3035 4763 3136 4808 etc.
3154 4749 3479 4820 Portasjus-

1905 4858 2036 4914 titia‘
2078 4855 2345 4923 intelligas
2385 4851 2684 4921 profectum
2713 4850 2764 4901 in
2795 4847 3114 4910 virtutibus,
3150 4859 3310 4914 quem
3339 4844 3480 4898 obti-

1909 4959 2037 5006 nent
2064 4951 2154 5017 qui
2189 4945 2540 5001 amictionum
2568 4953 2812 5010 tempora
2844 4939 3137 4994 sustinent.
3171 4934 3299 4989 (hec
3323 4946 3479 5003 porta

1912 5039 2146 5102 Domini,
2179 5037 2314 5106 justi
2365 5035 2636 5088 intrabunt
2686 5033 2740 5084 in
2789 5045 2927 5083 eam.
2981 5026 3086 5094 Qui
3131 5041 3226 5096 per
3254 5027 3480 5081 virtutes

1909 5129 2182 5192 incedunt,
2208 5127 2272 5181 ad
2293 5125 2437 5179 illam
2469 5124 2781 5195 pervenient
2810 5129 3046 5190 portam,
3082 5133 3202 5188 quae
3232 5117 3383 5172 ducit
3411 5119 3477 5172 ad

1909 5227 2081 5292 ipsam
2136 5217 2350 5274 Domini
2409 5215 2938 5285 contemplationem.
2992 5212 3318 5283 Ecquamam
3385 5211 3475 5266 illa

1907 5326 1987 5372 est
2021 5314 2123 5369 nisi
2150 5313 2330 5369 cordis
2357 5312 2597 5384 puritas?
2620 5310 2771 5365 Beati
2793 5308 2986 5366 munda
3018 5307 3196 5376 corde,
3221 5309 3348 5378 quia
3374 5306 3474 5378 ipsi

1908 5409 2075 5465 Deum
2104 5407 2346 5462 ridebunt
2372 5407 2436 5460 ".

1917 5698 1956 5730 δ’
1995 5696 2158 5752 Matth
2220 5712 2270 5761 v,
2295 5697 2348 5750 8.
