4126 6484
697 409 800 466 679

1542 410 1599 467 S.
1634 410 2002 466 ATHANASII
2041 407 2193 466 OPP.
2234 408 2416 466 PARS
2453 408 2542 466 lll.
2574 438 2644 448 —
2673 405 3081 463 EXEGETICA.

3838 397 3938 458 680

767 517 858 575 22.
895 518 1144 589 Lapidem
1183 538 1333 592 quem
1364 524 1764 593 repro‘Jauerunt
1802 523 2143 604 mdi/icantes,
2171 525 2252 576 Inc

2422 523 2604 576 Λίθον
2627 520 2700 574 ὃν
2722 519 3172 588 ἀπεδοκίμασαν
3186 521 3238 572 οι
3260 514 3736 604 οἰκοδομοῦντες,
3757 506 3936 577 οὗτος

698 610 873 680 factus
899 621 974 664 est
1028 613 1083 664 in
1131 623 1288 681 caput
1344 614 1545 684 anguli.
1575 613 1652 670 Te
1686 615 1865 685 ipsum
1916 615 2007 684 qui
2044 623 2264 684 propter

699 716 801 756 nos
829 701 1002 757 lactus
1024 719 1082 758 es
1110 704 1246 773 lapis
1284 705 1549 775 abjectus,
1574 709 2001 777 rcprobaverunt
2043 708 2259 778 quidem

697 793 1058 861 aedificantes;
1088 796 1182 850 sed
1222 807 1342 865 post
1377 799 1617 867 gentium
1655 799 2009 853 mutationem
2038 801 2263 854 alterius

699 886 881 954 anguli
927 897 1087 957 caput
1129 888 1349 944 cll'ectus
1379 907 1476 946 es:
1505 899 1559 945 et
1591 892 1864 960 quodnam
1895 892 2061 947 illud?
2087 891 2262 960 Capu-

699 977 823 1032 lauit
844 979 973 1033 duos
998 981 1216 1050 papulas
1242 984 1295 1036 in
1326 1001 1490 1037 unum
1517 1000 1707 1038 nouum
1735 985 1994 1039 hominem
2015 985 2083 1039 ".

767 1155 857 1211 2i.
889 1157 1015 1214 Ηιεε
1036 1161 1144 1215 dies
1167 1179 1325 1231 quam
1347 1164 1469 1234 fecit
1500 1164 1774 1232 Dominus,
1803 1176 1909 1221 etc.
1935 1165 2260 1236 Ecquzenam

697 1243 812 1300 dies
839 1245 1000 1303 fuerit
1022 1250 1128 1304 nisi
1156 1254 1568 1309 resurrectionis
1594 1254 1806 1309 Domini
1823 1256 1844 1308 ?
1861 1254 2118 1321 Qua-nant
2149 1255 2262 1311 haec

696 1337 833 1401 dies,
881 1341 983 1394 nisi
1029 1358 1090 1395 ea
1125 1359 1245 1413 quae
1283 1346 1533 1416 gentibus
1566 1347 1818 1402 omnibus
1861 1349 2116 1402 salutaris
2148 1357 2260 1413 est,

696 1445 803 1498 q-ia
851 1431 984 1500 lapis
1028 1434 1116 1489 ille
1164 1437 1396 1505 reiectus
1418 1435 1595 1493 factus
1625 1447 1710 1493 est
1743 1440 1797 1492 in
1827 1448 1988 1509 caput
2037 1438 2263 1508 anguli?

698 1520 1045 1592 Signiticatur
1090 1538 1270 1582 autem
1318 1529 1434 1586 dies
1490 1532 1906 1587 resurrectionis
1965 1533 2263 1586 Salvatoris

695 1616 889 1681 nostri,
919 1633 1039 1686 qua:
1062 1619 1164 1689 ipsi
1193 1623 1536 1693 cognominis
1572 1633 1674 1690 est,
1709 1624 1918 1679 scilicet
1959 1622 2260 1679 Dominica.

759 1798 948 1859 25-27.
978 1801 1021 1857 0
1045 1803 1282 1870 Domine,
1323 1807 1527 1862 salvum
1563 1823 1642 1861 me
1673 1806 1781 1877 fac,
1813 1823 1843 1860 ο
1867 1806 2110 1872 Domine,
2140 1807 2264 1860 bene

2364 612 2617 683 ἐγενήθη
2646 613 2731 676 είς
2783 609 3058 680 κεφαλὴν
3087 610 3320 678 γωνίας.
3357 608 3445 660 Σοὶ
3480 605 3630 677 αὐτῷ
3666 602 3747 675 τῷ
3773 617 3934 672 γεγο-

2364 704 2476 758 νότι
2506 703 2572 756 δι’
2607 705 2753 775 ἡμᾶς
2779 701 2910 773 λίθῳ
2935 701 3366 772 ἁπηγορευμένῳ
3399 697 3810 768 ἀπεδοκίμασαν
3838 693 3934 765 μὲν

2363 795 2412 846 οἱ
2443 791 2862 863 οἰκοδομοῦντες·
2897 789 3033 861 μετά
3057 790 3110 842 δὲ
3136 790 3231 860 τὴν
3285 790 3392 843 τῶν
3432 787 3599 842 ἐθνῶν
3632 782 3932 856 μεταὸολὴν

2363 886 2554 958 ἑτέρας
2612 886 2811 956 γωνίας
2871 883 3078 955 κεφαλὴ
3137 883 3384 952 γέγονας·
3447 882 3539 935 καὶ⁵
3583 879 3712 934 ποία
3762 877 3931 949 αὕτης

2362 976 2609 1046 Συνδῆψε
2667 975 2808 1040 τοὺς
2868 972 2976 1028 δύο
3026 975 3214 1042 λαοὺς
3273 977 3360 1041 είς
3407 973 3516 1028 ἕνα
3571 970 3786 1025 καινὸν
3832 969 3934 1022 ἆν-

2362 1072 2611 1140 θρωπον.

2433 1164 2593 1232 Δῦτη
2632 1163 2820 1235 ἡμέρα
2858 1164 2937 1234 ἢν
2965 1162 3251 1230 ἐποίησεν
3292 1163 3323 1216 ό
3349 1159 3583 1228 Κύριος.
3618 1153 3731 1211 Καὶ
3757 1153 3841 1217 τίς
3871 1151 3933 1205 ἂν

2363 1253 2469 1324 εἴη,
2496 1255 2530 1325 ἢ
2565 1257 2599 1327 ἡ
2631 1256 2998 1327 ἀναστάσιμος
3052 1252 3146 1308 τοῦ
3193 1251 3400 1324 Κυρίου
3453 1249 3672 1322 ἡμέρας
3713 1246 3853 1300 Ποία
3879 1242 3934 1297 δὲ

2362 1343 2500 1416 αὕτη
2533 1345 2714 1418 ἡμέρα
2746 1346 2914 1417 ἀλλ’ἢ
2945 1348 2978 1416 ἡ
3010 1345 3275 1416 σωτήριος
3307 1340 3414 1395 τῶν
3438 1339 3608 1394 ἐθνῶν
3646 1337 3929 1397 ἁπάντων,

2363 1437 2483 1490 καθ’
2517 1439 2581 1507 ἢν
2613 1440 2642 1490 6
2665 1438 2986 1509 ἀποϐληθεὶς
3016 1436 3161 1500 λίθος
3184 1434 3406 1504 γέγονεν
3435 1433 3514 1495 είς
3547 1428 3791 1500 κεφαλὴν
3822 1444 3930 1494 γωο

2363 1526 2514 1592 νίας;
2550 1528 2806 1598 Σημαίνει
2836 1528 2892 1582 δὲ
2924 1530 2952 1582 ό
2983 1527 3137 1595 λόγος
3164 1524 3262 1595 τὴν
3292 1521 3660 1592 ἀναστάσιμον
3692 1519 3788 1573 τοῦ
3823 1519 3932 1570 Σω-

2362 1618 2526 1691 τῆρος
2553 1620 2728 1690 ἡμῶν,
2747 1623 2844 1693 τήν
2871 1637 2933 1690 γε
2961 1619 3244 1689 ἐπώνυμον
3292 1614 3452 1670 αὑτοῦ
3487 1611 3807 1684 γενομένην,
3836 1611 3930 1680 δη-

2362 1710 2495 1780 λαδὴ
2526 1712 2828 1783 Κυριακήν.

2432 1797 2506 1857 Ὦ
2533 1804 2727 1872 Κύριε,
2757 1803 2963 1857 σῶσον
3007 1802 3106 1870 δὴ,
3164 1799 3209 1853 ὦ
3239 1800 3438 1868 Κύριε,
3497 1798 3805 1852 εὑόδωσον
3832 1792 3928 1861 δή.

693 1906 997 1959 prosperare
1031 1912 1050 1950 :
1088 1895 1385 1952 benedictus
1417 1901 1507 1970 qni
1537 1901 1671 1954 uenit
1701 1900 1754 1953 in
1786 1901 1992 1953 nomine
2024 1897 2253 1952 Domini.

2355 1893 2772 1963 Εὐλογημένος
2818 1897 2851 1948 ό
2902 1893 3222 1963 ἐρχόμενος
3279 1891 3348 1946 ἐν
3395 1891 3638 1958 ὀνόματι
3684 1887 3927 1956 Κυρίου.

697 1981 988 2054 Doxologia
1023 1986 1099 2056 (id
1137 1999 1220 2044 est
1242 1999 1434 2046 cantus
1463 1991 1518 2045 in
1549 1991 1810 2047 honorem
1840 1989 2142 2050 Trinitatis)
2168 1988 2258 2044 Je-

692 2076 1078 2147 rosolymitana
1108 2080 1286 2146 docet,
1324 2083 1391 2137 de
1416 2099 1651 2153 quonam
1678 2085 1732 2139 id
1761 2084 1965 2139 dictum
2000 2083 2090 2137 sit.
2123 2080 2257 2136 Illud

693 2177 874 2222 autem
905 2189 918 2224 :
950 2170 1318 2228 Benediximus
1353 2177 1495 2229 vobis
1538 2177 1601 2230 de
1654 2177 1810 2228 domo
1847 2175 2091 2239 Domini,
2131 2187 2260 2242 pro-

691 2260 865 2330 phetae
890 2263 1077 2320 dicunt
1112 2266 1178 2321 iis
1210 2268 1302 2337 qui
1338 2268 1568 2322 credunt
1596 2268 1651 2322 in
1680 2267 1958 2322 Christum
1992 2280 2007 2320 :
2037 2265 2254 2330 Beatos,

691 2355 964 2425 inquiunt,
1019 2372 1116 2412 vos
1161 2357 1596 2427 praedicabimus,
1640 2361 1768 2430 quia
1819 2358 2001 2415 fuistis
2057 2358 2256 2413 domus

690 2447 989 2516 spiritualis
1027 2467 1040 2504 :
1085 2450 1350 2506 inhabitat
1398 2453 1598 2523 quippe
1652 2451 1915 2508 Dominus
1967 2453 2021 2506 in
2076 2451 2253 2506 vobis.

691 2537 1002 2596 Constituite
1031 2544 1168 2599 a'iem
1219 2544 1500 2599 solemnem
1551 2547 1606 2598 in
1651 2544 1925 2598 condensis
1972 2559 2132 2613 usque
2185 2543 2254 2614 ad

690 2648 852 2686 cornu
878 2634 1091 2690 altaris.
1119 2634 1435 2691 Constituite
1458 2635 1597 2688 diem
1618 2635 1918 2690 solemnem.
1949 2635 2254 2706 Intelligen-

689 2725 817 2778 dum
852 2726 963 2792 tlat,
990 2742 1084 2782 eos
1112 2727 1206 2797 qui
1241 2727 1307 2782 ad
1335 2727 1493 2783 (idem
1519 2727 1797 2793 accedent,
1831 2729 1903 2784 ita
1933 2728 2254 2799 impleturus

687 2817 930 2871 divinum
973 2819 1401 2886 tabernaculum,
1442 2829 1501 2875 ut
1533 2835 1644 2890 pra:
1687 2820 2035 2876 multitudine
2078 2835 2253 2890 usque

689 2908 756 2964 ad
778 2926 978 2966 cornua
1007 2911 1190 2968 altaris
1222 2913 1545 2983 pertingant.
1574 2911 1858 2967 Condensa
1886 2920 2066 2967 autem
2096 2921 2253 2968 vocat

684 3003 986 3066 cherubim,
1002 3019 1122 3074 quae
1138 3004 1571 3074 propitiatorium
1591 3003 2017 3071 adumbrabant;
2041 3004 2090 3058 id
2105 3005 2247 3059 enim

685 3094 953 3165 signiticat
975 3095 1127 3158 illud,
1146 3094 1439 3148 condensis.
1456 3092 1591 3149 Nam
1617 3095 1948 3150 condensum
1972 3110 2092 3151 esse
2107 3095 2247 3150 idem

682 3194 765 3240 est
795 3185 938 3256 quod
975 3194 1173 3256 tegere.
1203 3185 1496 3258 Cherubim
1532 3202 1661 3244 vero
1696 3187 1798 3243 alis
1835 3187 1950 3244 suis
1991 3187 2249 3259 propitia-

683 3279 880 3334 torium
916 3279 1179 3348 tegebant.

749 3369 838 3426 9.8.
863 3370 998 3426 Dens
1029 3388 1171 3425 meus
1193 3389 1246 3426 es
1276 3380 1352 3435 tu,
1378 3383 1425 3426 et
1451 3373 1733 3442 conﬁtebor
1754 3374 1868 3427 tibi.
1889 3371 2041 3430 Hanc
2058 3388 2246 3430 vocem

685 3464 947 3520 Salvatori
969 3464 1190 3521 Christo
1217 3464 1420 3521 referre
1449 3465 1768 3522 edoceutur.

1187 3628 1437 3683 Alleluia.
1475 3628 1569 3686 CX
1589 3627 1755 3684 VIII.

1267 3722 1661 3792 Argumentum.

681 3810 741 3867 In
773 3811 877 3868 hoc
899 3815 1108 3883 psalmo
1136 3812 1396 3870 describit
1425 3825 1738 3870 sanctorum
1757 3815 2066 3871 institutum
2099 3816 2242 3883 vitae,

753 3909 1072 3972 certamina,
1093 3924 1365 3964 aerumnas
1391 3927 1406 3976 ;
1434 3908 1655 3964 fraudes
1706 3919 1759 3964 et
1794 3910 2121 3981 irruptiones
2145 3913 2245 3969 da-

753 4012 1000 4065 monum,
1018 4008 1301 4055 sescentas
1313 4000 1669 4072 cogitationes
1685 3999 1977 4068 immissas,
1997 4001 2243 4071 laqueos,

749 4092 1037 4159 venabula,
1071 4109 1280 4148 necnon
1319 4108 1383 4149 ea
1409 4094 1608 4164 quibus
1647 4093 1833 4148 isthaac
1857 4105 2138 4164 superant,
2169 4097 2244 4152 le-

749 4172 1122 4257 gem,eloquia
1153 4188 1359 4252 divina,
1388 4189 1722 4258 patientiam,
1745 4204 2038 4260 supernum
2068 4199 2122 4243 et
2140 4206 2245 4246 ca:-

747 4282 882 4338 leste
925 4281 1348 4348 commilitium;
1386 4281 1581 4338 deinde
1613 4292 1738 4352 post
1773 4282 2008 4350 labores,
2033 4283 2240 4354 bravia,

751 4389 1002 4436 coronas,
1025 4373 1265 4442 praemia.

2275 3247 2323 3311 ϐ

2359 1985 2527 2040 Τοῦτο
2554 1987 2647 2039 καὶ
2696 1987 2728 2057 ἡ
2783 1987 2841 2039 ὲν
2889 1984 3277 2056 Ἰεροσολύμοις
3329 1980 3603 2050 δοξολογία
3662 1977 3757 2031 ἐπὶ
3813 1976 3932 2030 τίνα

2359 2076 2618 2148 φέρεσθαι
2651 2077 2905 2142 ἐδίδαξεν.
2946 2077 3019 2130 Τὸ
3054 2076 3130 2138 δὲ,
3189 2074 3619 2146 Εὐλογήκαμεν
3656 2066 3816 2139 ὑμᾶς
3862 2064 3931 2130 ἐξ

2358 2167 2527 2220 οἵκου
2555 2167 2796 2236 Knplov,
2831 2165 3003 2220 ταῦτα
3025 2167 3073 2220 οἱ
3103 2164 3375 2236 προφῆται
3433 2178 3568 2232 φασι
3621 2159 3760 2232 πρὸς
3803 2156 3930 2218 τοὺς

2358 2257 2704 2322 πιστεύοντας
2727 2258 2804 2330 τῷ
2841 2257 3081 2330 Χριστῷ.
3120 2257 3459 2327 Μακαρίους,
3502 2253 3686 2324 φασιν,
3721 2251 3932 2305 ἀποκα-

2355 2347 2582 2420 λέσομεν
2607 2351 2771 2420 ὑμᾶς,
2796 2352 2877 2403 ὅτι
2925 2351 2990 2420 δὴ
3019 2345 3164 2413 οἶκος
3219 2348 3476 2417 γεγόνατε
3537 2341 3926 2414 πνευματικός·

2358 2442 2554 2493 ἐνοικεί
2577 2441 2683 2512 γὰρ
2715 2442 2772 2493 ὲν
2797 2442 2827 2493 ὑ
2835 2443 2923 2512 μῖν
2951 2442 2980 2494 ὁ
3003 2441 3224 2512 Κύριος.
3287 2436 3688 2505 Συστήσασθε
3716 2433 3932 2503 ἑορτὴν

2355 2526 2425 2579 ἐν
2467 2526 2589 2594 τοῖς
2617 2527 2964 2590 πυκάζουσι.
2998 2529 3397 2598 Συστήσασθε
3427 2526 3660 2597 ἑορτήν.
3684 2525 3930 2580 Συνιένειι

2356 2618 2563 2673 κελεύει
2602 2621 2728 2684 τοὺς
2774 2620 3163 2694 προσελθόντας
3193 2623 3259 2692 τῇ
3313 2620 3513 2685 πίστει,
3545 2620 3639 2672 καὶ
3688 2615 3930 2690 πληροῦν

2352 2711 2452 2784 τὴν
2471 2711 2618 2765 θείαν
2649 2715 2965 2785 σκηνὴν,ὼς
2985 2715 3076 2767 καὶ⁵
3105 2714 3269 2785 μέχρι
3297 2712 3404 2766 τῶν
3434 2713 3680 2783 κεράτων
3706 2711 3930 2780 φθάνειν

2351 2801 2447 2854 τοῦ
2481 2801 2863 2876 θυσιαστηρίου
2895 2803 2982 2858 διὰ
3007 2802 3069 2857 τὸ
3125 2803 3345 2875 πλῆθος.
3399 2801 3720 2865 Πυκάζοντα
3778 2800 3836 2853 δὲ
3865 2800 3933 2854 τὰ

2353 2895 2616 2968 χερουὸίμ
2648 2914 2799 2968 φησι,
2825 2896 2890 2951 τά
2913 2897 3301 2962 ὲπισκιάζοντα
3331 2896 3391 2950 τὸ
3422 2896 3754 2966 ἱλαστήριον
3774 2891 3932 2946 τοῦτο

2353 2987 2462 3058 γάρ
2497 2990 2609 3041 ἐστι
2638 2990 2719 3052 τὸ,
2755 2989 3103 3051 πυκάζουσι.
3139 2989 3408 3054 Πυκάζειν
3437 2989 3546 3061 γὰρ
3575 2987 3635 3040 τὸ
3677 2988 3924 3040 σκέπειν.

2353 3079 2434 3132 Τὰ
2496 3080 2762 3152 χερουσὶμ
2821 3079 2878 3133 δὲ
2938 3081 3168 3135 ἔσκεπον
3226 3084 3347 3144 ταῖς
3417 3079 3645 3150 πτέρυξι
3701 3079 3764 3132 τὸ
3819 3076 3930 3131 ἱλα-

2355 3170 2450 3241 στή
2461 3186 2592 3241 ριον.

2421 3373 2563 3438 Θεός
2584 3389 2701 3442 μου
2738 3367 2793 3426 el
2836 3373 2938 3436 σὺ.
2965 3373 3061 3427 καί
3085 3370 3603 3443 ὲξομολοτήσομαί
3640 3385 3761 3424 σοι.
3794 3369 3928 3424 Ταύ-

2347 3483 2445 3536 την
2477 3465 2764 3535 ἀναφέρειν
2792 3464 2869 3536 τῷ
2906 3464 3119 3537 Σωτῆρι
3176 3464 3395 3536 Χριστῷ
3430 3463 3774 3518 διδάσκονται
3823 3462 3919 3533 τὴν

2349 3557 2554 3628 φωνήν.

2847 3651 3225 3718 Ἀμηλούτω
3271 3649 3426 3704 PIH’.

2973 3743 2988 3762 '
3000 3743 3307 3809 Υπόθεσις.

2360 3827 2448 3882 Ἐν
2483 3829 2656 3903 τούτῳ
2687 3831 2800 3886 τῶν
2834 3831 3004 3900 ἁγίων
3035 3831 3324 3903 διαγράφει
3346 3829 3444 3902 τὴν
3471 3827 3771 3892 πολιτείαν,
3799 3829 3928 3892 τοὺς

2415 3924 2651 3992 ἀγῶνας,
2681 3924 2780 3989 τὰς
2810 3924 3035 3994 θλίψεις,
3062 3925 3131 3980 τά
3157 3925 3478 3995 σκάμματα,
3530 3924 3629 3987 τὰς
3672 3922 3782 3975 τῶν
3813 3921 3924 3974 δαι-

2420 4016 2594 4087 μόνων
2624 4018 3037 4082 ὲπαναστάσεις,
3088 4017 3214 4080 τοὺς
3265 4016 3489 4089 μυρίους
3552 4012 3924 4085 61:06aqu-

2416 4126 2539 4173 νους
2566 4109 2879 4182 λογισμοὺς,
2924 4110 3022 4173 τὰς
3061 4111 3313 4179 παγίδας,
3338 4109 3407 4162 τὰ
3438 4107 3703 4180 θήρατραο
3729 4108 3793 4160 οὐ
3819 4107 3922 4177 μὴν

2411 4200 2545 4254 ἀλλὰ
2567 4200 2658 4254 καὶ
2690 4201 2758 4254 τὰ
2790 4201 2853 4254 δι’
2877 4195 2950 4254 ὧν
2982 4203 3392 4273 περιγένωνται,
3410 4201 3500 4254 τὸν
3530 4199 3714 4269 νόμον,
3738 4199 3808 4252 τά
3833 4197 3922 4250 λό-

2414 4309 2528 4360 για,
2552 4293 2649 4362 τὴν
2678 4293 2975 4364 ὑπομονὴν,
3011 4293 3109 4364 τὴν
3141 4292 3343 4348 ἀνωθεν
3367 4289 3699 4362 συμμαχίαν·
3732 4289 3922 4343 ἔπειτα

2417 4385 2554 4454 μετά
2586 4384 2707 4448 τοὺς
2755 4385 2968 4449 πόνους,
3008 4385 3254 4457 βραδεῖα,
3281 4386 3408 4449 τοὺς
3454 4384 3773 4454 στεφάνους,
3824 4383 3922 4450 τὰς

2411 4476 2662 4547 ἀμοιϐάς.

751 4565 803 4610 1.
833 4556 982 4610 Bcati
1011 4554 1340 4610 immaculati
1390 4555 1442 4607 in
1479 4555 1582 4608 via.
1624 4553 1726 4619 Qui
1771 4554 2081 4610 nullatenus
2109 4571 2240 4627 pec-

2413 4567 2700 4638 Μακάριοι
2736 4572 2789 4623 οί
2824 4569 3045 4639 ἄμωμοι
3100 4570 3170 4624 ἐν
3199 4570 3335 4638 ὀδῷ.
3377 4571 3436 4625 '0
3482 4571 3706 4644 μηδαμῆ
3747 4571 3920 4645 μηδα-

680 4658 788 4714 cat,
819 4662 866 4702 ts
892 4645 1272 4700 immaculatus
1300 4653 1355 4699 et
1381 4644 1570 4699 beatus
1603 4652 1711 4699 cst.

751 4816 804 4870 2.
828 4813 980 4869 Beati
1028 4816 1117 4884 qui
1165 4823 1470 4869 scrutantur
1519 4817 1813 4870 testimonia
1857 4816 1990 4886 ejus,
2026 4821 2081 4872 in
2132 4829 2242 4874 toto

2344 4660 2458 4733 μῶς
2481 4661 2827 4731 ἁμαρτάνων,
2863 4654 3018 4724 οὗτος
3045 4659 3112 4714 ἂν
3135 4661 3222 4734 εἴη
3270 4662 3498 4734 ἄμωμος
3538 4663 3632 4716 καὶ
3667 4663 3777 4735 μὴν
3827 4665 3918 4718 καὶ

2342 4752 2627 4823 μακάριος.

2409 4840 2694 4910 Μακάριοι
2719 4845 2772 4896 οί
2802 4841 3231 4912 ἐξερευνῶντες
3257 4845 3330 4900 τὰ
3367 4845 3663 4914 μαρτύρια
3705 4848 3914 4912 αὐτου,

680 4913 834 4966 corde
860 4911 1128 4979 exquirant
1158 4923 1295 4962 eum.
1331 4905 1448 4962 Non
1474 4915 1688 4978 oportet
1713 4909 1856 4963 enim
1883 4909 2045 4964 modo
2070 4911 2238 4980 legem

2355 4936 2404 4988 ir
2426 4932 2539 5001 ὅλῃ
2576 4905 2798 5001 ’καρδίᾳ
2851 4905 3294 5002 ἑλζητήσουσιν
3332 4905 3655 4992 avet-dubia
3695 4938 3808 5010 γὰρ
3839 4905 3920 4991 δεί

680 5003 922 5072 implere.
949 5002 1108 5056 modo
1141 4998 1501 5070 praevaricari.
1535 4998 1675 5065 Quid
1701 5002 1844 5056 enim
1873 5002 2009 5057 lucri
2040 5005 2164 5068 erit,
2192 5004 2240 5058 si

680 5093 1000 5164 simpliciter
1041 5093 1330 5164 exquirant
1382 5095 1693 5149 testimonia
1733 5095 1875 5166 ejus,
1906 5104 1961 5152 et
2006 5110 2071 5151 ex
2129 5105 2243 5152 toto

681 5186 841 5240 corde
866 5183 1030 5239 Deum
1066 5201 1172 5240 non
1206 5187 1487 5255 quaerant?

748 5374 800 5428 3.
837 5373 957 5427 Νοη
979 5377 1114 5428 enim
1143 5377 1231 5445 qui
1261 5385 1542 5445 operantur
1565 5377 1894 5446 iniquitatem
1922 5379 1978 5430 in
2004 5378 2101 5430 viis
2126 5377 2239 5446 ejus

679 5463 1095 5521 ambulaverunt.
1121 5466 1285 5536 Igitur
1307 5468 1542 5522 diVinam
1575 5467 1743 5537 legem
1767 5470 1977 5540 ignorat
1996 5469 2088 5540 qui
2113 5485 2241 5539 pec-

677 5563 804 5620 cat;
837 5571 958 5609 nam
1005 5570 1332 5626 cognoscere
1374 5557 1512 5614 idem
1545 5569 1626 5617 est
1660 5576 1722 5616 ac
1752 5561 2039 5618 observare
2068 5561 2236 5616 illam.

750 5853 793 5884 ⁵⁸
819 5851 1009 5923 Eplics.
1041 5869 1100 5920 ιι,
1134 5854 1211 5910 15.

2345 5026 2472 5079 ποτὲ
2504 5026 2601 5096 μὲν
2631 5025 2925 5098 κατορθοῦν
2979 5027 3067 5081 τὸν
3095 5029 3277 5100 νόμον,
3314 5031 3443 5084 ποτέ
3485 5030 3542 5084 δὲ
3589 5030 3916 5102 παραϐάτην

2345 5113 2633 5185 revisunt...
2648 5115 2712 5167 Ti
2740 5115 2849 5186 γὰρ
2872 5116 3063 5188 κέρδος
3089 5117 3182 5171 τοῦ
3211 5116 3559 5193 ὲξερευνῆσαι
3604 5121 3673 5176 τὰ
3706 5122 3913 5195 μαρτύ-

2347 5216 2434 5270 ρια
2459 5199 2621 5254 αὑτοῦ
2676 5201 2883 5269 ἀπλῶς,
2917 5203 3010 5257 καὶ
3041 5205 3099 5272 ἐξ
3129 5206 3256 5278 ὅλης
3313 5207 3370 5261 δὲ
3404 5210 3631 5282 καρδίας
3664 5211 3758 5265 τὸν
3783 5211 3914 5265 Θεὸν

2348 5291 2422 5362 μὴ
2452 5292 2696 5363 ὲκζητείν
2714 5312 2729 5360 ;

2419 5385 2500 5438 Οὐ
2543 5384 2650 5454 γὰρ
2687 5391 2738 5440 οί
2790 5388 3157 5460 ὲργιιζὸμειὍι
3215 5391 3330 5461 τὴν
3366 5393 3620 5463 ἀνομίαν
3664 5394 3738 5447 ἐν
3785 5395 3912 5462 ταῖς

2348 5477 2507 5544 ὁδοῖς
2537 5480 2727 5533 αὐτοῦ
2759 5480 3192 5552 ἐπορεύθησαν.
3218 5483 3425 5538 Οὐκοῦν
3449 5485 3541 5539 τὸν
3579 5485 3722 5539 θεῖον
3750 5487 3908 5559 νόμον

2345 5571 2442 5623 οὐκ
2469 5566 2607 5623 οἶδεν
2638 5575 2665 5624 ὁ
2703 5573 3055 5646 ἁμαρτάνων·
3089 5577 3150 5630 τὸ
3196 5575 3304 5648 γὰρ
3344 5577 3635 5646 γινώσκειν
3686 5579 3805 5634 ἐστὶ
3851 5575 3910 5629 τὸ

2343 5660 2663 5734 ἐργάζεσθαι
2712 5666 2890 5723 αὐτόν.
