4126 6488
211 426 301 484 ιιι
1251 429 1615 486 ΕλΡΟΒΙΤΙΟ
1652 429 1722 484 ιχ

1863 429 2088 486 ΚΙΛΗΙΜ
2127 429 2356 487 CXVIII.

3330 427 3437 486 ιεε

280 542 357 596 Σὺ
387 542 665 596 ἑνετείλω
698 542 799 607 τὰς
817 543 1066 608 ἐντολάς
1086 560 1199 598 σου
1227 543 1605 614 φυλάξασθαι
1636 546 1758 612 Cyr;

1947 545 2001 607 4,
2026 544 2077 598 5.
2110 543 2185 598 Tu
2218 545 2480 597 mandasti
2529 545 2776 597 mandata
2827 553 2916 596 tua
2961 543 3214 597 custodiri
3259 545 3436 599 nimis.

209 635 334 705 δρα.
373 637 626 704 Ὄφελον
663 638 1204 704 κατευθυνθείησαν
1233 639 1291 690 αι
1343 636 1470 690 ὁδοί
1518 655 1636 704 μοι’
1670 634 1775 688 τοῦ

205 726 586 798 φυλάξασθαι
630 727 702 779 τὰ
754 727 1107 796 δικαιώματὰ
1166 745 1301 782 σου.
1339 728 1374 779 Γ
1379 729 1519 790 νοὸς,
1550 727 1624 790 ὡς
1674 726 1775 795 τῆς

1884 634 2097 688 Γιὶιιαηι
2131 637 2430 706 dirigantur
2458 637 2555 690 viae
2597 652 2722 689 mea:
2748 635 2815 686 ad
2839 635 3205 688 custodiendus
3225 635 3434 703 justi/t-

1877 729 2103 780 cationes
2127 727 2280 780 tuas!
2302 727 2534 791 Gnarus,
2552 727 2667 780 sine
2689 727 2893 780 cmlesti
2923 726 3126 778 auxilio
3150 742 3251 778 non
3278 743 3436 794 posse

205 817 409 870 ἄνωθεν
436 817 754 887 ἐπικουρίας
799 819 964 888 χωρὶς
1015 819 1075 871 οὐ
1122 819 1341 872 δυνατόν
1396 836 1516 872 τινα
1561 817 1761 886 φύλακα

1875 821 2180 888 quempiam
2209 819 2340 888 legis
2366 834 2485 874 esse
2517 819 2942 882 observatorem,
2978 818 3028 871 id
3061 819 3306 873 oratione
3331 819 3433 872 διὺὶ

205 908 454 973 γενέσθαι
474 907 568 961 τοῦ
613 909 798 978 νόμου,
841 910 972 980 εὖχῇ
995 909 1152 962 τοῦτο
1194 911 1368 982 ἐαυτῷ
1393 911 1662 981 κατορθοῖ·
1691 911 1771 974 τὸ,

205 999 447 1068 ὄφελον,
479 1001 598 1054 ἀντὶ
619 1001 733 1066 τοῦ,
762 1002 988 1070 γένοιτο,
1018 1007 1212 1056 κεῖται.

286 1091 834 1160 Ἐξομολογήσομαί
894 1107 993 1146 σοι
1045 1095 1116 1146 ἐν
1181 1096 1452 1162 εὑΟίιτητι
1507 1096 1768 1163 καρδίας.

206 1181 358 1233 Μετὰ
390 1181 488 1251 τὴν
538 1182 702 1253 εὐχὴν
747 1183 840 1234 καὶ
878 1183 938 1234 τὸ
994 1183 1100 1236 ἀπὸ
1144 1185 1512 1254 προαιρέσεως
1539 1186 1766 1256 τίθησιν.

217 1272 383 1343 Ἀρχὴ
413 1272 468 1324 δὲ
490 1271 589 1342 τῆς
613 1273 879 1344 σωτηρίας
901 1275 931 1342 ή
960 1273 1361 1345 ἐξομολόγησις.

272 1363 370 1429 Μή
405 1383 481 1432 με
511 1364 946 1434 ἐγκαταλείπῃς
995 1364 1103 1430 ἓως
1138 1366 1390 1435 σφόδρα.
1451 1368 1615 1421 Πάλιν
1673 1369 1770 1438 τὴν

202 1455 405 1509 ἄνωθεν
438 1455 750 1526 συμμαχίαν
774 1456 1126 1509 ἐπικαλεῖται.

282 1547 381 1598 Ἐν
408 1547 524 1600 τίνι
553 1545 906 1615 κατορθώσει
930 1545 1206 1616 νεώτερος
1245 1547 1357 1614 τὴν
1383 1547 1523 1602 ὁδὸν
1549 1549 1768 1613 acroi};

202 1636 439 1700 Πολλῶν,
491 1638 674 1708 φησὶν,
723 1638 932 1708 ἐστὶνή
977 1639 1164 1710 νεότης
1214 1639 1524 1692 σκανδάλων
1576 1641 1766 1712 μεστή.

202 1727 324 1792 Πῶς
359 1723 454 1781 οῦν
512 1745 594 1792 τις
619 1728 790 1781 ταῦτα
831 1727 1090 1800 ὑπερέϐη,
1153 1729 1185 1798 ἢ
1223 1727 1310 1781 δια
1355 1729 1448 1782 τοῦ
1500 1729 1640 1798 ἔχειν
1672 1729 1768 1800 τὴν

207 1821 426 1891 μνήμην
470 1819 593 1883 τοὺς
644 1819 738 1872 τοῦ
791 1817 924 1872 Θεοῦ
969 1819 1157 1887 λόγους
1212 1819 1533 1882 διαπαντός;
1587 1821 1618 1889 ή
1659 1817 1767 1890 γὰρ

199 1913 376 1965 ἔννοια
400 1909 496 1964 τοῦ
523 1910 666 1963 θείου
687 1909 849 1980 νόμου
883 1910 976 1962 καὶ
1005 1909 1302 1981 καθαρτικὴ
1343 1929 1435 1964 και
1459 1910 1764 1982 φυλακτικὴ

199 2002 419 2065 πάντως
446 2001 612 2054 ἐστίν.
1668 2065 1672 2070 δ

275 2096 380 2148 Ἑν
413 2093 529 2161 ὅλῃ
577 2091 789 2161 καρδίᾳ
805 2109 923 2161 μου
949 2089 1274 2158 ἐξεζήτησὰ
1300 2103 1392 2142 σε.
1421 2090 1482 2142 Εἰ
1515 2090 1548 2160 η
1581 2090 1764 2162 μνήμη

196 2184 286 2240 τοῦ
331 2183 490 2250 Θεοῦ,
537 2184 701 2255 φησι,
762 2183 888 2246 τοὺς
938 2183 1264 2244 Σατανικοῦς
1325 2181 1539 2234 ἐκδῦναι
1595 2199 1768 2254 παρα-

199 2277 452 2342 σκευάζει
478 2277 719 2350 βρόχους,
755 2276 864 2345 ἐγὼ
887 2277 942 2330 δέ
967 2275 1198 2347 ἐμαυτοῦ
1238 2276 1363 2345 ὃλην
1413 2275 1507 2346 τὴν
1531 2275 1766 2329 διάνοιαν

193 2371 437 2442 άνέθηκά
465 2387 546 2423 σοι
577 2370 656 2440 τῷ
691 2371 827 2441 Θεῷ·
855 2369 1001 2436 ἄξιός
1028 2372 1139 2438 είμι
1169 2367 1274 2421 τῶν
1307 2367 1412 2420 σῶν
1439 2367 1540 2432 ἔξω
1567 2368 1639 2440 μὴ
1670 2368 1765 2438 μέ-

191 2479 300 2516 νειν
329 2461 580 2514 ἐντολῶν.
617 2461 688 2513 ’Ἄ
735 2479 884 2532 φησι,
939 2462 1012 2532 μὴ
1071 2461 1392 2531 ἀπογνόημὰ
1429 2478 1511 2524 τις
1633 2461 1765 2532 πρὸς

191 2557 328 2625 ὅπερ
359 2555 613 2626 ἐροῦμεν,
636 2554 896 2624 ἐπιθυμίᾳ
921 2557 986 2625 τῇ
1021 2555 1146 2624 περὶ
1168 2554 1257 2606 τὸν
1285 2555 1444 2622 νόμον
1473 2553 1760 2624 χρώμενοι,

189 2647 390 2700 δέδωκε
434 2646 531 2718 τὴν
562 2646 874 2699 ἀσυνεσίανο
929 2646 961 2715 ἢ
1017 2645 1230 2708 πολλοῖς
1269 2645 1369 2716 τὴν
1423 2644 1652 2715 σπουδὴν
1686 2646 1766 2708 είς

189 2737 505 2793 τούναντίον
534 2737 862 2808 περιίστησι,
892 2737 984 2790 καὶ
1009 2738 1066 2789 ἐν
1091 2732 1172 2800 οἷς
1222 2736 1434 2790 δοκοῦσι
1468 2737 1764 2808 κατορθοῦν

190 2833 524 2903 ἐσφάλησαν,
549 2833 688 2884 κατὰ
712 2833 771 2884 τὸ
791 2832 1076 2901 λεγόμενον
1095 2832 1240 2902 παρὰ
1265 2832 1766 2902 ΣολομῶνιοἜστιν⁹

191 2925 331 2990 ὁδὸς
362 2923 400 2992 ἡ
428 2923 594 2978 δοκεῖ
614 2924 770 2990 παρὰ
797 2923 1126 2990 (ἰν-θοώκοις
1163 2923 1305 2990 ὀρθὴ
1351 2920 1521 2977 εἶναι·
1565 2924 1634 2977 τὰ
1695 2923 1764 2976 δὲ

192 3015 505 3070 τελευταῖα
523 3013 712 3083 αὐτῆς
738 3014 970 3084 ἔρχεται
1001 3017 1086 3081 είς
1131 3015 1398 3084 πυθμένα
1430 3015 1596 3081 ᾅδου.
1621 3015 1759 3068 Οὐκ-

192 3107 284 3165 οῦν
328 3111 478 3170 ὅστις
531 3106 590 3172 ἐξ
636 3108 890 3178 ἡμισείας
955 3107 1182 3178 καρδίας
1213 3106 1302 3160 τὸν
1335 3106 1466 3159 Θεὸν
1495 3104 1758 3177 ἐπιζητεῖ,

1874 919 2170 979 comparat.
2201 908 2356 975 Illud,
2388 912 2609 974 utinam,
2641 911 2874 980 positum
2896 901 2994 963 est
3027 924 3124 979 pro
3153 908 3264 966 ﬁat.

1951 1105 2002 1160 7.
2039 1105 2334 1160 Couﬁtebor
2378 1106 2472 1160 tibi
2505 1108 2558 1160 in
2589 1107 2870 1160 directione
2910 1106 3102 1158 cordis.
3146 1104 3276 1160 Post
3317 1121 3434 1159 ora-

1873 1195 2071 1248 tionem
2096 1196 2327 1265 explicat
2348 1212 2453 1265 qua
2481 1197 2550 1251 sit
2575 1196 2923 1250 inclinatione
2945 1196 3261 1250 voluntatis.
3280 1194 3433 1249 Prin-

1871 1285 2072 1354 cipium
2103 1297 2278 1339 autem
2308 1287 2519 1346 salutis.
2540 1295 2622 1342 est
2644 1285 2934 1341 confessio.

1951 1377 2005 1430 8.
2037 1376 2158 1430 Non
2186 1394 2262 1430 me
2289 1379 2617 1447 derelinquas
2645 1394 3021 1448 usquequaque.
3062 1377 3298 1434 Rursum
3337 1394 3430 1434 su-

1870 1467 2052 1534 perius
2075 1477 2429 1523 memoratum
2460 1469 2695 1538 postulat
2726 1469 3000 1523 auxilium.

1937 1556 1990 1611 9.
2020 1555 2086 1610 lu
2113 1574 2214 1628 quo
2237 1560 2451 1628 corrigit
2481 1559 2856 1614 adolescentior
2873 1563 3005 1615 riam
3031 1578 3202 1615 suam.
3222 1561 3424 1630 Multis,

1870 1649 2080 1720 inquit,
2114 1649 2452 1707 oﬂ'endiculis
2499 1651 2653 1721 plena
2693 1660 2776 1706 est
2811 1652 3088 1721 juventus.
3118 1653 3236 1719 Quo
3267 1664 3424 1723 pacto

1869 1742 2030 1810 igitur
2065 1743 2153 1796 illa
2186 1743 2307 1812 quis
2339 1743 2691 1812 superaverit,
2729 1744 2832 1798 nisi
2875 1745 3246 1799 conservando
3285 1759 3426 1800 sem-

1869 1847 1963 1900 per
1995 1833 2311 1887 memoriam
2339 1833 2621 1887 verborum
2651 1832 2776 1887 Dei?
2793 1831 2924 1887 Nam
2947 1835 3204 1904 cogitatio
3227 1835 3425 1890 divinae

1869 1923 2028 1995 legis,
2068 1939 2175 1978 una
2210 1923 2434 1979 mundat
2465 1933 2626 1994 atque
2655 1925 2912 1980 custodit.

1865 2140 1869 2145 .
1949 2100 2034 2156 10.
2062 2099 2127 2154 In
2158 2110 2262 2153 toto
2289 2101 2442 2154 corde
2480 2115 2590 2153 meo
2637 2101 2893 2168 exquisivi
2924 2112 2990 2156 te.
3021 2099 3078 2156 Si
3108 2101 3198 2155 Dei
3224 2119 3422 2158 memoo

1867 2194 1966 2258 ria,
2003 2191 2196 2264 inquit,
2225 2193 2290 2248 ad
2340 2191 2622 2247 Satanicos
2676 2193 2898 2264 laqueos
2945 2193 3193 2250 vitandos
3230 2195 3416 2264 juvat;

1864 2299 1964 2354 ego
1996 2300 2123 2338 vero
2155 2293 2317 2338 totam
2345 2284 2722 2352 cogitationem
2752 2299 2926 2338 meam
2955 2283 3050 2337 tibi
3081 2283 3186 2339 Deo
3209 2286 3417 2353 obtuli;

1864 2377 2053 2446 dignus
2080 2390 2195 2428 sum
2211 2375 2300 2444 qui
2318 2390 2421 2428 non
2442 2390 2684 2428 maneam
2711 2385 2862 2429 extra
2883 2375 3129 2430 mandata
3161 2384 3250 2431 tua
3283 2375 3416 2451 (μ).

1865 2466 1994 2534 Quae
2023 2467 2117 2532 ait,
2165 2483 2232 2522 ne
2278 2467 2330 2522 in
2367 2465 2794 2535 desperationem
2835 2467 3137 2522 incidamus
3182 2483 3283 2524 nos
3327 2471 3418 2538 qui

1863 2576 1986 2630 erga
2047 2562 2214 2629 legem
2268 2559 2543 2615 desiderio
2577 2567 2838 2613 tenemur.
2893 2559 3027 2612 Sunt
3078 2560 3223 2613 enim
3279 2577 3419 2630 quos

1865 2649 2006 2706 Deus
2035 2652 2307 2720 permittat
2342 2653 2395 2704 in
2443 2651 2862 2720 imprudentiam
2911 2651 3014 2705 labi
3046 2669 3060 2718 ;
3098 2653 3212 2708 sive
3253 2655 3417 2710 etiam

1864 2743 2048 2797 multis
2083 2742 2318 2797 studium
2355 2743 2408 2796 in
2451 2743 2781 2797 contrarium
2825 2745 3124 2810 convertit;
3156 2747 3228 2799 ita
3275 2754 3330 2800 ut
3363 2747 3418 2801 in

1863 2834 2058 2903 quibus
2110 2849 2168 2889 se
2196 2842 2337 2888 recte
2383 2848 2539 2902 agere
2574 2842 2766 2903 putant
2804 2834 3226 2903 hallucinentur,
3264 2837 3417 2906 juxta

1862 2924 2032 2978 illuda
2051 2924 2342 2980 Salomone
2363 2923 2562 2978 dictum
2585 2923 2628 2954 "
2654 2942 2666 2977 :
2695 2921 2787 2976 Est
2809 2923 2890 2976 via
2919 2940 3034 2994 quae
3061 2925 3264 2978 videtur
3278 2928 3416 2996 apud

1861 3015 2090 3069 homines
2122 3025 2259 3069 recta
2281 3031 2410 3078 esse,
2439 3013 2586 3082 cujus
2612 3023 2840 3067 extrema
2866 3015 3072 3068 veniunt
3103 3017 3171 3068 ad
3195 3017 3416 3086 profun-

1861 3105 1986 3158 dum
2019 3105 2233 3174 inferni.
2279 3104 2389 3175 (45)
2424 3105 2592 3174 Igitur
2636 3103 2884 3174 quisquis
2916 3120 2980 3158 ex
3018 3106 3193 3160 media
3239 3108 3416 3161 cordis

192 3199 284 3253 νῦν
323 3199 423 3270 μὲν
451 3195 617 3267 αὐτῷ,
644 3197 736 3249 νῦν
781 3197 838 3249 δὲ
887 3196 967 3268 τῷ,
1003 3199 1190 3267 κόσμῳ
1251 3197 1529 3267 σχολάζειν
1583 3198 1761 3268 βουλὸ-

1863 3206 2010 3265 parte
2035 3195 2201 3250 Deum
2229 3195 2439 3265 quaerit,
2463 3205 2516 3249 et
2545 3195 2705 3250 modo
2723 3195 2823 3265 ipsi
2849 3211 2974 3250 mox
3002 3198 3204 3252 mundo
3229 3213 3419 3252 vacare

197 3307 374 3362 μενος,
402 3289 587 3342 τοῦτον
615 3287 904 3342 ἀποϐάλλει
947 3287 1052 3342 τῶν
1107 3287 1320 3340 οἰκείων
1369 3288 1618 3351 ἐντολῶν,
1683 3287 1758 3351 ὼς

195 3381 531 3455 στρατιώτην
555 3381 828 3451 ἀδόκιμον.

273 3475 372 3525 Ἐν
403 3472 476 3540 τῇ
515 3471 726 3538 καρδίᾳ
744 3489 863 3539 μου
895 3469 1130 3539 ἔκρυψα
1165 3469 1237 3523 τὰ
1291 3469 1467 3539 λόγια
1518 3487 1654 3524 σου.
1695 3471 1758 3523 El

194 3566 267 3636 μὴ
293 3564 404 3635 γάρ
436 3562 683 3632 καθάπερ
713 3561 770 3613 ιν
793 3561 1081 3631 θησαυροῖς
1132 3578 1216 3623 τις
1251 3565 1315 3632 τῇ
1339 3563 1533 3632 καρδίᾳ
1565 3564 1756 3615 ἐναπο-

191 3655 382 3726 κλείσῃ
406 3653 505 3716 τὰς
550 3651 642 3706 τοῦ
690 3650 822 3704 Θεοῦ
872 3651 1108 3714 ἐντολὰς,
1146 3652 1411 3722 ἔρχεταιό
1453 3652 1758 3724 κακοῦργος

193 3747 285 3800 καὶ
306 3745 545 3819 ἁρπάζει
573 3743 760 3808 αὐτάς.
812 3743 1133 3815 Ἀμαρτάνει
1183 3743 1261 3814 τῷ
1312 3743 1429 3814 Θεῷ
1452 3743 1480 3794 ὁ
1508 3743 1757 3807 ἀξιωθεὶς

193 3839 390 3910 λογίων
441 3835 909 3909 ἀπορρητοτέρων,
959 3836 1050 3888 καὶ
1106 3834 1440 3903 κρύπτεσθαι
1483 3835 1590 3888 ἀπὸ
1649 3834 1756 3889 τῶν

196 3932 405 3987 τωλλῶν
426 3931 611 3998 ἀξίων,
673 3930 766 3982 καὶ
811 3928 884 3998 μὴ
935 3927 1188 3998 κρύπτων
1237 3928 1374 3981 αὐτὰ
1423 3929 1512 3996 ἀφ’
1545 3921 1620 3980 ὧν
1657 3927 1753 3982 δεῖ.

190 4024 451 4084 Κίνδυνος
475 4021 582 4092 γάρ
610 4021 670 4073 οὐ
699 4021 855 4090 μόνον
897 4019 958 4073 τὸ
987 4020 1055 4074 τὰ
1077 4019 1246 4089 ψευδῆ
1268 4019 1466 4086 λέγειν,
1489 4019 1623 4072 ἀλλὰ
1663 4021 1757 4072 καὶ

190 4117 249 4171 τὸ
277 4115 348 4169 τὰ
392 4111 590 4184 ἀληθῆ,
637 4112 774 4166 ἐπάν
807 4113 942 4176 ὅλως
1001 4109 1036 4165 ἃ
1078 4111 1150 4182 μὴ
1183 4110 1264 4162 δεῖ
1314 4111 1622 4184 ἀπαγγείλῃ
1651 4127 1751 4173 τις·

186 4211 268 4263 Οὐ
291 4206 403 4278 γὰρ
433 4205 529 4259 δεῖ
564 4203 706 4271 τοὺς
744 4203 1106 4272 μαργαρίτας
1165 4201 1502 4266 βάλλεσθαι
1537 4200 1754 4270 ἕμπρου

191 4303 343 4356 σθεν
391 4298 512 4353 τῶν
560 4297 808 4368 χοίρων,
859 4293 1001 4347 οὐδὲ
1051 4292 1280 4346 διδόναι
1333 4292 1406 4346 τὰ
1447 4292 1583 4362 ἅγια
1633 4290 1756 4356 τοῖς

193 4393 608 4549 κυὲιῦέογητὸς
625 4473 696 4541 εἷ,
731 4476 924 4544 Κύριε,
943 4471 1188 4536 δίδαξόν
1204 4489 1279 4541 με
1307 4471 1382 4524 τὰ
1399 4471 1754 4540 δικαιώματά

1863 3287 2041 3355 cupit;
2073 3286 2216 3342 hunc
2251 3287 2338 3342 ille
2362 3301 2392 3340 a
2426 3287 2539 3342 suis
2573 3287 2844 3340 mandatis
2868 3287 3055 3356 abjicit
3095 3296 3153 3342 ut
3190 3289 3416 3345 militem

1863 3377 2136 3448 ignavum.

1941 3470 2027 3524 11.
2055 3469 2120 3522 In
2144 3470 2296 3524 corde
2326 3486 2435 3524 meo
2476 3469 2724 3524 abscondi
2764 3469 2969 3540 eloquia
2995 3482 3103 3524 tua.
3128 3468 3241 3526 Nisi
3272 3471 3415 3526 enim

1861 3561 2084 3632 quilibet
2119 3562 2210 3618 Dei
2237 3563 2485 3618 mandata
2521 3564 2575 3618 in
2600 3562 2762 3618 corde
2791 3577 2888 3617 ceu
2923 3563 3208 3618 thesauros
3230 3577 3418 3618 recon-

1861 3654 1972 3716 dat,
1997 3653 2142 3708 venit
2173 3653 2441 3722 malignus
2466 3653 2552 3706 ille
2581 3661 2633 3706 et
2662 3653 2801 3720 rapit
2825 3667 2906 3706 ea.
2929 3651 3099 3721 (Alius
3129 3653 3332 3722 codex.)
3361 3651 3416 3707 ln

1862 3746 2028 3800 Deum
2060 3752 2245 3816 peccat
2268 3744 2360 3814 qui
2383 3743 2577 3814 dignus
2609 3743 2837 3797 habetur
2857 3743 3148 3797 secretiora
3174 3746 3418 3813 accipere

1861 3836 2044 3898 verba,
2071 3850 2192 3905 quae
2225 3850 2319 3904 par
2343 3843 2461 3890 erat
2503 3833 2832 3888 abscondere
2877 3833 3090 3896 multis,
3125 3848 3296 3902 neque
3332 3843 3414 3887 ta-

1861 3944 1983 3984 men
2013 3927 2297 3982 abscondit
2335 3926 2400 3979 iis
2435 3941 2570 3995 quos
2598 3941 2659 3980 ea
2708 3925 2955 3996 ignorare
2981 3925 3286 3994 oportebat.
3311 3923 3417 3978 Pe-

1861 4020 2155 4074 ricuiosum
2196 4033 2428 4088 namque
2459 4030 2569 4080 est,
2606 4032 2711 4070 non
2763 4018 2924 4072 modo
2949 4017 3082 4072 falsa
3124 4017 3291 4086 loqui,
3322 4016 3416 4070 sed

1860 4113 2020 4167 etiam
2055 4127 2203 4172 vera.
2237 4109 2457 4180 quando
2497 4108 2764 4178 quispiam
2809 4123 2869 4162 ea
2903 4123 3024 4177 qua:
3055 4123 3161 4161 non
3203 4117 3415 4175 oportet

1861 4204 2134 4258 renuntiat
2171 4221 2183 4256 :
2220 4200 2340 4256 Non
2379 4210 2578 4270 oportet
2615 4201 2750 4254 enim
2798 4201 3112 4270 margaritas
3161 4199 3414 4268 projicere

1860 4307 1978 4349 ante
2006 4312 2210 4364 porcos,
2247 4310 2403 4364 neque
2434 4293 2560 4347 dare
2593 4304 2774 4347 sancta
2807 4293 3022 4347 canibus
3045 4293 3110 4347 “.

1935 4478 2019 4531 12.
2057 4475 2364 4530 Benedictus
2389 4491 2461 4538 es,
2495 4474 2731 4540 Domine,
2756 4476 2880 4528 doce
2905 4492 2982 4529 me
3001 4476 3408 4546 justiﬁcationes

192 4590 329 4628 σου.
361 4570 686 4640 Δίσθόμενος
733 4567 832 4637 τῆς
867 4563 1053 4618 ἐαυτοῦ
1089 4563 1366 4635 προκοπῆς
1401 4562 1502 4633 τῆς
1526 4563 1632 4616 ἀπὸ
1658 4563 1752 4615 τοῦ

1863 4579 1994 4623 tuas.
2022 4569 2153 4622 Cum
2199 4568 2426 4622 senserit
2471 4567 2766 4637 profectum
2803 4584 3166 4639 suum,quem
3214 4569 3414 4624 fecerat

195 4669 252 4721 ἐν
277 4665 376 4738 ὅλῃ
402 4663 599 4734 καρδίᾳ⁵
647 4658 945 4730 ἐκζητῆσαι
985 4657 1072 4709 τὸν
1118 4657 1267 4719 Θεὸν,
1316 4655 1524 4724 εὑλογεῖ
1574 4656 1756 4718 αὑτὸν,

195 4754 530 4828 εὐχαριστῶν
558 4753 657 4823 ήδη
692 4751 775 4820 ἐφ’
799 4746 879 4813 οἷς
926 4745 1150 4818 ἠξιώθη·
1193 4747 1284 4800 καὶ
1312 4746 1436 4816 παρ’
1471 4746 1631 4800 αὑτοῦ
1666 4745 1760 4816 ζη-

193 4853 274 4904 τεῖ
311 4846 502 4919 μαθεῖν
520 4845 640 4898 τίνα
670 4842 792 4896 νοῦν
819 4841 928 4911 ἔχει
965 4840 1032 4892 τὰ
1056 4837 1393 4907 δικαιώματα
1414 4837 1594 4890 αὑτοῦ.

275 4942 372 4994 ἐν
403 4937 526 5002 τοῖς
556 4934 786 5004 χείλεσι
807 4949 925 5002 μου
965 4930 1279 5000 ἐξήγγειλα
1327 4928 1519 4982 πάντα
1541 4931 1610 4983 τὰ
1640 4929 1759 4996 κρί-

189 5046 347 5101 ματα
392 5027 499 5082 toi;
554 5023 846 5093 στόματός
871 5036 1008 5074 σου.
1047 5021 1114 5071 Ἀ
1157 5017 1254 5089 μὲν
1304 5019 1466 5090 ἐχρῆν
1499 5018 1758 5089 κρύπτειν

195 5125 484 5195 ἔκρυπτον,
521 5115 705 5187 φησὶν,
747 5112 783 5167 ἃ
822 5112 879 5166 δὲ
913 5109 1253 5178 ἐξαγγέλλειν
1305 5108 1643 5180 ἐξήγγελλον⁹
1675 5111 1756 5163 ὅτι

192 5217 268 5285 τῷ
319 5213 398 5284 σῷ
448 5208 713 5281 κριτηρίῳ
748 5198 872 5270 τοὺς
905 5205 1109 5268 πάντας
1152 5205 1496 5274 παραστῆναι
1528 5202 1624 5255 δεῖο
1673 5203 1756 5256 ἴνα

195 5301 548 5377 κομισώμεθα
575 5299 710 5371 πρὸς
753 5296 789 5351 ἃ
833 5295 1164 5368 ἐπράξαμεν.

291 5400 376 5452 Er
407 5393 481 5462 τῇ
516 5389 632 5456 ὁδῷ
652 5389 768 5444 τῶν
786 5387 1120 5458 μαρτυρίων
1159 5385 1291 5438 σου’
1332 5381 1637 5452 ἐτέρφθην,
1676 5383 1756 5450 ὠς

197 5489 289 5542 ἐπὶ
320 5485 498 5540 παντὶ
546 5481 803 5544 πλούτῳ.
835 5478 930 5540 Τίς
957 5479 986 5531 ό
1034 5474 1172 5530 κατὰ
1203 5474 1334 5528 Θεὸν
1385 5473 1612 5538 πλοῦτος
1635 5491 1756 5526 παι-

191 5575 421 5630 δεύεταιο
451 5571 534 5624 διό
565 5583 748 5640 φησιν’
806 5565 969 5621 Οὐδέν
1006 5582 1071 5636 με
1119 5558 1261 5618 εἶλεν
1312 5565 1368 5617 ἐν
1411 5562 1487 5632 τῷ
1533 5563 1755 5635 παρόντι

258 5709 302 5744 ⁸³
327 5710 490 5764 Prov.
519 5702 742 5772 xvt,25.
815 5700 862 5734 “
892 5699 1077 5758 Matth.
1109 5716 1205 5766 vu,
1237 5701 1288 5756 6.

261 5847 370 5921 (ιιι
407 5846 618 5900 Locum
655 5841 904 5896 vi'iosnm
927 5841 1239 5897 ausurandc
1276 5839 1552 5896 vertimus.

1860 4657 2192 4727 exquirendo
2242 4655 2408 4710 Deum
2447 4657 2498 4710 in
2545 4665 2655 4711 toto
2688 4659 2848 4712 corde
2894 4673 3014 4721 suo,
3042 4659 3216 4728 ipsum
3253 4659 3415 4713 bene-

1859 4747 1988 4799 dicit
2008 4746 2208 4815 gratias
2228 4759 2392 4816 agens
2418 4745 2483 4800 de
2504 4746 2714 4801 collatis
2747 4748 2922 4812 bonis,
2952 4757 3004 4801 et
3034 4757 3188 4819 rogat
3210 4749 3411 4818 abipso

1858 4837 2062 4900 doceri,
2097 4852 2259 4906 quam
2296 4847 2526 4892 mentem
2561 4838 2790 4891 habeant
2818 4838 3234 4907 justillcationes
3267 4838 3406 4908 ejus.

1930 4932 2013 4984 15.
2051 4929 2114 4982 1η
2145 4930 2300 4982 labiis
2350 4932 2474 4983 meis
2520 4929 2848 4999 pronuntiari
2873 4931 3047 4983 omnia
3064 4930 3270 4999 judicia
3303 4932 3408 4984 oris

1859 5024 1954 5075 tui.
1979 5020 2109 5087 Quae
2135 5021 2390 5076 abscondi
2419 5022 2719 5092 oportebat,
2751 5022 2944 5092 inquit,
2977 5022 3406 5089 abscondebam;

1855 5127 1976 5183 quae
2020 5112 2351 5176 renuntiare,
2395 5114 2805 5179 renuntiabant;
2850 5115 2976 5184 quia
3008 5125 3132 5170 ante
3171 5115 3410 5170 tribunal

1856 5213 2009 5259 tuum
2039 5217 2228 5258 omnes
2251 5202 2489 5260 adfuturi
2517 5220 2735 5271 sumus,
2769 5214 2826 5261 ut
2858 5206 3187 5277 accipiamus
3215 5222 3410 5262 secun-

1854 5295 1981 5350 dum
2007 5309 2170 5364 opera
2202 5304 2406 5349 nostra.
2714 5311 2721 5318 ·
3129 5347 3154 5356 ,.

1939 5388 2026 5442 M.
2062 5386 2124 5440 In
2157 5388 2240 5440 via
2271 5387 2683 5440 testimoniorum
2715 5396 2922 5441 tuorum
2951 5388 3238 5444 delectatus
3267 5405 3406 5452 sum.

1854 5481 1987 5534 sicut
2036 5480 2090 5532 in
2132 5480 2369 5532 omnibus
2409 5479 2630 5532 divitiis.
2686 5477 2955 5534 Edoeetur
2987 5496 3234 5550 quaenam
3281 5492 3408 5538 sunt

1854 5573 2153 5629 secundum
2212 5570 2381 5626 Deum
2428 5571 2664 5635 divitite;
2708 5569 3061 5639 quamobrem
3111 5569 3228 5624 ait:
3260 5567 3404 5624 Nihil

1925 5821 2036 5892 (45)
2064 5821 2118 5878 ln
2149 5824 2276 5887 lica.
2308 5823 2342 5876 2
2371 5824 2482 5880 haec
2507 5823 2758 5901 dicuntur
2781 5821 3060 5894 ,llcsycbii.
