4126 6486
714 412 820 469 διεό

1524 416 1580 471 S.
1625 415 1992 471 ATllANASll
2035 416 2180 473 OPP.
2220 417 2400 473 PARS
2436 417 2520 472 ΙΙΙ.
2558 448 2627 458 -
2664 416 3069 473 ΕΧΕΟΕΤΙΟΑ.

3827 421 3926 478 486

715 544 800 582 me
820 528 959 596 cepit
983 527 1034 582 in
1061 529 1308 596 praesenti
1337 532 1464 596 vita,
1493 547 1598 585 non
1630 549 1845 596 aurum,
1873 548 1978 587 non
2006 535 2255 604 dignitas.

2364 536 2483 606 βίῳ,
2539 537 2598 589 οὐ
2638 536 2856 608 χρυσὸς,
2907 536 3005 588 οὐκ
3037 534 3272 604 ἀξίωμα,
3326 535 3386 586 οὐ
3445 534 3773 589 δυναστεία·
3819 537 3932 590 ἀντὶ

715 633 820 672 non
855 619 1085 688 potentia
1115 639 1126 674 :
1161 621 1252 674 sed
1289 622 1404 675 vice
1435 624 1674 676 omnium
1706 625 1836 678 mihi
1867 635 1993 678 sunt
2020 628 2264 680 testimo-

714 715 797 765 nia
829 723 918 767 tua
946 733 957 766 :
995 714 1107 767 haec
1141 715 1355 783 gaudia,
1390 717 1469 769 hae
1494 718 1691 771 divitia:
1725 735 1875 773 meae.

790 803 872 859 16.
902 804 965 857 In
985 807 1589 873 justi/icatiouilms,tuis
1620 812 1926 875 meditabor,
1962 829 2059 865 non
2087 812 2267 865 oblivi-

708 912 827 948 scar
867 913 1127 950 sermones
1183 908 1320 950 ιιιοδ.
1359 898 1471 952 NOII
1509 901 1798 954 verborum
1855 911 2058 957 tantum
2111 915 2267 958 tenus

709 989 983 1042 meditatio
1014 991 1141 1043 illa:
1179 991 1268 1043 sed
1304 992 1372 1045 ita
1419 1002 1476 1046 ut
1503 994 1594 1062 qui
1632 994 1877 1063 intelligit
1902 1012 1961 1049 ea
1997 1013 2267 1065 exsequa-

709 1087 813 1131 tur.
847 1078 962 1131 Non
993 1079 1136 1133 enim
1181 1083 1455 1135 auditores
1481 1085 1955 1153 justilieatiouum,
1983 1088 2114 1156 justi
2143 1095 2267 1140 sunt

705 1171 845 1237 apud
876 1170 1064 1233 Deum,
1098 1174 1188 1226 sed
1219 1173 1448 1230 factores
1479 1192 1687 1230 carum.
1715 1177 1790 1231 ita
1810 1180 1952 1232 enim
1987 1195 2146 1233 nemo
2170 1196 2268 1233 un-

705 1277 865 1329 quam
897 1279 1081 1316 carum
1111 1266 1477 1321 obliviscetur.

761 1352 844 1405 17.
874 1352 1115 1407 Retribue
1141 1374 1284 1410 servo
1312 1370 1418 1417 tuo.
1442 1359 1645 1427 rivi/ica
1676 1378 1772 1416 me.
1790 1362 1992 1434 Ecquid
2017 1366 2264 1422 vultdari

704 1443 805 1497 sibi
839 1460 934 1512 pro
962 1446 1026 1500 iis
1059 1463 1179 1515 qua».
1211 1450 1412 1515 attulit,
1445 1451 1548 1505 nisi
1588 1463 1644 1507 ut
1682 1455 1800 1523 ejus
1833 1473 1988 1510 mens
2024 1459 2265 1514 illustre-

704 1542 813 1597 tur,
841 1535 946 1588 nisi
974 1545 1030 1589 ut
1059 1550 1352 1606 cognoscat
1385 1542 1654 1596 mirabilia
1685 1561 1846 1613 opera
1878 1547 2009 1602 Dei?

767 1625 853 1678 18.
886 1625 1072 1680 Revela
1118 1629 1294 1682 oculos
1339 1648 1496 1697 meos,
1529 1643 1577 1687 et
1617 1636 1955 1690 considerabo
2003 1642 2264 1694 mirabilia

700 1717 761 1768 de
801 1716 907 1786 lege
954 1729 1064 1772 tua.
1108 1718 1434 1787 Vanitatem,
1477 1725 1674 1794 inquit,
1718 1729 1940 1796 hujusce
1987 1733 2108 1784 vita:
2157 1748 2262 1787 non

700 1806 831 1858 mihi
864 1810 1134 1877 propriam
1169 1812 1340 1874 clleci,
1369 1830 1537 1883 quare
1566 1817 1875 1872 divinorum
1900 1823 2260 1890 cognitionem

701 1899 1067 1955 mandatorum
1101 1915 1314 1975 expeto,
1353 1923 1587 1976 quorum
1623 1911 1728 1964 alia
1769 1922 1917 1975 uota,
1955 1915 2056 1968 alia
2082 1917 2264 1986 ignota
2302 1883 2340 1936 Β

698 2001 844 2048 sunt.
881 1992 1020 2049 Nota
1052 1997 1268 2066 quidem
1316 2011 1444 2053 sunt
1472 2017 1486 2054 :
1518 2000 1639 2054 Non
1676 2005 1876 2057 occides
1919 2014 1972 2061 et
2015 2024 2134 2078 quae
2183 2027 2267 2066 se-

697 2087 1033 2155 quuntur";
1084 2089 1264 2158 ignota
1325 2104 1450 2146 sunt
1506 2093 1634 2159 alia,
1669 2097 1816 2150 verbi
1862 2100 2056 2165 gratia,
2095 2118 2266 2171 quare

700 2180 851 2245 pueri
883 2188 1074 2234 octavo
1119 2182 1204 2236 die
1244 2182 1744 2252 circumciduntur,
1778 2198 1829 2242 et
1859 2206 1964 2259 qua
1997 2192 2062 2247 de
2101 2209 2264 2250 causa

696 2286 793 2337 pio
826 2286 1014 2327 recens
1046 2273 1184 2327 natis
1213 2273 1514 2329 oﬂ'eruntur
1540 2278 1830 2334 sacriticia.

763 2425 852 2479 2i.
879 2426 1169 2496 lncrepasti
1196 2431 1463 2498 superbos.
1504 2432 1609 2499 Qui
1639 2436 1888 2505 superbis
1920 2439 2147 2506 resistit,
2175 2442 2262 2498 hic

695 2518 937 2591 increpat
968 2525 1228 2593 superbos
1254 2545 1266 2580 :
1296 2532 1444 2597 atqui
1473 2527 1734 2584 Dominus
1759 2532 1967 2588 resistit
1990 2539 2258 2606 superbis,

693 2610 955 2670 Dominus
982 2614 1144 2685 igitur
1170 2617 1413 2687 increpat
1446 2620 1728 2689 superbos.

758 2785 848 2838 22.
873 2786 1037 2855 Aufer
1071 2805 1101 2840 a
1127 2804 1207 2842 me
1249 2790 1579 2857 opprobrium
1607 2802 1657 2847 et
1688 2803 2056 2866 contemptum.
2103 2799 2254 2871 lmpii

695 2877 746 2929 in
789 2886 1027 2948 tempore
1058 2883 1448 2950 persecutionis
1497 2885 1915 2954 exprobrantes,
1968 2906 2054 2945 me
2100 2893 2253 2947 nihili

694 2969 910 3024 facient.
940 2969 1088 3041 Rogo
1122 2973 1300 3041 itaque
1333 2984 1392 3026 ut
1427 2989 1562 3027 vana
1605 2976 1715 3029 sint
1751 2980 2038 3047 opprobria
2067 2997 2253 3037 eorum

693 3059 824 3112 mihi
856 3060 1022 3114 illata.
1048 3047 1104 3114 Si
1127 3063 1363 3130 quando.
1392 3063 1587 3133 inquit,
1619 3077 1806 3121 contra
1839 3085 2056 3125 carnem
2085 3075 2252 3137 sensi,

693 3151 787 3204 sed
811 3166 1104 3207 conversus
1134 3169 1263 3225 rogo
1287 3156 1485 3211 divinis
1519 3158 1697 3214 verbis
1726 3161 2005 3216 viviﬁcari.
2041 3163 2096 3217 Si
2127 3167 2250 3235 qui-

691 3242 812 3295 dem
842 3242 913 3296 ita
953 3243 1019 3297 ad
1053 3253 1352 3300 extremum
1389 3251 1651 3318 angustiae
1692 3253 1942 3310 redactus
1985 3273 2127 3318 sum.
2162 3259 2246 3312 in—

689 3333 829 3400 quit,
853 3349 981 3405 rogo
1004 3336 1215 3391 liberari
1238 3355 1324 3394 me
1354 3342 1421 3396 ab
1445 3342 1810 3412 iniquisjuxta
1833 3348 2246 3415 promissionem

692 3435 862 3480 tuam.

756 3513 848 3579 25,
873 3513 962 3568 24.
996 3513 1204 3570 Etenim
1235 3518 1478 3576 sederunt
1505 3524 1764 3593 principes
1793 3536 1840 3580 et
1866 3527 2142 3583 adversum
2171 3549 2250 3585 me

689 3607 1055 3676 loquebantur,
1084 3620 1190 3667 etc.
1234 3611 1376 3676 Ideo,
1402 3615 1597 3686 inquit,
1629 3621 1811 3691 rogavi
1845 3634 1899 3676 ut
1945 3622 2251 3680 auferretur

689 3700 1058 3769 opprobrium,
1081 3704 1203 3773 quia
1222 3705 1510 3763 adversum
1529 3726 1613 3765 me
1637 3712 1992 3782 loquebantur
2009 3718 2243 3773 assidue.

688 3792 950 3847 Caeterum
974 3793 1026 3848 id
1053 3799 1335 3864 agentibus
1359 3801 1691 3870 principibus
1716 3804 2037 3874 iniquitatis,
2060 3824 2248 3865 servus

689 3882 782 3938 Dei
814 3899 920 3938 non
972 3887 1214 3942 abscedit
1242 3905 1270 3943 a
1301 3891 1782 3960 justiﬁcationibus
1812 3897 1932 3967 ejus
1961 3918 1974 3953 :
2004 3899 2096 3954 Dei
2125 3917 2247 3956 ver-

690 3974 794 4039 bis,
842 3991 964 4045 quze
1008 3977 1426 4045 iustiﬁcationes
1464 3994 1641 4050 vocat,
1671 3988 2106 4058 consiliariorum
2129 3991 2248 4047 loco

687 4066 755 4117 ad
786 4081 906 4120 eam
939 4083 1049 4122 rem
1079 4086 1228 4126 usus.
1265 4071 1586 4145 Hujusmodi
1628 4089 1808 4134 autem
1841 4082 2004 4136 homo
2041 4084 2246 4140 nullum

689 4156 889 4211 malum
923 4159 1155 4216 admittit
1185 4166 1580 4221 consiliarium.
1633 4169 1737 4245 Sed
1778 4172 2051 4243 principes
2087 4176 2249 4245 hujus

689 4249 892 4315 sa-culi,
915 4251 1059 4306 velut
1089 4263 1277 4309 contra
1309 4255 1588 4314 Christum
1618 4275 1964 4318 convenerunt
1992 4265 2046 4319 iu
2087 4283 2246 4321 unum

689 4340 934 4394 adversus
962 4342 1246 4399 Dominum
1275 4358 1324 4402 et
1356 4349 1600 4406 adversus
1633 4353 1900 4410 Christum
1942 4359 2052 4428 ejus
2074 4360 2138 4414 “.
2167 4362 2246 4417 Ad

689 4448 825 4503 quos
847 4436 1079 4504 pertinet
1105 4442 1365 4509 sapientia
1401 4444 1564 4515 hujus
1600 4445 1808 4503 saeculi.

753 4617 1420 4689 25.Adliwsitpavimeuto
1463 4628 1642 4680 anima
1671 4645 1803 4684 mea.
1855 4632 1938 4688 Ad
1994 4634 2243 4693 ultimum

686 4710 948 4776 angustiae
979 4710 1244 4768 deductus
1276 4731 1418 4783 sum,
1446 4718 1642 4789 inquit,
1667 4724 1982 4792 compulsus
2010 4743 2038 4780 a
2076 4729 2248 4784 scele-

686 4798 838 4862 ratis,
859 4805 912 4852 et
940 4814 1070 4870 rogo
1091 4803 1317 4859 salutem
1350 4808 1480 4862 mihi
1508 4809 1668 4865 tribui
1692 4815 1986 4870 secundum
2018 4823 2250 4888 promis-

687 4889 892 4943 sionem
925 4899 1069 4945 tuam
1105 4911 1208 4964 qua
1239 4898 1423 4954 dixisti
1451 4919 1463 4954 :
1493 4901 1562 4954 Et
1602 4911 1851 4960 torrentes
1889 4925 1992 4964 non
2031 4914 2247 4967 conclu-

686 4979 807 5033 dant
843 4991 908 5034 te.

752 5070 843 5134 26,
875 5071 962 5126 27.
1006 5073 1130 5130 Vias
1166 5094 1304 5132 meas
1344 5085 1610 5139 enuntiavi
1648 5098 1695 5142 et
1725 5092 1989 5145 exaudiui
2023 5110 2121 5148 me.
2149 5133 2162 5147 .
2187 5133 2202 5148 .
2231 5136 2244 5148 .

698 5162 848 5216 Viam
867 5165 1313 5236 justiﬁcatiouum
1345 5182 1555 5229 tuarum
1582 5179 1869 5251 intelligere
1900 5200 1980 5237 me
2007 5185 2110 5252 fac.
2149 5186 2248 5241 Ac-

687 5266 837 5323 cepta
881 5257 1024 5310 enim
1072 5261 1424 5333 intelligentia
1456 5269 1851 5338 'mysteriorum
1889 5274 2028 5343 ejus,
2058 5284 2246 5345 potero

685 5345 828 5398 circa
857 5347 1124 5403 mirabilia
1151 5353 1270 5422 ejus
1294 5360 1496 5412 versari
1526 5369 1580 5414 et
1610 5361 1676 5416 de
1718 5363 1785 5416 iis
1818 5379 2120 5421 sermonem
2144 5368 2244 5422 ha-

685 5445 830 5491 bere.

752 5527 842 5581 ‘28.
882 5527 1196 5587 Dormitavit
1245 5539 1422 5591 anima
1458 5557 1573 5595 mea
1607 5559 1715 5611 prie
1737 5544 1911 5600 trrdio.
1946 5545 2110 5604 Docet
2135 5564 2241 5603 non

687 5632 844 5683 posse
874 5621 979 5676 alio
1007 5625 1164 5679 modo
1194 5629 1435 5697 segnitiei
1462 5632 1712 5702 spiritum
1731 5638 2121 5707 expelli,quam
2149 5657 2246 5710 per

686 5706 1084 5769 meditationem
1110 5716 1418 5775 divinorum
1450 5725 1813 5795 eloquiorum.
1848 5706 2038 5788 Sobrie
2062 5706 2245 5804 itaque

752 5818 800 5854 ⁸³
824 5819 990 5881 Exod.
1020 5843 1108 5896 xx,
1135 5830 1201 5886 15
1229 5848 1341 5900 seq.
1390 5835 1436 5867 “
1473 5835 1614 5894 Psal.
1647 5855 1705 5903 ιι,
1734 5841 1788 5896 9.

2366 628 2421 679 δὲ
2456 628 2668 681 πάντων
2727 629 2847 697 ἐμοὶ
2906 626 2972 678 τὰ
3024 624 3298 695 μαρτύριά
3342 641 3456 684 σου,
3490 624 3796 696 εὐφροσύνη
3847 628 3933 680 καὶ

2368 717 2607 778 πλοῦτος.

2451 810 2544 862 Ἐν
2582 808 2703 873 τοῖς
2741 807 3090 875 δικαιώμασί
3137 822 3252 860 σου
3291 806 3621 876 μελετήσωο
3667 809 3780 860 οὐκ
3818 808 3936 859 ἐπι-

2366 899 2625 968 λήσομαι
2647 899 2766 952 τῶν
2801 899 2994 967 λόγων
3047 917 3182 952 σου.
3214 900 3287 950 Οὐ
3342 898 3500 969 μέχρι
3529 898 3727 962 λέξεως
3778 901 3810 969 ἡ
3849 917 3935 968 με·

2367 991 2514 1062 λέτη⁶
2539 991 2674 1045 ἀλλά
2690 991 2778 1043 τὸν
2799 992 3085 1061 νενοηκότα
3108 993 3247 1043 ποιεῖ
3267 989 3422 1043 αὑτά.
3445 991 3518 1042 Οὐ
3545 990 3652 1060 γὰρ
3675 990 3937 1060 ἀκροαταὶ

2367 1084 2746 1153 δικαιωμάτων
2778 1083 2911 1136 Θεοῦ
2964 1082 3159 1135 δίκαιοι
3210 1081 3356 1152 παρά
3408 1080 3486 1148 τῴ
3536 1081 3676 1150 Θεῷ,
3728 1081 3842 1132 ἀλλ’
3888 1082 3935 1132 οἱ

2368 1177 2587 1246 ποιηταὶ
2645 1176 2842 1229 αὐτῶν.
2916 1175 3070 1228 υῦτω
3125 1173 3232 1242 γὰρ
3291 1172 3543 1225 οὐδέποτέ
3605 1188 3688 1234 τις
3762 1171 3935 1224 αὐτῶν

2366 1269 2699 1338 ἐπιλήσεται.

2450 1359 2810 1425 Ἀνταπόὸος
2843 1359 2921 1423 τῷ
2952 1358 3148 1425 δούλῳ
3187 1373 3323 1421 σου,
3381 1355 3567 1423 ζῆσόν
3598 1373 3694 1426 με.
3752 1357 3861 1408 Καὶ
3886 1358 3934 1408 τί

2368 1451 2610 1523 βούλεται
2644 1450 2979 1521 ἀντιδοθῆναι
3005 1449 3152 1520 αὑτῴ
3187 1450 3302 1502 ἀνθ’
3330 1442 3403 1502 ὧν
3437 1448 3808 1515 είσενέγκατο,
3858 1448 3934 1510 5i;

2365 1546 2424 1597 τὸ
2450 1543 2780 1614 φωτισθῆναι
2824 1542 2987 1594 αὑτοῦ
3019 1541 3115 1610 τὴν
3145 1541 3401 1603 διάνοιαν,
3432 1540 3509 1602 είς
3555 1538 3616 1591 τὸ
3649 1539 3850 1607 γνῶναι
3869 1539 3932 1590 τὰ

2367 1634 2649 1704 Θαυμαστὰ
2697 1634 2829 1702 ἔργα
2889 1632 2980 1686 τοῦ
3051 1632 3219 1696 Θεοῦ;
3301 1630 3729 1698 Ἀποκιὶλυψον
3796 1631 3933 1695 τοὺς

2366 1728 2708 1796 ὀφθαλμούς
2727 1743 2865 1795 μου,
2904 1726 3000 1777 καὶ
3061 1722 3413 1789 κατανοήσω
3443 1723 3512 1776 τὰ
3535 1722 3837 1792 θαυμάσια
3869 1724 3932 1775 ἐκ

2366 1819 2471 1871 τοῦ
2516 1819 2702 1886 νόμου
2730 1835 2863 1870 σου.
2903 1818 3014 1868 Οὐκ
3042 1816 3266 1877 οἰκείαν,
3295 1814 3448 1885 φησὶ,
3478 1814 3572 1884 τὴν
3627 1816 3684 1867 ἐν
3732 1813 3811 1882 τῷ
3839 1813 3934 1883 βίῳ

2368 1904 2665 1974 πεποίημαι
2697 1905 3050 1975 ματαιότητα·
3075 1904 3154 1956 διὸ
3208 1903 3344 1957 αίτῶ
3392 1902 3590 1970 γνῶσιν
3629 1901 3738 1955 τῶν
3778 1903 3933 1955 θείων

2367 1997 2616 2060 δέξασθαι
2665 1996 2914 2049 ἐντολῶν·
2943 1998 2994 2048 αἱ
3032 1995 3128 2066 μὲν
3175 1995 3283 2063 γὰρ
3329 1994 3565 2061 γνωσταί
3618 1993 3934 2046 είσινάίδὲ

2366 2088 2648 2155 ἄγνωστοι·
2673 2087 2906 2155 γνωσταὶ
2945 2087 3041 2156 μὲν
3085 2087 3157 2149 ὡς
3199 2079 3280 2147 τὸ,
3305 2088 3386 2138 Οὐ
3441 2085 3783 2152 φονεύσεις,
3841 2082 3932 2136 καὶ

2364 2180 2431 2232 τὰ
2461 2180 2643 2250 ἕτερα⁹
2675 2179 2937 2246 ἄγνωστοι
2969 2178 3022 2230 δὲ
3055 2177 3134 2236 τὸ,
3183 2179 3326 2236 τίνος
3383 2179 3540 2247 χάριν
3593 2178 3653 2230 ἐν
3679 2180 3745 2247 τῇ
3774 2175 3931 2248 ὀγδόῃ

2363 2271 2544 2342 ἡμέρα
2575 2270 2642 2323 τὰ
2679 2270 2847 2341 βρέφη
2887 2269 3300 2359 περιτέμνεταιι.
3331 2270 3388 2338 ἢ,
3423 2269 3564 2331 τίνος
3605 2268 3766 2339 χάριν
3797 2268 3931 2339 ὑπὲρ

2364 2363 2756 2433 ἀρτιγεννήτων
2785 2361 3140 2432 ἀναφέρονται
3170 2359 3368 2412 θυσίαι.

2447 2454 2833 2522 Ἐπετίμησας
2890 2451 3310 2520 ὑπερηφάνοις.
3369 2452 3428 2504 '0
3480 2453 3930 2522 ἀντιτασσόμενος

2361 2544 2471 2605 τοῖς
2497 2543 2884 2614 ὑπερηφάνοις,
2921 2538 3074 2604 οὗτος
3125 2543 3217 2595 καὶ
3266 2542 3633 2613 ὑπερηφάνοις
3683 2544 3925 2613 ἐπιτιμᾷ.

2361 2635 2562 2706 Κύριος
2608 2636 2664 2688 δὲ
2717 2635 3082 2706 ὑπερηφάνοις
3130 2635 3524 2698 ἀντιτάσσεται,
3574 2634 3781 2706 Κύριος
3825 2636 3928 2704 ἄρα

2358 2727 2450 2777 καὶ
2490 2729 2597 2788 τοῖς
2623 2726 2988 2795 ὑπερηφάνοις
3015 2727 3260 2796 ἐπιτιμᾷ.

2429 2818 2670 2884 Περίελε
2697 2817 2797 2868 ἀπ’
2825 2815 2968 2884 ἐμοῦ
3001 2814 3228 2879 ὄνειδος
3276 2813 3373 2868 καὶ
3409 2814 3831 2879 ἐξουδένωσιν.
3866 2816 3928 2868 Οί

2357 2907 2573 2971 ἀσεϐεῖς
2599 2909 2656 2960 ἐν
2687 2907 2858 2978 καιρῷ
2882 2905 3120 2978 διωγμοῦ
3150 2905 3496 2969 ὀνειδίζοντες
3524 2903 3928 2978 ἐξουδενήσουσί

2360 3021 2447 3074 με.
2483 3000 2748 3069 Αἰτοῦμαι
2781 2996 2871 3053 οὖν
2933 3000 3015 3051 ἵνα
3075 2997 3277 3067 μάταια
3323 2998 3587 3066 γένωνται
3647 3000 3768 3051 κατ’
3793 2998 3928 3071 ἐμοῦ

2356 3095 2550 3164 ὀνείδη.
2588 3093 2697 3145 Καὶ
2756 3094 2806 3144 εἴ
2852 3109 3004 3152 ποτε,
3041 3091 3196 3161 φησὶ,
3256 3090 3575 3160 πεφρόνηκα
3635 3092 3778 3144 κατά
3832 3091 3930 3159 τῆς

2359 3186 2579 3259 σαρκὸς,
2611 3183 2724 3238 ἀλλ’
2743 3183 3074 3254 ἐπιστρέψας
3098 3181 3234 3234 αἰτῶ
3261 3183 3373 3243 τοῖς
3395 3181 3557 3245 θείοις
3595 3179 3932 3253 ζωοποιηθῆο

2353 3297 2439 3332 ναι
2472 3279 2666 3346 λόγοιςο
2696 3278 2744 3329 εί
2773 3275 2942 3338 οὕτως
2977 3277 3054 3337 είς
3084 3275 3316 3345 ἐσχάτην
3361 3267 3494 3342 ἦκον
3521 3275 3778 3346 ἀπορίαν,
3824 3293 3928 3346 φη-

2353 3372 2456 3431 σὶν,
2487 3369 2861 3438 ἐλαυνόμενος,
2889 3369 2951 3418 ἐκ
2989 3365 3095 3420 τῶν
3147 3365 3600 3437 παρανομούντων
3652 3365 3792 3431 ἀξιῶ
3827 3385 3931 3421 σω-

2350 3463 2504 3531 θῆναι
2533 3461 2672 3513 κατά
2718 3460 2816 3527 τὴν
2846 3457 3172 3526 ἐπαγγελίαν
3213 3475 3324 3510 σου.

2418 3551 2520 3604 Καὶ
2549 3551 2658 3618 γὰρ
2686 3548 2973 3602 ἐκάθισαν
3000 3547 3284 3618 ἄρχοντες
3312 3548 3410 3602 καὶ
3445 3550 3570 3603 κατ’
3609 3548 3756 3619 ἐμοῦ
3788 3566 3928 3603 κατ-

2348 3639 2629 3693 ελάλουν.
2682 3638 2780 3691 Διά
2839 3638 3029 3703 τοῦτο,
3077 3641 3260 3710 φησιν,
3304 3640 3480 3711 ᾔτησα
3526 3642 3927 3712 περιαιρεῖσθαι

2347 3732 2406 3784 τὸ
2442 3731 2658 3794 ὄνειδος,
2688 3731 2808 3783 ἐπεὶ
2858 3730 3016 3802 ἔργον
3061 3726 3205 3801 εἶχον
3271 3732 3330 3784 τὸ
3379 3731 3558 3786 λαλεῖν
3611 3736 3734 3786 κατ’
3767 3733 3924 3804 ἐμοῦ.

2348 3823 2492 3892 Πλὴν
2517 3824 2610 3876 καὶ¹
2634 3823 2740 3875 τῶν
2767 3823 3040 3892 ἀρχόντων
3070 3824 3170 3893 τῆς
3209 3822 3422 3885 ἀδικίας
3472 3821 3644 3876 ταῦτα
3705 3827 3926 3898 ποιούν-

2349 3907 2477 3978 των,
2504 3917 2532 3968 ό
2561 3913 2653 3967 τοῦ
2683 3913 2817 3967 Θεοῦ
2847 3913 3030 3978 δοῦλος
3055 3915 3153 3968 οὐκ
3185 3915 3475 3985 ἀφίσταται
3496 3915 3604 3967 τῶν
3623 3916 3930 3988 δικαιωμά-

2347 4025 2454 4061 των
2510 4006 2692 4061 αὺτοῦ·
2751 4007 2876 4070 τοὺς
2923 4007 3016 4061 τοῦ
3077 4006 3212 4061 Θεοῦ
3259 4007 3470 4076 λόγους,
3521 4008 3662 4079 ἅπερ
3715 3999 3926 4080 έὲρη-δι-

2349 4099 2656 4171 καιώματα,
2694 4099 3024 4171 συμϐούλους
3056 4099 3194 4170 ἔχων
3243 4099 3380 4170 πρὸς
3427 4099 3601 4153 τοῦτο.
3657 4101 3782 4154 Οὐδ’
3829 4100 3923 4153 ἕνα

2347 4193 2402 4246 δὲ
2428 4193 2660 4264 πονηρὸν
2689 4193 2717 4244 ὁ
2756 4191 2994 4254 τοιοῦτος
3022 4192 3323 4263 ἐπιδέχεται
3379 4192 3698 4264 σύμϐουλον.
3763 4194 3922 4248 Ἀλλὰ

2348 4285 2441 4337 καὶ
2484 4285 2532 4335 οἱ
2593 4283 2850 4355 ἄρχοντες
2899 4283 3085 4338 τούτου
3129 4285 3222 4339 τοῦ
3264 4285 3476 4348 αἰῶνος,
3531 4285 3783 4358 καθάπερ
3829 4287 3922 4341 ἐπὶ

2348 4376 2581 4445 Χριστοῦ
2645 4375 3046 4444 συνήχθησαν
3100 4377 3197 4430 ἐπὶ
3270 4377 3336 4431 τὸ
3397 4377 3543 4432 αὐτὸ
3606 4381 3760 4435 κατὰ
3815 4379 3923 4434 τοῦ

2348 4469 2568 4536 Κυρίου
2607 4469 2703 4522 καὶ
2735 4469 2884 4544 κατὰ
2913 4470 3016 4523 τοῦ
3058 4468 3312 4537 Χριστοῦ
3354 4471 3560 4526 αὐτοῦ.
3619 4467 3720 4526 Ἦν
3774 4475 3922 4526 ἐστιν

2279 4555 2321 4609 D
2347 4561 2379 4631 ὴ
2409 4559 2566 4628 σοφία
2592 4559 2686 4612 τοῦ
2719 4560 2909 4623 αἰῶνος
2939 4560 3148 4613 τούτου.

2432 4652 2763 4720 Ἐκολλήθη
2796 4652 2875 4717 τῷ
2901 4652 3101 4722 ἐδάφει
3133 4655 3171 4721 ἡ
3216 4655 3386 4724 ψυχή
3436 4672 3574 4724 μου.
3610 4657 3708 4720 Εἰς
3759 4658 3924 4728 ἐσχά-

2348 4759 2445 4812 την
2473 4738 2605 4813 ἦκον
2638 4742 2890 4813 ἀπορίαν,
2923 4744 3105 4814 φησὶν,
3140 4745 3491 4816 ἐλαυνόμενος
3520 4747 3623 4800 ὑπό
3677 4747 3788 4800 τῶν
3817 4767 3924 4802 πα-

2351 4832 2746 4905 ρανομούντων,
2795 4835 2888 4887 καὶ
2927 4835 3062 4902 ἀξιῶ
3094 4837 3329 4907 σωθῆναι
3377 4839 3516 4891 κατά
3546 4840 3647 4910 τὴν
3681 4842 3924 4912 ἐπαγγε-

2348 4926 2464 4978 λίαν
2495 4943 2586 4978 σου
2615 4926 2712 4995 τὴν
2741 4925 3020 4994 λέγουσαν·
3054 4930 3161 4982 Καὶ
3204 4931 3504 5000 χείμαρῤοι
3534 4933 3605 4986 οὐ
3637 4936 3924 5003 avg-1.136-

2349 5030 2424 5066 σο
2433 5015 2534 5066 υσί
2560 5027 2649 5066 σε.

2425 5105 2532 5170 Τὰς
2600 5105 2776 5172 ὁδούς
2836 5125 2955 5176 μου
3011 5108 3359 5180 ἐξήτγειλα,
3412 5114 3511 5168 καὶ
3568 5114 3925 5183 ἐπήκουσὰς

2343 5214 2461 5265 μου
2491 5233 2507 5250 .
2543 5236 2556 5248 .
2594 5237 2607 5249 .
2650 5197 2813 5252 Ὀδύν
2852 5199 3256 5271 δικαιωμάτων
3308 5222 3424 5260 σου
3467 5208 3800 5262 συνέτισόν
3819 5227 3917 5279 με.

2351 5289 2568 5342 Σύνεσιν
2594 5291 2700 5360 γὰρ
2733 5291 2839 5343 τῶν
2861 5294 2917 5344 ἐν
2945 5295 3125 5358 αὐτοῖς
3153 5298 3464 5368 μυστηρίων
3493 5298 3695 5361 λαϐὼν,
3727 5300 3804 5364 ὼς
3828 5304 3922 5355 καὶ

2348 5379 2550 5451 ταύτην
2577 5382 2809 5445 ὁδεῦσαι,
2840 5383 3134 5455 δυνήσομαι
3188 5389 3444 5460 περὶτῶν
3486 5391 3545 5443 ὲν
3579 5391 3768 5454 αὐτοῖς
3792 5392 3920 5445 Bac.

2344 5471 2550 5540 μασίων
2573 5474 2777 5544 ὁμιλεῖν
2805 5492 2863 5528 τε
2887 5478 2979 5529 καὶ
3009 5477 3162 5545 λόγον
3192 5482 3477 5535 ποιεῖσθαι.

2427 5564 2794 5630 Ἐνύσταξεν
2843 5567 2882 5633 ἡ
2932 5569 3101 5637 ψυχή
3144 5589 3262 5639 μου
3296 5574 3413 5627 ἀπὸ
3450 5572 3725 5640 ἁκηδίας.
3763 5573 3916 5625 mea-

2344 5669 2483 5714 σκει,
2513 5653 2588 5717 ὡς
2627 5654 2684 5708 τὸ
2722 5657 2938 5728 πνεῦμα
2991 5660 3091 5729 τῆς
3123 5661 3348 5730 ἀκηδίας
3404 5664 3503 5717 οὐκ
3558 5663 3708 5717 ἐστιν
3741 5663 3913 5724 ἄλλως

2341 5742 2678 5818 ἐκϐάλλεινῆ
2715 5750 2776 5801 ὲκ
2807 5749 2906 5819 τῆς
2942 5751 3168 5822 μελέτης
3199 5755 3306 5807 τῶν
3354 5753 3512 5811 θείων
3550 5755 3772 5825 λογίων.
3800 5756 3911 5825 Νή-
