4126 6488
184 425 285 481 485

1255 426 1614 485 ΕΧΡΟΞΙΤΙΟ
1654 429 1720 485 IN
1759 429 2087 487 PSALMUM
2125 429 2352 486 CXVIII.

3300 444 3405 503 486

186 560 299 609 φειν
324 556 416 593 σαν
463 539 561 593 καὶ
601 542 891 611 γρηγορεῖν
923 540 1027 613 χρὴ
1073 541 1161 594 διὰ
1202 542 1292 595 τὸν
1325 543 1561 598 εἰπόντα·
1595 548 1741 614 Γρη-

1852 561 2009 615 agere
2034 554 2086 602 et
2115 546 2340 615 vigilare
2363 546 2613 601 convenit
2637 560 2854 620 propter
2886 566 3009 607 eum
3052 571 3144 625 qut
3169 556 3301 613 dicit
3320 562 3362 593 δ’
3388 580 3401 617 :

182 629 399 700 τορεῖτε
430 631 529 683 καὶ
571 633 993 701 προσεύχεσθε.

262 721 436 775 Ὀδὸν
495 722 1121 791 ἀδικίας-’ἀπόστησον
1166 726 1263 779 ἀπ’
1308 726 1475 796 ἐμοῦ,
1514 729 1611 782 καὶ
1668 728 1747 794 τῷ

182 816 339 881 νόμῳ
361 831 481 866 σου
511 814 771 881 ἐλέησόν
818 834 913 885 με.
954 818 1121 871 Ὁδὸι·
1144 820 1420 886 ἀληθείας
1475 821 1749 888 ῄρετισά-

178 922 315 973 μην,
355 904 428 957 Τὸ
461 906 558 974 μὲν
582 907 720 958 αἰτεῖ
748 908 895 979 παρᾶ
922 908 1076 973 Θεοῦ,
1104 909 1163 961 τὺ
1185 909 1241 961 δὲ
1273 910 1449 981 ἐαυτῷ
1476 913 1745 984 είσφέρειν

181 996 451 1065 ὁμολογεῖ.

264 1089 678 1156 Ἀπόστρεψον
736 1091 875 1157 τοὺς
932 1094 1273 1164 ὀφθαλμούς
1327 1115 1445 1165 μου
1510 1097 1617 1150 τοῦ
1659 1096 1744 1165 μὴ

183 1180 330 1233 ἰδεῖν
353 1183 736 1248 μιιταιότητιι.
764 1184 1071 1253 Ἀίαταιότης
1117 1188 1261 1238 ἐστὶν
1284 1188 1315 1257 ἡ
1343 1189 1468 1258 περὶ
1496 1188 1591 1251 τὰς
1622 1188 1746 1250 θέας

184 1272 369 1341 μανία,
402 1276 433 1345 ἡ
472 1275 599 1345 περὶ
622 1276 726 1326 τῶν
759 1276 830 1347 μὴ
854 1276 1075 1329 δεόντων
1122 1278 1339 1349 θεωρία,
1391 1283 1483 1335 καί
1520 1283 1551 1352 ή
1606 1282 1745 1335 κατὰ

181 1364 416 1418 διάνοιαν
471 1367 527 1420 δὲ
575 1368 770 1431 ἄτοπος
806 1371 1091 1438 φαντασία,
1146 1373 1211 1443 ἣν
1267 1373 1361 1426 καὶ
1413 1374 1746 1445 σαφηνίζειὸ

185 1456 392 1519 Παῦλος
421 1457 612 1526 λέγων·
659 1459 758 1511 Ἐν
814 1462 1158 1529 ματαιότητι
1222 1465 1327 1517 τοῦ
1358 1464 1498 1531 νοὸς
1549 1465 1747 1519 αὐτῶν

179 1549 571 1617 ἐσκοτωμένοι
603 1548 675 1616 τῇ
708 1549 935 1619 διανοίῃ
968 1552 1156 1620 ὄντες,
1206 1556 1745 1626 ἀπηλλοτριωμένοι

181 1639 288 1705 τῆς
316 1640 467 1709 ζωῆς
492 1641 597 1695 τοῦ
635 1642 801 1696 Θεοῦ.
849 1645 989 1717 Ὅρα
1018 1648 1353 1718 ματαιότητα
1380 1649 1497 1712 νοὸς
1522 1649 1747 1721 λεγομέο

180 1749 295 1801 νην,
327 1733 406 1785 ὅτ’
433 1732 500 1785 ἂν
534 1736 633 1803 σχῇ
669 1751 752 1798 τις
779 1736 922 1799 νοῦν,
959 1739 1051 1791 καὶ
1103 1739 1291 1792 τούτου
1351 1741 1425 1813 μὴ
1478 1744 1745 1814 χρήσηται

179 1826 312 1894 πρὸς
340 1825 440 1895 τὴν
462 1825 567 1877 τῶν
596 1825 809 1897 ἀληθῶν
857 1828 1107 1899 θεωρίαν,
1136 1831 1270 1886 ἀλλὰ
1314 1834 1540 1905 παρέχει
1588 1836 1746 1889 αὑτὸν

1863 641 2083 710 Vigilate
2114 651 2161 695 et
2190 651 2355 696 orate.

1923 733 2016 797 29,
2043 733 2130 787 50.
2177 733 2327 787 l’iam
2370 736 2664 804 iniquitatis
2697 754 2875 792 amove
2916 756 2945 791 a
2994 757 3093 801 me,
3119 752 3165 795 et
3198 743 3261 796 de
3300 745 3405 815 lege

1850 837 1938 880 tua
1968 826 2207 878 miserere
2226 827 2359 880 mei.’
2380 826 2528 880 Viam
2559 830 2794 882 veritatis
2826 830 2976 899 elegi.
3018 831 3149 884 Illud
3185 832 3407 902 quidem

1844 935 1873 974 a
1908 919 2017 974 Deo
2046 919 2299 989 postulat,
2324 922 2426 976 hoc
2450 936 2507 975 se
2532 921 2630 976 sibi
2660 922 2930 978 ascribere
2960 924 3265 979 conﬁtetur.

1917 1087 2005 1141 57.
2036 1090 2218 1142 Averte
2243 1087 2421 1141 oculos
2471 1104 2607 1141 meos
2636 1105 2698 1141 ne
2728 1087 2932 1142 rideant
2970 1089 3277 1143 vanitatem.
3303 1087 3410 1142 Va-

1845 1160 1987 1234 riitas
2002 1186 2085 1233 est
2106 1180 2536 1249 spectaculorum
2568 1180 2790 1234 insanus
2814 1196 2991 1246 amor,
3014 1180 3199 1234 illicita
3229 1196 3410 1236 rerum

1846 1273 2178 1343 speeulatio,
2225 1272 2465 1327 absurda
2514 1272 2795 1341 phantasia
2838 1274 2893 1327 in
2949 1282 3127 1328 mente
3171 1285 3408 1344 recepta,

1845 1380 2006 1434 quam
2032 1365 2299 1435 signiﬁcat
2322 1363 2523 1419 Paulus
2556 1365 2638 1419 his
2669 1366 2846 1420 verbis
2874 1383 2888 1419 :
2923 1365 2988 1419 In
3012 1367 3239 1419 vanitate
3264 1383 3411 1419 men-

1848 1458 1914 1512 tis
1966 1474 2109 1521 suae,
2144 1457 2367 1511 tenebris
2410 1456 2745 1511 obscuratum
2787 1458 3028 1511 habentes
3066 1459 3409 1524 intellectum,

1847 1552 2064 1606 alienati
2091 1568 2123 1604 a
2154 1551 2261 1604 vita
2289 1550 2382 1604 Dei
2407 1550 2473 1604 “'.
2505 1550 2886 1606 Animadverte
2904 1551 3192 1605 vanitatem
3216 1552 3412 1606 mentis

1846 1641 1974 1696 dici.
2000 1656 2122 1695 cum
2157 1639 2279 1709 quis
2317 1648 2495 1693 mente
2530 1640 2759 1709 pollens,
2784 1654 2846 1693 ea
2878 1654 2985 1693 non
3026 1640 3195 1692 utitur
3223 1640 3287 1692 ad
3320 1654 3413 1692 ve-

1847 1732 2025 1786 ritatis
2087 1732 2636 1801 contemplationem;
2669 1730 2761 1785 sed
2804 1731 3004 1801 praebet
3043 1746 3161 1784 eam
3199 1728 3415 1784 Satana:

1848 1824 2142 1894 colliganti.
2199 1822 2313 1879 Hoc
2350 1824 2516 1894 igitur
2549 1822 2822 1894 precando
2850 1823 2927 1877 ait
2957 1840 2971 1877 :
3006 1824 3189 1876 Averte
3237 1824 3414 1876 oculos

178 1913 254 1982 τῷ
298 1913 611 1983 δεσμεύοντι
666 1918 895 1989 Σατανᾷ.
932 1919 1100 1974 Τοῦτο
1126 1916 1309 1976 τοίνυν⁸
1329 1924 1616 1995 εὐχόμενός
1644 1945 1741 1996 φη-

1846 1930 1986 1968 meos
2029 1932 2091 1968 ne
2134 1915 2342 1968 uideant
2386 1916 2664 1968 vanitates.
2712 1913 2846 1969 Nam
2876 1924 2925 1968 et
2961 1915 3090 1969 illud
3122 1915 3289 1985 gratia
3323 1914 3416 1968 Dei

180 2020 281 2055 σιν·
332 2005 745 2075 Ἀπόστρεψον
786 2010 927 2075 τοὺς
975 2014 1315 2082 ὀφθαλμούς
1356 2033 1475 2084 μου
1504 2017 1610 2070 τοῦ
1659 2018 1744 2087 μὴ

177 2094 325 2147 1657i-
368 2098 782 2165 ματαιότητος.
835 2102 944 2153 Kal
994 2102 1151 2156 τοῦτο
1208 2105 1316 2175 γὰρ
1374 2108 1529 2177 χάρις
1588 2107 1744 2162 Θεοῦ.

184 2188 292 2240 Τοῦ
331 2191 535 2243 αὑτοῦ.
576 2191 655 2243 Τὰ
697 2193 755 2245 ὲν
780 2193 990 2264 σώματι
1010 2196 1185 2267 ὡραῖα
1217 2200 1307 2251 καὶ
1333 2200 1531 2271 σαρκὸς
1552 2200 1747 2269 ὀφθαλ-

179 2282 298 2349 μοῖς
334 2280 630 2350 φαινόμενα
655 2282 813 2346 καλὰ,
841 2285 1168 2354 ματαιότητα
1190 2287 1466 2343 ἀποκαλεῖ.

245 2374 485 2442 Στῆονον
529 2377 606 2443 τῷ
649 2378 848 2447 δούλῳ
879 2397 996 2436 σου
1034 2383 1099 2435 τὸ
1131 2385 1339 2453 λόγιόν
1371 2403 1486 2439 σου
1510 2388 1597 2452 εἰς
1641 2386 1746 2439 τὸν

175 2468 363 2533 φόϐοι·
407 2484 546 2522 σου.
595 2470 811 2542 Ἐπειδὴ
850 2473 1194 2542 παιδαγωγοῦ
1220 2475 1373 2547 δίκην
1398 2478 1689 2547 ἀναγκαῖος
1718 2478 1747 2530 6

177 2556 339 2624 φόϐος
366 2558 461 2610 τοῦ
490 2558 626 2612 Θεοῦ
672 2563 729 2613 ὲν
779 2564 980 2625 πάσαις
1024 2566 1278 2629 ἐντολαῖς·
1354 2566 1543 2621 τούτου
1588 2570 1745 2639 χάριν

176 2646 462 2713 ἐφιστάναι
514 2649 663 2719 αὐτῷ
717 2651 876 2705 αὑτὸν
934 2652 1149 2723 εὔχεται
1198 2656 1289 2708 τὸν
1344 2656 1495 2710 Θεόν.
1547 2658 1618 2710 Τὸ
1666 2659 1742 2720 δὲ,

176 2736 419 2803 Περίελε
452 2736 559 2790 τόν
606 2739 947 2811 όνειδισμόν
982 2762 1121 2812 μου,
1171 2745 1306 2814 μετὰ
1346 2746 1407 2799 τὸ
1456 2749 1744 2819 ἐπιστῆσαι

176 2828 363 2901 ὥσπερ
405 2831 529 2884 τινὰ
574 2832 785 2902 φύλακα
843 2835 949 2888 τῶν
1007 2837 1161 2889 θείων
1194 2838 1389 2908 νόμων.
1451 2840 1559 2892 Καὶ
1615 2841 1745 2914 περὶ

176 2915 249 2973 ὧν
282 2922 385 2993 ήδη
447 2925 708 2996 πρότερον
759 2928 995 2997 συνέγνω
1027 2931 1214 2984 ἑαυτὸν
1244 2931 1458 2986 ὀνειδῶν
1496 2932 1743 3005 ἐξομολο-

176 3032 369 3081 γειται.

246 3108 490 3176 Στῆσον
528 3108 607 3175 τῷ
637 3110 831 3182 δούλῳ
868 3127 983 3170 σου
1035 3115 1102 3167 τὸ
1153 3118 1360 3187 λόγιόν
1390 3133 1526 3172 σου.
1592 3120 1744 3173 ‘Enel

1848 2014 1951 2062 est.
1990 2005 2263 2074 Ejusdem.
2289 2005 2560 2075 Corporea
2586 2020 2707 2075 qua:
2730 2006 2972 2074 speciosa
3013 2015 3169 2071 sunt,
3199 2016 3252 2059 et
3279 2021 3383 2060 ocu

1849 2100 1917 2156 lis
1940 2099 2120 2154 carnis
2146 2098 2376 2167 pulchra
2403 2099 2673 2163 videntur,
2703 2097 2995 2151 vanitatem
3025 2098 3277 2168 appellat.

1923 2362 2010 2420 38.
2038 2363 2223 2417 Statue
2249 2378 2393 2416 serro
2423 2372 2512 2416 tuo
2541 2362 2805 2431 eloquium
2832 2374 2977 2416 tuum
3004 2366 3058 2417 in
3092 2365 3277 2418 timore
3300 2372 3411 2420 ttto.

1847 2456 2113 2523 Quoniam
2144 2457 2196 2511 in
2226 2458 2479 2511 omnibus
2511 2458 2792 2527 praeceptis
2825 2458 2987 2512 timor
3020 2457 3112 2513 Dei
3141 2460 3415 2533 paedagogi

1850 2547 2022 2601 instar
2062 2549 2404 2603 necessarius
2437 2558 2555 2614 est,
2590 2550 2709 2603 ideo
2748 2558 2903 2619 rogat
2928 2548 3095 2603 Deum
3131 2559 3190 2603 ut
3211 2559 3418 2605 statuat

1846 2638 1950 2693 sibi
1982 2638 2153 2693 illum.
2184 2638 2316 2695 Illud
2357 2650 2535 2695 autem
2560 2661 2571 2695 :
2596 2643 2825 2711 Amputa
2853 2642 3188 2711 opprobrium
3220 2659 3412 2709 meum,

1844 2729 1977 2785 dicit
1999 2742 2281 2802 postquam
2326 2735 2613 2803 quemdam
2642 2750 2739 2789 ceu
2783 2736 3066 2790 custodem
3100 2736 3413 2791 divinarum

1845 2824 2025 2895 legum
2075 2826 2378 2880 constituit.
2424 2826 2487 2880 Et
2507 2826 2617 2896 jam
2654 2827 2849 2883 iterum
2881 2828 3173 2881 conﬁtetur
3215 2844 3416 2897 oppro-

1844 2917 1963 2973 bria
1985 2918 2053 2974 de
2082 2919 2283 2989 quibus
2317 2920 2469 2990 prius
2498 2935 2556 2975 se
2584 2920 2683 2976 sibi
2724 2920 3005 2977 conscium
3029 2935 3151 2977 esse
3177 2920 3410 2976 dixerat.

1919 3114 2107 3169 Statue
2126 3130 2271 3168 servo
2299 3123 2387 3167 tuo
2414 3115 2677 3184 eloquium
2708 3126 2877 3169 tuum.
2904 3115 3041 3182 Quia
3072 3130 3262 3171 servus
3284 3124 3410 3170 tuus

173 3197 357 3261 δοῦλός
387 3214 482 3250 σου
508 3200 789 3268 τυγχάνων
845 3201 1114 3273 φοϐοῦμαί
1142 3220 1221 3268 σε,
1252 3204 1510 3275 βούλομαι
1554 3206 1610 3260 δὲ
1656 3208 1741 3261 λο-

1845 3220 1967 3261 cum
1996 3205 2119 3266 sim,
2156 3205 2319 3260 timeo
2356 3215 2426 3270 te,
2453 3205 2681 3276 voloque
2710 3206 3106 3262 rationabiliter
3131 3214 3184 3263 et
3215 3222 3415 3263 secun-

173 3288 341 3353 γικῶς
364 3289 461 3342 καὶ
508 3290 647 3344 κατὰ
698 3291 787 3344 τὸν
836 3267 991 3362 λόγον
1018 3267 1632 3369 ⁷φόϐονέχεινίστῆσον
1681 3300 1741 3353 τὸ

1844 3298 1970 3352 dum
1996 3297 2217 3351 verbum
2240 3297 2487 3351 timorem
2514 3296 2734 3360 habere,
2754 3306 2929 3353 statue
2958 3299 3235 3370 eloquium
3263 3308 3413 3353 tuum

174 3380 349 3448 λόγιόν
384 3397 480 3434 σου
508 3383 588 3444 είς
612 3382 701 3435 τὸν
746 3383 908 3453 φόϐον
943 3403 1056 3450 σου,
1078 3387 1168 3439 τὸν
1195 3388 1322 3442 ὄντα
1370 3390 1480 3456 σὸν,
1510 3391 1610 3445 οὐκ
1650 3392 1740 3461 ἀφ’

172 3464 232 3523 οὗ
260 3473 399 3544 φοϐῇ
436 3475 523 3537 σὺ,
552 3474 662 3527 ἀλλ’
692 3475 783 3543 ἀφ’
815 3471 874 3530 οὗ
929 3475 1039 3545 ἐγὼ
1085 3477 1353 3549 φοϐοῦμαι
1405 3497 1483 3533 σε.
1518 3482 1636 3536 Ἵνα
1668 3483 1741 3555 μὴ

172 3563 227 3616 δὲ
244 3563 372 3617 ἄνευ
403 3563 563 3630 λόγου
599 3564 779 3631 φόϐον,
811 3567 943 3637 μηδὲ
980 3568 1107 3621 ἄνευ
1133 3570 1297 3635 φόϐου
1326 3571 1481 3640 λόγον
1511 3572 1738 3645 ἔχωμεν·

175 3652 354 3723 ἵστησι
375 3652 433 3705 δὲ
464 3655 493 3705 ό
526 3652 657 3716 Θεὸς
678 3654 736 3706 τὸ
769 3655 943 3723 λόγιον
994 3658 1158 3710 αὑτοῦ
1207 3662 1286 3722 είς
1325 3661 1417 3713 τὸν
1458 3664 1620 3730 φόϐον
1646 3665 1742 3717 αὐ-

172 3743 285 3807 τοῦ,
341 3743 571 3814 βεϐαιῶν
608 3746 674 3799 δι’
724 3748 1046 3813 ἀποδείξεως
1101 3752 1233 3805 αὐτὸ
1263 3755 1376 3816 τοῖς
1434 3755 1738 3811 εὐλαϐἐσιν.

172 3826 387 3907 Ὠσπερ
420 3836 529 3907 γάρ
557 3838 698 3901 τινές
734 3841 869 3892 εἰσιν
902 3840 1115 3911 ἔχοντες
1143 3841 1322 3913 ζῆλον,
1371 3842 1485 3897 ἀλλ’
1518 3846 1578 3898 οὑ
1622 3848 1741 3900 κατ’

172 3930 488 3997 ἐπίγνωσιν,
536 3929 707 3994 οὕτως
748 3931 853 3985 είσί
899 3949 1044 3997 τινες
1102 3934 1315 4004 ἔχοντες
1370 3936 1533 3999 φόϐον
1582 3937 1740 4003 Θεοῦ,

170 4022 283 4076 ἀλλ’
309 4022 373 4074 οὐ
424 4024 547 4075 κατ’
576 4023 885 4091 ἐπίγνωσιν.
924 4026 1167 4094 Περίελε
1226 4028 1334 4082 τὸν
1402 4029 1745 4100 ὀνειδισμόν

1845 3384 1898 3438 in
1939 3383 2188 3437 timorem
2238 3392 2388 3437 tuum
2423 3402 2436 3437 :
2466 3384 2558 3452 qui
2589 3398 2777 3438 revera
2826 3392 2957 3439 tuus
3002 3394 3107 3449 est,
3135 3400 3241 3439 non
3267 3389 3413 3455 quod

1843 3484 1900 3529 tu
1932 3475 2143 3541 timeas,
2171 3474 2263 3530 sed
2284 3474 2409 3545 quia
2436 3490 2535 3545 ego
2563 3475 2728 3529 timeo
2758 3483 2829 3530 te.
2865 3474 2931 3530 Ut
2956 3486 3134 3532 autem
3166 3491 3267 3532 nec
3291 3477 3411 3532 sine

1842 3567 2006 3621 verbo
2030 3567 2300 3632 timorem,
2332 3580 2434 3621 nec
2461 3566 2577 3620 sine
2605 3565 2802 3621 timore
2830 3566 3055 3620 verbum
3084 3567 3411 3631 habeamus,

1843 3659 2034 3713 statuit
2062 3672 2195 3713 sane
2220 3656 2362 3713 Deus
2383 3656 2659 3726 eloquium
2680 3672 2839 3711 suum
2873 3657 2925 3711 in
2951 3658 3198 3712 timorem
3227 3672 3410 3721 suum,

1842 3764 1937 3817 per
1960 3757 2105 3803 certa
2138 3756 2451 3819 argumenta
2486 3748 2709 3801 lirmans
2739 3746 2867 3801 illud
2896 3750 3036 3816 apud
3075 3750 3196 3817 pios
3230 3751 3409 3804 homi-

1842 3858 1957 3897 nes.
1988 3841 2450 3910 Quemadmodum
2500 3842 2643 3895 enim
2682 3841 2901 3911 quidam
2928 3851 3051 3895 sunt
3097 3842 3268 3896 zelum
3310 3844 3409 3897 ha-

1842 3934 2051 4000 bentes,
2095 3933 2189 3990 sed
2231 3948 2341 3988 nou
2396 3933 2694 3988 secundum
2737 3933 3016 3989 scientiam
3064 3933 3142 3999 δ’,
3179 3933 3251 3988 ita
3284 3942 3414 3990 sunt

1842 4020 2062 4089 quidam
2091 4022 2350 4077 habentes
2395 4022 2646 4077 timorem
2682 4022 2807 4089 Dei,
2852 4022 2945 4079 sed
2974 4039 3078 4077 non
3113 4024 3410 4080 secundum

164 4129 284 4179 μου
302 4111 377 4165 ὃν
401 4111 784 4168 ὑπώπτευσα.
813 4116 1049 4187 Ποιήσας
1071 4118 1100 4170 6
1133 4122 1415 4191 προφήτης
1437 4120 1513 4183 ὼς
1544 4121 1741 4192 ἄνθρω-

1844 4111 2144 4165 scientiam.
2175 4112 2400 4182 Amputa
2436 4113 2767 4184 opprobrium
2809 4130 3013 4177 meum,
3048 4117 3187 4184 quod
3235 4118 3412 4186 suspi-

171 4221 269 4268 m;
302 4204 599 4275 ἁμαρτίαν,
647 4206 970 4277 παρακαλεῖ,
1024 4211 1146 4263 ἐπεὶ
1183 4214 1283 4285 ὁρᾷ
1318 4212 1405 4265 τὸν
1441 4212 1741 4284 ὀνειδισμὸν

1844 4210 1990 4254 catus
2018 4218 2153 4257 sum.
2181 4202 2313 4258 Cum
2349 4202 2613 4273 Propheta
2660 4213 2938 4273 peccasset
2985 4214 3044 4259 ut
3075 4206 3260 4269 homo,
3292 4216 3413 4263 orat

169 4294 679 4365 παρακολουθοῦντα
708 4299 764 4349 ἐν
807 4297 885 4368 τῷ
916 4296 1045 4369 θείῳ
1090 4300 1423 4374 δικαστηρίῳ
1455 4303 1591 4373 μετὰ
1647 4303 1741 4374 τὴν

1844 4303 1893 4347 et
1924 4292 2245 4363 deprecatur
2278 4295 2626 4365 opprobrium
2663 4297 2809 4366 quod
2840 4295 3079 4352 futurum
3116 4297 3258 4352 videt
3288 4309 3413 4369 post

168 4387 484 4453 ἀνάστασιν,
538 4388 630 4441 καὶ
662 4388 807 4457 λέγει
856 4390 947 4443 τὸν
976 4392 1325 4463 προκείμενον
1380 4396 1578 4465 στίχον.
1630 4396 1741 4448 Οὐκ

1844 4387 2300 4441 resurrectionem
2348 4388 2400 4441 in
2444 4388 2631 4443 divino
2669 4390 2948 4453 tribunali,
2980 4400 3034 4445 et
3054 4392 3243 4446 recitat
3267 4392 3411 4449 hunc

168 4480 233 4531 ἂν
258 4478 316 4531 δὲ
333 4477 513 4546 λέγοις
539 4479 698 4534 τοῦτο
723 4481 917 4551 λέγων·
936 4484 1160 4555 Περίελε
1184 4485 1272 4537 τὸν
1292 4485 1594 4557 ὀνειδισμόν
1624 4503 1737 4539 σου.

1844 4494 2085 4534 versum.
2120 4476 2304 4550 Neque
2328 4480 2528 4536 dixeris
2560 4484 2660 4536 hoc
2691 4482 2850 4536 modo
2885 4500 2899 4536 :
2930 4482 3165 4551 Amputa
3205 4499 3407 4553 oppro-

169 4570 343 4624 Ὅταν
370 4570 479 4641 γὰρ
514 4570 836 4643 ὀνειδίζομαι
885 4574 973 4627 διὰ
1018 4576 1107 4629 τὸν
1147 4576 1412 4648 Χριστὸν,
1466 4579 1669 4639 ἐκεῖνος
1712 4578 1741 4629 ὀ

1844 4570 2023 4625 brium
2060 4580 2234 4626 tuum.
2266 4570 2399 4625 Nam
2433 4588 2552 4626 eum
2592 4572 2900 4642 opprobriis
2944 4573 3148 4628 allicior
3192 4584 3411 4646 propter

167 4661 471 4731 ὀνειδισμὸς
490 4662 588 4713 οὐκ
622 4660 767 4715 ἔστιν
802 4662 953 4732 ἐμὸς,
1002 4664 1137 4717 ἀλλὰ
1165 4664 1259 4718 τοῦ
1304 4666 1561 4736 Χριστοῦ·
1612 4667 1739 4720 ὅταν

1844 4660 2147 4726 Christum,
2194 4662 2324 4717 illud
2368 4663 2717 4732 opprobrium
2776 4678 2885 4717 non
2941 4671 3025 4717 est
3075 4680 3277 4729 meum,
3315 4668 3407 4722 sed

166 4754 223 4806 δὲ
255 4754 583 4825 ὀνειδίζομαι
606 4755 695 4810 διὰ
719 4755 818 4820 τὰς
848 4758 997 4829 ἐμὰςΔ
1020 4759 1308 4829 ἁμαρτίας,
1344 4761 1437 4815 καὶ
1467 4762 1541 4834 μὴ
1574 4779 1735 4833 μετα-

167 4844 418 4911 νοιῖ),οὒκ
450 4845 647 4915 ὀφείλω
697 4846 894 4915 λέγειν·
950 4850 1192 4918 Περίελε
1238 4851 1347 4905 τὸν
1396 4851 1737 4922 όνειδισμόν

160 4955 281 5006 μου
334 4937 439 4991 ἀπ’
468 4938 635 5007 ἐμοῦ,
670 4938 742 4992 ὃν
796 4938 1178 5005 ὑπώπτευσα,
1226 4942 1315 5012 ότι
1371 4942 1443 4997 τὰ
1470 4943 1735 5015 ⁴κρίμιιτά

165 5043 282 5082 σου
308 5029 563 5098 χρηστά.

248 5119 395 5173 Ἰδοὺ
419 5118 767 5189 ἐπεθύμησα
792 5122 894 5189 τὰς
914 5121 1164 5190 ἐντολάς
1184 5137 1319 5189 σου,
1344 5124 1413 5177 ἐν
1433 5123 1506 5192 τῇ
1520 5124 1738 5179 δικαιο-

165 5210 325 5279 σύνῃ
378 5225 497 5264 σου
541 5209 728 5279 (ﬂeor
763 5230 855 5282 με.
902 5213 1157 5283 Ἀμοιϐὴν
1201 5216 1341 5268 αἰτεῖ
1387 5217 1485 5287 τὴν
1522 5215 1735 5271 δικαίαν

166 5303 310 5373 ζωὴν
338 5306 432 5357 καί
465 5304 584 5357 κατ’
614 5304 834 5377 ἀρετὴν,
878 5307 937 5359 οὐ
986 5306 1144 5376 μόνον
1177 5307 1416 5377 φυλάξας
1448 5308 1546 5372 τὰς
1592 5311 1737 5363 ἐντο-

166 5393 281 5457 λὰς,
316 5392 454 5447 ἀλλὰ
486 5395 581 5447 καὶ
614 5395 889 5463 ἐρωτικῶς
911 5397 1036 5467 περὶ
1063 5398 1231 5461 αὐτὰς
1255 5398 1613 5470 διακείμενος,
1642 5400 1735 5453 καὶ

167 5488 265 5538 οῦκ
297 5486 473 5540 ἄλλων
500 5487 678 5558 χάριν,
720 5486 836 5541 ἀλλ’
861 5490 1029 5553 αὑτὰς
1055 5491 1148 5543 καὶ
1184 5490 1250 5544 δι’
1280 5490 1450 5555 αὑτὰς
1478 5492 1731 5547 ἐκτελῶν.

168 5576 273 5629 Καὶ
304 5579 426 5632 ἐπεὶ
459 5577 773 5649 δικαιοσύνη
805 5579 897 5633 τοῦ
956 5581 1164 5653 Πατρὸς
1207 5586 1236 5637 6
1286 5584 1430 5649 Υἱὸς,
1480 5588 1508 5639 ό
1536 5587 1592 5638 ὲν
1622 5586 1735 5659 mp

166 5664 321 5734 ζῆσαι
350 5666 677 5739 βουλόμενος
698 5668 851 5721 τοῦτό
879 5686 1030 5739 φησι.

1844 4753 2048 4807 Christi
2074 4763 2196 4808 est:
2232 4769 2355 4809 cum
2388 4764 2565 4809 autem
2602 4755 2909 4825 opprobriis
2951 4754 3154 4810 aﬂicior
3194 4767 3411 4827 propter

1842 4853 2061 4913 peccata
2097 4861 2239 4909 mea,
2275 4862 2449 4915 neque
2493 4846 2865 4916 paenitentiam
2897 4861 3019 4915 ago,
3061 4864 3166 4902 non
3200 4856 3409 4918 oportet

1842 4952 1932 4991 me
1961 4938 2141 4992 dicere
2171 4956 2184 4992 :
2221 4937 2450 5008 Amputa
2497 4938 2830 5006 opprobrium
2871 4955 3040 4992 meum
3076 4958 3107 4993 a
3132 4957 3229 5007 me,
3269 4942 3407 5010 quod

1844 5032 2139 5099 suspicatus
2177 5047 2315 5098 sunt,
2338 5032 2459 5102 quia
2480 5030 2687 5099 judicia
2720 5042 2810 5084 tua
2832 5032 3091 5101 jucunda.

1921 5120 2011 5174 60.
2041 5119 2175 5174 Ecce
2214 5122 2480 5188 concupiui
2512 5124 2762 5175 mandata
2802 5132 2915 5189 tua,
2942 5124 2996 5176 in
3043 5124 3285 5194 (equitate.
3316 5133 3405 5176 tua

1843 5214 2049 5282 viviﬁca
2100 5230 2200 5268 me.
2247 5212 2477 5268 Probam
2516 5224 2569 5269 et
2608 5216 2659 5268 in
2700 5216 2897 5270 virtute
2936 5225 3109 5269 actam
3145 5216 3309 5269 vitam
3351 5216 3403 5289 ip

1849 5305 2134 5373 praemium
2176 5307 2414 5375 postulat
2441 5324 2453 5359 :
2486 5322 2593 5361 non
2638 5306 2810 5361 Solum
2840 5306 2963 5375 quia
2994 5317 3259 5376 praecepta
3291 5322 3407 5360 ser-

1841 5396 2003 5459 vavit,
2046 5395 2138 5450 sed
2169 5397 2297 5466 quia
2330 5397 2536 5452 amoris
2558 5396 2750 5453 atlectu
2780 5397 2868 5451 illa
2891 5398 3286 5467 complectitur,
3306 5414 3405 5454 nec

1839 5489 2063 5542 alterius
2092 5487 2169 5542 rei
2202 5503 2389 5553 causa,
2416 5488 2516 5552 sed
2552 5488 2641 5542 illa
2689 5488 2863 5543 solum
2904 5504 3154 5557 quaerens
3188 5497 3243 5544 et
3279 5506 3398 5555 prn-

1836 5589 1955 5647 pter
1987 5579 2074 5633 illa
2110 5593 2295 5649 agens.
2331 5578 2393 5633 Et
2419 5579 2545 5650 quia
2579 5578 2749 5635 Filius
2773 5580 3083 5651 estjustitia
3111 5578 3310 5645 Patris,
3338 5580 3401 5633 it-

1837 5672 1927 5726 lud
1958 5675 2031 5727 ait
2053 5672 2145 5743 qui
2179 5672 2231 5727 in
2261 5670 2396 5733 Filio
2426 5673 2591 5727 vitam
2622 5687 2779 5742 agere
2804 5673 2940 5730 vult.

235 5878 277 5911 "
311 5876 510 5933 Matth.
548 5891 695 5943 τινι,
739 5876 826 5931 Η.
899 5877 943 5910 ⁸⁸
984 5874 1181 5953 Ephes.
1220 5894 1293 5945 tv,
1333 5877 1535 5946 £7,18.
1613 5881 1656 5912 δ’
1686 5877 1845 5934 Rom.
1870 5894 1926 5943 χ,
1956 5880 2005 5934 2.
