4126 6484
709 433 811 492 ιε’]

1515 427 1571 482 S.
1608 422 1982 481 ATHANASII
2018 422 2167 479 OPP.
2211 421 2390 478 PARS
2431 420 2519 476 Ill.
2561 451 2630 461 —
2665 421 3067 478 EXEGETICA.

3821 415 3919 472 ιδε

780 545 868 601 Η.
902 539 970 596 Et
994 543 1160 598 veniat
1186 555 1340 609 super
1384 553 1461 591 me
1485 536 1849 590 misericordia
1873 543 1991 599 tua,
2022 533 2256 588 Domine.

2430 530 2538 584 Kal
2580 530 2742 584 ἔλθοι
2790 530 2883 584 ἐπ’
2909 531 3013 600 ἐμὲ
3045 529 3110 583 τὸ
3136 527 3308 592 ἔλεός
3336 542 3472 589 σου,
3502 525 3697 594 Κύριε.
3739 524 3802 577 El
3828 526 3919 579 τοῦ

712 639 769 696 Si
805 633 1227 693 misericordiam
1259 642 1428 695 tuam,
1465 630 1560 693 ait,
1595 641 1916 696 consequar,
1955 641 2076 694 quae
2101 626 2263 679 mise-

712 731 942 789 ricordia
971 743 1064 799 per
1090 727 1325 781 salutare
1353 734 1502 778 tuum
1530 722 1594 776 aul
1630 736 1714 774 me
1747 719 1985 783 accedet,
2011 717 2260 772 ﬁduciam

709 824 919 880 habebo
946 821 1203 876 adversus
1249 833 1343 872 eos
1373 815 1463 885 qui
1501 814 1631 868 mihi
1659 811 2010 884 Opprobrium
2054 809 2260 873 dicunt,

706 926 761 971 et
788 914 1069 968 adversum
1093 925 1178 963 me
1201 907 1504 976 insurgunt.

805 1003 894 1058 42.
925 1001 992 1056 Et
1031 997 1343 1069 respondebo
1387 994 1816 1064 exprobrantibus
1862 993 1990 1048 mihi
2031 991 2260 1053 verbum,

706 1097 832 1167 quia
863 1095 1064 1165 speravi
1104 1095 1159 1146 in
1192 1091 1517 1146 sermonibus
1567 1088 1691 1142 tuis.
1730 1085 2084 1155 Respondebo
2116 1082 2260 1137 enim

708 1203 815 1242 non
848 1201 1059 1256 aequum
1089 1199 1208 1240 esse
1235 1181 1495 1237 conviciis
1523 1179 1734 1233 onerari
1763 1192 1885 1231 eum
1912 1177 2003 1246 qui
2029 1190 2087 1229 ea
2118 1182 2262 1229 tenet

708 1280 958 1349 dogmata
983 1293 996 1341 ;
1021 1292 1140 1346 qua:
1176 1273 1400 1329 irrident
1446 1271 1639 1340 impuri
1696 1268 2056 1323 illi-homines
2091 1281 2121 1320 a
2158 1265 2261 1320 [ide

709 1371 891 1426 alieni.
920 1369 1030 1438 Ego
1059 1382 1182 1423 vero
1220 1364 1500 1420 ostendam
1532 1363 1619 1416 illa
1660 1361 1953 1430 prudentia:
1981 1367 2142 1427 atque
2173 1372 2259 1411 sa-

708 1461 924 1531 pientiae
949 1460 1102 1529 plena
1125 1471 1263 1511 esse.
1290 1453 1644 1521 Respondebo
1665 1460 1840 1505 autem
1871 1449 2114 1514 verbum,
2135 1448 2260 1517 quia

708 1557 763 1609 in
791 1554 956 1609 verbis
988 1556 1091 1607 tuis
1115 1548 1494 1619 sttpersperavi.
2177 1612 2179 1614 η

782 1644 872 1699 45.
907 1642 971 1696 Ει
1001 1659 1061 1696 ne
1089 1640 1296 1707 auferas
1324 1638 1386 1690 de
1417 1651 1504 1688 ore
1533 1648 1644 1686 meo
1673 1629 1880 1684 verbum
1910 1627 2144 1682 veritatis
2171 1641 2258 1679 us-

707 1752 1023 1808 quequaque,
1053 1735 1174 1805 quia
1205 1733 1259 1785 in
1289 1728 1509 1800 judiciis
1542 1727 1644 1778 tuis
1672 1721 2047 1792 supersperavi.
2079 1718 2259 1786 Usque

710 1830 775 1884 ad
803 1838 1124 1889 extremum,
1156 1823 1347 1893 inquit,
1380 1820 1644 1884 halitum;
1676 1817 1723 1871 si
1769 1815 1983 1884 indigne
2012 1812 2258 1865 vivamus

2367 620 2461 674 σοῦ
2506 620 2686 684 ὲλέους
2716 620 2880 691 τύχω,
2928 619 3080 691 φησὶ,
3126 616 3280 670 τοῦτο
3328 615 3383 669 δὲ
3430 615 3490 668 τὸ
3531 615 3676 677 ἔλεος
3715 614 3804 666 διὰ
3831 615 3919 666 τοῦ

2366 714 2630 784 σωτηρίου
2677 730 2768 766 σου
2821 710 3104 782 γενήσεταί
3136 727 3244 779 μοι,
3287 707 3596 780 παρρησίαν
3646 705 3755 771 ἔξω
3784 707 3920 778 πρὸς

2362 805 2488 868 τοὺς
2519 804 2871 870 ὀνειδίζοντας
2920 805 3014 858 καὶ
3044 802 3504 871 ἐπανισταμένους
3529 818 3638 872 μοι.

2433 981 2542 1037 Kal
2569 982 3037 1050 ἀποκριθήσομαι
3065 977 3187 1044 τοῖς
3223 971 3573 1036 ὀνειδίζουσί
3587 990 3689 1042 μοι
3713 971 3918 1041 λόγον,

2363 1074 2450 1128 ὅτι
2487 1075 2716 1142 ἤλπισα
2745 1075 2841 1127 ἐπὶ
2863 1073 2985 1138 τοῖς
3011 1072 3213 1141 λόγοις
3232 1085 3366 1123 σου.
3408 1066 3546 1139 Ἐρῶ
3565 1065 3692 1137 γὰρ,
3721 1066 3798 1130 ὡς
3825 1065 3921 1118 οὐκ

2363 1167 2507 1234 άξιος
2534 1163 2884 1230 ὀνειδίζεσθαι
2932 1166 3022 1219 τὸν
3047 1165 3116 1217 τά
3156 1162 3377 1217 τοιαῦτα
3421 1160 3665 1231 δόγματα
3712 1159 3918 1228 ἔχοντα,

2363 1260 2518 1314 ἅτινα
2545 1258 2774 1328 γελῶσιν
2816 1261 2864 1311 οἱ
2893 1259 2990 1329 τῆς
3047 1259 3279 1319 πίστεως
3307 1253 3573 1324 ἀλλότριοι
3625 1253 3675 1304 οἱ
3730 1251 3917 1321 μωροί.

2374 1349 2513 1419 Ἐγὼ
2558 1351 2614 1404 δὲ
2679 1350 2945 1412 συνέσεως
2995 1348 3259 1413 ἀποδείξω
3288 1346 3382 1400 καὶ
3417 1344 3604 1414 σοφίας
3634 1342 3922 1413 πεπληρω-

2364 1443 2518 1510 μένα.
2562 1442 3016 1513 Ἀποκριθήσομαι
3053 1442 3109 1495 δὲ
3144 1441 3319 1509 λόγον,
3365 1439 3493 1493 ἐπεὶ
3527 1440 3613 1504 εις
3657 1436 3800 1503 τοὺς
3823 1435 3922 1490 λό-

2361 1553 2504 1606 γους
2527 1551 2642 1589 σου
2678 1534 3007 1602 ὲπήλπισα.

2429 1628 2535 1681 Kal
2555 1627 2640 1696 μὴ
2673 1624 2952 1695 περιέλῃς
2982 1628 3051 1680 ἐκ
3080 1626 3184 1680 τοῦ
3225 1624 3520 1694 στόματός
3569 1639 3686 1692 μου
3737 1621 3922 1690 λόγον

2359 1720 2642 1787 ἀληθείας
2673 1719 2783 1785 ἕως
2831 1720 3082 1788 σφόδραο
3117 1717 3205 1771 ὅτι
3241 1717 3341 1771 ἐπὶ
3383 1715 3507 1781 τοῖς
3529 1713 3775 1783 κρίμασι
3802 1727 3919 1766 σου

2360 1810 2686 1878 ἐπήλπισα.
2715 1811 2887 1882 Μέχρι
2915 1811 3011 1880 τῆς
3060 1809 3291 1880 ἐσχάτης
3343 1807 3528 1878 πνοῆς,
3568 1805 3752 1876 φησίν.
3796 1803 3920 1856 Ἐάν

709 1924 777 1978 iis
798 1937 918 1993 quae
946 1930 1088 1975 recte
1113 1919 1404 1989 loquimur,
1427 1913 1570 1967 Deus
1584 1910 1791 1966 auferet
1820 1907 2038 1962 verbum
2064 1903 2260 1959 verita-

2366 1901 2590 1966 ἀναξίως
2635 1898 2710 1954 ὦν
2776 1900 2952 1964 καλῶς
2993 1900 3223 1970 λέγομεν
3288 1898 3605 1968 βιώσωμεν.
3679 1894 3921 1966 περιελεί

711 2014 779 2070 tis
807 2013 872 2069 de
901 2027 994 2067 ore
1022 2019 1230 2065 nostro.

779 2193 868 2248 44.
899 2191 969 2245 Et
993 2188 1281 2244 custodiam
1307 2187 1465 2256 legent
1494 2196 1636 2238 tuan:
1653 2197 1870 2250 semper.
1905 2177 2018 2249 (47)
2041 2176 2258 2238 Custos,

708 2286 903 2357 inquit,
923 2299 1018 2339 ero
1049 2282 1180 2352 legis
1209 2290 1310 2334 tua:
1339 2297 1352 2333 :
1387 2294 1558 2346 neque
1590 2275 1752 2329 modo
1778 2281 1920 2328 recte
1946 2286 2032 2325 me
2051 2284 2257 2340 geram,

707 2379 867 2435 modo
901 2391 1091 2440 secus;
1137 2373 1230 2428 sed
1271 2382 1325 2426 et
1363 2372 1416 2424 in
1464 2367 1714 2439 prarsenti
1741 2375 1794 2421 et
1827 2368 1882 2419 in
1925 2362 2108 2417 futuro
2139 2361 2260 2416 vita:

707 2487 841 2528 mea:
870 2479 1110 2538 tempore
1145 2466 1314 2534 legem
1343 2462 1595 2531 implebo.

782 2562 873 2618 46.
917 2559 987 2615 Et
1035 2556 1280 2629 loquebar
1326 2557 1378 2609 in
1421 2553 1727 2608 testimoniis
1758 2551 1858 2604 tuis
1895 2550 1950 2602 in
1985 2553 2259 2616 conspectu

707 2671 909 2726 regum.
940 2651 1088 2706 Talis
1118 2649 1222 2703 fuit
1245 2647 1464 2712 Paulus,
1494 2646 1617 2702 talis
1643 2644 1853 2708 Petrus,
1880 2641 2000 2696 talis
2041 2647 2259 2708 aposto-

705 2748 882 2802 lorum
904 2754 958 2801 et
982 2753 1275 2813 martyrum
1299 2741 1518 2795 chorus.
1546 2736 1668 2791 Haec
1691 2738 1913 2806 martyri
1937 2731 2262 2788 conveniunt

707 2837 804 2909 qui
844 2843 1062 2908 propter
1090 2831 1366 2887 Christum
1411 2829 1476 2882 ad
1527 2842 1679 2898 reges
1710 2835 1762 2880 et
1802 2823 2057 2894 praesides
2087 2820 2257 2874 addu-

708 2931 879 2995 citur;
908 2925 1158 2984 convenit
1177 2925 1303 2979 item
1327 2923 1393 2976 iis
1417 2920 1508 2990 qui
1538 2936 1600 2975 os
1620 2917 1866 2989 aperiunt
1889 2916 1940 2968 in
1969 2921 2260 2983 conspectu

707 3029 1019 3079 sanctorum
1042 3017 1225 3072 animo
1245 3014 1392 3086 regio
1421 3011 1787 3082 praeditorum.
1819 3006 2089 3061 Dedecore
2110 3017 2262 3056 nam-

708 3129 816 3187 que
866 3113 1061 3184 dignus
1106 3109 1199 3180 qui
1249 3106 1471 3160 verbum
1519 3101 1788 3170 accipiens
1821 3113 1851 3152 a
1883 3096 2012 3162 Deo,
2040 3109 2148 3149 non
2195 3107 2261 3148 eo

2361 1993 2452 2046 τὸν
2493 1993 2646 2062 λόγον
2687 1993 2786 2063 τῆς
2837 1991 3093 2064 ἀληθείας
3121 1993 3184 2044 ὲκ
3235 1990 3327 2043 τοῦ
3382 1990 3648 2060 στόματος
3693 1985 3854 2058 ἡμῶν
3891 1986 3921 2036 ό

2359 2086 2510 2149 Θεός.

2431 2177 2535 2232 Kal
2563 2175 2810 2246 φυλάξω
2844 2175 2949 2229 τόν
2998 2175 3186 2242 νόμον
3231 2189 3346 2227 σου
3388 2170 3485 2226 διὰ
3528 2170 3772 2235 παντός.
3818 2166 3921 2223 Φύ-

2359 2268 2476 2332 λαξ,
2508 2269 2692 2339 φησὶν,
2713 2267 2904 2337 ἔσομαι
2930 2265 3023 2319 τοῦ
3062 2264 3225 2336 νόμου
3267 2280 3381 2328 σου,
3420 2264 3480 2316 ού
3511 2262 3641 2316 ποτὲ
3671 2263 3771 2332 μὲν
3792 2277 3922 2315 κατ-

2358 2359 2551 2432 ορθῶν,
2595 2358 2725 2412 ποτὲ
2765 2357 2821 2410 δὲ
2863 2356 2944 2410 οὗ⁹
2977 2355 3111 2410 ἀλλά
3146 2355 3240 2409 καὶ
3281 2355 3339 2407 ὲν
3361 2356 3429 2425 τῇ
3487 2353 3732 2425 παρούσῃ
3785 2353 3917 2424 ζωῇ,

2360 2452 2509 2523 φησι,
2542 2450 2636 2504 καὶ
2665 2452 2721 2503 ὲν
2758 2451 2824 2520 τῇ
2859 2447 3122 2520 μελλούσῃ
3149 2445 3334 2500 τοῦτον
3361 2444 3708 2516 κατορθώσω.

2426 2544 2533 2597 Καὶ
2575 2541 2838 2596 ἐλάλουν
2857 2540 2927 2593 ἐν
2957 2538 3081 2605 τοῖς
3129 2538 3472 2608 μαρτυρίοις
3497 2551 3613 2590 σου
3641 2536 3924 2590 ἐναντίον

2355 2639 2681 2703 βασιλέων.
2732 2636 2980 2699 Τοιοῦτος
3032 2634 3250 2704 γέγονεν
3281 2635 3310 2686 ό
3348 2631 3578 2696 Παῦλος,
3626 2627 3870 2693 τοιοῦτος
3895 2631 3923 2682 ό

2364 2732 2588 2803 Πέτρος,
2623 2729 2860 2793 τοιοῦτος
2900 2728 3006 2781 τῶν
3035 2726 3342 2781 ἀποστόλων
3394 2725 3422 2777 ό
3478 2723 3636 2796 χορὸς
3684 2722 3783 2775 καὶ
3817 2720 3923 2775 τῶν

2367 2821 2674 2893 μαρτύρων.
2742 2819 2994 2891 Ἀρμόσει
3055 2817 3210 2871 τοῦτο
3252 2815 3330 2888 τῷ
3390 2815 3623 2886 μάρτυρι
3699 2810 3780 2882 τῷ
3832 2810 3924 2864 ἐπὶ

2363 2913 2632 2983 ἡγεμόνας
2655 2911 2746 2966 καὶ
2779 2911 3014 2981 βασιλεῖς
3041 2908 3290 2979 ἀγομένῳ
3337 2906 3424 2960 διὰ
3470 2904 3723 2976 Χριστόνο
3761 2902 3926 2974 ἀρμό-

2363 3021 2441 3056 σει
2464 3005 2557 3058 καὶ
2581 3006 2691 3066 τοῖς
2718 3001 2988 3070 ἀνοίγουσι
3044 3001 3104 3052 τὸ
3158 2999 3329 3069 στόμα
3378 2998 3469 3053 ἐπὶ
3494 2997 3601 3051 τῶν
3631 2996 3924 3067 βασιλικῶν

2361 3097 2460 3162 τάς
2486 3095 2664 3166 ψυχάς
2693 3096 2882 3164 ἁγίων.
2922 3092 3189 3164 Αἰσχύνης
3217 3092 3325 3163 γὰρ
3353 3091 3498 3156 ἄξιος
3521 3094 3551 3145 ό
3583 3089 3658 3163 μὴ
3697 3090 3837 3162 πρὸς
3863 3089 3925 3142 τὸ

709 3181 882 3266 utitur
905 3181 969 3261 ad
1006 3201 1348 3274 Evangeliqu
1382 3193 1815 3252 annuntiandum
1838 3191 2036 3246 virtute
2071 3184 2259 3241 multa.

2366 3187 2804 3258 εὐαγγελίζεσθαι
2834 3186 3058 3257 δυνάμει
3087 3185 3252 3256 πολλῇ
3277 3181 3424 3256 ῥῆμα
3455 3181 3632 3236 λαόὼν
3669 3184 3736 3235 ὲκ
3762 3181 3920 3236 Θεοῦ·

711 3301 888 3358 Proba
921 3311 1154 3367 namque
1180 3295 1288 3350 vita
1325 3292 1571 3348 lltluciam
1597 3288 1756 3359 parit.

790 3393 882 3451 Π.
903 3391 969 3446 Et
992 3389 1282 3446 meditabar
1301 3389 1356 3441 in
1375 3384 1634 3438 mandatis
1651 3381 1757 3434 tuis
1779 3392 1893 3449 qute
1916 3375 2079 3429 dilexi
2096 3373 2262 3428 ualde.

712 3485 783 3542 Et
816 3485 976 3542 levavi
1019 3498 1204 3538 manus
1250 3495 1391 3534 meas
1417 3477 1484 3530 ad
1527 3473 1777 3528 mandata
1805 3468 2123 3523 tua.Manus
2179 3466 2267 3520 llic

711 3585 870 3634 vocat
911 3573 1166 3646 operandi
1231 3571 1480 3624 virtutes.
1523 3563 1776 3633 Operatio
1825 3558 1969 3615 enim
2016 3566 2099 3612 est
2143 3555 2266 3611 ﬁnis

713 3667 1080 3726 meditationis
1104 3663 1501 3720 mandatorum.
1525 3654 1658 3710 Nam
1691 3662 1813 3724 post
1841 3649 2264 3718 assumptionem

716 3760 876 3817 Verbi
906 3758 1303 3816 mandatorum,
1335 3764 1510 3821 operae
1557 3746 1788 3817 pretium
1823 3751 1906 3798 est
1948 3755 2139 3796 manus
2175 3754 2266 3792 ex-

714 3851 933 3909 tendere
966 3849 1033 3904 ad
1064 3847 1442 3903 mandatorum
1487 3838 1891 3910 operationem;
1919 3849 2026 3888 non
2067 3847 2133 3887 ex
2174 3830 2268 3885 tri-

715 3943 862 3999 stitia
885 3950 979 3997 aut
1010 3955 1076 3996 ex
1106 3937 1448 3998 necessitate,
1473 3930 1567 3987 sed
1595 3945 1662 3986 ex
1707 3927 1918 3983 affectu.
1955 3929 2033 3980 Ac
2081 3933 2266 3994 postea

715 4037 1024 4108 frequenter
1051 4045 1212 4102 super
1227 4029 1295 4085 iis
1318 4025 1584 4090 meditari,
1605 4038 1669 4078 ac
1689 4023 1754 4078 de
1775 4021 1843 4077 iis
1861 4020 2008 4089 loqui
2030 4026 2263 4091 oportet.

785 4190 871 4247 ιθ.
899 4188 1100 4245 Memor
1132 4197 1236 4241 esto
1271 4186 1409 4241 verbi
1460 4183 1535 4236 tui
1565 4195 1708 4236 servo
1744 4188 1850 4232 tuo.
1884 4175 1949 4231 Et
1987 4175 2265 4245 cujusnam

714 4282 863 4339 verbi
895 4294 1189 4337 memorem
1234 4293 1354 4333 esse
1397 4283 1586 4346 rogat,
1617 4271 1744 4337 nisi,
1777 4279 1837 4324 ut
1883 4268 1954 4323 sit
1990 4283 2112 4322 cum
2163 4266 2268 4322 illis

711 4373 866 4444 juxta
904 4369 1318 4443 promissionem
1363 4381 1541 4430 suam,
1581 4377 1702 4434 quae
1756 4358 2056 4416 consolatio
2100 4358 2268 4428 ipsius

717 4465 818 4521 fuit
843 4465 895 4520 in
928 4461 1427 4534 persecutionibus‘!

797 4647 884 4703 50.
921 4645 1048 4700 Haec
1081 4659 1160 4696 me
1181 4641 1448 4695 consolata
1475 4649 1548 4693 est
1590 4640 1644 4692 in
1678 4636 1970 4690 humilitate
2004 4651 2136 4688 mea.
2169 4631 2268 4687 Se-

717 4737 992 4810 ptuaginta
1021 4754 1032 4788 :
1063 4733 1372 4788 Reviviscere
1410 4730 1569 4798 [acies
1594 4745 1691 4782 me.
1718 4725 1841 4782 Haec
1868 4741 1991 4796 spes
2021 4740 2111 4795 per
2151 4740 2270 4777 ver-

718 4832 844 4886 bum
877 4838 1026 4892 tuum
1059 4825 1237 4881 oblata
1268 4822 1420 4885 mihi,
1451 4821 1726 4876 consolata
1757 4827 1840 4874 cst
1870 4833 1974 4883 me,
2001 4828 2054 4873 et
2076 4817 2268 4873 solatio

719 4923 850 4978 mihi
881 4921 996 4976 fuit.
1021 4917 1155 4972 Nam
1185 4917 1226 4973 si
1254 4915 1472 4988 quando
1503 4929 1682 4980 casus,
1707 4922 1801 4968 aut
1835 4911 2153 4982 periculum,
2178 4917 2271 4963 aut

719 5012 909 5068 mortis
926 5008 1277 5078 exspectatio,
1301 5005 1479 5078 gravis
1499 5005 1743 5067 morbus,
1764 5011 1858 5057 aut
1873 5019 2036 5072 opum
2058 5001 2267 5071 jactura

719 5107 812 5157 aut
839 5099 1140 5171 persecutio
1167 5098 1434 5168 quaelibet,
1462 5105 1556 5151 aut
1579 5096 1805 5150 aliorum
1830 5092 2125 5163 quidpiam,
2149 5106 2269 5160 qum

718 5195 876 5264 vulgo
906 5191 1087 5258 gravia
1111 5189 1512 5254 existimantur,
1542 5187 1720 5243 evenit
1743 5186 1897 5251 mihi,
1921 5199 2042 5255 spes
2070 5199 2196 5255 erga
2220 5192 2270 5238 te

721 5300 840 5340 mea
888 5281 1244 5338 consolationi
1282 5280 1415 5335 mihi
1466 5290 1600 5336 erat.
1630 5280 1769 5348 Quia
1811 5279 2075 5350 eloquium
2124 5287 2269 5332 tuum

719 5375 995 5443 m‘ri/icavit
1024 5390 1121 5429 me.
1148 5372 1295 5428 Nihil
1315 5388 1466 5444 atque
1491 5374 1726 5428 animam
1750 5372 2064 5427 rationalem
2092 5371 2270 5427 vivere

720 5466 868 5528 facit,
898 5466 1006 5520 vita
1038 5466 1236 5520 scilicet
1272 5466 1372 5536 ipsi
1402 5464 1639 5534 propria,
1662 5474 1824 5534 atque
1853 5462 2127 5532 eloquium
2150 5460 2264 5515 Dei.

718 5555 852 5611 Nam
884 5559 1010 5613 dum
1055 5565 1278 5627 augetur
1320 5557 1594 5627 eloquium
1621 5555 1735 5620 Dei,
1767 5557 1878 5612 sive
1926 5565 2266 5624 conceptum,

720 5650 836 5704 sive
875 5649 1320 5719 comprehensum
1373 5648 1428 5702 in
1483 5647 1718 5703 hominis
1763 5647 2269 5717 anima,,tautumo

722 5739 843 5795 dem
866 5750 1126 5813 augentur
1170 5755 1289 5811 qua:
1313 5740 1473 5795 vitam
1506 5748 1765 5811 spectant.
1799 5738 1890 5795 Illa
1915 5750 2092 5798 autem
2125 5747 2271 5806 sunt,

795 5854 908 5927 (t7)
934 5855 1081 5913 Alius
1105 5855 1270 5914 codex
1293 5855 1407 5911 haec
1431 5852 1663 5912 Eusebio
1691 5854 1898 5912 tribuit.

2365 3285 2399 3354 ἡ
2425 3282 2533 3352 γὰρ
2565 3281 2783 3350 ἔννομος
2820 3277 2930 3348 ζωὴ
2961 3277 3269 3350 παρρησίας
3289 3275 3636 3346 δημιουργός.

2433 3373 2542 3428 Kal
2569 3370 2855 3442 ἐμελέτων
2884 3371 2954 3424 ἐν
2997 3369 3124 3436 ταῖς
3160 3366 3436 3433 ἐντολαῖς
3461 3381 3597 3426 σου.
3657 3359 3756 3430 αῖς
3777 3362 3923 3432 ἠτό-

2365 3478 2532 3532 πησα
2559 3463 2810 3533 σφόδρα.
2856 3461 2962 3516 Kal
2988 3457 3100 3532 ἦρα
3125 3459 3230 3525 τὰς
3259 3456 3459 3528 χεῖράς
3490 3473 3609 3525 μου
3644 3455 3796 3523 πρὸς
3821 3459 3926 3520 τὰς

2364 3554 2614 3622 ἐντολάς
2641 3569 2774 3609 σου.
2805 3554 3001 3624 Χεῖρας
3050 3549 3279 3605 ἐνταῦθα
3304 3546 3403 3612 τὰς
3435 3543 3744 3617 πρακτικὰς
3773 3545 3926 3615 ἔναρα

2366 3645 2514 3715 γείας
2567 3642 2703 3699 εἷναί
2741 3661 2920 3716 φησιν.
2964 3645 3027 3696 'H
3074 3643 3182 3713 γὰρ
3233 3641 3432 3714 πρᾶξις
3479 3638 3628 3702 τέλος
3696 3635 3927 3709 μελέτης

2365 3737 2514 3790 ἐστὶν
2537 3735 2782 3791 ὲντολῶνο
2818 3733 2952 3806 μετά
2977 3733 3084 3804 γάρ
3126 3733 3386 3802 ἀνάληψιν
3413 3727 3507 3783 τοῦ
3548 3727 3658 3782 τῶν
3697 3726 3927 3780 ὲντολιῖιν

2366 3828 2541 3896 Λόγου
2567 3826 2726 3880 καλὸν
2748 3826 2808 3879 τὸ
2838 3827 3035 3898 ἐπᾶραι
3056 3824 3156 3887 τὰς
3207 3826 3394 3895 χεῖρας
3423 3821 3515 3893 ἐπὶ
3550 3819 3649 3883 τάς
3691 3818 3802 3872 τῶν
3842 3817 3929 3871 ἑν.

2366 3919 2534 3973 τολῶν
2572 3917 2816 3989 πράξεις·
2861 3917 2934 3987 μὴ
2977 3918 3041 3969 ὲκ
3083 3914 3257 3986 λύπης
3296 3914 3330 3985 ἢ
3367 3912 3428 3978 ἐξ
3477 3911 3741 3980 ἀνάγκης,
3789 3908 3929 3963 ἀλλά

2367 4011 2459 4065 καὶ
2489 4009 2798 4072 διαθέσεως·
2827 4008 2919 4060 καὶ
2943 4006 3081 4077 μετὰ
3105 4005 3275 4059 ταῦτα
3329 4003 3563 4075 συνεχῶς
3592 4003 3720 4074 περὶ
3747 4001 3928 4056 αὐτῶν

2366 4101 2666 4172 ἀδολεσχεῖν
2687 4116 2745 4152 τε
2775 4099 2867 4152 καὶ
2897 4095 3255 4165 διαλέγεσθαι.

2438 4190 2747 4259 Μνήσθητι
2779 4189 2886 4243 τὸν
2916 4189 3099 4256 λόγον
3138 4200 3254 4240 σου
3281 4184 3362 4251 τῷ
3399 4184 3595 4248 δούλῳ
3620 4197 3760 4238 σου.
3815 4181 3928 4236 Καὶ

2367 4283 2562 4344 ποῖοςό
2588 4279 2740 4348 λόγος
2791 4273 2852 4334 οὗ
2889 4277 3187 4348 μνησθῆναι
3234 4275 3393 4329 αὐτὸν
3423 4273 3579 4339 ἀξιοῖ,
3623 4272 3658 4344 ἢ
3700 4273 3764 4328 τὸ
3788 4267 3928 4326 εἶναι

2370 4372 2485 4440 μετ’
2531 4368 2728 4430 αὐτῶν,
2776 4367 2897 4422 καθ’
2939 4368 3004 4439 ἣν
3050 4367 3277 4421 δέδωκεν
3333 4367 3512 4429 αὐτοῖς
3562 4364 3925 4434 ἐπαγγελίαν,

2366 4463 2486 4532 ἥτις
2530 4461 2624 4515 καὶ
2674 4460 3016 4532 παράκλησις
3059 4462 3239 4524 αὐτοῖς
3287 4459 3344 4512 ὲν
3387 4460 3498 4521 τοῖς
3522 4457 3781 4527 διωγμοῖς
3811 4455 3927 4525 ὲγί-

2296 4562 2341 4619 D
2367 4571 2512 4618 νετο;

2439 4645 2598 4712 Αὕτη
2626 4662 2702 4715 με
2733 4644 3140 4712 παρεκάλεσεν
3184 4643 3253 4697 ἐν
3280 4640 3354 4709 τῇ
3404 4640 3751 4694 ταπεινώσει
3785 4653 3926 4709 μου.

2368 4739 2431 4790 Οἱ
2461 4736 2840 4808 ἐϐδομήκονταο
2894 4734 3256 4800 ἀναζωώσεις
3282 4750 3378 4803 με.
3413 4732 3560 4802 Αὕτη
3579 4733 3718 4800 τιςή
3750 4729 3926 4794 ἐλπὶς,

2367 4829 2688 4900 ἐγγινομένη
2727 4847 2815 4899 μοι
2837 4829 2942 4882 ἀπὸ
2967 4827 3059 4881 τοῦ
3086 4825 3178 4879 σοῦ
3222 4826 3403 4895 λόγου,
3453 4822 3794 4894 παρεκάλεσέ
3837 4840 3928 4894 με,

2370 4923 2463 4976 καὶ
2501 4921 2918 4992 παρεμυθήσατό
2971 4938 3058 4990 με,
3109 4921 3188 4981 εἰς
3215 4917 3276 4971 τό
3299 4935 3311 4947 ·
3343 4918 3396 4972 εἰ
3424 4932 3552 4968 ποτε
3580 4914 3928 4987 περιστάσεις

2369 5013 2706 5084 ἢκίνδυνος,
2767 5014 2799 5085 ἢ
2858 5012 3084 5067 θανάτου
3139 5010 3355 5082 δοκιμὴ,
3403 5007 3554 5069 νόσος
3611 5004 3848 5076 χαλεπὴ,
3894 5005 3927 5074 ἢ

2371 5105 2610 5159 ἀπώλεια
2668 5103 2774 5158 τῶν
2829 5103 3258 5176 ὑπαρχόντων.ἢ
3308 5097 3626 5169 διωγμοῦ,ἣ
3659 5097 3711 5150 ετ
3758 5113 3812 5149 τι
3840 5095 3931 5166 δή·

2370 5215 2498 5251 ποτε
2524 5197 2630 5251 τῶν
2654 5195 3020 5268 νομιζομένων
3045 5193 3292 5267 χαλεπῶν
3333 5187 3709 5260 κατελάμϐανε
3763 5204 3855 5258 με,
3899 5189 3931 5256 ή

2371 5290 2463 5343 ἐπὶ
2487 5289 2545 5342 σὲ
2573 5288 2726 5352 ἐλπὶς
2759 5288 3094 5359 παράκλησίς
3149 5303 3248 5358 μου
3304 5278 3392 5356 ἦν.
3432 5283 3558 5336 Ὅτι
3615 5278 3680 5332 τό
3720 5277 3936 5348 λόγιόν

2370 5396 2484 5434 σου
2510 5379 2686 5447 ἕζησέ
2707 5397 2800 5449 με.
2833 5379 2994 5435 Οὐδὲν
3025 5379 3152 5432 ἀλλο
3179 5376 3319 5430 ποιεῖ
3368 5374 3464 5445 ζῇν
3502 5369 3722 5441 λογικὴν
3753 5367 3934 5439 ψυχὴν

2372 5470 2469 5542 τὴν
2493 5471 2686 5540 ἑαυτῆς
2727 5471 2869 5542 ζωὴν
2898 5472 2972 5534 ὼς
2997 5469 3058 5523 τό
3087 5469 3263 5536 λόγιον
3289 5464 3383 5519 τοῦ
3405 5461 3559 5518 Θεοῦ.
3591 5459 3726 5514 Καθ’
3755 5459 3784 5512 δ
3817 5455 3934 5526 χάρ

2376 5561 2528 5626 αὖξει
2551 5561 2612 5614 τὺ
2657 5561 2831 5631 λόγιον
2858 5561 2951 5615 τοῦ
2978 5561 3134 5624 Θεοῦ,
3188 5561 3282 5614 καὶ
3309 5555 3592 5627 νοούμενον
3625 5551 3719 5605 καὶ
3765 5565 3933 5620 παραυ

2375 5653 2774 5724 λαμϐανόμενον
2821 5655 2898 5716 είς
2939 5653 3034 5724 τὴν
3080 5652 3172 5706 τοῦ
3219 5648 3503 5722 ἀνθρώπου
3555 5644 3757 5717 ψυχὴν,
3792 5640 3934 5698 κατά

2378 5744 2532 5798 τοῦτο
2559 5744 2778 5811 αὒξεται
2825 5745 2919 5800 καὶ⁵
2967 5746 3034 5798 τά
3059 5747 3158 5816 τῆς
3215 5741 3376 5814 ζωῆς.
3428 5738 3613 5796 Ταῦτα
3640 5735 3700 5792 δέ
3733 5736 3850 5792 ἔστι
3872 5732 3931 5787 “sb
