4126 6478
190 437 284 488 ων

1266 427 1626 483 [χροδιτιο
1665 427 1729 480 ΙΝ
1774 427 2099 481 PSALMUM
2142 425 2375 480 CXVIII.

3307 421 3407 474 ‘99

192 547 276 598 σὺν
295 545 456 614 ἀρετῇ
484 541 585 612 ζῇν
601 542 829 595 ἐνταῦθα
872 543 1006 612 μετὰ
1029 541 1194 594 ταῦτα
1214 540 1268 593 δὲ
1295 542 1388 595 καὶ
1410 541 1506 612 τὴν
1528 541 1741 594 αἰώνιον

1844 558 1964 596 cum
2008 543 2201 597 virtute
2245 545 2296 595 in
2332 543 2433 595 hac
2463 550 2566 594 vita
2607 555 2797 610 agere;
2836 549 2956 608 post
2987 539 3103 593 hinc
3144 547 3323 593 autem
3353 548 3408 592 et

190 637 355 688 δίδωσι
386 631 555 702 ζωήν.

261 724 644 792 ’Υπερήμανοι
675 726 1062 794 παρηγόρουν
1086 724 1196 789 ἕως
1231 725 1487 793 σφόδρα,
1519 725 1637 778 ἀπὸ
1679 724 1748 778 δὲ

190 815 282 869 τοῦ
315 817 500 884 νόμου
533 832 652 870 σου
692 819 801 870 οὐκ
842 817 1138 880 ἐξέκλινα.
1181 817 1268 870 Ἐν
1301 816 1445 886 αὑτῷ
1476 817 1583 886 γὰρ
1615 817 1746 868 ἐπο-

190 909 461 978 λιτευόμην
495 909 679 980 τηρῶν
706 909 764 961 τὸ
789 909 1115 979 ἡγεμονικόν
1147 927 1269 979 μου,
1304 910 1390 962 ἵνα
1417 909 1491 980 μὴ
1526 909 1748 979 γένηται

192 1003 326 1073 ῥῆμα
357 1003 602 1074 κρυπτὸν
627 1003 683 1054 ἐν
708 1005 775 1072 τῇ
805 1002 998 1073 καρδία
1029 1019 1130 1071 μου
1164 1001 1448 1072 ἀνὸμιμον.
1493 1001 1746 1054 Ἑκείνων

187 1095 284 1165 γὰρ
329 1095 448 1148 λίαν
498 1094 988 1166 παρανομούντων,
1021 1094 1140 1146 οὐδὲ
1188 1095 1328 1147 κατὰ
1385 1093 1581 1164 μικρὸν
1636 1093 1748 1161 ἐγὼ

185 1186 267 1238 τὸν
291 1185 450 1256 νόμον
484 1202 578 1239 σου
606 1186 953 1256 παρέϐαινον.

249 1276 587 1345 Ἐμνήσθην
599 1276 714 1329 τῶν
729 1275 1023 1344 χριμάτων
1035 1290 1152 1330 σου
1171 1288 1256 1328 αυτ
1295 1272 1529 1340 αἰῶνος,
1549 1275 1742 1344 Κύριε,

188 1369 276 1421 καὶ
288 1367 692 1435 παρεκλήθην.
713 1369 906 1438 Μεμνη
915 1367 1071 1437 μένος
1086 1367 1195 1437 γὰρ
1209 1365 1316 1418 τῶν
1334 1365 1427 1419 ἀπ’
1445 1365 1636 1427 αἰῶνος
1653 1365 1746 1417 καὶ

185 1462 276 1521 ἓως
307 1459 500 1521 αἰῶνος
543 1457 1027 1528 ἀποδοθησομένων
1069 1458 1311 1526 ἑκάστῳ,
1345 1454 1743 1526 παρακαλεῖται

185 1552 270 1605 καὶ
316 1551 519 1614 ἄλυπος
567 1553 595 1603 ό
633 1550 835 1613 δίκαιος
875 1549 1025 1619 μένει
1075 1549 1281 1617 λέγων·
1330 1550 1451 1601 Οὐκ
1499 1546 1638 1611 ἄξια
1675 1544 1745 1597 τὰ

187 1644 489 1713 παθήματα
519 1641 623 1696 νοῦ
650 1642 765 1696 νῦν
794 1641 1002 1710 καιροῦ
1043 1641 1192 1708 πρὸς
1232 1639 1348 1708 τὴν
1389 1638 1746 1708 μέλλουσαν

184 1734 360 1800 δόξαν
387 1735 885 1806 ἀποκαλυφθῆναι
908 1738 995 1800 εὶς
1025 1734 1198 1805 ἡμᾶς.
1223 1731 1322 1787 Ὧν
1351 1735 1612 1804 ἐποίησας
1639 1733 1743 1786 πά-

186 1827 264 1881 λαι
293 1830 404 1891 τοῖς
436 1827 682 1881 ἀδικοῦσι
724 1829 815 1880 τὸν
849 1827 1082 1898 Ἰσραὴλ,
1119 1825 1496 1898 μνημονεύσας
1539 1823 1743 1896 κριμά-

1847 636 2014 689 vitam
2041 635 2268 704 largitur
2296 643 2570 687 :etcrnam.

1909 727 1994 780 51.
2039 724 2258 795 Superbi
2313 725 2487 794 inique
2532 723 2750 794 agebant
2797 737 3191 792 usquequaque,
3228 738 3261 774 a
3300 721 3410 792 lege

1846 825 2021 868 autem
2047 825 2138 868 tua
2165 831 2266 867 non
2290 813 2567 866 declinavi.
2609 812 2662 866 In
2695 811 2782 864 illa
2812 811 2956 864 enim
2991 811 3154 864 vitam
3183 810 3407 880 agebam

1847 905 2142 956 observans
2164 902 2270 954 vim
2295 901 2490 954 animae
2511 900 2883 970 principalem,
2903 916 2969 952 ne
2993 901 3146 952 lieret
3173 899 3226 952 iu
3247 898 3411 954 corde

1846 1009 1968 1048 meo
1996 995 2220 1048 verbum
2275 992 2650 1047 absconditum
2713 991 3072 1062 illegitimum.
3105 989 3212 1045 Illis
3265 991 3408 1044 enim

1846 1085 2182 1154 iniquissime
2217 1085 2516 1156 agentibus,
2553 1099 2618 1138 ne
2646 1083 2912 1138 tantillum
2943 1083 3162 1152 quidem
3198 1097 3298 1151 ego
3334 1083 3410 1136 le-

1845 1193 1963 1248 gem
1995 1187 2142 1231 tuam
2174 1186 2542 1246 transgressus
2571 1190 2716 1230 sum.

1926 1268 2014 1322 52.
2045 1265 2248 1320 Memor
2293 1268 2370 1335 [ui
2415 1265 2733 1333 indiciorum
2767 1274 2973 1319 tuorum
3005 1283 3038 1318 a
3060 1263 3273 1330 sreculo,
3303 1263 3412 1318 Do-

1844 1359 2002 1418 mine,
2033 1367 2082 1410 et
2116 1356 2417 1409 consolatus
2448 1372 2583 1411 sum.
2617 1355 2820 1410 Memor
2841 1357 2984 1410 enim
3014 1369 3202 1410 eorum
3237 1370 3358 1424 qua:
3378 1369 3409 1408 a

1844 1451 2042 1504 saeculo
2071 1463 2243 1516 usque
2277 1448 2329 1501 in
2361 1449 2617 1502 saaculum
2644 1449 2871 1517 singulis
2897 1448 3072 1501 danda
3107 1457 3252 1509 sunt,
3279 1462 3410 1501 con-

1845 1538 2161 1591 solationem
2189 1537 2371 1605 justus
2409 1537 2638 1606 accipit,
2674 1553 2772 1592 nec
2813 1538 2873 1590 in‘
2914 1538 3128 1591 tristitia
3170 1539 3300 1606 agit,
3331 1538 3410 1591 di-

1844 1642 1973 1681 cens
2006 1646 2018 1680 :
2059 1625 2179 1678 Non
2211 1637 2331 1678 sunt
2378 1626 2646 1694 condigna:
2674 1626 2941 1694 passiones
2973 1625 3127 1694 hujus
3163 1627 3409 1693 temporis

1843 1719 1913 1771 ad
1939 1718 2169 1786 futuram
2189 1717 2412 1787 gloriam
2434 1733 2548 1786 qua:
2569 1716 2877 1769 revelabitur
2908 1717 2961 1768 in
2982 1715 3129 1768 nobis
3143 1716 3209 1768 ⁸ο.
3237 1715 3408 1784 (Alius

1844 1808 2052 1877 codex.)
2081 1806 2287 1860 Memor
2312 1807 2640 1876 jurliciorum
2663 1822 2783 1874 qua:
2799 1807 2925 1859 olim
2957 1806 3124 1860 tulisti
3148 1807 3411 1862 adversus

184 1935 302 1980 των,
326 1919 680 1989 παρεκλήθην
697 1936 710 1950 ο
738 1916 912 1981 εἰδὼς,
947 1918 1021 1980 ὡς
1053 1917 1171 1970 οὐδὲ
1199 1916 1359 1979 αύτδς
1385 1917 1442 1967 ἐν
1475 1918 1584 1976 τοῖς
1610 1913 1736 1966 διωο

1843 1913 1937 1952 cos
1981 1899 2072 1967 qui
2104 1898 2354 1966 injuriam
2390 1898 2623 1951 facerent
2653 1897 2859 1956 lsrucli,
2894 1897 3208 1953 consolatus
3231 1914 3352 1953 sum
3391 1917 3404 1952 :

184 2010 331 2077 γμοίς
358 2008 912 2078 ὲγκαταληφθήσομαι
937 2046 951 2068 ,
982 2008 1074 2059 καὶ
1109 2007 1184 2069 ώς
1226 2005 1405 2058 πάντα
1435 2004 1575 2059 κατὰ
1609 2003 1742 2056 Θεοῦ

185 2100 353 2168 κρίσιν
381 2101 495 2161 τοῖς
519 2097 823 2183 ἀνθρώποις
853 2097 1158 2167 συμδαίνει.

259 2285 489 2354 Ἁθυμία
515 2283 769 2352 κατέσχε
789 2299 865 2352 με
893 2281 1009 2335 ἀπὸ
1038 2280 1400 2351 ἁμαρτωλῶν
1435 2279 1550 2333 τῶι⁸
1571 2281 1744 2347 ἐγκα-

183 2380 663 2445 ταιιμετανόντων
697 2377 803 2428 τὸν
828 2376 1015 2442 νόμον
1033 2391 1168 2427 σου.
1208 2373 1331 2426 Ἐπὶ
1355 2374 1459 2425 τῶν
1487 2373 1743 2442 ἁμαρτω-

183 2468 300 2532 λῶν,
331 2471 376 2522 οἱ
409 2471 510 2539 μὲν
541 2470 756 2538 ἀνόμως
787 2467 1178 2537 ἁμαρτάνουσι,
1218 2464 1293 2534 τῷ
1340 2465 1472 2533 μηδὲ
1515 2465 1611 2532 τὴν
1646 2464 1744 2532 ἀρ-

183 2558 274 2627 χὴν
318 2560 672 2631 πειρασθῆναι
720 2558 929 2626 νόμων⁸
965 2558 1012 2607 οί
1059 2556 1114 2607 δὲ
1154 2557 1210 2606 ὲν
1247 2555 1414 2624 νόμῳ,
1446 2556 1522 2624 τῷ
1562 2570 1740 2623 παρα-

183 2649 373 2704 ϐαίνειν
427 2649 610 2702 αὐτόν.
656 2649 761 2702 Καὶ
802 2649 925 2716 μετ’
967 2647 1166 2714 ὀλὶγαο
1204 2646 1269 2699 Εἴ
1300 2663 1353 2698 τι
1385 2646 1492 2716 γὰρ
1544 2645 1740 2713 πάσχει

183 2740 235 2793 ἰν
263 2743 437 2812 μέλος,
471 2742 780 2812 σνμπάσχει
808 2741 984 2796 πάντα
1014 2738 1081 2790 τὰ
1122 2739 1256 2809 μέλη
1281 2754 1294 2767 ·
1331 2739 1423 2790 καὶ
1454 2738 1547 2790 ἐὰν
1579 2736 1738 2804 δοξά-

184 2835 329 2904 ζηται
359 2835 416 2887 ἓν
455 2835 636 2905 μέλος,
673 2833 952 2902 συγχαίρει
991 2833 1169 2886 πάντα
1200 2831 1268 2883 τὰ
1306 2831 1462 2901 μέλη.
1499 2829 1609 2883 Καὶ
1649 2828 1742 2882 ἐπὶ

183 2926 285 2986 τοῖς
312 2924 557 2993 ἀδελφοῖς
585 2918 676 2976 οὖν
706 2920 859 2991 ἡμῶν
886 2922 997 2981 τοῖς
1029 2918 1420 2987 ἁμαρτάνουσι,
1456 2916 1740 2970 λυπεῖσθαι

184 3015 423 3087 καθήκει,
452 3018 537 3070 δτι
567 3011 794 3067 τοιοῦτοί
825 3013 951 3072 εἱσι,
979 3010 1071 3063 καὶ
1102 3009 1242 3062 οὕτω
1270 3008 1572 3062 διακεῖσθαι
1600 3006 1740 3062 κατὰ

182 3110 265 3163 τὸν
296 3111 447 3180 ἆγισν
478 3108 688 3163 τοῦτον.

255 3201 456 3261 Ψαλτὰ
483 3199 646 3270 ἦσάν
675 3217 778 3268 μοι
811 3197 882 3251 τὰ
918 3195 1274 3264 δικαιώματά
1317 3213 1432 3250 σου
1475 3196 1547 3248 ἐν
1580 3196 1741 3260 τόπῳ

183 3294 484 3360 παροικίας
508 3309 647 3360 μου.
685 3291 859 3345 Τόπον
907 3288 1193 3360 παροικίας
1223 3287 1314 3338 τὸν

184 3383 341 3453 φησί·
391 3384 536 3436 κατὰ
584 3381 670 3435 τό·
729 3379 988 3444 Εὶδότες,
1023 3376 1112 3430 ὅτι
1151 3375 1313 3440 ξένοι
1348 3374 1447 3427 καὶ
1492 3374 1738 3443 παρεπί-

1847 2004 2083 2058 gnarus.
2133 2004 2308 2058 neque
2345 2004 2429 2041 me
2463 1989 2512 2040 in
2552 1991 3015 2056 persccutionilius
3051 1993 3407 2060 comprehen-

1843 2081 2076 2134 dendum
2115 2082 2246 2144 fore,
2277 2091 2438 2148 atque
2466 2079 2648 2131 omnia
2672 2082 2968 2135 secundum
3001 2081 3096 2136 Dei
3135 2082 3399 2153 judicium

1847 2171 2157 2225 hominibus
2188 2173 2518 2239 contingere.

1917 2263 2007 2316 55.
2043 2261 2274 2331 Defectio
2319 2266 2482 2317 tenuit
2525 2281 2602 2317 me
2643 2281 2736 2333 pro
2776 2267 3128 2332 peccatoribus
3181 2265 3407 2320 derelin-

1843 2355 2115 2420 quentibus
2147 2353 2308 2422 legem
2341 2366 2506 2410 luant.
2535 2355 2872 2420 Peccatores,
2919 2357 3011 2411 alii
3055 2357 3260 2427 absque
3295 2358 3408 2427 lege

1842 2454 2065 2512 peccant
2111 2447 2203 2515 qui
2241 2461 2516 2514 nunquam
2567 2448 2710 2514 leges
2763 2448 2846 2501 vel
2890 2448 3155 2502 tantillum
3200 2451 3406 2518 experti

1842 2544 2003 2598 sunt;
2039 2535 2128 2588 alii
2176 2535 2229 2588 in
2269 2536 2381 2604 lege
2427 2546 2648 2605 peccant
2673 2553 2796 2591 cum
2829 2538 3300 2608 transgrediuntur
3339 2538 3405 2590 il-

1842 2623 1970 2679 lam.
2005 2624 2073 2679 Et
2093 2640 2206 2696 post
2238 2644 2444 2697 pauca:
2472 2627 2525 2682 Si
2552 2629 2680 2699 quid
2710 2628 2854 2684 enim
2884 2631 3083 2699 patitur
3102 2631 3404 2683 membrum

1841 2733 2030 2784 unum,
2062 2737 2168 2775 una
2201 2723 2480 2790 patiuntur
2511 2723 2690 2776 omnia
2741 2723 3001 2776 membra.
3040 2720 3098 2774 Et
3136 2721 3180 2775 si
3224 2721 3406 2774 Iaude-

1842 2819 1929 2865 tur
1951 2826 2115 2864 unum
2146 2813 2470 2877 membrum,
2497 2813 2834 2881 congaudent
2862 2812 3043 2865 omnia
3077 2812 3315 2865 membra
3339 2811 3405 2865 ".

1840 2898 1944 2954 Par
1971 2910 2054 2954 est
2082 2915 2209 2971 ergo
2239 2902 2304 2956 de
2329 2901 2585 2957 fratribus
2617 2903 2779 2955 etiam
2823 2902 3023 2954 nostris
3058 2902 3150 2969 qui
3182 2911 3409 2970 peccant

1839 2991 2041 3054 dolere.
2071 2993 2198 3062 quia
2235 2994 2441 3049 scilicet
2477 2994 2612 3048 tales
2644 3002 2809 3056 sunt;
2841 3002 2894 3046 et
2924 2992 3038 3061 pari
3083 2992 3245 3046 modo
3276 2993 3408 3046 alre-

1841 3092 1958 3139 ctos
1987 3099 2087 3138 nos
2120 3099 2263 3150 esse,
2289 3101 2399 3152 quo
2431 3094 2652 3139 sanctus
2685 3083 2791 3138 ille.

1910 3168 1998 3222 54.
2020 3169 2322 3224 Cantabiles
2344 3170 2469 3221 nti/ti
2491 3176 2640 3222 erant
2661 3169 3071 3236 justiﬁcationes
3091 3177 3195 3222 tua:
3220 3168 3272 3220 in
3295 3167 3407 3220 loro

1353 3287 1592 3356 παρόντα
1625 3258 1739 3354 βίος,
1764 3272 1805 3327 c
1836 3259 2269 3328 peregrinationis
2294 3275 2438 3312 mere.
2464 3258 2664 3312 Locum
2690 3259 3145 3328 peregrinationis
3168 3274 3407 3327 prazsen-

1836 3357 1943 3403 tem
1990 3350 2154 3403 vitam
2203 3350 2362 3416 dicit;
2399 3350 2552 3419 juxta
2598 3351 2770 3404 illud:
2806 3350 3036 3404 Scientes
3087 3351 3212 3420 quia
3253 3365 3405 3418 pere-

182 3440 344 3542 διξμοι
376 3473 544 3543 ⁴ἦσαν
568 3472 665 3526 ἐπὶ
695 3469 804 3539 τῆς
841 3440 983 3538 γῆς’.-
1020 3468 1107 3520 Ἐν
1136 3459 1180 3534 ᾧ
1201 3464 1487 3536 εὐρύθμως
1508 3440 1738 3533 europa:-

1842 3442 1974 3512 grini
1999 3452 2046 3496 et
2075 3443 2302 3512 hospites
2336 3451 2485 3495 erant
2527 3459 2682 3512 super
2709 3454 2902 3497 terram
2925 3442 2988 3495 ".
3031 3440 3086 3495 In
3135 3456 3244 3510 quo
3291 3457 3409 3496 mo-

180 3563 339 3632 νόμην
366 3564 540 3632 λέγων
568 3560 636 3615 τὰ
653 3559 994 3630 δικαιώματά
1020 3575 1113 3612 σου
1137 3574 1150 3589 ·
1181 3557 1338 3611 τοῦτο
1370 3557 1468 3627 μὲν
1495 3556 1736 3628 θεωρῶν,

181 3654 327 3707 τοῦτο
352 3656 409 3708 δὲ
443 3655 698 3725 πράττων
722 3650 879 3705 αὐτά..

243 3742 676 3814 Διελογισὰμην
711 3742 818 3808 τὰς
859 3740 1040 3807 ὁδούς
1072 3755 1214 3802 σου,
1258 3739 1349 3792 καὶ
1398 3735 1740 3806 ἐπέστρεψα

181 3836 312 3904 τοὺς
353 3816 547 3903 πόδας
592 3853 711 3906 μου
755 3837 841 3900 εις
888 3833 959 3888 τὰ
1000 3829 1291 3903 μαρτύριά
1339 3846 1474 3885 σου.
1525 3830 1737 3902 Ἐπειδὴ

182 3925 350 3984 πᾶσαν
386 3930 486 4002 τὴν
515 3927 738 3998 γνώμην
766 3928 845 3989 είς
875 3924 972 3988 τὰς
1003 3924 1129 3990 σὰς,
1155 3924 1316 3994 φησιν
1335 3962 1351 3986 ,
1386 3921 1627 3992 ἀνέθηκα
1657 3924 1740 3975 ἄν·

180 4023 350 4087 στολὰς,
378 4024 570 4077 τούτου
604 4021 762 4091 χάριν
794 4018 901 4070 τῶν
949 4016 1264 4088 μαρτυρίων
1303 4014 1602 4085 ἐπορεύθην
1643 4014 1739 4082 τὴν

181 4115 312 4168 ὁδόν.

256 4205 655 4275 Ἠτοιμὰσθην
683 4203 782 4258 καὶ
813 4204 924 4258 οὐκ
963 4199 1317 4269 ἐταράχθην.
1353 4195 1523 4261 Εἰδὼς
1564 4197 1623 4250 τὸ
1658 4197 1736 4248 εἰ-

186 4297 408 4368 ρημένον
429 4313 446 4328 ·
490 4293 729 4358 Τέκνον,
753 4295 804 4347 ει
841 4289 1145 4361 προσέρχῃ
1171 4288 1484 4344 δουλεύειν
1509 4285 1591 4351 τῷ
1620 4289 1737 4340 Κυ-

176 4391 295 4456 ρίφς
333 4389 659 4459 ἐτοίμασον
695 4386 811 4454 τὴν
845 4381 1053 4452 ⁴ψὐχήν
1093 4395 1208 4436 σου
1248 4383 1336 4446 εις
1369 4381 1698 4448 πειρασμόν
1720 4393 1734 4406 .

183 4482 269 4534 καὶ
303 4480 461 4534 τοῦτο
506 4478 745 4549 μελετῶν
791 4475 1082 4537 διαπαντὸς
1132 4474 1189 4526 ὲν
1235 4474 1354 4533 ταῖς
1399 4470 1607 4538 ἐφόδοις
1638 4469 1739 4522 ούκ

183 4571 569 4642 ἐταραττόμην,
604 4569 700 4623 ac;
746 4563 1132 4638 μεμελετηκὼς
1180 4561 1347 4624 αὐτὰς
1393 4559 1577 4628 φέρειν
1615 4574 1737 4624 γεν-

186 4681 358 4726 ναιως.

245 4757 486 4826 Σχοινέα
525 4750 883 4824 ἁμαρτωλῶν
924 4745 1411 4819 περωπλάκησάν
1452 4761 1574 4814 μοι.
1626 4741 1738 4826 καὶ

182 4825 384 4916 τιναῆν
414 4845 486 4897 τὰ
525 4842 729 4913 σχοινία
755 4883 769 4903 ,
809 4841 841 4913 ἢ
883 4841 930 4893 oi
979 4839 1204 4909 πονηροὶ
1247 4835 1516 4906 λογισμοὶ,
1564 4830 1630 4885 δι’
1663 4825 1738 4884 ὧν

182 4936 269 5007 τῆς
297 4937 437 4989 κατὰ
461 4935 595 4989 Θεὸν
628 4935 866 4997 στάσεως
892 4931 1206 5002 ἐπεχείρουν
1233 4925 1556 4982 καταὸαλεῖν
1580 4940 1595 4988 ;

245 5027 522 5081 Macarii):
530 5042 653 5078 τιον
671 5023 1043 5094 temme
1065 5021 1169 5074 τοῦ
1187 5013 1741 5087 ἐξομολογήσασθαι

183 5134 290 5174 σοι.
325 5119 400 5172 Οὐ
434 5117 544 5188 γὰρ
579 5116 695 5187 μεθ’
729 5116 938 5186 ἡμέραν
967 5115 1145 5185 μόνον,
1181 5109 1320 5166 ἀλλὰ
1362 5110 1455 5162 καὶ
1505 5107 1738 5176 νύκτωρ,

184 5214 293 5265 κατ’
333 5211 466 5265 αὐτὸ
497 5209 594 5279 τῆς
647 5208 840 5269 νυκτὸς
895 5206 955 5259 τὸ
1007 5203 1348 5275 μεσαίτατον,
1398 5201 1456 5253 ὲν
1499 5191 1543 5266 ᾧ
1603 5195 1742 5267 μετὰ

184 5300 412 5366 πλείονος
440 5300 637 5372 ἡδονῆς
667 5299 696 5350 δ
747 5297 912 5361 ὕπνος
937 5299 1048 5359 τοῖς
1079 5293 1385 5364 ἀνθρώποις
1429 5290 1739 5359 ἐπέρχεται,

183 5392 354 5464 ὑμνῶν
405 5410 467 5446 σε
518 5388 801 5455 διετέλουν,
865 5389 961 5442 καὶ
1002 5389 1100 5451 τὰς
1149 5386 1359 5448 δικαίας
1410 5401 1500 5437 σου
1533 5381 1743 5451 ψήφους

182 5485 548 5556 ἁνηυφήμουν.
585 5481 752 5535 Τοῦτο
781 5483 874 5534 καὶ
902 5483 931 5534 ὁ
963 5480 1102 5542 θεῖος
1141 5475 1457 5538 Ἀπόστολος
1488 5472 1625 5542 μετὰ
1647 5468 1741 5522 τοῦ

183 5575 298 5632 Σίλα
327 5576 617 5646 πεποίηκε,
660 5573 756 5629 καὶ
807 5572 899 5626 τὸν
930 5571 1064 5624 πόδα
1096 5570 1255 5622 κὰκεί
1303 5560 1740 5638 προσδεδεμένας,

185 5668 312 5736 μετὰ
339 5667 524 5732 αἰκίας
553 5665 648 5720 καὶ
678 5665 937 5735 μάστιγος
957 5665 1024 5733 τῇ
1055 5661 1325 5730 προσευχῇ
1349 5657 1446 5725 τὴν
1472 5651 1741 5725 ὑμνῳδίαν

1837 3534 2018 3588 dulate
2034 3533 2255 3589 laetabar
2278 3534 2942 3605 narransjustiﬁcatioues
2964 3543 3106 3589 tuas.
3133 3533 3258 3589 Sive
3279 3549 3409 3590 con-

1839 3623 2126 3692 templans,
2151 3625 2265 3678 sive
2289 3639 2523 3692 operans
2554 3623 2698 3679 illas.

1909 3714 1995 3768 59.
2035 3712 2272 3784 Cogitavi
2311 3715 2421 3767 vias
2471 3724 2611 3781 tuas,
2639 3723 2686 3767 et
2733 3713 2960 3768 converti
2999 3712 3152 3782 pedes
3180 3729 3320 3768 meos
3353 3714 3408 3766 in

1841 3808 2136 3861 testimonia
2195 3817 2304 3860 tua.
2362 3805 2665 3874 Quoniam,
2715 3807 2910 3879 inquit,
2954 3816 3119 3861 totam
3170 3814 3404 3862 mentem

1841 3898 2119 3966 praeceptis
2173 3897 2281 3952 tuis
2333 3897 2544 3962 addixi,
2578 3898 2700 3952 ideo
2749 3899 2802 3951 in
2831 3898 2915 3950 via
2965 3897 3401 3951 testimoniorum

1840 3997 2057 4042 tuorum
2091 3989 2315 4045 incessi.

1907 4170 1995 4224 60.
2025 4169 2253 4223 Paratus
2273 4187 2388 4223 sum
2402 4182 2567 4224 etnon
2585 4187 2700 4224 sum
2716 4172 2975 4227 turbatus.
2991 4171 3126 4226 Cum
3151 4172 3316 4226 sciam
3339 4172 3403 4225 il-

1839 4263 1928 4318 lud
1958 4281 1970 4315 :
2003 4261 2147 4326 Fili,
2180 4264 2228 4314 si
2269 4263 2470 4316 accedis
2520 4261 2587 4315 ad
2633 4265 2960 4316 serviendum
2991 4263 3238 4331 Domino,
3267 4280 3402 4334 prte-

1839 4370 1971 4422 para
2010 4354 2242 4405 animam
2285 4363 2428 4405 tuum
2457 4339 2526 4405 ad
2571 4353 2906 4405 tentationem
2931 4352 3014 4403 ⁸³;
3047 4352 3160 4407 haec
3192 4367 3406 4423 semper

1842 4448 2132 4510 meditans,
2173 4447 2227 4500 in
2265 4446 2572 4500 incursibus
2611 4445 2956 4499 inimicorum
2992 4459 3099 4498 non
3131 4459 3250 4499 sum
3293 4452 3406 4498 tur-

1843 4540 2021 4603 batus,
2047 4547 2229 4608 utpote
2257 4537 2602 4592 meditatione
2631 4546 2852 4604 paratus
2883 4535 2950 4590 ad
2990 4551 3052 4590 ea
3089 4535 3301 4590 fortiter
3329 4534 3407 4589 fe-

1768 4624 1817 4681 D
1844 4632 2032 4688 renda.

1914 4725 2001 4780 6i.
2030 4721 2206 4776 Funes
2250 4730 2581 4790 peccatorum
2629 4717 2970 4786 circnutplexi
3017 4727 3140 4771 sunt
3196 4736 3294 4775 me.
3342 4720 3407 4776 Et

1844 4818 2065 4889 quinam
2115 4814 2294 4876 funes,
2327 4813 2427 4867 nisi
2464 4813 2616 4866 malae
2664 4811 3052 4881 cogitationes,
3084 4811 3282 4879 quibus
3322 4831 3406 4869 me

1846 4929 1874 4966 a
1901 4911 1991 4963 Dei
2019 4909 2190 4978 gratia
2221 4905 2510 4961 deturbare
2539 4905 2874 4958 conabantur
2897 4902 2919 4954 ?

1916 5001 2002 5056 62.
2051 4999 2228 5053 Media
2274 5007 2422 5052 nocte
2468 4998 2740 5064 surgebam
2779 4994 2847 5046 ad
2885 4994 3237 5062 conﬁtendum
3288 4996 3405 5051 tibi.

1845 5093 1960 5150 Non
1994 5093 2138 5147 enim
2165 5092 2251 5146 die
2280 5099 2511 5152 tantum,
2540 5089 2631 5143 sed
2665 5088 2826 5142 etiam
2863 5097 3050 5152 noctu,
3084 5095 3140 5142 et
3175 5086 3279 5141 sub
3323 5087 3405 5154 ip-

1844 5201 1964 5242 sum
1991 5183 2165 5238 noctis
2193 5181 2498 5242 dimidium.
2523 5195 2632 5250 quo
2660 5179 2862 5249 majore
2883 5178 3155 5248 voluptate
3179 5191 3404 5232 somnus

1844 5278 2092 5333 homines
2136 5283 2385 5344 occupat,
2429 5272 2641 5341 hymnis
2676 5271 2740 5325 ad
2787 5271 2861 5325 tui
2893 5269 3102 5324 laudem
3143 5271 3403 5323 canendis

1844 5371 2121 5432 vacabam.
2154 5379 2207 5424 et
2232 5370 2366 5438 iusta
2407 5366 2608 5433 judicia
2651 5373 2738 5418 tua
2775 5363 3150 5418 decantabam.
3177 5359 3291 5415 Hoc
3321 5361 3404 5414 di-

1844 5466 2004 5519 vinus
2053 5463 2215 5516 etiam
2255 5458 2548 5530 Apostolus
2579 5472 2700 5512 cum
2746 5455 2856 5510 Sila
2891 5453 3038 5519 fecit,
3069 5464 3122 5509 et
3150 5453 3406 5520 alligatus

1847 5553 1999 5624 pede,
2019 5551 2329 5606 vulneribus
2354 5559 2405 5603 et
2426 5548 2608 5620 ﬂagris
2624 5553 2898 5608 oneratus,
2916 5544 3215 5599 orationem
3244 5543 3404 5613 hym-

1847 5659 2040 5700 norum
2069 5651 2229 5697 cantu
2266 5641 2599 5712 temperavit,
2641 5649 2694 5694 et
2732 5638 3056 5708 optimarum
3094 5634 3401 5705 vigiliarum

249 5846 291 5876 “
315 5844 469 5901 Rom.
499 5855 620 5901 νιιι,
645 5839 728 5894 l8.
805 5839 848 5869 "
882 5836 897 5888 I
927 5836 1055 5891 Cor.
1088 5849 1184 5896 xu,
1216 5832 1302 5886 26.
1376 5832 1418 5862 "
1447 5827 1609 5883 llebr.
1652 5841 1726 5886 χι,

1912 5821 1955 5851 ⁸³
1991 5818 2152 5876 Eccli.
2190 5833 2250 5881 ll,
2289 5818 2333 5870 l.

496 5938 760 5995 ΡΑτιιοι..
802 5934 916 5993 Gtt.
963 5929 1226 5992 XXVII.

3009 5911 3081 5966 16
