4126 6482
723 401 817 453 491
1566 405 1621 454 S.
1667 403 2028 457 A'IHAN;\S|I
2072 405 2219 460 ΟΡΡ.
2265 406 2307 458 Ρη

2387 409 2442 462 l5
2484 410 2569 464 Ill.
2607 444 2670 454 --
2701 412 3114 474 EXEGETICA.

3845 427 3947 484 £92

719 523 955 580 fructum
1001 518 1316 591 percepit".
1371 521 1572 575 Divina:
1617 540 1848 595 namque
1897 528 2307 589 muniﬁcentiae,

2387 532 2620 601 ἐκέρασε,
2656 536 2747 586 καὶ
2771 536 2865 605 τῆς
2885 537 3052 607 καλῆς
3084 539 3382 609 ἀγρυπνίας
3409 541 3675 611 ἐτρύγησε
3699 541 3796 596 τὸν
3820 560 3950 616 καρ-

722 611 880 665 donis
905 619 1097 664 auctus
1119 620 1220 664 est.

792 698 882 754 63.
943 699 1212 768 Partieeps
1269 717 1359 770 ego
1406 717 1520 754 sum
1569 704 1796 754 omnium
1854 702 2141 756 timentium
2209 713 2276 756 te.

723 791 1002 847 Perfectus
1049 793 1209 845 homo
1260 795 1524 863 particeps
1556 793 1752 847 Christi
1790 792 1980 858 fuerit,
2007 794 2159 863 juxta
2194 796 2278 848 di-

723 894 870 937 ctum
914 883 1042 937 illud
1072 902 1084 937 :
1116 883 1255 936 Nam
1301 885 1498 939 Christi
1523 888 1802 954 participes
1837 888 1969 953 facti
2011 905 2188 943 sumus
2211 889 2276 942 ".

726 969 822 1026 Hic
849 981 1025 1026 autem
1059 975 1213 1042 quasi
1254 975 1517 1040 initiatus,
1549 992 1606 1030 se
1654 978 1956 1031 timentium
1991 977 2278 1032 Dominum

725 1064 1038 1134 participem
1068 1081 1186 1120 esse
1215 1066 1377 1132 dicit;
1409 1083 1580 1136 neque
1611 1077 1817 1122 tantum
1846 1071 2280 1136 timentium,sed

723 1156 886 1213 etiam
906 1172 1092 1210 eorum
1116 1159 1204 1227 qui
1231 1168 1448 1227 pr0pter
1472 1161 1722 1214 timorem
1751 1160 1842 1215 Dei
1866 1162 1984 1231 ejus
2017 1173 2279 1232 prazcepta

725 1259 959 1305 Servant.
989 1250 1379 1320 Argumentum
1409 1263 1587 1308 autem
1627 1255 1836 1310 timoris
1866 1255 1957 1310 Dei
1987 1266 2068 1310 est
2097 1257 2282 1310 obser-

725 1340 866 1392 vatio
894 1350 1302 1408 praeceptorum.

797 1427 887 1482 64.
915 1429 1275 1484 Misericordia
1307 1441 1415 1494 tua,
1443 1432 1681 1500 Domine,
1713 1438 1866 1503 plena
1888 1444 1965 1489 est
1995 1446 2152 1488 terra.
2184 1435 2280 1489 Ju-

723 1520 1065 1589 stiﬁcationes
1119 1531 1234 1575 tuas
1286 1525 1410 1579 doce
1447 1543 1544 1580 me.
1596 1525 1911 1595 Prophctice
1943 1543 2061 1596 qua:
2103 1527 2281 1582 futura

725 1622 851 1667 sunt
874 1615 1143 1679 enuntiat,
1182 1616 1390 1684 plenam
1433 1619 1639 1672 scilicet
1692 1617 1807 1672 fore
1841 1620 2146 1673 universam
2176 1627 2284 1673 ter-

728 1720 841 1760 ram
874 1705 1176 1760 timentium
1223 1705 1531 1762 Dominum.
1565 1709 1628 1762 Et
1677 1710 1798 1772 hoc,
1837 1711 2030 1779 inquit,
2071 1726 2178 1765 non
2218 1726 2283 1764 ex

725 1798 831 1852 alio
855 1813 954 1851 usu
985 1813 1147 1867 quam
1181 1813 1246 1852 ex
1285 1808 1372 1853 tua
1401 1801 1805 1866 misericordia;
1841 1817 1964 1855 nam
1999 1813 2052 1855 tu
2084 1803 2196 1871 ipse
2232 1803 2282 1855 id

726 1889 1147 1943 misericorditer
1192 1888 1346 1956 facis,
1394 1892 1623 1960 teipsum
1677 1893 1813 1948 dans
1846 1893 2156 1949 hominibus
2189 1895 2285 1949 do—
2317 1871 2356 1926 Β

725 1990 953 2036 ctorem.

795 2070 882 2126 65.
917 2072 1214 2127 Bonitatem
1244 2074 1414 2142 fecisti
1455 2092 1569 2128 cum
1604 2093 1746 2130 servo
1774 2089 1883 2143 tuo,
1913 2080 2151 2133 Domine.
2186 2079 2288 2134 Do-

725 2173 877 2218 cetur
903 2165 1217 2233 quidivinis
1256 2168 1485 2236 eloquiis
1523 2170 1766 2224 eruditus
1811 2181 1912 2234 est,
1949 2188 2015 2226 ne
2045 2174 2287 2242 ingratus

727 2257 797 2313 sit
824 2256 876 2310 in
912 2255 1078 2310 Deum
1114 2255 1368 2311 beneﬁcia
1402 2257 1785 2315 conferentem.
1824 2261 2109 2331 Nunquam
2141 2264 2284 2318 enim

726 2363 756 2399 a
785 2348 1022 2417 peccatis
1051 2347 1312 2404 liberatus
1353 2349 1563 2411 fuisset,
1597 2359 1651 2404 et
1687 2363 2075 2408 annumeratus
2115 2355 2286 2408 servis

730 2435 845 2503 Dei,
867 2437 971 2491 nisi
1000 2437 1178 2491 divina
1204 2439 1448 2508 quaedam
1473 2442 1644 2510 gratia
1667 2457 1850 2495 eorum
1887 2444 2015 2512 ipsis
2047 2445 2099 2497 in
2124 2460 2287 2499 causa

729 2525 939 2583 fuisset.

795 2618 880 2672 67.
920 2618 1234 2688 Priusquam
1287 2623 1594 2675 Immiliarer
1641 2640 1731 2692 ego
1767 2625 1981 2694 deliqui.
2014 2626 2285 2694 Traditus,

731 2709 925 2778 inquit.
956 2711 1024 2763 oh
1068 2712 1287 2779 pristina
1336 2723 1551 2780 pet-cata
1604 2730 1744 2781 mea,
1781 2716 2092 2776 humiliatus
2142 2737 2286 2787 sum,

732 2803 834 2856 hoc
876 2817 940 2857 ex
982 2803 1131 2871 justo
1164 2801 1251 2857 Dei
1292 2804 1496 2872 judicio
1541 2821 1751 2874 passus.
1788 2809 2018 2878 Ideoque
2060 2814 2290 2882 castiga-

729 2892 863 2946 tioni
891 2893 1141 2954 traditus,
1175 2910 1306 2964 rogo
1339 2898 1470 2950 mihi
1501 2897 1803 2952 doctrinam
1834 2900 2072 2961 immitti,
2099 2912 2159 2954 ut
2197 2917 2287 2956 co-

728 2999 981 3055 gnoscam
1011 2986 1437 3041 humiliationem
1461 2988 1605 3042 illam
1639 2990 1769 3044 mihi
1799 3006 1892 3060 per
1922 2993 2212 3047 bonitatem
2238 3003 2289 3048 et

729 3078 796 3132 ad
822 3079 1230 3148 castigationem
1259 3081 1525 3137 evenisse.

801 3255 888 3310 68.
917 3256 1094 3312 Bonus
1138 3274 1189 3310 es
1227 3268 1301 3321 tu,
1345 3257 1578 3316 Domine.
1623 3261 1723 3327 Qui
1757 3264 1936 3332 justus
1968 3276 2048 3319 est
2080 3268 2131 3319 in
2163 3284 2280 3321 om-

729 3347 914 3412 nibus,
940 3351 1288 3417 quantumvis
1320 3353 1541 3405 molesta
1575 3354 1682 3406 sint
1708 3371 1826 3421 qua:
1859 3357 2128 3420 accidunt,
2158 3359 2280 3412 tlieit

731 3438 840 3494 Deo
873 3459 884 3494 :
913 3440 1089 3494 Bonus
1105 3453 1248 3494 estu.
1282 3443 1467 3496 Simile
1484 3455 1563 3498 est
1592 3446 1720 3500 illud
1743 3450 2081 3502 :Benedicam
2102 3449 2284 3503 Domi-

731 3543 854 3579 num
875 3529 928 3580 in
954 3531 1094 3583 omni
1120 3541 1342 3598 tempore
1367 3532 1514 3586 ⁵⁶.--
1534 3532 1600 3586 Ει
1622 3536 1677 3587 in
1699 3537 1926 3590 bonitate
1950 3551 2038 3592 tua
2062 3539 2185 3594 doce
2209 3559 2286 3595 me

726 3615 1126 3684 iustiﬁcationes
1161 3631 1298 3674 tuas.
1331 3620 1395 3674 Et
1423 3633 1574 3693 rogat
1606 3640 1636 3679 a
1668 3626 1904 3682 bonitate
1933 3627 2027 3684 Dei
2049 3631 2283 3696 edoceri,

729 3706 856 3774 quia
897 3707 1050 3762 bonae
1095 3722 1220 3764 sunt
1260 3711 1674 3780 justitieationes
1721 3717 1850 3782 Dei,
1903 3720 1968 3773 ad
2022 3720 2286 3789 cujusque

731 3797 981 3853 meritum
1024 3804 1481 3858 accommodatae:
1527 3805 1594 3859 de
1651 3807 1849 3875 quibus
1877 3817 1998 3878 apte
2035 3809 2281 3864 dicatur:

732 3886 800 3940 Et
818 3889 1117 3958 justiﬁcata
1144 3903 1262 3944 sunt
1284 3893 1490 3961 judicia
1513 3904 1625 3959 tua,
1662 3895 1800 3950 Deus
1823 3898 1896 3952 ⁸⁷.

800 3979 888 4046 69,
923 3981 1008 4036 70.
1044 3983 1392 4052 Multiplicata
1415 3998 1491 4042 est
1535 4006 1688 4058 super
1718 4008 1796 4045 me
1833 3993 2083 4062 iniquitas
2110 4010 2287 4063 supcr-

730 4073 932 4127 borum.
980 4073 1051 4129 Eo
1104 4091 1291 4147 usque,
1347 4080 1439 4145 ait,
1475 4083 1736 4150 superbiae
1785 4097 2184 4154 processerunt,
2230 4098 2287 4143 ut

731 4163 881 4218 cordi
909 4178 1096 4221 eorum
1127 4167 1178 4221 id
1205 4169 1346 4238 quod
1373 4171 1614 4239 sequitur
1637 4172 1915 4227 acciderit.
1935 4173 2283 4242 Coaqulatum

726 4267 801 4307 est
830 4258 962 4310 sicut
996 4257 1077 4310 lac
1119 4275 1208 4312 cor
1237 4277 1433 4314 eorum.
1463 4260 1872 4318 Tentationibus
1913 4267 2071 4322 malis
2111 4271 2285 4338 gravi-

729 4348 937 4419 busque
966 4353 1215 4417 traderis,
1245 4353 1443 4420 quibus
1474 4353 1526 4407 in
1551 4355 1659 4408 vita
1691 4356 2083 4414 humiliaberis.
2108 4359 2172 4413 Et
2197 4361 2288 4414 do-

726 4440 928 4494 cebunt
981 4449 1030 4494 te
1072 4456 1270 4511 corpus
1311 4451 1462 4498 tuum
1513 4446 1776 4516 castigare
1805 4457 1857 4503 et
1893 4449 1943 4501 in
1975 4452 2283 4505 servitutem

2385 623 2499 676 πόν.
2531 624 2637 693 Τῆς
2666 624 2814 689 θείας
2839 628 2946 698 γὰρ
2979 628 3286 699 φιλοτιμίας
3313 630 3636 692 ἀπέλαυσεν,

2449 712 2714 780 Μέτοχος
2741 714 2852 783 ἐγώ
2891 717 3007 784 είμι
3050 717 3289 771 πάντων
3309 719 3424 772 τῶν
3446 723 3838 791 φοϐουμένων
3861 740 3952 780 σε.

2395 804 2450 856 ’0
2487 806 2584 875 μὲν
2642 806 2842 870 τέλειος
2880 809 3113 880 Χριστοῦ
3162 811 3227 863 ἂν
3263 812 3345 883 εἴη
3413 815 3658 885 μέτοχος,
3705 819 3852 871 κατὰ
3901 823 3958 873 τὸ

2382 895 2683 965 εἰρημένον·
2715 896 2960 966 Μέτοχοι
2998 901 3106 968 γὰρ
3155 902 3258 955 τοῦ
3310 905 3562 970 Χριστοῦ
3603 910 3954 977 γεγόναμεν.

2395 989 2450 1040 Ὀ
2477 989 2533 1040 δὲ
2565 989 2771 1062 παρὼν,
2803 991 2876 1054 ὡς
2923 993 3300 1064 εἰσαγόμενος,
3335 997 3440 1048 τῶν
3478 999 3643 1067 φοϐον
3654 1002 3836 1069 μένων
3871 1004 3957 1054 τὸν

2383 1084 2586 1156 Κύριον
2651 1087 2872 1156 μέτοχον
2929 1088 3113 1140 ἑαυτὸν
3166 1085 3302 1142 εἶναι
3354 1090 3520 1159 λέγει·
3553 1094 3650 1163 οὐχ
3682 1094 3874 1158 ἁπλῶς
3905 1092 3957 1146 δὲ

2382 1177 2488 1230 τῶν
2522 1179 2888 1249 φοϐουμένων,
2919 1180 3050 1233 ἀλλὰ
3088 1181 3194 1234 τῶν
3223 1182 3308 1236 διὰ
3334 1183 3391 1235 τὸ
3415 1184 3694 1251 φοϐεῖσθαι
3751 1186 3955 1255 φυλασ-

2386 1269 2584 1322 σόντων
2614 1272 2713 1333 τὰς
2738 1271 2954 1334 ἐντολὰς
2994 1272 3086 1325 τοῦ
3117 1273 3271 1327 Θεοῦ.
3333 1277 3541 1346 Δεῖγμα
3595 1277 3654 1329 δὲ
3683 1279 3780 1330 τοῦ
3810 1277 3955 1330 θείου

2385 1359 2545 1427 φόϐου
2579 1361 2610 1428 ἡ
2642 1360 2747 1412 τῶν
2778 1361 3000 1413 ἐντολῶν
3037 1361 3265 1433 φυλακή.

2461 1452 2567 1504 Τοῦ
2592 1452 2802 1518 ἐλέους
2860 1470 2995 1515 σου,
3040 1455 3235 1520 Κύριε,
3268 1454 3504 1523 πλήρης
3548 1459 3585 1524 ἠ
3624 1458 3727 1527 πῆ.
3763 1463 3843 1514 Τὰ
3875 1460 3960 1514 δι-

2385 1543 2677 1610 καιώματὰ
2702 1560 2815 1597 σου
2839 1543 3085 1606 δίδαξόν
3107 1561 3200 1613 με.
3229 1547 3585 1617 Προφητικῶς
3629 1550 3698 1601 τὰ
3727 1551 3960 1620 ἐσόμενά

2386 1651 2568 1703 φησιν,
2604 1634 2676 1696 ὡς
2710 1635 2857 1687 ἔσται
2889 1635 3090 1702 πᾶσαή
3121 1634 3191 1703 γῆ
3219 1634 3430 1705 πλήρης
3457 1638 3564 1689 τῶν
3607 1638 3960 1709 φοϐουμένων

2383 1725 2474 1777 τὸν
2498 1725 2718 1795 Κύριον.
2756 1727 2863 1779 Καὶ
2886 1727 2984 1778 οὐκ
3011 1724 3069 1788 ἐξ
3095 1724 3286 1795 ἑτέρας
3317 1728 3448 1796 φησι
3474 1729 3628 1782 τοῦτο
3658 1730 3849 1801 χρείας
3873 1747 3961 1798 γε-

2386 1819 2604 1888 νήσεται
2639 1820 2670 1888 ἣ
2703 1821 2764 1871 ἐκ
2800 1818 2894 1871 τοῦ
2943 1819 3033 1871 σοῦ
3061 1817 3260 1880 ἐλέους·
3314 1823 3408 1873 καὶ
3437 1822 3598 1885 αὐτὸς
3643 1824 3756 1895 γὰρ
3805 1824 3960 1877 τοῦτο

2385 1910 2678 1978 ὲλεητικῶς
2735 1912 2925 1975 ποιεῖς,
2982 1913 3249 1977 ἐπιδιδοὺς
3282 1913 3469 1967 ἑαυτὸν
3503 1913 3608 1965 τῶν
3654 1915 3961 1985 ἀνθρώπων

2387 1996 2523 2053 εἶναι
2555 2002 2889 2056 διδάσκαλον.

2462 2095 2846 2161 Χρηστότητα
2890 2096 3180 2164 ἐποίησας
3199 2097 3346 2165 μετά
3403 2098 3508 2152 τοῦ
3559 2098 3790 2152 δούλου
3821 2115 3959 2159 σου.

2387 2188 2580 2253 Κύριε.
2613 2186 2931 2240 Διδάσκεται
2974 2190 3003 2239 ὁ
3038 2188 3106 2241 τὰ
3155 2188 3273 2242 θεῖα
3333 2188 3486 2256 λόγια
3532 2189 3962 2259 πεπαιδευμένος

2391 2279 2463 2349 μὴ
2494 2278 2830 2347 ἀναισθήτως
2852 2279 2994 2348 ἔχειν
3033 2279 3130 2342 τὰς
3177 2278 3456 2343 τοῦ,Θεοῦ
3505 2281 3847 2350 εὐεργεσίας.
3889 2283 3960 2332 0’)

2387 2372 2493 2441 γὰρ
2519 2370 2690 2431 ἄλλως
2709 2370 3015 2439 ἀπήλλακτο
3041 2371 3138 2439 μὲν
3153 2369 3252 2439 τῆς
3270 2370 3557 2441 ἁμαρτίας,
3580 2371 3815 2442 κατηρίθ
3825 2389 3963 2441 μητο

2387 2463 2442 2514 δὲ
2471 2465 2527 2514 ὲν
2557 2461 2760 2524 δούλοις
2786 2461 3010 2532 Κυρίου,
3064 2464 3110 2514 εί
3165 2462 3238 2532 μὴ
3281 2461 3399 2517 θεία
3429 2480 3510 2526 τις
3565 2464 3726 2533 χάρις
3758 2463 3964 2516 τούτων

2388 2555 2534 2626 αὑτῷ
2563 2555 2708 2608 αἰτία
2731 2554 2971 2622 γέγονεν.

2460 2641 2578 2708 Πρὸ
2627 2642 2731 2694 τοῦ
2764 2658 2838 2708 με
2861 2640 3288 2708 ταπεινωθῆναι
3337 2643 3451 2712 ἐγὼ
3496 2645 3959 2715 ἐπλημμέλησα.

2389 2730 2487 2782 Διὰ
2529 2730 2628 2792 τὰς
2661 2731 2928 2801 προτέρας
2967 2748 3088 2800 μου,
3139 2733 3292 2801 φησι,
3321 2733 3653 2803 πραχθείσας
3683 2738 3962 2806 ἁμαρτίας

2391 2820 2729 2891 παραδοθεὶς,
2789 2821 3176 2890 ὲταπεινώθην,
3217 2823 3393 2893 κρίσει
3445 2825 3626 2895 δικαία
3674 2827 3770 2878 τοῦ
3827 2828 3962 2881 Θεοῦ

2388 2916 2545 2970 τοῦτο
2576 2911 2780 2966 παθών.
2828 2905 2902 2965 Οὗ
2943 2913 3006 2985 δὴ
3036 2914 3129 2968 καὶ
3169 2915 3328 2987 χάριν
3372 2916 3584 2988 παιδείᾳ
3610 2918 3962 2988 παραδοθεὶς,

2387 3005 2575 3077 δέομαι
2619 3003 2962 3068 διδασκαλίας
3012 3005 3086 3068 ὼς
3133 3005 3198 3059 ἂν
3231 3006 3363 3074 γνῶ,
3421 3008 3502 3061 ὃτι
3550 3009 3583 3078 ἡ
3633 3010 3962 3072 ταπείνωσις

2388 3098 2421 3166 ἠ
2479 3095 2742 3165 γενομένη
2814 3112 2900 3164 μοι
2965 3096 3103 3149 κατὰ
3174 3097 3514 3167 χρηστότητα
3574 3100 3669 3153 καὶ
3711 3101 3962 3153 παιδείαν

2315 3202 2356 3258 C
2390 3188 2617 3256 ἐγένετο.

2458 3277 2726 3345 Χρηστὸς
2755 3273 2808 3330 εἶ
2835 3277 2934 3340 σὺ,
2970 3279 3162 3346 Κύριε.
3214 3278 3273 3330 '0
3295 3278 3499 3342 δίκαιος
3541 3279 3632 3330 ἐπὶ
3677 3282 3836 3342 πᾶσι,
3862 3283 3961 3334 κᾶν

2386 3364 2419 3436 ᾖ
2455 3367 2622 3439 πικρὰ
2651 3369 2718 3419 τὰ
2749 3367 3132 3436 συμϐαίνοντα,
3190 3367 3336 3434 λέγει
3397 3369 3475 3438 τῷ
3521 3367 3658 3439 Θεῷ·
3684 3373 3961 3441 Χιριηστὸς

2386 3455 2442 3506 εἷ
2465 3458 2565 3508 σύ.
2593 3456 2838 3507 Τοιοῦτον
2873 3455 2964 3507 καὶ
2993 3457 3070 3508 τό·
3110 3459 3437 3526 Εὺλυγήσω
3484 3459 3588 3510 τεν
3621 3462 3844 3526 Κύριοι⁸
3894 3463 3961 3512 ἐν

2387 3545 2562 3598 πάντὶ
2596 3545 2796 3615 καιρῷ.
2850 3547 2958 3599 Καὶ
2995 3549 3063 3600 ἐν
3089 3548 3162 3615 τῇ
3217 3551 3583 3617 χρηστότητί
3620 3565 3739 3605 σου
3795 3552 3958 3606 δίδα-

2387 3635 2496 3700 ξόν
2522 3653 2597 3705 με
2632 3638 2703 3690 τὰ
2741 3637 3092 3705 δικαιώματά
3121 3654 3255 3694 σου.
3295 3641 3402 3692 Καὶ
3437 3641 3602 3694 δεῖται
3635 3642 3696 3693 τὸ
3737 3644 3960 3714 χρηστῴ

2386 3728 2518 3779 Θεοῦ
2547 3728 2874 3798 διδαχθῆναι·
2906 3731 2985 3782 ὅτι
3020 3731 3228 3801 χρηστὰ
3249 3731 3317 3782 τὰ
3347 3732 3686 3802 δικαιώματα
3707 3735 3806 3787 τοῦ
3827 3735 3959 3788 Θεοῦ

2389 3819 2521 3888 πρὸς
2576 3820 2672 3888 τὴν
2719 3820 2872 3885 ἀξίαν
2923 3823 3148 3875 ἑκάστου
3193 3823 3466 3892 γινομένω
3528 3827 3613 3892 ἐφ’
3646 3821 3727 3889 οἷς
3785 3827 3960 3895 λέγειν

2390 3909 2553 3976 ἄξιον·
2597 3910 2938 3978 Ἐὸικαιώθη
2967 3913 3035 3964 τὰ
3056 3913 3303 3980 κρίματά
3321 3929 3456 3978 σου,
3480 3917 3512 3967 ό
3530 3915 3694 3980 Θεός.

2469 4001 2802 4070 Ἐπληρὼθη
2839 4004 2937 4054 ἐπ”
2976 4004 3080 4072 ἐμὲ
3126 4004 3325 4057 ἀδικία
3358 4006 3775 4075 ὑπερηφάνων.
3839 4009 3960 4062 Ἐπὶ

2385 4092 2654 4154 τοσοῦτον,
2686 4096 2866 4162 φησιν,
2926 4093 3129 4162 ἦλασαν
3161 4096 3554 4165 ὑπερηφανίας,
3594 4097 3668 4160 ὡς
3702 4099 3958 4165 γενέσθαι

2386 4186 2481 4254 τὴν
2511 4184 2736 4255 καρδίαν
2761 4187 2817 4238 ὲν
2845 4185 3049 4248 αὐτοῖς.
3107 4185 3397 4254 Ἐτυρώθη
3440 4189 3520 4253 ὡς
3564 4187 3722 4256 πίλα
3749 4192 3788 4258 ἡ
3822 4208 3958 4260 καρ-

2385 4277 2484 4330 δία
2514 4275 2730 4329 αὐτῶν.
2748 4278 2871 4341 Τοῖς
2901 4281 3155 4350 πονηροῖς
3186 4279 3279 4332 καὶ
3310 4281 3600 4353 μοχθηροῖς
3631 4287 3957 4355 πειρασμοῖς

2387 4369 2732 4442 παραδοθήσῃ
2791 4369 2889 4441 βίῳ
2934 4371 3027 4424 καὶ
3073 4371 3314 4442 πολιτείᾳ
3369 4372 3705 4438 ταπεινοῦσι,
3743 4375 3841 4429 καὶ
3877 4376 3955 4428 δι-

2387 4461 2674 4514 δάσκουσιν
2706 4460 3026 4526 ὑποπιαζειν
3054 4462 3113 4514 τὸ
3133 4462 3290 4533 σῶμα
3321 4464 3416 4517 καὶ
3442 4463 3828 4536 δουλαγωγεῖν,
3864 4470 3957 4523 καὶ

729 4530 989 4601 redigere,
1021 4547 1120 4585 nec
1144 4532 1387 4588 incedere
1418 4535 1469 4588 in
1500 4534 1606 4589 lata
1636 4544 1690 4590 et
1719 4537 1957 4606 spatiosa
1988 4539 2074 4593 via
2101 4555 2289 4609 super—

2396 4553 2470 4623 μὴ
2525 4552 2726 4605 ὁδεύειν
2776 4551 2873 4622 τὴν
2927 4552 3182 4606 πλατεῖαν
3211 4555 3304 4606 καὶ
3354 4555 3659 4628 εὐρύχωρον
3708 4560 3808 4630 τὴν
3850 4560 3957 4614 τῶν

729 4620 940 4687 borum,
974 4623 1066 4676 sed
1093 4625 1146 4676 in
1177 4634 1404 4694 angusta
1434 4632 1486 4679 et
1517 4635 1684 4681 arcta.
1715 4626 1848 4682 Nam
1889 4640 2050 4687 tenue
2083 4643 2164 4688 est
2198 4648 2287 4688 cor

728 4723 1061 4774 sanetorum,
1091 4728 1186 4767 cor
1219 4722 1400 4768 autem
1432 4718 1789 4785 superborum
1813 4721 2030 4789 pingue.

799 4891 881 4944 7i.
909 4891 1113 4946 Bonum
1146 4896 1270 4947 mihi
1289 4896 1415 4962 quia
1438 4895 1730 4950 huniitiasti
1757 4915 1854 4952 me.
1885 4900 1959 4953 Ac
1983 4903 2026 4955 si
2048 4902 2277 4959 diceret:

729 4982 858 5037 Mihi
886 4985 1068 5052 placeo
1093 4987 1145 5040 in
1179 4988 1599 5050 inﬁrmitatibus,
1628 4990 1680 5044 in
1708 4994 2074 5055 contumeliis,
2109 4996 2162 5049 in
2195 5013 2288 5052 ue-

2394 4641 2783 4711 ὑπερηφάνων,
2846 4641 2982 4696 ἀλλὰ
3044 4642 3138 4714 τὴν
3189 4643 3374 4716 στενὴν
3425 4648 3518 4698 καὶ
3570 4646 3954 4721 τεθλιμμένην⁹

2391 4731 2558 4801 λεπτὴ
2593 4732 2816 4804 μὲνγὰρ
2845 4733 2879 4802 ἡ
2907 4731 3014 4787 τῶν
3050 4733 3239 4802 ἁγίων,
3289 4737 3427 4788 πίων
3457 4736 3515 4789 δὲ
3555 4739 3588 4808 ἡ
3638 4739 3749 4804 τῶν
3793 4741 3957 4812 ὑπερ-

2389 4823 2608 4893 ηφάνων
2630 4825 2841 4896 καρδία.

2474 4914 2719 4981 Ἀγαθόν
2733 4932 2853 4982 μοι,
2881 4915 2970 4968 ὅτι
2997 4917 3399 4985 ἐταπείνωσάς
3426 4938 3523 4989 με.
3574 4923 3719 4977 Ὠσεὶ
3752 4925 3952 4994 ἔλεγεν·

2396 5002 2610 5055 Εὑδοκῶ
2641 5005 2698 5055 ὲν
2739 5005 3057 5072 ἀσθενείαις,
3114 5011 3170 5061 ὲν
3203 5009 3439 5081 ὕϐρεσιν,
3488 5013 3545 5065 ὲν
3589 5015 3876 5083 ἀνάγκαις,
3901 5021 3955 5070 ὲν

728 5077 1105 5141 cessitatihus,
1162 5079 1214 5130 in
1267 5083 1754 5147 persecutionibus,
1805 5084 1859 5137 in
1907 5085 2201 5155 angustiis,
2232 5099 2292 5143 ut

2389 5093 2662 5163 διωγμοῖς,
2717 5098 2772 5148 ὲν
2807 5100 3203 5170 στενοχωρίαις,
3243 5103 3391 5168 ἄξιος
3436 5105 3664 5174 ὀφθῆναι
3695 5109 3806 5161 τῶν
3852 5111 3954 5163 σῶν

727 5168 924 5238 dignus
948 5169 1621 5239 videarjustiticationibus
1650 5175 1777 5237 tuis,
1802 5191 2049 5244 quaerens
2077 5192 2139 5232 ea
2169 5194 2289 5248 quae

725 5261 862 5314 alias
889 5260 1054 5314 edisci
1084 5278 1190 5316 non
1221 5275 1464 5333 possunt.

801 5353 885 5405 72.
927 5353 1128 5405 Bonum
1170 5356 1298 5408 mihi
1323 5356 1408 5407 lea:
1435 5355 1540 5409 oris
1572 5356 1672 5418 tui,
1703 5373 1857 5425 super
1882 5357 2054 5411 millia
2077 5357 2197 5410 auri
2235 5369 2284 5412 et

730 5446 952 5513 argenti.
988 5445 1189 5499 Ediscit
1238 5446 1480 5501 initiatus
1532 5448 1698 5502 homo
1727 5458 1934 5518 quanto
1974 5449 2044 5503 sit
2083 5449 2288 5504 honore

730 5535 982 5588 donatus.

803 5623 888 5678 75.
925 5625 1112 5678 Manus
1136 5641 1235 5681 tua
1260 5628 1489 5697 fecerunt
1522 5647 1616 5683 me.
1647 5629 1828 5684 Altera
1858 5629 2116 5698 dignitas,
2139 5635 2285 5700 quod

789 5806 831 5836 “
864 5809 978 5859 Act.
1018 5822 1126 5873 xw,
1157 5809 1245 5864 25.

2388 5183 2802 5255 δικαιωμάτων,
2859 5187 3036 5260 ζητῶν
3091 5191 3232 5262 ἅπερ
3288 5194 3388 5247 οὐκ
3437 5195 3581 5251 ἐστιν
3627 5197 3805 5263 ἄλλως
3860 5218 3955 5271 μα-

2391 5275 2519 5329 θεῖν.

2472 5367 2713 5436 Ἀγαθός
2759 5387 2859 5438 μοι
2891 5375 2924 5424 ό
2955 5373 3135 5441 νόμος
3177 5378 3282 5430 τοῦ
3334 5380 3625 5447 στόματός
3651 5396 3772 5436 σου
3807 5385 3948 5451 ὑπὲρ

2392 5457 2662 5524 χιλιάδας
2696 5463 2950 5528 χρυσίου
2979 5465 3074 5517 καὶ
3116 5465 3421 5535 ἀργυρίου.
3461 5471 3631 5540 Ὅσης
3675 5473 3901 5541 ἠξίωται

2391 5549 2672 5621 ἄνθρωπος
2699 5552 3001 5606 διδάσκεται
3026 5557 3389 5626 είσαγὸμενος.

2465 5642 2533 5693 Al
2563 5638 2754 5708 χεῖρές
2776 5657 2890 5695 σου
2919 5642 3217 5710 ἐποίησάν
3248 5663 3342 5715 με.
3371 5647 3598 5719 Ἕτερον
3641 5649 3858 5721 ἀξίωμα
3893 5652 3950 5703 τὸ

1342 5811 1385 5842 ³⁸
1415 5809 1577 5866 Hebr.
1619 5829 1702 5883 ιιι,
1737 5812 1823 5868 14.
1900 5815 1946 5849 ³⁸
1976 5813 2120 5871 Psal.
2157 5830 2349 5884 xum,
2376 5817 2428 5871 ἐξ.
2506 5820 2547 5850 ⁵⁷
2581 5817 2719 5876 Psat.
2757 5838 2907 5886 unt,
2943 5824 3026 5878 l0.
