4126 6490
183 438 280 496 493

1237 429 1600 486 EXPOSITIO
1637 428 1700 480 ΙΝ
1741 427 2068 483 PSALMUM
2110 429 2336 486 CXVIII.

3311 431 3413 486 494

183 555 416 609 δεκτικὸν
449 556 612 607 αὐτὸν
639 551 775 609 εἶναι
809 555 900 606 xa‘t
936 553 1238 625 χωρητικὸν
1298 553 1396 622 τῆς
1426 550 1588 605 αὑτοῦ
1637 551 1749 602 δια-

1875 550 1922 603 ηἰι
1970 567 2138 620 capax
2176 554 2302 607 talis
2348 553 2727 622 intelligentiae.
2769 551 2849 606 Da
2898 553 3023 605 mihi
3071 551 3412 614 intellectum,

187 646 343 709 νοίας.
377 647 711 700 Συνέτισόν
739 662 835 715 με,
867 645 965 699 καὶ
989 642 1332 714 μαθήσομαι
1366 642 1472 708 τὰς
1504 641 1754 706 ἐντολάς

183 751 312 791 σου.
335 735 412 806 Τῇ
436 736 532 788 ἐπ).
564 736 664 806 τῆς
686 737 953 807 ποιήσεως
973 735 1291 806 εὐχαριστίᾳ
1315 733 1430 785 λίαν
1451 731 1754 796 ἀκολούθως

184 828 218 898 ἡ
241 826 339 895 τῆς
363 827 624 897 νοητικῆς
650 827 930 897 δυνάμεως
972 827 1070 896 τῆς
1103 826 1338 878 συνιέναι
1381 824 1636 894 ποιούσης
1658 826 1754 888 τας

188 918 420 981 ἐντολάς.

252 1012 314 1061 Οί
328 1009 693 1077 φοϐούμενοί
706 1023 798 1074 σε,
821 1007 1074 1077 ὄψονται
1088 1024 1181 1072 σε,
1203 1009 1298 1061 καί
1319 1006 1756 1076 εὐφρανθήσον-

184 1112 288 1148 ται.
338 1096 614 1163 Διδάσκει,
640 1097 715 1159 ὠς
743 1096 843 1150 οὐκ
894 1096 1056 1159 αὐτὸς
1084 1097 1241 1167 μόνος
1294 1097 1505 1160 καθέξει
1555 1097 1614 1148 τὺ
1661 1096 1757 1165 χά-

189 1201 370 1256 ρισμα,
413 1187 612 1256 φθάσει
639 1187 693 1240 δὲ
727 1189 818 1241 καὶ
864 1189 942 1251 είς
985 1188 1189 1252 πάντας
1242 1189 1366 1251 τοὺς
1396 1187 1756 1257 φοϐουμένους

184 1277 268 1328 τὸν
295 1279 521 1348 Κύριον.
551 1280 674 1342 Τοῖς
722 1279 830 1350 γὰρ
883 1280 1127 1334 εὐσεϐέσι
1181 1281 1361 1351 μόνοις
1405 1281 1553 1333 ἐστὶν
1604 1281 1753 1348 ἡδὺς,

187 1369 452 1439 αἰσθητῶς
487 1370 548 1422 δὲ
582 1370 798 1440 όραθεὶς
833 1371 926 1422 καὶ
979 1370 1121 1424 κατὰ
1153 1372 1244 1423 τὸν
1299 1371 1453 1438 λόγον
1493 1370 1587 1422 καὶ
1619 1369 1757 1422 κατὰ

185 1459 248 1510 τὰ
271 1460 516 1529 νοήματα
549 1461 647 1530 τῆς
673 1461 860 1529 σοφίας
884 1463 948 1531 ἣν
973 1461 1102 1532 ἔχει’
1141 1466 1250 1526 τοῖς
1287 1462 1342 1514 δὲ
1385 1462 1561 1525 ἄλλοις
1592 1461 1758 1532 βαρύς

187 1549 294 1599 ἐστι
329 1550 420 1600 καὶ
451 1548 798 1620 βλεπόμενος.
829 1553 949 1605 Ὅτι
972 1554 1216 1622 ἀνόμοιος
1249 1556 1358 1615 τοῖς
1387 1553 1564 1616 ἄλλοις
1590 1553 1618 1604 ό
1648 1552 1758 1622 βίος

186 1639 341 1691 αὐτοῦ
373 1641 469 1693 καὶ
504 1641 897 1712 ἐξηλλαγμέναι
925 1644 982 1694 αί
1027 1644 1198 1714 τρίὸοι
1253 1643 1439 1710 αὑτοῦ,
1483 1643 1570 1696 διὰ
1604 1643 1759 1695 τοῦτο

186 1731 238 1782 δέ
261 1749 443 1800 φησιν’
489 1732 1044 1800 Εὐρρανθήσονται,
1082 1735 1169 1787 ὅτι
1202 1737 1290 1801 είς
1347 1735 1483 1800 τοὺς
1541 1734 1760 1802 λόγους

188 1841 296 1880 σου
323 1826 661 1891 ἐπήλπισα.

1858 653 1916 694 ut
1940 644 2139 697 discam
2167 646 2420 700 mandata
2451 655 2561 701 tua.
2591 645 2719 702 Post
2743 647 3035 716 gratiarum
3073 647 3314 701 actiones
3353 648 3416 699 de

1858 735 2130 789 creatione
2155 753 2271 802 sua,
2309 737 2461 792 valde
2492 747 2882 808 consequenter
2909 746 3268 791 annectuntur
3291 752 3415 805 gra-

1858 825 2053 878 tiarum
2103 826 2342 881 actiones
2390 842 2487 896 pro
2519 829 2642 882 data
2679 827 2950 897 cogitandi
2995 826 3266 888 facultate,
3297 841 3420 895 quae

1857 915 2110 967 mandata
2137 914 2429 983 intelligere
2460 915 2609 970 facit.

1932 1003 2018 1057 74.
2050 1004 2153 1068 Qui
2187 1006 2368 1074 timent
2401 1016 2446 1057 te
2495 1007 2734 1058 videbunt
2775 1015 2840 1067 te,
2867 1015 2914 1057 et
2951 1003 3288 1058 ltetabuntur.
3313 1000 3413 1053 Dn-

1860 1105 1945 1150 cet
1978 1113 2083 1151 non
2126 1112 2184 1151 se
2211 1099 2387 1152 solum
2421 1113 2536 1152 eam
2580 1099 2810 1168 gratiam
2861 1108 3296 1159 consecuturum,
3325 1096 3415 1148 sel

1857 1202 1976 1240 eam
2014 1189 2266 1243 omnibus
2306 1190 2619 1243 timentibus
2668 1189 2834 1242 Deum
2873 1190 3241 1242 obventuram.
3284 1184 3416 1239 Nam

1860 1279 1964 1346 piis
2007 1279 2184 1332 solum
2227 1279 2538 1332 hominibus
2572 1279 2743 1332 dulcis
2772 1288 2885 1345 est;
2913 1281 2983 1332 ita
3019 1289 3075 1332 ut
3105 1278 3264 1331 etiam
3295 1292 3418 1332 sen-

1860 1368 2085 1422 sibiliter
2109 1369 2369 1432 videatur,
2389 1379 2440 1423 et
2468 1371 2760 1424 secundum
2787 1370 3033 1433 verbum,
3051 1379 3103 1423 et
3125 1368 3418 1423 secundum

1860 1458 2212 1527 cogitationes
2239 1460 2516 1528 sapientia:
2537 1475 2698 1529 quam
2725 1460 2884 1514 habet
2909 1477 2921 1523 ;
2948 1460 3066 1512 aliis
3095 1469 3272 1513 autem
3299 1473 3418 1527 gra-

1861 1549 1941 1602 vis
1969 1559 2022 1602 et
2047 1549 2216 1603 durus
2245 1559 2347 1613 est,
2383 1542 2595 1604 etiamsi
2633 1551 2892 1605 videatur.
2935 1550 3069 1615 Quia
3112 1551 3230 1602 aliis
3260 1549 3420 1602 dissi-

1861 1642 2005 1696 milis
2037 1643 2252 1697 estvita
2278 1644 2394 1712 ejus
2431 1653 2483 1697 et
2519 1643 2746 1698 diversa:
2786 1644 2884 1697 vice
2927 1645 3068 1712 ejus,
3096 1643 3215 1698 ideo
3251 1641 3418 1695 dicit:

1863 1734 2229 1800 Lcetabuntur,
2263 1738 2388 1805 quia
2419 1737 2471 1788 in
2496 1737 2658 1790 verbis
2689 1737 2792 1790 tuis
2816 1736 3196 1805 supersperari.

258 1919 504 1985 Ἑγνων,
533 1921 722 1986 Κύριε,
755 1920 840 1972 ὅτι
870 1920 1222 1988 δικαιοσύνη
1251 1921 1320 1974 τὰ
1344 1919 1593 1988 κρίματα
1621 1934 1755 1972 σου.

1931 1915 2017 1968 75.
2060 1917 2307 1987 Cognovi,
2355 1918 2590 1983 Domine,
2617 1920 2740 1989 quia
2789 1920 3007 1990 wquitas
3048 1919 3258 1987 judicia
3307 1927 3418 1972 tua.

189 2011 580 2081 Διδασκόμεθα,
616 2013 692 2074 ὡς
715 2013 890 2064 πάντα
919 2015 1048 2083 ἡμῖν
1082 2015 1109 2065 ό
1163 2013 1293 2076 Θεὸς
1321 2013 1540 2076 δικαίως
1572 2011 1762 2079 ἐπιφέ-

194 2120 288 2173 ρει·
346 2102 490 2156 ὥστε
544 2105 838 2171 ἀναγκαῖον
904 2104 977 2174 μὴ
1036 2103 1316 2175 ὀλιγωρεῖν
1370 2105 1519 2173 ἡμᾶς
1556 2104 1614 2154 ὲν
1646 2105 1764 2164 ταῖς

192 2196 483 2258 παιδείαις,
537 2196 895 2266 προσπίπτειν
947 2197 1002 2248 δὲ
1035 2195 1252 2264 μᾶλλον,
1289 2196 1382 2246 καὶ
1437 2196 1500 2246 ὲκ
1543 2194 1640 2263 τῆς
1667 2192 1762 2245 τοῦ

192 2289 347 2358 νόμου
373 2287 627 2356 φυλακῆς
655 2287 744 2339 τὸν
775 2286 920 2338 ἔλεον
947 2285 1199 2351 ἐξαιτεῖν.

260 2378 579 2444 Γενηθήτω
632 2376 709 2444 δὴ
761 2378 825 2429 τὸ
881 2377 1050 2440 ἔλεός
1076 2393 1190 2428 σου
1230 2375 1332 2427 τοῦ
1357 2371 1765 2442 παρακαλέσαι

191 2488 280 2539 με.
318 2471 510 2533 Ἔλεος
542 2469 636 2523 τοῦ
667 2469 876 2539 Πατρὸς
907 2471 935 2521 ὁ
980 2467 1126 2528 Υἱὸς,
1156 2466 1214 2528 ὃς
1273 2467 1365 2517 καὶ
1401 2465 1766 2536 παρεκάλεσεν

196 2562 347 2631 ἡμῶν
375 2562 477 2623 τὰς
511 2561 737 2632 καρδίας
794 2557 1225 2629 τυραννουμένας
1273 2555 1376 2607 ὑπὸ
1409 2555 1502 2606 τοῦ
1535 2556 1764 2606 Σατανᾶ.

203 2649 270 2702 Ἦ
305 2650 399 2701 καὶ
433 2649 625 2707 οὕτως’
660 2649 859 2718 Δέομαι
889 2646 1029 2700 κατὰ
1058 2645 1146 2698 τὸν
1188 2645 1278 2696 σὺν
1320 2645 1486 2710 Λόγον
1521 2644 1643 2712 ἐμοὶ
1692 2643 1766 2712 τῷ

204 2738 365 2809 δούλῳ
391 2756 485 2791 σου
515 2738 606 2789 ἐπὶ
639 2736 974 2807 παρακλήσει
1019 2733 1114 2786 καὶ
1153 2731 1471 2803 παραμυθίᾳ.
1524 2731 1584 2782 τὸ
1622 2729 1767 2792 ἔλεός

204 2848 292 2885 σου
340 2830 617 2898 γενέσθαι.
679 2829 868 2882 Πολλοὶ
907 2829 1014 2899 γὰρ
1080 2826 1474 2896 παρακλήσεως
1520 2823 1765 2893 τυχόντες

202 2921 534 2984 ἀπατῶνται,
569 2920 644 2981 ὡς
677 2918 732 2981 ἐξ
770 2917 900 2978 ίδίας
928 2918 1238 2987 φρονήσεως
1285 2915 1428 2967 τοῦτ’
1459 2912 1765 2981 ἐσχηκέναι.

204 3015 384 3076 Ὅπως
413 3014 488 3084 μὴ
517 3009 776 3072 ὡσαύτως
818 3008 1023 3070 τούτοις
1050 3007 1326 3078 πλανηθῶ,
1361 3005 1482 3074 ἐμοὶ
1503 3003 1579 3073 τῷ
1605 3003 1771 3073 δούλῳ

204 3118 292 3156 σου
322 3103 380 3154 τὸ
406 3101 555 3162 ἔλεός
597 3115 709 3161 σου,
742 3098 881 3150 κατὰ
904 3097 963 3150 τὸ
995 3097 1172 3164 λόγιόν
1207 3113 1322 3157 σου,
1357 3093 1616 3163 γενέσθω.

280 3188 654 3247 Ἑλθέτωσάν
680 3205 781 3258 μοι
804 3191 857 3242 ot
886 3187 1173 3256 οἰκτιρμοί
1206 3202 1344 3249 σου,
1376 3185 1470 3237 καὶ
1504 3182 1772 3252 ζήσομαι.

1865 2005 2134 2062 Docemur
2164 2009 2329 2063 Deum
2374 2011 2531 2065 nobis
2571 2013 2749 2065 omnia
2776 2013 2922 2081 juste
2958 2010 3237 2076 conferre;
3261 2011 3340 2065 ita
3368 2018 3426 2063 ut

1863 2099 2167 2153 consultum
2198 2101 2286 2162 sit,
2316 2117 2414 2154 nos
2445 2118 2552 2155 non
2585 2103 2768 2156 animo
2803 2105 3089 2158 concidere
3122 2104 3175 2157 in
3203 2103 3428 2172 castiga-

1865 2189 2126 2256 tionibus,
2159 2191 2252 2245 sed
2281 2207 2371 2245 eas
2396 2194 2572 2261 potius
2601 2193 2868 2262 amplecti,
2895 2203 3055 2264 atque
3092 2210 3156 2247 ex
3185 2194 3315 2263 legis
3335 2209 3428 2245 eu-

1867 2281 2037 2333 stodia
2068 2282 2496 2337 misericordiam
2522 2285 2817 2353 postulare.

1937 2371 2021 2423 76.
2065 2371 2190 2425 Fiat
2217 2375 2579 2428 misericordia
2614 2387 2703 2428 tua
2734 2386 2788 2428 ut
2815 2377 3113 2429 consoletur
3143 2393 3241 2430 me.
3270 2374 3430 2429 Mise-

1871 2465 2098 2518 ricordia
2132 2465 2304 2521 Patris
2333 2466 2521 2531 Filius,
2554 2468 2645 2536 qui
2681 2469 2992 2521 consolatus
3020 2480 3100 2522 est
3139 2468 3304 2522 corda
3330 2484 3433 2523 no-

1872 2564 1980 2608 stra
2041 2556 2255 2611 Satanae
2307 2559 2590 2628 tyrannide
2647 2574 2924 2627 oppressa.
2954 2559 3047 2612 Vel
3096 2560 3257 2612 etiam
3309 2560 3430 2615 sic:

1873 2645 2110 2700 Obsecro
2142 2658 2209 2712 te,
2233 2665 2326 2718 per
2356 2649 2590 2703 Verhum
2621 2661 2792 2718 tuum,
2821 2659 2878 2705 ut
2905 2651 3034 2704 mihi
3061 2666 3217 2705 servo
3247 2661 3338 2706 tuo
3365 2652 3434 2706 ad

1876 2739 2300 2793 consolationem
2336 2742 2703 2795 misericordia
2733 2753 2822 2796 tua
2853 2743 3090 2796 accedat.
3119 2741 3266 2795 Multi
3292 2758 3437 2797 nam-

1878 2844 1979 2897 que
2007 2831 2098 2899 qui
2132 2831 2532 2885 consolationes
2565 2833 2840 2899 accipiunt
2867 2832 3229 2898 deciniuntur,
3279 2833 3437 2902 quasi

1879 2935 1941 2973 ex
1975 2937 2072 2974 sua
2099 2922 2376 2990 prudentia
2409 2922 2460 2975 id
2487 2923 2626 2974 nacti
2655 2922 2874 2975 fuerint.
2902 2920 2976 2974 Ne
3003 2925 3182 2989 itaque
3203 2922 3318 2989 pari
3337 2935 3436 2992 ego

1880 3008 2041 3062 modo
2089 3014 2356 3074 aherrem,
2399 3010 2528 3063 mihi
2577 3024 2734 3064 servo
2776 3018 2868 3063 tuo
2925 3009 3018 3063 ﬁat
3065 3009 3437 3065 misericordia

1879 3108 1990 3160 tua,
2028 3101 2324 3152 secundum
2357 3097 2632 3166 eloquium
2668 3109 2841 3152 tuum.

1953 3189 2037 3242 77.
2056 3188 2271 3242 Veniant
2289 3192 2415 3242 milii
2435 3192 2792 3244 miserationes
2818 3202 2941 3254 tum,
2965 3203 3011 3245 et
3035 3194 3220 3245 vitam.
3241 3191 3442 3257 Quem-

205 3287 405 3357 Ὠσπερ
425 3284 687 3353 ὑπέσχου,
706 3281 856 3352 φησὶ,
875 3279 970 3350 τὴν
987 3279 1327 3351 παράκλησιν
1343 3277 1513 3338 οὕτως
1529 3275 1770 3345 ποίησον,

1879 3283 2192 3346 admodum,
2211 3283 2407 3352 inquit,
2430 3284 2855 3338 consolationem
2877 3285 3200 3352 promisisti,
3222 3285 3293 3338 ita
3323 3300 3442 3353 pro-

203 3377 322 3442 τοὺς
353 3378 480 3440 σοὺς
510 3375 793 3446 οἰκτείρων
825 3373 1060 3435 οἰκέτας.

270 3465 785 3538 Αισχυνθήτωσαν
807 3462 1200 3531 ὑπερήφανοι,
1227 3459 1315 3512 ὅτι
1367 3458 1584 3524 ἀδίκως
1634 3458 1774 3523 ἡνό-

202 3577 403 3632 ρησαν
444 3562 534 3625 είς
563 3557 685 3626 ἐμέ.
741 3558 803 3609 Et
845 3555 1079 3624 τύχοιμι,
1137 3553 1290 3620 φησὶ,
1345 3552 1444 3619 τῆς
1490 3550 1640 3622 παρὰ
1683 3549 1774 3601 σοῦ

209 3652 476 3722 βοηθείας,
511 3648 634 3702 τότε
682 3649 729 3700 οἱ
787 3645 1012 3717 πονηροὶ
1037 3643 1236 3714 δηλαδὴ
1267 3641 1516 3710 δαίμονες
1544 3641 1637 3693 καὶ
1686 3641 1775 3691 ἇν-

207 3742 406 3813 θρωττοι
447 3741 546 3811 τῆς
600 3738 854 3810 ἀληθείας
892 3736 1074 3808 ἐχθροὶ⁵
1111 3733 1573 3804 αἱσχυνθήσονται.
1641 3731 1778 3798 Ἐγὼ

207 3833 280 3898 δὶ,
303 3832 526 3886 ἐκείνων
579 3830 1004 3900 αίσχυνομένων,
1066 3827 1164 3879 ούκ
1221 3824 1617 3895 ὲπαρθήσομαιο
1665 3821 1776 3874 ἀλλ’

205 3923 273 3976 ἐν
291 3924 418 3991 ταῖς
455 3921 731 3985 ἐντολαῖς
762 3934 878 3973 σου
909 3915 1324 3986 ἀδολεσχήσω.

285 4009 855 4080 Ἐπιστρεψὰτωσάν
882 4026 981 4078 μοι
1030 4011 1083 4061 ot
1137 4007 1494 4075 φοϐούμενοί
1526 4019 1616 4057 σε.
1672 4006 1780 4075 Τῆς

211 4106 353 4178 mod
378 4105 490 4157 τῶν
519 4103 627 4156 σῶν
656 4102 879 4156 οἰκετῶν
909 4100 1252 4162 διδασκαλίας
1302 4098 1538 4168 τύχοιμι.
1591 4098 1780 4150 Ἐστα.

211 4198 531 4269 δὶτοιαύτη,
563 4193 651 4250 οἷα
682 4196 773 4249 καὶ
828 4193 1174 4264 ἐπιστρέφειν
1234 4189 1404 4243 εἰδυῖα
1453 4187 1650 4258 ψυχὰς,
1695 4189 1781 4242 διὰ

211 4291 269 4346 τὸ
305 4290 556 4345 πλουτεῖν
577 4287 668 4342 τὸν
696 4285 856 4356 φόϐον
879 4283 968 4337 τὸν
998 4283 1108 4336 σόν.

276 4381 597 4451 Γενηθήτω
622 4378 660 4446 ἢ
693 4375 905 4445 καρδία
923 4391 1040 4443 μου
1094 4371 1346 4441 ἄμωμος.
1402 4371 1514 4422 Οὐκ
1538 4369 1604 4423 ἂν
1648 4368 1783 4439 μετά

215 4475 442 4528 τοσαῦτα
470 4471 610 4541 ἔχων
633 4468 854 4540 καρδίαν
905 4465 1132 4536 ἄμωμον
1162 4461 1331 4528 ἔλεγε
1382 4458 1694 4526 Γενηθήτω
1743 4458 1781 4523 ἠ

214 4564 421 4632 καρδία
445 4579 567 4632 μου
597 4560 851 4629 ἄμωμος.
879 4556 1064 4625 Τούτῳ
1092 4554 1490 4626 παραπλήσιον·
1521 4548 1782 4618 Καρδίαν
1813 4584 1860 4641 D

218 4654 479 4723 καθαρὰν
523 4652 735 4706 κτίσον
758 4652 828 4705 ἐν
851 4647 1000 4717 ἐμοὶ,
1031 4650 1064 4700 ό
1088 4647 1250 4712 Θεός.
1309 4643 1443 4697 Τότε
1475 4643 1584 4713 γὰρ
1625 4641 1784 4711 μόνον

217 4748 310 4801 οὒκ
347 4744 804 4817 αἰσχυνθήσομαι,
831 4742 956 4793 ὅταν
1001 4737 1244 4809 ἀμώμως
1266 4734 1363 4799 τὰς
1395 4735 1486 4789 τοῦ
1519 4732 1654 4786 Θεοῦ
1683 4749 1785 4801 φυ-

218 4835 356 4904 λάξω
382 4835 625 4898 ἐντολάς.

299 4926 591 4980 Ἐκλείπει
617 4926 702 4989 εις
726 4923 794 4977 τὸ
816 4921 1110 4988 σωτήριόν
1130 4933 1244 4972 σου
1267 4918 1304 4984 ἡ
1329 4915 1496 4985 ψυχή
1521 4933 1659 4984 μου,
1689 4915 1784 4968 καὶ

221 5019 302 5084 τις
333 5017 440 5071 τὸν
475 5017 664 5081 λόγον
714 5028 831 5068 σου
887 5011 1219 5076 ἐπήλπισα.
1268 5009 1519 5061 Διδάσκει
1573 5007 1718 5076 ἡμᾶς
1759 5009 1787 5058 ὁ

225 5110 513 5182 Προφήτης
537 5105 822 5175 ἐπιθυμεῖν
850 5102 941 5156 τοῦ
979 5101 1158 5170 λόγου,
1193 5099 1285 5153 καὶ
1342 5097 1615 5170 ἐρωτικῶς
1645 5095 1786 5166 ἔχειν

224 5201 354 5272 πρὸς
380 5200 443 5253 τὸ
477 5199 743 5270 σωτήριον
766 5195 857 5248 τοῦ
890 5191 1042 5247 Θεοῦ.
1073 5193 1182 5245 Καὶ
1209 5191 1259 5244 τί
1282 5189 1348 5242 ἂν
1379 5190 1463 5260 εἴη
1518 5188 1702 5258 ἓτερον
1729 5187 1788 5239 τὸ

228 5295 488 5365 σωτήριον
521 5291 555 5362 ἢ
590 5291 624 5361 ἡ
661 5287 926 5360 παρουσία
957 5283 1048 5338 τοῦ
1083 5284 1319 5355 Κυρίου;
1354 5284 1454 5347 Είς
1477 5280 1582 5333 τὸν
1607 5278 1790 5347 λόγον

226 5396 336 5437 σου
368 5381 700 5451 ἐπήλπισα.
731 5377 859 5432 Νόει
879 5377 998 5430 ἀντὶ
1032 5374 1146 5438 τοῦ,
1178 5374 1274 5444 τὴν
1305 5371 1649 5441 ἐπαγγελίαν,
1687 5369 1789 5422 Λέ-

227 5491 374 5544 γεται
406 5475 463 5528 δὲ
491 5473 674 5541 λόγιον
705 5473 798 5524 καὶ
830 5473 864 5542 ἡ
903 5455 1252 5531 θεόπνευστος
1280 5467 1486 5537 Γραφή.
1525 5462 1791 5516 Ἐκλείπει

228 5565 398 5620 τοίνυν
419 5566 482 5618 οὗ
518 5564 678 5618 μόνον
699 5565 726 5618 ό
745 5563 843 5634 τὴν
865 5563 1156 5632 ὑπόσχεσιν
1180 5560 1279 5630 τὴν
1317 5557 1466 5612 θείαν
1492 5553 1790 5626 ἀναμένων,

292 5742 338 5776 ⁸⁸
361 5739 510 5798 Psal.
538 5758 591 5802 ι.
624 5739 710 5793 12.

298 5837 406 5900 ιιι)
436 5837 615 5893 Locus
641 5835 880 5891 vitiatus.

1879 3377 2104 3430 missum
2135 3376 2316 3445 imple,
2345 3392 2406 3430 ac
2435 3376 2690 3430 miserere
2720 3377 3053 3430 domesticos
3083 3386 3205 3429 tuos

1948 3465 2034 3518 78.
2059 3465 2463 3534 Con/undanti”
2493 3466 2719 3534 superbi,
2741 3468 2864 3534 quia
2895 3468 3085 3533 injuste
3111 3468 3441 3536 iniquitatem

1878 3552 2107 3620 fecerunt
2152 3554 2206 3604 in
2259 3569 2357 3606 me.
2385 3553 2440 3605 Si
2489 3563 2675 3617 tuum,
2713 3555 2904 3624 inquit,
2952 3556 3212 3610 auxilium
3250 3572 3443 3611 conse-

1879 3657 2031 3711 quar,
2073 3652 2202 3695 tunc
2257 3641 2475 3709 maligni
2519 3643 2791 3698 dmmones
2818 3654 2870 3698 ct
2917 3646 3162 3700 homines
3203 3648 3444 3701 veritatis

1882 3731 2082 3784 inimici
2099 3731 2515 3785 confundentur.
2535 3732 2644 3802 Ego
2666 3743 2868 3798 autem,
2901 3735 2963 3787 iis
2990 3739 3192 3803 pudore
3214 3736 3440 3799 aﬂ'ectis,

1881 3837 1988 3875 non
2009 3823 2250 3876 extollar.
2289 3821 2390 3877 Sed
2421 3824 2476 3876 in
2508 3823 2772 3879 manda‘ir
2803 3827 2905 3876 tuis
2933 3827 3228 3880 exercebar.

1954 4018 2037 4072 79.
2075 4018 2456 4072 Convertuntur
2485 4019 2614 4072 mihi
2646 4021 2881 4074 timentes
2916 4032 2983 4075 te.
3019 4021 3444 4078 Domesticorum

1883 4117 2096 4160 tuorum
2140 4109 2381 4160 doctrina
2421 4107 2662 4171 imbuar,
2693 4127 2813 4176 qua:
2857 4113 2980 4163 talis
3015 4113 3147 4176 erit,
3194 4123 3252 4167 ut
3311 4113 3448 4168 sciat

1882 4199 2092 4251 animas
2119 4209 2448 4258 convertere,
2487 4199 2610 4268 quia
2643 4201 2833 4254 timore
2865 4211 2958 4255 tuo
2985 4203 3134 4257 dives
3163 4213 3264 4258 est.

1953 4373 2040 4427 80.
2076 4373 2199 4426 Fiat
2221 4392 2309 4427 cor
2330 4392 2496 4428 meum
2524 4378 2946 4430 immaculatum.
2969 4378 3080 4446 (48)
3105 4377 3325 4433 Etiamsi
3354 4397 3448 4434 cor

1885 4478 2077 4532 purum
2119 4464 2340 4526 haheat,
2376 4464 2491 4517 ait:
2528 4463 2653 4517 Fiat
2700 4483 2790 4519 cor
2822 4484 2992 4520 meum
3025 4469 3445 4526 immaculatum.

1889 4552 2022 4606 lluic
2068 4553 2242 4606 simile
2273 4562 2350 4606 est
2380 4570 2393 4604 :
2426 4552 2531 4606 Cor
2552 4558 2802 4607 mundum
2837 4573 2956 4610 crea
3005 4559 3058 4610 in
3085 4576 3183 4623 me,
3223 4561 3356 4614 Deus
3380 4563 3445 4616 ⁸⁸.

1888 4645 2058 4713 (Atius
2077 4645 2285 4715 codex.)
2311 4644 2485 4711 Tunc,
2525 4646 2718 4716 inquit,
2744 4663 2849 4702 non
2881 4647 3199 4718 confundar,
3235 4653 3450 4720 quando

1889 4735 2231 4789 immaculata
2267 4737 2355 4790 Di-i
2392 4748 2654 4808 precepta
2692 4740 2944 4796 servabo.

1959 4911 2046 4962 81.
2076 4910 2260 4979 Deﬁcit
2285 4914 2337 4965 in
2373 4912 2604 4965 salutare
2630 4924 2773 4965 tuum
2812 4915 2990 4968 anima
3020 4934 3152 4981 mea,
3181 4928 3230 4970 et
3259 4920 3312 4971 in
3342 4937 3454 4972 ver-

1890 5005 2010 5056 bum
2044 5012 2190 5055 tuum
2221 5007 2600 5072 supersperavi.
2627 5005 2790 5059 Docet
2813 5021 2913 5060 nos
2943 5006 3210 5078 Propheta
3247 5010 3456 5063 deside-

1894 5112 2014 5151 rare
2039 5097 2281 5156 verbum,
2308 5106 2359 5149 et
2389 5096 2689 5150 vehementi
2727 5113 2910 5152 amore
2950 5100 3185 5154 salutare
3211 5101 3301 5154 Dei
3329 5117 3454 5169 pro-

1895 5190 2068 5256 sequi.
2102 5185 2305 5256 Ecquid
2337 5186 2480 5240 aliud
2511 5186 2672 5242 fuerit
2699 5189 2934 5242 salutare
2977 5189 3090 5253 Dei,
3117 5192 3216 5243 nisi
3254 5193 3453 5244 adven-

1896 5287 1983 5332 tus
2005 5277 2256 5331 Domini?
2289 5279 2352 5329 ln
2383 5277 2589 5329 verbum
2617 5289 2762 5331 tuum
2793 5281 3166 5348 supersperavi,
3196 5282 3449 5352 intellige.

1897 5370 1950 5422 in
1995 5367 2423 5437 promissionem.
2474 5367 2758 5438 Eloquium
2803 5380 2978 5423 autem
3024 5381 3247 5424 vocatur
3288 5373 3453 5426 etiam

1900 5455 2177 5526 Scriptura
2209 5456 2465 5512 divinitus
2509 5457 2786 5526 inspirata.
2823 5456 3009 5512 Deﬁcit
3049 5473 3179 5528 ergo
3219 5475 3325 5513 non
3360 5475 3451 5514 so-

1898 5551 2010 5605 lum
2043 5549 2134 5618 qui
2160 5549 2396 5604 divinam
2436 5550 2852 5619 promissionem
2911 5561 3206 5618 exspecrat,
3245 5563 3454 5606 necnon
