4126 6506
699 436 801 488 495

1525 426 1579 479 S.
1621 422 1991 477 ATlIANASll
2030 420 2176 475 Ol’l’.
2222 417 2398 471 PARS
2436 416 2519 472 Ill.
2568 447 2630 457 —
2674 412 3085 470 EXEGETICA.

3815 408 3918 463 496

700 547 1013 607 instantium
1043 558 1301 599 maiorum
1330 544 1648 597 solutionem
1676 558 1689 604 ;
1725 538 1819 593 sed
1850 538 2012 591 etiam
2039 536 2129 604 qui
2165 535 2249 587 ili-

2354 532 2445 585 καὶ
2472 532 2567 603 τὴν
2621 531 2772 582 λύσιν
2822 528 2929 581 τῶν
2954 527 3312 595 ἐπικειμένων
3340 541 3521 578 κακῶν
3554 522 3921 593 προσδεχόμεο

696 640 824 696 vina
865 637 990 708 legit
1029 634 1261 703 eloquia,
1292 641 1345 685 et
1390 630 1478 699 qui
1508 644 1695 683 eorum
1738 640 1968 681 mentem
2004 634 2267 679 accurate.

698 730 935 786 ediscere
955 733 1189 795 exoptat,
1214 735 1266 776 et
1286 720 1708 776 consolationem
1735 718 2253 784 oblectationemque

699 821 866 876 animi
892 819 1050 874 habet
1076 832 1197 873 cum
1225 814 1506 869 invenerit.

767 992 854 1046 82.
874 990 1179 1059 Defecerunt
1209 987 1345 1040 oculi
1372 988 1469 1038 mei
1500 986 1553 1038 in
1579 985 1839 1053 eloquium
1866 994 2032 1036 tuum.
2066 982 2121 1035 In
2150 981 2252 1033 Do-

701 1084 904 1137 minum
950 1080 1197 1135 videlicet
1240 1085 1486 1132 nostrum
1515 1075 1696 1130 Jesum
1727 1074 2024 1137 Christum,
2057 1072 2249 1141 inquit.

701 1172 875 1243 Ipsum
908 1186 1140 1239 namque
1155 1170 1400 1223 habemus
1430 1168 1738 1222 advocatum
1772 1167 1910 1235 apud
1938 1164 2175 1229 Putrem,
2203 1175 2250 1217 et

698 1266 806 1334 ipse
826 1275 898 1317 est
932 1263 1233 1332 propitiatio
1253 1276 1346 1330 pro
1367 1259 1589 1330 peccatis
1614 1258 1827 1321 nostris,
1854 1257 2006 1326 juxta
2029 1254 2254 1325 apostoli

694 1355 962 1411 vocem".
1012 1354 1270 1416 Dicentes,
1311 1351 1517 1419 quando
1574 1348 1921 1401 consolaberis
1972 1348 2089 1399 me?
2119 1346 2250 1399 Cum

697 1449 918 1501 verbum
952 1444 1204 1501 adveniet
1250 1444 1412 1509 mihi,
1468 1454 1597 1496 tunc
1640 1439 2068 1495 consolationem
2107 1436 2251 1491 acci-

695 1541 861 1609 piam.

764 1630 853 1683 83.
882 1630 1019 1693 Quia
1050 1628 1219 1696 factus
1242 1643 1355 1680 sum
1374 1626 1508 1680 sicut
1532 1634 1645 1677 uter
1666 1623 1719 1675 in
1752 1622 1962 1691 pruina.
1995 1619 2134 1674 Justi
2151 1618 2251 1673 etsi

696 1722 935 1775 viventes
969 1721 1095 1785 sint,
1132 1718 1285 1788 quasi
1313 1717 1511 1772 mortui
1542 1732 1607 1771 ex
1635 1714 1891 1770 aerumnis
1920 1710 2249 1772 elliciuntur,

696 1813 768 1866 ita
804 1822 861 1866 ut
896 1811 1107 1866 utribus
1134 1810 1305 1878 magis
1346 1823 1507 1877 quam
1547 1805 1859 1861 hominibus
1890 1802 2092 1857 similes
2121 1801 2249 1865 sint,

2352 642 2460 687 νος,
2490 623 2624 676 ἀλλὰ
2656 623 2749 675 καὶ
2780 622 2934 682 ὁτοῖς
2962 620 3123 681 θείοις
3183 616 3517 686 ἐντυγχάνων
3572 614 3796 683 λογίοις,
3830 616 3922 668 καὶ

2351 716 2447 784 τὴν
2470 714 2672 767 τούτων
2696 712 2930 765 διάνοιαν
2981 708 3314 780 καταμαθεῖν
3343 706 3584 779 ἀκριϐῶς
3616 706 3921 775 ἐφιέμενος,

2352 807 2444 858 καὶ
2478 803 2818 876 παράκλησιν
2874 803 2968 855 κα)⁸
3012 800 3362 870 ψυχαγωνίαν
3412 797 3788 868 ὐπολαμόάνει
3828 796 3924 867 τὴν

2353 894 2583 964 εὕρεσιν.

2433 984 2745 1048 Ἐξέλιπον
2772 984 2825 1035 οἱ
2856 980 3147 1050 ὀφθαλμοί
3164 997 3282 1048 μου
3321 980 3407 1043 εις
3433 977 3500 1031 τὸ
3551 978 3764 1047 λόγιόν
3786 992 3921 1029 σου.

2352 1075 2444 1138 Εἰς
2467 1075 2555 1127 τὸν
2589 1073 2789 1145 Κύριον
2809 1071 2964 1143 ἡμῶν
3012 1070 3214 1141 Ἰησοῦν
3236 1070 3491 1140 Χριστὸν,
3537 1068 3724 1137 φησίν.
3756 1067 3925 1119 Αὑτὸν

2357 1166 2465 1237 γὰρ
2492 1167 2708 1234 ἔχομεν
2753 1161 3135 1231 παράκλητον
3179 1161 3327 1228 πρὸς
3372 1160 3479 1213 τόν
3504 1158 3758 1225 Πατέρα,
3786 1157 3925 1210 κατὰ

2350 1259 2448 1330 τὴν
2484 1258 2577 1311 τοῦ
2602 1256 2894 1311 ἀποστόλου
2938 1255 3146 1325 φωνήνο
3188 1251 3283 1305 καὶ
3307 1251 3489 1316 αὐτὸς
3517 1250 3773 1319 ἱλασμός
3797 1249 3926 1300 ἐστι

2351 1349 2483 1418 περὶ
2513 1349 2630 1402 τῶν
2661 1346 2957 1417 ἁμαρτιῶν
2980 1344 3167 1414 ἡμῶν.
3201 1342 3511 1411 Λέγοντες,
3560 1342 3708 1393 πότε
3736 1353 3925 1405 παρα-

2352 1441 2627 1506 καλέσεις
2654 1458 2728 1509 με
2752 1456 2770 1503 ;
2798 1440 2966 1492 Ὅταν
2998 1436 3105 1506 γὰρ
3126 1436 3449 1506 ἐπιδημήσει
3481 1449 3569 1504 μοι
3592 1432 3774 1499 λόγος,
3804 1430 3925 1482 τότε

2353 1532 2669 1605 παρακαλοῦ
2678 1550 2794 1602 μαι.

2427 1626 2555 1677 Ὅτι
2582 1621 2873 1693 ἐγενήθην
2899 1620 3041 1675 ὡσεὶ
3078 1619 3272 1683 ἀσκὸς
3320 1617 3389 1670 ἐν
3441 1614 3668 1682 πάχνη.
3721 1614 3927 1683 Νεκροὶ

2356 1717 2452 1787 μὲν
2477 1716 2673 1788 μᾶλλον
2693 1716 2741 1768 ot
2773 1713 2971 1778 ζῶντες
2994 1712 3097 1766 ὑπὸ
3124 1711 3230 1763 τῶν
3270 1706 3561 1762 κακώσεων
3607 1707 3849 1775 γίνονται
3878 1708 3927 1759 οἱ

2351 1807 2567 1873 δίκαιοι,
2597 1807 2672 1871 ὡς
2698 1807 2881 1869 ἀσκοῖς
2912 1804 3143 1858 ἐοικέναι
3177 1802 3372 1873 μᾶλλον
3400 1801 3432 1871 ἢ
3458 1798 3771 1871 ἀνθρώποις
3797 1799 3929 1851 ἀπο-

695 1904 1106 1973 refrigescentes
1132 1899 1287 1969 quasi
1322 1899 1510 1967 pruina
1539 1895 1839 1965 congelata,
1876 1893 1967 1962 qui
2004 1892 2249 1945 ardorem

2354 1899 2638 1969 ψυχόμενοι
2662 1896 2909 1968 καθάπερ
2937 1896 3113 1967 πάχνη
3142 1891 3612 1966 περιπηγνυμένη,
3636 1892 3698 1944 τὸ
3729 1890 3927 1960 θερμὸν

694 1986 947 2062 practice:
984 1991 1105 2045 vita:
1129 1990 1455 2058 delegerunt.
1490 1985 1758 2056 Ejusdem.
1806 1982 1935 2037 Uter
1971 1983 2023 2036 in
2057 1981 2250 2051 pruina

695 2084 942 2146 elﬁcitur,
974 2082 1067 2151 qui
1096 2094 1313 2134 carnem
1351 2094 1505 2133 suam
1545 2077 1801 2137 exsiccat,
1831 2085 1885 2130 et
1935 2074 2067 2127 nihil
2104 2073 2157 2126 in
2186 2087 2252 2127 ea

695 2175 907 2228 ardoris
940 2182 993 2227 et
1020 2170 1471 2239 concupiscentia
1512 2168 1787 2237 relinquit,
1828 2165 1921 2220 sed
1950 2179 2067 2219 eam
2095 2162 2250 2234 quasi

697 2266 999 2334 refrigerat.

766 2357 851 2411 84.
887 2357 1023 2420 Quot
1056 2363 1176 2407 sunt
1204 2352 1314 2405 dies
1340 2351 1475 2405 servi
1504 2349 1794 2405 tui3’Pauci
1816 2349 1959 2404 enim
1985 2354 2112 2402 sunt
2135 2345 2251 2400 dies

698 2447 978 2499 hominum
1004 2459 1165 2512 super
1188 2452 1405 2505 terram,
1432 2440 1700 2510 inquibus
1733 2446 1886 2506 rogat
1916 2436 2096 2491 statim
2122 2448 2253 2488 con-

696 2540 795 2594 teri
830 2537 1080 2592 Satanam
1116 2535 1216 2590 sub
1248 2533 1475 2604 pedibus
1526 2534 1667 2599 ejus,
1703 2539 1763 2584 ut
1792 2528 1971 2582 anima
1999 2524 2253 2596 subjicia-

696 2640 783 2683 tur
813 2629 993 2682 divino
1019 2624 1191 2679 Verho
1220 2626 1271 2678 in
1303 2639 1422 2678 eam
1450 2623 1717 2676 immisso.

768 2806 855 2859 85.
885 2802 1241 2856 Narraverunt
1260 2802 1385 2855 milii
1412 2801 1578 2870 iniqui
1604 2798 1974 2869 fabulationes.
2008 2795 2114 2847 Aut
2136 2808 2253 2846 am-

701 2898 776 2951 les
817 2896 1024 2951 l'abu'las
1068 2907 1222 2949 vocat
1264 2893 1572 2949 Judzeorum
1625 2889 1949 2949 doctrinam,
1990 2895 2085 2940 aut
2118 2899 2254 2955 pra:-

699 2995 849 3055 cepta
907 2984 1185 3039 hominum
1242 2990 1296 3036 et
1347 2994 1516 3050 nugas
1557 2976 1880 3048 sapientium
1937 2974 2099 3043 hujus
2154 2987 2253 3027 sm-

700 3078 827 3132 culi.

770 3168 857 3222 86.
899 3166 1089 3221 Omnia
1130 3164 1379 3217 mandata
1409 3171 1499 3216 tua
1530 3161 1741 3225 veritas,
1780 3158 1954 3229 inique
1998 3154 2251 3226 persecuti

698 3268 815 3309 sunt
854 3272 952 3319 me,
987 3254 1176 3324 adjuva
1201 3269 1298 3307 me.
1351 3250 1563 3307 Gnarus
1607 3263 1664 3304 se
1687 3248 1741 3302 in
1785 3227 1968 3301 divino
1999 3242 2253 3299 tribunali
2279 3227 2324 3289 α

702 3345 998 3398 mercedem
1046 3353 1387 3413 accepturum
1436 3355 1534 3411 pro
1578 3340 1644 3393 iis
1672 3351 1793 3407 quae
1822 3336 2021 3404 injuste
2061 3347 2255 3403 passus

699 3448 800 3500 est,
820 3438 978 3508 gestit
1001 3437 1130 3491 illud
1155 3446 1362 3505 tempus
1388 3434 1591 3487 videre.

770 3530 856 3582 87.
883 3527 1053 3580 Paulo
1079 3529 1248 3580 minus
1271 3531 1755 3579 consummaverunt
1786 3536 1864 3575 me
1886 3521 1940 3573 in
1965 3530 2125 3573 terra.
2147 3515 2254 3571 Pa-

701 3637 819 3675 rum
849 3619 1023 3673 abfuit
1047 3620 1177 3689 quin
1213 3632 1279 3672 ex
1322 3631 1419 3671 sua
1454 3614 1825 3687 persecutione
1871 3628 1957 3668 me
1998 3627 2255 3667 consum—

705 3718 933 3764 marent.
982 3709 1025 3737 “

772 3800 857 3855 88.
887 3798 1182 3854 Secundum
1210 3797 1627 3851 misericordiam
1666 3805 1811 3846 tuam
1848 3793 2052 3862 uici/ica
2082 3808 2180 3857 me,
2204 3802 2255 3845 et

703 3892 993 3944 custodiam
1021 3890 1317 3943 testimonia
1346 3888 1449 3940 oris
1480 3886 1574 3938 tui.
1602 3882 1675 3938 Os
1709 3882 1800 3937 Dei
1832 3892 1956 3937 sunt
1984 3880 2256 3951 propheta:

701 3990 792 4060 qui
819 3987 1198 4042 administrant
1228 3982 1555 4049 testimonia,
1590 3988 1876 4051 praecepta,
1906 3977 2253 4048 justilicatio-

703 4095 798 4134 nes
829 4079 965 4147 ejus.
1200 4075 1207 4078 ⁴

769 4168 1134 4234 In'wternum,
1167 4166 1410 4231 Domine,
1446 4166 1654 4218 verbum
1706 4174 1851 4214 tuum
1894 4167 2154 4227 permanet
2198 4160 2253 4212 in

706 4266 852 4321 caelo.
897 4264 954 4318 In
987 4263 1229 4334 profectu
1275 4268 1551 4319 versatur,
1582 4264 1635 4309 et
1663 4252 1978 4309 sublimiora
2010 4252 2255 4321 dogmata

702 4358 949 4427 attingit,
988 4365 1149 4423 atque
1185 4362 1443 4405 aeternum
1478 4345 1653 4400 Patris
1697 4342 1931 4396 Verbum
1992 4341 2253 4408 meminit,

704 4459 758 4501 et
792 4455 1000 4501 tantum
1046 4459 1152 4497 non
1189 4440 1320 4494 illud
1354 4458 1367 4490 :
1405 4436 1471 4489 In
1516 4434 1770 4504 principio
1808 4440 1922 4487 erat
1970 4429 2189 4484 Verbum
2210 4431 2253 4461 “

701 4537 863 4602 dicit;
888 4538 1059 4604 deque
1088 4530 1322 4587 universi
1349 4536 1537 4581 ornatu
1574 4526 1830 4595 loquitur,
1855 4532 1907 4577 et
1936 4523 2078 4578 clare
2099 4532 2256 4576 natu-

705 4645 817 4683 ram
848 4642 1025 4682 rerum
1060 4638 1272 4679 omnem
1303 4634 1513 4676 servam
1542 4618 1658 4685 ejus
1689 4623 1862 4669 vocat.

769 4802 857 4859 89.
882 4801 947 4855 In
977 4799 1356 4871 generationem
1400 4804 1449 4847 et
1492 4791 1871 4863 generationem
1917 4791 2105 4842 veritas
2138 4798 2251 4840 tua.

705 4896 831 4950 Duas
861 4902 986 4949 sunt
1006 4888 1379 4962 generationes
1408 4899 1527 4954 quae
1548 4881 1642 4936 Dei
1680 4880 1959 4934 veritatem
1991 4879 2212 4947 capiunt
2238 4895 2251 4930 :

701 4986 1007 5042 Iudaeorum
1042 4981 1291 5053 populus,
1320 4978 1414 5048 qui
1450 4975 1610 5029 habet
1649 4973 1818 5043 legem
1848 4978 1900 5024 et
1933 4970 2252 5039 prophetas,

704 5086 758 5131 et
788 5074 1049 5130 Ecclesia.
1075 5070 1193 5126 Non
1224 5070 1277 5123 in
1307 5066 1677 5137 generationes
1703 5066 1882 5132 itaque
1913 5062 2111 5115 veritas
2140 5057 2253 5121 Dei,

707 5167 799 5221 sed
824 5169 875 5221 in
907 5163 1306 5235 generationem
1335 5160 1565 5229 primam
1588 5165 1641 5211 et
1672 5156 1725 5209 in
1750 5153 2147 5225 generationem
2174 5167 2248 5206 se-

708 5258 959 5312 cundam.
1001 5256 1133 5309 Alia:
1171 5262 1349 5306 autem
1399 5257 1582 5318 gentes
1628 5246 1681 5299 in
1716 5258 1900 5298 errore
1950 5250 2253 5296 versantur.

706 5352 839 5404 Cum
864 5357 1041 5402 autem
1080 5347 1225 5415 prior
1249 5344 1335 5397 illa
1379 5339 1654 5411 generatio
1677 5335 1862 5405 rejecit
1898 5335 2172 5388 veritatem
2202 5342 2256 5387 et

706 5442 877 5493 dixit:
909 5437 1073 5499 Tolle,
1126 5435 1246 5488 tolle
1272 5436 1313 5465 “
1362 5434 1428 5486 de
1468 5440 1608 5485 terra
1635 5426 1974 5497 huiusmodi,
2009 5425 2257 5479 transivit

708 5532 903 5584 veritas
930 5530 998 5583 al)
1029 5528 1115 5581 illa
1143 5528 1194 5579 in
1225 5526 1363 5579 hanc
1394 5520 1816 5593 generationem.
1855 5516 2112 5570 Fundasti
2148 5526 2251 5569 ter-

707 5637 821 5673 ram
843 5630 889 5673 et
912 5630 1192 5688 permanet.
1223 5614 1331 5669 Hac
1364 5614 1583 5668 veritate
1631 5621 1774 5665 terra
1815 5608 2029 5662 fundata
2056 5617 2155 5661 est.
2199 5606 2253 5659 In

708 5714 807 5766 hoc
847 5710 988 5765 enim
1015 5708 1254 5778 angulari
1309 5703 1484 5774 lapide
1528 5706 1578 5756 in
1618 5700 2023 5755 fundamentum
2058 5698 2253 5766 posito,

775 5822 818 5853 "
850 5818 1043 5875 lloan.
1078 5835 1133 5879 ιι,
1161 5821 1213 5869 τ’..
1289 5817 1330 5848 ‘°
1354 5814 1505 5867 Joan.
1540 5830 1577 5878 ι,
1612 5814 1659 5865 1.
1716 5812 1756 5843 ⁶¹
1788 5808 1946 5863 Joan.
1981 5824 2089 5864 XIX.
2128 5808 2211 5861 15.

2354 1991 2447 2041 καὶ
2484 1988 2778 2060 πρακτικὸν
2830 1985 3268 2057 προαιρούμενοι.
3328 1980 3436 2035 Τοῦ
3481 1980 3689 2034 αὑτοῦ.
3738 1980 3928 2042 ’Ᾱσκὸς

2355 2082 2410 2131 ἐν
2442 2080 2620 2151 πάχνη
2650 2080 2854 2147 γίνεται
2876 2080 2903 2130 ό
2926 2077 3023 2147 τὴν
3050 2074 3240 2128 ἐαυτοῦ
3270 2073 3449 2144 σάρκα
3478 2069 3809 2141 κατατήξας,
3831 2075 3926 2123 καὶ

2359 2173 2521 2243 μηδὲν
2552 2174 2609 2224 ἐν
2639 2170 2786 2240 αὑτῷ
2810 2168 3059 2241 πυρῶδες
3110 2166 3202 2220 καὶ
3236 2164 3626 2235 ἐπιθυμητικὸν
3656 2162 3783 2225 ἐῶν,
3813 2161 3927 2215 ἀλλ’

2355 2262 2631 2331 ἁποψύξας
2659 2256 2844 2331 ῶσπερ
2875 2260 3065 2327 αὑτήν.

2419 2357 2609 2407 Πόσαι
2642 2354 2798 2406 εἰσιν
2828 2353 2884 2403 αἱ
2903 2348 3110 2416 ἡμέραι
3136 2346 3241 2399 τοῦ
3262 2346 3483 2399 δούλου
3512 2360 3668 2407 σου;
3720 2342 3927 2410 Ὀλίγαι

2358 2444 2464 2513 γὰρ
2493 2446 2547 2495 αἱ
2575 2442 2681 2495 τῶν
2713 2439 3011 2511 ἀνθρώπων
3043 2437 3245 2507 ἡμέραι
3292 2436 3384 2488 ἐπὶ
3409 2434 3506 2503 τῆς
3541 2434 3665 2504 γῆς,
3721 2436 3781 2486 ἑν
3837 2428 3925 2495 αἷς

2356 2536 2571 2606 εὔχεται
2617 2532 2816 2595 εὐθέως
2857 2530 3208 2601 συντριϐῆναι
3231 2527 3321 2580 τὸν
3364 2527 3607 2579 Σατανᾶν
3658 2524 3765 2578 ὑπὸ
3806 2525 3929 2588 τοὺς

2357 2627 2522 2689 πόδας
2550 2623 2733 2686 αὑτοῦ,
2766 2622 2840 2686 ὠς
2867 2622 2934 2675 ἂν
2961 2621 3312 2673 ύποτάσσοιτο
3334 2616 3430 2689 τὴν
3457 2616 3634 2687 ψυχὴν
3665 2615 3760 2668 τοῦ
3786 2614 3929 2667 θείου

2356 2719 2528 2785 Λόγου
2555 2716 2832 2784 γεγονότος
2866 2706 2921 2764 ἕν
2941 2712 3097 2781 αὐτῇ.

2428 2805 2798 2877 Διηγήσαντό
2863 2820 2964 2873 μοι
3016 2800 3343 2869 παράνομοι
3401 2797 3790 2865 ἀδολεσχίας.
3850 2797 3922 2849 Ἦ

2357 2900 2479 2962 τοὺς
2505 2896 2767 2969 γραώδεις
2796 2894 2994 2966 μύθους
3018 2893 3126 2946 τῶν
3166 2890 3429 2944 Ἰουδαίων
3473 2890 3608 2961 φησὶ
3656 2888 3757 2952 τὰς
3782 2888 3928 2945 διδα-

2358 2993 2602 3055 σκαλίας,
2628 2992 2662 3062 ἦ
2692 2990 2786 3044 καὶ
2807 2988 2875 3043 τὰ
2894 2988 3196 3057 ἐντάλματα
3218 2984 3324 3037 τῶν
3352 2982 3675 3053 ἀνθρώπων,
3711 2992 3809 3033 και
3831 2988 3931 3043 τας

2358 3080 2619 3153 φλυαρίας
2650 3080 2757 3133 τῶν
2795 3078 2972 3147 σοφῶν
2999 3077 3091 3130 τοῦ
3113 3075 3303 3138 αίῶνος
3330 3072 3537 3125 τούτου.

2428 3170 2619 3225 Πᾶσαι
2665 3172 2721 3222 at
2752 3168 2990 3222 ἐντολαι
3014 3183 3128 3220 σου
3161 3164 3410 3232 ἀλήθεια
3429 3177 3443 3191 ·
3498 3162 3719 3228 ἀδίκως
3764 3178 3931 3215 uate-

2356 3262 2578 3328 διωξάν
2618 3279 2713 3332 με·
2750 3258 3067 3326 ,ϐοήθησόν
3117 3275 3239 3326 μοι.
3290 3255 3477 3319 Εἰδὼς,
3515 3255 3592 3318 ὡς
3615 3255 3673 3307 ἐν
3699 3254 3778 3325 τῷ
3803 3253 3932 3323 θείῳ

2354 3356 2685 3426 δικαστηρίῳ
2710 3352 3042 3423 ἀπολήψεται
3069 3350 3206 3421 ὑπὲρ
3238 3344 3312 3404 ὧν
3357 3347 3622 3403 πέπονθεν
3677 3347 3928 3412 ἀδικιῶν,

2354 3445 2660 3498 ἐπισπεύδει
2691 3444 2815 3498 ἰδεῖν
2846 3442 3030 3513 καιρὸν
3053 3442 3275 3494 ἐκεῖνον.

2422 3535 2588 3602 Παρὰ
2613 3533 2813 3602 βραχὺ
2843 3530 3254 3587 συνετέλεσαν
3274 3546 3351 3600 με
3379 3528 3447 3583 ἐν
3474 3526 3549 3596 τῇ
3577 3525 3675 3597 τῇ.
3709 3526 3930 3597 Μικροῦ

2352 3626 2458 3679 δεῖν
2489 3628 2553 3679 ἐκ
2578 3625 2670 3679 τοῦ
2698 3622 2937 3696 διωγμοῦ
2960 3622 3155 3678 αὐτῶν.

2425 3782 2584 3838 Κατὰ
2610 3781 2675 3835 τὸ
2713 3781 2883 3847 ἔλεός
2918 3796 3032 3834 σου
3054 3778 3238 3847 ζῆσόν
3264 3792 3362 3845 με,
3414 3774 3512 3827 καὶ
3546 3772 3801 3842 φυλάξω
3860 3771 3931 3823 τὰ

2350 3876 2647 3943 μαρτύρια
2695 3873 2801 3926 τοῦ
2835 3871 3132 3939 στόματός
3166 3884 3302 3923 σου.
3338 3866 3519 3938 Στόμα
3550 3864 3685 3919 Θεοῦ
3712 3866 3765 3917 ot
3810 3864 3930 3917 δια-

2356 3967 2678 4034 κονήσαντες
2721 3963 2996 4036 προφῆται
3036 3964 3148 4025 τοῖς
3181 3958 3515 4032 μαρτυρίοις,
3544 3956 3636 4011 καὶ
3658 3954 3923 4019 ἐντολαῖς,

2354 4059 2465 4119 τοῖς
2491 4055 2848 4127 δικαιώμασιν
2879 4053 3063 4108 αὑτοῦ.

2420 4149 2522 4213 Εἰς
2570 4146 2675 4201 τὸν
2719 4146 2921 4211 αἰῶνα,
2969 4144 3162 4211 Κύριε,
3199 4145 3230 4196 ὁ
3263 4141 3448 4210 λόγος
3486 4155 3603 4194 σου
3665 4137 3928 4206 διαμένει

2354 4241 2424 4293 ἐν
2454 4238 2531 4303 τῷ
2563 4237 2813 4305 οὐρανῷ.
2857 4237 2943 4289 Ἐν
2976 4236 3221 4305 προκοπῇ
3258 4231 3559 4302 γινόμενος,
3606 4228 3701 4282 καὶ
3731 4228 3929 4299 ὑψηλο-

2354 4332 2529 4403 τέρων
2558 4329 2781 4383 ἅπτεται
2828 4328 3131 4399 δογμάτων,
3179 4324 3272 4377 τοῦ
3307 4341 3363 4377 τε
3428 4322 3595 4375 ὰῖδίου
3631 4321 3804 4390 Λόγου
3831 4317 3926 4372 τοῦ

2357 4423 2567 4495 Πατρὸς
2621 4420 2987 4492 μνημονεύων,
3022 4418 3114 4471 καὶ⁵
3163 4414 3441 4488 μονονουχὶ
3474 4414 3553 4467 τό·
3621 4412 3717 4465 Ἑν
3768 4409 3927 4480 ἀρχῇ

2357 4511 2435 4584 ἦν
2457 4516 2489 4567 ό
2520 4511 2727 4581 Λόγος,
2770 4510 2962 4577 λέγων,
2994 4509 3087 4562 καὶ
3124 4507 3218 4576 τῆς
3238 4504 3644 4573 διακοσμήσεως
3665 4499 3759 4553 τοῦ
3790 4516 3926 4552 παν-

2356 4606 2464 4668 τὸς,
2497 4602 2679 4673 σαφῶς
2731 4619 2791 4654 τε
2836 4600 3027 4671 δούλην
3066 4595 3227 4652 αὑτοῦ
3257 4596 3354 4665 τὴν
3400 4593 3691 4663 σύμπασαν
3744 4590 3927 4643 κτίσιν

2356 4697 2636 4752 ἀποκαλεῖ.

2426 4796 2529 4858 Εις
2570 4791 2780 4861 γενεὰν
2805 4787 2901 4842 καὶ
2928 4785 3141 4855 γενεὰν
3165 4784 3202 4851 ἡ
3233 4779 3479 4846 ἀλήθειά
3503 4792 3640 4831 σου.
3671 4774 3777 4827 Δύο
3822 4774 3927 4825 εἰσὶ

2355 4884 2556 4954 γενεαὶ,
2607 4884 2661 4937 αἱ
2694 4882 3009 4953 χωρήσασαι
3033 4877 3129 4947 τὴν
3161 4874 3249 4929 τοῦ
3300 4870 3457 4939 Θεοῦ,
3480 4868 3765 4937 ἀλήθειαν,
3802 4865 3831 4918 δ
3864 4881 3923 4916 τε

2353 4976 2460 5027 τῶν
2496 4973 2764 5027 Ἰουδαίων
2821 4970 2947 5032 λαὸς
2986 4968 3120 5039 ἔχων
3149 4968 3239 5019 τὸν
3281 4962 3441 5032 νόμον
3498 4958 3591 5013 καὶ⁵
3630 4957 3758 5019 τοὺς
3790 4971 3923 5023 προ-

2356 5067 2548 5135 φήτας,
2576 5065 2668 5117 καλ⁵
2693 5065 2727 5135 ἠ
2768 5060 3058 5130 Ἐκκλησία
3136 5057 3247 5110 Ούκ
3277 5056 3356 5117 εἰς
3388 5049 3578 5121 γενεὰς
3609 5044 3702 5101 οὖν
3726 5048 3761 5117 ὴ
3796 5045 3924 5114 άλήο

2356 5156 2473 5209 θεια
2502 5155 2594 5208 τοῦ
2624 5153 2779 5215 Θεοῦ,
2807 5152 2919 5205 ἀλλ’
2943 5154 3019 5213 εἰς
3045 5148 3235 5217 γενεάν
3270 5146 3366 5217 τὴν
3415 5140 3684 5212 προτέραν
3725 5137 3822 5191 καὶ
3846 5137 3924 5196 είς

2355 5248 2544 5317 γενεὰν
2571 5247 2666 5318 τὴν
2695 5245 2968 5316 δευτέραν.
3006 5243 3083 5296 Τά
3120 5241 3177 5294 δὲ
3210 5239 3340 5293 ἄλλα
3370 5236 3494 5305 ἔθνη
3529 5230 3921 5301 πεπλάνηνται.

2358 5342 2483 5394 Ὅτε
2506 5340 2561 5391 δὲ
2588 5340 2678 5391 καὶ
2703 5341 2735 5408 ἡ
2768 5336 3004 5407 προτέρα
3033 5330 3193 5401 γενεά
3250 5328 3468 5395 ἐξέὸαλε
3513 5323 3612 5396 τὴν
3644 5319 3921 5392 ἀλήθειαν,

2355 5432 2447 5485 καὶ
2484 5428 2653 5482 εἶπεν*
2690 5429 2846 5491 Alae,
2874 5423 3002 5493 αἶρε
3045 5423 3151 5477 άπὸ
3185 5421 3283 5490 τῆς
3349 5418 3452 5488 γῆς
3503 5414 3593 5468 τδν
3643 5410 3885 5464 τοιοῦτον
3910 5449 3922 5471 ,.

2358 5522 2722 5593 μεταδῶηκεν
2748 5522 2780 5591 ὴ
2803 5518 3023 5589 ἀλήθεια
3079 5516 3173 5569 ἀπ’
3200 5512 3414 5581 ἐκείνης
3462 5508 3561 5578 τῆς
3603 5504 3796 5574 γενεᾶς
3829 5498 3922 5593 ἐπι

2352 5590 2553 5684 ταύτην
2597 5590 2694 5683 τὴν
2749 5612 2942 5681 γενεάν
3001 5605 3424 5665 Ἐθευελίωσας
3485 5597 3603 5665 τὴν
3655 5594 3776 5666 γῆν
3824 5590 3919 5646 καὶ

2355 5706 2629 5773 διαμένει.
2667 5706 2847 5774 Ταύτῃ
2880 5704 2934 5755 δὲ
2968 5703 3030 5770 τῇ
3087 5696 3367 5767 ἀληθειᾳὴ
3407 5690 3476 5763 γῆ
3511 5684 3917 5759 τεθεμελίωται.
