4126 6492
173 485 262 538 49ἷ
1237 473 1603 531 EXPOSITID
1645 473 1707 526 IN
1747 472 2076 529 I’SALMUM
2117 469 2346 527 CXVIII.

3290 467 3390 522 ιοε

185 598 295 651 Ἐπὶ
316 601 490 653 τούτω
511 597 620 668 γάρ
637 597 712 666 τῷ
738 595 1106 667 ἁκρογωνιαίῳ
1126 593 1255 664 λίθῳ
1276 592 1579 662 καταϐεόλη
1589 590 1725 662 μένῳ

1833 589 2167 644 aediﬁcantur
2185 601 2375 642 omnes
2399 585 2679 654 terrigenae
2704 581 2798 652 qui
2819 581 3049 636 salutem
3078 579 3218 634 nacti
3241 587 3388 634 sunt.

172 687 393 758 θεμελίῳ
421 688 823 758 οίκοδομοῦνται
871 688 1065 749 πάντες
1091 687 1138 739 οἱ
1169 688 1231 738 ἐκ
1279 685 1381 754 γῆς
1415 683 1726 753 σωζόμενοι.

173 780 321 834 Ὅθεν
371 782 467 833 καὶ
499 780 742 850 διαμένει
770 782 802 850 ἡ
832 780 924 850 γῆ,
959 779 1174 850 ἀρῤαγῆ
1199 778 1294 831 καὶ
1342 777 1556 847 ἀσφαλῆ
1592 794 1696 846 κρη

172 872 290 925 πὶδα
314 874 408 925 καὶ
437 871 684 943 θεμέλιον
718 871 930 941 ἔχουσα.
977 870 1133 923 Ἀλλά
1166 870 1260 924 καὶ
1308 869 1411 940 γῆν
1451 869 1731 938 φωτίσασα

171 964 464 1035 ἡάλήθεια
523 965 734 1036 ἡμέραν
803 964 1061 1034 ἐποίησε,
1119 962 1252 1016 Θεοῦ
1327 961 1729 1032 ἐπιλάμψαντος

169 1057 345 1124 αὑτήν.

235 1147 311 1216 Τῇ
340 1146 605 1211 διατάξει
633 1162 747 1200 σου
793 1145 1050 1215 διαμένει
1102 1143 1308 1214 ἡμέρα,
1364 1143 1452 1196 ὅτι
1483 1143 1552 1195 τὰ
1577 1142 1728 1212 σύμ-

167 1256 354 1292 παντα
401 1237 597 1292 δοῦλὰ
655 1255 773 1292 σοι.
833 1238 944 1291 Ούκ
989 1235 1378 1305 ἀλλαττομένη,
1414 1234 1534 1287 οὐδὲ
1577 1233 1730 1295 τέλος

166 1331 531 1401 λαμϐάνουσα,
581 1330 656 1392 ώς
709 1331 737 1382 ὁ
779 1329 918 1382 κατά
943 1329 1039 1399 τὴν
1095 1327 1336 1381 Παλαιὰν
1373 1325 1589 1396 Γραφὴν
1617 1343 1728 1393 φω-

167 1423 364 1490 τισμός.
413 1422 570 1474 Ἐπεὶ
598 1422 691 1473 καὶ
717 1420 878 1490 μέχρι
914 1418 1106 1490 καιροῦ
1141 1416 1474 1489 διορθώσεως
1501 1417 1722 1470 τέθειτο.

169 1511 338 1565 Ταῦτα
363 1513 421 1566 δὲ
451 1513 626 1566 πάντα
653 1512 757 1565 ὑπὸ
797 1509 933 1564 Θεοῦ
969 1511 1263 1580 ὑπῆρκται.
1329 1508 1586 1591 Ἐπείπερ
1613 1509 1729 1560 κτί-

169 1620 287 1656 στου
319 1605 414 1658 καὶ
460 1602 757 1676 προνοητοῦ
780 1602 952 1668 ὄντος,
977 1602 1135 1668 δοῦλα
1160 1603 1228 1657 τὰ
1262 1602 1551 1674 σύμπαντά
1579 1604 1726 1654 ἐστιν

165 1695 341 1750 αὑτοῦ.

224 1788 289 1841 ει
309 1787 395 1856 μὴ
423 1790 456 1841 ό
480 1786 664 1856 νόμος
696 1802 813 1842 σου
859 1790 1080 1857 μελέτη
1105 1787 1222 1856 μού
1247 1787 1379 1842 ἐστι
1400 1828 1415 1853 ,
1473 1787 1604 1838 τότε
1650 1784 1726 1838 ἂν

166 1877 483 1946 ἀπωλόμην
540 1878 609 1933 ὲν
636 1878 711 1947 τῇ
739 1878 1090 1933 ταπεινώσει
1135 1896 1273 1948 μου.
1333 1877 1722 1940 Είσϐαλόντων,

167 1972 307 2042 φησὶ,
342 1972 451 2026 τῶν
480 1971 730 2043 πονηρῶν
753 1971 1045 2043 λογισμῶν,
1070 1973 1165 2026 καὶ
1202 1971 1308 2026 τῶν
1342 1971 1725 2041 ἀντικειμένων

164 2063 435 2132 δυνάμεων
469 2063 846 2134 πολεμούντων
880 2063 1023 2134 ἐμοὶ,
1050 2061 1194 2133 εἶχον
1221 2061 1288 2116 ἂν
1315 2061 1628 2126 ἀπολέσθαι,
1678 2063 1726 2115 εί

167 2152 236 2224 μὴ
253 2154 280 2206 ὁ
310 2153 398 2217 σὸς
425 2154 591 2224 νόμος
622 2156 700 2218 εἰς
732 2155 1010 2226 στήριγμα
1031 2155 1268 2222 ἐγένετο.

226 2247 327 2311 Εἰς
349 2244 454 2298 τὸν
480 2244 665 2299 αιῶνα
695 2249 766 2301 οὐ
815 2246 902 2316 μὴ
929 2246 1293 2315 ἐπιλάθωμαι
1338 2243 1456 2298 τῶν
1500 2244 1726 2298 δικαιω-

160 2348 350 2400 ματων
379 2347 517 2397 σου,
566 2332 655 2387 ὅτι
708 2334 779 2387 ἐν
808 2335 1011 2399 αὐτοῖς
1052 2334 1270 2403 ἕζησάς
1313 2351 1405 2404 με.
1460 2335 1584 2397 Τοῖς
1614 2335 1725 2396 σοῖς

163 2423 338 2493 νόμοις
364 2425 590 2496 ὄψομαι,
624 2427 806 2496 φησίν·
848 2426 952 2490 ἔξω
983 2426 1092 2498 γάρ
1120 2428 1178 2480 ὲν
1216 2428 1400 2490 αὐτοῖς
1432 2425 1528 2497 τὴν
1557 2425 1722 2496 ζωὴν,

164 2514 296 2568 καθά
315 2517 375 2586 δή
401 2534 492 2586 μοι
522 2516 614 2570 καὶ
643 2516 888 2587 εἴρηκας,
933 2519 1018 2571 ὅτι
1067 2522 1098 2573 ό
1139 2518 1398 2588 ποιήσας
1436 2518 1588 2572 αὐτὰ
1624 2520 1726 2572 ἇν-

162 2609 382 2675 θρωπος
425 2607 663 2678 ζήσεται
715 2610 785 2662 έν
823 2609 1046 2676 αὐτοῖς.
1104 2610 1220 2664 Ζῶν
1264 2606 1357 2665 οῦν
1409 2611 1566 2680 μόνος
1591 2611 1722 2663 ὁδί-

164 2718 326 2765 καιος,
362 2701 468 2755 κᾶν
499 2701 814 2772 τεθνηκέναι
840 2702 989 2773 δοκῇ·
1013 2702 1197 2774 νεκροὶ
1226 2703 1282 2756 δὲ
1312 2704 1361 2756 οἱ
1401 2703 1594 2768 ἄδικοι,
1621 2703 1724 2756 κᾶν

163 2786 254 2856 ζῇν
285 2787 604 2855 φαίνωνται.
653 2787 876 2842 Ἐκεῖνοι
936 2787 1033 2857 μὲν
1071 2787 1177 2859 γὰρ
1207 2786 1304 2858 τὴν
1334 2787 1429 2857 τῆς
1459 2785 1602 2858 ζωῆς
1634 2786 1725 2839 σύ-

164 2893 341 2934 στασιν
371 2881 433 2933 ὲν
463 2879 675 2942 ἑαυτοῖς
702 2879 902 2949 έχουσι,
925 2881 1022 2948 τὴν
1051 2880 1409 2950 δικαιοσύνηνο
1435 2881 1482 2932 ol
1512 2879 1568 2932 δὲ
1595 2879 1724 2933 ταύ-

163 2985 254 3037 την
283 2970 382 3022 ούκ
402 2968 618 3040 ἔχοντες
649 2975 758 3034 τοῖς
812 2971 871 3023 ού
917 2971 1045 3041 παρ’
1090 2969 1317 3032 ἑαυτῶν,
1370 2968 1484 3022 ἀλλ’
1529 2969 1723 3036 ἔξωθεν

162 3062 487 3130 κινουμένοις
518 3061 743 3132 ἀψύχοις
770 3062 1024 3116 ἐοίκασιν.

225 3149 338 3216 Σός
373 3151 648 3222 ειμιέτὼ,
697 3152 904 3208 σῶσόν
945 3172 1041 3224 με.
1095 3156 1574 3226 Προσυπακούεται
1622 3156 1720 3228 τῷ,

1829 681 2193 749 Quamobrem
2219 687 2460 733 remanet
2488 685 2653 742 terra,
2687 673 2972 729 infractam
3005 682 3059 726 et
3099 671 3392 726 inconcus-

1828 790 1945 832 sam
1971 773 2125 828 basin
2157 786 2219 827 ac
2241 769 2656 825 fundamentum
2685 750 2910 822 habens.
2949 764 3061 819 Imo
3083 764 3246 818 etiam
3275 765 3390 833 ipsa

1827 867 2027 923 veritas
2070 874 2265 920 terram
2310 863 2589 919 illustrans
2636 861 2775 917 diem
2815 859 3023 925 en‘ecit,
3084 855 3194 914 Deo
3242 857 3390 912 illam

1826 960 2123 1014 emittente.

1893 1153 1982 1209 9i.
2018 1153 2362 1209 Ordinatione
2399 1163 2490 1205 tua
2518 1160 2808 1219 perseverat
2854 1150 2985 1217 dies,
3007 1149 3256 1220 quoniam
3279 1162 3392 1200 om-

1827 1244 1919 1298 nia
1950 1246 2178 1299 serviunt
2207 1244 2322 1297 tibi.
2347 1241 2464 1297 Non
2490 1249 2691 1297 mutata
2712 1255 2885 1311 neque
2910 1240 3069 1294 linem
3092 1237 3390 1307 accipiens,

1828 1336 1973 1390 sicut
2009 1333 2335 1390 illuminatio
2378 1335 2467 1388 illa
2500 1348 2622 1404 quae
2648 1333 2704 1388 in
2731 1330 2911 1386 Veteri
2953 1329 3234 1401 Scriptura
3271 1343 3390 1384 me-

1827 1435 2092 1482 moratur.
2120 1425 2569 1496 Quandoquidem
2597 1439 2770 1495 usque
2794 1424 2859 1478 ad
2882 1423 3234 1478 correctionis
3257 1432 3390 1476 tem-

1828 1530 1928 1584 pus
1952 1515 2130 1585 posita
2155 1525 2257 1569 est.
2286 1513 2409 1569 Haec
2430 1523 2607 1569 autem
2632 1513 2815 1567 omnia
2838 1511 2949 1567 Deo
2967 1511 3210 1581 subjecta
3240 1522 3386 1566 sunt.

1825 1606 1958 1662 Nam
1986 1623 2107 1662 cum
2133 1617 2342 1661 creator
2365 1607 2719 1678 provisorque
2741 1607 2832 1671 sit,
2864 1604 3047 1660 omnia
3080 1604 3182 1674 ipsi
3210 1602 3388 1658 famu-

1826 1700 2025 1754 lantur.

1896 1789 1985 1846 9‘2.
2016 1787 2140 1843 Nisi
2184 1791 2321 1859 quod
2368 1789 2450 1842 lea:
2495 1797 2585 1840 tua
2632 1787 2910 1841 meditatio
2957 1803 3071 1840 mea
3121 1793 3219 1849 est,
3267 1794 3390 1839 tunc

1827 1882 1961 1951 forte
2004 1881 2273 1949 periissem
2307 1879 2362 1932 in
2412 1879 2710 1932 humilitate
2747 1893 2881 1932 mea.
2937 1875 3388 1946 Irrumpentibus,

1832 1974 2027 2044 inquit,
2057 1972 2214 2028 malis
2246 1971 2686 2044 cogitationibus,
2719 1979 2772 2026 et
2794 1970 3123 2025 adversariis
3150 1979 3390 2040 potesta-

1831 2065 1978 2120 tibus
2005 2079 2091 2119 me
2123 2063 2580 2134 oppugnantibus,
2615 2061 2855 2117 futurum
2883 2071 3002 2117 erat
3033 2071 3092 2117 ut
3130 2063 3181 2116 in
3216 2062 3395 2131 perni-

1831 2155 1969 2212 ciem
2003 2155 2160 2219 irem,
2191 2155 2295 2210 nisi
2321 2154 2406 2210 lex
2445 2163 2535 2209 tua
2572 2155 2624 2208 in
2649 2152 2882 2207 fulcrum
2909 2152 3041 2206 mihi
3072 2151 3280 2208 fuisset.

1900 2247 1987 2303 95.
2021 2246 2089 2302 In
2123 2258 2375 2302 aeternum
2397 2264 2498 2301 non
2525 2247 2802 2301 obliviscar
2822 2246 3224 2313 iustiﬁcationes
3251 2255 3390 2311 tuas,

1828 2341 1952 2411 quia
1991 2341 2046 2393 in
2085 2341 2212 2408 ipsis
2243 2339 2519 2408 viviﬁcasti
2555 2353 2653 2390 me.
2700 2336 2867 2404 Tuas,
2906 2338 3099 2405 inquit,
3131 2337 3274 2403 leges
3307 2351 3392 2390 re-

1829 2432 2054 2501 spiciam
2086 2451 2098 2486 :
2128 2432 2182 2485 in
2214 2431 2344 2500 ipsis
2381 2429 2525 2484 enim
2571 2432 2677 2482 vita
2723 2427 2892 2493 fruar,
2934 2427 3388 2498 quemadmodum

1831 2535 1886 2578 tu
1918 2523 2032 2593 ipse
2055 2523 2237 2579 dixisti
2266 2522 2422 2590 mihi,
2446 2523 2569 2592 quia
2599 2522 2687 2591 qui
2716 2520 2894 2590 fecerit
2915 2537 2974 2573 ea
3002 2521 3154 2572 homo
3184 2522 3310 2574 vivet
3336 2521 3393 2572 in

1829 2616 1938 2669 illis
1961 2617 2025 2669 δ’.
2061 2614 2224 2671 Solus
2264 2616 2446 2684 itaque
2481 2615 2663 2686 justus
2708 2615 2855 2681 vivit,
2887 2615 3100 2670 etiamsi
3146 2623 3393 2669 mortuus

1827 2722 1949 2762 esse
1988 2707 2236 2762 videatur
2265 2725 2279 2762 :
2311 2706 2501 2776 injusti
2534 2717 2714 2762 autem
2752 2706 2954 2762 mortui
2982 2717 3143 2769 sunt,
3177 2707 3390 2762 etiamsi

1829 2800 2008 2854 vivere
2054 2798 2361 2854 videantur.
2403 2796 2484 2851 Illi
2513 2813 2750 2868 namque
2770 2799 2908 2861 "vita:
2943 2799 3390 2854 constitutionem

1830 2893 1885 2946 in
1918 2906 1976 2947 se
2002 2891 2222 2953 habent.
2248 2890 2517 2961 justitiam
2569 2891 2813 2956 scilicet;
2844 2891 2898 2945 Ιιί
2948 2900 3136 2946 contra
3166 2907 3288 2947 cum
3322 2893 3390 2946 il-

1830 2986 1935 3038 lam
1972 2999 2080 3038 non
2126 2984 2379 3050 habeant,
2407 2982 2571 3038 rebus
2607 2981 2941 3049 inanimatis,
2973 2998 3080 3037 non
3115 2998 3145 3037 a
3174 2998 3253 3049 se,
3297 2986 3389 3039 sed

1826 3075 2165 3131 extrinsecus
2196 3075 2357 3127 vitam
2389 3072 2735 3139 habentibus,
2767 3073 2975 3129 similes
3001 3082 3146 3129 sunt.

1897 3165 1986 3222 94.
2025 3163 2168 3219 Tuus
2204 3180 2319 3217 sum
2356 3180 2468 3235 ego,
2498 3164 2701 3218 salvum
2755 3181 2836 3218 me
2875 3166 2982 3233 fac.
3034 3165 3388 3230 Subauditur,

164 3243 247 3305 σός
265 3245 376 3314 είμι
411 3244 617 3309 δοῦλος,
656 3246 744 3309 σός
765 3248 878 3318 εἰμι
929 3250 1068 3301 κατά
1101 3249 1258 3320 χάριν
1298 3249 1433 3313 υἱὸς.
1471 3251 1585 3320 είμὶ
1632 3251 1722 3315 σὸς

1827 3273 2017 3313 servus
2061 3266 2189 3311 tuus
2223 3269 2370 3323 sum,
2404 3254 2548 3310 ﬁlius
2588 3263 2712 3311 tuus
2742 3271 2838 3325 per
2873 3257 3124 3327 gratiam,
3156 3257 3390 3315 famulus

163 3333 429 3405 Θεράπων.

239 3427 367 3495 Ἐμὲ
400 3427 729 3498 ὑπέμειναν
762 3431 1093 3500 ἁμαρτωλοὶ
1138 3432 1242 3485 τοῦ
1290 3432 1584 3486 ἀπολέσαι
1622 3451 1716 3502 με’

163 3516 228 3570 τὰ
242 3519 536 3587 μαρτύριά
583 3536 697 3574 σου
740 3520 997 3589 συνῆκα.
1063 3522 1206 3575 Ἀντὶ
1240 3522 1354 3587 τοῦ,
1402 3523 1720 3595 ὲμελέτησα,

163 3601 250 3654 καὶ
274 3602 360 3655 διὰ
384 3604 490 3672 τῆς
519 3606 616 3673 σῆς
657 3604 884 3674 μελέτης
936 3607 1212 3675 ἄπρακτον
1242 3607 1419 3659 αὐτῶν
1470 3608 1725 3677 ἀπέφηνα

163 3691 253 3762 τὴν
275 3693 584 3763 ἐπιϐουλήν.

231 3783 434 3852 Πάσης
461 3786 816 3851 συντελείας
839 3785 1004 3840 εἶδον
1035 3788 1240 3857 πέρας,
1283 3790 1534 3844 πλατεῖα
1563 3793 1600 3859 ἡ
1627 3793 1722 3846 ἑν-

164 3874 301 3942 τολή
323 3891 444 3930 σου
467 3875 719 3945 σφόδρα.
752 3877 1063 3931 Συντέλειαν
1095 3879 1194 3950 τὴν
1250 3880 1538 3952 ἐπιϐουλήν
1593 3902 1723 3955 φησι

163 3965 254 4036 τὴν
307 3967 462 4038 παρά
512 3965 621 4022 τῶν
662 3967 947 4038 δαιμόνων.
1005 3967 1219 4041 Ταύτης
1277 3967 1414 4025 εἶδον
1467 3972 1525 4026 τὸ
1553 3972 1724 4044 πέρας

164 4054 322 4109 ἐκϐὰν
348 4059 429 4120 εἰς
464 4057 636 4121 οὐδὲν,
669 4058 756 4112 ὅτε
786 4060 881 4113 καὶ
930 4057 1158 4114 πλατεῖά
1191 4077 1281 4131 μοι
1325 4061 1602 4134 γέγονενή
1641 4065 1726 4116 ὲν-

163 4146 298 4217 τολή.
329 4145 503 4200 Τοῦτο
527 4146 736 4202 τοῦσδιά
787 4150 967 4222 πάσης
1014 4153 1294 4222 προκοπῆς
1344 4155 1424 4216 είς
1465 4155 1525 4207 τὸ
1575 4155 1726 4220 τέλος

164 4236 456 4308 ἀφιγμένου
488 4239 587 4308 τῆς
641 4240 859 4310 ἀρετῆς,
900 4242 993 4294 ἐπὶ
1035 4244 1097 4296 τὸ
1127 4243 1328 4297 τέλειον
1369 4245 1570 4313 ἀγαθὸν
1611 4247 1725 4300 δια-

165 4325 449 4392 ϐαίνοντοςο
480 4327 676 4390 πολλὰς
701 4329 872 4400 ἀρχὰς
904 4329 996 4381 καὶ
1047 4329 1173 4402 τέλη
1231 4332 1722 4404 καταδαλλομένου.

174 4415 357 4492 Ἡγὰρ
381 4420 486 4490 τῆς
533 4421 799 4491 προτέρας
844 4420 1170 4490 βελτιώσεως
1232 4426 1540 4495 περιγραφὴ
1586 4426 1726 4497 ἀρχὴ

162 4513 255 4582 τῆς
279 4515 546 4584 ἐχομένης
572 4515 707 4576 ἐστὶ,
741 4513 880 4568 κατᾶ
912 4514 993 4567 τό·
1024 4515 1208 4569 Ὅταν
1256 4518 1594 4588 συντελέσῃ
1621 4519 1726 4573 ἄν·

165 4608 400 4674 θρωπος,
431 4607 569 4661 τότε
593 4606 848 4676 ἄρχεται.

241 4699 334 4764 Ὧς
356 4699 649 4770 ἠγάπησα
681 4701 786 4755 τὸν
814 4702 999 4771 νόμον
1023 4719 1159 4765 σου,
1198 4704 1405 4772 Κύριε;
1431 4706 1584 4775 ὅλην
1613 4707 1725 4775 τὴν

166 4788 384 4858 ἡμέραν
415 4790 640 4861 μελέτη
674 4792 792 4861 μού
815 4793 1003 4846 ἐστιν.
1050 4794 1108 4846 '0
1141 4795 1318 4849 πάντα
1364 4797 1505 4850 κατά
1529 4798 1619 4851 τὸν
1642 4798 1726 4851 νό-

170 4893 262 4946 μον
287 4880 382 4932 καὶ
403 4879 583 4948 λέγων
633 4881 728 4933 καὶ
774 4882 1024 4952 πράττων
1057 4883 1252 4957 μελετᾷ
1302 4885 1392 4939 τὸν
1445 4886 1604 4957 νόμον
1631 4887 1724 4941 τοῦ

169 4968 314 5026 Θεοῦ.
355 4973 445 5026 Ἐν
469 4973 526 5026 δὲ
551 4971 628 5043 τῷ
651 4973 847 5045 πρώτῳ
895 4975 1092 5046 ψαλμῷ
1119 4979 1182 5048 τῇ
1238 4977 1420 5049 ἡμέρᾳ
1467 4979 1602 5051 πρὸς
1628 4981 1726 5052 τὴν

172 5060 388 5132 μελέτην
433 5062 532 5116 καὶ
565 5063 662 5134 τὴν
689 5063 857 5118 νύκτα
885 5067 1186 5136 προσέθηκε
1226 5067 1301 5137 τῷ
1355 5069 1608 5140 μακαρίῳ
1635 5088 1727 5138 γε-

170 5153 463 5224 νησομένῳ.
509 5153 792 5225 Ἑλέγομεν
832 5155 960 5227 γάρ,
983 5155 1056 5220 ώς
1083 5158 1270 5227 μικτός
1326 5161 1470 5212 ἐστιν
1496 5161 1728 5216 ἐνταῦθα

170 5241 270 5296 τῶν
293 5244 598 5317 ἀνθρώπων
628 5247 657 5298 ὁ
703 5246 835 5317 βίος.
887 5249 977 5301 Διὸ
1023 5248 1116 5302 νῦν
1147 5249 1338 5320 ἔχομεν
1391 5252 1601 5324 ἡμέραν
1636 5255 1728 5308 καὶ

172 5334 352 5390 νύκταο
385 5335 711 5406 γενομένους
760 5337 816 5390 δὲ
861 5338 1050 5407 ἁγίους
1080 5340 1140 5392 ού
1171 5339 1464 5406 διαδέξεται
1493 5341 1608 5406 νύξ.
1670 5344 1728 5396 '0

173 5427 340 5482 τοίνυν
367 5429 694 5500 προκόπτων
739 5429 950 5502 ἡμέραν
989 5431 1085 5501 μὲν
1126 5432 1245 5500 ἄγει
1272 5433 1410 5486 κατὰ
1432 5433 1522 5486 τὸν
1568 5436 1728 5505 νόμον

178 5517 331 5586 βιούς·
359 5519 534 5574 νύκτα
559 5519 640 5585 δὲ,
671 5521 758 5573 ὅτε
790 5521 863 5593 μὴ
911 5521 1106 5593 μελετᾷ
1132 5524 1188 5575 ὲν
1206 5523 1302 5594 ὅλῃ
1324 5525 1519 5596 καρδίᾳ
1542 5527 1724 5580 αὐτοῦ’

175 5610 264 5678 Μὴ
291 5611 522 5682 πράττῃ
545 5630 600 5665 τι
621 5613 788 5667 κατὰ.
820 5653 834 5668 .
870 5654 883 5667 .
919 5653 933 5667 .

250 5705 342 5759 Ἐκ
370 5704 578 5772 πάσης
608 5705 750 5761 ὀδοῦ
773 5704 1036 5772 πονηρᾶς
1062 5706 1335 5760 indutum!
1376 5709 1513 5774 τοὺς
1544 5710 1727 5774 πόδας

244 5883 284 5914 ⁸¹
308 5880 480 5939 Lcwt.
509 5899 662 5950 svnt,
686 5885 738 5940 5.
811 5887 853 5917 ⁸³
882 5885 1045 5942 Eccli.
1069 5901 1220 5950 XVIII,
1262 5890 1307 5942 li.

1825 3361 1970 3406 ῑυυε.

1895 3442 1985 3497 95.
2016 3439 2100 3494 Ile
2126 3448 2549 3509 exspectaverunt
2575 3452 2868 3508 peccatores
2901 3451 2954 3493 ut
2975 3443 3246 3509 perderent
3270 3461 3388 3507 me;

1825 3531 2124 3585 testimonia
2176 3540 2265 3584 tua
2320 3529 2574 3584 intellexi.
2614 3529 2672 3584 Id
2713 3539 2816 3595 est,
2846 3533 3136 3588 meditatus
3170 3549 3312 3599 sum,
3339 3547 3391 3590 et

1824 3639 1920 3693 per
1953 3623 2358 3678 meditationem
2390 3621 2724 3691 huiusmodi,
2753 3623 2977 3680 insidias
3004 3641 3192 3680 eorum
3220 3644 3390 3683 vanas

1823 3715 1994 3770 eﬂ'eci.

1893 3806 1982 3860 96.
2010 3805 2194 3861 0mm:
2213 3806 2677 3861 consummationis
2706 3809 2811 3862 vidi
2832 3807 3010 3877 ﬁnem,
3043 3810 3209 3864 latum
3233 3829 3384 3867 man-

1823 3899 2006 3952 datum
2052 3909 2197 3952 tuum
2226 3898 2400 3951 nimis.
2436 3899 2971 3956 Consummationem
2997 3903 3128 3957 dicit
3165 3905 3387 3962 insidias

1824 3990 2152 4044 diemonum.
2191 3987 2395 4044 Harum
2436 3991 2596 4045 linem
2632 3993 2736 4046 vidi
2778 3992 2844 4047 ad
2886 3994 3112 4048 nihilum
3139 3998 3383 4061 evadere,

1825 4098 1949 4136 cum
1986 4083 2150 4136 latum
2194 4083 2325 4136 mihi
2366 4084 2568 4137 factum
2607 4093 2689 4138 est
2724 4087 3036 4140 mandatum
3070 4097 3242 4144 tuum.
3277 4088 3390 4145 Hoc

1826 4183 2005 4229 autem
2035 4175 2100 4228 ad
2127 4190 2248 4228 eum
2281 4176 2529 4244 pertinet,
2559 4176 2650 4245 qui
2683 4179 2828 4230 omni
2863 4177 3105 4246 profectu
3137 4182 3201 4234 ad
3226 4181 3385 4236 linem

1825 4265 2044 4320 virtutis
2074 4267 2337 4334 pervenit,
2369 4277 2421 4321 et
2463 4268 2529 4321 ad
2573 4267 2868 4336 perfectum
2905 4269 3106 4324 bonum
3135 4276 3384 4336 accessit.

1827 4359 1917 4428 qui
1947 4359 2115 4413 multa
2146 4358 2295 4412 initia
2321 4367 2374 4412 et
2400 4361 2600 4413 multos
2628 4360 2760 4414 lines
2791 4362 2993 4432 posuit.
3025 4362 3155 4418 Nam
3193 4366 3388 4434 primis

1826 4448 2100 4518 profectus
2135 4450 2569 4518 circumscriptio
2615 4450 2829 4506 initium
2869 4464 2948 4508 est
2979 4457 3384 4526 subsequentis,

1823 4539 1978 4610 juxta
2004 4540 2129 4595 illud
2160 4556 2171 4590 :
2199 4539 2330 4593 Cum
2349 4552 2742 4596 consummatur
2760 4546 2933 4612 homo,
2962 4556 3083 4600 tunc
3118 4551 3301 4617 incipit
3320 4553 3384 4608 ⁶³.

1823 4721 1838 4788 |
1894 4719 1982 4773 97.
2025 4719 2293 4783 Quomodo
2328 4720 2489 4774 dilexi
2530 4723 2690 4791 legem
2740 4733 2916 4788 tuam,
2965 4723 3227 4784 Domine?
3277 4741 3386 4783 tota

1825 4812 1908 4864 die
1931 4810 2203 4865 meditatio
2252 4828 2366 4865 mea
2410 4822 2506 4867 est.
2535 4812 2638 4879 Qui
2680 4815 2860 4869 omnia
2891 4820 3187 4874 secundum
3215 4821 3385 4891 legem

1824 4898 1955 4952 dicit
1985 4909 2036 4953 et
2066 4898 2292 4969 perﬁcit,
2331 4902 2377 4955 is
2423 4901 2713 4958 meditatur
2751 4905 2920 4976 legem
2951 4907 3065 4964 Dei.
3117 4909 3172 4963 In
3212 4912 3386 4980 primo

1824 4999 2002 5044 autem
2044 4991 2276 5060 psalmo,
2313 4992 2378 5047 ad
2411 4993 2812 5053 meditationem
2857 4999 2962 5054 diei
3005 5011 3215 5056 noctem
3250 5005 3386 5075 adji-

1825 5083 1918 5147 cit,
1947 5083 2014 5138 iis
2054 5084 2149 5154 qui
2191 5085 2334 5140 beati
2387 5084 2556 5142 futuri
2596 5099 2742 5145 sunt.
2765 5090 3088 5147 Dicebamus
3114 5097 3258 5150 enim
3299 5099 3384 5153 hic

1825 5175 2139 5244 permistam
2166 5192 2288 5232 esse
2312 5177 2594 5235 hominum
2631 5184 2820 5238 vitam.
2851 5183 3216 5249 Quamobrem
3242 5204 3384 5245 nunc

1828 5267 2089 5323 habemus
2126 5269 2264 5324 diem
2300 5285 2364 5326 ac
2395 5282 2645 5338 noctem;
2688 5284 2969 5344 postquam
3003 5286 3179 5332 autem
3211 5283 3380 5334 sancti

1827 5360 2116 5426 evasimus,
2151 5363 2295 5417 nulla
2327 5365 2677 5434 subsequitur
2707 5383 2835 5422 nox.
2856 5366 2960 5434 Qui
2984 5370 3146 5441 igitur
3173 5372 3384 5439 prolicit

1827 5449 1967 5504 diem
2003 5453 2114 5522 agit
2142 5453 2268 5508 dum
2297 5442 2593 5512 s'ecundum
2632 5459 2800 5530 legem
2834 5461 3003 5516 vivit:
3034 5471 3244 5517 noctem
3282 5479 3383 5518 au-

1829 5551 1955 5608 tem,
1984 5559 2107 5596 cum
2142 5560 2248 5600 non
2281 5548 2568 5603 meditatur
2595 5564 2715 5604 eam
2746 5567 2810 5607 ex
2848 5561 2956 5606 toto
2987 5554 3259 5608 corde.....
3284 5556 3382 5609 llic

1827 5633 2000 5701 deﬁcit
2025 5643 2211 5690 textus.

1901 5723 2016 5778 101.
2052 5725 2128 5778 Ab
2159 5730 2299 5784 omni
2342 5732 2424 5784 via
2456 5732 2593 5787 mala
2623 5735 2862 5802 prohibui
2900 5736 3048 5805 pedes
3084 5753 3241 5792 meus.
3271 5734 3382 5790 I'Ioc
