4126 6490
677 472 775 528 499

1512 465 1569 522 S.
1612 462 1983 520 ATHANASll
2022 459 2169 514 OPP.
2214 456 2390 511 PARS
2429 457 2521 513 lll.
2561 484 2630 496 --
2668 454 3084 510 EXEGETICA.

3819 449 3919 504 500

676 597 760 644 est
803 589 946 641 enim
985 585 1256 641 custodire
1295 584 1531 638 divinam
1588 584 1783 653 legem,
1823 580 2076 650 operibus
2120 578 2296 633 eam!

2371 590 2477 626 που.
2528 571 2696 624 Τοῦτο
2718 572 2825 642 γάρ
2854 575 2968 624 ἐστι
3007 571 3068 624 τὸ
3100 568 3325 637 φυλάξαι
3352 569 3442 621 τὸν
3484 567 3623 622 θεῖον
3652 567 3843 639 νόμον,
3865 571 3924 623 τὸ

685 681 922 750 implere.

724 773 870 836 102.
906 777 944 826 Α
971 772 1188 841 judiciis
1240 772 1341 824 tuis
1390 787 1489 822 non
1531 767 1807 822 declinavi.
1864 767 2086 834 Semper
2132 778 2244 816 me-

683 865 817 919 mini
852 865 1017 918 divini
1047 864 1352 919 tribunalis.

751 959 874 1015 105.
915 960 1087 1022 Quam
1114 959 1294 1010 dulcia
1331 955 1570 1024 faucibus
1614 955 1739 1006 meis
1765 953 1970 1021 eloquia
2000 949 2126 1002 tua!
2157 965 2243 1000 su-

689 1070 782 1120 per
814 1053 915 1105 mel
942 1053 1019 1104 ori
1052 1068 1182 1104 mea.
1243 1049 1427 1102 Dulcia
1485 1049 1553 1101 ob
1600 1047 1976 1099 rationabilem
2028 1045 2079 1095 in
2138 1043 2247 1095 illis

701 1147 932 1212 positam
993 1145 1320 1211 voluptatem
1365 1161 1374 1194 :
1427 1143 1535 1193 imo
1577 1155 1728 1200 super
1777 1139 1895 1199 mel,
1960 1154 2051 1204 per
2100 1136 2242 1204 quiod

684 1238 867 1289 omnia
900 1236 1075 1288 dulcia
1099 1235 1240 1302 apud
1276 1235 1519 1285 homines
1543 1232 1935 1299 significantur.

755 1327 877 1379 105.
913 1325 1147 1377 Lucerna
1198 1325 1411 1390 pedibus
1461 1323 1586 1374 meis
1638 1322 1844 1372 verbum
1891 1328 2058 1370 tuum.
2115 1314 2248 1368 Nam

687 1418 780 1486 qui
816 1417 867 1469 in
898 1420 1101 1469 lumine
1127 1417 1322 1468 divina:
1357 1417 1487 1482 legis
1521 1415 1781 1475 ambulat,
1817 1421 2022 1465 rectum
2074 1419 2126 1462 et
2164 1409 2250 1460 in-

688 1507 952 1564 offensum
981 1524 1204 1561 cursum
1235 1508 1351 1560 vitae
1380 1506 1618 1560 coniicit.

765 1599 882 1652 112.
907 1597 1232 1650 Huntiliatus
1263 1614 1378 1650 sum
1411 1613 1796 1665 usquequaque.
1854 1597 1961 1648 Aut
1993 1595 2249 1662 spiritua-

697 1691 828 1747 lium
862 1689 1206 1742 inimicorum
1255 1689 1670 1756 irruptiouibus,
1722 1697 1815 1740 aut
1865 1684 2254 1739 macerationi-

690 1782 794 1835 bus
814 1797 879 1833 cx
909 1782 1126 1849 propria
1163 1782 1439 1833 voluntate
1464 1779 1753 1845 susceptis.

763 1875 884 1927 115.
922 1873 1138 1941 Iniqnos
1173 1874 1291 1924 odio
1352 1873 1532 1933 habui,
1563 1882 1611 1924 et
1649 1873 1808 1940 legem
1863 1881 2004 1924 luant
2067 1871 2250 1923 dilexi.

693 1967 976 2034 Sapientes
1043 1966 1205 2034 hujus
1237 1966 1419 2018 saeculi
1450 1965 1525 2017 ait
1563 1974 1616 2017 et
1665 1964 2045 2018 haereticorum
2097 1962 2251 2031 prin-

693 2061 864 2113 cioes.

765 2152 885 2205 115.
928 2150 1193 2202 Declinate
1217 2167 1246 2200 α
1284 2166 1381 2211 me,
1411 2148 1650 2216 maligni.
1701 2148 1808 2199 Aut
1832 2147 2003 2200 malas
2044 2148 2251 2214 cogita-

696 2244 874 2297 tiones
919 2243 1014 2306 ait,
1048 2253 1138 2294 aut
1165 2241 1451 2310 praedictos
1484 2239 1798 2307 magistros.

766 2424 886 2476 117.
949 2423 1153 2489 Adjuva
1195 2439 1271 2473 me
1307 2432 1352 2473 ct
1400 2423 1573 2477 salvus
1617 2439 1724 2475 ero.
1781 2421 2027 2482 Etiamsi,
2062 2421 2255 2488 inquit,

695 2513 910 2582 adiutor
933 2531 1085 2568 meus
1118 2525 1173 2567 et
1209 2526 1497 2584 susceptor
1523 2529 1679 2568 meus
1712 2529 1771 2567 es
1818 2523 1896 2576 tu,
1940 2523 1994 2566 at
2061 2513 2259 2566 indesi-

695 2608 842 2661 nenti
891 2607 1094 2659 auxilio
1125 2617 1209 2660 est
1236 2622 1393 2674 opus.
1449 2605 1664 2671 Quanto
1694 2607 1836 2660 enim
1899 2616 2139 2674 tempore
2171 2606 2257 2658 hic

695 2713 910 2761 sumus,
945 2697 1185 2750 nondum
1233 2698 1533 2765 perfectura
1569 2710 1652 2753 est
1710 2699 1863 2764 illud,
1918 2699 2095 2752 salvus
2147 2715 2254 2754 ero.

696 2788 805 2840 Sed
841 2789 1078 2842 ubicqu
1109 2789 1316 2858 angelis
1361 2790 1451 2843 Dei
1500 2792 1765 2853 vivemus,
1808 2800 1938 2845 tunc
1981 2791 2260 2844 meditatio

691 2878 1143 2949 justiﬁcatiouum
1172 2882 1274 2934 crit
1298 2882 1433 2935 faeie
1460 2883 1526 2935 ad
1564 2881 1786 2945 facient,
1810 2898 1916 2933 non
1950 2882 2004 2934 in
2042 2882 2256 2944 umbra,

699 2973 792 3025 sed
827 2973 882 3024 in
917 2973 1159 3025 veritate.

771 3065 892 3118 118.
922 3065 1175 3130 Sprevisti
1220 3081 1394 3116 omnes
1436 3065 1754 3118 discedentes
1805 3083 1836 3118 a
1876 3067 2095 3134 judiciis
2135 3069 2259 3122 tuis.

702 3156 800 3211 Hic
830 3157 953 3210 linis
978 3164 1253 3225 exspectat
1277 3171 1372 3210 eos
1397 3156 1488 3225 qui
1524 3156 1614 3210 Dei
1645 3156 1813 3225 legem
1848 3167 2224 3213 contemnunt.

776 3332 895 3386 119.
926 3326 1338 3386 Prwvaricantes
1369 3335 1602 3401 reputari
1627 3349 1803 3386 omnes
1829 3345 2124 3402 peccatores
2154 3346 2259 3388 ter-

707 3440 811 3488 m;
839 3425 955 3477 ideo
985 3424 1149 3477 dilexi
1178 3426 1475 3477 testimonia
1508 3434 1619 3477 tua.
1681 3423 2128 3493 (Pratvaricantes
2157 3429 2265 3483 sci-

709 3516 854 3577 |icet)
890 3516 1021 3582 quia
1068 3516 1309 3569 divinam
1350 3517 1522 3584 legem
1555 3517 1877 3571 conculcare
1924 3519 2142 3573 vellent.

777 3605 900 3658 120.
936 3603 1147 3674 Canﬁge
1181 3608 1465 3659 timoretuo
1486 3623 1666 3660 carnes
1688 3624 1847 3661 meas.
1876 3606 2031 3675 Illud,
2050 3611 2263 3680 conﬁge,

710 3696 940 3767 positum
971 3713 1088 3765 pro,
1138 3699 1363 3752 obdura.
1395 3697 1610 3752 Obdura
1645 3701 1829 3767 igitur,
1856 3700 2051 3768 inquit,
2080 3703 2145 3754 ad
2177 3719 2266 3755 ca-

707 3788 943 3842 stitatem
971 3805 1160 3843 carnes
1198 3805 1366 3842 meas.
1401 3790 1526 3856 lloc,’
1545 3790 1687 3842 enim
1719 3791 2057 3844 solummodo
2091 3793 2269 3849 dicere

710 3880 930 3935 Christo
955 3889 1170 3948 potero:
1203 3881 1249 3910 “
1285 3880 1534 3947 Conﬁxus
1562 3897 1674 3932 sum
1700 3884 1860 3934 cruci.
1897 3913 1958 3922 -
1992 3883 2268 3953 Ajudiciis

710 3969 844 4022 enim
880 3971 982 4021 tuis
1018 3970 1188 4024 timui.
1229 3969 1474 4023 Divinam
1504 3971 1714 4027 scilicet
1743 3973 1910 4042 legem
1953 3975 2128 4027 timui.
2151 3975 2266 4030 Non

712 4062 857 4114 enim
913 4071 1190 4129 peccatum
1223 4063 1344 4131 quis
1379 4064 1635 4125 admittit,
1674 4064 1780 4118 nisi
1808 4080 1929 4120 sese
1960 4077 2084 4120 ante
2113 4076 2266 4121 extra

718 4153 810 4207 Dei
847 4155 1093 4209 timorem
1121 4155 1488 4210 collucaverit.

786 4245 908 4299 H3.
952 4244 1104 4299 Oculi
1133 4247 1231 4297 mei
1264 4247 1562 4312 defecerunt
1617 4250 1672 4301 in
1736 4249 1970 4302 salutare
2014 4258 2179 4302 tuum.
2214 4250 2268 4304 ln

715 4338 958 4391 divinum
999 4336 1311 4404 adventum,
1353 4338 1547 4406 inquit,
1577 4355 1696 4406 quo
1728 4341 1978 4409 sperabat
2006 4350 2058 4394 et
2099 4359 2156 4395 se
2206 4353 2259 4398 et

719 4440 887 4484 totum
946 4431 1242 4484 humanum
1292 4445 1462 4499 genus
1537 4432 1764 4485 salutem
1827 4444 2267 4488 consecuturum.

721 4523 787 4575 Et
815 4523 872 4576 in
903 4522 1165 4592 eloquium
1182 4521 1405 4591 justitia:
1439 4533 1561 4577 tum.
1590 4523 1816 4578 Etiamsi
1845 4527 2062 4593 quidam
2090 4527 2272 4595 inique

2342 665 2520 736 ἔργοις
2553 665 2712 718 αὐτὸν
2738 665 2949 735 ἁποπλη
2961 663 3144 734 ρῶσαι.

2427 758 2568 810 Ἀπὸ
2597 756 2712 810 τῶν
2736 757 3030 826 χριμάτων
3057 770 3171 808 σου
3205 755 3317 808 οὐκ
3347 753 3646 818 ἐξέκλινα.
3687 754 3926 806 Διαπαν·

2348 849 2434 911 τὸς
2454 850 2776 923 ἐμεμνῄμην
2803 848 2894 901 τοῦ
2931 847 3071 899 θείου
3096 845 3470 917 δικαστηρίου.

2429 947 2526 1010 Ὧς
2551 936 2775 1014 γλυκέα
2799 942 2879 1006 τῷ
2899 941 3153 1010 λάρυγγί
3175 957 3293 1009 μου
3323 939 3393 993 τὰ
3418 937 3594 1006 λότιά
3620 954 3739 991 σου
3760 937 3781 988 .'
3810 937 3929 988 Γλυο

2349 1039 2447 1091 κέα
2480 1038 2567 1090 διὰ
2614 1037 2710 1106 τὴν
2763 1037 2847 1088 ἐπ’
2882 1035 3063 1096 αὐτοῖς
3096 1033 3317 1101 λογικὴν
3362 1029 3580 1102 τέρψιν⁸
3619 1030 3737 1082 ἀλλ’
3777 1028 3930 1094 ὑπὲρ

2345 1131 2482 1200 μέλι
2511 1173 2526 1197 ,
2584 1130 2692 1182 τῶν
2727 1128 2854 1198 παρ’
2879 1125 3184 1196 ἀνθρώποις
3220 1124 3437 1176 πάντων
3458 1122 3629 1192 ἡδέων
3661 1121 3732 1172 δι’
3765 1117 3930 1174 αὑτοῦ

2353 1224 2512 1294 δηλου
2523 1221 2714 1290 μένων.

2425 1315 2461 1362 ,1
2476 1311 2656 1376 ὐχνος
2687 1306 2810 1371 τοῖς
2837 1307 2981 1357 ποσί
3005 1324 3121 1372 μου
3150 1309 3180 1357 ό
3210 1306 3390 1371 νόμος
3419 1320 3556 1356 σου.
3615 1304 3673 1354 ὐ
3710 1302 3821 1373 γὰρ
3855 1300 3931 1369 τῷ

2354 1404 2490 1470 φωτὶ
2514 1400 2606 1452 τοῦ
2642 1400 2790 1452 θείου
2815 1399 2978 1466 νόμου
3009 1397 3319 1465 περιπατῶν
3347 1396 3509 1465 ὀρθὴν
3538 1395 3628 1448 καὶ
3649 1394 3928 1460 ἀπρόσκο-

2353 1511 2454 1545 πον
2478 1494 2576 1562 τὴν
2602 1491 2822 1561 πορείαν
2850 1492 3085 1540 ποιεῖται
3106 1486 3198 1537 τοῦ
3233 1485 3368 1555 βίου.

2437 1582 2860 1648 Ἐταπεινώθην
2886 1580 2995 1644 ἕως
3021 1578 3272 1647 σφόδρα.
3328 1577 3396 1628 Ἦ
3422 1577 3540 1637 ταῖς
3573 1575 3681 1626 τῶν
3721 1574 3929 1642 νοητῶν

2357 1677 2564 1746 ἐχθρῶν
2595 1674 2900 1727 ἐπιθέσεσιν
2919 1714 2933 1736 ,
2962 1672 2995 1742 ἢ
3039 1673 3156 1733 ταῖς
3201 1669 3305 1740 ἰδίᾳ.
3329 1669 3422 1720 καὶ
3464 1670 3528 1720 ὲκ
3557 1666 3933 1727 ποοαιοέσεως

2356 1767 2669 1838 γινομέναις
2715 1761 3174 1832 σκληραγωγίαις.

2427 1859 2816 1926 Παρανόμους
2836 1854 3119 1921 ἐμίσησα,
3147 1850 3254 1904 τὸν
3272 1848 3340 1902 δὲ
3360 1849 3546 1916 νόμον
3565 1863 3681 1900 σου
3707 1846 3936 1913 ἠγάπη-

2362 1967 2462 2006 σα.
2524 1951 2661 2011 Τοὺς
2689 1949 2883 2016 σοφοὺς
2915 1945 3006 1998 τοῦ
3053 1943 3244 2004 αἰῶνός
3277 1958 3407 2010 φησι
3437 1939 3530 1992 καὶ
3556 1939 3684 2000 τοὺς
3715 1937 3824 1990 τῶν
3853 1938 3936 1990 αἱ-

2365 2041 2637 2112 ρεσιωτῶν
2667 2039 2951 2109 ἄρχοντας.

2447 2133 2786 2184 Ἑκκλίνατε
2820 2129 2919 2182 ἀπ’
2944 2127 3089 2195 ἐμοῦ
3115 2166 3127 2188 ,
3160 2124 3643 2191 πονηρευόμενοι.
3712 2122 3786 2173 Ἢ
3816 2122 3938 2183 τοὺς

2357 2228 2634 2294 πονηροὺς
2684 2219 2974 2289 λογισμούς
3024 2234 3218 2286 φησιν,
3268 2216 3299 2284 ἦ
3339 2214 3464 2277 τοὺς
3507 2211 3938 2284 προειρημένους

2366 2315 2739 2379 διδασκάλους.

2437 2407 2751 2472 Βιριήθησόν·
2768 2421 2890 2471 μοι,
2916 2402 3013 2453 καὶ
3033 2399 3397 2465 σωθήσομαι.
3426 2398 3487 2449 El
3516 2395 3626 2466 γὰρ
3659 2397 3785 2460 καὶ,
3815 2394 3940 2465 ἔφη,

2369 2500 2556 2571 βοηθός
2591 2515 2689 2566 μου
2727 2496 2821 2548 καὶ
2875 2493 3218 2562 ἀντιλήπτωρ
3250 2507 3348 2558 μου
3381 2483 3431 2540 εἷ
3464 2489 3526 2540 σὺ
3548 2528 3561 2550 ,
3592 2487 3730 2540 ἀλλὰ
3774 2488 3941 2540 δεῖται

2369 2591 2615 2663 βοηθείας
2659 2586 3016 2640 ἀδιαλείπτου.
3078 2583 3164 2635 Ἐν
3193 2582 3301 2650 ὅσῳ
3352 2581 3457 2650 γάρ
3489 2581 3657 2649 ἐσμεν
3683 2579 3938 2642 ἐνταῦθα,

2366 2685 2517 2739 οὔπω
2548 2681 2752 2734 τέλειον
2781 2681 2840 2732 τὸ
2865 2719 2878 2741 ,
2907 2675 3254 2743 σωθήσομαι
3273 2689 3287 2702 ·
3347 2671 3460 2723 ἀλλ’
3492 2672 3619 2724 ὅταν
3651 2669 3794 2742 μετὰ
3836 2671 3942 2724 τῶν

2368 2776 2612 2844 ἀγγέλων
2642 2775 2895 2843 ζήσωμεν
2921 2767 3013 2821 τοῦ
3040 2767 3196 2828 Θεοῦ,
3230 2767 3349 2818 τότε
3384 2764 3490 2834 γὰρ
3523 2765 3615 2815 καὶ
3642 2762 3846 2832 μελέτη
3875 2762 3942 2814 δι-

2369 2869 2697 2941 καιωμάτων
2727 2866 3015 2937 πρόσωπον
3049 2860 3187 2930 πρὸς
3221 2858 3505 2927 πρόσωπον
3525 2896 3539 2920 ,
3583 2854 3644 2906 οὐ
3676 2854 3820 2907 κατὰ
3847 2853 3943 2906 τὶκν

2371 2964 2551 3023 σκιὰν,
2583 2961 2717 3014 ἀλλὰ
2748 2958 2886 3011 κατὰ
2916 2956 3014 3026 τὴν
3040 2950 3317 3022 ἀλήθειαν.

2452 3058 2513 3109 Ἐ
2519 3055 2551 3117 ξ
2557 3052 2896 3113 ουδένωσιὶς
2913 3047 3144 3110 πάντας
3162 3044 3301 3108 τοὺς
3321 3039 3814 3103 ἀποστατοῦντας
3828 3037 3941 3090 ἀπὸ

2371 3145 2485 3198 τῶν
2537 3139 2941 3208 δικαιωμάτων
2991 3154 3125 3189 σου.
3200 3134 3368 3186 Τοῦτο
3399 3131 3508 3202 γὰρ
3548 3130 3840 3200 περιμένει
3883 3126 3942 3180 τδ

2371 3239 2516 3300 τέλος
2542 3235 2668 3297 τοὺς
2694 3233 2782 3285 τὸν
2812 3230 2971 3300 νόμον
3006 3227 3329 3289 ἁθετοῦντας
3361 3226 3452 3278 τοῦ
3490 3224 3646 3277 Θεοῦ.

2442 3328 2701 3397 Παραϐαί
2708 3340 2918 3389 νοντας
2949 3319 3318 3390 Mog-varium.
3339 3317 3568 3382 πάντας
3599 3315 3742 3382 τοὺς
3771 3316 3942 3384 ἀμαρ-

2372 3421 2594 3485 τωλοὺς
2627 3419 2735 3486 τῆς
2758 3416 2864 3486 γῆς
2882 3433 2894 3444 ·
2921 3414 3015 3466 διὰ
3053 3415 3224 3467 τοῦτο
3257 3410 3540 3480 ἠγάπησα
3568 3409 3637 3461 τὰ
3653 3407 3944 3476 μαρτύριά

2373 3527 2506 3565 σου.
2540 3511 2613 3563 Τὸ
2646 3509 2886 3578 πατῆσαι
2919 3505 3199 3576 βούλεσθαι
3225 3505 3316 3555 τὸν
3343 3501 3482 3553 θεῖον
3508 3501 3692 3569 νόμον.

2445 3597 2811 3662 Καθήλωσον
2835 3596 2900 3646 ἐκ
2925 3593 3030 3645 τοῦ
3058 3593 3246 3660 φόϐου
3277 3606 3392 3642 σου
3417 3590 3523 3653 τὰς
3549 3587 3784 3655 σάρκας
3803 3605 3938 3656 μου.

2376 3689 2467 3749 Τὸ,
2494 3685 2870 3751 καθήλωσεν,
2899 3684 3017 3735 ἀντὶ
3033 3682 3148 3745 τοῦ,
3184 3680 3371 3750 πῆξον.
3403 3679 3577 3748 Πῆξον
3601 3675 3695 3730 οὖν
3717 3719 3731 3741 ,
3759 3679 3940 3748 φησὶν,

2375 3783 2452 3841 εἰς
2483 3778 2701 3846 ἁγνείαν
2725 3778 2820 3840 τὰς
2845 3777 3052 3847 σάρκας
3086 3791 3205 3844 μου.
3240 3771 3423 3833 Οὕτως
3452 3771 3559 3840 γὰρ
3591 3770 3769 3839 μόνως
3789 3772 3944 3838 δυνη-

2376 3873 2515 3924 θεῖεν
2550 3874 2717 3922 εἱπεῖν
2741 3869 2955 3939 Χριστῷ
2975 3885 2987 3898 ·
3016 3867 3506 3932 Συνεσταύρωμαι
3523 3879 3535 3891 ·
3565 3861 3683 3916 ἀπὸ
3698 3862 3810 3930 γὰρ
3831 3861 3946 3914 τῶν

2378 3961 2667 4030 χριμάτων
2692 3977 2807 4014 σου
2833 3957 3153 4027 ἐφοϐήθην.
3189 3957 3290 4008 Τὸν
3320 3955 3459 4006 θεῖον
3490 3952 3733 4022 δηλονότι
3759 3969 3941 4023 νομον.

2377 4055 2451 4106 Οὐ
2490 4052 2596 4122 γὰρ
2623 4052 2795 4114 ἄλλως
2842 4069 2922 4112 τις
2957 4049 3192 4102 ἐπιτελεῖ
3215 4047 3309 4116 τὴν
3345 4045 3617 4114 ἁμαρτίαν
3640 4083 3654 4106 ,
3715 4045 3792 4115 μὴ
3844 4045 3943 4110 ἔξω

2378 4145 2566 4197 ἑαυτὸν
2602 4144 2861 4214 πρότερον
2891 4141 3232 4209 καταστήσας
3253 4137 3344 4189 τοῦ
3372 4137 3535 4206 φόϐου
3564 4133 3657 4188 τοῦ
3681 4135 3843 4188 Θεοῦ.

2450 4239 2513 4288 Ol
2535 4236 2825 4303 ὀφθαλμοί
2846 4251 2962 4301 μου
2991 4231 3270 4296 ἐξέλιπον
3288 4233 3373 4294 εις
3403 4229 3467 4281 τὸ
3489 4227 3788 4295 σωτήριόν
3805 4242 3940 4281 σου.

2381 4331 2472 4390 Et;
2494 4328 2592 4397 τὴν
2620 4325 2768 4378 θείαν
2803 4326 3139 4393 ἐπιφάνειαν,
3171 4323 3326 4392 φησι,
3348 4321 3412 4372 δι’
3446 4315 3512 4389 ἦς
3540 4319 3736 4388 ἤλπιζε
3769 4318 3942 4389 σωθὴ-

2380 4418 2566 4471 σεσθαι
2599 4419 2689 4470 καὶ
2727 4417 2884 4478 αὐτὸς
2913 4418 3005 4468 καὶ
3037 4415 3178 4467 ἆπαν
3209 4414 3314 4465 τῶν
3353 4410 3652 4482 ἀνθρώπων
3679 4411 3740 4463 τὸ
3764 4410 3938 4478 γένος.

2379 4514 2485 4566 Καὶ
2518 4515 2603 4577 εις
2634 4513 2696 4564 τὸ
2722 4513 2926 4579 λόγιον
2961 4509 3066 4576 τῆς
3113 4510 3500 4574 δικαιοσύνης
3546 4521 3683 4559 σου.
3741 4506 3806 4557 Et
3854 4503 3944 4556 καὶ

719 4625 960 4684 agentes,
986 4631 1164 4685 neque
1191 4617 1440 4670 timorem
1467 4626 1619 4670 tuum
1668 4627 1794 4670 ante
1851 4620 2038 4674 oculos
2069 4621 2273 4673 haben-

2380 4603 2814 4675 παρανομοῦντες
2842 4620 2980 4665 τινες
3000 4643 3012 4663 ,
3049 4601 3137 4654 καὶ
3169 4601 3256 4653 τὸν
3281 4601 3368 4652 σὺν
3392 4599 3495 4669 πρὸ
3515 4595 3814 4665 ὀφθαλμῶν
3845 4596 3944 4648 οὐκ

720 4722 822 4771 tes,
847 4707 1014 4776 legem
1043 4716 1188 4759 tuam
1207 4708 1272 4762 de
1299 4707 1479 4762 medio
1507 4711 1862 4774 sustulerint;
1896 4723 1950 4765 at
1971 4729 2072 4783 ego
2123 4716 2273 4768 omni

722 4810 962 4867 tempore
1000 4799 1138 4852 hanc
1163 4815 1323 4854 unam
1379 4785 1550 4871 legem
1603 4805 1962 4873 exsequebar,
2019 4807 2163 4876 quod
2215 4807 2270 4861 in

722 4890 1068 4945 meditatione
1095 4901 1353 4960 perpetuo
1389 4908 1652 4950 versarer.

792 4981 916 5036 1Ξ5.
947 4981 1135 5036 Servus
1175 4993 1296 5037 tuus
1327 5001 1444 5038 sum
1468 4999 1578 5053 ego,
1605 4986 1673 5038 da
1699 4986 1828 5039 milii
1851 4987 2193 5052 intellectum,
2227 4999 2276 5043 et

719 5077 885 5130 sciam
918 5077 1216 5129 testimonia
1277 5085 1386 5129 tua.
1455 5076 1556 5142 Qui
1592 5079 1900 5134 nullatenus
1954 5095 2146 5136 servus
2195 5091 2278 5136 est

722 5168 950 5234 peccati,
977 5167 1153 5222 dicat:
1185 5167 1373 5223 Servus
1427 5180 1547 5222 tuus
1575 5187 1690 5222 sum
1717 5187 1829 5239 ego.
1855 5170 2153 5227 Mercedem
2181 5190 2278 5227 au-

724 5270 827 5311 tem
854 5259 1151 5323 servitutis,
1177 5259 1583 5330 intelligentiam
1634 5278 1828 5331 nempe
1862 5265 2120 5332 postulat,
2153 5283 2275 5335 qua:

722 5350 883 5403 datur
909 5367 939 5404 a
967 5348 1076 5405 Deo
1102 5391 1117 5413 ,
1154 5361 1208 5406 et
1229 5355 1379 5422 apud
1403 5369 1526 5407 eum
1553 5356 1707 5424 quasi
1753 5355 1808 5409 in
1846 5356 2086 5412 thesauri
2119 5359 2274 5414 theca

724 5442 1054 5494 reconditur.
1086 5442 1217 5496 Nam
1245 5444 1476 5513 Spiritus
1503 5447 1783 5515 sapientia:
1805 5456 1857 5502 et
1885 5447 2192 5504 intellectus
2214 5460 2269 5504 et

728 5536 934 5604 reliqua
961 5547 1090 5592 sunt
1116 5540 1380 5594 honorum
1415 5557 1661 5597 munera.
1692 5543 1837 5598 lnter
1878 5543 2024 5598 enim
2061 5546 2203 5598 hanc
2227 5553 2281 5598 et

724 5625 887 5680 aliam
923 5630 1244 5696 sapientiam
1303 5632 1662 5691 differentiam
1718 5635 2074 5706 constituens,
2122 5635 2197 5693 ait
2225 5635 2279 5692 in

801 5887 846 5924 “
872 5889 1040 5946 Galat.
1080 5911 1136 5956 n,
1184 5895 1242 5949 l0

2379 4698 2588 4766 ἔχοντες
2620 4695 2780 4764 φόϐον
2804 4735 2817 4758 ,
2847 4694 2938 4745 τόν
2973 4710 3063 4745 σου
3100 4695 3163 4744 ὲκ
3197 4693 3359 4762 μέσου
3389 4691 3712 4759 πεποίηνται
3743 4688 3938 4759 νόμον

2376 4790 2489 4842 ἀλλ’
2517 4787 2626 4856 ἐγὼ
2657 4789 2748 4840 τὸν
2783 4789 2954 4840 πάντα
2995 4787 3182 4857 καιρὸν
3202 4787 3296 4837 ἕνα
3327 4783 3622 4854 ἐποιούμην
3646 4781 3859 4848 τοῦτον,
3888 4783 3943 4834 ὲν

2381 4882 2579 4952 μελέτῃ
2611 4879 2748 4949 ἔχων
2774 4878 3078 4941 διαπαντός.

2446 4969 2670 5034 Δοῦλός
2696 4983 2809 5021 σου
2832 4968 2968 5036 εἰμὶ,
2991 4965 3312 5020 συνέτισόν
3345 4980 3420 5034 με
3439 5001 3454 5026 ,
3500 4959 3597 5015 καὶ
3642 4959 3944 5029 γνώσομαι

2379 5059 2450 5112 τὰ
2495 5059 2784 5128 μαρτύριά
2833 5073 2969 5112 σου.
3056 5059 3111 5110 Ὀ
3147 5059 3220 5128 μὴ
3250 5055 3509 5113 δουλεύων
3544 5053 3664 5107 κατ’
3698 5052 3851 5106 οὐδὲν
3879 5053 3941 5122 τῇ

2381 5151 2620 5221 ἁμαρτίᾳ
2649 5150 2851 5218 λεγέτω
2869 5167 2883 5180 °
2932 5149 3153 5213 Δοῦλός
3181 5163 3295 5201 σου
3322 5147 3437 5215 εἰμὶ
3656 5143 3866 5198 Μισθὸν
3888 5142 3942 5197 δὲ

2379 5243 2618 5306 δουλείας
2642 5244 2739 5315 τὴν
2775 5241 2984 5294 σύνεσιν
3029 5242 3250 5293 ἀπαιτεῖ
3293 5237 3572 5307 διδομένην
3605 5235 3759 5305 παρὰ
3786 5233 3939 5315 Θεοῦ,

2381 5333 2474 5384 καὶ
2517 5333 2648 5399 παρ’
2704 5329 2850 5399 αὑτῷ
2902 5329 3158 5400 κειμένην
3190 5329 3265 5392 ὡς
3327 5329 3384 5380 ὲν
3433 5324 3939 5395 θησαυροφυλακίῳ.

2382 5423 2603 5493 Πνεῦμα
2648 5423 2753 5494 γὰρ
2787 5422 2976 5489 σοφίας
3023 5422 3116 5474 καὶ
3150 5422 3412 5484 συνέσεως
3459 5419 3552 5471 καὶ
3586 5416 3656 5469 τὰ
3685 5417 3813 5486 ἑξῆς
3839 5415 3943 5468 τῶν

2382 5512 2597 5582 ἀγαθῶν
2623 5512 2692 5566 τὰ
2718 5512 3044 5582 χαρίσματα.
3072 5511 3214 5583 Πρὸς
3236 5510 3424 5579 ἑτέραν
3445 5505 3554 5576 γὰρ
3583 5502 3940 5558 ἀντιδιαστέλ-

2381 5604 2506 5670 λων,
2538 5605 2596 5658 ἐν
2625 5602 2899 5675 Παροιμίᾳ
2926 5603 3082 5674 φησι·
3119 5603 3369 5666 Σύνεσις
3394 5597 3464 5653 δὲ
3503 5595 3698 5667 ἀγαθὴ
3737 5594 3938 5649 δίὸοκη
