4126 6496
176 445 261 501 ΞΜ
1217 449 1580 513 EXPOSITIO
1621 449 1687 511 IN
1720 450 2051 508 PSALMUM
2094 451 2322 511 CXVIII.

3285 454 3391 511 502

176 564 353 634 χάριν.
386 565 447 618 Et
469 566 581 639 γὰρ
606 567 752 620 πᾶσα
781 583 993 631 caveat;
1020 568 1219 639 ἀγαθὴ,
1243 568 1342 621 οὐκ
1360 567 1426 622 ἀν
1458 568 1724 641 προσέθη-

1851 567 2115 623 )ιὈνιειιὶιίι)
2143 570 2220 623 “z
2258 568 2612 638 Intelligentia
2636 577 2807 622 autem
2837 569 2969 621 bona
3011 569 3103 621 dat
3134 568 3388 637 gratiam.

176 673 262 711 κεν
288 657 485 728 ἀγαθή.

240 832 450 900 Κωρὸς
468 833 578 887 τοῦ
604 833 849 904 ποιῆσαι
869 832 950 901 τῷ
970 836 1182 906 Κυρίῳ,
1207 837 1607 894 διεσκέδασαν
1627 841 1734 895 τὸν

178 923 352 990 νόμον
378 939 513 977 σου.
568 924 707 992 Ἐγὼ
741 926 837 996 μὲν
868 927 1098 999 ἐποίησα
1128 932 1301 999 κρῖμα
1331 931 1423 983 καὶ
1462 930 1735 985 δικαιοσύ-

178 1029 298 1083 νην
329 1012 481 1068 ἔσται
511 1015 571 1068 δέ
604 1032 732 1069 ποτε
760 1018 853 1071 καί
881 1034 963 1072 σοι
992 1019 1181 1090 καιρὸς
1205 1020 1283 1091 τῷ
1307 1021 1425 1092 Θεῷ
1450 1021 1542 1075 τοῦ
1579 1023 1736 1093 ποιῆ-

1832 659 1965 715 Nam
1991 661 2037 716 si
2068 662 2248 716 omnis
2275 661 2625 730 intelligentia
2677 660 2817 715 bona
2848 670 3010 726 esset,
3047 675 3389 729 nequaquam

1832 752 2100 823 posuisset
2146 753 2311 808 bona.

1905 844 2024 898 19.6.
2061 842 2281 913 Tempus
2305 843 2533 912 faciendi
2560 841 2804 905 Domino,
2826 842 3389 910 dissipareruntlegent

1834 939 1999 983 tuam.
2026 930 2139 1000 Ego
2172 932 2386 1001 quidem
2430 930 2530 985 feci
2551 930 2811 999 judicium
2872 940 2924 983 et
2949 930 3253 999 justitiam:
3290 932 3393 984 erit

1833 1032 2014 1077 autem
2044 1023 2137 1077 tibi
2173 1038 2390 1092 quoque
2417 1020 2526 1075 Deo
2548 1030 2762 1089 tempus
2791 1019 3020 1075 faciendi
3048 1020 3313 1090 judicium
3346 1032 3398 1074 et

180 1119 265 1158 σαι
285 1105 527 1177 δηλονότι
555 1111 728 1179 κρῖμα
748 1110 841 1162 καὶ
864 1109 1209 1183 δικαιοσύνην
1232 1112 1372 1166 κατά
1400 1113 1507 1167 τῶν
1527 1114 1737 1167 διασκε-

1857 1115 2119 1179 ustitiam,
2152 1122 2340 1168 contra
2362 1126 2459 1166 eos
2485 1111 2578 1181 qui
2603 1109 3002 1179 dissipaverunt
3034 1111 3204 1181 legem
3227 1121 3394 1166 tuam.

177 1194 443 1251 ὄσσαντων
472 1198 565 1252 τὸν
597 1200 758 1270 νόμον
780 1217 893 1254 σου.

240 1290 337 1344 Διὰ
366 1290 545 1344 τοῦτο
581 1292 868 1362 ἠγάπησα
894 1293 1002 1360 τὰς
1039 1295 1291 1362 ἐντολάς
1326 1311 1445 1351 σου
1480 1295 1631 1364 ὑπὲρ
1671 1295 1736 1349 τὸ

179 1382 426 1451 χρυσίον
456 1384 555 1437 καὶ
596 1384 888 1445 marmor.
937 1385 1123 1441 Ταῦτα
1157 1388 1370 1460 συνᾴδει
1398 1389 1509 1460 τῷ·
1572 1391 1738 1458 Ἀνα-

179 1475 277 1527 θόν
300 1492 400 1543 μοι
430 1478 465 1529 ό
498 1478 683 1546 νόμος
728 1478 835 1532 τοῦ
882 1480 1178 1549 στόματός
1209 1496 1324 1535 σου
1359 1481 1511 1549 ὑπὲρ
1545 1479 1735 1549 χιλιὰ-

180 1563 281 1631 δας
302 1569 561 1636 χρυσίου
593 1571 687 1622 καί
735 1571 1050 1641 ἀργυρίου·
1087 1576 1180 1627 καὶ
1211 1572 1287 1643 τῷ
1309 1588 1323 1601 ⁸
1368 1573 1587 1628 Λάϐετε
1617 1590 1741 1626 παι-

181 1654 355 1722 δείαν,
382 1659 480 1712 καὶ
498 1659 587 1729 μὴ
616 1661 917 1730 ἀργύριον,
946 1662 1043 1716 καί
1070 1662 1294 1733 γνῶσιν
1310 1667 1461 1733 ὑπὲρ
1486 1666 1741 1733 χρυσίον

180 1745 697 1819 δεδοκιμασμένον.
748 1736 1058 1820 Κρείσσων
1081 1754 1190 1824 γὰρ
1220 1757 1405 1825 σοφία
1435 1758 1620 1810 λίθων
1645 1770 1742 1810 πο-

180 1837 440 1892 λυτελῶν
462 1856 477 1871 ’
526 1841 649 1897 πᾶν
668 1842 737 1896 δὲ
760 1844 954 1913 τίμιον
986 1847 1097 1900 οὐκ
1120 1846 1293 1911 ἄξιον
1316 1846 1503 1915 αὐτῆς
1549 1850 1733 1902 ἐστιν.

1910 1299 2030 1352 127.
2064 1296 2190 1352 Ideo
2216 1298 2381 1349 dilexi
2414 1297 2663 1350 mandata
2685 1305 2771 1347 tua
2812 1314 2966 1363 super
3003 1313 3193 1349 aurum
3238 1307 3284 1349 et
3321 1306 3400 1348 to-

1834 1392 2041 1459 pazion.
2079 1387 2201 1443 limo
2234 1389 2525 1442 concinunt
2564 1386 2638 1441 illi
2670 1376 2813 1443 dicto
2858 1407 2869 1441 :
2916 1388 3120 1441 Bonum
3155 1388 3281 1442 mihi
3318 1386 3402 1439 les

1836 1484 1942 1535 oris
1986 1481 2061 1534 tui
2091 1497 2244 1549 super
2275 1479 2441 1533 millia
2459 1479 2577 1531 auri
2598 1488 2647 1533 et
2681 1482 2882 1550 argenti
2914 1480 2996 1534 “:
3023 1489 3077 1535 ct
3101 1480 3267 1534 huic:
3300 1480 3401 1533 Ac-

1836 1574 1991 1641 cipite
2018 1571 2362 1625 eruditionem
2386 1580 2431 1623 et
2457 1586 2558 1623 non
2599 1582 2896 1639 argentum.
2954 1584 3000 1625 et
3058 1571 3401 1642 cognitionem

1836 1681 2185 1734 superaurum
2209 1664 2498 1733 probatum.
2514 1661 2650 1717 Nam
2670 1664 2938 1718 meliorest
2963 1665 3223 1731 sapientia
3239 1662 3402 1717 uariis

1838 1759 2131 1828 lapidibus:
2164 1767 2211 1810 et
2236 1771 2383 1810 omne
2399 1756 2683 1825 pretiosum
2701 1772 2802 1809 non
2823 1763 2898 1809 est
2924 1754 3020 1808 illa
3038 1756 3255 1825 dignum
3276 1754 3343 1809 ".

242 1929 340 1983 Διά
365 1931 544 1985 τοῦτο
582 1934 731 2002 πρὸς
758 1935 958 2003 πάσας
978 1938 1082 2003 τὰς
1107 1939 1356 2004 ἐντολάς
1377 1956 1493 1994 σου
1524 1956 1739 2007 κατωρ-

1910 1935 2031 1991 1‘28.
2064 1933 2346 2001 Propterea
2379 1933 2448 1985 ad
2478 1933 2658 1985 omnia
2706 1932 2959 1985 mandata
2980 1940 3068 1984 tua
3118 1931 3399 2002 dirigebar.

182 2021 418 2090 θούμην.
454 2024 557 2078 Διὰ
578 2026 775 2090 τοῦτο,
812 2031 990 2093 ποῖον,
1039 2030 1073 2099 ἢ
1110 2030 1173 2082 τὸ
1200 2032 1427 2103 μελέτην
1456 2033 1597 2101 ἔχειν
1623 2032 1738 2086 δια-

182 2114 370 2177 παντὸς
399 2115 497 2168 τοῦ
537 2118 700 2188 νόμου
726 2137 739 2185 ;

246 2207 347 2258 Kal
374 2209 648 2263 συνετιεῖ
660 2210 863 2277 νήπια.
890 2214 1075 2285 Νήπια
1095 2216 1304 2286 νοήσεις
1326 2218 1450 2279 τοὺς
1474 2217 1531 2269 ἐν
1551 2218 1703 2285 ἁγνοί
1712 2236 1743 2289 ᾳ

183 2300 571 2368 κατεχομένους
603 2303 696 2355 καὶ
726 2302 977 2373 βρέφεσιν
1008 2307 1269 2370 ἐοικότας.
1306 2308 1539 2372 Τούτους
1571 2309 1680 2381 γὰρ
1717 2313 1744 2363 ὁ

182 2385 329 2456 λόγος
357 2407 448 2444 σου
474 2432 487 2455 ,
518 2394 686 2463 φησὶ,
715 2396 794 2466 τῷ
820 2397 895 2467 σῷ
926 2400 1435 2471 καταυγαςομένους
1461 2404 1597 2471 φωτὶ
1624 2419 1745 2456 συν-

184 2477 346 2544 έσεως
379 2484 635 2555 ἑμφορεῖ.

252 2572 320 2624 Τὸ
366 2573 565 2641 στόμα
610 2592 730 2642 μου
765 2574 998 2643 iii-015a,
1034 2579 1130 2631 καί
1187 2580 1444 2637 είλκυσα
1492 2584 1742 2651 πνεῦμα.

184 2663 496 2731 Διανοίξεως
524 2666 581 2719 δὲ
614 2667 782 2721 δεῖται
811 2671 878 2723 τὰ
909 2670 1082 2739 λόγια.
1132 2673 1223 2725 Διὸ
1249 2674 1341 2726 καὶ
1366 2676 1393 2727 ὁ
1420 2675 1606 2746 Σωτὴρ
1632 2676 1745 2747 διή-

184 2753 314 2821 νοιξε
346 2756 438 2810 τὸν
466 2757 593 2812 νοῦν
620 2759 731 2813 τῶν
779 2762 1034 2835 μαθητῶν
1064 2764 1158 2817 τοῦ
1203 2765 1442 2819 συνιέναι
1472 2766 1569 2831 τὰς
1611 2768 1747 2839 Γρα-

186 2844 302 2911 φάς.
349 2848 459 2901 Καὶ
489 2849 593 2919 τὴν
626 2849 694 2902 δι’
721 2852 972 2924 ἡδονῆςῆ
1018 2854 1173 2925 δόξης
1216 2857 1431 2927 ἀπάτην
1460 2859 1492 2927 ἡ
1524 2858 1612 2911 διὰ
1642 2858 1749 2913 τῶν

186 2933 349 3004 λόγων
377 2937 599 3003 σύνεσις
625 2941 937 3013 ὲνδιδομένη
968 2944 1184 2998 κωλύει.

241 3028 602 3099 Ἐπίϐλεψον
614 3033 705 3085 ἐπ’
723 3034 843 3102 ἐμὲ,
864 3035 958 3087 καί
974 3035 1234 3103 ἐλέησόν
1240 3055 1336 3105 με,
1354 3055 1408 3094 κ.
1428 3055 1476 3092 τ.
1495 3038 1542 3092 λ.
1562 3040 1646 3104 Ὠς
1661 3041 1751 3094 κέ-

188 3137 395 3192 κρικας,
414 3124 604 3193 φησὶν,
628 3124 934 3195 ἐπιϐλέψαι,
958 3127 1050 3180 καὶ
1066 3127 1261 3197 πολλῆς
1283 3132 1581 3202 ἐπισκοπῆς
1599 3132 1753 3200 ἀξιῶ-

191 3228 273 3266 σαι
302 3216 427 3278 τοὺς
454 3217 785 3284 ἀγαπῶντας
810 3219 870 3271 τὸ
906 3219 1077 3289 ὄνομα
1108 3238 1199 3273 σου
1224 3240 1236 3251 ι
1266 3222 1406 3276 οὕτω
1443 3242 1507 3294 με
1534 3226 1628 3295 τῆς
1657 3227 1751 3279 αύ-

188 3306 280 3375 τῆς
307 3305 539 3373 ἀξίωσον
574 3310 912 3382 ἐπισκοπῆς,
946 3312 1039 3365 τοῦ
1073 3313 1237 3366 αὑτοῦ
1272 3314 1472 3378 ἐλέους.

261 3486 335 3541 Τὰ
363 3486 699 3559 διαδήματά
720 3506 838 3558 μου
861 3489 1229 3544 ωτεύθυνον
1259 3489 1408 3545 κατὰ
1445 3490 1512 3544 τὸ
1550 3492 1754 3562 λόγιόν

193 3593 321 3633 σου.
385 3581 545 3634 Κατὰ
580 3581 642 3633 τὸ
673 3580 848 3649 λόγιον
885 3581 1049 3635 αὑτοῦ
1078 3584 1108 3636 ὁ
1148 3581 1280 3647 Θεὸς
1326 3583 1639 3638 κατευθύνει
1686 3584 1755 3639 τέι

194 3670 499 3741 διασήματα
541 3672 636 3725 τοῦ
669 3673 775 3725 ἀπὸ
806 3673 1001 3739 κακίας
1040 3674 1134 3728 καὶ
1178 3673 1400 3742 ἀγνοίας
1443 3675 1522 3737 είς
1557 3675 1755 3746 ἀρετὴν

194 3763 282 3815 καὶ
311 3763 513 3831 γνῶσιν
546 3754 932 3829 διαϐαίνοντος.
1003 3765 1060 3818 '0
1103 3764 1212 3835 γὰρ
1244 3764 1401 3835 ὀρθὸς
1446 3764 1602 3833 λόγος
1649 3764 1755 3819 τῶν

194 3854 439 3909 τοιούτων
464 3858 702 3928 ἡγεῖται·
739 3859 799 3910 Οἱ
825 3858 899 3927 μὴ
925 3855 1203 3919 ποιοῦντες
1230 3855 1327 3927 τὴν
1365 3857 1636 3928 ἁμαρτίαν
1656 3858 1757 3911 οὐκ

195 3947 295 4001 etei.
319 3948 495 4002 δοῦλοι
514 3950 620 4019 τῆς
648 3949 936 4018 ἁμαρτίας.

261 4040 571 4108 Λύτρωσαί
592 4057 669 4109 με
694 4038 809 4094 ἀπὸ
843 4042 1252 4111 συκοφαντίας
1274 4040 1614 4110 ἀνθρώπων.
1657 4040 1758 4094 Συ-

197 4133 482 4200 κοφαντίαν
509 4131 812 4204 ἀνθρώπων
843 4134 941 4205 τὴν
968 4132 1077 4187 τῶν
1105 4135 1394 4207 αἱρετικῶν
1416 4133 1757 4187 διδασκαλίαν

198 4223 341 4293 φησὶ,
364 4224 459 4276 καὶ
482 4222 585 4295 τὴν
616 4223 723 4277 τῶν
750 4224 927 4293 σοφῶν
952 4225 1045 4278 τοῦ
1070 4226 1264 4289 αἰῶνος
1292 4225 1500 4278 τούτου.
1556 4224 1757 4278 Τούτου

197 4312 485 4385 τετύχηκεν
516 4313 790 4384 αἰσθητῶς
826 4314 1021 4385 Ἰωσὴφ
1046 4316 1138 4367 καὶ
1167 4314 1440 4367 Σωσάννα.
1473 4313 1756 4382 Τροπικῶς

197 4401 249 4455 δὲ
278 4404 604 4476 ἀνθρώπους
648 4404 747 4469 τὰς
796 4405 1037 4477 πονηρὰς
1064 4406 1211 4475 λέγει
1238 4405 1496 4477 δυνάμεις
1519 4444 1533 4469 ,
1565 4408 1656 4476 ἀφ’
1686 4400 1760 4458 ὧν

199 4495 291 4565 τῆς
322 4496 692 4566 συκοφαντίας
721 4498 880 4568 μόνου
912 4497 1236 4569 λυτροῦσθαι
1264 4496 1422 4550 Θεοῦ.

1843 2027 2151 2094 Propterea,
2194 2041 2362 2095 quare
2428 2025 2533 2079 nisi
2586 2024 2713 2095 quia
2742 2038 2956 2092 semper
3002 2024 3302 2078 meditabar
3331 2026 3404 2079 Ie-

1843 2136 1958 2188 gmn
1978 2120 2002 2172 ?

1914 2212 2032 2265 1'50.
2070 2209 2137 2262 Et
2183 2209 2504 2263 intellectura
2533 2208 2624 2261 dat
2654 2206 2907 2276 parvulis.
2953 2203 3215 2260 Parvulos
3247 2206 3405 2260 intel-

1842 2303 1975 2371 ligas
2021 2317 2115 2357 eos
2142 2302 2235 2372 qui
2290 2302 2343 2354 in
2390 2301 2699 2371 ignorantia
2731 2301 3066 2363 detinentur,
3099 2308 3153 2352 et
3184 2297 3408 2352 infanti-

1846 2394 1947 2448 lms
1972 2392 2180 2447 similes
2204 2402 2351 2447 sunt.
2378 2390 2490 2446 lios
2526 2392 2694 2455 enim,
2723 2393 2919 2462 inquit,
2969 2392 3196 2447 verbum
3224 2398 3402 2454 tuum,

1843 2494 1937 2540 tuo
1966 2486 2263 2541 illustratos
2292 2484 2498 2539 lumine
2524 2483 2879 2554 intelligentia
2900 2483 3091 2553 replet.

1918 2577 2038 2630 131.
2062 2575 2133 2630 0s
2163 2591 2335 2629 meum
2361 2574 2543 2643 aperui
2570 2583 2618 2627 et
2640 2574 2841 2627 attraxi
2866 2574 3133 2643 spiritum.
3156 2572 3406 2641 Apertio-

1847 2683 1912 2720 ne
1932 2666 2170 2735 indigent
2196 2666 2429 2735 eloquia.
2450 2664 2629 2730 Quare
2650 2664 2906 2719 Salvator
2934 2662 3150 2735 aperuit
3173 2662 3411 2734 discipu-

1846 2759 2020 2811 lorum
2053 2766 2286 2812 mentem
2321 2767 2380 2810 ut
2411 2756 2769 2825 intelligerent
2804 2756 3137 2827 Scripturas.
3156 2752 3223 2809 Et
3250 2752 3406 2808 frau-

1849 2850 1970 2902 dem
2006 2862 2127 2917 quae
2156 2855 2251 2901 aut
2297 2860 2392 2917 per
2430 2844 2761 2915 voluptatem
2800 2852 2897 2898 aut
2917 2858 3015 2915 per
3048 2842 3277 2913 gloriam
3317 2855 3413 2909 pa-

1851 2949 2022 3005 ratur,
2044 2936 2396 3007 intelligentia
2423 2950 2546 3007 quas
2606 2950 2703 3005 per
2729 2934 2898 2990 verba
2938 2934 3101 2989 datur
3148 2931 3393 3002 impedit.

1924 3030 2046 3083 152.
2075 3028 2288 3097 Respice
2322 3029 2377 3082 in
2400 3043 2501 3092 me,
2541 3036 2590 3081 et
2621 3028 2869 3082 miserere
2907 3026 3031 3091 mei,
3059 3034 3166 3080 etc.
3203 3024 3410 3090 Quem-

1852 3122 2168 3185 admodum,
2202 3122 2299 3185 ait,
2330 3120 2618 3176 decrevisti
2656 3134 2743 3175 me
2804 3120 3096 3190 respicere,
3127 3128 3181 3173 et
3214 3133 3413 3189 magna

1856 3212 2189 3281 providentia
2209 3222 2299 3265 tua
2316 3210 2529 3281 dignari
2551 3225 2647 3265 eos
2658 3211 2751 3280 qui
2769 3211 3001 3283 diligunt
3019 3223 3217 3265 nomen
3236 3218 3411 3266 tuum.

1858 3308 1931 3359 ita
1955 3319 2041 3361 me
2067 3304 2255 3359 eadem
2286 3302 2646 3373 providentia,
2683 3303 2873 3357 eadem
2903 3300 3282 3356 misericordia
3324 3301 3410 3356 di-

1853 3399 2053 3468 gncris.

1927 3505 2027 3557 155
2109 3502 2328 3556 Gressus
2385 3518 2523 3556 meos
2580 3502 2750 3572 dirige
2814 3499 3099 3555 secundum
3154 3499 3418 3572 eloquium

1856 3607 2021 3649 tuum.
2073 3593 2385 3649 Secundum
2450 3593 2731 3663 eloquium
2790 3608 2950 3649 suum
2999 3590 3142 3648 Deus
3195 3608 3418 3664 gressus

1853 3684 2175 3754 dirigitejus
2210 3683 2301 3753 qui
2335 3697 2365 3737 a
2392 3682 2595 3737 malitia
2629 3691 2684 3736 et
2729 3680 3040 3752 ignorantia
3100 3680 3168 3736 ad
3213 3681 3415 3736 verita-

1853 3787 1959 3831 tem
1997 3785 2051 3830 et
2071 3776 2134 3830 ad
2169 3775 2452 3835 scientiam
2515 3772 2754 3828 transiit.
2787 3771 2988 3829 Rectus
3038 3772 3187 3829 enim
3233 3787 3419 3829 sermo

1854 3867 2119 3938 ejusmodi
2150 3867 2313 3922 rebus
2336 3866 2547 3922 anteit:
2590 3864 2693 3932 Qui
2726 3878 2835 3920 non
2868 3864 3078 3921 faciunt
3128 3874 3413 3935 peccatum

1856 3978 1963 4017 non
1981 3969 2109 4016 sunt
2132 3960 2273 4015 servi
2298 3958 2524 4029 peccati.

1930 4052 2052 4107 154.
2092 4049 2305 4104 Redime
2349 4064 2429 4102 me
2456 4065 2489 4100 a
2532 4048 2806 4102 calumnia
2859 4047 3149 4104 hominum.
3197 4048 3419 4104 Calum-

1856 4144 2001 4199 niam
2062 4142 2346 4197 hominum
2405 4149 2566 4195 vocat
2622 4138 3021 4206 hazreticorum,
3070 4155 3280 4197 necnon
3331 4156 3421 4195 sa-

1857 4232 2117 4305 pientium
2145 4232 2308 4301 hujus
2338 4230 2543 4296 saeculi,
2567 4227 2895 4284 doctrinam.
2924 4224 3041 4282 Hoc
3064 4226 3269 4283 bonum
3296 4242 3421 4282 sen-

1859 4324 2001 4381 sibili
2034 4323 2197 4378 modo
2236 4330 2434 4377 nactus
2465 4329 2550 4375 est
2570 4317 2771 4389 Joseph
2798 4327 2852 4373 et
2874 4317 3148 4374 Susanna.
3186 4314 3422 4388 Tropice

1859 4424 2035 4471 autem
2066 4414 2312 4470 homines
2334 4421 2494 4466 vocat
2526 4410 2793 4480 malignas
2835 4416 3155 4479 potestates,
3210 4423 3241 4463 a
3286 4424 3424 4479 qua--

1861 4522 1977 4563 rum
2003 4505 2276 4561 calumnia
2304 4503 2536 4558 liberare
2551 4501 2723 4557 solius
2749 4499 2845 4555 Dei
2878 4510 2982 4557 est.

269 4588 336 4642 Τὸ
355 4589 685 4657 πρόσωπόν
701 4603 816 4642 σου
830 4589 1126 4660 ὲπίφανον
1147 4590 1244 4644 ἐπὶ
1261 4589 1367 4643 τὸν
1384 4588 1609 4643 δοῦλόν
1621 4603 1750 4643 σου;

1932 4598 2053 4652 155.
2086 4594 2300 4649 Faciem
2353 4604 2499 4647 tuam
2545 4593 2790 4647 illumina
2846 4608 3000 4660 super
3025 4607 3229 4644 servum
3251 4600 3419 4645 tuum.

200 4679 303 4751 Τὴν
332 4682 639 4752 παρουσίαν
673 4681 924 4735 ἐπιποθεῖ
952 4681 1046 4735 τοῦ
1073 4682 1277 4752 Κυρίου
1312 4681 1625 4736 θεάσασθαι.
1656 4681 1762 4733 Αύ-

198 4776 281 4839 τὸς
303 4777 410 4847 γάρ
443 4778 592 4830 ἐστιν
614 4778 642 4829 ὀ
665 4776 947 4847 χαρακτὴρ
987 4774 1079 4829 τοῦ
1113 4776 1345 4847 Πατρός.
1370 4776 1479 4829 Καὶ
1515 4774 1763 4838 δίδαξόν

196 4884 267 4935 με
294 4869 365 4923 τὰ
390 4867 753 4936 δικαιώματά
792 4883 928 4922 σου.
977 4867 1086 4938 Τὴν
1119 4868 1262 4922 Νέαν
1290 4867 1561 4939 Διαθήκην
1607 4867 1759 4937 φησὶ,

197 4958 259 5011 δι’
284 4954 349 5031 ἧς
396 4961 748 5015 δεδικαίωκεν
789 4962 819 5013 ὀ
848 4961 979 5023 Θεὸς
1012 4960 1108 5013 καὶ
1134 4940 1324 5030 Πατὴρ
1353 4961 1479 5022 τοὺς
1530 4960 1623 5011 ἐπὶ
1661 4960 1761 5030 τῆς

198 5068 315 5122 γηςο

264 5142 583 5208 Διεεόδους
602 5142 834 5195 ὑδάτων
863 5141 1202 5211 κατέϐησαν
1221 5145 1274 5195 οί
1304 5142 1596 5210 ὀφθαλμοί
1622 5158 1762 5210 μου.

202 5235 402 5306 Πλῆθος
434 5235 621 5305 ἠφίειν
646 5232 895 5305 δακρύων
931 5236 1056 5299 τοὺς
1090 5235 1183 5289 τὸν
1214 5232 1303 5287 σὺν
1335 5232 1765 5305 παραϐαίνοντας

200 5323 350 5394 νόμον
383 5324 522 5379 ἀποθ
530 5324 730 5396 ρηνῶν.

267 5417 495 5484 Δίκαιος
531 5412 606 5478 εἷ,
640 5415 835 5484 Κύριε,
855 5416 951 5470 καὶ
986 5415 1171 5482 aeoru;
1196 5416 1235 5483 ἡ
1264 5414 1460 5481 κρίσις
1486 5427 1622 5467 σου.
1656 5413 1766 5483 Τὴν

204 5510 373 5564 αίτίαν
400 5510 728 5572 ἀποδίδωσι,
775 5509 840 5561 δι’
880 5509 939 5580 ἦν
976 5509 1299 5563 ἀπεκλαίετο
1335 5508 1457 5572 τοὺς
1496 5506 1764 5579 παραϐαί-

206 5619 383 5669 νοντας
406 5604 500 5656 τὸν
523 5603 618 5656 τοῦ
644 5601 776 5656 Θεοῦ
807 5603 966 5673 νόμον
986 5619 998 5633 ·
1035 5604 1118 5656 ὅτι
1146 5602 1209 5672 δὴ
1228 5602 1340 5664 τοῖς
1369 5600 1557 5653 τοῦτον
1591 5616 1766 5669 παρα-

209 5695 472 5752 ϐαίνουσιν
505 5698 565 5750 ἐν
583 5696 661 5765 τῷ
692 5695 819 5766 θείῳ
837 5697 1167 5750 δικαστηοίω
1185 5694 1457 5753 τιμωρίαν
1482 5693 1764 5763 ἠπείλησε,

281 5857 320 5887 ’⁸
353 5854 513 5913 Prov.
547 5869 673 5917 xm,
704 5854 785 5908 15.
867 5854 910 5885 ⁸⁸
960 5868 1101 5909 vers.
1141 5853 1226 5907 72.

1866 4689 2080 4746 Domini
2133 4688 2425 4743 adventum
2482 4686 2666 4740 videre
2731 4693 2973 4755 exoptat.
3021 4683 3141 4754 ipse
3187 4699 3423 4755 namque

1863 4793 1947 4839 est
1981 4782 2277 4837 character
2324 4778 2523 4833 Patris.
2596 4775 2665 4829 Et
2717 4778 2843 4831 doce
2894 4792 2975 4830 me
3011 4775 3424 4845 iustiﬁcationes

1865 4886 2006 4930 tuas.
2040 4870 2250 4928 Novum
2275 4870 2683 4927 Testamentum
2712 4870 2863 4934 dicit,
2894 4882 3005 4939 quo
3041 4866 3182 4922 Deus
3224 4876 3280 4923 et
3321 4866 3426 4922 Pa-

1863 4976 1946 5019 ter
1994 4977 2091 5019 eos
2134 4962 2227 5032 qui
2268 4976 2432 5032 super
2491 4972 2691 5017 terram
2740 4968 2895 5015 erant
2941 4958 3282 5029 justiilcavit.

1957 5141 2079 5195 1'56.
2109 5140 2299 5194 Exitus
2324 5153 2583 5209 aquarum
2622 5137 2951 5191 deduxerunt
2985 5136 3123 5189 oculi
3161 5137 3283 5188 mei.
3326 5134 3430 5188 La-

1868 5247 2171 5303 crymarum
2188 5230 2299 5285 vim
2327 5228 2661 5294 emittebam,
2693 5228 2981 5299 deplorans
3006 5240 3102 5281 eos
3126 5226 3221 5296 qui
3244 5237 3396 5280 trans
3419 5257 3427 5265 -

1867 5324 2219 5395 grederentur
2250 5321 2419 5391 legem
2445 5330 2617 5377 tuam.

1943 5414 2065 5475 157,
2094 5414 2213 5469 158.
2242 5411 2431 5467 Justus
2451 5429 2526 5480 es,
2564 5412 2806 5478 Domine,
2849 5422 2900 5467 et
2932 5422 3127 5467 rectum
3163 5412 3428 5481 judicium

1874 5515 2041 5559 tuum.
2073 5504 2305 5560 Causam
2327 5506 2526 5570 reddit,
2545 5521 2644 5561 cur
2673 5505 2981 5575 deploraret
3006 5520 3105 5559 eos
3130 5503 3222 5573 qui
3256 5513 3432 5557 trans-

1873 5596 2227 5668 grederentur
2248 5598 2419 5669 legem
2460 5596 2577 5665 Dei,
2599 5598 2728 5668 quia
2758 5596 2964 5655 scilicet
2989 5610 3113 5651 eam
3154 5595 3429 5665 tranisgre-

1872 5689 2145 5747 dientibus
2166 5703 2357 5760 pinnas
2391 5704 2449 5746 se
2470 5688 2525 5745 in
2566 5689 2754 5746 divino
2784 5688 2875 5746 illo
2904 5684 3165 5743 tribunali
3195 5681 3435 5741 inﬂictu-

1305 5850 1521 5907 "Prov.
1554 5865 1675 5917 vm,
1710 5847 1797 5917 i0,
1834 5846 1915 5901 il.
