4126 6490
661 407 766 463 503

1506 413 1561 466 S.
1603 411 1968 466 ATlHNASlI
2013 413 2162 467 OPP.
2205 414 2379 467 PARS
2418 414 2501 469 lll.
2546 447 2610 455 ——
2654 417 3067 470 lIXEliETlC.\.

3794 400 3903 458 504

668 545 785 583 rum
822 530 1203 592 comminatus,
1235 540 1289 584 et
1315 531 1422 599 jam
1450 533 1593 601 ipsas
1616 532 1897 586 adlaturas
1922 546 2044 587 esse
2073 532 2221 587 testi-
2251 562 2263 591 λ

2342 534 2635 605 ιαίταύτην
2664 534 2911 587 ἐντεῦθεν
2930 535 3027 606 ήδη
3044 534 3460 605 διεμαρτύρατο.
3490 534 3793 588 Ἐνετείλω
3820 534 3908 587 διο

669 624 861 679 ﬂcatus
891 624 976 679 sit.
1014 624 1281 677 Mandosti
1303 625 1575 693 justitiam
1627 627 1925 679 testimonia
1965 637 2088 691 tua,
2113 635 2219 680 etc.

666 716 925 783 Quaenam
969 716 1097 779 alia,
1145 719 1375 772 testibus
1438 720 1574 773 cmlo
1632 728 1684 772 et
1743 729 1907 781 terra,
1956 718 2225 772 mandasti

667 806 994 870 testimonia,
1021 821 1141 874 qua:
1165 807 1270 860 sint
1290 807 1502 876 justitia
1536 816 1588 861 et
1614 808 1811 861 veritas
1843 807 2223 876 apertissima?

669 898 771 952 Sed
809 914 914 952 non
943 899 1227 953 oecultasti
1250 914 1333 961 ea,
1369 901 1573 954 scilicet
1625 900 1941 955 rectissima:
1973 910 2100 953 sunt
2139 900 2227 969 ju-

668 990 931 1042 diciorum
964 998 1177 1043 tuorum
1221 991 1439 1059 regule.
1486 1006 1606 1057 quae
1652 1000 1798 1044 tuam
1850 990 2118 1059 justitiam
2149 990 2225 1043 si-

671 1079 947 1147 gnificant.
977 1077 1160 1149 Itaque
1188 1081 1498 1134 testimonia
1527 1091 1617 1134 tua
1636 1089 1761 1134 sunt
1790 1094 1955 1133 saera:
1987 1078 2229 1148 Scriptu-

673 1184 765 1232 raz,
795 1184 913 1237 qua:
938 1180 1065 1223 sunt
1121 1171 1329 1239 justitia
1377 1171 1594 1240 quidem
1657 1172 1956 1225 secundum
2005 1172 2228 1225 moralia

673 1272 935 1330 pra-cepta
959 1301 973 1325 ,
1005 1262 1206 1316 vefitas
1231 1272 1415 1317 autem
1463 1263 1760 1317 secundum
1806 1263 2227 1332 speculationem

676 1355 980 1408 verborum.

758 1448 877 1501 159.
919 1446 1195 1501 Tabescere
1246 1465 1323 1500 me
1382 1450 1503 1515 fecit
1530 1452 1671 1501 zelus
1716 1459 1859 1512 tuus,
1928 1448 2052 1517 quia
2082 1446 2230 1500 obliti

673 1548 795 1590 sunt
816 1539 966 1592 verba
994 1549 1082 1591 tua
1118 1540 1320 1592 inimici
1352 1541 1470 1591 mei.
1504 1538 1730 1605 Qualem
1763 1540 1982 1608 suscepi
2034 1539 2229 1603 zelum,

673 1630 720 1684 si
745 1646 905 1700 quem
932 1631 1166 1685 viderem
1195 1632 1488 1703 aliquando
1514 1632 1807 1686 verborum
1853 1640 2070 1685 tuorum
2132 1631 2233 1685 im-

674 1737 989 1777 memorem.
1025 1720 1207 1793 Nequc
1265 1723 1585 1791 simpliciter
1619 1724 1817 1788 zelum,
1849 1722 1941 1777 sed
1973 1722 2136 1776 talem
2172 1731 2231 1775 ut

2323 628 2655 692 καιοσύνην
2671 627 2739 679 τὰ
2746 620 3032 693 μαρτιῖρᾶὶ
3062 642 3197 689 σου,
3218 643 3269 678 κ.
3291 643 3338 679 τ.
3360 625 3406 677 λ.
3426 626 3507 679 Τὰ
3538 625 3676 695 μετὰ
3704 627 3909 696 μαρτύ’

2324 735 2431 788 ρων
2447 716 2671 787 ούρανοῦ
2691 718 2783 769 καὶ
2808 716 2911 785 γῆς
2944 717 3102 769 τινῶν
3124 716 3295 771 ἄλλων
3320 716 3571 769 ἐνετείλω
3602 716 3904 787 μαρτύρια,

2322 807 2664 878 δικαιοσύνην
2680 807 2806 861 ὄντα
2833 809 2927 861 καὶ
2952 806 3210 877 ἀλήθειαν
3232 809 3584 878 τρανωτάτην
3606 824 3619 870 ;
3638 807 3784 859 Ἀλλ’
3808 809 3905 860 οὐκ

2322 899 2601 970 ήμαύρους
2622 917 2634 929 ·
2660 900 2827 969 ἡγουν
2857 899 3139 952 εὑθύτατοι
3166 899 3276 951 τῶν
3306 898 3415 951 σῶν
3442 900 3731 969 χριμάτων
3755 901 3909 952 κανό-

2326 1010 2412 1055 νες
2444 992 2540 1061 τὴν
2578 994 2675 1063 σήν
2708 992 3054 1063 δικαιοσύνην
3090 990 3372 1062 μηνύουσι.
3417 992 3497 1043 Τὰ
3525 988 3619 1045 οὖν
3658 992 3731 1045 σὰ
3766 1010 3907 1062 μαρ-

2324 1084 2484 1152 τύρια
2514 1086 2569 1137 αί
2608 1083 2747 1137 Οεῖαι
2773 1085 3015 1154 Γραφαί·
3048 1081 3359 1154 δικαιοσύνη
3394 1083 3491 1153 μέν
3518 1083 3658 1135 κατὰ
3687 1084 3759 1135 τά
3792 1083 3910 1153 ἠθι-

2328 1176 2397 1229 κὰ
2426 1178 2745 1245 τυγχάνουσι
2774 1176 3238 1245 παραγγέλματα,
3272 1175 3496 1245 ἀλήθεια
3532 1175 3588 1228 δέ
3630 1174 3775 1227 κατὰ
3811 1173 3909 1246 τὴν

2329 1267 2561 1339 θεωρίαν
2596 1268 2702 1321 τῶν
2727 1269 2916 1337 λόγων.

2416 1448 2685 1513 Ἐξέτηξέ
2709 1466 2785 1517 με
2818 1451 2850 1503 ὀ
2878 1446 3056 1514 ζῆλος
3084 1436 3219 1509 σου,
3263 1449 3349 1500 ὅτι
3395 1446 3768 1499 ἐπελάθοντο
3792 1444 3913 1499 τῶν

2328 1542 2524 1609 λόγων
2551 1555 2666 1592 σου
2688 1544 2740 1593 ot
2766 1540 2965 1608 ἐχθροί
2988 1558 3125 1608 μου.
3164 1535 3288 1592 Οἷον
3315 1537 3476 1607 ζῆλον
3507 1536 3909 1607 ἀνελάμϐανον,

2331 1633 2382 1684 εἴ
2410 1648 2535 1684 ποτε
2580 1630 2763 1700 ἐώρων
2795 1632 2915 1683 τινὰ
2948 1630 3369 1701 ἐπιλελησμένον
3400 1630 3507 1683 τῶν
3551 1626 3663 1681 σῶν
3710 1628 3909 1693 λόγων.

2333 1722 2441 1773 Καὶ
2464 1722 2561 1792 ούχ
2590 1722 2772 1785 ἁπλῶς
2804 1722 2962 1792 ζῆλον
2982 1762 2997 1785 ,
3046 1723 3178 1775 ἀλλὰ
3209 1723 3296 1775 διὰ
3322 1721 3414 1774 τὸν
3445 1721 3660 1774 τιθέντα
3695 1738 3786 1789 μοι
3818 1721 3912 1772 ὲκ-

674 1814 1003 1868 tabeseerem
1038 1815 1105 1867 ab
1127 1813 1434 1883 liujusmodi
1460 1814 1574 1867 zelo
1620 1829 1715 1882 pro
1769 1822 1819 1865 te
1867 1822 2140 1881 suscepto,
2188 1812 2233 1866 si

2342 1814 2596 1884 τήκεσθαι
2624 1815 2731 1867 ἀπὸ
2763 1814 2856 1867 τοῦ
2882 1814 3043 1885 ζήλου
3069 1814 3161 1867 τοῦ
3188 1814 3322 1885 πρὸς
3352 1814 3431 1875 σέ,
3458 1815 3505 1865 εί
3531 1810 3805 1883 ἐθεώρουν
3832 1827 3913 1863 τι-

673 1920 813 1975 quos
844 1907 1079 1959 viderem
1103 1920 1413 1959 sermonum
1464 1915 1680 1958 tuorum
1716 1906 2084 1959 immemores.
2124 1902 2234 1957 Hu-

2342 1906 2428 1970 νάς
2463 1905 2981 1976 ἐπιλανθανομένους
3012 1921 3105 1957 σου
3138 1906 3245 1957 τῶν
3283 1905 3474 1972 λόγων.
3537 1905 3672 1974 Περὶ
3716 1903 3912 1956 τούτου

668 1998 762 2066 jus
789 1998 889 2051 zeli
919 1997 1184 2051 recordati
1222 2009 1350 2051 sunt
1373 1997 1650 2066 discipuli,
1678 1999 1744 2050 de
1767 2012 1875 2066 quo
1905 2012 1970 2051 ex
1999 2012 2236 2065 persona

676 2088 889 2143 Domini
925 2089 981 2142 in
1042 2088 1249 2158 psalmo
1277 2088 1477 2143 dicitur
1504 2104 1517 2141 :
1545 2088 1809 2152 Quoniam
1864 2088 2003 2141 zelus
2054 2088 2236 2142 domus

678 2180 1019 2235 tuwcomedit
1055 2196 1134 2233 me
1169 2182 1235 2233 ⁸⁸.

766 2272 887 2325 140.
946 2270 1179 2341 Ignitum
1226 2272 1485 2342 eloquium
1531 2282 1679 2325 tuum
1730 2272 2066 2325 uehementer.
2114 2270 2235 2326 E10.

677 2364 866 2436 quium
898 2363 1107 2419 Domini
1155 2365 1381 2434 ignitum
1433 2374 1517 2419 est
1556 2366 1925 2425 vehementer,
1973 2364 2233 2430 sublime,

677 2458 827 2511 omni
856 2457 1173 2527 probatione
1194 2456 1462 2525 superius.
1517 2455 1584 2511 Et
1622 2456 1667 2511 si
1713 2456 1838 2526 quis
1873 2456 1976 2511 hoc
2009 2456 2237 2527 ignitum

677 2550 954 2618 etoquium
997 2547 1213 2614 habeat,
1255 2548 1302 2602 is
1362 2550 1545 2603 omnia
1596 2547 1806 2619 judicat
1839 2558 1892 2602 et
1928 2564 1958 2603 a
2018 2549 2257 2604 nemine-

674 2640 971 2709 iudicatur.

747 2732 871 2787 141.
898 2732 1327 2785 Adolescentulus
1351 2748 1466 2785 sum
1507 2748 1598 2802 ego
1636 2742 1684 2786 et
1728 2743 2069 2802 contemptus.
2097 2732 2240 2786 Ado-

680 2824 1011 2879 lescentulus
1046 2823 1263 2893 quidem
1299 2834 1380 2877 est
1417 2823 1510 2893 qui
1534 2822 1734 2878 divinis
1752 2823 1986 2891 eloquiis
2008 2838 2106 2877 ceu
2129 2822 2238 2875 ele-

681 2915 880 2969 mentis
906 2915 1149 2970 initiatur
1171 2956 1184 2980 ,
1219 2925 1564 2984 contemptus
1617 2925 1800 2969 autem
1830 2914 1960 2983 quia
1991 2929 2111 2969 sese
2141 2912 2241 2967 bu-

682 3008 875 3063 miliat.

760 3100 883 3155 149..
909 3099 1133 3154 Iustitia
1165 3109 1253 3152 tua
1272 3099 1490 3169 justitia
1519 3101 1572 3153 in
1598 3108 1878 3152 (uernum.
1914 3094 2047 3150 Nam
2076 3096 2240 3166 justi—

683 3192 759 3246 tia
789 3192 1070 3245 hominum
1105 3192 1195 3259 qui
1219 3190 1365 3259 juste
1394 3190 1663 3260 judicant,
1696 3189 1763 3243 ad
1824 3188 1987 3242 breve
2028 3197 2241 3256 tempus

680 3284 947 3353 judicium
975 3284 1118 3345 fert,
1163 3283 1374 3351 justitia
1400 3293 1579 3336 autem
1615 3282 1705 3334 Dei
1752 3280 2018 3349 judicium
2070 3278 2245 3333 reddit

684 3386 967 3430 mternum.

777 3465 894 3518 143.
931 3463 1316 3516 Tribulationes
1341 3471 1388 3515 et
1422 3462 1681 3531 angustia:
1702 3463 2003 3513 invenerunt
2056 3475 2155 3513 me.
2184 3458 2244 3513 In

685 3558 1021 3627 quibuslibet
1057 3554 1461 3616 occasionibus,
1486 3556 1582 3620 ait,
1621 3553 1754 3624 legis
1777 3563 1882 3607 tua:
1938 3552 2246 3607 meditatio-

690 3664 812 3702 nem
847 3662 952 3699 non
987 3645 1363 3714 neglexerunt.

774 3738 895 3791 144.
930 3735 1180 3807 Αῗᾳιιιιιιε
1212 3737 1512 3789 testimonia
1566 3748 1660 3789 tua
1706 3735 1762 3787 in
1809 3742 2083 3787 (sternam.
2118 3731 2249 3798 Qum

688 3832 883 3887 dedisti
914 3831 1045 3883 mihi
1078 3830 1409 3890 testimonia,
1441 3827 1638 3897 inquit,
1674 3842 1780 3881 non
1811 3826 1875 3881 ad
1929 3830 2088 3881 breve
2122 3834 2251 3882 tem-

688 3940 791 3995 pus
822 3924 995 3984 utilia,
1017 3922 1228 3989 justitia
1262 3932 1387 3976 sunt
1414 3921 1466 3973 in
1486 3934 1768 3982 a:ternum,
1798 3934 1921 3972 nam
1952 3918 2251 3987 justificant

688 4031 812 4069 eum
839 4016 931 4084 qui
950 4014 1141 4067 affectu
1175 4013 1240 4067 ad
1271 4013 1383 4082 ipsa
1407 4012 1633 4069 accedit.
1656 4008 1984 4063 Intellectum
2007 4010 2077 4061 da
2100 4009 2247 4074 mihi,

688 4120 735 4161 et
762 4108 964 4177 rivi/ica
988 4123 1085 4159 me.
1106 4104 1238 4160 Nam
1258 4106 1469 4175 justitia
1489 4119 1649 4173 quam
1670 4102 1723 4156 in
1742 4102 1993 4171 praesenti
2011 4111 2251 4171 tempore

688 4221 1027 4267 exercemus,
1058 4202 1378 4257 retribuitur
1404 4200 1579 4260 nobis,
1618 4214 1727 4251 non
1754 4196 1822 4250 ad
1880 4211 2083 4266 paucos
2110 4196 2250 4260 dies,

690 4298 785 4353 sed
816 4297 868 4349 in
904 4306 1186 4349 mternum.
1224 4294 1327 4346 Sed
1369 4293 1569 4354 vivam,
1613 4290 1809 4359 inquit,
1840 4288 1885 4342 si
1917 4286 2248 4341 intellectum

691 4390 903 4445 dederis
932 4390 1085 4441 mihi.
1114 4389 1167 4441 In
1206 4386 1349 4439 illam
1379 4386 1523 4439 enim
1560 4384 1770 4437 beatam
1798 4382 1962 4434 vitam
1995 4379 2253 4448 insipiens

694 4494 801 4533 non
836 4477 1151 4546 ingreditur.
1189 4474 1515 4530 Postulauda
1548 4474 1711 4542 igitur
1760 4471 2115 4539 intelligentia
2170 4477 2255 4523 est

2333 1998 2427 2051 τοῦ
2460 1998 2622 2069 ζήλου
2651 1997 2998 2069 ἐμνήσθησαν
3026 1998 3075 2049 oi
3107 1996 3344 2068 μαθηταὶ
3362 2037 3376 2058 ,
3408 1998 3473 2048 ἐκ
3501 1994 3797 2065 προσώπου
3818 1994 3913 2046 τοῦ

2335 2091 2540 2161 Κυρίου
2576 2094 2632 2143 ἐν
2656 2088 2854 2159 ψαλμῷ
2881 2089 3189 2160 εἰρημένου.
3247 2089 3373 2141 Ὀτι
3411 2091 3444 2141 ό
3474 2086 3652 2153 ζῆλος
3686 2085 3796 2139 τοῦ
3830 2086 3917 2137 οι-

2336 2201 2445 2237 κου
2470 2201 2585 2237 σου
2620 2182 2919 2250 κατέςραγέ⁴
2930 2198 3024 2249 με.

2406 2274 2838 2344 Πεπινρωμένον
2863 2275 2929 2326 τὸ
2958 2275 3165 2342 λόγιόν
3192 2290 3307 2326 σου
3345 2271 3599 2340 σφόδρα.
3634 2272 3710 2323 Τὸ
3738 2270 3917 2338 λόγιον

2336 2366 2429 2420 τοῦ
2458 2366 2592 2420 Θεοῦ
2625 2366 3017 2437 πεπυρωμένον
3048 2366 3162 2418 ἐστὶ
3192 2364 3392 2433 σφόδρα
3423 2363 3516 2415 καὶ
3534 2362 3914 2431 ἐξιστάμενον,

2339 2461 2430 2513 καὶ
2457 2459 2605 2531 πάσῃ
2640 2459 2853 2528 βασάνῳ
2879 2457 3216 2525 ἀνέλεγκτον.
3269 2456 3375 2507 Καὶ
3402 2454 3559 2515 εἴτις
3593 2454 3708 2521 ἔχει
3737 2470 3918 2505 πεπυ-

2340 2551 2581 2623 ρωμένον
2602 2551 2758 2604 τοῦτο
2783 2551 2844 2603 τὸ
2859 2550 3055 2617 λόγιον.
3088 2548 3364 2620 ἀνακρίνει
3396 2547 3495 2617 μὲν
3529 2546 3731 2608 πάντα,
3756 2545 3920 2607 αὐτὸς

2337 2645 2393 2698 δέ
2420 2645 2511 2697 ὑπ’
2536 2644 2744 2705 οὐδενὸς
2770 2642 3140 2713 ἀνακρίνεται.

2408 2737 2700 2803 Νεώτερος
2727 2734 2837 2804 ἐγώ
2856 2736 2970 2804 ειμι
2990 2734 3083 2787 καί
3111 2730 3605 2798 ἐξουδενωμένος.
3633 2728 3920 2798 Νεὼτερος

2345 2828 2438 2897 μὲν
2463 2830 2491 2880 ὀ
2519 2830 2632 2890 τοῖς
2663 2826 2827 2888 θείοις
2852 2825 3032 2893 λόγοις
3067 2822 3518 2893 στοιχειούμενος,
3550 2819 3917 2890 ὲξουδενωμέ-

2342 2937 2427 2983 νος
2454 2919 2509 2972 δέ
2543 2918 2629 2971 διὰ
2650 2918 2709 2971 τὸ
2737 2916 3021 2971 ταπεινοῦν
3050 2916 3260 2971 ἑαυτόν.

2423 3093 2484 3148 Ἡ
2515 3090 2863 3154 δικαιοσύνη
2896 3103 3011 3139 σου
3053 3083 3402 3149 δικαιοσύνη
3434 3083 3523 3146 εις
3568 3080 3676 3133 τὸν
3707 3078 3913 3132 αἰῶνα.

2354 3183 2419 3236 Ἡ
2456 3182 2553 3252 μὲν
2602 3180 2709 3251 γὰρ
2755 3178 2884 3249 παρ’
2912 3174 3215 3245 ἀνθρώποις
3242 3170 3553 3239 δικαιοσύνη
3578 3169 3717 3240 πρὸς
3738 3168 3917 3236 ὀλίγον

2346 3272 2635 3344 ψηφίζεται
2662 3271 2848 3343 χρόνον
2874 3268 2952 3338 τῷ
2983 3265 3285 3338 κρινομένῳ
3310 3263 3374 3315 ’τὸ
3401 3263 3638 3323 δίκαιον,
3668 3263 3702 3329 ή
3738 3260 3797 3313 δὲ
3821 3258 3915 3311 τοῦ

2347 3368 2480 3420 Θεοῦ
2506 3367 2603 3435 τήν
2631 3365 2808 3434 κρίσιν
2838 3360 3050 3413 αἰώνιον
3076 3356 3417 3409 ἀποδίδωσιν.

2420 3459 2665 3526 Θλίψεις
2690 3454 2788 3508 καὶ
2822 3450 3073 3521 ἀνάγκαι
3098 3445 3358 3516 εῢρεσάν
3392 3462 3487 3514 με.
3542 3442 3677 3496 Οὐδὲ
3711 3442 3770 3494 ἐν
3796 3442 3916 3503 ταῖς

2348 3550 2698 3624 περιστάσεσι
2718 3587 2731 3611 ,
2788 3546 2920 3619 φησι
2944 3584 2958 3608 ,
3005 3542 3100 3597 τοῦ
3122 3541 3211 3595 τὸν
3244 3539 3333 3591 σὺν
3359 3537 3588 3606 μελετᾷν
3634 3533 3915 3604 ἠμέλησαν

2347 3647 2526 3717 νόμον.

2418 3714 2775 3798 Δικαιοσύνη
2814 3728 2887 3782 τὰ
2924 3721 3214 3795 μαρτύριά
3262 3739 3377 3775 σου
3426 3722 3510 3784 εις
3556 3716 3662 3771 τὸν
3706 3714 3914 3769 αἰῶνα.

2354 3828 2421 3879 Ἀ
2451 3824 2684 3885 δέδωκάς
2718 3838 2829 3891 μοι,
2868 3815 3021 3887 φησὶ,
3057 3813 3347 3886 μαρτύρια,
3380 3811 3439 3863 οὐ
3468 3808 3600 3880 πρὸς
3623 3806 3804 3873 ὀλίγον
3833 3805 3918 3858 ὀν-

2348 3934 2415 3971 τα
2443 3914 2715 3983 ὠφέλιμα,
2743 3906 3055 3976 δικαιοσύνη
3088 3905 3167 3967 εἰς
3213 3902 3303 3955 τὸν
3350 3902 3516 3955 αίῶνα
3556 3899 3914 3969 τυγχάνουσι,

2349 4006 2662 4063 δικαιοῦντα
2688 4003 2778 4056 τὸν
2802 4000 3038 4056 διαθέσει
3064 3994 3446 4065 συνεγγίζοντα
3480 3994 3684 4055 αὐτοῖς.
3764 3994 3917 4045 Συν-

2349 4102 2552 4158 έτισόν
2571 4116 2678 4168 με,
2715 4097 2811 4150 καί
2847 4093 3030 4161 ζ’ἦσόν
3052 4107 3147 4160 με.
3204 4089 3306 4142 Ἢν
3348 4086 3453 4159 γὰρ
3500 4082 3776 4153 ἀσκοῦμεν
3824 4081 3918 4133 ἐπὶ

2349 4192 2438 4247 τοῦ
2474 4190 2737 4261 παρόντος
2764 4181 3104 4253 δικαιοσύνην
3134 4178 3438 4234 ἀποδίδοται
3474 4176 3573 4228 οὑκ
3607 4176 3664 4226 ἐν
3710 4173 3915 4241 ὀλίγαις

2350 4283 2585 4357 ἡμέραις
2616 4279 2775 4350 ήμῶν
2798 4318 2813 4342 ,
2848 4276 2961 4331 ἀλλ’
2995 4277 3074 4339 είς
3099 4274 3190 4327 τὸν
3216 4271 3403 4325 αἰῶνα,
3446 4267 3601 4320 Ἀλλὰ
3636 4265 3731 4318 καὶ
3760 4265 3917 4357 ζήσο-

2355 4354 2450 4443 μαι
2473 4410 2487 4435 ,
2517 4369 2678 4437 φησιν
2703 4409 2717 4431 ,
2758 4367 2851 4420 ἐάν
2882 4383 2947 4437 με
2983 4363 3263 4433 συνετίσῃς
3283 4378 3297 4394 ο
3330 4362 3408 4422 είς
3439 4357 3650 4425 ἐκείνην
3675 4358 3788 4427 γὰρ
3821 4354 3917 4443 τὴν

2356 4441 2630 4537 μακαρίαν
2661 4459 2803 4530 ζωὴν
2827 4458 3049 4526 ἀνόητος
3067 4456 3167 4508 οὐκ
3190 4452 3508 4522 εἰσέρχεται.
3545 4446 3805 4517 Δίτητέον
3827 4441 3917 4499 οὖν

692 4572 761 4626 ab
794 4585 860 4625 eo
883 4570 974 4639 qui
1010 4570 1101 4622 dat
1131 4568 1384 4622 omnibus
1413 4575 1525 4620 toto
1577 4566 1759 4619 animo
1822 4562 2247 4633 postulantibus.

2355 4557 2568 4610 σύνεσιν
2606 4552 2756 4623 παρὰ
2790 4549 2883 4603 τοῦ
2911 4547 3141 4609 διδόντος
3172 4546 3304 4598 πᾶσι
3335 4546 3446 4605 τοῖς
3479 4540 3536 4604 ἐξ
3572 4539 3699 4610 ὅλης
3741 4538 3917 4608 ψυχῆς

765 4750 889 4815 145,
934 4749 1055 4802 146.
1104 4745 1344 4801 Clamavi
1388 4745 1440 4796 in
1471 4753 1577 4797 toto
1619 4742 1774 4795 corde
1823 4757 1955 4795 meo.
2030 4738 2253 4793 Primo:

694 4838 932 4893 Clamavi
974 4839 1025 4890 in
1069 4846 1177 4890 toto
1228 4836 1380 4889 corde
1430 4849 1561 4899 meo,
1612 4831 1807 4887 exaudi
1856 4846 1958 4893 me,
1992 4828 2255 4883 Domine:

685 4930 1094 5000 justiﬁcationes
1130 4940 1248 4981 tuas
1284 4926 1563 4995 requiram.
1592 4923 1844 4978 Secundo
1873 4940 1887 4976 :
1919 4920 2157 4977 Clamavi
2188 4920 2256 4973 ad

697 5034 765 5088 te,
802 5022 1003 5075 saluum
1043 5036 1119 5072 me
1164 5020 1266 5089 fac.
1309 5016 1439 5071 Nam
1484 5016 1626 5087 quod
1660 5013 1919 5085 loquebar
1957 5014 2254 5067 secundum

695 5116 1022 5186 praecipuam
1066 5111 1232 5166 animi
1281 5119 1508 5179 partem,
1556 5106 1691 5183 nihil
1745 5104 1892 5159 aliud
1929 5112 2046 5158 erat
2091 5117 2255 5171 quam

696 5206 861 5260 Deus.
900 5203 1091 5273 Magna
1141 5202 1301 5271 igitur
1345 5214 1474 5251 voce
1503 5206 1553 5251 te
1588 5197 1868 5259 invocans,
1901 5207 2095 5260 magna
2127 5205 2257 5245 voce

698 5296 953 5367 promitto
983 5311 1068 5348 me
1095 5304 1182 5347 tua
1214 5302 1473 5361 praecepta
1504 5289 1937 5344 observaturum.

772 5388 891 5443 147.
932 5387 1169 5439 Ρνωυεηὶ
1202 5386 1253 5437 in
1287 5384 1591 5437 maturitate
1621 5392 1669 5434 et
1700 5378 1944 5431 clamavi.
1978 5376 2257 5430 Maturita-

698 5491 802 5534 tem
841 5480 929 5533 hic
972 5488 1126 5531 vocat
1172 5475 1439 5539 tenebras,
1473 5474 1585 5529 sive
1626 5487 1803 5525 rerum
1846 5468 2252 5525 confusionem.

699 5573 823 5627 Haec
852 5581 1030 5626 autem
1053 5570 1163 5621 ait:
1216 5566 1438 5621 Etiamsi
1493 5566 1722 5635 improbi
1771 5578 1894 5618 cum
1936 5561 2256 5616 confusione

695 5665 875 5720 omnia
899 5671 1134 5733 agerent,
1180 5661 1347 5715 multa
1388 5660 1441 5713 in
1484 5669 1573 5713 tua
1609 5659 1722 5727 lege
1753 5656 2005 5712 incedens
2032 5670 2252 5719 pernae-

696 5760 843 5813 bam.

768 5874 811 5905 "
841 5872 980 5926 Psal.
1010 5887 1192 5924 mnu.
1235 5869 1311 5923 l0.

2354 4648 2596 4704 αἰτοῦσιν
2625 4644 2804 4698 αὐτόν.

2438 4735 2843 4807 Ἐκέκραξαὲν
2872 4732 2984 4802 ὅλῃ
3019 4730 3232 4800 καρδίᾳ
3257 4746 3397 4799 μου.
3430 4725 3728 4797 Πρότερον·
3767 4724 3920 4777 Ἐχέ-

2354 4832 2541 4902 κραξα
2566 4831 2635 4885 ἐν
2662 4828 2776 4895 ὅλῃ
2800 4823 3011 4894 καρδίᾳ
3026 4840 3165 4893 μου,
3188 4820 3655 4886 ἐπάκουσόνμου
3672 4854 3686 4879 ,
3708 4818 3883 4885 Κύριε
3900 4832 3914 4846 θ

2354 4926 2425 4979 τὰ
2453 4918 2809 4990 δικαιώματὰ
2836 4934 2951 4973 σου
2969 4913 3290 4981 ἐκζητήσω.
3329 4909 3589 4977 Δεύτερον
3608 4924 3620 4936 ·
3658 4907 3920 4975 Ἐχέκρα-

2354 5016 2431 5081 εά
2458 5030 2554 5069 σοι
2574 5054 2587 5077 ,
2618 5011 2823 5066 σῶσόν
2844 5026 2939 5081 με.
2996 5008 3060 5059 Ὀ
3086 5004 3191 5075 γάρ
3226 5002 3445 5055 ἐλάλουν
3470 4999 3607 5053 κατὰ
3630 4998 3694 5050 τὸ
3714 4998 3917 5068 ἠγεμο-

2354 5106 2521 5170 νικὸν,
2550 5104 2649 5157 οὐκ
2674 5101 2799 5157 ἄλλο
2828 5119 2880 5154 τι
2912 5096 2981 5170 ἦν
3006 5099 3038 5169 ἢ
3072 5100 3101 5151 ὀ
3127 5096 3276 5158 Θεός.
3328 5091 3593 5160 Μεγάλως
3617 5086 3710 5142 οὖν
3734 5106 3795 5142 σε
3821 5105 3916 5141 κα-

2353 5200 2514 5262 λέσας
2534 5240 2547 5263 ,
2579 5196 2825 5268 μεγάλως
2861 5190 3261 5261 ἐπαγγέλλομαι
3309 5186 3468 5255 ταρὰ
3513 5183 3749 5253 φυλάξαι
3781 5198 3918 5252 μαρ-

2352 5310 2533 5345 τυοια.

2424 5310 2777 5450 ῗίέοέφθασα
2827 5378 2895 5430 ἐν
2940 5374 3119 5442 ἁωρίᾳ
3154 5370 3251 5423 καί
3306 5365 3619 5435 ἐκέκραξα.
3691 5361 3884 5433 ’Δωρίαν

2354 5476 2444 5529 τὸν
2474 5474 2680 5536 σκότον,
2716 5473 2830 5542 ⁸ιιτοι
2854 5469 2951 5541 τὴν
2980 5468 3237 5535 σύγχυσιν
3280 5462 3387 5515 τῶν
3433 5458 3777 5529 πραγμάτων
3819 5472 3916 5525 φη-

2358 5570 2430 5621 σί.
2480 5564 2665 5620 Ταῦτα
2690 5565 2747 5619 δέ
2781 5562 2953 5630 λέγει·
2989 5557 3178 5613 Καίτοι
3207 5556 3315 5608 τῶν
3346 5550 3677 5624 παρανόμων
3708 5551 3766 5602 ἐν
3796 5562 3914 5613 συγ-

2356 5659 2507 5730 χύσει
2540 5658 2713 5713 πάντα
2744 5654 3054 5716 ποιούντων,
3088 5647 3255 5703 πολλὰ
3286 5641 3342 5701 ἐν
3371 5644 3447 5715 τῷ
3474 5642 3551 5714 σῷ
3582 5643 3734 5713 νόμῳ
3754 5636 3916 5695 terrai-

2354 5770 2503 5822 χουν.
