4126 6482
682 434 789 490 507

1512 430 1570 484 S.
1615 428 1987 483 ATHANASH
2030 427 2180 482 OPP.
2222 424 2402 480 PARS
2443 425 2529 480 ιιι.
2564 454 2634 466 --
2678 422 3088 482 EXEGETICA.

3803 412 3905 469 508

680 552 874 620 ligens,
910 550 983 603 uti
1012 564 1105 619 par
1142 557 1259 603 erat
1295 548 1482 610 dilexi,
1527 549 1835 603 nullatenus
1867 564 1986 603 eam
2023 549 2244 601 trahens

2348 545 2412 597 τά
2446 545 2628 613 γήϊνα.
2682 544 2870 615 Ἡμεῖς
2906 542 3013 613 γὰρ
3039 540 3114 603 ὠς
3144 534 3551 608 συνεγερθέντες
3583 528 3806 604 Χριστῷ
3840 530 3905 584 τὰ

680 645 749 698 ad
804 653 1035 699 terrena.
1084 640 1196 697 Nos
1236 641 1380 695 enim
1435 651 1623 709 utpote
1678 658 1783 695 una
1842 658 1965 696 cum
2022 640 2242 695 Christo

681 735 1011 799 resuscitati,
1038 748 1269 803 superna
1292 734 1603 804 quaerimus,
1638 751 1745 787 non
1770 745 2000 789 terrena.

754 828 874 883 164.
909 826 1105 895 Septies
1143 826 1194 880 in
1241 826 1325 879 die
1352 826 1561 879 laudem
1589 828 1703 879 dirui
1753 827 1868 881 tibi.
1925 824 2027 879 Per
2073 833 2242 878 totam

680 920 846 974 vitam
877 935 1031 974 suam
1063 919 1397 973 iliutniuatus
1423 918 1514 987 qni
1552 918 1736 986 justus
1763 927 1865 979 est,
1910 917 1963 970 in
2008 916 2242 985 perfecta

680 1012 767 1066 die
795 1012 1124 1074 versabitur,
1159 1025 1266 1063 non
1293 1011 1589 1079 interrupta
1624 1026 1715 1077 per
1741 1020 1974 1073 noctem,
2006 1018 2056 1062 et
2081 1022 2243 1076 supra

678 1103 944 1158 mundum
991 1103 1232 1157 elevatus
1284 1100 1452 1155 Deum
1500 1103 1699 1170 septies
1745 1101 1949 1163 laudat,
1989 1115 2054 1156 eo
2099 1101 2240 1170 quod

679 1214 845 1269 supra
884 1199 1147 1252 mundum
1172 1213 1264 1251 sex
1304 1196 1495 1251 diebus
1539 1197 1813 1251 conditum
1849 1196 2241 1259 insurrexerit;

680 1289 938 1343 nimirum
981 1289 1034 1342 in
1080 1288 1331 1357 paradiso
1366 1286 1460 1341 Dei
1497 1288 1848 1350 constitutus,
1875 1286 2167 1341 creationis
2192 1295 2246 1340 et

678 1379 1028 1447 providentiae
1053 1378 1141 1433 Dei
1173 1382 1442 1434 rationem
1473 1378 1894 1447 contemplatus,
1922 1376 2096 1446 ipsum
2124 1376 2243 1430 Iau-

679 1472 772 1525 dat
797 1487 959 1541 super
992 1472 1196 1541 judicia
1239 1472 1463 1540 justitiae
1510 1469 1623 1525 Dei.
1666 1470 1975 1524 Secundum
2012 1484 2074 1522 ea
2116 1483 2245 1523 vero

674 1562 915 1632 judicia,
1001 1563 1340 1633 singulorum
1427 1561 1781 1629 multiplicem
1853 1558 2245 1630 providentiam

680 1658 862 1725 gessit.
886 1658 1056 1725 (Alius
1080 1657 1285 1726 codex.)
1312 1655 1405 1711 His
1428 1655 1697 1725 significat
1726 1653 1936 1707 laudem
1967 1666 2245 1721 nunquam

678 1749 1037 1803 desinentem.
1082 1749 1326 1818 Semper,
1381 1749 1476 1814 ait,
1538 1763 1747 1802 memor
1791 1745 2244 1815 fui,judici0rum

678 1849 924 1904 tuorum,
955 1856 1077 1908 qum
1097 1842 1240 1907 juste
1271 1841 1443 1895 tulisti
1477 1858 1491 1905 ;
1523 1840 1862 1910 principibus
1891 1836 1985 1907 qui
2017 1835 2245 1906 superbe

2344 634 2454 690 ἄνω
2482 633 2748 708 ζητοῦμεν
2768 674 2783 700 ,
2809 634 2869 687 οὐ
2897 634 2966 687 τὰ
2991 631 3083 685 ἐπὶ
3104 628 3209 699 τῆς
3235 628 3356 698 γῆς.

2426 814 2700 879 Ἑπτάκις
2725 812 2832 882 τῆς
2869 811 3092 881 ἡμέρας
3120 808 3312 879 ᾔνεσά
3338 823 3457 862 σοι.
3512 806 3651 877 Παρ⁹
3672 806 3797 859 ὅλον
3824 804 3909 858 τὸν

2347 906 2459 976 βίον
2480 906 2644 961 αὑτοῦ
2673 906 2701 958 6
2723 906 2929 969 δίκαιος
2956 904 3317 974 φωτιζόμενος
3341 905 3397 956 ὲν
3428 900 3610 973 ἡμέρᾳ
3641 900 3796 952 ἔσται
3828 915 3911 949 τε-

2344 996 2464 1068 λείᾳ
2483 1037 2498 1058 ,
2532 997 2593 1049 οὐ
2651 994 3089 1067 μεσολαὸουμένῃ
3118 993 3221 1046 ὑπὸ
3263 991 3454 1055 νυκτός
3475 1010 3488 1023 ·
3527 991 3624 1044 καὶ
3652 991 3795 1042 αἰνεῖ
3824 989 3914 1041 τὸν

2345 1086 2475 1139 Θεὸν
2506 1086 2732 1150 ἑπτάκις
2762 1084 3127 1155 ὑπερκόσμιος
3154 1082 3390 1153 γεγονὼς
3408 1121 3424 1147 ,
3471 1080 3564 1134 τοῦ
3596 1081 3709 1134 ἄνω
3742 1096 3912 1148 κεχω·

2350 1179 2575 1249 ρηκέναι
2592 1176 2684 1230 τοῦ
2711 1178 2769 1228 ὲν
2792 1175 2851 1241 ἓξ
2873 1175 3105 1247 ἡμέραις
3120 1173 3409 1245 γενομένου
3434 1172 3640 1243 κόσμου
3659 1187 3673 1201 ·
3700 1169 3799 1223 ἅτε
3822 1171 3914 1221 καὶ

2348 1273 2406 1323 ὲν
2435 1270 2513 1340 τῷ
2548 1269 2859 1342 παραδείσῳ
2891 1267 2983 1322 τοῦ
3011 1266 3144 1320 Θεοῦ
3170 1265 3550 1336 γεγενημένος,
3579 1263 3671 1315 τὸν
3702 1262 3803 1331 τῆς
3833 1260 3912 1329 δτι

2352 1358 2637 1431 μιουργίας
2669 1360 2763 1413 καὶ
2790 1356 3047 1427 προνοίας
3100 1353 3235 1409 Θεοῦ
3274 1354 3429 1423 λόγον
3463 1352 3790 1424 θεωρήσας,
3828 1351 3911 1413 ἑξ-

2347 1450 2685 1521 ομολογεῖται
2707 1450 2799 1503 ἐπὶ
2811 1448 2878 1503 τὰ
2896 1448 3139 1520 κρίματα
3153 1446 3250 1517 τῆς
3269 1443 3609 1515 δικαιοσύνης
3628 1443 3724 1497 τοῦ
3748 1441 3882 1495 Θεοῦ
3900 1459 3910 1469 ’

2349 1543 2470 1597 καθ’
2517 1543 2553 1597 ἃ
2584 1544 2828 1615 κρίματα
2861 1541 3103 1596 ἑκάστων
3152 1539 3398 1608 ποικίλην
3428 1537 3789 1610 δημιουργίαν
3821 1536 3913 1587 καὶ

2351 1634 2604 1706 πρόνοιαν
2634 1635 2809 1704 ἔσχεν.
2840 1633 2915 1686 Τὸ
2944 1630 3280 1686 ἀδιάλειπτον
3305 1646 3489 1700 φησιν.
3532 1629 3696 1697 Λέγει
3727 1628 3805 1689 δὲ,
3832 1628 3913 1680 ὅτι

2348 1725 2637 1788 διαπαντὸς
2689 1723 3054 1796 ἐμνημόνευον
3084 1722 3191 1775 τῶν
3238 1720 3345 1774 σῶν
3374 1721 3689 1792 κριμάτων,
3739 1712 3815 1772 ὧν
3839 1718 3914 1772 δι-

2349 1817 2517 1883 καίως
2547 1819 2857 1889 ἐπήγαγεςο
2912 1815 3040 1879 τοὺς
3084 1816 3180 1885 μὲν
3224 1815 3723 1884 πλεονεκτήσαντας
3754 1811 3913 1866 6x64-

678 1935 909 2001 agebant
945 1933 1149 2002 ejectis,
1203 1933 1269 1987 iis
1318 1946 1445 1987 vero
1489 1932 1583 2001 qui
1626 1931 1823 2001 injuria
1877 1928 2244 1987 adiciebantur

2348 1909 2452 1965 λὼν
2484 1911 2769 1983 ἄρχοντας,
2796 1908 2923 1973 τοὺς
2946 1907 3005 1962 δὲ
3041 1906 3390 1978 ἀδικηθέντας
3424 1906 3859 1977 λυτρωσάμενος.

678 2022 940 2076 liberatis.

749 2112 874 2168 17ος
922 2114 1309 2184 Appropinquet
1335 2114 1629 2183 deprecatio
1655 2128 1833 2165 mea...
1866 2109 2034 2164 Intret
2066 2110 2243 2181 digni-

681 2212 762 2256 tas
801 2220 917 2257 mea
962 2205 1018 2257 in
1067 2214 1342 2274 conspectu
1395 2215 1508 2271 tuo,
1564 2204 1801 2257 Domine.
1851 2200 1985 2257 Vide
2034 2211 2241 2257 rectum

678 2293 987 2346 divinorum
1016 2295 1305 2348 verborum
1346 2296 1615 2349 ordinem.
1651 2293 1892 2347 Primum
1918 2292 2062 2347 enim
2086 2295 2244 2362 poni-

678 2394 789 2450 tur,
834 2386 1225 2455 appropinquat,
1279 2386 1494 2451 deinde,
1544 2386 1691 2455 quod
1730 2387 1903 2455 majus
1943 2393 2044 2447 est,
2084 2386 2242 2439 intret

679 2474 971 2542 postulatio
1010 2493 1125 2529 mea
1164 2492 1183 2529 :
1232 2486 1358 2531 ante
1404 2478 1712 2546 ingressum
1758 2479 1902 2531 enim
1950 2479 2243 2549 appropin-

678 2568 975 2636 quaudum.
1025 2565 1157 2619 Nam
1202 2567 1293 2620 ubi
1334 2567 1787 2636 appropinquavit
1827 2569 2098 2639 quispiam
2148 2570 2245 2623 do-

680 2672 867 2721 mum,
941 2659 986 2711 si
1040 2659 1112 2712 sit
1167 2658 1377 2713 amicus
1431 2660 1862 2728 patrisfamilias,
1924 2661 2244 2730 ingreditur.

678 2749 849 2814 Quam
910 2759 1087 2803 autem
1134 2743 1568 2818 deprecationem
1624 2753 1858 2817 vocavit,
1917 2768 2062 2807 nunc
2116 2753 2248 2807 dicit

677 2840 1014 2911 dignitatem,
1047 2858 1076 2895 a
1105 2843 1388 2912 dignando.
1432 2841 1570 2896 Num
1609 2842 1747 2897 forte
1775 2844 1899 2913 quia
1926 2850 2053 2897 sunt
2089 2859 2247 2897 mun-

677 2934 831 2986 (lana:
855 2933 1163 3002 dignitates,
1202 2935 1275 2986 ita
1317 2935 1513 2987 anim-.e
1545 2935 1708 2987 etiam
1749 2934 2040 3004 dignitates
2076 2935 2247 2988 sunt?

679 3024 922 3093 Dignitas
947 3025 1145 3092 quippe
1171 3032 1255 3077 est
1282 3025 1585 3091 apostolum
1613 3040 1733 3078 esse
1764 3042 1776 3077 :
1806 3026 2092 3093 dignitates
2117 3026 2244 3080 item

679 3125 807 3170 sunt
848 3116 1063 3169 ordines
1094 3115 1469 3169 ecclesiastici.
1506 3114 1750 3185 Dignitas
1788 3128 1968 3169 autem
2026 3118 2242 3182 animae,

2422 2111 2747 2183 Ἐγγισάτω
2783 2110 2823 2178 ἡ
2864 2109 3075 2178 δέησίς
3090 2127 3209 2180 μου
3232 2150 3248 2165 .
3272 2150 3287 2163 .
3314 2151 3327 2163 .
3353 2151 3367 2165 .
3394 2150 3409 2165 .
3436 2151 3451 2165 .
3479 2151 3493 2163 .
3519 2150 3533 2164 .
3556 2149 3571 2164 .
3600 2151 3614 2164 .
3641 2149 3656 2163 .
3679 2107 3916 2163 ,Είσέλ-

2340 2210 2431 2262 θοι
2467 2204 2534 2259 τὸ
2564 2202 2789 2273 ἀξίωμά
2808 2221 2927 2273 μου
2954 2201 3209 2257 ἐνώπιόν
3233 2218 3370 2268 σου,
3404 2205 3597 2272 Κύριε.
3619 2192 3777 2273 ’Ὅρα
3807 2201 3913 2254 τῶν

2341 2295 2500 2349 θείων
2532 2296 2792 2368 ῥημάτων
2820 2293 2880 2347 τὸ
2907 2292 3192 2347 εὔτακτον.
3248 2293 3470 2365 Πρῶτον
3499 2294 3607 2363 γὰρ
3638 2292 3699 2345 τὸ
3719 2332 3734 2356 ,
3762 2294 3914 2361 ἐγγι-

2341 2388 2503 2441 σάτω
2522 2403 2535 2417 ·
2566 2382 2704 2450 εἶτα,
2727 2385 2787 2437 τὸ
2811 2385 3016 2455 μεῖζον,
3041 2382 3122 2447 τὸ,
3142 2384 3401 2437 εἰσέλθοι
3419 2383 3484 2437 τὸ
3509 2381 3741 2451 ἀξίωμὰ
3762 2400 3879 2452 μου
3895 2400 3911 2412 ·

2342 2479 2446 2551 πρὸ
2479 2477 2587 2550 γὰρ
2618 2477 2711 2532 τοῦ
2736 2517 2752 2541 ,
2786 2478 3014 2534 εἰσέλθοι
3039 2520 3054 2545 ,
3090 2478 3171 2541 τὸ,
3208 2476 3441 2545 ἐγγίσαι.
3500 2474 3759 2543 Ἐγγίσας
3809 2476 3916 2545 γάρ

2340 2590 2423 2636 τις
2449 2570 2647 2637 οἰκίαν,
2682 2570 2777 2624 ἐὰν
2800 2566 2836 2647 ᾗ
2861 2572 3013 2640 φίλος
3030 2570 3125 2624 τοῦ
3152 2568 3521 2624 οἰκοδεσπότου
3544 2607 3559 2632 ,
3585 2566 3912 2637 εἰσέρχεται.

2352 2664 2454 2716 Ἢν
2485 2664 2542 2717 δὲ
2568 2663 2804 2736 κέκληκε
2832 2664 3046 2734 δέησιν,
3078 2662 3173 2715 νῦν
3208 2658 3358 2714 εἶπεν
3391 2659 3635 2729 ἀξίωμα,
3674 2659 3827 2728 παρὰ
3859 2658 3919 2711 τὸ

2346 2752 2577 2816 ἀξιοῦν.
2595 2754 2819 2824 Μήποτε
2842 2754 2917 2816 ὼς
2931 2752 3044 2805 ἔστι
3066 2750 3307 2823 κοσμικὰ
3331 2749 3452 2803 καθ’
3474 2749 3745 2821 ὑπεροχὴν
3768 2749 3918 2815 ἀξιῶ·

2350 2860 2532 2914 ματα,
2566 2843 2709 2897 οὕτω
2755 2844 2849 2897 καὶ
2889 2843 3128 2914 ψυχικάς
3195 2841 3435 2912 Ἀξίωμα
3484 2841 3589 2913 γὰρ
3622 2841 3919 2893 ἀπόστολον

2346 2932 2484 2992 εἶναι
2516 2938 2752 3010 Χριστοῦ
2773 2956 2787 2969 ’
2821 2937 3108 3009 ἀξιώματα
3138 2938 3231 2993 καὶ
3257 2939 3511 3007 τάγματα
3538 2938 3607 2991 τὰ
3636 2937 3921 3008 ἐκκλησιαο

2348 3031 2526 3085 arma,
2570 3031 2810 3101 Ἀξίωμα
2840 3030 2896 3084 δὲ
2928 3031 3103 3100 ψυχῆς
3132 3030 3227 3082 καὶ
3252 3030 3312 3082 τὸ
3337 3029 3479 3099 ἔχειν
3510 3030 3607 3092 τάς
3636 3031 3860 3101 ἀρετὰς,
3885 3031 3918 3100 ἦ

2350 3121 2478 3192 μίαν
2503 3122 2703 3178 αὐτῶν.
2775 3124 2832 3177 '0
2869 3120 3108 3175 τοιοῦτον
3138 3120 3276 3191 ἔχων
3320 3120 3532 3191 ἀξίωμα
3561 3120 3631 3174 τὰ
3673 3123 3919 3193 παρόντα

678 3205 905 3261 virtutes
937 3206 1153 3269 habe:e,
1184 3215 1277 3259 aut
1303 3220 1488 3259 earum
1520 3206 1779 3275 aliquam.
1801 3204 1903 3271 Qui
1934 3206 2241 3274 huiusmodi
2272 3245 2321 3310 ο
2350 3214 2530 3285 φησιν.

678 3297 991 3367 dignitatem
1024 3297 1232 3351 obtinet
1256 3294 1366 3349 haec
1397 3297 1653 3364 loquitur.

752 3388 871 3439 171.
912 3385 1161 3438 Eructcnt
1200 3385 1342 3437 labia
1389 3402 1502 3438 mea
1538 3385 1810 3455 hymnum.
1857 3385 2154 3453 Eructatio,
2189 3396 2247 3440 nt

680 3477 996 3547 plurimum,
1037 3477 1299 3530 saturatis
1347 3478 1561 3531 accidit.
1602 3476 1761 3533 Novit
1792 3479 1956 3549 igitur
2002 3480 2244 3535 divinum

679 3568 903 3621 verbum
938 3568 1271 3636 spiritualetn
1302 3582 1506 3621 escam.
1534 3568 1712 3637 Ipsum
1741 3570 1905 3639 igitur
1927 3569 2163 3624 Verbum
2189 3588 2248 3627 se

680 3678 871 3731 panem
902 3675 1021 3714 esse
1066 3661 1159 3713 ait.
1190 3658 1299 3725 Ego
1347 3660 1484 3712 enim
1525 3677 1641 3713 sum
1691 3663 1842 3730 panis
1887 3663 2009 3716 vitae
2049 3664 2138 3733 qui
2185 3665 2248 3717 de

682 3754 811 3806 coelo
858 3752 1122 3807 descendit
1164 3753 1227 3805 τ’.
1271 3751 1359 3805 Ait
1403 3752 1528 3805 item
1563 3772 1575 3806 :
1610 3751 1712 3817 Qui
1762 3753 2043 3807 manducat
2082 3772 2248 3808 meam

680 3865 913 3913 cantem,
964 3848 1116 3900 habet
1178 3847 1343 3900 vitam
1390 3848 1445 3899 in
1473 3849 1764 3915 _semetipso
1806 3848 1872 3901 ⁷³,
1921 3846 2077 3902 Hunc
2121 3863 2246 3902 cum

683 3940 1046 4005 comedinnts,
1091 3940 1355 4008 hymnum
1398 3947 1731 3992 eruclamus.
1773 3937 1921 3992 Hauc
1950 3948 2078 4010 opto
2115 3940 2248 3994 mihi

679 4032 1072 4086 eructatiouem
1119 4031 1384 4087 accidere.
1428 4029 1584 4097 Quod
1622 4033 1738 4086 ﬁeri
1781 4016 1967 4104 nequit
2010 4032 2115 4089 nisi
2162 4049 2250 4088 me

680 4124 934 4177 docueris
957 4123 1373 4192 justiticationcs
1402 4133 1542 4179 tuas.

753 4217 875 4271 172.
915 4216 1224 4270 Pronuntiet
1276 4218 1457 4287 lingua
1502 4234 1619 4270 mea
1661 4218 1869 4287 eloquia
1911 4226 2020 4273 tua.
2076 4218 2252 4291 Rogat

672 4318 820 4362 utea
845 4324 966 4378 quae
992 4307 1104 4376 ipse
1131 4308 1369 4378 loquitur
1389 4309 1495 4363 sint
1520 4309 1745 4361 verbum
1773 4308 2058 4377 Dei,juxta
2080 4311 2246 4367 illud:

686 4398 841 4467 Aperi
874 4414 930 4453 os
960 4407 1104 4451 tuum
1128 4398 1277 4453 verbo
1310 4399 1406 4452 Dei
1435 4402 1498 4450 ⁷⁸.
1523 4387 1845 4468 Ilujusmodi
1875 4411 2054 4455 autem
2086 4403 2248 4457 homo

682 4492 855 4545 otiosa
885 4491 1045 4545 verba
1072 4508 1177 4545 non
1214 4492 1472 4562 loquitur.
1505 4491 1686 4557 Quare
1714 4493 1914 4549 Paulus
1949 4494 2023 4547 ait
2054 4489 2074 4548 ε
2102 4494 2247 4548 Illud

2429 3396 2861 3466 Ἐξερεύξοιντο
2891 3396 2963 3451 τὰ
2990 3396 3163 3466 χείλη
3208 3412 3328 3464 μου
3360 3394 3570 3464 ὕμνον.
3642 3396 3709 3449 Ἦ
3748 3390 3919 3467 {eum

2345 3488 2417 3550 ὡς
2447 3489 2539 3539 ἐπὶ
2572 3490 2679 3541 πᾶν
2707 3488 2913 3557 γίνεται
2957 3490 3068 3549 τοῖς
3098 3487 3532 3559 κεκορεσμένοις.
3596 3482 3751 3540 Οἶδεν
3778 3484 3869 3541 οὖν
3896 3492 3921 3539 ὁ

2347 3578 2487 3641 θεῖος
2517 3578 2675 3647 λόγος
2695 3578 3065 3650 πνευματικὴν
3093 3579 3313 3651 τροφήν.
3347 3578 3516 3640 Αὐτὸς
3544 3573 3637 3631 οὖν
3678 3578 3707 3629 ὀ
3750 3579 3918 3644 Λόγος

2349 3672 2512 3741 φησὶν
2539 3669 2701 3741 ἄρτος
2733 3665 2891 3723 εἶναι.
2928 3669 3066 3739 Ἐγὼ
3086 3669 3195 3739 γάρ
3225 3672 3339 3739 εἰμι
3368 3672 3400 3723 ό
3429 3670 3603 3737 ἄρτος
3642 3665 3751 3734 τῆς
3774 3666 3919 3733 ζωῆς

2349 3765 2381 3816 ό
2408 3762 2477 3827 ἐξ
2527 3762 2785 3829 οὐρανοῦ
2840 3762 3099 3828 καταϐάς
3119 3778 3131 3790 °
3168 3762 3313 3829 λέγει
3338 3761 3392 3814 δὲ
3418 3760 3538 3813 καίο
3604 3760 3656 3811 Ὁ
3687 3760 3922 3828 τρώγων

2343 3873 2462 3925 μου
2494 3854 2610 3923 τὴν
2638 3854 2835 3922 σάρκα
2882 3854 3003 3923 ἔχει
3048 3854 3196 3921 ζωὴν
3226 3855 3295 3907 ἐν·
3339 3851 3549 3917 ἐαυτῷ.
3607 3852 3811 3905 Τοῦτον
3857 3852 3920 3921 δὴ

2350 3947 2635 4018 φάγοντες,
2668 3946 2834 4018 ὕμνον
2864 3946 3219 4019 έρευγόμεθα.
3266 3946 3532 4016 Τοιαύτης
3564 3943 3797 4015 εὔχομαι
3826 3962 3918 3996 τυ-

2351 4043 2467 4110 χεῖν
2501 4040 2724 4110 ὲρυγῆς.
2759 4039 2935 4110 Ὅπερ
2971 4037 3248 4101 ἀδύνατον,
3277 4036 3370 4089 ἐὰν
3399 4036 3472 4106 μή
3505 4052 3574 4105 με
3606 4034 3827 4104 διδάξῃς
3859 4035 3923 4087 τά

2348 4130 2713 4202 δικαιώματα.

2418 4223 2732 4291 Φθέγξοιτο
2765 4224 2803 4290 ἡ
2837 4220 3082 4293 γλῶσσά
3100 4240 3218 4291 μου
3258 4221 3329 4276 τὰ
3362 4220 3534 4290 λόγιὰ
3558 4236 3693 4274 σου.
3756 4219 3920 4290 Εὔχε-

2351 4333 2441 4369 ται
2473 4314 2507 4368 ἃ
2532 4314 2575 4367 δ’
2602 4314 2667 4368 ἂν
2697 4314 2836 4368 εἴποι
2858 4314 3011 4382 λόγον
3034 4309 3170 4366 εἶναι
3202 4312 3357 4375 Θεοῦ,
3389 4311 3528 4365 κατά
3560 4310 3650 4363 τό-
3685 4312 3923 4379 "Araus

2348 4407 2465 4462 σὸν
2492 4407 2685 4477 στόμα
2711 4408 2868 4475 λόγῳ
2899 4404 3065 4460 Θεοῦ.
3135 4406 3192 4458 '0
3225 4404 3280 4457 δὲ
3308 4403 3543 4467 τοιοῦτος
3573 4403 3745 4473 ἀργὸν
3772 4403 3921 4473 ῥῆμα

2348 4501 2408 4553 οὑ
2433 4499 2600 4553 λαλεῖ.
2642 4499 2732 4552 Διό
2785 4515 2946 4569 φησιν
2971 4499 2999 4550 6
3029 4496 3239 4559 Παῦλος
3264 4512 3276 4525 ·
3314 4496 3380 4549 Τὸ
3411 4494 3549 4563 γὰρ,
3592 4496 3675 4548 Οὐ
3704 4496 3921 4563 φονεύ-

680 4583 839 4648 cnim,
876 4581 999 4636 Non
1048 4585 1285 4647 occides,
1343 4601 1444 4637 non
1483 4584 1833 4642 maecltabert's.
1890 4603 1993 4640 non
2043 4587 2241 4655 furtum

2348 4608 2498 4661 σεις,
2524 4592 2596 4645 οὐ
2618 4591 2981 4660 μοιχεύσεις,
3022 4590 3092 4643 οὑ
3122 4587 3391 4656 κλέψεις,
3420 4587 3515 4639 καὶ
3546 4584 3604 4638 ει
3632 4602 3724 4652 τις
3753 4584 3922 4657 ἑτέρα

682 4676 866 4743 facies,
897 4686 944 4728 et
976 4675 1022 4728 si
1064 4676 1201 4744 quod
1241 4677 1390 4728 aliud
1414 4689 1747 4746 prwceptum,
1775 4682 1828 4734 in
1856 4681 1950 4733 Itoc
1980 4679 2131 4733 verba
2164 4681 2251 4733 in-

681 4777 957 4820 stauratur
988 4782 1007 4820 :
1039 4767 1234 4838 Diliges
1264 4772 1562 4836 proximum
1591 4781 1737 4824 tuum
1757 4775 1889 4826 sicut
1930 4776 2151 4844 teipsum
2178 4775 2242 4828 ⁷³.

681 4857 817 4913 Nam
850 4860 980 4913 illud
1004 4859 1214 4929 justitia
1242 4872 1324 4916 est
1351 4879 1365 4916 :
1398 4862 1592 4933 Diliges
1618 4866 1910 4947 proximum
1940 4876 2107 4922 tuam.

756 5040 878 5101 I75.
922 5039 1047 5096 Fiat
1078 5058 1265 5096 manus
1293 5053 1385 5121 tua
1426 5052 1483 5097 ut
1506 5044 1669 5098 solvet
1706 5061 1802 5099 me.
1834 5045 2111 5112 Signiﬁcat
2136 5062 2246 5103 non

684 5132 880 5189 factam
913 5150 1033 5190 esse
1060 5152 1277 5191 manum
1308 5138 1445 5206 ejus,
1472 5139 1563 5192 sed
1592 5137 1711 5207 ejus
1752 5148 1952 5194 statum
1991 5154 2115 5209 erga
2151 5136 2247 5193 eos

685 5230 775 5296 qui
831 5229 1054 5282 Salutem
1099 5236 1526 5299 consequuntur.
1567 5230 1736 5297 Quale
1769 5241 1850 5286 est
1891 5231 2021 5285 illud
2054 5250 2068 5285 :
2119 5229 2247 5285 Esto

685 5319 814 5371 mihi
846 5323 899 5373 in
934 5320 1093 5374 Deum
1120 5332 1460 5391 protectorem
1480 5323 1545 5375 ⁷⁸.

758 5408 880 5462 174.
928 5414 1211 5480 Cancupivi
1253 5414 1487 5465 salutare
1543 5422 1710 5475 tuum,
1747 5411 1985 5465 Domine.
2021 5409 2077 5464 Si
2117 5410 2249 5465 velis

689 5502 987 5569 retrogretli
1035 5512 1087 5555 et
1133 5506 1413 5570 superiora
1457 5506 1758 5573 respicere,
1812 5505 2047 5557 salutare
2095 5512 2247 5556 tuum

692 5591 944 5648 Christus
970 5606 1071 5648 est.
1095 5594 1253 5650 lusus
1285 5598 1425 5649 enim
1451 5598 1716 5663 signiﬁcat
1744 5598 1835 5651 Dei
1868 5597 2036 5650 salus.
2062 5594 2158 5649 llic
2182 5594 2249 5648 ad

690 5700 791 5741 nos
816 5687 1014 5742 missus
1030 5699 1131 5742 est.
1159 5688 1715 5760 (.-tliuscadex.)Opus
1744 5701 1825 5747 est
1866 5691 2251 5761 concupiscere

760 5867 803 5901 ”
832 5866 891 5923 .la
912 5888 983 5923 tn.
1016 5888 1083 5935 vr,
1110 5872 1175 5926 33
1273 5875 1318 5905 τ’
1356 5874 1484 5928 ihid.
1513 5874 1599 5929 33.

1676 5876 1717 5903 ⁷·
1744 5873 1901 5928 Prov.
1939 5873 2154 5929 “v.0.
2203 5874 2246 5904 "
2283 5872 2437 5927 Rom.
2481 5885 2595 5935 xm,
2622 5868 2675 5922 9.

2346 4682 2587 4749 ἐντολὴ,
2620 4682 2691 4735 ἐν
2716 4680 2796 4747 τῷ
2825 4683 2983 4751 λόγῳ
3013 4681 3200 4747 τούτῳ
3227 4678 3772 4747 ἀνακεφαλαιοῦται
3833 4679 3921 4741 τὸ,

2359 4774 2717 4847 Ἀγαπήσεις
2750 4771 2855 4827 τὸν⁵
2886 4774 3153 4839 πλησίον
3178 4788 3292 4824 σου
3321 4770 3395 4837 ὡς
3425 4769 3658 4822 ἑαυτόν.
3719 4772 3923 4836 Δικαιο-

2349 4868 2482 4936 σύνη
2512 4864 2621 4935 γὰρ
2646 4864 2802 4918 τοῦτό
2829 4867 2945 4918 ἐστι
2976 4864 3067 4916 τό·
3130 4860 3487 4933 Ἀγαπήσεις
3514 4858 3621 4913 τὸν
3654 4860 3923 4928 πλησίον

2348 4978 2485 5015 σου.

2418 5050 2693 5105 Γενέσθω
2724 5050 2761 5115 ἡ
2789 5048 2917 5116 χείρ
2949 5063 3063 5101 σου
3094 5045 3196 5099 τοῦ
3227 5044 3425 5099 σῶσαί
3470 5062 3565 5115 με.
3623 5044 3789 5114 Δηλοϊ
3817 5042 3920 5114 γὰρ

2348 5146 2409 5199 οὐ
2442 5143 2540 5214 τὴν
2575 5141 2694 5195 κατ’
2722 5140 2906 5192 οὐσίαν
2931 5138 3144 5207 γένεσιν
3165 5136 3331 5205 αὐτῆς
3349 5175 3363 5197 ,
3408 5135 3541 5189 ἀλλὰ
3566 5133 3665 5206 τὴν
3692 5134 3828 5207 πρὸς
3856 5135 3921 5187 τά

2351 5234 2635 5305 σωζόμενα
2670 5230 2872 5301 σχέσιν.
2944 5229 3155 5281 ὐποῖον
3190 5228 3284 5280 καὶ
3328 5226 3414 5278 τό’
3449 5228 3499 5279 Γ
3500 5225 3641 5280 ενοῦ
3692 5242 3795 5295 μοι
3838 5227 3919 5286 εἷς

2352 5319 2499 5382 Θεὸν
2526 5319 3006 5393 ὑπερασπιστὴν.

2435 5416 2810 5480 Ἐπεπόθησα
2850 5410 2916 5463 τὸ
2942 5409 3233 5475 σωτήριόν
3277 5422 3413 5469 σου,
3443 5408 3636 5474 Κύριε.
3687 5406 3814 5459 Ἐὰν
3842 5403 3901 5457 θέλ

2354 5510 2451 5580 In;
2475 5507 2805 5576 ἐπαναϐῆναι
2826 5503 2901 5573 τῷ
2934 5503 3095 5571 λόγῳ,
3127 5502 3187 5553 τὸ
3208 5500 3469 5571 σωτήριόν
3500 5518 3590 5553 σου
3621 5502 3649 5553 ὁ
3689 5498 3917 5571 Χριστός

2356 5603 2519 5653 ἐστιν.
2538 5596 2740 5666 Ἰησοῦς
2762 5595 2868 5666 γὰρ
2900 5592 3254 5663 ἑρμηνεύεται
3275 5591 3420 5644 Θεοῦ
3445 5592 3710 5658 σωτηριά
3759 5587 3916 5650 Οὗτος

2359 5693 2489 5759 ἡμῖν
2524 5687 2793 5758 ἐπέμφθη.
2863 5686 3061 5753 Ἔργον
3112 5682 3227 5735 ἐστῖ
3262 5682 3319 5734 τὸ
3360 5682 3639 5735 ἐπιποῖλεῖν
3671 5682 3765 5736 τοῦ
3792 5678 3916 5735 Θεοέ

2757 5867 2802 5897 ⁷⁸
2838 5866 2982 5920 Psal.
3020 5880 3147 5929 xxx,
3170 5863 3204 5917 3
