4126 6500
222 453 329 508 509

1312 456 1669 514 EXPOSl'l'lO
1706 458 1771 512 IN
1812 457 2137 517 PSALML'bl
2171 467 2329 522 (ΛΚ.

3364 466 3467 523 510

226 574 287 629 τὸ
312 578 600 645 σωτήριον.
637 578 701 629 οι
731 578 839 647 γὰρ
869 577 1051 631 πολλοὶ
1079 577 1138 630 τὸ
1168 579 1307 632 κατὰ
1342 580 1518 650 σάρκα
1549 580 1785 634 ποθοῦσι.

1899 583 2134 640 salutare
2203 587 2314 641 Dei.
2369 587 2515 642 Multi
2558 588 2703 643 enim
2743 604 2860 658 qua:
2902 589 3199 643 secundum
3246 603 3466 642 carnem

228 662 299 716 Τὸ
320 664 380 719 δὲ
400 664 495 718 τοῦ
524 666 681 728 Θεοῦ,
698 667 760 720 τὸ
779 669 838 720 ὲν
869 667 1013 737 αὐτῴ
1038 667 1301 738 σωθῆναι,
1332 671 1393 723 τὸ
1419 673 1477 723 ἐν
1506 671 1654 742 αὐτῷ
1678 674 1799 725 ἁνα-

1900 686 2028 733 sunt
2063 680 2474 749 concupiscunt.
2520 678 2676 746 Quod
2719 689 2898 733 autem
2942 680 3238 733 secundum
3273 678 3464 747 Deum,

228 755 524 823 παύεσθαι,
557 758 957 829 κληρονομῆσαι
986 761 1055 813 τὰ
1091 760 1236 827 ἆγια.
1271 760 1439 815 Τοῦτο
1465 763 1572 834 γάρ
1599 765 1713 816 ἐστι
1738 764 1785 817 τί

1899 777 2010 833 εει,
2033 769 2084 822 in
2128 771 2245 839 ipso
2280 772 2506 825 salutem
2539 773 2832 841 consequi,~
2853 772 2906 824 in
2948 772 3067 840 ipso
3101 770 3462 840 requiescere.

228 848 493 918 σωτήριον
514 846 609 901 τοῦ
636 848 790 911 Θεοῦ,
810 852 843 920 ἡ
876 848 1091 914 αἰώνιος
1112 851 1245 922 ζωή.
1285 853 1445 906 Ἀλλὰ
1464 856 1558 907 καὶ
1595 854 1797 925 Ἰησοῦς

225 937 590 1007 ἑρμηνεύεται
620 940 767 993 Θεοῦ
781 940 1094 1009 σωτήριον,
1115 944 1387 1014 πεμφθεὶς
1416 946 1548 1015 ἡμῖν
1578 947 1668 998 ἐπὶ
1687 948 1791 999 σω-

222 1029 389 1100 ἰ’-ηρίᾳ⁴
412 1046 427 1059 ’
464 1022 525 1082 οὗ
551 1031 687 1102 πρὸς
712 1032 804 1088 τὸν
834 1033 996 1099 πόθον
1022 1036 1051 1088 ὁ
1071 1035 1239 1090 θέλων
1268 1036 1484 1091 ὁδεῦσαι
1512 1037 1795 1110 μελετήσει

222 1120 312 1171 τὸν
346 1120 532 1191 νόμον.

296 1294 553 1361 Ζήσεται
610 1299 652 1366 ἠ
686 1300 858 1366 ψυχή
880 1316 1023 1369 μου,
1086 1302 1186 1357 καί
1225 1302 1453 1357 αἰνέσει
1509 1321 1602 1359 σε.
1662 1305 1793 1376 Περὶ

226 1387 526 1458 μελλούσης
548 1389 694 1457 λέγει
719 1390 886 1461 ζωῆς.
933 1393 995 1446 Ἠ
1012 1392 1121 1463 τὰρ
1143 1392 1253 1463 ζ’ωὴ
1276 1394 1445 1465 ἡμῶν
1470 1396 1792 1466 κέκρυπται

223 1478 346 1533 σὺν
386 1479 468 1547 τῷ
504 1479 734 1549 Χριστῷ
760 1483 829 1537 έν
854 1483 936 1549 τῷ
962 1482 1103 1549 Θεῷ.
1156 1483 1287 1539 Τότε
1339 1488 1541 1560 κυρίως
1570 1490 1789 1555 αίνέσω,

221 1572 344 1626 τότε
383 1562 645 1645 βοηθῆσαί
691 1592 781 1646 μοι
800 1592 816 1606 ·
846 1575 915 1630 τὰ
946 1577 1206 1650 ὲπιϐόητα
1237 1579 1500 1650 γενόμενα
1529 1579 1637 1634 τῶν
1667 1597 1790 1649 κρι-

224 1665 466 1733 νομένων
496 1682 578 1719 σοι
610 1668 853 1739 κρίματα
882 1667 960 1739 τῷ
986 1670 1084 1741 μὲν
1106 1670 1299 1743 δικαίῳ
1326 1672 1494 1747 χωρὶς
1520 1671 1789 1743 βασάνων,

223 1756 302 1829 τῷ
324 1757 383 1811 δὲ
417 1758 654 1831 δεομένῳ
680 1760 769 1815 διὰ
799 1762 1064 1833 βασάνων.

302 1851 687 1920 Ἐπλανήθην
711 1853 791 1919 ὡς
822 1855 1118 1923 πρόϐατον
1148 1856 1481 1921 ἀπωλολός.
1548 1856 1701 1910 Μετὰ
1730 1855 1791 1909 τὸ

220 1945 393 1997 εἰπεῖν
419 1944 546 2014 περὶ
566 1944 731 1998 αὑτοῦ
760 1946 896 2017 ἔργα
920 1945 1323 2017 κατωρθωκότος
1342 1988 1357 2009 ,

219 2050 310 2087 τον
336 2034 529 2089 ἑαυτὸν
560 2036 971 2108 πεπλανημένον
1000 2032 1139 2090 εἷναι
1170 2037 1337 2105 λέγει,
1358 2037 1783 2109 ταπεινοφροσύ-

219 2142 316 2194 νην
351 2124 718 2195 ἐπιτηδεύων,
778 2126 919 2180 κατὰ
948 2128 1011 2180 τὸ
1058 2128 1343 2199 εἰρημένον
1391 2129 1495 2182 ὑπὸ
1541 2130 1782 2200 Κυρίου’

220 2212 409 2265 Ὅταν
426 2211 623 2266 πάντα
642 2213 1068 2286 καθορθώσητε,
1091 2216 1297 2289 λέγετε
1315 2234 1329 2248 ·
1350 2218 1562 2273 Δοῦλοι
1589 2219 1774 2289 ἀχρεῖ-

220 2303 276 2354 οί
307 2303 519 2372 ἐσμεν.

577 2396 701 2466 ῼδὴ
733 2395 853 2451 τῶν
894 2398 1264 2469 ἀναϐαθμῶν.
1306 2403 1463 2456 ΡΙΘν.

842 2488 856 2506 ⁹
869 2489 1175 2553 Υπόθεσις.

217 2573 329 2637 Τὴν
360 2574 583 2645 πρώτην
626 2575 770 2646 ᾠδὴν
803 2577 910 2630 τῶν
946 2578 1271 2651 ἀναϐαθμῶν
1322 2582 1437 2653 ᾄδει
1476 2581 1556 2653 τῷ
1606 2581 1723 2653 Θεῷ
1753 2582 1783 2637 6

289 2664 350 2715 ὲν
394 2662 672 2719 Βαϐυλῶνι
718 2664 863 2731 λαὸς,
916 2667 1197 2738 ἀδημονῶν
1243 2671 1335 2723 ἐπὶ
1375 2670 1451 2742 τῷ
1478 2673 1639 2744 μήκει
1683 2672 1784 2743 τῆς

288 2752 685 2823 αἰχμαλωσίας,
721 2759 815 2811 καὶ
844 2759 1133 2830 εὐχόμενος
1159 2760 1605 2836 ἐλευθερωῦῆναι.

286 2844 445 2912 Πρὸς
471 2846 688 2916 Κύριον
708 2849 779 2901 έν
803 2847 884 2915 τῷ
911 2852 1219 2907 θλίϐεσθαι
1254 2848 1648 2924 με’έκέκραξα

216 2936 395 3005 Κύριε
417 2976 432 2999 ,
461 2936 648 3005 ῥῦσαι
691 2940 805 3009 τὴν
830 2942 1041 3012 ψυχήν
1063 2961 1183 3010 μου
1219 2945 1339 2998 ἀπὸ
1374 2946 1622 3015 χειλέων
1654 2948 1781 3001 ἀδι-

218 3044 341 3080 κων
372 3028 472 3081 καί
502 3029 621 3084 ἀπὸ
654 3030 939 3100 γλώσσης
966 3033 1192 3101 ὃολίας.
1228 3035 1352 3099 Πῶς
1371 3037 1479 3108 γὰρ
1502 3039 1601 3092 οὐκ
1624 3039 1784 3095 ἄδικα

219 3117 370 3190 χείλη
398 3118 507 3172 τῶν
539 3112 912 3185 Βαϐυλωνίων,
937 3124 1005 3177 τὰ
1030 3126 1129 3195 τὴν
1154 3126 1591 3201 είδωλολατρείαν
1634 3132 1783 3203 ὠμο-

217 3206 506 3278 λογηκότα.
540 3211 683 3283 Αὑτῆ
714 3211 770 3266 δὲ
807 3215 899 3267 καὶ
930 3215 1150 3283 γλῶσσα
1193 3218 1416 3291 κληθείη
1450 3220 1599 3275 δολία
1619 3262 1635 3288 ,
1684 3224 1781 3277 ac:

220 3297 391 3368 μηδὲν
424 3299 581 3365 εὑθὲς
615 3302 853 3359 λαλοῦσα
884 3309 1012 3379 περὶ
1040 3307 1196 3363 Θεοῦ.

291 3394 337 3445 T
333 3391 355 3444 ι
397 3391 598 3461 δοθείη
650 3410 749 3449 σοι
772 3436 787 3463 ,
835 3399 933 3453 καὶ
984 3401 1040 3453 τι
1087 3405 1439 3472 προστεθείη
1492 3422 1591 3460 σοι
1640 3409 1787 3477 πρὸς

215 3482 510 3553 γλῶσσαν
532 3484 778 3553 80.11am-
828 3489 903 3543 Τὰ
937 3488 1094 3559 ,ϐέλη
1132 3493 1239 3547 τοῦ
1278 3493 1537 3551 δυνατοῦ
1572 3498 1790 3567 ἠκονη-

211 3572 387 3643 μένα.
425 3575 490 3628 Τί
517 3576 678 3629 πλέον
704 3577 921 3648 δοθῆναί
948 3597 1029 3634 σοι
1077 3585 1247 3647 αίτεῖς
1272 3624 1286 3648 ,
1321 3586 1483 3658 φησιν
1501 3628 1517 3653 ,
1553 3588 1587 3657 ἢ
1615 3588 1667 3639 τί
1697 3588 1786 3641 θέ-

216 3664 331 3728 λεις
366 3665 552 3735 ἕτερον
576 3667 938 3741 προστεθῆναι
958 3687 1039 3725 σοι
1059 3673 1153 3727 τοῦ
1179 3675 1321 3729 κατὰ
1349 3676 1458 3730 τῶν
1478 3677 1665 3731 δολίων
1685 3694 1789 3749 χει-

216 3758 391 3825 λέων;
426 3758 565 3831 Βέλη
596 3760 766 3833 πυρὸς
794 3763 967 3833 μεστὰ
999 3764 1297 3838 ὲξαφθῆναι
1327 3768 1477 3839 παρὰ
1507 3768 1600 3823 τοῦ
1620 3768 1791 3824 ’δυνα-

214 3848 333 3903 τοῦ.
373 3849 635 3921 Σημαίνει
680 3851 739 3907 δὲ
777 3852 875 3924 τὴν
929 3853 1072 3909 κατὰ
1119 3857 1227 3911 τῶν
1275 3858 1625 3913 Βαϐυλωνίων
1663 3861 1787 3918 ὅσον

215 3939 371 3995 οὔπω
389 3942 664 4014 τιμωρίαν
693 3944 979 4016 ἐσομένην.

288 4035 357 4089 οι
376 4052 503 4105 μοι,
528 4035 615 4089 ὅτι
652 4036 691 4104 ή
720 4038 999 4105 παροικιά
1016 4056 1136 4108 μου
1166 4041 1523 4110 ἐμακρύνθη.
1566 4043 1789 4115 Ἑτέραν

215 4128 427 4194 αἴτησιν
454 4122 672 4196 εὔχεται
702 4127 853 4200 παρὰ
894 4129 1029 4184 Θεοῦ
1053 4173 1069 4197 ,
1117 4134 1215 4204 τῆς
1254 4134 1541 4204 παροικίας
1574 4133 1788 4188 ἐλευθε-

216 4215 475 4287 ρωθῆναι.
517 4220 969 4287 ’Κατεσκήνωσα
1027 4224 1178 4293 μετὰ
1225 4223 1343 4281 τῶν
1383 4226 1789 4295 σκηνωμάτων

212 4305 434 4375 Κηδὰρ.
467 4306 634 4379 Χώρα
660 4326 743 4373 τις
762 4311 908 4363 ἐστὶν
938 4313 971 4383 ἡ
1004 4314 1192 4384 Κηδᾶρ
1217 4317 1308 4368 ἐπὶ
1336 4318 1656 4389 τῆςὲρήμου
1688 4319 1787 4390 τῆς

215 4400 353 4472 πρὸς
388 4400 654 4467 ἀνατολὰς
687 4403 911 4475 κειμένη
933 4442 948 4467 ,
984 4404 1078 4457 καὶ
1118 4406 1278 4478 μέχρι
1307 4409 1408 4480 τῆς
1436 4411 1659 4482 Περσῶν
1686 4428 1788 4465 πα-

212 4494 553 4565 ρατείνουσα,
587 4495 653 4565 ἥν
684 4495 839 4564 γένος
868 4496 1200 4570 Σαρακηνῶν
1228 4503 1385 4558 οἰκεῖ.
1408 4505 1615 4559 Πολλὰ
1641 4520 1789 4573 παρ-

209 4586 449 4655 ῴκησεν
474 4587 513 4654 ἡ
546 4587 716 4656 ψυχή
742 4604 882 4656 μου.

1898 871 2083 916 sancta
2115 863 2169 916 in
2212 864 2577 918 btereditalem
2624 864 2889 931 accipere.
2939 861 3072 916 Illud
3096 876 3330 931 namque
3381 870 3468 915 est

1897 952 2134 1007 salutare
2160 954 2273 1019 Dei,
2292 964 2491 1009 aeterna
2510 956 2633 1007 vita.
2659 955 2771 1007 luto
2795 956 2953 1007 etiam
2981 951 3137 1006 Jcsus
3164 953 3468 1020 explicatur

1896 1040 1995 1094 Dei
2022 1043 2276 1106 salutare,
2304 1045 2427 1113 quia
2460 1044 2661 1097 missus
2700 1051 2783 1096 est
2814 1043 2971 1096 nobis
3000 1041 3064 1095 ad
3103 1044 3356 1095 salutem.
3380 1040 3462 1093 All

1895 1131 2055 1200 cujus
2076 1132 2407 1188 desiderium
2432 1134 2477 1189 si
2509 1135 2632 1204 quis
2663 1134 2912 1188 incedere
2934 1133 3083 1197 velit,
3110 1130 3464 1186 meditabitur

1893 1219 2087 1290 legem.

1970 1312 2090 1367 175.
2133 1310 2276 1365 Vivet
2325 1312 2508 1364 anima
2550 1328 2664 1365 mea
2693 1322 2741 1364 et
2768 1310 3011 1364 laudabit
3045 1322 3113 1365 te.
3152 1309 3226 1365 De
3274 1309 3461 1364 futura

1894 1406 2000 1460 vita
2041 1406 2295 1475 loquitur.
2332 1403 2474 1457 Nam
2509 1408 2615 1457 vita
2661 1416 2839 1459 nostra
2883 1404 3191 1460 abscondita
3234 1413 3309 1457 est
3340 1420 3458 1457 cum

1894 1495 2098 1549 Christo
2146 1497 2200 1549 in
2251 1494 2358 1548 Deo
2415 1496 2480 1547 ⁷⁷.
2531 1493 2685 1551 Tunc
2737 1497 2954 1565 proprie
3017 1496 3284 1557 laudabo,
3332 1506 3461 1548 tunc

1893 1585 2157 1641 auxiliare
2208 1585 2364 1639 mibi.
2413 1584 2671 1638 Laudabo
2720 1586 2927 1640 scilicet
2973 1585 3179 1655 judicia
3226 1594 3315 1637 tua
3371 1584 3459 1637 illa

1891 1679 2197 1741 decantata,
2246 1678 2312 1731 de
2341 1678 2491 1747 justo
2517 1677 2624 1731 lata
2660 1677 2778 1732 sine
2812 1688 3097 1731 tormentis
3125 1717 3139 1741 ,
3185 1677 3253 1730 de
3296 1676 3460 1731 noxio

1892 1787 2016 1824 cum
2041 1770 2348 1825 tormentis.

1966 1861 2089 1917 176.
2122 1860 2313 1914 Erravi
2332 1861 2466 1915 sicut
2494 1861 2602 1914 ovis
2628 1875 2745 1930 qua:
2765 1860 2939 1928 periit.
2972 1858 3268 1929 Postquam
3293 1873 3458 1928 opera

1409 1948 1571 2002 πάλιν
1594 1949 1785 2017 πρόϐα-

1896 1962 2040 2008 recte
2063 1969 2091 2007 a
2119 1969 2177 2008 se
2198 1963 2345 2023 gesta
2374 1953 2637 2015 narravit,
2661 1968 2881 2007 rursum
2909 1953 2985 2005 ait
3004 1968 3061 2007 se
3088 1967 3245 2005 ovem
3269 1966 3460 2004 erran-

1893 2053 2000 2099 tem
2043 2043 2234 2105 fuisse,
2282 2044 2572 2098 humilitati
2610 2060 2835 2108 vacans,
2864 2044 3018 2114 juxta
3066 2044 3197 2098 illud
3242 2042 3458 2096 Domini

1891 2138 2132 2193 dictum:
2162 2136 2295 2191 Cum
2324 2139 2497 2190 omnia
2520 2138 2864 2207 perfeceritis,
2893 2138 3054 2192 dicite
3079 2152 3096 2189 :
3129 2136 3275 2191 Servi
3298 2135 3462 2188 inuti-

1893 2232 1968 2285 les
2005 2247 2186 2285 sumus
2218 2230 2285 2283 ⁷⁸.

2239 2398 2512 2453 Canticum
2552 2398 2831 2467 graduum.
2897 2394 3080 2450 CXIX

2481 2490 2878 2557 Argumentum.

1889 2579 2132 2634 Prnqu
2158 2578 2422 2650 graduum
2468 2577 2753 2633 canticum
2794 2576 2902 2631 Deo
2949 2576 3098 2630 canit
3141 2577 3373 2645 populus
3407 2578 3463 2632 in

1963 2670 2239 2743 Babylone
2272 2672 2625 2735 constitutus,
2654 2679 2913 2740 pertaesus
2942 2671 3224 2736 diuturrue,
3242 2670 3466 2741 captivi-

1960 2763 2109 2826 tatis,
2145 2771 2199 2815 et
2239 2775 2443 2830 rogans
2476 2761 2801 2815 libertatem.

1960 2854 2014 2917 1,
2038 2853 2094 2907 2.
2129 2853 2211 2905 Ad
2273 2852 2559 2907 Dominum
2605 2868 2721 2905 cum
2768 2852 3054 2905 tribularer
3105 2852 3330 2907 clamavi
3356 2892 3369 2905 .
3402 2891 3417 2905 .
3445 2893 3460 2909 .

1888 2941 2141 3003 Domine,
2184 2942 2614 3009 liberafanimam
2648 2958 2816 2995 meam
2840 2960 2872 2994 a
2901 2942 3072 2996 labiis
3091 2944 3285 3012 iniquis
3306 2985 3320 3007 ,
3352 2954 3402 2998 et
3428 2961 3463 2997 α

1889 3034 2071 3106 lingua
2090 3033 2295 3088 dolosa.
2334 3034 2455 3101 Quo
2478 3044 2635 3105 pacto
2662 3050 2768 3089 non
2796 3034 3008 3104 iniqua}
3034 3032 3458 3104 Babyloniorum

1891 3124 2031 3179 labia
2054 3163 2070 3190 ,
2105 3139 2227 3195 qua:
2260 3124 2620 3179 idololatriam
2646 3124 3080 3194 proﬁtebantur?
3118 3121 3242 3177 lla:c
3281 3135 3459 3179 autem

1888 3216 2072 3286 lingua
2104 3227 2250 3271 recte
2278 3216 2469 3269 dolosa
2504 3223 2765 3282 vocetur,
2817 3225 3001 3284 utpote
3028 3231 3149 3284 qua:
3190 3215 3325 3269 nihil
3378 3232 3464 3270 re—

1812 3325 1857 3382 c
1888 3318 2037 3365 ctum
2066 3310 2133 3365 de
2167 3309 2279 3364 Deo
2304 3310 2579 3379 loquatur.

1956 3400 2012 3466 ὅ,
2041 3399 2096 3453 4.
2139 3397 2279 3465 Quid
2320 3398 2474 3452 detur
2504 3398 2622 3464 tibi,
2657 3407 2747 3450 aut
2778 3398 2903 3467 quid
2931 3408 3226 3466 apponatur
3259 3398 3351 3452 tibi
3391 3399 3462 3453 ad

1888 3487 2123 3558 linguam
2170 3488 2458 3543 dolosam?
2506 3487 2727 3557 Sagitta:
2780 3490 3007 3557 potentis
3050 3499 3241 3543 acutae.
3319 3490 3461 3556 Quid

1887 3578 2028 3631 ultra
2059 3578 2177 3632 dari
2208 3579 2302 3632 tibi
2331 3579 2576 3647 postulas
2597 3617 2613 3642 ,
2662 3578 2872 3647 inquit,
2907 3587 3003 3633 aut
3035 3581 3167 3649 quid
3198 3580 3342 3634 aliud
3379 3582 3461 3636 vis

1890 3668 2054 3739 adjici
2084 3669 2183 3725 tibi
2214 3670 2479 3725 adversus
2521 3671 2736 3740 linguas
2765 3670 3022 3726 dolosas?
3068 3672 3304 3745 Sagittas
3337 3673 3461 3742 igne

1891 3763 2082 3834 plenas
2109 3778 2140 3817 a
2171 3773 2389 3834 potente
2424 3763 2700 3818 incensas.
2755 3761 3035 3833 Signiﬁcat
3071 3774 3252 3819 autem
3285 3764 3463 3836 Baby-

1891 3854 2168 3910 loniorum
2199 3855 2463 3911 ultionem
2492 3870 2616 3909 mox
2649 3854 2906 3910 futuram.

1958 4032 2013 4096 5,
2044 4032 2098 4086 6.
2129 4031 2247 4086 Heu
2275 4034 2404 4086 mihi
2422 4073 2438 4098 ,
2472 4035 2598 4104 quia
2636 4033 2897 4089 incolatus
2947 4052 3090 4089 meus
3118 4036 3460 4107 prolongata:

1887 4126 2006 4179 est!
2035 4125 2197 4180 Aliud
2221 4140 2251 4179 a
2279 4125 2391 4181 Deo
2420 4128 2658 4195 postulat
2684 4170 2699 4193 ,
2735 4130 2992 4199 nimirum
3029 4140 3087 4183 ut
3124 4132 3193 4183 ab
3222 4131 3459 4186 incolatu

1889 4216 2168 4276 liberetur.
2218 4216 2475 4272 Habitavi
2504 4236 2623 4273 cum
2658 4219 3073 4272 habitationibus
3105 4221 3294 4275 (Iedar.
3350 4222 3455 4276 Ce-

1888 4310 1989 4365 dar
2019 4311 2171 4381 regio
2199 4311 2444 4379 quaedam
2468 4320 2551 4365 est
2579 4310 2645 4364 ad
2673 4326 2917 4363 ercmum
2958 4326 3148 4367 versus
3189 4313 3454 4368 orientem

1890 4402 2020 4465 sita,
2053 4410 2108 4456 et
2143 4415 2316 4469 usque
2356 4400 2424 4454 ad
2468 4400 2744 4454 Persidem
2790 4402 3104 4471 pertingens
3126 4445 3141 4468 ,
3176 4382 3337 4471 quam
3369 4406 3456 4458 in-

1888 4496 2017 4551 colit
2039 4493 2435 4548 Saracenorum
2459 4508 2651 4562 genus.
2686 4492 2915 4547 Mullum
2947 4496 3121 4548 incola
3152 4496 3251 4563 fuit
3276 4497 3459 4551 anima

1888 4601 2024 4639 mea.

276 4677 440 4731 Μετὰ
467 4674 585 4729 τῶν
605 4678 947 4745 μισούντων
981 4676 1231 4747 εἰρήνην
1265 4677 1430 4748 ἤμην
1466 4683 1782 4752 εἰρηνικός.

1962 4677 2013 4729 7.
2042 4674 2174 4731 Cum
2210 4674 2290 4728 Itis
2315 4676 2403 4745 qui
2427 4675 2649 4729 oderunt
2669 4692 2848 4743 pacem
2874 4693 3019 4729 erant
3043 4678 3295 4746 paciﬁcus
3317 4677 3451 4747 (50).

210 4769 394 4822 Κακία
440 4766 793 4821 Βαϐυλωνίων
838 4769 901 4821 τὸ
944 4769 1202 4839 πολεμεῖν
1260 4770 1375 4822 ἀντ’
1423 4771 1634 4839 οὐδενὸς
1674 4780 1787 4839 τοῖς

211 4859 605 4932 είρηνεύουσιν.
652 4861 714 4913 Εἰ
739 4862 812 4931 μή
848 4879 900 4915 τι
925 4862 1032 4917 δέοι
1076 4862 1328 4934 κριτικῆς
1361 4866 1625 4935 τιμωρίας
1649 4906 1663 4929 ,
1719 4870 1785 4941 ἣν

210 4953 349 5006 κατὰ
376 4948 700 5005 Χαναναίων
743 4954 837 5007 καὶ
872 4954 1211 5027 Ἀμορραίων
1257 4955 1551 5010 ἐπέταττεν
1576 4961 1605 5011 ὁ
1630 4958 1779 5026 Θεὸς,

208 5044 306 5115 τὴν
352 5043 491 5113 πρὸς
528 5043 723 5108 αὐτοὺς
764 5046 1125 5118 ἀπαγορεύων
1170 5047 1370 5117 φιλίαν.
1410 5049 1471 5102 Οἱ
1503 5048 1561 5102 δὲ
1592 5050 1761 5119 φαῦλο

210 5135 346 5205 πρὸς
364 5134 589 5197 τούτους
611 5136 933 5207 ἀσύμϐατοι,
971 5138 1068 5209 τὴν
1098 5138 1403 5193 θεοσέϐειαν
1433 5139 1782 5214 βδελυττόμε-

210 5240 307 5278 νοι.
357 5226 546 5279 Ὅταν
583 5225 849 5281 ἐλάλουν
893 5227 1132 5295 αὐτοῖς,
1175 5230 1511 5300 ἐπολέμουν
1553 5250 1632 5302 με
1673 5233 1755 5288 ὃω

203 5313 370 5383 ρεάν.

565 5406 703 5477 ’ῼδὴ
736 5409 853 5462 τῶν
884 5408 1257 5479 ἀναϐαθμῶν.
1305 5414 1435 5469 PK'.

835 5499 849 5517 '
861 5502 1167 5567 Υπόθεσις.

214 5585 318 5659 Τὴν
345 5585 607 5659 δευτέραν
633 5587 773 5660 ᾠδὴν
803 5588 939 5660 ᾅδει,
974 5591 1370 5661 προαπολυθεὶς
1415 5595 1511 5665 μὲν
1548 5598 1647 5668 τῆς
1690 5600 1772 5652 αἰ-

277 5679 618 5750 Χμαλωσίαῖν
654 5681 711 5732 ὲν
946 5670 1140 5737 ὁδεύων
1163 5684 1261 5754 τῆς
1296 5690 1507 5756 μακρᾶς
1539 5690 1660 5743 ὀδοῦ
1680 5694 1775 5762 τῆς

277 5783 321 5814 ⁷⁷
352 5783 568 5840 (Συιυεε
603 5798 683 5844 ιιι,
716 5781 768 5837 5.
841 5785 890 5816 ⁷⁸
921 5783 1050 5842 Luc.
1076 5804 1205 5855 xm,
1238 5789 1319 5844 l0.

274 5876 385 5943 (50)
419 5874 668 5930 incertus
704 5876 873 5930 locus.

1891 4768 1966 4825 Ea
1989 4776 2106 4823 erat
2149 4767 2348 4823 malitia
2373 4767 2818 4839 Babyloniorum,
2846 4780 2904 4823 ut
2930 4771 3073 4824 nulla
3104 4772 3171 4823 de
3197 4786 3359 4825 causa
3388 4772 3455 4827 iis

1889 4865 1981 4935 qui
2015 4878 2200 4933 pacem
2239 4862 2489 4918 colebant
2514 4861 2713 4915 bellum
2748 4858 3033 4915 inferrent.
3080 4861 3191 4916 Nisi
3224 4862 3455 4918 fortasse

1888 4953 2143 5023 respiciat
2181 4952 2503 5021 supplicium
2536 4952 2679 5019 quod
2721 4953 2787 5005 tle
2821 4952 3145 5004 Cbananmis
3179 4962 3232 5004 et
3260 4956 3453 5005 Amor-

1885 5046 2047 5101 rlnt-is
2075 5046 2217 5099 sumi
2247 5046 2502 5114 praecepit
2526 5042 2687 5105 Deus,
2717 5054 2907 5097 vetans
2933 5060 2999 5097 ne
3030 5046 3323 5098 amicitiam
3371 5046 3455 5098 in-

1886 5140 2025 5193 irent
2058 5153 2181 5191 cum
2214 5137 2343 5191 illis.
2378 5133 2534 5189 Nulla
2566 5146 2746 5189 autem
2787 5145 2872 5189 est
2898 5137 3029 5205 ipsis
3061 5138 3294 5189 amicitia
3325 5151 3451 5190 ("dm

1886 5230 2147 5299 improbis
2182 5227 2276 5296 qui
2311 5242 2494 5280 veram
2526 5228 2843 5295 religionem
2874 5238 3255 5285 exsecrantur.
3316 5229 3452 5284 Cum

1878 5320 2127 5391 loquebar
2159 5319 2288 5382 illis,
2326 5320 2703 5389 impugnabant
2732 5336 2811 5372 me
2843 5319 3031 5389 gratis.

2198 5412 2249 5464 1.
2305 5411 2583 5467 Canticum
2613 5412 2891 5481 graduum.
2963 5410 3129 5469 CXX.

2457 5505 2497 5557 Α
2508 5516 2859 5574 rgumentum.

1884 5594 2196 5652 Secundum
2235 5595 2550 5650 modulatur
2581 5597 2884 5661 canticum,
2907 5594 3035 5648 dum
3066 5604 3186 5661 post
3212 5592 3447 5649 solutam

1952 5688 2314 5760 captivitatem
2358 5690 2573 5760 longum
2624 5690 2726 5744 iter
2757 5698 2940 5760 ageret
2980 5686 3250 5749 Babylone
3292 5685 3451 5745 Jero-
