4126 6492
679 437 782 500 511

1491 441 1547 497 8.
1589 442 1957 497 ATIIANASII
2000 442 2152 496 ()PP.
2189 441 2365 496 PARS
2402 441 2491 497 111.
2533 473 2602 483 --
2641 439 3052 496 EXEGETICA.

3796 440 3909 495 512

752 563 1038 633 solymam.
1088 560 1266 630 Atque
1309 561 1447 616 inter
1483 563 1718 617 medium
1772 565 2033 618 montium
2078 564 2275 623 inter-.

2418 563 2617 633 μεταξὺ
2644 561 2956 623 Βαϐυλῶνος
2978 562 3072 615 καὶ
3116 561 3485 633 Ἰερουσαλήμ.
3525 562 3621 625 ⁸ος
3641 600 3656 624 ,
3689 562 3786 614 καὶ
3819 559 3913 631 μι-

748 667 939 726 θερίας
957 693 974 718 ,
999 662 1155 723 rogat
1180 653 1438 707 auxilium
1471 655 1570 709 sibi
1598 655 1854 724 impendi,
1881 672 2044 725 quem
2077 671 2242 710 exau-

748 746 905 804 diens
934 745 1287 816 propheticus
1335 744 1574 814 Spiritus
1618 747 1908 816 respondet
1939 765 1951 801 :
1985 747 2241 802 Dominus

745 839 1004 896 custodiet
1035 839 1312 892 introitum
1343 847 1493 892 tuum
1526 851 1575 894 et
1610 843 1809 894 exitum
1838 851 2003 894 tuum.

754 994 804 1059 1,
827 994 883 1051 2.
915 993 1104 1048 Levavi
1153 994 1330 1048 oculos
1361 1010 1499 1048 meos
1549 995 1604 1048 in
1636 1008 1830 1050 montes
1858 1036 1872 1050 .
1903 1039 1915 1052 .
1945 1039 1957 1051 .
1984 998 2244 1052 auxilium

678 1100 849 1136 meum
888 1101 922 1138 a
956 1084 1200 1148 Domino,
1232 1085 1319 1153 qui
1349 1085 1471 1152 fecit
1504 1085 1687 1138 caelum
1714 1096 1763 1140 et
1805 1098 2018 1142 terram.
2051 1087 2243 1144 Osten-

675 1173 809 1229 dcus
840 1172 934 1228 Dei
961 1173 1255 1243 potentiam
1281 1175 1355 1229 ait
1384 1190 1397 1227 :
1430 1174 1535 1239 Qui
1565 1176 1688 1244 fecit
1736 1179 1917 1230 cce/um
1950 1188 1996 1231 et
2025 1189 2239 1234 terram.

747 1452 802 1518 3,
832 1452 884 1506 ό.
927 1452 1047 1506 Non
1088 1455 1171 1504 (let
1208 1454 1260 1506 in
1291 1456 1688 1508 commotionem
1717 1458 1894 1521 prdem
1940 1468 2117 1522 tuum,
2151 1475 2240 1513 ne-

673 1559 774 1614 que
803 1546 1050 1598 dormitet
1085 1548 1174 1616 qui
1211 1546 1436 1600 custodit
1476 1558 1544 1602 te.
1614 1547 1749 1601 Ecce
1783 1566 1883 1604 non
1913 1551 2240 1620 dormitabit,

671 1646 780 1693 etc.
807 1637 958 1692 llanc
990 1639 1185 1694 habeto
1217 1656 1388 1709 spem,
1421 1651 1474 1695 et
1508 1642 1827 1696 salvaberis.
1881 1644 2009 1698 Illud
2035 1655 2242 1712 autem,

675 1746 775 1783 non
808 1730 1146 1796 dormitabit,
1177 1748 1283 1785 non
1313 1733 1550 1788 laborem
1585 1749 1774 1788 eorum
1809 1735 1900 1806 qui
1933 1738 2245 1794 custodiunt

673 1820 970 1885 exercitus,
1012 1823 1207 1888 urbes,
1261 1824 1464 1887 ovilia;
1528 1826 1622 1880 sed
1655 1827 2108 1896 impatibilitatem
2148 1829 2241 1883 Dei

2414 671 2505 719 σος
2531 655 2640 708 τῶν
2667 656 2837 728 ὀρέων
2867 654 3223 726 ἀποληφθεὶς,
3249 653 3463 724 εὔχεται
3491 652 3640 724 αὒτῷ
3660 653 3911 724 βοήθειαν

2412 747 2696 815 γενέσθαι·
2722 740 2783 801 οὗ
2807 748 2898 800 καὶ
2931 747 3259 813 ἐπακούσας,
3280 746 3341 800 τὸ
3370 745 3592 816 Πνεῦμα
3609 746 3671 799 τὸ
3700 764 3912 819 προσρηο

2408 839 2560 893 τικὸν
2596 840 3035 909 ἀποφθέγγεταιο
3081 840 3294 906 Κύριος
3338 837 3594 907 φυλάξει
3633 836 3751 907 τὴν
3783 839 3910 892 εισ-

2409 930 2554 983 οδόν
2583 945 2699 985 σου
2725 930 2824 985 καί
2843 931 2957 998 τὴν
2983 930 3197 995 ἐξοδόν
3219 945 3354 984 σου.

2409 1018 2554 1091 Ἦρα
2574 1022 2714 1088 τοὺς
2742 1023 3086 1092 ὀφθαλμούς
3109 1040 3227 1091 μου
3246 1024 3333 1088 είς
3354 1023 3425 1075 τὰ
3453 1021 3558 1091 ὅρη
3585 1063 3598 1077 .
3627 1061 3642 1074 .
3672 1062 3688 1076 .
3716 1062 3731 1076 .
3761 1060 3778 1076 .
3807 1065 3822 1079 .
3853 1063 3864 1075 .
3897 1063 3909 1074 .

2353 1113 2413 1168 Ἠ
2433 1111 2684 1177 ,βοήθειά
2709 1129 2827 1181 μου
2857 1111 3013 1181 παρὰ
3033 1111 3250 1180 Κυρίου
3279 1110 3382 1166 τοῦ
3409 1111 3780 1177 ποιήσαντος
3809 1113 3912 1163 τὸν

2341 1204 2600 1272 οὐρανόν
2631 1202 2730 1256 καί
2767 1201 2882 1270 τὴν
2911 1201 3047 1271 τῆν.
3086 1195 3212 1254 ’Τοῦ
3241 1201 3374 1255 Θεοῦ
3402 1200 3704 1264 δεικνύντος
3737 1200 3800 1253 τὸ
3825 1201 3910 1252 δυο

2339 1294 2531 1357 νατδν,
2576 1293 2686 1348 Τοῦ
2714 1293 3116 1361 ποιήσαντος,
3146 1293 3278 1362 φησὶ
3299 1332 3314 1358 ,
3349 1291 3456 1347 τὸν
3505 1292 3769 1362 οὐρανὸν
3815 1291 3912 1346 καί

2339 1385 2456 1455 τὴν
2487 1386 2623 1456 γῆν.

2411 1477 2507 1546 Μὴ
2539 1477 2658 1542 δῴη
2690 1478 2776 1541 είς
2801 1474 2998 1529 σάλον
3025 1474 3132 1529 τὸν
3157 1473 3311 1528 πόδα
3336 1489 3473 1534 σου,
3503 1475 3658 1543 μηδὲ
3690 1472 3913 1529 νυστά-

2343 1568 2418 1635 ξῃ
2451 1572 2482 1621 ό
2513 1567 2849 1636 φυλάσσων
2877 1582 2972 1620 σε.
3046 1565 3261 1634 Ταύτην
3285 1565 3374 1636 ἔχε
3409 1564 3508 1635 τὴν
3552 1565 3744 1618 ἐλπίδα
3767 1605 3782 1629 ,
3819 1565 3914 1618 καὶ

2345 1656 2511 1728 σώζῃ.
2544 1657 2616 1710 Τὸ
2640 1657 2718 1721 δὲ,
2755 1658 2827 1710 οὐ
2853 1656 3160 1721 νυστάζει,
3193 1655 3253 1708 οὐ
3283 1655 3344 1709 τὸ
3374 1656 3628 1708 ἐπίπονον
3661 1655 3774 1709 ἀπὸ
3803 1656 3912 1710 τῶν

2344 1749 2716 1819 φυλαττόντων
2745 1749 2844 1812 τὰς
2887 1749 3148 1821 στρατιὰς
3180 1748 3273 1802 καὶ
3318 1748 3498 1813 πόλεις
3527 1749 3620 1803 καὶ
3663 1748 3912 1820 ποίμνια,

2343 1841 2479 1895 ἀλλὰ
2501 1841 2562 1893 τὸ
2588 1840 2794 1903 ἀπαθὲς
2812 1839 2874 1892 τὸ
2897 1840 3047 1893 Θείον
3068 1840 3216 1910 δηλοῖ
3236 1839 3315 1906 τὸ,
3351 1841 3423 1893 οὐ
3451 1839 3743 1905 νυστάζει
3772 1839 3915 1895 οὐδὲ

672 1913 943 1984 signiﬁcat
977 1915 1107 1968 illud
1135 1933 1149 1968 :
1179 1913 1298 1968 Non
1343 1916 1649 1972 dormitabit
1693 1935 1853 1988 neque
1883 1921 2105 1975 dormiet
2156 1923 2246 1991 qui

2348 1933 2610 1987 ὑπνὼσει
2635 1934 2668 1985 ό
2691 1929 3030 2000 φυλάσσων
3065 1929 3320 1997 Ἰσραήλ.
3345 1932 3503 1983 Δοκεῖ
3521 1930 3578 1984 δὲ
3604 1931 3912 1994 νυστάζειν,

671 2006 903 2060 custodit
938 2005 1128 2060 Israel.
1169 2006 1388 2062 \‘idetur
1421 2019 1600 2064 autem
1627 2012 2082 2071 dormitareeum
2128 2025 2244 2068 tur-

673 2097 917 2152 bulentis
967 2097 1132 2167 hujus
1166 2101 1288 2154 vita
1319 2102 1551 2171 negotiis
1600 2115 1652 2157 et
1703 2105 1917 2160 insidiis
1951 2107 2240 2174 agitamur.

748 2189 799 2243 5.
836 2187 1090 2243 Dominus
1117 2191 1381 2244 custodiat
1412 2203 1460 2245 te
1484 2233 1498 2257 ,
1537 2192 1791 2246 Dominus
1830 2199 2076 2263 protectio
2130 2209 2242 2265 tua,

2343 2027 2560 2080 ὲπειδὰν
2571 2029 2682 2090 τοῖς
2696 2025 2947 2089 ἁστάτοις
2973 2023 3064 2078 τοῦ
3093 2024 3208 2094 βίου
3238 2023 3578 2094 σαλευόμεθα
3599 2024 3913 2095 πράγμασι,

2343 2122 2462 2182 ταῖς
2487 2118 2606 2172 καθ’
2634 2117 2788 2188 ήμῶν
2817 2116 3144 2179 ἐπιϐουλαῖς.

2414 2213 2628 2280 Κύριος
2656 2209 2920 2279 φυλάξαι
2948 2224 3044 2272 σε,
3063 2209 3276 2275 Κύριος
3289 2205 3487 2274 σκέπη
3516 2223 3639 2269 σοι,
3661 2205 3763 2259 ἐπὶ
3795 2204 3915 2273 χεῖ-

674 2293 832 2347 super
866 2295 1075 2331 manum
1127 2280 1397 2333 dexteram
1451 2291 1615 2335 tuam.
1669 2280 1903 2351 Idipsum
1945 2285 1996 2337 in
2033 2286 2245 2340 dreimo

2348 2321 2416 2370 pa
2446 2301 2652 2366 δεξιάν
2683 2317 2821 2354 σου.
2872 2298 3047 2351 Τοῦτο
3088 2299 3181 2350 καὶ
3228 2299 3285 2349 ὲν
3311 2296 3390 2368 τῷ
3424 2304 3497 2351 ts'
3526 2297 3630 2369 ἔφη
3675 2295 3878 2368 ψαλμῷ

673 2369 868 2438 quinto
916 2370 1127 2438 psalmo
1173 2371 1284 2425 ait:
1318 2371 1658 2427 Providebam
1711 2373 1990 2429 Dominum
2022 2378 2075 2429 in
2122 2395 2245 2431 con-

673 2469 852 2527 spectu
890 2477 998 2514 meo
1033 2477 1265 2530 semper,
1301 2466 1550 2534 quoniam
1578 2484 1609 2518 a
1640 2466 1842 2520 dextris
1867 2479 1944 2520 est
1987 2469 2150 2532 mihi,
2183 2485 2245 2522 ne

671 2564 1000 2604 commoveor
1026 2550 1091 2608 ⁷⁸.
1124 2551 1188 2606 Et
1225 2553 1329 2607 hoc
1359 2555 1483 2608 item
1514 2556 1636 2610 loco
1666 2556 1801 2610 dicit
1826 2574 1838 2610 ε
1863 2557 1943 2610 Ad
1969 2559 2242 2611 dexteram

674 2658 897 2698 manum
933 2653 1080 2697 tuam
1116 2646 1469 2712 constitutus,
1500 2657 1553 2702 et
1575 2658 1839 2721 proteget,
1876 2658 1930 2705 et
1954 2652 2242 2716 custodiet,

673 2741 729 2787 et
763 2733 913 2787 omni
941 2735 1279 2803 providentia
1311 2737 1640 2808 dignabitur.

1029 2823 1305 2881 Canticum
1334 2831 1613 2898 graduum.
1683 2829 1890 2887 CXXI.

1259 2922 1300 2973 Α
1311 2932 1660 2990 rgumentum.

673 3009 918 3067 Tertium
959 3012 1233 3067 canticum
1287 3013 1391 3067 iter
1446 3015 1734 3082 agentibus
1772 3016 2030 3084 pradicat
2077 3023 2136 3069 ut
2192 3015 2244 3067 in

747 3101 967 3156 domum
998 3098 1094 3155 Dei
1123 3102 1442 3157 concedant.
1501 3103 1680 3169 Quare
1713 3105 1793 3159 sic
1819 3105 2079 3176 loquitur.

747 3279 802 3334 1.
842 3277 1080 3335 Lanatus
1129 3282 1339 3334 sumin
1376 3283 1442 3335 iis
1491 3300 1609 3352 quc
1646 3285 1788 3337 dicta
1821 3295 1945 3339 sunt
1995 3287 2121 3339 milii
2150 3303 2166 3339 :
2194 3289 2246 3340 in
2275 3277 2317 3309 ¹⁴

673 3371 890 3423 domum
927 3369 1145 3424 Domini
1192 3371 1406 3426 ibimus.

745 3459 801 3514 2.
832 3458 1047 3516 Stantes
1086 3474 1235 3517 erant
1263 3463 1414 3532 pedes
1462 3465 1632 3517 nostri
1673 3465 1726 3517 in
1756 3466 1909 3519 atriis
1938 3468 2067 3534 tuis,
2096 3466 2252 3522 Jeru-

675 3551 866 3608 salem.
920 3553 1034 3610 Vox
1064 3570 1257 3611 senum
1288 3557 1402 3613 ham
1430 3568 1534 3622 est,
1573 3558 1665 3627 qui
1701 3561 2066 3628 captivitatem
2094 3562 2252 3615 susti-

677 3655 947 3709 nuerunt,
1005 3655 1060 3700 et
1101 3655 1327 3700 narrant
1381 3647 1546 3717 pedes
1598 3664 1730 3704 suos
1779 3651 1979 3706 auibus
2005 3651 2118 3722 jam
2153 3653 2251 3707 iter

679 3747 905 3808 agerent
926 3738 1056 3792 olim
1085 3738 1303 3795 stetisse
1320 3740 1394 3794 'in
1428 3740 1754 3796 Jerusalem.

753 3915 807 3968 5.
841 3912 1136 3969 Jerusalem
1157 3957 1171 3980 ,
1199 3933 1315 3985 quw
1341 3918 1641 3986 trdi/icatur
1671 3929 1728 3972 ut
1762 3921 1966 3974 civitas.
2031 3920 2110 3975 Ita
2133 3961 2148 3986 ,
2173 3920 2253 3974 in-

685 4007 826 4076 quit,
860 4007 1055 4061 civitas
1083 4008 1213 4062 olim
1237 4018 1388 4073 erat;
1417 4026 1524 4064 non
1555 4011 1683 4067 hinc
1714 4012 1836 4066 inde
1863 4012 2126 4082 dispersa,
2158 4013 2250 4068 sed

679 4097 756 4151 ita
814 4107 1131 4154 construCta
1153 4137 1169 4161 ,
1223 4109 1283 4153 ut
1339 4100 1612 4156 videretur
1639 4117 1747 4157 una
1776 4103 1973 4159 domus
2001 4117 2154 4169 esse,
2185 4119 2251 4159 ex

678 4190 967 4243 domorum
999 4191 1262 4245 continua
1297 4193 1440 4247 set-ie
1464 4194 1932 4254 et‘coucinnitatc.

751 4367 806 4422 ι.
854 4364 996 4420 Illuc
1023 4369 1161 4422 enim
1186 4370 1533 4424 ascenderunt
1563 4372 1752 4428 tribus.
1813 4371 2015 4430 Omnes
2051 4375 2246 4442 tribus,

680 4460 880 4531 inquit,
923 4477 1043 4531 quae
1068 4477 1132 4517 ex
1166 4460 1397 4533 Egypto
1420 4480 1513 4534 per
1546 4466 1800 4520 virtutem
1835 4465 2050 4522 Domini
2073 4483 2252 4538 egres-

681 4566 756 4606 sa
792 4561 938 4614 sunt,
975 4553 1042 4605 ad
1067 4567 1185 4606 eam
1215 4553 1404 4606 urbem
1437 4554 1814 4622 properabant,
1856 4557 1922 4610 ad
1960 4555 2241 4612 ferendum
2284 4593 2328 4649 υ

681 4643 1087 4709 testimonium,
1121 4644 1232 4698 sive
1261 4646 1327 4699 ad
1371 4647 1571 4715 gratias
1614 4647 1853 4716 agendas
1903 4647 2014 4704 Deo
2059 4648 2245 4706 Israel.

681 4735 764 4790 Ad
797 4737 1152 4804 confitendum
1181 4739 1378 4790 nomini
1407 4739 1635 4794 Domini.
1668 4740 1920 4814 quuod
1947 4742 2251 4814 impleverit

680 4827 1056 4884 admirabilem
1099 4831 1518 4898 promissionem
1552 4847 1730 4888 suam.
1758 4812 2042 4890 'Thronos'
2067 4846 2248 4892 autem

680 4921 879 4976 domus
911 4919 1074 4976 David
1111 4938 1275 4992 super
1297 4938 1416 4976 eam
1445 4922 1700 4980 {nudatos
1723 4940 1845 4981 esse
1870 4925 1966 4992 ait,
1989 4929 2248 4998 quoniam

681 5013 892 5067 scilicet
923 5027 1148 5082 regnum
1189 5015 1242 5067 in
1273 5029 1462 5070 omnes
1507 5017 1835 5084 prxenuntiat
1887 5017 2077 5075 David.
2132 5018 2250 5075 Non

683 5103 850 5157 unius
880 5102 1168 5172 imperium
1204 5119 1540 5170 memorans,
1573 5108 1664 5161 sed
1695 5122 2008 5174 commune,
2040 5109 2092 5162 in
2123 5111 2253 5178 Opti-

684 5211 806 5250 mos
834 5204 887 5250 et
917 5196 1358 5268 religiosissimos
1387 5213 1632 5267 quosque
1659 5239 1675 5264 ,
1709 5214 1740 5254 a
1785 5200 1983 5268 quibus
2025 5216 2250 5271 regnum

685 5288 907 5343 Davidis
933 5290 1161 5359 erigitur
1188 5305 1283 5360 per
1311 5293 1538 5358 gratiam
1570 5291 1772 5347 Christi
1801 5310 1814 5346 :
1842 5293 1938 5361 qui
1967 5293 2250 5349 duodecim

687 5382 947 5451 apostolis
968 5423 982 5447 ,
1016 5397 1179 5451 super
1209 5383 1494 5437 duodecim
1523 5384 1750 5438 thronos
1780 5384 2092 5440 sedentibus
2115 5425 2130 5450 ,
2159 5401 2252 5455 po-

686 5483 935 5529 testatein
970 5474 1117 5529 dedit
1148 5474 1425 5544 iudicandi
1453 5473 1724 5530 lsraelem.

759 5565 814 5620 5.
837 5563 976 5628 Quia
1005 5565 1116 5619 illic
1137 5567 1376 5619 sederunt
1407 5567 1580 5619 throni
1613 5567 1664 5620 in
1686 5567 1913 5634 judicio.
1948 5567 2253 5624 Secundum

689 5652 974 5708 historiam
1013 5655 1121 5709 iilic
1159 5654 1302 5723 regia
1355 5654 1485 5719 fuit,
1521 5655 1629 5710 illic
1664 5657 2004 5712 sacerdotum
2036 5655 2252 5719 throni;

757 5834 802 5865 ”
826 5833 962 5889 Paul.
1000 5853 1086 5892 λγ,
1123 5836 1153 5882 8

2343 2393 2738 2461 Προεωρώμην
2767 2389 2875 2442 τὸν
2903 2390 3120 2456 Κύριον
3140 2387 3395 2441 ἐνώπιόν
3418 2404 3539 2456 μου
3567 2386 3926 2451 διαπαντὸς,

2344 2484 2433 2537 ὅτι
2456 2484 2524 2536 ἐκ
2555 2479 2768 2546 δεξιῶν
2783 2481 2901 2550 μού
2928 2481 3116 2543 ἐστιν,
3150 2480 3251 2533 ἵνα
3267 2477 3353 2548 μὴ
3374 2477 3670 2536 σαλευθῶ.
3706 2477 3820 2532 Καὶ
3842 2478 3920 2530 ιν.

2343 2573 2516 2626 ταῦθα
2551 2573 2710 2626 πάλιν
2747 2571 2942 2642 φησὶν,
2992 2571 3074 2623 ὅτι
3111 2570 3268 2642 Παρὰ
3294 2569 3392 2642 τὴν
3419 2566 3598 2635 δεξιάν
3632 2585 3726 2622 σοι
3763 2570 3920 2640 χεῖρα

2344 2665 2648 2733 γενόμενος,
2688 2662 2782 2713 καὶ
2811 2660 3106 2724 σκεπὰσει,
3139 2660 3231 2713 καὶ
3259 2659 3589 2730 φρουρήσει,
3619 2659 3716 2711 καὶ
3737 2657 3919 2730 πάσης

2346 2753 2567 2818 ἀξιώσει
2596 2752 2872 2822 προνοίας.

2688 2840 2825 2911 ’ῼὸἡ
2861 2838 2978 2894 τῶν
3010 2836 3381 2909 ἀναϐαθμῶν.
3419 2839 3599 2894 PKA'.

2967 2931 2980 2950 ⁰
2993 2934 3300 2999 Υπόθεσις.

2357 3025 2421 3077 Ἦ
2457 3023 2614 3096 τρίτη
2642 3023 2751 3094 ᾠδὴ
2777 3024 2902 3087 τοὺς
2934 3023 3012 3076 ἔτι
3055 3022 3464 3094 ὁδοιποροῦντας
3488 3021 3917 3090 εὐαγγελίζεται,

2415 3115 2513 3185 τὴν
2544 3117 2622 3178 εἰς
2649 3115 2737 3168 τὸν
2761 3109 2906 3168 οῐκον
2934 3114 3026 3168 τοῦ
3046 3113 3180 3167 Θεοῦ
3200 3113 3403 3184 ἄφιξιν.
3428 3114 3518 3166 Διὸ
3531 3113 3921 3184 καὶξὰναφθέγ-

2415 3223 2590 3274 γεται.

2409 3298 2774 3368 Ηύφράνθην
2803 3295 2902 3350 ἐπὶ
2950 3295 3074 3362 τοῖς
3111 3299 3378 3366 είρηκόσι
3418 3314 3553 3367 μοι’
3619 3299 3710 3366 είς
3753 3293 3920 3355 οἷκον

2348 3395 2568 3462 Κυρίου
2597 3391 3026 3461 πορευσόμεθα.
3412 3447 3424 3455 _

2431 3481 2713 3547 Ἐστῶτες
2743 3477 2905 3550 ἦσαν
2936 3483 2989 3533 oi
3033 3479 3213 3546 πόδες
3250 3478 3417 3548 ἡμῶν
3443 3479 3513 3532 ἐν
3547 3480 3676 3548 ταῖς
3703 3481 3920 3550 αὐλαῖς

2349 3587 2491 3635 σου,
2532 3569 2940 3641 Ἰερουσαλήμ.
2966 3569 3111 3641 Αὕτη
3141 3570 3248 3623 τῶν
3275 3570 3660 3642 γεγηρακότων
3683 3574 3718 3644 ἡ
3748 3574 3920 3645 φωνὴ.

2350 3665 2457 3718 τῶν
2483 3664 2575 3718 καὶ
2608 3665 2707 3737 τὴν
2738 3663 3110 3735 αἰχμαλωσίαν
3138 3664 3575 3734 ὑπομεινάντων,
3629 3666 3922 3738 διηγουμέ-

2350 3774 2477 3820 νων,
2505 3757 2580 3818 ὼς
2607 3757 2714 3826 ἄρα
2739 3755 2919 3808 αὐτῶν
2946 3755 2993 3807 οί
3022 3756 3200 3818 πῶες,
3234 3756 3283 3807 οί
3309 3754 3404 3806 νῦν
3428 3756 3527 3826 τὴν
3550 3758 3779 3821 πορείαν
3800 3776 3922 3812 ποι-

2349 3847 2591 3916 ούμενοι,
2619 3845 2786 3898 πάλαι
2819 3844 3050 3914 ἔστησαν
3076 3846 3132 3898 ἐν
3168 3844 3538 3917 Ἰερουσαλήμ.

2427 3937 2814 4007 Ἰερουσαλὴμ
2861 3938 3325 4008 οἰκοδομουμένη
3357 3940 3437 4005 ὠς
3487 3940 3683 4004 πόλις.
3745 3941 3921 4005 Οὕτω,

2349 4032 2512 4102 φησιν
2537 4072 2551 4094 ,
2580 4027 2645 4103 ἦν
2677 4031 2843 4084 πάλαι
2883 4032 2960 4095 ὡς
2989 4031 3141 4094 πόλις
3167 4072 3182 4096 ,
3212 4031 3273 4084 οὐ
3299 4031 3665 4103 διεσπαρμένῃ
3694 4025 3801 4087 ὧδε
3831 4052 3925 4088 κα-

2352 4129 2499 4180 κεῖσε
2521 4143 2534 4156 ·
2577 4125 2691 4179 ἀλλ’
2713 4124 2885 4188 οὕτως
2908 4120 2977 4194 ἧν
3002 4124 3317 4197 ἡρμοσμένῃ
3343 4163 3358 4189 ,
3387 4123 3462 4188 ὡς
3480 4123 3628 4189 δόξαι
3654 4126 3753 4179 ἕνα
3781 4125 3923 4180 οἶκον

2353 4215 2494 4273 εἶναι
2526 4221 2591 4290 τῇ
2628 4217 2887 4289 συναφείᾳ
2915 4216 3008 4271 καὶ
3037 4219 3104 4290 τῇ
3131 4218 3362 4290 ἁρμονίᾳ
3405 4218 3513 4272 τῶν
3551 4218 3922 4292 οίκοδομημά-

2348 4328 2457 4366 των
2464 4351 2478 4366 ο

2434 4401 2596 4455 Ἔκεῖ
2611 4401 2722 4472 γὰρ
2751 4401 3056 4468 ἀνέϐησαν
3086 4401 3145 4453 αι
3171 4400 3378 4469 φυλαί.
3409 4400 3587 4455 Πᾶσαι
3632 4402 3688 4455 αί
3735 4402 3920 4470 φυλαὶ,

2351 4494 2515 4564 φησὶν
2535 4533 2550 4556 ,
2582 4493 2640 4559 ἐξ
2670 4493 2944 4561 Αἰγύπτου
2967 4490 3192 4561 δυνάμει
3221 4490 3426 4562 Κυρίου
3455 4488 3766 4556 ἐξελθοῦσαι
3794 4531 3811 4553 ,
3845 4491 3922 4553 είς

2425 4585 2521 4656 τὴν
2545 4585 2799 4638 ἔσπευδον
2825 4585 2923 4654 τὴν
2949 4583 3101 4636 πόλιν
3134 4582 3476 4655 μαρτυρῆσαι
3500 4621 3515 4646 ,
3547 4581 3665 4652 ἦτοι
3697 4583 3922 4653 εὑχαρι⁹

2353 4676 2548 4746 στῆσαι
2576 4674 2655 4746 τῷ
2677 4675 2793 4746 Θεῷ
2813 4674 2906 4728 τοῦ
2949 4675 3184 4748 Ἰσραήλ.
3225 4672 3335 4728 Τοῦ
3362 4672 3922 4743 ἐξομολογήσασθαι

2349 4767 2429 4834 τῷ
2462 4769 2702 4838 ὀνόματι
2734 4769 2974 4838 Κυρίου.
3018 4768 3132 4837 Ἐφ’
3167 4761 3247 4830 οἷς
3279 4765 3558 4838 ἐπλήρωσε
3583 4765 3680 4836 τὴν
3709 4766 3922 4837 θαυμα-

2352 4859 2472 4913 σίαν
2505 4859 2815 4930 ὑπόσχεσιν,
2845 4858 3066 4930 θρόνους
3096 4873 3154 4910 τε
3178 4854 3273 4910 τοῦ
3303 4857 3451 4912 οἴκου
3484 4854 3646 4910 Δαυῒδ
3673 4855 3920 4928 ίδρυνθῆ-

2351 4952 2438 5007 ναί
2470 4970 2633 5025 φησιν
2665 4953 2748 5006 ἐπ’
2791 4952 2992 5021 αὐτῆς·
3045 4951 3166 5005 ἐπεὶ
3196 4950 3291 5005 καὶ
3337 4948 3609 5020 βασιλείαν
3644 4949 3864 5002 πάντων
3892 4949 3920 5002 ό

2351 5044 2511 5099 Δαυτδ
2538 5042 2868 5116 προφητεύει
2892 5060 2905 5074 ο
2936 5043 3033 5113 οὐχ
3059 5043 3175 5106 ἑνὸς
3200 5041 3373 5110 λέγων
3397 5041 3569 5112 ἀρχὴν
3592 5080 3606 5104 ,
3637 5039 3775 5093 ἀλλὰ
3815 5057 3919 5092 κοι-

2351 5137 2448 5191 νὴν
2467 5174 2482 5198 ,
2508 5135 2648 5206 ὑπὲρ
2678 5134 2914 5207 ἀρίστων
2943 5133 3036 5186 καλ⁹
3068 5130 3527 5185 θεοσεὸεστάτωνο
3559 5128 3624 5181 δι’
3657 5122 3732 5180 ὧν
3760 5129 3794 5198 ἡ
3827 5127 3917 5197 βας

2354 5227 2527 5281 σιλεία
2548 5226 2709 5280 Δαυῒδ
2728 5224 3044 5297 ἁνορθοῦται
3072 5225 3253 5296 χάριτι
3279 5222 3372 5276 τοῦ
3398 5219 3655 5293 Χριστοῦ,
3685 5222 3802 5284 τοῖς
3826 5218 3918 5273 δὼν

2351 5320 2482 5374 δεκα
2512 5319 2800 5381 δεδωκότος
2829 5318 3171 5380 ἀποστόλοις,
3207 5318 3317 5378 τοῖς
3349 5315 3439 5367 ἐπὶ
3468 5312 3676 5367 δώδεκα
3710 5312 3917 5374 θοόνοις

2353 5409 2735 5483 καθεζομένοις
2764 5412 2968 5482 κρίνειν
2991 5409 3082 5462 τὸν
3121 5407 3352 5481 Ἰσραήλ.

2431 5569 2559 5622 ὀτι
2588 5566 2716 5622 ἐκεῖ
2740 5566 3028 5621 ἐκάθισαν
3049 5565 3246 5633 θρόνοι
3270 5565 3358 5626 εἷς
3386 5560 3606 5630 κρίσιν.
3646 5556 3760 5612 Καὶ
3781 5552 3917 5610 κατὰ

2354 5662 2451 5733 τὴν
2482 5659 2721 5714 ίστοοίαν
2748 5659 2863 5712 ἐκεῖ
2883 5658 2952 5713 τὰ
2978 5656 3241 5729 βασίλεια,
3265 5653 3358 5709 καὶ
3377 5653 3484 5708 τῶν
3504 5649 3698 5723 ίεριων
3724 5651 3774 5705 oi
3799 5646 3920 5723 θρό-
