4126 6490
215 449 315 505 513

1289 436 1653 495 EXPOSITIO
1693 435 1757 491 IN
1797 435 2123 492 PSALMUM
2165 433 2399 491 CXXIV.

3333 435 3442 493 3M

211 580 316 620 νον
349 564 536 635 ῶσπερ
563 564 669 616 τινὶ
694 561 862 632 διπλῷ
886 561 1129 630 στεφάνῳ
1149 559 1242 612 καὶ
1261 559 1549 628 διαδήματι
1575 556 1770 610 καλλω-

1876 554 2092 609 civitate
2113 569 2207 608 seu
2234 555 2465 623 quadam
2489 552 2690 622 duplici
2715 567 2913 607 corona
2938 568 3000 608 ac
3021 553 3326 608 diademate
3349 568 3440 607 oro

212 655 506 726 πιςομένης
529 653 630 724 τῆς
655 655 878 717 πόλεως.
913 652 1026 705 Νῦν
1045 652 1098 704 δὲ
1125 650 1336 704 πάντων
1367 648 1655 711 ἔκπτωσις,
1680 647 1774 699 καὶ

209 748 310 818 τῆς
339 747 578 807 παλαιᾶς
614 745 950 815 εὐδαιμονίας
991 744 1243 813 ἐλάχιστα
1274 740 1518 809 λείψανα.
1569 739 1776 807 Θρόνοι

211 839 306 892 ἐπὶ
327 839 496 892 οἷκον
518 836 714 890 Δαυτδ.
751 836 837 887 Ἐν
858 834 1048 904 ταύτῃ,
1074 833 1226 904 φησὶ,
1253 834 1316 901 τῇ
1341 830 1510 894 πόλει,
1535 828 1774 882 τουτέστι

209 931 276 998 τῇ
323 927 696 998 Ἰερουσαλὴμ,
725 925 902 997 θρόνοι
928 923 1185 995 ἐτέθησαν
1210 920 1475 992 βασιλικοί⁸
1506 922 1676 989 κρῖμα
1701 917 1778 970 δί-

211 1037 364 1074 καιον
397 1019 671 1090 κρίνοντες
693 1036 707 1049 ·
748 1010 822 1071 ὧν
852 1015 1063 1088 πρῶτος
1096 1013 1328 1084 κατῆρξε
1358 1011 1552 1074 Δαυῖδ,
1587 1010 1776 1062 ἔπειτα

207 1111 257 1164 oi
287 1110 351 1176 ἐξ
375 1110 538 1163 αὑτοῦ
580 1109 719 1162 κατὰ
752 1106 948 1178 σάρκα.
979 1107 1068 1160 Διὸ
1101 1108 1192 1160 καὶ
1220 1102 1363 1158 οἷκον
1389 1103 1552 1159 αὑτοῦ
1577 1103 1775 1174 ὀνομά-

209 1201 290 1264 ζει
323 1200 418 1254 τοῦ
451 1201 631 1255 Δαυῒδ.

290 1289 658 1358 Ἑρωτήσατε
698 1287 773 1357 δὴ
806 1287 878 1341 τὰ
905 1288 991 1353 εἰς
1031 1286 1277 1354 εἰρήνην
1322 1285 1435 1353 τὴν
1478 1283 1774 1352 Ἰερουσα-

205 1378 351 1448 λήμ.
380 1378 660 1439 Μαθόντες
679 1417 695 1442 ,
733 1376 778 1430 ῶ
805 1370 982 1438 οῦτοι,
1016 1374 1098 1438 τίς
1138 1392 1266 1428 ποτε
1290 1370 1358 1446 ἦν
1402 1373 1771 1445 Ἰερουσαλὴμ,

207 1471 433 1542 εὔχεσθε
462 1471 598 1542 ὑπὲρ
622 1473 719 1540 τῆς
751 1470 971 1541 εἰρήνης
1001 1468 1168 1538 αὐτῆς
1188 1509 1201 1532 ,
1232 1467 1394 1537 μηδὲν
1423 1465 1772 1538 ὲκζητοῦντες

205 1563 392 1634 ἓτερον
419 1561 452 1632 ἢ
481 1562 549 1614 τὰ
573 1561 707 1632 πρὸς
743 1561 963 1631 εἰρήνην
989 1559 1156 1629 αὐτῆς
1190 1558 1560 1612 συντελοῦντα.

279 1656 558 1708 Γενέσθω
587 1652 662 1720 δὴ
691 1652 894 1722 εἰρήνη
913 1652 983 1705 ἐν
1009 1651 1080 1720 τῇ
1105 1649 1353 1720 δυνάμει
1383 1665 1520 1715 σου,
1547 1647 1646 1702 καί
1677 1649 1771 1700 εὑ-

205 1745 381 1811 θηνία
409 1744 480 1797 ἐν
511 1742 632 1807 τοῖς
655 1740 1052 1812 πυρῃηοόἀρεσί
1073 1756 1210 1795 σου.
1253 1741 1394 1794 Ἀντὶ
1426 1739 1540 1805 τοῦ,
1575 1742 1633 1793 ἐν
1661 1741 1770 1801 τοῖς

205 1835 496 1905 βασιλείοις
521 1850 632 1886 σου.
654 1832 893 1904 Εῦχομαί
925 1851 1023 1898 σοι,
1055 1833 1207 1903 φησὶ,
1241 1832 1309 1886 τὰ
1335 1827 1514 1900 ἀγαθὰ
1536 1830 1623 1884 διὰ
1644 1829 1769 1890 τοὺς

203 1904 542 1989 ἐνοικοῦντας
576 1927 635 1979 ὲν
667 1927 768 1989 σοὶ,
791 1924 1012 1995 πλησίον
1034 1925 1192 1988 ὄντας
1213 1925 1304 1978 καὶ
1327 1922 1604 1992 ἀδελφούς.
1636 1919 1771 1974 Ταῦ·
1799 1904 1842 1958 Β

203 2034 271 2072 τα
298 2017 406 2086 γὰρ
438 2018 487 2070 οἱ
517 2017 884 2087 γεγηρακότες
908 2015 1154 2087 εὔχονται
1186 2019 1251 2086 τῇ
1294 2013 1677 2086 Ἰερουσαλὴμ,
1708 2011 1770 2066 τὺ

203 2112 259 2164 ὲν
287 2111 402 2173 τοῖς
432 2110 668 2178 τείχεσιν
698 2109 866 2179 αὐτῆς
898 2105 1038 2161 εἶναι
1076 2109 1316 2180 εἰρήνην.
1376 2106 1630 2176 Δυνάμει
1660 2105 1769 2178 γὰρ

201 2200 267 2252 τὰ
299 2199 456 2267 τείχη
487 2197 676 2267 φησίν·
731 2198 763 2268 ἢ
799 2197 919 2251 καθ’
965 2198 1150 2269 ἕτερον
1182 2197 1337 2264 λόγον
1380 2197 1505 2260 τοὺς
1534 2199 1590 2250 ὲν
1631 2196 1765 2267 αὐτῇ

205 2291 416 2357 ἁγίους.

270 2383 486 2434 Ἕνεκα
531 2381 635 2436 τοῦ
669 2381 838 2436 οἴκου
897 2383 1114 2450 Κυρίου
1149 2384 1253 2436 τοῦ
1284 2380 1429 2436 Θεοῦ
1467 2378 1636 2449 ἡμῶν
1667 2378 1768 2444 ἐξ·

199 2469 460 2540 εζήτησα
494 2470 684 2541 ἀγαθά
707 2487 827 2525 σοι.
863 2471 1012 2524 Ἐπεὶ
1035 2472 1093 2523 ὲν
1121 2473 1201 2524 σοί
1231 2473 1397 2532 ἐστιν,
1421 2465 1465 2524 ὦ
1493 2471 1766 2541 Ἰερουσα-

201 2563 327 2635 λὴμ,
345 2559 531 2626 ὁοῖκος
557 2562 651 2616 τοῦ
669 2561 802 2616 Θεοῦ
822 2561 1001 2633 ἡμῶν,
1028 2562 1385 2633 ἀμειϐόμενός
1412 2579 1472 2616 σε
1497 2559 1769 2630 ἐξεζήτη-

200 2671 280 2708 σα
295 2655 486 2726 ἀττιθὰ
500 2670 619 2709 σοι.

542 2745 666 2817 ῼδὴ
695 2743 813 2800 τῶν
842 2742 1213 2814 ἀναϐαθμῶν.
1250 2747 1440 2799 PKB'.

819 2835 1141 2899 Ὑπόθεσις.

213 2929 275 2980 Ἦ
313 2928 546 2998 τετάρτη
593 2925 702 2996 ᾠδὴ
736 2925 899 2995 εὐχὴν
944 2924 1185 2994 περιέχει
1217 2923 1324 2976 τῶν
1354 2923 1414 2976 ιν
1450 2925 1522 2994 τῇ
1557 2923 1766 2977 ὁδοιπο-

272 3016 366 3087 ρίᾳ
418 3014 507 3067 διὰ
541 3012 748 3066 πολλῶν
799 3009 935 3065 ἑτῶν
966 3010 1064 3082 τὴν
1096 3010 1352 3065 ἐπάνοδον
1406 3012 1760 3082 ποιουμένων.

269 3110 334 3162 Οἳ
365 3107 458 3161 καὶ
476 3145 494 3170 ,
518 3104 782 3176 καμόντες
803 3102 942 3157 κατὰ
961 3103 1059 3175 τὴν
1089 3103 1205 3157 ὁδὸν
1221 3143 1236 3168 ,
1267 3103 1448 3167 ὲλέους
1470 3103 1562 3157 ml.
1581 3103 1763 3158 οῐκτου

267 3202 477 3255 δέονται
501 3201 681 3269 τυχεῖν
720 3195 871 3268 παρά
899 3196 993 3250 τοῦ
1034 3196 1169 3250 Θεοῦ
1190 3238 1204 3262 ,
1244 3195 1320 3260 ὼς
1353 3195 1600 3268 ὲξουθενη
1610 3198 1762 3268 μένοι
1790 3231 1832 3287 C

269 3289 421 3364 παρὰ
455 3288 564 3342 τῶν
599 3287 786 3343 ἐθνῶν.
821 3287 914 3341 Διὸ
943 3288 1034 3341 καὶ
1064 3285 1464 3356 ἁναφθέγγεται
1496 3287 1632 3357 πρὸς
1665 3288 1764 3341 αὐ-

266 3384 391 3446 τοὺς
415 3380 902 3453 παραμυθούμενον
928 3379 988 3432 τὸ
1021 3377 1263 3448 Πνεῦμα,
1295 3378 1388 3430 καὶ
1411 3375 1591 3445 λέγον
1636 3376 1764 3445 To'i'c

267 3472 598 3543 εὐθηνοῦσι
630 3471 696 3526 τὸ
724 3469 972 3535 ὄνειδος.

266 3565 423 3635 Πρὸς
445 3563 521 3619 σὲ
545 3560 660 3633 ἦρα
683 3560 823 3626 τοὺς
853 3561 1196 3630 ὀφθαλμούς
1229 3578 1348 3629 μου
1369 3601 1384 3626 ,
1418 3561 1524 3615 τὸν
1568 3578 1762 3616 natos-

198 3657 421 3713 κοῦντα
444 3655 513 3708 ἐν
537 3652 618 3718 τῷ
644 3651 894 3721 οὐρανῷ.
933 3651 1079 3706 Ἰδοὺ
1109 3653 1189 3717 ὡς
1209 3651 1500 3721 ὀφθαλμοί
1528 3651 1764 3706 δούλων

196 3753 284 3816 εἰς
313 3747 515 3819 χεῖρας
560 3744 678 3801 τῶν
717 3747 936 3816 κυρίων
980 3742 1194 3799 αὐτῶν.
1249 3743 1368 3796 Τῶν
1401 3743 1501 3814 μὲν
1532 3743 1761 3813 ἐχόντων

198 3841 258 3896 τὸ
285 3840 501 3911 πνεῦμα
530 3839 626 3910 τῆς
655 3836 894 3902 δουλείας
935 3837 1015 3901 εἰς
1048 3835 1212 3906 φόὸον
1249 3833 1514 3906 ὀφθαλμοὶ
1541 3836 1620 3899 εἰς
1646 3837 1758 3906 χεῖ-

198 3952 298 4006 ρας
329 3933 532 4005 κυρίων
573 3949 633 3985 τε
676 3931 770 3985 καὶ
819 3929 1042 4001 κυρίαςο
1075 3927 1169 3982 τοῦ
1205 3927 1262 3981 δὲ
1309 3927 1370 3980 τὸ
1405 3925 1617 3998 πνεῦμα
1663 3927 1761 3997 τῆς

197 4025 468 4087 υἱοθεσίας
493 4022 725 4092 ἔχοντος,
754 4020 889 4091 πρὸς
914 4018 1115 4090 Κύριον
1145 4017 1236 4069 τὸν
1264 4016 1414 4069 Θεόν.

279 4114 575 4181 Ἐλέησον
600 4110 776 4180 ἡμᾶς,
810 4110 1004 4178 Κύριε,
1034 4107 1296 4175 ἐλέησον
1320 4105 1496 4176 ἡμᾶς.
1542 4106 1602 4159 '0
1630 4106 1760 4159 ἀνα-

195 4205 589 4276 διπλασιασμὸς
615 4203 765 4276 δηλοί
786 4202 846 4256 τὸ
872 4202 1070 4275 θερμὸν
1105 4204 1204 4272 τῆς
1233 4201 1497 4271 αἰτήσεως
1518 4239 1532 4262 ,
1558 4198 1654 4268 οὐχ
1683 4198 1758 4262 ὼς

194 4299 331 4368 ἄξιοι
356 4298 448 4352 τὸν
490 4296 636 4350 ἔλεον
675 4293 966 4364 αἰτοῦμεν,
994 4291 1108 4345 ἀλλ’
1147 4292 1224 4354 ὡς
1259 4288 1608 4344 ἐπονείδιστον,
1639 4287 1758 4344 λίαν

194 4391 496 4464 γενόμενοι.

519 4479 657 4550 ’ῼδὴ
693 4476 809 4532 τῶν
833 4474 1201 4546 ἀναϐαθμῶν.
1234 4475 1383 4528 PK!“
1396 4477 1428 4527 '.

501 4572 571 4626 Et
593 4569 679 4641 μὴ
709 4569 796 4623 ὅτι
819 4571 1033 4636 Κύριος
1060 4564 1141 4638 ἦν
1175 4565 1244 4619 ἑν
1271 4563 1436 4635 ἡμῖν.

815 4661 1134 4722 Ὺπόθεσις.

191 4752 300 4825 Τὴν
320 4751 578 4822 πέμπτην
600 4749 740 4822 ᾠδὴν
758 4750 971 4821 ᾄδοντες
992 4749 1041 4801 οἰ
1066 4747 1350 4810 ἐπιϐάντες
1369 4748 1467 4816 τῆς
1497 4744 1752 4806 Ἰουδαίας

257 4843 380 4913 γῆς,
409 4840 572 4910 εὐχὰς
604 4840 1034 4910 ἀναπέμπουσιν,
1066 4840 1148 4907 ἐφ’
1169 4833 1250 4902 οἷς
1277 4835 1618 4907 ὲρῤύσθησαν
1646 4835 1752 4888 ἀπὸ

254 4933 353 5005 τῆς
390 4931 767 5002 αἰχμαλωσίας
796 4932 884 4985 καὶ
913 4931 1018 4983 τῶν
1054 4931 1254 5000 μεταξὺ
1289 4927 1516 4999 ἐχθρῶν.

501 5022 638 5092 ᾮδὴ
677 5023 794 5076 τῶν
822 5020 1192 5090 ἀναϐαθμῶν.
1261 5024 1397 5076 ΡΚΔ
1418 5027 1449 5074 ’.

310 5117 376 5169 οι
407 5114 752 5180 πεποιθότες
786 5114 882 5168 ἐπὶ
915 5114 1134 5181 Κύριον
1162 5114 1242 5179 ὡς
1269 5113 1405 5182 ὄρος
1435 5110 1605 5166 Σιών.

804 5203 818 5222 ⁸
831 5206 1134 5267 Υπόθεσις.

190 5296 294 5368 Τὴν
320 5295 487 5368 ἕκτην
513 5297 653 5367 ᾠδὴν
683 5295 894 5366 ᾅδουσιν
923 5296 1008 5349 ἐπ’
1032 5294 1162 5348 αὐτὸ
1188 5293 1249 5348 τὸ
1270 5293 1598 5364 ποθούμενον
1626 5294 1749 5364 ὅρος

255 5389 554 5459 γενόμενοι.
612 5382 744 5441 Εἶτα
821 5387 1050 5457 δρῶντες
1085 5385 1182 5458 τὴν
1226 5387 1378 5440 πόλιν
1425 5384 1745 5455 ἀτείχιστον,

257 5485 434 5552 τεῖχος
461 5479 600 5550 αὐτῇ
628 5480 728 5550 τὴν
772 5477 865 5532 τοῦ
916 5481 1120 5551 Κυρίου
1150 5479 1465 5550 ἐπικουρίαν
1499 5476 1746 5548 εὔχονται

252 5571 524 5642 γενέσθαι,
557 5569 710 5639 φησὶ,
734 5571 828 5623 καὶ
862 5569 967 5642 μὴν
992 5572 1086 5623 καὶ
1112 5570 1220 5624 τῶν
1248 5569 1457 5642 ἐχθρῶν
1485 5567 1744 5641 θαρροῦσι

252 5664 532 5734 διαφυγεῖν
563 5660 662 5725 τὰς
691 5661 1002 5725 ἐπιϐουλάς·
1036 5662 1093 5727 ἐξ
1122 5664 1289 5735 αὐτῆς
1317 5662 1370 5714 δὲ
1393 5663 1490 5732 τῆς
1523 5664 1741 5716 ἐπικου-

254 5824 296 5856 ⁸⁶
326 5822 485 5876 Rom.
518 5834 638 5884 vm,
674 5818 760 5875 i5.
838 5817 880 5850 "
909 5819 1035 5874 ibid.

1780 4561 1828 4623 D

1879 655 2022 700 nata.
2072 644 2192 700 Jam
2219 660 2347 700 vero
2371 645 2610 699 omnium
2643 645 2795 698 ruina
2845 646 3082 698 cernitur
3112 654 3163 700 et
3197 645 3440 714 pristina:

1877 736 2150 792 felicitatis
2203 737 2441 807 reliquiae
2488 737 2713 807 exiguae.
2781 736 2974 790 Throni
3021 754 3174 805 super
3225 737 3440 790 domum

1882 829 2067 882 David.
2104 829 2160 882 ln
2191 829 2311 894 hac,
2345 828 2544 897 inquit,
2578 829 2820 893 civitate,
2849 829 2899 881 id
2925 837 3006 882 est
3038 829 3089 881 in
3114 827 3435 891 Jerusalem,

1878 924 2055 978 throni
2095 923 2226 990 regii
2258 921 2415 992 positi
2456 930 2617 987 sunt,
2651 921 2703 974 in
2738 921 2940 990 quibus
2976 920 3248 988 justorum
3285 920 3436 989 judi-

1875 1019 2018 1073 cium
2056 1017 2317 1072 redditur.
2405 1014 2556 1082 Quos
2613 1015 2761 1088 prior
2793 1017 3077 1084 occupavit
3132 1013 3294 1068 David
3319 1054 3334 1079 ,
3375 1029 3440 1068 ac

1874 1111 2067 1166 deinde
2117 1114 2210 1180 qui
2262 1126 2326 1163 ex
2365 1109 2458 1162 illo
2521 1108 2814 1163 secundum
2861 1123 3080 1163 carnem
3135 1108 3237 1161 orti
3287 1117 3435 1162 sunt.

1875 1199 2212 1271 Quapropter
2232 1200 2453 1255 domum
2482 1199 2654 1268 ipsius
2691 1197 2853 1252 David
2891 1207 3188 1266 nuncupat.

1942 1292 1994 1346 6.
2026 1291 2225 1362 Rogate
2252 1307 2366 1361 qua:
2403 1291 2469 1343 ad
2512 1306 2692 1359 pacem
2741 1299 2862 1343 sunt
2911 1287 3229 1342 Jerusalem.
3293 1287 3437 1344 Heus

1873 1399 1993 1444 vos.
2033 1401 2157 1440 cum
2181 1383 2479 1440 didiceritis
2500 1399 2748 1452 quaenam
2777 1382 2904 1436 olim
2935 1380 3235 1436 Jerusalem
3266 1391 3434 1444 esset,

1873 1477 2172 1547 precamini
2209 1492 2308 1545 pro
2358 1491 2488 1546 pace
2540 1476 2660 1544 ejus
2686 1515 2700 1538 ,
2737 1475 2872 1528 nihil
2904 1474 3048 1528 aliud
3100 1474 3437 1544 requirentes

1871 1583 2034 1637 quam
2065 1582 2185 1637 quae
2215 1567 2282 1621 ad
2311 1582 2494 1636 parem
2517 1566 2636 1636 ejus
2670 1565 2978 1620 conducunt

1943 1665 1994 1719 7.
2030 1662 2155 1717 Fiat
2184 1679 2290 1733 pax
2317 1664 2367 1717 in
2399 1664 2590 1716 uirtute
2635 1670 2726 1714 tua
2753 1702 2767 1727 ,
2797 1671 2846 1714 et
2882 1660 3212 1714 abundantia
3239 1661 3294 1713 in
3323 1668 3433 1713 tur-

1872 1757 2013 1809 ribus
2044 1756 2173 1809 tuis.
2208 1755 2285 1808 Ac
2313 1755 2359 1809 si
2391 1754 2567 1817 dicat,
2598 1753 2652 1806 in
2692 1751 2835 1822 regia
2871 1763 2977 1806 tua.
3023 1751 3205 1820 R030,
3237 1752 3433 1820 inquit,

1873 1847 1967 1901 tibi
1995 1847 2154 1910 bona,
2181 1855 2400 1916 propter
2427 1845 2796 1922 inhabitantes
2819 1845 2870 1897 in
2907 1853 2956 1898 te
2981 1882 2997 1910 ,
3027 1845 3117 1912 qui
3144 1842 3433 1912 propinqui

1869 1949 1923 1994 et
1953 1937 2147 1993 fratres
2186 1939 2266 1992 tui
2301 1947 2447 1993 sunt.
2478 1936 2600 1992 Haec
2628 1953 2785 1992 senes
2831 1935 3181 2007 Jerosolymze
3209 1950 3435 2006 precan—

1871 2041 1978 2098 tur,
2003 2040 2060 2085 ut
2086 2031 2292 2085 scilicet
2313 2045 2415 2100 pax
2449 2030 2519 2084 sit
2548 2030 2601 2083 in
2628 2030 2798 2083 muris
2822 2030 2974 2098 ejus:
2999 2044 3095 2097 per
3122 2029 3237 2083 hac
3262 2027 3430 2089 cnim,

1867 2125 1935 2179 In
1973 2126 2192 2189 virtute,
2219 2139 2407 2179 muros
2447 2124 2712 2195 intelligit.
2775 2126 2882 2179 Aut
2930 2125 3226 2180 secundum
3269 2125 3430 2179 aliam

1869 2217 2131 2272 rationem
2155 2255 2170 2281 ,
2200 2225 2418 2272 sanctos
2445 2218 2536 2288 qui
2568 2217 2620 2270 in
2651 2217 2763 2286 ipsa
2796 2227 2968 2271 erant.

1936 2374 1989 2430 9.
2018 2373 2240 2445 Propter
2261 2375 2473 2428 domum
2503 2373 2718 2428 Domini
2743 2374 2840 2429 Dei
2870 2377 3036 2430 nostri
3063 2379 3279 2447 quaesivi
3299 2379 3432 2432 bona

1869 2466 1984 2521 tibi.
2057 2465 2232 2533 Quia,
2276 2465 2487 2536 inquit,
2530 2481 2564 2521 ο
2590 2464 2927 2528 Jerusalem,
2965 2468 3016 2521 in
3051 2477 3102 2522 te
3127 2479 3209 2524 est
3237 2470 3434 2523 domus

1866 2555 1959 2611 Dei
2001 2557 2193 2621 nostri,
2229 2565 2450 2627 accepta
2480 2555 2720 2612 referens
2754 2556 3016 2612 beneﬁcia
3045 2558 3262 2627 quaesivi
3296 2558 3432 2611 bona

1866 2647 1982 2704 tibi.

2189 2755 2468 2811 Canticum
2512 2757 2798 2827 graduum.
2854 2757 3097 2815 CXXII.

2449 2846 2850 2917 Argumentum.

1864 2939 2128 3007 Quartum
2167 2942 2437 2998 canticum
2468 2943 2770 2997 orationem
2804 2942 3048 2997 continet
3096 2956 3284 2997 eorum
3330 2945 3427 3014 qui

1935 3033 2290 3104 remigrantes
2311 3033 2496 3088 multis
2513 3034 2670 3087 annis
2693 3033 2744 3087 in
2765 3034 2955 3088 itinere
2974 3035 3170 3088 versati
3190 3033 3427 3089 fuerant.

1932 3123 2035 3189 Qui
2059 3121 2257 3177 defessi
2289 3122 2343 3174 in
2365 3121 2470 3187 via,
2495 3122 2920 3176 misericordiam
2949 3132 3001 3176 et
3024 3122 3425 3178 miserationem

1932 3229 1962 3268 a
1993 3213 2103 3267 Deo
2129 3213 2365 3282 impendi
2409 3213 2512 3268 sibi
2537 3213 2830 3282 postulant,
2859 3222 3042 3282 utpote
3067 3214 3160 3284 qui
3188 3230 3217 3269 a
3249 3217 3426 3285 genti-

1933 3303 2037 3358 bus
2086 3303 2239 3357 nihili
2276 3303 2652 3373 penderentur.
2712 3302 2892 3369 Quare
2943 3304 3237 3359 consolans
3282 3307 3428 3375 ipsos

1933 3393 2170 3463 Spiritus
2203 3401 2460 3457 sanctus,
2514 3393 2802 3463 respondet
2846 3402 2901 3448 et
2932 3393 3047 3450 ait:
3077 3393 3426 3464 Opprobrium

1931 3485 2339 3540 abundantibus.

1932 3577 1984 3644 1,
2015 3578 2066 3630 2.
2103 3576 2186 3630 Ad
2216 3585 2266 3628 te
2289 3575 2453 3628 levavi
2473 3573 2651 3627 oculos
2681 3589 2841 3638 meos,
2888 3573 2979 3643 qui
3005 3573 3212 3627 habitas
3239 3576 3293 3628 in
3322 3592 3426 3630 ca-

1860 3668 1947 3723 lis.
1975 3666 2108 3721 Ecce
2125 3668 2264 3719 sicut
2287 3664 2425 3720 oculi
2448 3680 2715 3718 servorum
2746 3664 2802 3717 in
2827 3664 3066 3719 manibus
3093 3664 3422 3719 dominorum

1859 3773 2093 3812 suorum.
2117 3754 2272 3812 Oculi
2293 3769 2484 3811 eorum
2514 3753 2607 3826 qui
2639 3753 2836 3808 habent
2859 3754 3112 3824 spiritum
3142 3756 3424 3811 servitutis

1859 3850 1913 3904 in
1941 3850 2134 3904 timore
2148 3848 2194 3880 '°
2217 3857 2344 3904 sunt
2368 3847 2422 3902 in
2445 3846 2696 3901 manibus
2714 3845 3058 3900 dominorum
3077 3856 3130 3901 et
3151 3847 3420 3913 domine;

1858 3940 1977 4011 ejus
2009 3948 2189 3995 autem
2218 3937 2312 4009 qui
2343 3938 2595 4008 spiritum
2615 3935 2924 4006 adoptionis
2943 3935 2988 3968 ⁸¹
3014 3935 3198 4002 habet,
3223 3937 3288 3990 ad
3317 3934 3424 3992 Do-

1857 4032 2065 4086 minum
2103 4029 2291 4084 Deum.

1928 4121 1980 4174 3.
2032 4117 2276 4172 Miserere
2307 4115 2508 4178 nostri,
2539 4111 2779 4177 Domine,
2821 4114 3065 4170 miserere
3096 4118 3285 4173 nostri.
3317 4116 3424 4172 Be-

1855 4205 2147 4277 duplicatio
2176 4205 2440 4261 fervorem
2470 4201 2796 4272 precationis
2827 4206 3084 4261 ostendit.
3111 4204 3230 4261 Non
3259 4209 3419 4277 quasi

1854 4299 2002 4369 digni
2032 4297 2204 4353 simus
2232 4295 2659 4352 misericordiam
2704 4298 3065 4367 postulamus,
3108 4299 3203 4354 sed
3236 4309 3423 4370 utpote

1855 4389 2158 4460 cpprobriis
2196 4390 2428 4444 onerati.

2155 4479 2430 4534 Canticum
2486 4479 2765 4548 graduum.
2824 4479 3099 4552 CXXIII.

2129 4571 2253 4626 Nisi
2287 4573 2413 4641 quia
2446 4570 2702 4625 Dominus
2733 4581 2846 4626 erat
2873 4573 2926 4624 in
2968 4571 3135 4627 nobis.

2429 4663 2828 4732 Argumentum.

1851 4751 2108 4819 Quintum
2137 4752 2406 4807 canticum
2434 4766 2691 4810 canentes
2724 4755 2816 4825 qui
2847 4755 2899 4808 in
2942 4756 3184 4811 Iudaeam
3224 4771 3420 4812 ascen-

1919 4844 2132 4903 derunt.
2170 4857 2352 4912 preces
2391 4847 2663 4911 emittunt,
2711 4861 2778 4902 eo
2817 4848 2960 4916 quod
2997 4846 3206 4900 liberati
3239 4845 3350 4900 sint
3389 4862 3417 4899 a

1915 4935 2239 5006 captivitate,
2263 4944 2317 4990 et
2343 4936 2412 4991 ab
2437 4937 2670 4992 inimicis
2686 4952 2822 5007 quos
2854 4947 3037 5007 postea
3063 4948 3414 5007 superarunt.

2161 5025 2437 5082 Canticum
2487 5030 2767 5098 graduum.
2823 5027 3083 5083 CXXIV.

1987 5120 2089 5186 Qui
2119 5121 2388 5189 conﬁdunt
2414 5123 2466 5174 in
2496 5121 2717 5175 Domino
2743 5123 2878 5175 sicut
2925 5138 3072 5176 mons
3116 5120 3262 5176 Sion.

2421 5214 2461 5265 Α
2472 5226 2817 5282 rgumentum.

1847 5305 2067 5360 Sextum
2099 5306 2370 5361 canticum
2398 5317 2622 5371 canunt,
2655 5314 2944 5376 postquam
2964 5305 3032 5360 ad
3067 5305 3244 5377 ipsum
3263 5304 3408 5361 desi-

1913 5398 2155 5452 deratum
2207 5407 2444 5452 montem
2489 5406 2864 5468 pervenerant.
2915 5396 3118 5453 Deinde
3162 5397 3406 5452 videntes

1912 5489 2100 5544 urbem
2135 5488 2339 5557 absque
2369 5489 2561 5553 muris,
2597 5505 2813 5545 murum
2846 5487 2946 5558 ipsi
2992 5487 3107 5543 fore
3133 5487 3407 5559 postulant

1914 5581 2130 5637 Domini
2159 5584 2446 5648 auxilium,
2471 5583 2671 5655 inquit,
2706 5599 2769 5641 ac
2795 5583 3141 5640 inimicorum
3174 5580 3410 5637 insidias

1911 5674 2144 5748 effugere
2159 5690 2319 5746 posse
2335 5675 2611 5733 conﬁdunt
2637 5695 2650 5732 :
2668 5693 2733 5734 ex
2749 5677 2938 5733 eodem
2957 5674 3215 5731 nimirum
3245 5671 3409 5729 auxi—
