4126 6492
675 442 781 499 515

1498 437 1552 490 S.
1602 432 1973 489 ATHANASII
2014 432 2163 485 OPP.
2207 429 2386 484 PARS
2427 429 2511 482 ill.
2553 460 2616 467 —-
2658 428 3062 481 ΕΧΕΟΕΤΞΩΑ.

3795 424 3903 484 516

740 562 816 617 lio
843 562 957 628 Dei,
994 580 1011 611 ι
1067 561 1160 631 qui
1189 576 1298 614 non
1330 560 1585 628 relinquit
1625 560 1832 626 virgam
1884 565 2239 623 peccatorum
2281 572 2295 613 Α

2428 550 2545 621 ρίας
2575 551 2734 603 πάλιν
2751 552 2841 604 τοῦ
2858 551 3017 615 Θεοῦ,
3051 568 3067 601 ι
3098 550 3171 620 μὴ
3201 550 3450 619 ἀφιέντος
3466 548 3563 618 τὴν
3595 546 3788 617 ῥάϐδον
3814 548 3923 599 τῶν

747 668 909 724 super
930 662 1130 706 sortem
1148 651 1419 721 iustorum
1455 661 1508 705 et
1530 658 1842 705 sanctorum
1870 659 2095 700 suorum
2125 643 2194 692 ⁸¹.
2226 660 2245 691 ο

746 826 800 883 5.
860 825 979 879 Pax
1008 842 1160 893 super
1189 823 1381 879 Israel.
1427 823 1537 877 Pax
1570 822 1712 876 enim
1746 835 1867 890 qua:
1906 832 2125 873 omnem
2159 832 2254 871 su-

678 932 828 992 perat
858 933 1091 978 mentem
1138 924 1215 987 ⁸³,
1245 924 1293 978 ei
1350 924 1451 978 soli
1508 921 1669 975 datur
1728 920 1818 988 qui
1872 925 2055 972 mente
2090 916 2250 969 valet.

678 1016 791 1069 imo
827 1016 990 1069 etiam
1027 1015 1218 1069 deletis
1244 1015 1479 1069 inimicis
1513 1014 1566 1067 hi
1597 1027 1730 1081 pace
1766 1010 2115 1063 fruebantur.

1021 1190 1293 1246 Canticum
1345 1192 1622 1260 graduum.
1692 1186 1915 1246 CXXV.

1270 1283 1311 1333 Α
1321 1293 1671 1350 rgumentum.

686 1368 987 1440 Septimum
1017 1373 1288 1426 canticum
1329 1383 1527 1425 canunt
1561 1372 1651 1442 qui
1686 1387 1810 1425 cum
1853 1371 1919 1425 ad
1952 1371 2127 1441 ipsam
2156 1387 2251 1425 ur-

757 1460 874 1515 bem
908 1463 1267 1529 pervenerint,
1301 1462 1636 1515 liherationis
1670 1478 1697 1513 a
1746 1462 2060 1531 captivitate
2089 1462 2253 1516 certi-

758 1552 999 1605 tudinem
1049 1552 1263 1605 habent.
1298 1552 1508 1620 Rogant
1548 1561 1727 1604 autem
1765 1568 1862 1620 pro
1900 1552 2123 1619 reliquis
2161 1550 2255 1619 qui

759 1644 940 1697 adhuc
987 1652 1145 1697 erant
1187 1644 1241 1697 in
1293 1643 1588 1714 Babylone,
1648 1652 1705 1697 ut
1758 1644 1860 1712 ipsi
1907 1645 2072 1697 etiam
2110 1642 2254 1697 redi-

758 1742 1058 1789 merentur.

769 1830 819 1882 Ι.
874 1828 937 1880 In
980 1826 1320 1881 convcrtendo
1355 1826 1611 1879 Dominus
1641 1827 1994 1895 captivitatem
2022 1823 2150 1879 Sion
2179 1825 2257 1894 fa-

2426 642 2763 711 ἁμαρτωλῶν
2799 642 2891 694 ἐπὶ
2934 641 3023 693 τὸν
3055 640 3254 711 κλῆρον
3289 640 3399 692 τῶν
3442 639 3665 691 δικαίων
3697 638 3792 689 καὶ
3817 636 3925 689 τῶν

2422 734 2590 801 ἁγίων
2620 733 2804 786 αὐτοῦ.
2842 754 2861 785 s

2427 825 2652 893 Εἰρήνη
2686 825 2783 877 ἐπὶ
2839 823 2944 876 τὸν
2996 822 3251 892 Ἰσραήλ.
3317 823 3383 875 Ἦ
3428 821 3534 893 γὰρ
3583 821 3927 891 ὑπερέχουσα

2354 915 2535 968 πάντα
2557 916 2681 969 νοῦν
2712 917 2897 985 εἰρήνη
2924 915 3064 983 μόνῳ
3084 914 3161 983 τῷ
3182 916 3304 967 νοῦν
3330 913 3501 983 ἔχοντι
3527 912 3742 965 δίδοται.
3764 911 3925 965 Ἀλλὰ

2356 1010 2447 1061 καὶ
2477 1003 2587 1060 τῶν
2613 1008 2882 1078 πολεμίων
2911 1007 3264 1060 ἀπολωλότων
3286 1046 3301 1071 ,
3359 998 3504 1058 οὗτοι
3546 1004 3647 1074 τῆς
3702 1005 3923 1075 εἰρήνης

2354 1100 2570 1171 ἀπηλαυ
2579 1118 2692 1153 σαν.

2679 1189 2814 1261 ’ῼδὴ
2841 1189 2955 1242 τῶν
2984 1184 3353 1255 ἀναϐαθμῶν.
3396 1188 3591 1240 PKE'.

2969 1282 2979 1299 '
2996 1282 3301 1344 Υπόθεσις.

2355 1376 2464 1446 Τὴν
2500 1374 2730 1444 ἑϐδόμην
2763 1370 2977 1444 ᾅδουσιν
3010 1372 3146 1441 ᾠδὴν
3184 1373 3231 1423 οἱ
3262 1371 3323 1422 τὸ
3364 1369 3600 1437 ἀσφαλὲς
3628 1366 3925 1439 ἐσχηκότες

2427 1469 2525 1536 τῆς
2554 1465 2868 1535 λυτρὼσεως
2896 1465 2983 1518 διὰ
3014 1465 3072 1516 τὸ
3108 1466 3162 1517 ὲν
3196 1464 3332 1533 αὐτῇ
3372 1461 3696 1530 γεγενῆσθαι
3729 1463 3796 1531 τῇ
3832 1460 3923 1512 πό-

2424 1558 2523 1610 λει.
2568 1558 2946 1624 Παρακαλοῦσι
2979 1556 3034 1607 δὲ
3086 1556 3221 1625 ὑπὲρ
3267 1555 3374 1607 τῶν
3409 1552 3643 1617 λοιπῶν,
3697 1553 3809 1605 τῶν
3846 1552 3924 1605 ἔτι

2426 1647 2591 1698 ὄντων
2624 1650 2680 1699 ὲν
2708 1650 2773 1715 τῇ
2809 1645 3083 1699 Βαϐυλῶνι
3105 1684 3118 1707 ,
3148 1646 3291 1707 ὅπως
3324 1643 3390 1697 ἂν
3417 1644 3511 1696 καὶ
3536 1642 3691 1696 αὐτοὶ
3716 1642 3925 1712 λυτρω-

2428 1737 2615 1791 ϐῶσιν.

2441 1830 2543 1881 Ἐν
2578 1827 2657 1892 τῷ
2701 1828 3053 1896 ἐπιστρέψαι
3098 1829 3313 1896 Κύριον
3356 1825 3470 1892 τὴν
3512 1823 3927 1895 αἰχμαλωσίαν

688 1920 965 1973 ctisumus
1011 1919 1147 1971 sicut
1195 1917 1474 1972 consolati.
1539 1917 1661 1971 Haec
1715 1917 1941 1985 apostoli
2007 1897 2295 1985 prauum]

2360 1916 2509 1972 Σιὼν
2537 1918 2900 1987 ἐγενήθημεν
2926 1918 3065 1971 ὡσεὶ
3090 1917 3617 1985 παρακεκλημένοι.
3672 1918 3735 1969 Οἱ
3793 1916 3926 1970 ἀπό-

691 2010 829 2063 tiant
854 2010 921 2063 de
956 2010 1149 2078 seipsis
1180 2020 1234 2063 et
1278 2009 1343 2063 de
1378 2009 1647 2078 gentibus.
1698 2006 1830 2060 Nam
1873 2007 2089 2060 Davidis
2127 2016 2260 2059 tem-

690 2114 821 2167 pore
848 2099 992 2152 nulla
1041 2100 1325 2167 captivitas
1366 2107 1502 2153 erat.
1555 2096 1805 2152 Fortasse
1853 2112 1981 2151 vero
2035 2100 2148 2151 haec
2194 2097 2259 2151 de

692 2190 961 2259 spirituali
1028 2191 1344 2259 captivitate
1394 2190 1545 2243 dicit.
1622 2188 1756 2243 Illud
1808 2189 1953 2244 enim
1983 2230 1997 2255 ,
2046 2188 2255 2255 dicent,

692 2279 936 2335 futurum
969 2280 1281 2351 prophetice
1310 2281 1599 2350 signiﬁcat.

762 2457 877 2511 2-4.
933 2457 1076 2510 Tunc
1099 2457 1269 2511 dicent
1310 2458 1445 2512 inter
1484 2469 1701 2527 gentes:
1742 2456 2099 2525 Magniﬁcavit
2146 2454 2257 2507 Do-

694 2552 889 2615 minus,
929 2558 1032 2603 etc.
1072 2548 1184 2603 Hoc
1214 2564 1315 2603 nos
1362 2550 1548 2602 multis
1599 2548 1856 2619 lacrymis
1901 2547 2258 2616 deplorandos

692 2655 813 2694 esse
842 2640 910 2692 ab
939 2640 1193 2692 omnibus
1236 2638 1523 2707 signiﬁcat.
1565 2636 1767 2693 Omnes
1812 2639 1956 2693 enim
2007 2637 2100 2691 Dei
2150 2652 2261 2691 ma-

696 2729 1057 2800 gniﬁcentiam
1107 2729 1397 2795 mirantur,
1456 2730 1602 2798 quod
1656 2744 1754 2783 nos
1807 2745 1875 2783 ex
1926 2730 2119 2783 acerba
2168 2729 2256 2782 illa

697 2824 958 2874 servitute
987 2820 1319 2876 liberaverit.
1345 2818 1413 2873 Et
1434 2835 1531 2875 nos
1566 2820 1783 2889 quidem
1810 2820 2133 2881 clamamus,
2163 2833 2259 2872 ne-

698 2926 807 2977 que
834 2912 980 2967 enim
1027 2927 1282 2966 vacamus
1324 2927 1512 2974 sensu,
1566 2927 1689 2964 cum
1751 2912 1988 2980 reliquos
2016 2914 2257 2981 captivos

701 3006 942 3058 nondum
1002 3005 1391 3071 receperimus,
1443 3018 1541 3072 pro
1599 3004 1797 3073 quibus
1858 3007 1929 3058 ita
1990 3006 2257 3073 supplica-

701 3111 822 3149 mus
852 3113 863 3148 :
896 3094 1163 3159 Converte,
1188 3094 1418 3159 Domine,
1461 3096 1816 3162 captivitatem
1847 3105 2081 3149 nostram
2124 3096 2256 3147 sicut

704 3197 903 3238 torrens
934 3187 986 3237 in
1044 3196 1243 3238 austro.
1296 3184 1389 3239 His
1439 3185 1743 3255 signiﬁcant
1790 3202 2038 3257 magnam
2082 3187 2258 3241 adhuc

705 3280 1102 3333 multitudinem
1134 3280 1185 3331 in
1222 3277 1493 3347 Babylone
1526 3294 1831 3341 remanere,
1862 3280 1931 3331 ita
1961 3288 2021 3332 ut
2054 3278 2258 3333 reditus

700 3374 819 3444 ejus
867 3372 1104 3443 Egyptii
1155 3372 1395 3424 ﬂuminis
1462 3372 1716 3424 decursui
1786 3372 1977 3424 similis
2028 3369 2258 3425 dicatur.

707 3467 905 3519 Auster
933 3464 1020 3517 hic
1050 3463 1322 3517 desertum
1356 3462 1572 3515 dicitur.

774 3558 827 3621 5,
882 3554 933 3609 6.
990 3555 1095 3621 Qui
1146 3556 1402 3608 seminant
1450 3556 1503 3605 in
1534 3552 1780 3622 lacrymis
1815 3553 1868 3604 in
1914 3551 2264 3605 exsultatione

704 3659 911 3701 metent.
944 3646 1139 3699 Euntes
1179 3646 1322 3700 ibant
1360 3655 1407 3699 et
1436 3645 1647 3713 ﬂebant.
1684 3644 2021 3713 Rogantibus
2052 3657 2150 3711 pro
2175 3658 2263 3697 re-

705 3740 885 3808 liquiis
915 3739 1273 3808 captivorum,
1309 3736 1597 3804 respondet
1626 3734 1857 3803 Spiritus
1897 3733 2261 3802 prolibcticus,

702 3840 758 3883 et
784 3830 898 3883 ait:
932 3829 987 3882 Si
1025 3828 1271 3881 ﬁevcrint
1302 3842 1399 3896 pro
1430 3828 1496 3881 iis
1542 3826 1634 3894 qui
1670 3826 1723 3879 in
1770 3824 2039 3896 Babylone
2078 3840 2265 3895 snper-

706 3928 855 3985 sunt,
890 3919 1096 3975 reditus
1135 3918 1241 3971 illis
1266 3917 1609 3972 concedetur.

868 4095 1143 4151 Canticum
1193 4098 1452 4167 graduum
1507 4096 1797 4152 Salomoni.
1854 4097 2001 4154 CXX
2017 4097 2111 4153 γι.

1280 4189 1681 4259 Argumentum.

706 4280 963 4335 Octavum
993 4281 1206 4333 canitur
1245 4281 1515 4335 canticum
1549 4280 1711 4349 iactis
1738 4279 2102 4335 fundamentis
2132 4291 2266 4337 tem-

778 4371 873 4440 pli,
914 4369 1265 4439 sperantibus
1290 4367 1491 4425 Iudaeis
1519 4369 1633 4425 fore
1667 4382 1726 4425 ut
1753 4372 2040 4427 mdiﬁcium
2070 4374 2267 4429 immo-

779 4471 896 4514 tum
936 4476 1150 4529 semper
1195 4471 1457 4517 maneret.
1506 4462 1759 4519 Latenter
1805 4464 1968 4535 igitur
2018 4480 2268 4534 pramun-

2360 2007 2532 2058 στολοι
2560 2007 2728 2059 ταῦτα
2769 2007 3193 2078 προφητεύονται
3220 2007 3344 2075 περὶ
3373 2006 3580 2059 ἑαυτῶν
3605 2009 3698 2059 καὶ
3727 2006 3838 2060 τῶν
3868 2009 3925 2059 ὲν

2357 2099 2466 2160 τοῖς
2494 2098 2689 2149 ἔθνεσι.
2752 2099 2907 2151 Κατά
2939 2098 3046 2168 γὰρ
3079 2100 3205 2161 τοὺς
3235 2098 3328 2151 τοῦ
3360 2097 3523 2149 Δαυῖδ
3552 2098 3778 2167 χρόνους
3827 2100 3924 2151 οὐκ

2355 2182 2422 2257 ἦν
2449 2186 2807 2256 αἰχμαλωσία.
2866 2188 3015 2257 Τάχα
3053 2184 3143 2241 οῦν
3200 2188 3325 2258 περὶ
3376 2188 3475 2256 τῆς
3512 2189 3710 2257 νοητῆς
3754 2188 3925 2242 ταῦτά

2358 2296 2509 2349 φησι·
2567 2278 2638 2331 Τδ
2669 2276 2807 2349 γὰρ,
2863 2278 3097 2346 ἐροῦσι,
3144 2279 3489 2349 προφητικῶς
3517 2279 3577 2330 τὸ
3614 2280 3805 2348 μέλλον
3832 2280 3925 2350 δη-

2356 2370 2559 2426 λοῦται.

2432 2460 2566 2511 Τότε
2593 2458 2837 2527 ἐροῦσιν
2868 2459 2938 2512 ἐν
2968 2459 3091 2525 τοῖς
3122 2459 3388 2513 ἔθνεσιν·
3424 2457 3786 2527 Ἐμετάλυνε
3815 2457 3926 2509 Κύ-

2349 2566 2500 2618 ριος,
2518 2566 2573 2605 κ.
2594 2565 2645 2603 τ.
2665 2548 2714 2603 λ.
2734 2548 2901 2601 Τοῦτο
2916 2550 2969 2602 δὲ
2987 2553 3129 2621 ἡμᾶς
3145 2549 3578 2621 πολυθρηνήτους
3594 2566 3669 2601 πα
3678 2546 3747 2619 ρὰ
3762 2548 3925 2601 πᾶσιν

2356 2638 2652 2709 ἀπέφηνεν.
2682 2639 2953 2702 ’Ἅπαντες
2982 2641 3087 2708 γὰρ
3116 2640 3213 2709 τὴν
3244 2639 3334 2692 τοῦ
3363 2638 3497 2693 Θεοῦ
3526 2635 3925 2709 μεγαλουργίαν

2356 2728 2751 2798 θαυμάζουσιν,
2796 2732 2877 2782 ὃτι
2908 2731 3003 2799 τῆς
3036 2732 3236 2801 πικρᾶς
3263 2731 3475 2798 ἐκείνης
3500 2732 3643 2799 ἡμᾶς
3684 2730 3925 2791 δουλείας

2356 2819 2629 2891 ἀπήλλαξε
2650 2838 2663 2850 ·
2690 2822 2783 2873 καὶ
2805 2824 2964 2890 ἡμεῖς
2992 2822 3171 2892 μέντοι
3196 2822 3428 2891 βοῶμεν,
3454 2823 3513 2874 οὐ
3540 2821 3648 2891 γὰρ
3675 2820 3926 2889 ἀναισθη-

2356 2912 2556 2980 τοῦμεν
2579 2952 2592 2971 ,
2630 2913 2677 2964 εἰ
2715 2914 2807 2964 καὶ
2845 2914 2917 2983 μὴ
2948 2915 3073 2977 τοὺς
3104 2914 3320 2977 λοιποὺς
3351 2913 3763 2983 ἀπειλήφαμεν·
3802 2913 3926 2980 περὶ

2354 2996 2427 3055 ὧν
2460 3004 2769 3075 ἱκετεύομεν
2792 3004 3039 3072 λέγοντες
3064 3020 3077 3033 ·
3118 3005 3539 3073 Ἑπίστρεψον,
3571 3007 3780 3072 Κύριε,
3816 3004 3926 3070 τὴν

2356 3099 2765 3165 αἰχμαλωσίαν
2812 3097 2981 3165 ἡμῶν
3025 3098 3105 3163 ὡς
3142 3098 3493 3165 χειμάρρους
3523 3098 3591 3149 ἐν
3638 3092 3719 3159 τῷ
3753 3097 3919 3162 νότῳ.

2360 3186 2583 3255 Δηλοῦσι
2612 3186 2672 3238 τὸ
2719 3186 2852 3239 πολὺ
2885 3186 3087 3255 πλῆθος
3121 3190 3472 3259 ὲναπομεῖναν
3520 3188 3576 3239 ὲν
3622 3186 3922 3247 Βαϐυλῶνι,

2358 3278 2432 3341 ὡς
2461 3279 2554 3331 καὶ
2580 3279 2677 3349 τὴν
2708 3278 3038 3349 ἐπιστροφὴν
3088 3278 3249 3330 αὑτοῦ
3270 3320 3285 3343 ,
3337 3278 3691 3350 παρεικάζιιν
3734 3280 3925 3339 αὐτοὺς

2359 3369 2436 3439 τῷ
2465 3369 2695 3439 ῥεύματι
2725 3369 2819 3421 τοῦ
2851 3368 3148 3436 Αἰγυπτίου
3182 3370 3448 3440 ποταμοῦ.
3497 3370 3666 3422 Νότον
3693 3371 3805 3440 γὰρ
3832 3372 3927 3439 τὴν

2361 3460 2564 3531 ἔρημόν
2597 3478 2779 3530 φησιν.

2438 3555 2500 3604 Ol
2532 3553 2878 3619 σπείροντες
2906 3552 2975 3603 ἐν
3006 3552 3127 3617 τοῖς
3152 3551 3446 3621 δάκρυσιν
3476 3552 3545 3605 ἐν
3572 3552 3926 3621 ἀγαλλιάσει

2363 3642 2643 3709 θεριοῦσι.
2708 3642 3097 3710 Πορευόμενοι
3139 3642 3491 3711 ἐπορεύοντο
3530 3644 3627 3697 καὶ
3660 3644 3923 3699 ἔκλαιον.

2364 3733 2488 3796 Τοῖς
2536 3732 2848 3802 εὐξαμένοις
2894 3732 3021 3802 περὶ
3065 3732 3171 3785 τῶν
3209 3733 3550 3786 καταλοίπων
3575 3735 3924 3806 ἀποκρίνεται

2362 3822 2422 3874 τὺ
2449 3824 2781 3893 προφητικὸν
2810 3822 3049 3891 Πνεῦμα,
3081 3822 3175 3876 καί
3202 3839 3384 3894 φησιν,
3410 3824 3515 3886 ὅτι,
3547 3823 3609 3875 El
3636 3825 3927 3878 κλαύσαιεν

2365 3913 2503 3983 ὑπὲρ
2554 3912 2661 3965 τῶν
2712 3915 2769 3965 ἐν
2831 3913 3137 3981 Βαϐυλῶνι,
3197 3913 3345 3966 ἔσται
3392 3914 3482 3966 καὶ
3508 3914 3692 3979 αὐτοῖς
3724 3919 3758 3986 ἡ
3809 3918 3924 3969 ἐπι-

2367 4008 2597 4078 στροφὴ.

2453 4097 2589 4167 ’ῼδὴ
2626 4096 2742 4150 τῶν
2769 4096 3122 4166 ἀναϐαθμῶν
3149 4097 3228 4162 τῷ
3255 4097 3575 4168 Σολομῶνι.
3636 4099 3796 4164 Ριις
3826 4135 3843 4150 .

2978 4190 2993 4209 '
3004 4191 3280 4255 Υπόθεσις

2378 4282 2445 4335 Ἦ
2475 4280 2633 4352 ὀγδόη
2658 4280 2841 4353 ᾅδεται
2874 4282 3002 4355 ᾠδὴ,
3031 4281 3521 4352 καταϐεϐλημένων
3552 4281 3653 4352 ἠδη
3707 4280 3818 4335 τῶν
3844 4281 3928 4335 0s-

2437 4373 2634 4444 μελίων
2680 4374 2773 4428 τοῦ
2822 4375 2968 4446 ἱεροῦ
2994 4392 3006 4405 ·
3043 4374 3367 4437 ἐλπιζόντων
3401 4373 3737 4427 ἁδιάσειστον
3791 4367 3927 4426 εἶναι

2433 4463 2496 4516 τὸ
2526 4464 2802 4534 τείχισμα.
2845 4463 3157 4534 Λεληθότως
3195 4458 3285 4515 οῦν
3320 4459 3648 4531 προφητεύει
3678 4459 3778 4531 τὴν
3810 4460 3928 4512 ἔσο·

788 4554 888 4607 tiat
918 4552 1159 4607 futurum
1190 4552 1309 4621 ejus
1337 4554 1514 4607 denuo
1553 4556 1653 4608 sub
1685 4554 1943 4609 Romanis
1971 4555 2263 4609 excidium.
2292 4578 2295 4633 ξ

2440 4552 2607 4623 μένην
2640 4553 2804 4606 αὐτοῦ
2845 4553 3049 4607 πτῶσιν
3080 4553 3237 4605 πάλιν
3268 4552 3359 4604 ἐπὶ
3388 4551 3484 4620 τῆς
3520 4550 3805 4619 Ῥωμαίων
3834 4550 3927 4619 ἀρ-

778 4644 1082 4712 Adjicitqne
1128 4644 1461 4713 prophetiam
1516 4646 1579 4699 de
1625 4644 1825 4700 Christi
1861 4646 2121 4701 Ecclesia.
2170 4645 2267 4700 Ca-

790 4736 937 4789 nitur
973 4749 1132 4803 porro
1165 4736 1475 4803 prophetice
1502 4750 1530 4789 a
1569 4734 1876 4793 Salomone.
1912 4736 2063 4792 Sicut
2100 4738 2264 4792 etiam

794 4838 980 4877 revera
1030 4824 1195 4891 aliqui
1243 4824 1438 4891 psalmi
1494 4824 1769 4880 Zacharite
1822 4836 1950 4883 sunt
1981 4837 2034 4881 et
2062 4826 2260 4896 Aggei.

792 4916 991 4971 Octava
1029 4927 1206 4970 autem
1236 4916 1359 4986 jure
1393 4917 1724 4988 intelligatur
1765 4934 1887 4975 esse
1938 4920 2265 4989 principium

791 5004 925 5061 Novi
970 5006 1323 5063 Testamenti.

779 5098 831 5153 1.
894 5098 1017 5153 Nisi
1071 5100 1325 5153 Dominus
1358 5102 1695 5170 (edi/icaverit
1729 5102 1964 5165 domum,
1996 5105 2053 5157 in
2075 5121 2268 5159 vanum

2437 4642 2559 4713 χῆς.
2606 4643 2873 4695 Συνάπτει
2900 4643 2956 4695 δὲ
3003 4643 3096 4695 καὶ
3140 4640 3471 4712 προφητείαν
3512 4640 3639 4710 περὶ
3668 4640 3766 4709 τῆς
3798 4638 3927 4711 Χρο-

2440 4735 2565 4790 στοῦ
2606 4736 2945 4805 Ἐκκλησίαςο
2986 4736 3203 4805 ’ᾼδεται
3230 4735 3287 4787 δὲ
3319 4732 3668 4803 προφητικῶς
3694 4732 3801 4785 ὑπὸ
3835 4730 3927 4786 τοῦ

2438 4826 2771 4897 Σολομῶνος·
2826 4827 3074 4897 καθάπερ
3134 4826 3322 4896 ἀμέλει
3368 4825 3460 4877 καὶ
3504 4824 3772 4895 Ζαχαρίου
3826 4823 3927 4876 εἰσὶ

2438 4917 2641 4986 ψαλμοὶ
2666 4919 2755 4969 καὶ
2792 4918 3062 4985 Ἀγγαίου.
3138 4918 3203 4969 Ἦ
3232 4915 3289 4968 δὲ
3331 4912 3488 4984 ὀγδόη
3535 4914 3763 4978 εἰκότως
3790 4912 3927 4984 ἀρχὴ

2438 5010 2535 5080 τῆς
2565 5010 2707 5072 Νέας
2735 5010 3022 5081 Διαϐήκης.

2449 5101 2589 5154 Ἐὰν
2615 5100 2699 5169 μὴ
2735 5103 2945 5169 Κύριος
2973 5098 3337 5169 οίκοδομήσῃ
3369 5112 3570 5161 οικον,
3598 5100 3686 5165 εις
3734 5097 3930 5167 μάτην

709 5193 1076 5247 laboraverunt
1100 5194 1188 5261 qui
1226 5193 1492 5258 aediﬁcant
1520 5212 1653 5249 εαηι.
1691 5193 1814 5249 Haec
1842 5193 2046 5252 Judaais
2076 5197 2173 5262 ait,
2202 5198 2271 5254 de

2364 5190 2695 5247 ὲκοπίασαν
2722 5196 2773 5244 οι
2801 5191 3264 5261 οἰκοδομοῦντες.
3295 5191 3379 5253 Ὦς
3412 5190 3551 5260 μέγα
3595 5188 3927 5260 φρονούντων

710 5285 964 5342 ﬁrmitate
990 5286 1202 5341 adiﬁcii
1232 5286 1317 5341 sui
1346 5287 1449 5341 alte
1486 5288 1865 5343 sentientibus.

780 5461 834 5515 '5.
863 5462 994 5517 Cum
1018 5464 1218 5517 dederit
1236 5464 1441 5517 dilectis
1459 5467 1564 5518 suis
1581 5482 1838 5527 somnum.
1858 5482 1971 5520 ecce
1985 5466 2265 5522 hereditas

712 5553 946 5618 Domini,
977 5555 1097 5621 ﬁlii.
1130 5554 1247 5609 Alte
1274 5556 1339 5609 de
1382 5558 1581 5625 templo
1613 5558 1775 5610 nolite
1811 5558 2031 5624 sentire,
2070 5558 2266 5627 inquit,

712 5645 869 5714 quasi
906 5646 958 5698 in
994 5645 1085 5699 illo
1113 5646 1268 5700 vobis
1309 5648 1593 5703 luere-ditas
1643 5651 1783 5708 data;
1819 5652 1909 5703 sit.
1954 5648 2156 5705 Verum
2202 5666 2264 5705 ea

794 5836 839 5867 ⁹²
890 5837 1039 5894 Vers.
1075 5842 1125 5895 5.
1211 5842 1252 5872 ⁸³
1308 5840 1534 5912 Philipp.
1603 5860 1671 5903 iv,
1710 5849 1758 5895 7.

2364 5282 2471 5334 τῶν
2512 5283 2778 5336 Ἰουδαίων
2838 5284 2929 5336 ἐπὶ
2965 5283 3044 5353 τῷ
3084 5282 3285 5354 στερεῷ
3335 5282 3435 5351 τῆς
3485 5280 3806 5351 οἰκοδομῆς.
3863 5278 3929 5333 τά

2364 5370 2582 5425 τοιαῦτά
2604 5388 2783 5441 φησιν.

2445 5462 2629 5514 Ὅταν
2661 5461 2744 5525 δῷ
2776 5462 2898 5527 τοῖς
2945 5462 3267 5533 ἁταπητοις
3303 5461 3490 5516 αὐτοῦ
3539 5462 3759 5525 ὕπνον,
3804 5457 3925 5513 laci)

2374 5553 2414 5621 ἡ
2442 5553 2801 5620 κληρονομία
2848 5556 3108 5621 Κυρίου,
3161 5554 3297 5608 viai.
3346 5553 3437 5623 Μὴ
3474 5552 3613 5621 μέγα
3664 5554 3923 5621 φρονεῖτε,

2376 5645 2540 5716 φησὶν
2563 5685 2578 5708 ,
2607 5646 2698 5699 ἐπὶ
2743 5644 2820 5716 τῷ
2852 5645 2983 5715 ἱερῷ
3007 5685 3021 5709 ,
3059 5646 3133 5709 ὡς
3179 5647 3235 5699 ὲν
3262 5644 3407 5717 αὑτῷ
3437 5644 3535 5715 τῆς
3572 5643 3927 5715 κληρονομίας
