4126 6480
211 440 311 497 517

1299 445 1663 502 EXPOSlTlO
1697 444 1764 499 IN
1803 446 2140 503 PSALMUM
2179 448 2414 503 CXXIX.

3344 451 3447 509 518

208 558 363 631 ὑμῶν
382 560 687 631 διδομένης.
723 560 797 614 Οὐ
830 561 938 633 γάρ
960 562 1106 616 ἐστιν
1136 561 1293 635 αῦτη.
1342 565 1483 618 Ἀλλ’
1504 567 1631 620 ὅταν
1650 566 1770 620 ἁνα-

1880 568 2167 622 ιιαξνεάίιιις
2210 582 2336 622 rere
2364 583 2470 621 non
2516 580 2619 622 est.
2659 570 2728 621 At
2772 584 2896 623 cum
2927 569 3155 625 dilectos
3199 583 3331 623 suos
3379 584 3448 622 ex

208 651 391 722 παύσῃ
442 654 567 715 τοὺς
616 653 999 723 ἡγαπημένους
1050 654 1213 708 αὐτοῦ
1268 658 1332 709 ἐκ
1365 656 1459 710 τοῦ
1513 658 1775 731 προτέρου

206 742 378 809 λαοῦ,
426 744 670 797 τουτέστι
720 746 844 807 τοὺς
897 748 1212 818 προφήτας”
1248 748 1367 801 τότε
1414 752 1526 813 τοῖς
1569 751 1775 804 ἐκείνου

206 832 347 887 υἱέσι
380 834 481 904 τὴν
510 835 869 905 κληρονομίαν
895 836 1072 891 δώσει.
1132 837 1288 902 Τίνες
1309 838 1353 890 δ’
1376 837 1440 891 ἂν
1474 837 1583 892 εἷεν
1630 835 1775 893 οὗτοι

204 921 238 993 ἢ
269 926 321 977 oi
355 926 631 996 μαθηταί;
669 926 875 996 (60rd,)
922 930 983 980 'Il
1019 929 1126 998 γὰρ
1156 929 1274 983 θεία
1329 932 1648 1001 ὑπόσχεσις,
1681 933 1779 985 καὶ

204 1017 237 1085 ή
260 1018 391 1086 περὶ
413 1019 541 1080 τοὺς
571 1018 760 1080 παῖδας
790 1019 1027 1088 εὐλογία,
1059 1022 1307 1094 καθάπερ
1334 1041 1415 1086 τις
1446 1024 1631 1094 μισθὸς
1662 1028 1774 1088 τοῖς

205 1107 292 1158 ἐπ’
327 1109 490 1162 αὐτὸν
522 1109 773 1179 ήλπικόσι
805 1111 1121 1183 δεδώρηται.
1164 1114 1226 1166 Ὃ
1248 1116 1464 1183 μισθὸς
1493 1117 1601 1171 τοῦ
1639 1134 1775 1185 καρ-

204 1197 323 1250 ποῦ
374 1197 485 1268 τῆς
524 1203 801 1269 γαστρός.
869 1203 929 1255 Ὀ
958 1204 1167 1271 καρπὸς
1194 1204 1294 1273 τῆς
1321 1208 1555 1278 γαστρὸς
1585 1207 1668 1279 εἴη
1706 1209 1773 1265 ἂν

205 1290 239 1357 ἡ
274 1291 518 1362 σωτηρία
570 1293 662 1344 τοῦ
698 1292 1024 1364 πνεύματος,
1050 1297 1188 1347 κατα
1224 1296 1313 1348 τόο
1381 1297 1774 1369 Ὠὃινήσαμεν

206 1380 302 1432 καὶ
348 1381 629 1451 ἐτέιιομεν
656 1383 889 1453 πνεῦμα
934 1386 1230 1453 σωτηρίας
1253 1425 1269 1448 ,
1329 1385 1361 1440 ὃ
1401 1388 1773 1459 ἐποιήσαμεν

1879 659 2061 726 priore
2093 660 2293 727 populo
2326 658 2663 728 requiescere
2692 657 2899 726 fecerit,
2928 659 2981 714 id
3006 669 3087 714 est
3119 660 3440 728 prOphetas,

1880 760 2012 805 tunc
2062 753 2189 805 liliis
2249 753 2365 806 suis
2411 753 2776 805 lta‘rrditatt-m
2826 753 3055 807 daturus
3097 761 3201 808 est.
3245 750 3447 820 Ecqui-

1878 858 2003 896 nam
2062 845 2097 897 ii
2126 842 2345 907 fuerint,
2377 844 2477 897 nisi
2513 843 2812 913 discipuli?
2846 846 3056 914 ((ῖονά.)
3085 843 3218 897 Nam
3261 844 3445 897 divina

1880 934 2197 1003 promissio,
2235 946 2288 988 ct
2339 952 2631 1003 puerorum
2685 937 3006 1001 benedictio,
3066 952 3165 990 ceu
3199 936 3443 1004 quadam

1879 1040 2090 1079 merces
2119 1027 2469 1094 Sperantibus
2510 1027 2562 1079 in
2611 1042 2734 1080 eum
2779 1029 2901 1081 data
2932 1036 3033 1081 cst.
3084 1027 3283 1080 Merces
3333 1026 3448 1095 [ru—

1879 1128 1991 1171 ctus
2029 1120 2240 1171 ventris.
2306 1118 2539 1174 Fructus
2592 1120 2798 1174 ventris
2848 1129 2929 1175 est
2990 1121 3140 1174 salus
3194 1120 3445 1185 spiritus.

1873 1210 2029 1280 juxta
2079 1213 2255 1265 illud:
2308 1211 2698 1266 Parturirintus
2759 1222 2806 1265 et
2857 1215 3148 1281 peperimus
3200 1212 3447 1278 spiritum

1877 1303 2089 1369 salutis,
2132 1320 2281 1372 quem
2337 1304 2554 1371 fecimus
2587 1305 2641 1357 iu
2677 1315 2816 1357 terra
2849 1305 2913 1358 ".
2954 1303 3187 1367 Iluguscc
3236 1303 3447 1354 fructus

1877 1410 2108 1458 merces,
2138 1405 2194 1448 ut
2219 1402 2272 1449 et
2302 1395 2593 1450 limi-editas
2620 1398 2859 1461 «labitur,
2900 1398 3108 1451 scilicet
3130 1394 3371 1462 adaptio.

201 1466 299 1522 ἐπὶ
332 1468 443 1538 τῆς
468 1470 598 1541 γῆς.
647 1474 849 1527 Τούτου
882 1472 972 1524 τοῦ
1003 1476 1214 1546 καρποῦ
1252 1476 1439 1546 μισθὸς
1463 1477 1650 1549 ὥσπερ
1674 1481 1769 1532 καὶ
1800 1483 2130 1555 κληρονομία
2157 1486 2438 1557 δοθήσεται
2463 1488 2494 1557 ἡ
2527 1488 2783 1541 υἱοθεσία.

284 1560 446 1615 Ὠσεί
496 1564 653 1633 ,βέλη
703 1566 773 1618 ἐν
824 1569 972 1637 χειρὶ
1019 1569 1313 1635 δυνατοῦ,
1344 1571 1531 1635 οὕτως
1572 1575 1623 1625 ol
1650 1573 1765 1625 υἱοί

202 1649 324 1703 τῶν
354 1653 872 1724 ἑκτετιναπμένων.
911 1660 1421 1731 Ἐκτετιναγμὲνους
1450 1664 1573 1727 τοὺς
1600 1665 1772 1736 ἀπορ-

204 1745 464 1812 ριᾳέντας
487 1749 617 1818 φησί
640 1750 731 1803 τοῦ
765 1753 1028 1824 προτέρου
1050 1753 1177 1806 λαοῦ
1205 1770 1218 1783 ’
1247 1748 1321 1808 ὧν
1352 1756 1401 1807 οἱ
1440 1757 1545 1808 υἱοὶ
1568 1797 1582 1820 ,
1618 1774 1773 1810 τουτ-

202 1836 350 1889 έστιν
377 1838 427 1891 οί
459 1840 768 1909 ἀπόστολοι,
798 1847 1051 1913 γεγόνασι
1086 1847 1212 1919 βέλη
1249 1848 1342 1901 τοῦ
1370 1848 1617 1902 δυνατοῦ.
1690 1850 1767 1903 Δι’

201 1929 381 1981 αὐτῶν
409 1933 506 1995 τὰς
533 1935 907 2007 ἀντικειμένας
934 1938 1189 2009 δυνάμεις
1220 1941 1626 2007 κατετόξευσεν.

272 2023 569 2092 Μακάριος
597 2026 664 2094 ὃς
689 2029 987 2097 πληρώσει
1017 2030 1131 2099 τὴν
1154 2032 1469 2101 ἐπιθυμίαν
1492 2034 1676 2088 αὐτοῦ
1698 2033 1768 2099 ἐξ

200 2109 419 2164 αὐτῶν.
490 2116 578 2182 Ἐξ
613 2118 787 2170 αὐτῶν
819 2120 1109 2191 μακαρίζει
1146 2124 1272 2186 τοὺς
1305 2125 1368 2177 ὲκ
1390 2125 1487 2193 τῆς
1515 2124 1769 2177 διδασκα-

200 2199 320 2267 λίας
364 2203 899 2279 ὼφεληθησομένους.
988 2215 1070 2266 Οὑ
1124 2214 1765 2283 καταισχυνθήσονται,

199 2291 347 2346 ὅταν
397 2295 630 2351 λαλῶσι
700 2300 822 2367 τοῖς
870 2302 1105 2372 ἐχθροῖς
1150 2304 1349 2357 αὐτῶν
1399 2305 1470 2358 ἐν
1523 2307 1765 2372 πύλαις.

201 2383 396 2455 Σαφῶς
421 2387 519 2460 τὴν
545 2393 844 2461 παρουσίαν
868 2394 961 2447 τοῦ
992 2393 1341 2467 κηρύγματος
1367 2395 1536 2466 δηλοῖ.

525 2481 664 2552 ’ῼδὴ
695 2483 813 2537 τῶν
843 2484 1215 2554 ἀναϐαθμῶν.
1267 2489 1447 2541 ΡΚΖ’.

813 2579 826 2598 '
840 2581 1145 2647 Υπόθεσις.

207 2666 272 2718 'H
305 2668 499 2737 ἑννάτη
524 2665 634 2739 ᾠδὴ
670 2670 959 2741 μακαρίζει
987 2671 1077 2725 τὸν
1117 2671 1478 2743 προσελθόντα
1513 2671 1592 2743 τῷ
1618 2673 1767 2745 φόϐῳ

276 2756 369 2810 τοῦ
394 2757 551 2811 Θεοῦ.
584 2759 822 2825 Εἰκότως
842 2761 898 2815 δὲ
929 2762 1073 2834 μετὰ
1091 2763 1186 2835 τὴν
1214 2764 1480 2831 ἀνάδειξιν
1509 2767 1617 2822 τῶν
1640 2768 1768 2821 ἀπο-

275 2848 479 2904 στόλων
514 2851 803 2923 μακαρίζει
834 2856 960 2919 τοὺς
986 2857 1395 2923 πιστεύσαντας.

264 3028 548 3097 Μακάριοι
585 3030 805 3099 πάντες
830 3036 884 3087 ot
911 3037 1263 3107 φοϐούμενοι
1288 3038 1393 3093 τὸν
1420 3041 1656 3110 Κύριον.

277 3120 350 3173 Ἡ
368 3119 523 3189 γυνή
550 3136 666 3175 σου
690 3123 770 3188 ὡς
792 3124 1057 3192 ἄμπελος
1075 3128 1435 3194 είνθηνοῦσα.
1463 3131 1553 3201 Τῷ
1574 3130 1765 3199 φοδου-

199 3209 345 3280 μένῳ
366 3209 459 3263 τὸν
482 3210 685 3283 Κύριον
717 3213 887 3284 δῶρον
919 3214 1114 3270 δίδοται
1155 3218 1251 3288 οὐχ
1284 3221 1316 3290 ἠ
1340 3219 1575 3290 τυχοῦσα
1602 3224 1761 3294 γυνὴ,

1945 1578 1998 1631 4.
2064 1577 2215 1633 Sicut
2264 1582 2473 1649 sagitta!
2503 1581 2555 1632 in
2609 1596 2765 1632 manu
2795 1580 3036 1648 potentis,
3073 1579 3149 1631 ita
3197 1578 3299 1646 ﬁlii
3349 1594 3445 1631 ex-

1876 1686 2166 1724 cussorum.
2232 1669 2504 1725 ExcuSStis
2560 1681 2719 1726 \‘ocat
2764 1687 2859 1726 cos
2906 1688 2970 1725 cx
3021 1686 3198 1740 priore
3249 1672 3448 1740 populo

1873 1763 1964 1831 qui
2019 1763 2214 1831 abjecti
2274 1772 2419 1817 sunt.
2476 1762 2717 1828 Quorum
2781 1764 2896 1825 ﬁlii,
2932 1765 3141 1818 scilicet
3190 1764 3444 1833 apostoli,

1874 1852 2023 1906 fuere
2050 1855 2259 1915 sagitta:
2292 1856 2543 1923 polcntis.
2588 1854 2743 1908 Ilisrc
2783 1856 2929 1908 cnim
2965 1855 3310 1910 adversarias
3342 1870 3444 1925 po—

1872 1954 2096 1999 testates
2130 1946 2284 2014 quasi
2327 1946 2543 2017 sagittis
2588 1947 2843 2001 confecit.

1938 2035 1992 2089 5.
2042 2034 2237 2089 Beatus
2284 2040 2365 2089 vir
2408 2039 2498 2106 qui
2543 2039 2770 2105 implevit
2811 2038 3129 2093 desiderium
3174 2058 3328 2097 suum
3380 2061 3443 2099 ea:

1865 2122 2013 2192 ipsis.
2040 2123 2233 2180 Beatos
2257 2127 2514 2194 praedicat
2541 2143 2635 2181 eos
2662 2128 2755 2196 qui
2786 2143 2850 2181 ex
2871 2129 3119 2184 doctrina
3151 2133 3441 2188 utilitatem

1867 2215 2183 2283 percipient.
2219 2214 2341 2268 Non
2372 2216 2760 2285 confundantur
2800 2233 2918 2269 cum
2948 2218 3227 2288 loquentur
3267 2224 3441 2276 inimi-
3475 2208 3477 2211 I

1866 2307 1941 2359 cis
1967 2309 2078 2360 suis
2124 2308 2181 2360 in
2224 2311 2413 2377 portis.
2465 2309 2665 2379 Aperte
2710 2310 3115 2380 przedicationis
3143 2312 3438 2369 adventum

1868 2398 2158 2471 significat.

2182 2489 2459 2546 Canticum
2510 2492 2792 2563 graduum.
2826 2493 2977 2549 CXX
2993 2493 3104 2550 VII

2451 2584 2851 2655 Argumentum.

1864 2670 2079 2728 Nonum
2106 2675 2381 2730 canticum
2410 2676 2627 2731 beatum
2657 2679 2917 2748 pradicat
2942 2694 3067 2734 eum
3109 2680 3201 2750 qui
3235 2682 3445 2738 accedit

1936 2764 2004 2819 ad
2038 2765 2289 2820 timorem
2322 2766 2434 2821 Dci.
2465 2766 2596 2822 Jure
2626 2778 2812 2824 autem
2852 2781 3140 2841 postquam
3166 2777 3443 2843 apostolos

1939 2853 2155 2911 futuros
2183 2857 2500 2927 declaravit,
2534 2859 2723 2915 beatos
2751 2863 3014 2931 praedicat
3045 2879 3142 2919 eos
3184 2867 3279 2937 qui
3323 2882 3443 2923 cre-

1935 2948 2212 3005 diderunt.

1936 3040 1989 3094 1.
2046 3040 2201 3095 Beati
2242 3059 2418 3097 omnes
2463 3044 2553 3115 qui
2598 3044 2782 3099 timent
2830 3044 3137 3106 Dominum.

1934 3130 1987 3183 5.
2044 3129 2189 3185 Uxor
2220 3142 2313 3187 tua
2340 3135 2479 3188 sicut
2510 3137 2631 3190 vitis
2672 3138 2967 3194 abundans.
3007 3140 3241 3199 Timenti
3272 3142 3441 3200 Deum

1869 3220 2011 3275 dono
2037 3223 2199 3277 datur
2254 3239 2364 3278 non
2420 3228 2624 3296 qumvis
2681 3229 2899 3297 mulier,
2955 3232 3047 3285 scd
3101 3249 3224 3302 qua:
3284 3236 3442 3291 bonis

195 3301 311 3353 ἀλλ’
334 3303 366 3373 ἡ
394 3306 622 3374 καρποῖς
642 3306 865 3375 ἀγαθοῖς
892 3310 1300 3381 κεκοσμημένη.
1333 3311 1474 3383 Γυνὴ
1499 3312 1607 3385 γὰρ
1631 3315 1768 3384 ἁγα-

1871 3312 2140 3371 fructibus
2200 3327 2390 3372 ornata
2456 3319 2547 3376 sit.
2604 3318 2740 3375 Nam
2801 3325 2942 3377 bona
3000 3301 3231 3390 mulier,
3298 3328 3441 3384 bona

198 3390 263 3462 δὴ
294 3393 453 3464 μερὶς
482 3394 681 3467 ἀγαθή.

224 3554 227 3557 _
264 3480 375 3535 Καὶ
432 3482 585 3550 ἴδοις
632 3486 705 3540 τὰ
748 3485 938 3557 ἀγαθὰ
994 3486 1389 3556 Ἰερουσαλὴμ
1427 3490 1629 3557 πάσας
1659 3492 1767 3559 τὰς

195 3574 422 3643 ἡμέρας
468 3576 579 3644 τῆς
628 3576 776 3645 ζωῆς
830 3593 968 3635 σου.
1030 3579 1111 3633 Τὰ
1158 3580 1323 3651 νοητὰ
1377 3580 1649 3653 δηλονότι⁸
1695 3586 1765 3640 ’Δ

197 3664 505 3738 ὀγθαλμύς
540 3668 652 3719 οὐκ
686 3664 827 3732 οἵδε,
852 3667 1038 3722 καὶτὰ
1075 3670 1220 3741 ἑξῆς.

263 3755 369 3810 Kal
410 3754 559 3821 ἴδοις
588 3757 768 3825 υἱοὺς,
782 3757 899 3812 τῶν
938 3756 1084 3814 υἱῶν
1107 3776 1257 3826 σου,
1287 3760 1492 3833 είρήνη
1537 3762 1635 3817 ἐπὶ
1662 3763 1769 3819 τόν

210 3846 476 3913 Ἰσραηλ.
510 3846 619 3911 Τὰς
650 3848 979 3918 ἐπαγγελίας
1015 3850 1182 3921 λέγει.
1245 3852 1453 3926 ’Ὠσπερ
1485 3852 1594 3925 γὰρ
1620 3853 1769 3926 πρῶ-

196 3953 276 3991 τοι
309 3939 514 4010 καρποὶ
546 3940 644 4009 τῆς
678 3940 955 4009 Θεοφιλοῦς
990 3941 1166 4013 ψυχῆς
1206 3943 1310 3995 είσι
1337 3944 1406 3997 τὰ
1431 3946 1765 4017 γεννήματα,

196 4028 369 4093 οὕτως
403 4030 499 4084 καὶ
532 4031 771 4103 δεύτεροι
803 4033 857 4085 αί
895 4031 1234 4101 ἐπαγγελίαι.

527 4122 665 4192 ᾨδὴ
697 4122 814 4177 τῶν
842 4123 1212 4195 ἀναϐαθμῶν.
1266 4127 1448 4182 ΡΙΩΡ.

821 4212 835 4232 ⁸
848 4214 1155 4281 Υπόθεσις.

200 4301 274 4357 Ἦ
297 4303 501 4375 δεκάτη
525 4303 635 4376 ᾠδὴ
661 4304 786 4369 τοὺς
813 4305 1039 4371 πολλοὺς
1086 4307 1356 4382 διωγμοὺς
1403 4310 1483 4383 τῷ
1532 4313 1767 4385 Χριστοῦ

267 4391 383 4466 λαῷ
416 4394 751 4461 ἐκδιδάσκει,
801 4396 895 4450 καὶ
943 4396 1132 4471 ὥσπερ
1170 4400 1347 4455 πάντα
1392 4402 1767 4476 ὑπερπηδήσῃ

266 4486 531 4559 κρείττων
554 4487 642 4541 ἀεὶ
659 4486 767 4541 τῶν
793 4488 1244 4547 ἐπιϐουλευόντων
1272 4494 1581 4565 γενόμενος.
1632 4495 1769 4549 Τοῦ-

263 4578 323 4634 τό
348 4596 486 4652 φησι
517 4578 603 4633 διὰ
622 4579 680 4632 τὸ
712 4581 806 4634 ἀπ’
825 4581 997 4655 ἀρχῆς
1026 4582 1121 4637 τοῦ
1141 4586 1494 4659 κηρύγματος
1515 4589 1766 4659 γενέσθαι

264 4672 407 4739 τοὺς
424 4668 716 4741 διωγμούς.

265 4761 598 4829 tneorqu
651 4761 1039 4832 ἐπολέμησάν
1075 4783 1154 4837 με
1189 4804 1205 4821 .
1239 4806 1254 4822 .
1297 4807 1313 4824 .
1347 4809 1365 4824 .
1409 4771 1626 4842 Κύριος
1676 4771 1765 4827 δι-

200 4870 361 4921 καιος
406 4854 771 4925 συνέτριψεν
815 4856 1078 4926 αὐχένας
1124 4859 1508 4928 ἁμαρτωλῶν.
1556 4864 1765 4929 Πάντες

201 4944 305 5015 γὰρ
328 4946 379 4999 οί
407 4943 697 5010 διώξαντες
721 4945 878 4999 κακοὶ
912 4948 1094 5012 κακῶς
1119 4948 1469 5006 ἀπολοῦνται.

525 5035 666 5107 ᾭδὴ
696 5037 814 5093 τῶν
850 5040 1216 5110 ἀναϐαθμῶν.
1252 5045 1429 5099 PKO'.

822 5131 837 5150 '
849 5132 1157 5199 Υπόθεσις.

212 5216 275 5273 Ἥ
308 5218 573 5290 ἑνδεκάτη
585 5217 697 5292 ᾠδὴ
729 5220 893 5294 εὐχὴν
912 5223 1154 5294 περιέχει
1176 5225 1486 5299 μαρτύρων,
1515 5229 1609 5283 καὶ
1628 5229 1767 5285 διδα-

271 5311 495 5365 σκαλίαν
543 5310 975 5384 ὲξομολογήσεως
1019 5313 1096 5386 τῷ
1128 5316 1235 5389 νέῳ
1278 5317 1410 5390 λαῷ.
1465 5319 1659 5391 Σαφῶς
1707 5320 1767 5377 δὲ

268 5403 473 5477 ἀρετῆς
519 5404 743 5478 ἱλασμὸν
788 5406 1073 5476 κηρύσσει,
1105 5408 1165 5472 ὃς
1213 5412 1331 5466 ἔστι
1376 5413 1630 5485 Χριστός.
1663 5415 1767 5469 Πε-

268 5497 326 5567 ρὶ
353 5494 519 5551 αὑτοῦ
548 5496 656 5569 γὰρ
687 5498 930 5571 εἴρηται·
969 5502 1079 5557 Kal.
1111 5502 1293 5571 αὐτὸς
1332 5507 1588 5575 ἱλασμός
1633 5508 1766 5563 ἐστι

271 5591 408 5661 περὶ
429 5589 549 5646 τῶν
568 5592 868 5662 ἁμαρτιῶν
892 5593 1081 5665 ἡμῶν.

284 5680 388 5738 Ἐκ
405 5684 644 5749 ,βαθέων
670 5684 964 5756 ἐξέκραξὰ
999 5701 1098 5742 σοι
1120 5727 1136 5754 ,
1171 5690 1348 5759 Κύριε
1378 5731 1391 5744 .
1432 5733 1444 5746 .
1478 5731 1493 5747 .
1528 5733 1543 5748 .
1583 5735 1599 5751 .
1640 5734 1654 5748 .
1688 5734 1703 5748 .
1740 5729 1762 5752 ο

290 5856 342 5894 ⁸³
382 5859 484 5918 lu.
541 5878 689 5935 nrt,
732 5864 817 5922 18.
924 5870 968 5901 ⁸³
1018 5868 1036 5923 l
1086 5868 1211 5926 Cor.
1267 5887 1337 5938 ιι,
1388 5875 1441 5929 9.

1869 3406 2072 3475 portio.

1938 3498 1991 3552 5.
2027 3496 2095 3551 Et
2136 3499 2314 3554 videas
2344 3501 2479 3555 bona
2499 3500 2799 3559 Jerusalem
2840 3508 3081 3561 omnibus
3110 3510 3293 3564 diebus
3322 3513 3444 3568 vita:

1868 3598 1992 3643 luat.
2037 3587 2349 3660 Spiritualia
2400 3594 2609 3649 scilicet
2636 3596 2800 3663 b0na,
2844 3614 2963 3668 qua:
2992 3600 3177 3655 oculus
3211 3618 3313 3657 nou
3365 3607 3457 3657 ιιι-λ

1865 3680 1946 3734 dit
1984 3680 2030 3713 ⁸⁸
2047 3724 2063 3748 ,
2104 3692 2210 3738 etc.

1937 3772 1990 3827 6.
2033 3772 2103 3827 Et
2126 3776 2300 3831 videas
2352 3776 2493 3847 ﬁlios
2548 3779 2783 3849 ﬁliorum
2827 3790 3059 3849 tuorum,
3129 3802 3236 3851 pas:
3286 3803 3442 3857 super

1868 3862 2062 3921 Israel.
2093 3866 2494 3925 Promissiones
2522 3872 2676 3928 dicit.
2705 3872 2856 3929 Sicut
2876 3876 3020 3928 enim
3044 3877 3202 3945 primi
3232 3878 3441 3933 fructus

1866 3956 2062 4011 anima:
2084 3971 2212 4027 erga
2235 3956 2406 4012 Deum
2437 3960 2706 4029 religiosae
2734 3971 2863 4017 sunt
2885 3960 3027 4017 fetus
3068 3964 3210 4033 ejus,
3244 3964 3325 4020 sic
3349 3979 3441 4019 se-

1867 4047 2033 4103 cundi
2059 4058 2187 4104 sunt
2217 4050 2627 4118 promissiones.
2869 4044 2877 4051 ’

2140 4136 2419 4194 Canticum
2477 4133 2759 4210 graduum.
2825 4141 3156 4200 CXXVIII.

2457 4233 2857 4303 Argumentum.

1867 4321 2150 4379 Decimum
2190 4323 2465 4379 canticum
2520 4325 2692 4380 multa
2745 4326 3186 4395 persecutionum
3241 4341 3440 4398 genere

1925 4415 2130 4471 Christi
2180 4416 2435 4485 populum
2472 4417 2684 4483 edocet,
2707 4425 2762 4471 et
2787 4432 2898 4486 quo
2931 4427 3092 4487 pacto
3127 4420 3314 4472 omnia
3341 4434 3439 4473 su-

1936 4516 2227 4579 peraturus
2252 4508 2345 4574 sit,
2374 4507 2790 4564 insidiatoribus
2829 4523 3045 4577 semper
3075 4509 3327 4577 superior
3353 4508 3437 4563 ef—

1937 4598 2131 4655 fectus.
2163 4596 2279 4652 Hoc
2305 4608 2487 4654 autem
2519 4599 2597 4654 ait
2623 4601 2749 4671 quia
2780 4600 2851 4655 ab
2896 4600 3052 4655 initio
3098 4600 3440 4671 pt'mdicatio-

1939 4691 2025 4747 nis
2055 4690 2460 4760 persecutiones
2492 4690 2735 4747 fuerunt.

1936 4783 2062 4850 1,5.
2102 4780 2251 4853 Stepe
2287 4792 2711 4855 expugnaverunt
2756 4798 2930 4838 τηου..
2971 4780 3228 4836 Dominus
3256 4783 3440 4852 justus

1864 4876 2107 4931 contrivit
2152 4876 2370 4930 cervices
2408 4887 2758 4945 peccatorum.
2790 4873 2928 4930 Nam
2957 4889 3151 4930 omnes
3187 4875 3282 4943 qui
3322 4888 3442 4944 per-

1864 4967 2037 5023 secuti
2068 4974 2197 5023 sunt
2224 4968 2347 5021 mali
2377 4967 2518 5021 male
2549 4967 2822 5033 peribunt.

2212 5057 2488 5115 Canticum
2517 5061 2799 5131 graduum.
2825 5057 3087 5116 CXXII.

2451 5150 2853 5222 Argumentum.

1871 5238 2225 5297 Undecimum
2243 5242 2514 5299 canticum
2542 5244 2843 5299 orationem
2879 5240 3259 5311 complectitur
3296 5256 3444 5297 mar-

1941 5342 2117 5405 tyrum
2146 5342 2200 5388 ct
2222 5335 2525 5391 doctrinam
2556 5334 2918 5392 confessionis
2947 5349 3091 5389 novo
3120 5334 3321 5405 populo
3344 5334 3442 5389 da-

1902 5474 1903 5477 η
1942 5435 2072 5483 tam.
2105 5425 2261 5482 Clare
2294 5436 2477 5482 autem
2504 5428 2723 5484 virtutis
2756 5427 3198 5499 propinationem
3239 5424 3442 5497 pradi-

1942 5525 2048 5583 cat,
2066 5532 2188 5587 quae
2205 5517 2455 5574 Christus
2471 5527 2571 5575 est.
2598 5521 2672 5574 De
2690 5521 2807 5589 ipso
2826 5534 3060 5589 namque
3077 5519 3285 5574 dictum
3309 5526 3395 5575 est
3417 5533 3437 5572 :

1941 5606 2010 5661 Et
2033 5624 2141 5678 ipse
2158 5610 2467 5680 propitiatio
2498 5619 2575 5666 est
2602 5627 2698 5681 pro
2724 5612 2952 5681 peccatis
2979 5611 3173 5666 nostris
3192 5609 3259 5664 ⁸⁸.

1942 5698 1994 5755 1.
2021 5698 2094 5754 De
2123 5702 2400 5771 profundis
2430 5703 2655 5757 clamaui
2687 5704 2755 5757 ad
2781 5714 2848 5769 te,
2880 5702 3184 5759 Dominam.

1542 5874 1587 5907 “
1615 5874 1633 5929 l
1657 5874 1812 5931 Joau'.
1847 5891 1905 5942 Ιι,
1938 5878 1989 5929 ‘t.
