4126 6486
663 466 766 522 519

1469 450 1524 502 S.
1568 441 1934 500 ATHANASH
1977 439 2126 494 OPP.
2169 435 2350 489 PARS
2390 435 2474 489 Ill.
2517 463 2581 475 --
2626 432 3038 488 I'LXEGETICA.

3791 420 3899 476 σεο

728 579 782 630 ‘2.
817 575 860 629 1⁵
865 576 976 627 iant
1014 586 1166 625 aures
1198 578 1302 622 tua
1327 564 1646 620 intendentes
1689 563 1746 613 in
1779 572 1952 612 vocem
1979 555 2226 622 depreca-
2254 594 2262 609 .

2393 549 2711 617 Γενηθήτω
2736 549 2808 602 τὰ
2834 543 2956 601 ὦτά
2993 563 3109 600 σου
3131 557 3510 613 προσεχεῖ-τα
3533 542 3619 605 εις
3636 537 3754 605 τὴν
3783 554 3904 606 9w-

664 670 822 724 tionis
849 673 993 720 metr.
1027 666 1200 716 Aures
1226 660 1277 713 in
1310 655 1421 711 Deo
1447 653 1718 723 angelieas
1755 654 2046 720 potestates
2068 641 2225 696 intel-

666 764 880 834 ligimus
926 772 1068 822 esse,
1117 770 1209 826 per
1261 767 1399 823 quas
1441 746 1863 819 supplicationes
1912 751 2110 797 nostra:
2160 737 2225 792 all

667 856 833 908 Deum
860 849 1144 904 accedunt.

731 929 788 999 Ξῖ.
831 941 890 996 Si
927 940 1230 1009 iniquitates
1271 933 1654 991 observaveris,
1692 928 1933 989 Domine,
1986 924 2228 988 Domine,

662 1039 776 1108 quis
824 1032 1140 1088 sustinebit?
1176 1029 1267 1082 Illa
1307 1036 1484 1080 autem
1537 1019 1892 1090 reduplicatio
1927 1018 2098 1082 vocis,
2127 1016 2231 1068 Do-

665 1130 823 1190 mine,
857 1125 1094 1187 Domine,
1119 1118 1438 1174 admirantis
1459 1124 1541 1170 est
1567 1113 1760 1168 divina:
1791 1108 2091 1165 clementiae
2112 1122 2229 1161 ma-

665 1219 1024 1289 gnitudinem,
1065 1213 1205 1284 apud
1244 1225 1403 1281 quem
1449 1222 1572 1263 esse
1610 1204 2044 1276 pr0pitiationem
2079 1199 2229 1265 dicit,

665 1322 721 1367 at
749 1327 854 1366 non
887 1310 939 1363 in
976 1306 1133 1360 lionis
1166 1302 1422 1372 Operibus
1454 1297 1679 1353 nostris.

733 1405 788 1458 4.
820 1402 1042 1469 Propter
1070 1413 1251 1450 nomen
1280 1407 1427 1448 tuum
1468 1388 1696 1444 sustinui
1727 1397 1795 1449 te,
1831 1384 2065 1438 Domine.
2107 1379 2231 1436 Haec

667 1504 796 1550 sunt
839 1494 1000 1547 verba
1045 1503 1236 1543 eorum
1287 1485 1378 1555 qui
1423 1499 1530 1537 non
1588 1489 1806 1551 propter
1854 1475 2230 1531 necessitatem

666 1585 1028 1656 spiritualem,
1053 1580 1145 1634 sed
1181 1587 1399 1648 propter
1425 1572 1788 1628 venerandum
1819 1583 2016 1624 nomen
2054 1567 2232 1635 ipsum

668 1677 952 1739 accedunt,
988 1689 1051 1725 ac
1081 1672 1128 1725 si
1157 1671 1208 1722 in
1239 1667 1494 1738 patientia
1523 1673 1739 1719 currunt
1773 1661 2094 1732 prapositurn
2118 1675 2232 1712 cer-

670 1782 844 1824 tamen
868 1767 934 1831 ",
961 1773 1016 1819 et
1042 1763 1190 1817 nullo
1233 1770 1476 1830 tempore
1517 1756 1817 1813 abscedunt
1847 1769 1878 1808 a
1912 1752 2043 1818 Deo,
2080 1759 2133 1805 et
2165 1750 2234 1804 ab

673 1863 738 1915 iis
767 1875 886 1930 quae
910 1857 1011 1928 ipsi
1039 1857 1269 1921 placent.

741 1909 1130 2005 θῗῑεῦδιοθὶα
1152 1945 1410 1998 matutina
1442 1958 1602 2013 usque
1631 1940 1700 1994 ad
1736 1948 1936 1994 noctem
1957 1944 2120 2005 speret
2146 1932 2230 1988 Is-
2255 1909 2305 1971 Β

675 2042 786 2098 raei
814 2044 868 2094 in
912 2040 1156 2094 Domino.
1190 2035 1413 2106 Oportet
1442 2037 1585 2088 enim
1611 2033 1775 2086 etiam
1807 2031 1860 2084 in
1895 2027 2138 2082 molestis
2158 2041 2238 2078 re-

674 2138 775 2191 bus
808 2135 1092 2189 Dominum
1125 2140 1457 2201 exspectare.
1492 2125 1606 2182 Non
1640 2126 1815 2182 solum
1850 2124 1993 2178 enim
2037 2121 2089 2174 in
2123 2135 2237 2173 ma-

672 2228 848 2282 tutina
894 2225 1176 2288 custodia,
1220 2239 1329 2277 non
1371 2220 1664 2288 conspicua
1702 2218 1883 2271 omnia
1931 2224 2092 2272 sunt,
2143 2211 2235 2266 sed

671 2322 835 2376 etiam
892 2333 1063 2387 usque
1093 2316 1158 2370 ad
1202 2312 1488 2368 tenebrosa
1533 2309 1742 2380 negotia
1783 2314 1838 2362 et
1882 2316 2091 2362 eventa.
2130 2302 2236 2358 Sed

674 2416 883 2470 oriente
905 2427 1029 2467 vero
1051 2409 1275 2472 lumine,
1295 2420 1444 2459 tuens
1467 2403 1767 2474 perSpicax,
1785 2399 2025 2454 laetarum
2055 2410 2236 2451 rerum

675 2515 1044 2576 augmentum,
1083 2499 1320 2555 tristium
1352 2497 1672 2551 vacuitatem
1710 2491 1936 2560 accipit;
1972 2496 2149 2556 speret
2181 2486 2235 2538 in

675 2599 824 2652 illum
855 2593 1012 2665 quasi
1046 2593 1099 2646 in
1127 2590 1331 2645 fontem
1357 2605 1371 2653 ;
1399 2586 1541 2656 apud
1571 2584 1720 2638 illum
1756 2594 1989 2649 namque
2016 2585 2099 2632 est
2135 2576 2237 2629 mi-

673 2687 970 2744 sericordia
1004 2685 1097 2753 qui
1124 2679 1420 2749 redemptio
1460 2684 1544 2730 est
1577 2683 1631 2730 et
1651 2671 1980 2744 propitiatio,
2009 2668 2102 2739 qui
2123 2667 2237 2721 vir-

673 2789 789 2835 tute
812 2779 981 2833 multa
1013 2783 1230 2846 peccata
1260 2778 1470 2842 purgat.

1047 2950 1324 3007 Canticum
1350 2947 1632 3017 graduum.
1665 2940 1886 2996 CXXX.

1257 3044 1657 3109 Argumentum.

677 3136 1063 3192 Duodecimnm
1095 3140 1366 3188 canticum
1399 3130 1556 3184 docet
1583 3143 1705 3183 eum
1739 3127 1829 3196 qui
1860 3125 2239 3197 propitiatione

2332 643 2452 709 νὴν
2491 642 2599 709 τῆς
2635 640 2900 709 ὄεήσεώς
2920 656 3062 710 μου.
3092 634 3232 692 Ὦτα
3256 636 3348 690 ἐπὶ
3366 634 3526 695 Θεοῦ,
3549 633 3646 687 καὶ
3677 631 3777 693 τὰς
3802 632 3904 697 ἁγ-

2333 734 2553 800 γελικάς
2581 734 2836 804 δυνάμεις
2879 732 3125 802 νοοῦμεν,
3173 730 3238 783 δι’
3287 723 3363 783 ὧν
3406 729 3462 781 αἱ
3494 727 3711 796 δεήσεις
3743 721 3906 794 ἡμῶν

2335 828 2471 898 πρὸς
2493 827 2624 880 Θεὸν
2650 826 3008 898 εἰσέρχονται.

2415 920 2556 974 Ἐὰν
2585 920 2833 988 ἀνομίας
2865 915 3310 986 παρατηρήσῃς,
3350 913 3546 980 Rupta,
3582 910 3782 978 Κύριε,
3811 906 3906 972 τίς

2333 1007 2781 1074 ὐποστήσεται;
2822 1010 2882 1061 Ὀ
2922 1008 2979 1061 δὲ
3009 1006 3125 1068 τοῦ,
3160 1007 3355 1073 Κύριε,
3385 1005 3580 1072 Κύριε,
3614 1000 3903 1055 διπλασια-

2338 1101 2470 1172 σμὸς
2497 1099 2861 1169 θαυμάζοντός
2890 1099 3004 1150 ἐστι
3034 1097 3132 1165 τῆς
3165 1095 3254 1149 τοῦ
3308 1092 3442 1147 Θεοῦ
3492 1089 3905 1164 φιλανθρωπίας

2335 1191 2424 1245 τὸν
2475 1190 2657 1258 ὄγκον,
2697 1189 2825 1260 παρ’
2875 1185 2941 1261 ἦς
2995 1187 3214 1241 καὶτὸν
3261 1185 3486 1255 ἱλασμὸν
3520 1181 3662 1238 εἶναι
3715 1198 3905 1254 φησιν,

2334 1283 2450 1337 ἀλλ’
2476 1284 2574 1336 οὐκ
2607 1286 2664 1336 ἐν
2692 1284 2804 1343 τοῖς
2830 1281 3117 1352 ἡμετέροις
3147 1276 3580 1349 κατορθώμασιν.

2409 1376 2659 1428 Ἕνεκεν
2689 1373 2794 1426 τοῦ
2821 1370 3110 1441 ὀνόματός
3138 1386 3254 1424 σου
3275 1367 3560 1437 ὑπέμεινά
3580 1384 3676 1432 σε,
3702 1368 3905 1433 Κύριε.

2337 1465 2520 1520 Ταῦτα
2545 1465 2654 1518 τῶν
2684 1464 2757 1535 μὴ
2786 1463 2874 1516 διὰ
2902 1462 3088 1534 χρείαν
3137 1457 3528 1530 πνευματικὴν,
3571 1457 3637 1510 δι’
3679 1456 3812 1509 αὐτὸ
3844 1453 3906 1507 sa

2336 1560 2396 1613 τὸ
2445 1558 2639 1612 σεπτὸν
2679 1559 2848 1627 ὄνομα
2889 1553 3240 1626 προσιόντων,
3291 1552 3442 1605 οὕτω
3495 1549 3593 1603 καὶ
3635 1550 3707 1602 ἐν
3756 1551 3906 1602 ὑπος-

2333 1650 2490 1722 μονῇ
2515 1651 2846 1719 τρεχόντων
2869 1648 2974 1701 τὸν
2995 1646 3383 1715 προκείμενον
3402 1643 3626 1712 ἀγῶνα,
3646 1641 3741 1694 καὶ
3762 1637 3907 1693 κατὰ

2342 1745 2465 1814 μηδ’
2487 1744 2582 1795 ἕνα
2612 1742 2800 1813 καιρὸν
2831 1740 3212 1811 ἀφισταμένων
3233 1737 3365 1790 Θεοῦ
3384 1738 3474 1790 καὶ
3503 1733 3611 1788 τῶν
3641 1732 3879 1804 ἀρεσκὸν
3904 1769 3908 1772 ‹

2339 1853 2445 1888 των
2478 1833 2645 1904 αὐτῷ.

2416 1928 2549 1982 Ἀπὸ
2577 1925 2857 1996 φυλακῆς
2889 1924 3101 1992 πρωτας
3145 1924 3319 1990 μέχρι
3358 1919 3574 1984 νυκτὸς
3600 1916 3906 1976 ἐλπισὰτίυ

2349 2019 2596 2089 Ἰσραὴλ
2620 2018 2718 2071 ἐπὶ
2747 2017 2852 2072 τὸν
2879 2018 3116 2085 Κύριον.
3151 2017 3242 2067 Δεῖ
3271 2013 3378 2083 γὰρ
3405 2012 3498 2065 καὶ
3536 2013 3594 2063 ὲν
3622 2012 3732 2072 τοῖς
3768 2025 3874 2061 σκυ

2337 2113 2572 2186 θρωποίς
2599 2111 2898 2182 προσδοκᾷν
2931 2110 3024 2160 ἐπὶ
3067 2107 3288 2179 Κύριον.
3337 2104 3412 2158 Οὐ
3453 2103 3560 2172 γὰρ
3609 2102 3766 2172 μόνον
3812 2101 3907 2153 ὅτι

2337 2205 2553 2277 φυλακὴ
2585 2203 2725 2274 πρωϊ
2758 2203 2833 2274 μὴ
2865 2202 2960 2256 καὶ
2990 2199 3218 2270 λαμπρὰ
3237 2198 3306 2252 τὰ
3341 2198 3604 2271 παρόντα,
3639 2194 3775 2248 ἀλλά
3809 2193 3910 2247 καὶ

2341 2300 2501 2370 μέχρι
2551 2297 2660 2349 τῶν
2719 2295 2961 2366 ζοφερῶν
2995 2291 3390 2364 περιστάσεων.
3441 2290 3597 2343 Ἀλλὰ
3649 2291 3743 2342 καὶ
3770 2289 3907 2342 ἀνα·-

2336 2388 2607 2450 τελλοντος
2628 2386 2719 2438 τοῦ
2747 2384 2996 2455 ἀληθινοῦ
3025 2383 3200 2452 φωτὸς
3218 2384 3245 2434 ὁ
3267 2380 3566 2452 διορατικὸς
3591 2379 3715 2440 νοῦς
3735 2393 3908 2448 προσ-

2339 2481 2510 2552 θήκην
2572 2479 2834 2550 λαμϐάνει
2883 2479 2946 2530 ὲκ
2997 2474 3131 2529 Θεοῦ
3179 2474 3287 2527 τῶν
3334 2472 3604 2546 φαιδρῶν,
3657 2471 3750 2524 καὶ
3795 2470 3908 2522 τῶν

2340 2571 2676 2644 σκυθρωπῶν
2693 2571 3009 2641 ἀπαλλαγήν
3025 2570 3180 2639 (50⁸)·
3198 2569 3469 2621 ὲλπισὰτω
3485 2567 3612 2636 παρ’
3630 2562 3778 2634 αὑτῴ
3797 2562 3910 2633 γὰρ

2337 2665 2412 2727 ὡς
2445 2667 2502 2717 ἐν
2535 2668 2706 2736 πηγῇ,
2740 2666 2833 2717 καὶ
2865 2666 2993 2734 παρ’
3019 2661 3182 2714 αὐτοῦ
3210 2661 3270 2713 τὸ
3299 2660 3464 2723 ἔλεος,
3499 2657 3577 2727 τῷ
3608 2655 3758 2725 αὐτῷ
3793 2655 3910 2707 ὄντι

2336 2757 2622 2828 λυτρώσει,
2657 2758 2749 2810 καὶ
2777 2755 2854 2827 τῷ
2898 2756 3130 2826 ἱλασμῴ,
3172 2753 3250 2823 τῷ
3286 2751 3536 2806 ἱκανώσει
3589 2748 3758 2817 πολλῇ
3809 2745 3910 2811 τὰς

2341 2851 2610 2922 ἁμαρτίας
2637 2849 3093 2920 πρικαθαῖροντι.

2692 2942 2831 3014 ’ῼὸἡ
2866 2941 2982 2996 τῶν
3003 2937 3370 3007 ἀναϐαθμῶν.
3412 2941 3543 2993 PA'.

2954 3033 2968 3050 ⁹
2981 3034 3285 3093 Υπὸθεσις.

2350 3129 2413 3182 ἸΙ
2433 3127 2705 3197 δωδεκάτη
2732 3125 2841 3197 ᾠδὴ
2873 3124 2965 3179 τὸν
3004 3121 3406 3190 καταξιωθέντα
3447 3121 3541 3174 τοῦ
3571 3121 3805 3192 ἱλασμοῦ
3830 3122 3912 3175 δι-

745 3229 980 3282 donatus
1033 3222 1167 3288 fuit,
1205 3237 1272 3277 ne
1314 3221 1487 3276 lidcns
1539 3235 1639 3275 suo
1672 3218 1914 3290 profectu
1949 3217 2237 3278 exaltetur,

2413 3220 2601 3276 δάσκει
2636 3218 2709 3290 μὴ
2754 3216 3095 3291 ἐπαίρεσθαι.
3130 3219 3194 3287 τῇ
3231 3213 3420 3269 ἑαυτοῦ
3470 3213 3750 3286 βελτιώσει
3780 3215 3913 3286 θαρ-

747 3319 840 3375 sed
872 3317 1149 3373 humiliter
1172 3314 1394 3371 sentiat.

749 3412 993 3475 Domine,
1023 3426 1123 3463 non
1149 3418 1225 3461 est
1247 3403 1537 3461 exaltatum
1560 3420 1652 3458 eor
1671 3417 1907 3457 meum...
1934 3399 2110 3470 Neque
2126 3415 2239 3452 ant-

678 3506 853 3561 bulavi
895 3504 952 3557 in
997 3501 1236 3572 magnis,
1277 3513 1436 3568 neque
1468 3497 1524 3549 in
1565 3493 1893 3549 mirabilibus
1943 3508 2097 3562 super
2136 3507 2236 3557 me,

677 3608 782 3652 etc.
823 3593 892 3650 Ut
915 3593 1038 3664 quis
1071 3608 1176 3648 non
1210 3589 1496 3656 exultetur,
1520 3587 1597 3643 ait
1623 3587 1953 3642 contrariam
1985 3589 2238 3640 virtutem

676 3703 800 3744 esse
840 3686 1128 3741 admodum
1176 3683 1383 3745 utilem,
1432 3696 1593 3752 quam
1638 3679 1882 3734 Salvator
1923 3678 2108 3733 docuit
2154 3677 2240 3732 his

679 3779 893 3855 verbis:
927 3776 1047 3832 Nisi
1077 3776 1305 3830 conuersi
1337 3774 1542 3842 fueritis
1567 3780 1617 3825 et
1641 3769 1937 3839 eﬁciamini
1965 3769 2097 3821 sicut
2117 3785 2241 3836 par-

679 3871 810 3935 uuli,
848 3885 954 3923 non
981 3866 1246 3922 intrabttis
1276 3864 1330 3917 in
1347 3878 1561 3933 regnum
1577 3862 1824 3915 ctelorum
1844 3860 1909 3914 "'.
1925 3860 2240 3915 Ablactatos

683 3970 866 4017 autem
897 3973 1096 4028 pueros
1120 3956 1272 4021 dicit,
1315 3954 1716 4009 tribulationem
1771 3953 2101 4027 signina-aus.
2150 3950 2242 4007 Et—

680 4055 825 4107 enim
851 4050 1068 4106 nonnisi
1120 4063 1243 4104 cum
1275 4047 1486 4101 ﬂetibus
1515 4044 1695 4101 iulans
1727 4060 1756 4100 a
1787 4053 1960 4100 matre
1990 4044 2238 4108 discedit,

681 4145 870 4200 dolens
903 4141 1046 4214 quod
1075 4141 1212 4198 lacte
1233 4139 1471 4210 privatus
1504 4139 1683 4192 fuerit.
1719 4137 1796 4193 Ita
1819 4146 1873 4193 et
1897 4153 2017 4209 ego,
2041 4138 2238 4210 inquit,

683 4239 736 4292 in
761 4236 1020 4292 aerumnis
1062 4235 1284 4304 degens,
1315 4245 1526 4300 semper
1561 4229 1727 4285 Deum
1762 4245 1970 4300 precor.
2012 4230 2164 4297 Quod
2195 4231 2240 4286 si

681 4344 791 4382 non
827 4328 899 4382 ita
928 4325 1153 4380 aﬂ'ectus
1185 4338 1383 4390 essem,
1409 4333 1709 4377 extremum
1756 4322 2079 4393 supplicium
2124 4322 2242 4378 lue-

683 4434 818 4475 rem.

1033 4507 1310 4564 Canticum
1338 4510 1615 4578 graduum.
1635 4505 1863 4561 CXXX:
1877 4544 1890 4560 .

1275 4602 1671 4671 Argumentum.

681 4696 964 4750 Decimum
989 4694 1206 4748 tertium
1232 4693 1503 4747 canticum
1542 4692 1840 4745 orationem
1878 4701 2120 4746 continet
2146 4707 2246 4762 pro

756 4787 977 4845 Davide.
1009 4785 1143 4841 Nam
1178 4801 1302 4842 cum
1341 4784 1650 4856 propitiatio
1677 4784 1932 4841 omnibus
1961 4786 2245 4840 remissio-

756 4895 877 4934 nem
897 4889 1245 4950 peccatorum
1261 4877 1531 4942 conciliet,
1548 4876 1858 4931 necessario
1879 4875 2113 4947 Spiritus
2128 4892 2246 4948 pro-

753 4973 1022 5044 pheticus,
1040 4989 1163 5027 eum
1189 4970 1409 5041 reliquis
1425 4969 1515 5040 qui
1533 4971 1757 5025 salutem
1773 4978 2180 5040 consequuntur
2193 4978 2246 5026 et

756 5081 880 5121 cum
913 5063 1113 5120 Davide
1137 5065 1244 5118 ait:
1281 5082 1301 5116 ι
1329 5065 1574 5130 Domine,
1610 5072 1902 5129 memento,
1945 5063 2242 5118 secundum

758 5159 1226 5216 mansuetudinem
1241 5158 1360 5229 ejus
1375 5158 1610 5213 retribue
1627 5158 1725 5212 illi.
1741 5178 1758 5209 ι
1781 5155 2243 5222 Quemadmodum

754 5254 900 5308 enim
925 5254 1032 5317 ille,
1055 5260 1374 5308 mansuetus
1399 5267 1523 5305 cum
1561 5260 1722 5313 esset,
1753 5249 1960 5304 dimisit
1988 5248 2136 5303 Sauli
2161 5249 2246 5304 in-

758 5345 930 5418 jurias
949 5345 1050 5400 sibi
1083 5345 1281 5410 illatas,
1310 5344 1382 5399 ita
1410 5354 1463 5399 et
1495 5344 1596 5415 ipsi
1628 5343 1818 5399 delicta
1854 5344 2084 5399 remitte.

761 5441 813 5505 1,
841 5439 896 5492 2.
930 5436 1208 5504 Memento,
1234 5437 1477 5500 Domine,
1510 5435 1678 5490 David
1722 5445 1772 5489 et
1813 5435 1978 5490 omnis
2006 5451 2246 5489 mansue—

690 5529 887 5585 tudinis
908 5529 1041 5598 ejus.
1080 5527 1229 5583 Sicut
1252 5528 1455 5596 juravit
1497 5525 1740 5593 Domino,
1766 5537 1939 5582 votum
1973 5529 2105 5583 vovit
2139 5526 2246 5582 Deo

685 5620 876 5682 Jacob,
904 5629 1007 5676 etc.
1044 5619 1181 5676 Cum
1212 5619 1492 5674 didicisset
1517 5619 1662 5674 enim
1704 5637 1768 5674 ex
1798 5619 1998 5689 Spiritu
2033 5629 2245 5687 sancto,

690 5709 980 5766 Dominum
1013 5711 1156 5782 apud
1189 5710 1438 5766 homines
1481 5711 1856 5773 adventorum,
1888 5711 2246 5782 daturumque

781 5826 823 5857 "
856 5825 1012 5880 H21»:
1042 5841 1138 5890 ιιι,
1168 5825 1215 5880 l.
1293 5825 1339 5855 "'
1365 5822 1556 5880 Matth.
1580 5841 1707 5881 svnt
1728 5868 1742 5893 ,
1775 5825 1826 5880 5.

761 5919 896 5992 (50')
928 5915 1102 5974 Locus
1131 5917 1370 5973 vitiatus.

2420 3312 2634 3384 ροῦντα,
2664 3311 2799 3366 ἀλλὰ
2822 3311 3277 3380 ταπεινοφρονεῖν.

2414 3406 2610 3474 Κύριε,
2645 3405 2756 3472 οὐχ
2803 3401 3011 3470 ὑψώθη
3046 3403 3083 3468 ἡ
3115 3399 3326 3467 καρδία
3365 3417 3484 3470 μου
3515 3441 3529 3453 .
3566 3440 3580 3453 .
3619 3439 3633 3452 .
3666 3439 3681 3452 .
3717 3439 3731 3452 .
3768 3399 3911 3454 οὐδέ

2343 3495 2674 3563 ἐπορεύθην
2700 3493 2770 3545 ἐν
2785 3490 3070 3562 μεγάλοις
3107 3489 3249 3544 οὐδὲ
3282 3490 3353 3543 ὲν
3387 3489 3742 3558 θαυμασίοις
3757 3488 3912 3558 ὑπὲρ

2343 3585 2466 3657 ἐμέ,
2485 3604 2537 3642 κ.
2557 3604 2605 3638 τ.
2623 3584 2672 3638 λ.
2692 3584 2833 3654 Πρὸς
2846 3583 2975 3636 δὲτὸ
2993 3585 3066 3655 μὴ
3085 3580 3383 3653 ἐπαρθῆναξ
3399 3596 3529 3651 φησι
3545 3579 3641 3650 τὴν
3658 3580 3910 3632 ἐναντίαν

2345 3679 2544 3752 ἀρετὴν
2559 3679 2636 3742 εἰς
2654 3676 2954 3747 ὑπερϐολὴν
2983 3675 3302 3746 ἐπιτήδειον.
3326 3676 3392 3745 ἦν
3416 3675 3510 3727 καὶ
3536 3676 3563 3727 ὁ
3590 3674 3785 3744 Σωτὴρ
3805 3673 3911 3727 ἐδί-

2345 3773 2468 3836 δαξε
2511 3771 2683 3839 λέγων
2708 3787 2722 3802 ·
2769 3770 2902 3822 Ἐὰν
2942 3767 3025 3838 μὴ
3059 3765 3365 3835 στραφῆτε
3402 3766 3497 3819 καὶ
3534 3767 3792 3834 γένησθε
3829 3765 3911 3831 ὡς

2344 3865 2416 3916 τὰ
2459 3863 2686 3921 παιδία.
2730 3863 2803 3914 οὐ
2842 3859 2928 3929 μὴ
2972 3857 3280 3926 εἰσέλθητε
3310 3859 3396 3923 εὶς
3436 3857 3548 3924 τὴν
3578 3858 3913 3921 ,ϐασιλείαν

2345 3954 2464 4008 τῶν
2492 3951 2781 4022 οὐρανῶν.
2829 3950 3388 4020 Ἀπογαλακτισθὲντα
3416 3951 3472 4004 δὲ
3503 3950 3650 4017 λέγει
3700 3949 3910 4012 παιδία,

2345 4047 2441 4120 τὴν
2470 4048 2647 4118 θλίψιν
2694 4047 2888 4119 δηολῶν.
2944 4047 3022 4100 Οὐ
3072 4046 3180 4114 γὰρ
3228 4043 3516 4111 ἀνίσταται
3548 4043 3648 4113 τῆς
3682 4041 3910 4116 μητρδεν

2343 4139 2672 4212 ὀδυνώμενον
2699 4140 2791 4192 ἐπὶ
2815 4137 2907 4192 τοῦ
2934 4137 3256 4210 στερηθῆναι
3281 4136 3375 4189 τοῦ
3399 4136 3686 4203 γάλακτος.
3725 4134 3911 4199 Οῦτως

2343 4234 2420 4288 ὢν
2474 4235 2534 4287 ἐν
2581 4235 2881 4305 συμφοραῖς
2931 4229 3102 4298 κάγὼ,
3148 4230 3329 4300 φησιν,
3379 4227 3623 4300 ηὐχόμην
3674 4229 3765 4281 ἀεὶ
3816 4227 3910 4280 τοῦ

2345 4326 2501 4382 Θεοῦ.
2535 4327 2599 4380 Εἰ
2621 4326 2676 4379 δὲ
2715 4325 2788 4397 μὴ
2814 4324 2984 4387 οὕτως
3015 4325 3153 4388 εἵην,
3183 4322 3336 4390 δίκην
3373 4321 3520 4391 δοίην
3544 4319 3782 4390 ἐσχάτην

2672 4502 2808 4573 ᾨδὶι
2840 4502 2958 4555 τῶν
2980 4498 3350 4569 ἀναϐαθμῶν.
3392 4502 3575 4554 PAA'.

2953 4594 2967 4612 '
2982 4594 3289 4657 Υπόθεσις.

2358 4689 2423 4742 Ἦ
2441 4688 2856 4760 τρισκαιδεκάτη
2873 4686 2980 4757 ᾠδὴ
2999 4685 3162 4756 εὐχὴν
3191 4701 3255 4737 πε
3267 4683 3431 4755 ριέχει
3459 4682 3596 4752 ὑπὲρ
3612 4679 3706 4734 τοῦ
3722 4681 3903 4734 Δανῖδ.

2415 4781 2522 4836 Τοῦ
2574 4782 2682 4854 γὰρ
2741 4779 2963 4852 ἱλασμοῦ
3016 4781 3150 4834 πᾶσι
3199 4777 3579 4847 προξενοῦντος
3621 4774 3908 4848 ἁμαρτιῶν

2414 4876 2626 4944 ἄφεσιν,
2646 4873 2953 4944 ἀναγκαίως
2976 4873 3035 4926 τὸ
3065 4871 3288 4942 Πνεῦμα
3309 4868 3369 4922 τὸ
3402 4868 3738 4941 προφητικὸν
3770 4865 3909 4938 μετὰ

2413 4964 2521 5017 τῶν
2566 4964 2764 5017 λοιπῶν
2793 4963 2900 5016 τῶν
2931 4961 3270 5031 σωζομένων,
3319 4957 3518 5012 καὶτοῦ
3540 4957 3700 5011 Δαυτδ
3728 4974 3860 5027 φησι
3888 4970 3904 4984 '

2421 5071 2439 5104 ι
2464 5053 2655 5128 Κύριε,
2677 5053 2958 5125 μνήσθητι,
2977 5052 3116 5106 κατὰ
3133 5052 3229 5121 τὴν
3244 5051 3521 5124 πραότητα
3545 5047 3707 5102 αὑτοῦ
3724 5045 3909 5100 ἀποδι-

2416 5149 2539 5211 δοὺς
2557 5145 2723 5216 αὐτῷ.
2755 5165 2772 5196 ι
2791 5146 2878 5208 Ὠς
2899 5145 3004 5215 γὰρ
3022 5144 3181 5207 αὐτὸς
3197 5146 3368 5215 πρᾶος
3383 5142 3457 5196 ὣν
3480 5141 3625 5211 ἠφίει
3643 5139 3720 5208 τῷ
3737 5138 3908 5192 Σαοὺλ

2416 5240 2483 5295 τὰ
2510 5241 2587 5303 εἰς
2621 5238 2778 5292 αὑτὸν
2800 5238 3132 5308 ἀδικήματα,
3156 5236 3298 5290 οῦτω
3328 5236 3421 5290 καὶ
3451 5233 3595 5305 αὐτῷ
3625 5233 3911 5304 συγχώρη-

2423 5352 2516 5388 σον
2542 5333 2639 5396 τὰς
2671 5331 3068 5403 πλημμελείας.

2418 5425 2751 5494 Μνήσθητι,
2796 5425 2990 5492 Κύριε,
3032 5421 3137 5477 τοῦ
3180 5419 3359 5474 Δαυΐδ
3401 5418 3498 5474 καὶ
3541 5415 3750 5483 πάσης
3803 5412 3908 5483 τῆς

2347 5521 2677 5590 πραότητος
2725 5517 2930 5572 αὑτοῦ.
2966 5517 3064 5582 Ὠς
3109 5495 3320 5587 ὤμοσέ
3341 5513 3418 5579 τῷ
3438 5513 3651 5582 Κυρίῳ.
3680 5511 3910 5579 ηὔξητο

2349 5611 2429 5678 τῷ
2473 5611 2595 5676 Θεῷ
2637 5611 2853 5673 Ἰακὼϐ,
2889 5610 2980 5662 καὶ
3008 5608 3078 5662 τὰ
3110 5609 3252 5678 ἑξῆς.
3284 5604 3490 5662 Μαθὼν
3516 5603 3626 5674 γὰρ
3651 5603 3710 5669 ἐξ
3753 5601 3908 5671 ἁγίου

2348 5703 2684 5774 Πνεῦματος,
2718 5703 2792 5764 ὡς
2812 5702 3045 5773 ἐπιδημή
3057 5718 3135 5755 σει
3158 5702 3267 5764 τοῖς
3293 5696 3597 5770 ἀνθρώποις
3622 5699 3651 5750 ὁ
3681 5695 3908 5769 Κύριος,
