4126 6492
196 450 284 506 521
1251 443 1612 499 EXPOSITIO
1653 443 1719 497 ΙΝ
1754 445 2083 500 PSALMUM
2118 444 2353 502 CXXXl.

3322 445 3428 500 522

191 568 377 638 ἄφεσιν
404 566 581 632 διδοὺς
601 568 709 622 τῶν
737 563 945 622 πολλῶν
991 569 1420 640 ἁμαρτημάτων,
1449 569 1544 620 καὶ
1593 568 1752 632 αὐτὸς

1862 569 2145 621 multorum
2172 578 2512 637 peccatorum
2548 567 2944 627 remigionem,
2978 575 3031 619 et
3079 581 3202 620 cum
3238 579 3358 632 sper
3399 592 3424 602 -

191 658 530 730 σωθήσεσθαι
572 659 662 714 διά
711 660 916 731 ταύτης
963 659 1188 722 ἐλπίσας
1219 699 1234 723 ,
1292 659 1509 712 σπεύδει
1567 660 1757 729 μαθεῖν

191 749 315 801 πὺτε
353 748 529 811 ἔσται,
571 750 663 802 καὶ
691 749 792 802 ποῦ
823 751 1132 820 γενήσεται,
1163 749 1283 802 τίνα
1307 749 1363 801 δὲ
1395 749 1593 820 τρόπον
1636 750 1759 801 ὲπι-

187 837 439 910 δημήσει.
471 839 654 892 Ταῦτα
678 839 879 907 γνῶναι
919 840 1118 903 ποθῶν,
1155 841 1234 904 είς
1264 840 1533 910 τοσαύτην
1567 840 1757 893 ἑαυτὸν

190 933 425 986 ὐπέόαλε
450 934 712 997 κάκωσιν,
743 934 819 998 ὡς
835 936 1015 988 πᾶσαν
1043 936 1141 1006 μὲν
1169 934 1549 1006 παραιτεῖσθαι
1581 953 1759 1007 στρωο

191 1023 349 1095 μνὴν,
384 1024 754 1089 ἀποτάξασθαι
779 1025 835 1078 δὲ
863 1025 941 1095 τῷ
973 1027 1126 1096 οἴκῳ,
1162 1026 1372 1080 κεῖσθαι
1402 1027 1459 1078 δὲ
1504 1027 1612 1098 πρὸ
1662 1026 1754 1079 τοῦ

187 1109 325 1167 Θεοῦ
374 1115 514 1168 κατά
551 1116 835 1186 πρόσωπον
876 1116 970 1170 τοῦ
1003 1117 1340 1188 ἀγιὰσματος
1371 1118 1457 1170 ἐπ’
1491 1117 1718 1186 ὲδάφους
1741 1159 1756 1182 ,

188 1206 336 1276 ὅρκῳ
367 1206 666 1275 βεϐαιώσας
719 1209 794 1278 μὴ
825 1208 1120 1278 ἀναστῆναι
1163 1210 1290 1280 πρὶν
1316 1209 1488 1263 ταῦτα
1547 1211 1755 1281 μαθεῖν.

200 1295 324 1348 ἐπὶ
348 1295 404 1348 δὲ
436 1298 503 1366 τῇ
540 1296 726 1350 τούτου
754 1298 965 1368 εὐτονία
990 1297 1166 1351 λαϐὼν
1188 1294 1366 1351 οἶκτον
1398 1301 1426 1352 ὁ
1472 1299 1604 1362 Θεὸς
1635 1302 1757 1352 ἐπι-

187 1387 334 1440 νεύει
361 1401 375 1415 °
406 1388 482 1450 ὡς
514 1389 572 1440 ἓν
597 1388 740 1456 ana:
773 1390 994 1462 ὼμὸσας
1030 1391 1103 1463 μὴ
1164 1391 1404 1461 ψεύσατο
1424 1409 1438 1424 ο
1495 1392 1618 1446 ὅθεν
1661 1395 1757 1444 ἐπ-

185 1479 449 1550 ήνεγκεν·
500 1479 652 1534 Ἰδοὺ
691 1481 1037 1550 ἠκούσαμεν
1075 1483 1269 1552 αὐτὴν
1303 1484 1373 1537 ἐν
1396 1484 1717 1553 Εὐφρανθά
1739 1501 1753 1513 θ

185 1569 327 1639 αὕτη
356 1570 503 1623 ἐστὶν
549 1573 580 1640 ὴ
618 1570 881 1642 Βηθλεέμ.
925 1571 1058 1625 Τίνα
1094 1572 1151 1625 δὲ
1198 1573 1368 1644 αὐτὴν
1410 1573 1442 1643 ἢ
1493 1575 1592 1644 τὴν
1635 1573 1760 1643 μὲλ-

187 1657 384 1711 λουσαν
409 1656 626 1711 ἔσεσθαι
653 1659 857 1730 Κυρίου
887 1659 1128 1724 ἕλευσιν;

254 1749 526 1818 εὕρομεν
554 1751 751 1818 αὐτὴν
792 1753 862 1804 ἐν
907 1750 1022 1816 τοῖς
1082 1751 1310 1818 πεδίοις
1358 1752 1463 1807 τοῦ
1507 1751 1755 1821 δρυμοῦ.

188 1833 262 1893 Τὸ
288 1840 398 1910 γὰρ
441 1841 702 1912 σπήλαιον
735 1844 794 1895 ὲν
895 1844 1184 1914 γεγένηται
1217 1846 1245 1898 ὀ
1277 1844 1510 1915 Χριστὸς
1557 1846 1615 1899 ὲν
1657 1862 1753 1897 πε-

185 1933 318 1996 δίοις
349 1935 516 1998 ἐστὶν,
556 1936 674 2006 ἦτοι
699 1939 811 2001 τοῖς
847 1938 1055 2009 ἀγροῖς.

261 2030 745 2098 Εἱσελευσόμεθα
771 2033 857 2096 εἰς
885 2031 955 2085 τὰ
992 2031 1356 2100 σκηνώματα
1392 2030 1598 2085 αὑτοῦ·
1648 2029 1758 2094 Τὰς

188 2120 330 2173 κατά
363 2121 553 2192 καιρὸν
593 2122 857 2192 ἐσομένας
901 2122 1227 2194 Ἐκκλησίας
1259 2123 1537 2192 σημαίνει.
1569 2125 1755 2190 Προσ-

187 2212 537 2281 κυνιῖσομεν
576 2215 663 2278 εἰς
704 2212 812 2265 τὸν
856 2214 1042 2267 τόπον
1074 2210 1146 2268 οὗ
1179 2213 1452 2281 ἔστησαν
1489 2217 1542 2268 οἱ
1575 2214 1758 2280 πόδες

187 2302 394 2357 αὐτοῦ.
432 2303 506 2355 Τὸ
544 2303 668 2374 ὅρος
688 2303 795 2356 τῶν
834 2304 1055 2357 Ἐλαιῶν
1089 2321 1274 2375 φησιν,
1321 2304 1448 2357 ἔνθα
1473 2307 1578 2368 πᾶς
1613 2323 1755 2375 παρ-

189 2394 479 2468 ερχόμενος
509 2398 822 2467 προσκυνεῖ.

275 2485 617 2553 Ἀνάστηθι.
642 2488 835 2555 Κύριε,
858 2489 945 2553 εις
971 2487 1090 2557 τὴν
1106 2489 1455 2544 ἀνάπαυσιν
1481 2505 1616 2544 σου.
1647 2491 1760 2559 Τὴν

192 2579 272 2641 τίς
294 2579 557 2650 οὐρανοὺς
583 2578 847 2648 ἀνάληψιν
882 2580 1293 2632 ὲπισπεύδουσιν
1328 2579 1516 2634 αὑτοῦ.
1549 2581 1633 2635 Σὺ
1660 2581 1759 2634 καὶ

189 2667 228 2734 ἡ
255 2665 498 2731 κιϐωτὸς
526 2666 628 2720 τοῦ
653 2668 1019 2736 ἁγιάσματός
1056 2684 1194 2722 σου.
1228 2668 1473 2721 Κιϐωτὸν
1493 2671 1584 2721 τοῦ
1609 2672 1761 2738 ἀγιὰ-

191 2775 394 2832 σματος
423 2760 523 2830 τὴν
548 2760 709 2828 ἁγίαν
742 2760 905 2814 αὑτοῦ
931 2762 1112 2833 ’σάρκα
1140 2762 1324 2832 φησίν.

261 2854 330 2905 οι
379 2851 551 2920 ἱερεῖς
595 2867 712 2906 σου
739 2852 1094 2907 ἐνδύσονται
1142 2853 1558 2920 δικαιοσύνην.
1615 2854 1756 2906 Οὐκ-

189 2941 290 3003 έτι,
320 2943 476 3012 φησὶ,
504 2942 641 2995 κατὰ
665 2942 753 2995 τὸν
786 2942 949 3012 νόμον
981 2943 1191 3006 στολὰς,
1217 2945 1331 2996 ἀλλ’
1359 2945 1528 3014 αὐτὴν
1555 2943 1650 3015 τὴν
1675 2945 1757 2997 δι⁴

189 3031 501 3100 καιοσύνην.
539 3029 861 3100 Δικαιοσύνη
888 3030 944 3083 δὲ
971 3034 1000 3082 ὸ
1025 3031 1278 3100 Χριστός.

257 3121 508 3175 Ἕνεκεν
533 3119 711 3174 Δαυῒδ
729 3120 834 3175 τοῦ
867 3120 1090 3174 δούλου
1121 3136 1237 3174 σου
1255 3121 1340 3191 μὴ
1367 3121 1760 3191 ἀποστρέψῃς

187 3211 254 3266 τὸ
279 3212 604 3280 πρόσωπον
624 3212 726 3265 τοῦ
757 3211 1010 3280 Χριστοῦ
1036 3228 1174 3267 σου.
1205 3214 1357 3267 Μετά
1382 3214 1482 3284 τῆς
1515 3217 1594 3277 είς
1631 3215 1759 3268 πάν-

1866 669 1947 713 ret
1980 659 2094 728 ipse
2127 673 2220 726 per
2245 658 2362 726 ejus
2394 658 2681 712 adventum
2732 658 2957 712 salutem
3004 671 3062 710 se
3101 666 3423 711 consecutu-

1864 770 2008 818 rum,
2039 754 2280 808 ediscere
2307 754 2486 824 gestit,
2514 755 2859 824 quandonam
2893 753 2944 806 id
2979 754 3104 811 erit.
3134 761 3187 806 ct
3215 752 3304 806 ubi
3332 751 3425 804 atl-

1863 856 2125 899 venturus
2156 845 2246 909 sit,
2272 853 2326 898 et
2357 859 2595 916 quonam
2623 845 2783 899 modo
2818 845 3283 914 peregrinaturus.
3304 841 3427 896 lla-c

1863 934 2078 989 edoceri
2121 945 2404 1004 exoptans,
2443 937 2495 990 in
2532 946 2732 990 tantam
2761 952 2881 991 sese
2919 936 3259 989 amictinnem
3292 949 3427 988 con-

1859 1024 2010 1094 jecit,
2054 1035 2116 1080 ut
2166 1027 2364 1081 lectum
2405 1042 2618 1081 omnem
2673 1029 3026 1092 recusaverit,
3069 1025 3253 1080 domui
3309 1026 3427 1080 vale

1863 1116 2078 1171 dixerit.
2108 1129 2161 1172 et
2211 1126 2336 1171 ante
2383 1117 2546 1172 Deum
2588 1118 2753 1173 iaceat
2786 1119 2933 1172 humi
2979 1128 3277 1174 orestratus
3304 1126 3428 1172 ante

1865 1208 2058 1263 faelem
2090 1212 2635 1280 sanctuarii,juratus
2658 1227 2714 1264 se
2746 1227 3021 1280 nunquam
3055 1221 3386 1264 surrcctnr...
3410 1245 3423 1261 .

1868 1299 1971 1355 nisi
2006 1300 2118 1353 haec
2147 1301 2428 1354 edisceret.
2467 1302 2547 1354 0b
2571 1302 2689 1369 ejus
2723 1301 3176 1371 perseverantiam
3216 1302 3428 1354 miseri-

1865 1389 2048 1444 cordia
2077 1400 2259 1445 motus
2283 1390 2446 1452 Deus,
2471 1393 2663 1446 annuit
2693 1392 2789 1462 ipsi
2819 1407 2834 1444 :
2859 1408 2922 1445 ac
2945 1401 3232 1461 postquam
3260 1395 3423 1444 senn~l

1863 1482 2064 1549 juravit
2113 1497 2218 1534 non
2251 1481 2621 1540 frnstrabitur.
2653 1483 2829 1550 Quare
2863 1483 3080 1535 intulit:
3113 1479 3241 1533 Ecce
3274 1483 3426 1532 midi-

1868 1571 2032 1623 vitnus
2052 1586 2166 1623 eam
2184 1571 2237 1623 in
2265 1570 2556 1640 Epltratlta,
2585 1575 2698 1642 ipsa
2727 1583 2808 1628 est
2839 1570 3424 1639 Betlnleliem.Ecqnam

1867 1661 2072 1714 audivit
2101 1661 2202 1715 nisi
2238 1662 2471 1715 futuram
2499 1664 2980 1732 peregrinationem
3011 1661 3258 1714 Domini?

1971 1748 2023 1803 6.
2049 1749 2345 1803 Invenimus
2369 1767 2480 1803 eam
2509 1752 2561 1802 in
2593 1751 2790 1818 campis
2824 1750 2989 1802 sitm.
3015 1747 3146 1802 Nam
3175 1749 3426 1818 spelunca

1867 1848 1958 1902 111ιί
2008 1857 2167 1902 natus
2219 1859 2302 1903 est
2339 1849 2587 1903 Christus
2637 1848 2688 1900 in
2739 1847 2978 1917 planitie,
3009 1860 3104 1899 seu
3140 1846 3191 1898 in
3223 1848 3430 1911 campis

1791 1931 1831 1985 Β
1860 1947 1960 1992 est.

1935 2033 1986 2086 7.
2045 2032 2387 2085 Introibimus
2433 2032 2487 2082 in
2532 2029 2927 2083 tabernaculum
2972 2027 3104 2095 ejus.
3162 2022 3430 2078 Ecclesias

1864 2124 2213 2193 subsequenti
2243 2132 2486 2191 tempore
2521 2119 2732 2174 futuras
2760 2120 3048 2188 signiﬁcat.
3080 2116 3428 2170 Adorabimus

1865 2215 1918 2268 in
1952 2214 2065 2268 loco
2111 2213 2196 2266 ubi
2245 2221 2496 2266 steterunt
2521 2212 2672 2278 pedes
2711 2211 2848 2279 ejus.
2883 2208 3115 2262 Montem
3153 2205 3426 2259 Olivarnm

1865 2306 2016 2372 dicit,
2049 2306 2136 2360 ubi
2161 2306 2341 2358 omnis
2375 2305 2463 2373 qui
2497 2304 2790 2373 pertransit
2833 2301 3044 2356 adorat.

1934 2485 1988 2538 8.
2022 2483 2209 2553 Surge,
2239 2482 2472 2542 Domine.
2499 2482 2552 2534 in
2577 2482 2800 2550 requiem
2832 2490 2998 2534 tuant.
3027 2481 3157 2550 Ejus
3190 2481 3240 2534 in
3263 2483 3431 2535 ctclos

1866 2589 2152 2630 ascensum
2200 2572 2381 2626 videre
2410 2572 2663 2641 gestiunt.
2702 2569 2779 2623 Tu
2807 2581 2858 2624 et
2903 2587 3028 2624 arca
3051 2571 3429 2639 sancti/iratio-

1868 2666 1948 2718 nis
1974 2675 2097 2719 tua.
2142 2664 2338 2716 Arcam
2390 2661 2836 2716 sanctificationis
2873 2670 3115 2715 sanctam
3148 2661 3266 2730 ejus
3307 2677 3428 2714 car-

1865 2769 1986 2808 nem
2015 2763 2187 2805 90021.

1938 2839 1988 2893 9.
2021 2839 2326 2892 Sacerdotes
2363 2839 2438 2889 tui
2472 2838 2753 2890 induentur
2778 2839 3068 2906 justitiam.
3111 2839 3227 2895 Non
3270 2842 3430 2898 vesti-

1867 2940 2045 2984 menta
2065 2930 2131 2982 de
2159 2944 2328 2991 more,
2349 2928 2544 2996 inquit,
2577 2928 2668 2980 sed
2695 2931 2863 2996 ipsam
2890 2927 3188 2995 iustitiam;
3219 2930 3430 2998 justitia

1867 3032 2046 3076 autem
2072 3031 2155 3075 est
2183 3020 2454 3074 Christus.

1942 3115 2023 3166 Ιυ.
2076 3113 2298 3180 Propter
2336 3113 2501 3165 David
2547 3129 2749 3165 servum
2787 3123 2932 3166 tuum
2977 3129 3078 3166 non
3110 3123 3312 3166 avertas
3347 3115 3430 3182 fa-

1866 3203 1994 3256 ciem
2046 3203 2246 3258 Christi
2288 3205 2385 3257 tui.
2439 3204 2551 3272 (5!)
2583 3203 2719 3256 Cum
2762 3203 3146 3258 beneﬁciorum
3177 3206 3430 3259 omnibus

189 3319 286 3366 τας
317 3301 636 3374 ἀνθρώπους
667 3303 985 3374 εὐεργεσίας
1016 3305 1110 3358 καὶ
1137 3304 1232 3358 τοῦ
1259 3305 1420 3358 Δαυῒδ
1442 3283 1711 3378 μνήσθητι
1741 3350 1756 3372 ,

1866 3295 2174 3350 hominibus
2200 3297 2537 3358 collaturum,
2571 3303 2683 3348 tum
2717 3293 2931 3348 Davidis
2956 3307 3245 3362 memento,
3269 3314 3427 3366 quem

189 3394 220 3444 ὁ
250 3393 483 3462 ποιήσας
509 3392 671 3446 αὐτὸν
699 3394 1044 3466 ἐπιστρέφειν
1071 3393 1161 3446 διὰ
1191 3393 1287 3464 τὴν
1316 3395 1610 3465 ἁμαρτίαν.
1643 3395 1763 3449 Δοῦα

189 3485 279 3549 λος
310 3485 420 3556 γάρ
451 3485 479 3534 ὁ
508 3483 568 3548 ἕξ
595 3484 758 3537 αὑτοῦ
786 3484 926 3537 κατά
963 3485 1142 3556 σάρκα
1165 3485 1342 3538 λαϐὼν
1381 3488 1480 3556 τὴν
1518 3488 1611 3540 τοῦ
1638 3488 1762 3540 δού-

189 3577 284 3630 λου
317 3579 554 3648 μορφήν.

265 3670 489 3738 Ὠμοσε
525 3666 743 3738 Κύριος
786 3667 866 3734 τῷ
915 3667 1095 3722 Δαυῒό
1144 3668 1449 3734 ἀλήθειαν.
1499 3673 1607 3726 Καὶ
1658 3673 1761 3725 ποῦ

188 3760 269 3821 τὺ.
298 3759 544 3830 ὢμοσεν;
587 3763 645 3813 ἐν
689 3760 768 3831 τῷ
811 3763 982 3815 εἰπεῖν
1023 3776 1158 3832 προς
1197 3763 1390 3815 αὐτόν’
1423 3762 1537 3817 Καὶ
1563 3765 1756 3830 ἔσται,

187 3851 338 3904 ὅταν
371 3850 767 3920 πληρωθῶσιν
797 3856 856 3905 αἱ
884 3853 1095 3922 ἡμέραι
1117 3868 1258 3918 σου,
1293 3855 1392 3908 καὶ
1421 3859 1759 3929 κοιμηθήσῃ

181 3943 337 4010 μετὰ
357 3940 475 3996 τῶν
495 3941 762 4012 πατέρων
780 3960 917 4005 σου.
941 3943 1347 4010 ἀναστήσεται
1361 3947 1428 4000 ἐκ
1454 3947 1558 4000 τοῦ
1577 3949 1760 4015 σπέρ-

182 4035 374 4100 ματός
403 4049 520 4088 σου
550 4034 761 4099 ἄλλος,
808 4033 876 4099 ὃς
907 4035 1076 4088 ἔσται
1109 4037 1177 4090 ἐκ
1220 4035 1328 4103 τῆς
1367 4039 1595 4102 κοιλίας
1616 4055 1756 4093 σου.

193 4121 303 4177 Καὶ
325 4123 618 4193 ἑτοιμάσω
649 4127 736 4191 εις
764 4124 869 4177 τὸν
903 4123 1091 4180 αἰῶνα
1127 4125 1244 4194 τὴν
1279 4127 1607 4190 βασιλείαν
1652 4132 1760 4182 αὑ-

188 4215 318 4270 τοῦ.
361 4214 549 4282 Αὐτὸς
589 4215 970 4286 οικοδομήσει
1013 4218 1182 4273 οἷκον
1227 4218 1305 4285 τῷ
1340 4211 1584 4290 ὀνὸξιατί
1611 4239 1752 4292 μου·

190 4311 289 4366 καὶ
336 4307 653 4376 ἀνορθώσω
712 4307 826 4376 τὴν
869 4310 1198 4373 βασιλείαν
1253 4311 1439 4366 αὑτοῦ
1492 4317 1578 4380 εις
1653 4314 1759 4367 τιίν

188 4397 395 4454 αἰῶνα.
435 4395 573 4467 Ἐγὼ
599 4396 813 4464 ἔσομαι
838 4397 998 4464 αὐτῷ
1027 4403 1113 4453 ete-
1146 4401 1402 4468 πατέρα.
1434 4404 1533 4456 καὶ
1574 4404 1756 4472 αὐτὸς

186 4491 361 4544 ἔσται
388 4503 490 4556 μοι
520 4489 608 4552 εις
634 4489 788 4539 υιόν.

271 4575 418 4630 Ἐὰν
469 4574 848 4644 φυλάξωνται
892 4580 946 4632 οι
990 4579 1108 4632 υιοί
1148 4596 1265 4635 σου
1313 4581 1426 4649 τὴν
1462 4582 1754 4652 διαθήκην

180 4685 325 4739 μου.
359 4666 472 4736 Τὴν
512 4666 806 4736 μέλλουσαν
837 4667 1022 4737 σαφῶς
1053 4645 1418 4744 ἀνακηρύττει
1464 4645 1749 4746 διαθήκην,
1787 4645 1837 4703 D

187 4761 255 4830 ἢν
285 4760 336 4813 τί
364 4753 504 4827 ἦσαν
529 4757 861 4826 φυλάξαντες
885 4762 934 4812 ot
957 4759 1096 4814 κατά
1123 4761 1299 4830 σάρκα
1323 4765 1426 4817 υἱοὶ
1455 4765 1546 4819 τοῦ
1569 4766 1752 4833 Δαυῖδ,

187 4849 412 4920 ιμελλον
454 4849 521 4903 ἂν
564 4849 640 4920 μὴ
696 4851 946 4902 ἐκπεσεῖν
994 4851 1094 4921 τῆς
1137 4854 1546 4927 ήτοιμασμένης
1602 4858 1754 4927 βασι-

190 4940 358 5002 λείας.

252 5033 420 5100 Αὕτη
468 5033 506 5100 ἡ
551 5032 929 5100 κατάπαυσις
953 5052 1072 5104 μου
1100 5038 1191 5101 εις
1230 5036 1434 5090 αἰῶνα.
1483 5039 1543 5092 Εἰ
1582 5040 1689 5093 viso
1726 5043 1755 5094 ὁ

186 5126 352 5179 παλαι
380 5123 506 5188 ναὸς
535 5125 738 5196 ἰρημος
768 5125 854 5179 διὰ
905 5129 1102 5197 μανίαν
1149 5129 1255 5181 τῶν
1312 5130 1602 5196 Ἰουδαιων,
1635 5132 1751 5186 αλλ’

185 5210 278 5268 οὖν
305 5215 422 5267 ἐκεῖ
445 5213 608 5267 πάλιν
637 5217 732 5269 καὶ
759 5213 851 5267 τοῦ
875 5217 1130 5287 σταυροῦ,
1147 5219 1242 5272 καὶ
1262 5219 1360 5286 τῆς
1386 5222 1752 5288 ἀναστάσεως.

186 5305 280 5356 καὶ
312 5303 410 5372 τῆς
439 5302 758 5373 ἀναλήψεως
781 5304 850 5358 τὰ
886 5305 1060 5376 χωρία
1085 5306 1186 5377 τῆς
1218 5306 1366 5370 θείας
1399 5310 1625 5379 ἠξίωται
1656 5321 1754 5384 χα-

227 5411 356 5456 ιτος.

227 5411 356 5456 ιτος.

189 5411 221 5466 ρ
261 5485 383 5552 Τὴν
407 5483 596 5554 θήραν
625 5484 816 5553 αὐτῆς
832 5489 1098 5558 εὐλοτων
1128 5489 1461 5559 εὐλογήσω.
1488 5495 1754 5550 Ἕκαστος

183 5578 293 5650 γὰρ
321 5576 426 5630 τῶν
458 5578 732 5642 τοιούτων,
764 5577 972 5633 δικαίου
1025 5581 1248 5652 σπέρμα
1292 5586 1604 5656 τυγχάνων,
1655 5589 1755 5643 οὐκ

253 5730 299 5761 ’θ
332 5729 373 5783 ll
403 5728 537 5799 Reg.
563 5745 659 5791 vn,
697 5729 878 5786 {2-14.

255 5891 371 5960 (5|)
401 5888 713 5958 [inplicatus
734 5891 906 5944 locus.

465 5972 659 6042 Pun.
719 5982 835 6044 Gn.
898 5984 1160 6046 XXV".

1866 3395 2086 3455 propter
2118 3397 2397 3455 peccatum
2437 3385 2503 3438 ad
2535 3383 2943 3438 conversionem
2974 3385 3265 3440 adduxisti.
3304 3385 3401 3441 Ser

1864 3493 1965 3531 vus
1993 3479 2192 3548 quippe
2222 3486 2303 3532 est
2345 3477 2438 3546 qui
2468 3491 2534 3530 ex
2570 3477 2664 3531 illo
2706 3475 3007 3529 secundum
3040 3491 3256 3530 carnem
3289 3494 3429 3530 sem

1862 3569 2094 3624 formam
2129 3571 2354 3639 accepit.

1937 3661 2021 3715 Il.
2043 3661 2256 3715 Iuravit
2280 3662 2535 3715 Dominus
2575 3661 2742 3715 David
2767 3666 3056 3717 veritatem.
3096 3660 3161 3715 Et
3183 3663 3426 3729 quando-

1862 3767 1986 3806 nam
2005 3751 2240 3819 juravit?
2263 3767 2386 3804 cum
2405 3752 2606 3807 diceret
2627 3755 2675 3806 ei
2695 3755 2774 3808 ’ἰ
2809 3754 2876 3808 Et
2899 3756 3000 3808 erit
3022 3763 3299 3823 postquam
3323 3755 3394 3807 im
3416 3783 3426 3792 -

1861 3844 1985 3913 pleti
2011 3843 2204 3912 fuerint
2231 3843 2343 3895 dies
2377 3844 2474 3907 tui,
2509 3853 2556 3895 et
2590 3843 2868 3898 dormieris
2897 3860 3014 3896 cum
3036 3844 3274 3911 patribus
3299 3847 3426 3906 tuis,

1863 3943 2104 4004 exsurget
2136 3949 2199 3987 ea:
2233 3934 2427 3986 semine
2463 3943 2551 3986 tuo
2593 3934 2732 3987 alius
2754 3936 2844 4004 qui
2878 3936 2978 3987 erit
3014 3950 3078 3987 ex
3105 3945 3277 3988 ventre
3299 3947 3424 3989 tuo:

1861 4039 1909 4079 et
1945 4025 2252 4093 prwparubo
2287 4025 2339 4074 in
2367 4023 2616 4076 saeuiunt
2649 4039 2859 4092 regnum
2890 4024 3025 4092 ejus,
3060 4023 3168 4090 ipse
3193 4024 3427 4093 trdiﬁca~

1863 4117 1938 4169 bit
1977 4120 2188 4168 domum
2225 4113 2424 4167 nomini
2457 4130 2568 4167 meo
2601 4129 2617 4168 :
2651 4123 2701 4167 et
2742 4115 2944 4182 erigant
2977 4131 3189 4185 regnum
3231 4117 3344 4184 ejus
3373 4119 3425 4170 in

1860 4208 2132 4261 secutum.
2162 4205 2273 4276 Ego
2299 4223 2388 4262 ero
2415 4207 2495 4260 illi
2535 4209 2589 4259 in
2618 4216 2844 4274 patrem.
2867 4217 2917 4260 et
2943 4206 3051 4272 ipse
3081 4209 3181 4260 erit
3213 4209 3336 4260 milii
3369 4225 3423 4260 in

1862 4299 2053 4366 ﬁlium.

1931 4603 2017 4656 12.
2050 4602 2107 4656 Si
2156 4605 2497 4658 custodierint
2542 4607 2640 4674 lilii
2692 4607 2770 4658 tui
2823 4617 3188 4661 testamentum
3227 4625 3419 4666 meum.

1859 4692 2125 4748 Futurum
2176 4702 2556 4751 testamentum
2594 4709 2778 4768 aperte
2820 4699 3165 4767 praenuntiat,
3193 4703 3336 4769 quod
3371 4703 3418 4756 si

1856 4786 2222 4841 custodissent
2243 4788 2336 4856 qui
2363 4804 2429 4842 ex
2448 4787 2647 4843 Davide
2665 4791 2964 4845 secundum
2999 4807 3216 4846 carnem
3241 4805 3416 4854 erant,

1857 4873 2098 4928 futurum
2141 4883 2259 4930 erat
2309 4886 2368 4932 ut
2410 4892 2442 4931 a
2483 4888 2673 4948 parato
2719 4881 2820 4935 sibi
2855 4897 3021 4952 regno
3051 4898 3158 4936 non
3199 4884 3418 4938 excide«

1856 4975 1992 5023 rent.

1932 5057 2013 5113 Η.
2042 5056 2168 5111 "an
2213 5060 2409 5128 requies
2450 5078 2565 5114 mea
2612 5064 2664 5115 in
2708 5064 2979 5119 secutum.
3017 5067 3153 5121 Nam
3201 5067 3246 5122 si
3279 5069 3421 5122 anti-

1855 5164 2023 5218 quum
2055 5149 2185 5203 illud
2222 5151 2502 5220 templum,
2525 5153 2594 5207 ob
2623 5153 2933 5210 Judaeorum
2962 5157 3200 5213 furorem
3233 5161 3418 5215 deser-

1859 5251 1970 5294 tum
2001 5241 2090 5299 sit.
2111 5254 2164 5296 at
2193 5243 2386 5297 ibidem
2412 5244 2526 5300 loca
2549 5249 2748 5313 crucis,
2768 5251 3201 5316 resurrectionis,
3225 5266 3419 5308 ascen-

1855 5330 2028 5386 sionis
2061 5333 2241 5386 divina
2272 5335 2444 5402 gratia
2480 5336 2677 5391 donata
2701 5349 2848 5394 sunt.

1932 5487 2011 5541 $5.
2046 5487 2238 5543 Escam
2276 5492 2387 5560 ejus
2433 5496 2734 5552 benedicens
2780 5497 3098 5552 benedicam.
3155 5497 3416 5566 Pauperes

1853 5579 1968 5646 ejus
1990 5583 2241 5636 saturabo
2272 5586 2516 5652 panibus.
2553 5587 2763 5658 Singuli
2803 5606 3037 5645 namuue
3073 5604 3260 5643 eorum
3282 5589 3414 5658 justi

2992 5989 3066 6047 17
