4126 6488
681 440 785 494 5ιό

1519 428 1575 481 S.
1618 423 1990 482 ATHANASll
2031 420 2180 476 ΟΡΡ.
2225 419 2405 474 PARS
2444 419 2536 476 111.
2577 451 2648 460 -
2689 416 3097 472 EXEGETICA.

3813 411 3920 464 ευ

713 575 863 612 einen
904 570 1025 608 cum
1059 553 1163 608 sint
1193 567 1297 606 non
1331 558 1489 621 egent
1520 549 1773 619 panibus.
1812 545 2077 602 Scribitur
2100 557 2239 612 quo-
2266 577 2279 600 λ

2351 540 2653 594 ἐλαττοῦται
2677 538 2883 610 ἄρτοις.
2916 537 3190 608 Γράφεται
3213 534 3267 586 δὲ
3306 533 3417 595 καὶ,
3447 531 3569 599 Τὴν
3603 529 3799 600 χήραν
3814 532 3923 582 αὑ-

685 668 834 722 .ιιιθ;
890 648 1110 701 Viduam
1161 646 1310 715 ejus,
1357 643 1562 698 scilicet
1608 657 1726 696 eam
1773 655 1892 709 quae
1937 635 2239 707 patrocinio

683 749 849 796 caret.
879 738 1134 793 Pauoeres
1157 737 1268 804 ejus
1291 734 1540 788 saturabo
1559 732 1802 801 panibus.
1827 727 1883 782 Id
1907 739 2008 792 est,
2031 742 2126 780 eos
2148 723 2239 793 qui

684 828 976 883 secundum
1031 825 1198 878 Deum
1252 838 1515 892 pauperes
1557 829 1704 874 sunt.
1763 818 2003 872 Panibus
2059 825 2241 869 autem

682 917 1075 987 spiritualibus.

752 1010 836 1063 16.
880 1007 1182 1063 Sacerdotes
1231 1004 1344 1073 ejus
1406 1002 1622 1055 induam
1673 998 1922 1052 salutari.
1957 997 2078 1064 Ipse
2113 993 2238 1046 item

685 1100 933 1154 Christus
962 1107 1067 1160 est,
1099 1098 1188 1167 qui
1217 1097 1450 1150 salutare
1476 1101 1577 1155 est,
1600 1090 1806 1159 justitia
1829 1099 2045 1157 quoque
2079 1095 2240 1151 supra

684 1202 924 1246 νοοιιιιιε.

751 1282 831 1336 17.
859 1282 997 1336 Illuc
1024 1283 1307 1348 producam
1337 1293 1496 1331 cornu
1529 1273 1714 1327 David.
1744 1270 1862 1337 Quo
1888 1278 2129 1337 tempore
2155 1279 2244 1318 sa-

681 1375 852 1430 lutare
881 1373 1176 1443 apparebit,
1209 1371 1376 1441 gloria
1407 1368 1622 1422 Davidis
1655 1365 1879 1420 orietur.
1921 1360 2111 1414 Paraui
2156 1357 2242 1409 lu-

689 1481 886 1518 ‘crnam
913 1463 1120 1519 Christo
1168 1480 1298 1515 meo.
1351 1459 1462 1514 Hoc
1497 1463 1563 1513 de
1598 1458 1806 1512 Joanne
1836 1457 1929 1516 ait,
1955 1454 2108 1524 juxta
2135 1449 2243 1503 Do-

682 1558 810 1612 mini
848 1557 1046 1610 dictum
1078 1575 1088 1608 :
1131 1553 1247 1622 Ipse
1277 1562 1390 1605 erat
1419 1551 1633 1604 lucerna
1664 1549 1853 1602 ardens
1884 1555 1932 1599 et
1966 1546 2144 1597 lucens
2173 1543 2238 1594 9°.

1018 1826 1293 1880 Canticum
1320 1837 1595 1892 graauum.
1633 1817 1828 1874 CXXX
1843 1816 1926 1870 ll.

1261 1916 1662 1984 Argumentum.

679 2013 955 2068 Decimum
984 2019 1237 2080 quartum
1266 2010 1534 2061 canticum
1563 2006 1801 2060 declarat
1824 2005 2024 2059 bonum
2059 2018 2086 2055 a
2123 2001 2247 2057 Sal-

749 2117 962 2164 t'atore,
1008 2111 1295 2170 postquam
1351 2099 1528 2152 illuxit
1571 2097 1920 2161 hominibus,
1971 2095 2245 2158 collatum,

747 2196 933 2248 dicens
967 2211 980 2246 :

749 2288 798 2350 -1,
821 2285 873 2339 2.
911 2283 1043 2336 Ecce
1087 2299 1243 2351 quam
1269 2282 1457 2334 bonum
1485 2289 1531 2333 et
1568 2294 1723 2346 quam
1743 2278 2056 2347 jucundum.
2097 2275 2246 2329 Sicut

680 2386 994 2447 unguentum
1025 2376 1077 2426 in
1109 2375 1296 2442 capite,
1314 2371 1451 2442 quod
1479 2369 1740 2423 descendit
1772 2369 1826 2420 in
1854 2367 2088 2420 barbam.
2109 2365 2245 2420 Cum

678 2477 999 2538 congregata
1023 2505 1038 2530 ,
1103 2466 1276 2534 inquit
1299 2505 1313 2525 ,
1349 2464 1509 2517 fuerit
1567 2460 1804 2515 Ecclesia
1829 2499 1843 2522 ,
1869 2468 1923 2513 et
1957 2459 2245 2528 quemdam

677 2577 776 2617 ceu
801 2569 1121 2614 concentum
1161 2557 1383 2611 fecerit:
1421 2564 1535 2608 tum
1572 2553 1757 2606 unctio
1806 2551 1980 2605 sancti
2009 2549 2248 2619 Spiritus

676 2670 742 2712 ac
770 2653 1132 2708 sacerdotium
1159 2648 1461 2708 inducetur,
1491 2646 1722 2714 primum
1755 2644 1970 2713 quidem
2003 2642 2056 2694 in
2088 2649 2248 2710 caput

682 2746 969 2808 Ecclesiae,
1009 2741 1153 2812 quod
1203 2750 1286 2795 est
1325 2739 1575 2793 Christus
1619 2737 1855 2791 :deinde
1903 2735 1956 2789 in
2001 2734 2244 2799 barbam,

680 2849 802 2904 quae
849 2842 932 2887 est
977 2832 1140 2886 decor
1180 2828 1336 2883 faciei
1371 2827 1643 2883 Ecclesiae.
1677 2825 1775 2879 llic
1814 2835 1996 2882 autem
2045 2825 2247 2878 intelli-

683 2933 884 2994 guntnr
931 2922 1180 2992 apostoli.
1210 2921 1490 2975 Postremo
1533 2930 1710 2974 autem
1744 2919 1809 2972 ad
1838 2927 2011 2971 totum
2049 2931 2247 2983 corpus

685 3017 1014 3086 pertransiit,
1044 3016 1094 3069 id
1146 3023 1228 3067 est
1257 3014 1322 3066 ad
1371 3027 1558 3064 omnes
1593 3015 1683 3081 qui
1720 3010 1773 3062 in
1814 3008 2054 3063 Ecclesia
2087 3007 2247 3062 Chri-

683 3118 824 3162 stum
857 3107 1170 3160 induerunt.

752 3286 808 3341 5.
827 3284 1086 3348 Quoniam
1110 3283 1218 3336 illic
1242 3282 1510 3335 mandavit
1543 3279 1795 3332 Dominus
1819 3276 2246 3342 benedictionem,

679 3383 731 3432 et
759 3377 919 3430 vitam
949 3391 1109 3444 usque
1139 3376 1192 3426 in
1216 3373 1487 3427 saeculum.
1521 3369 1638 3421 Illic
1658 3410 1673 3433 ,
1700 3369 1808 3430 ait,
1839 3368 2083 3421 videlicet
2109 3368 2249 3435 apud

685 3469 877 3523 fratres
909 3469 1213 3522 habitantes
1257 3466 1311 3517 in
1347 3478 1511 3515 unum
1543 3479 1556 3525 ;
1590 3471 1636 3514 et
1683 3460 1885 3522 uitam;
1921 3475 2025 3512 non
2062 3474 2253 3525 quam-

685 3559 836 3620 libet,
885 3559 978 3612 sed
1025 3555 1406 3610 immortalem.
1449 3552 1501 3604 In
1552 3550 1680 3604 Sion
1735 3550 1878 3604 enim
1923 3548 2252 3604 sanctissimi

688 3649 924 3715 Spiritus
955 3665 1045 3704 ros
1081 3649 1327 3702 vivificus
1361 3647 1413 3700 in
1451 3660 1637 3699 sacros
1675 3642 1950 3712 apostolos
1983 3643 2253 3698 demissus

685 3752 791 3808 est,
821 3759 916 3812 per
950 3756 1111 3812 quem
1164 3755 1353 3793 omnes
1401 3739 1495 3808 qui
1542 3737 1769 3791 credunt
1819 3736 2251 3790 benedictionem

683 3843 940 3890 meritam
972 3842 1399 3902 consequuntur.
1439 3829 1659 3882 Illorum
1686 3826 1831 3880 enim
1867 3840 1960 3880 cor
1989 3834 2043 3881 et
2072 3825 2253 3879 anima

686 3940 819 3982 una.

1004 4103 1278 4159 Canticum
1314 4103 1590 4173 graduum.
1610 4099 1937 4156 CXXXIII.

756 4197 809 4251 1.
863 4194 992 4251 Ecce
1036 4213 1170 4251 nunc
1215 4197 1495 4252 benedicite
1545 4194 1861 4258 Dominum,
1903 4210 2077 4247 omnes
2121 4193 2256 4250 servi

695 4287 928 4344 Domini.

1269 4377 1671 4447 Argumentum.

692 4467 972 4529 Decimum
999 4470 1250 4540 quintum
1283 4469 1580 4530 canticum,
1615 4468 1767 4536 jubet
1808 4482 1904 4522 eos
1953 4467 2045 4537 qui
2079 4464 2257 4520 adhuc

2342 633 2469 701 τῆς,
2487 635 2579 686 καὶ
2599 633 2840 701 δηλονότι
2861 631 2958 701 τὴν
2980 629 3461 700 ἁπροστασίαστον.
3487 625 3634 690 Τοὺς
3647 621 3924 690 πτωχοὺς

2342 724 2528 792 αὐτῆς
2562 723 2830 792 χορτάσω
2857 723 3069 790 ἀρτων.
3104 721 3240 781 Τοὺς
3267 717 3407 771 κατὰ
3437 717 3570 769 Θεὸν
3623 715 3723 785 μὲν
3772 729 3923 765 πτω-

2345 816 2638 885 χεὺσαντας
2659 831 2673 845 ⁸
2707 817 2883 885 ἀρτων
2915 813 2971 866 δὲ
3006 811 3112 864 τῶν
3155 809 3378 878 νοητῶν.

2421 997 2562 1061 Τοὺς
2594 995 2765 1063 ἱερεῖς
2795 993 2982 1060 αὐτῆς
3004 990 3237 1044 ἐνδύσω
3264 986 3584 1053 σωτηρίαν.
3609 982 3783 1045 Αὐτός
3804 981 3924 1032 ἐστι

2347 1088 2506 1141 πάλιν
2530 1090 2557 1140 ὁ
2585 1085 2815 1155 Χριστὸς
2841 1087 2874 1154 ἡ
2901 1083 3160 1151 σωτηρία,
3193 1081 3220 1131 ὁ
3255 1078 3348 1130 καὶ
3371 1075 3691 1144 δικαιοσύνη
3719 1075 3776 1125 ὲν
3811 1073 3922 1134 τοῖς

2345 1181 2633 1250 ἀνωτέροις
2663 1176 3069 1247 ὠνομασμένος.

2427 1270 2585 1324 Ἐκεῖ
2606 1266 2941 1333 ἐξανατελῶ
2969 1265 3145 1334 κέρας
3174 1259 3252 1326 τῷ
3287 1260 3485 1314 Δίιυΐδ.
3543 1257 3682 1310 Κατ’
3713 1256 3922 1307 ἐκεῖνον

2344 1362 2433 1414 τὸν
2457 1361 2643 1433 χρόνον
2670 1360 2785 1413 καθ’
2814 1359 2872 1411 ὃν
2907 1357 3158 1424 ἐπιφανεῖ
3184 1353 3242 1406 τὸ
3275 1353 3540 1422 σωτήριον
3562 1389 3575 1410 ,
3607 1346 3851 1417 δηλονότι
3887 1346 3921 1413 ἡ

2344 1453 2469 1517 δόξα
2485 1451 2727 1504 ἀνατελεῖ
2758 1450 2849 1502 τοῦ
2881 1448 3062 1502 Δαυῖὂ.
3089 1447 3404 1513 Ἠτοίμασα
3423 1443 3658 1508 λύχνον
3687 1437 3770 1502 τῷ
3800 1439 3926 1504 Χρι-

2345 1544 2467 1608 στῷ
2476 1562 2613 1612 μου.
2633 1542 2801 1595 Τοῦτο
2818 1541 2945 1612 περὶ⁹
2968 1540 3212 1592 Ἰωάννου
3227 1536 3378 1607 φησι,
3398 1532 3538 1587 κατά
3559 1532 3619 1584 τὺ
3632 1529 3928 1601 εἰρημένον

2347 1636 2493 1707 παρὰ
2537 1635 2629 1688 τοῦ
2674 1634 2900 1706 Κυρίου⁹
2946 1631 3205 1697 Ἐκεῖνος
3237 1626 3314 1698 ἦν
3349 1631 3379 1681 ό
3409 1627 3638 1694 λύχνος
3689 1626 3721 1675 ὀ
3767 1621 3928 1674 καιό-

2342 1747 2524 1798 μενος
2575 1728 2670 1779 καὶ
2703 1728 3078 1794 φαινόμενος.

2674 1817 2806 1889 ’ῼδὴ
2844 1816 2960 1869 τῶν
2999 1809 3374 1880 ἀναϐαθμῶν.
3405 1804 3585 1861 PAB".

2962 1905 2975 1923 '
2990 1906 3300 1968 Υπόθεσις.

2357 2001 2422 2054 Ἡ
2469 1997 3033 2072 τεσσαρεσκαιδεκάτη
3067 1996 3176 2066 ᾠδὴ
3211 1992 3517 2054 ἀκολούθως
3564 1991 3629 2058 τῇ
3680 1985 3773 2039 τοῦ
3823 1985 3932 2036 Σω⁹

2416 2094 2578 2164 τῆρος
2605 2091 2899 2160 ὲπιλάμψει
2925 2089 2986 2142 τὸ
3029 2087 3089 2153 ἐξ
3122 2081 3285 2140 αὑτοῦ
3318 2081 3656 2156 δωρούμενον
3689 2079 3802 2139 τοῖς
3831 2079 3931 2129 άν-

2417 2182 2653 2255 θρώποις
2692 2181 2852 2235 καλὸν
2880 2179 3113 2250 φανερὸν
3143 2178 3286 2230 ποιεῖ
3317 2174 3568 2242 λέγουσα.

2430 2275 2581 2332 Ἰδοὺ
2625 2274 2699 2340 δὴ
2745 2273 2802 2325 τί
2835 2273 3047 2333 καλὸν,
3092 2270 3130 2337 ἣ
3177 2269 3232 2322 τι
3270 2266 3548 2334 τερπνόν.
3592 2261 3687 2325 Ὦς
3728 2258 3931 2327 μύρον

2343 2370 2439 2424 ἐπὶ
2477 2364 2746 2436 κεφαλῆς
2795 2364 2860 2417 τὸ
2900 2361 3258 2417 καταϐαῖνον
3284 2357 3383 2410 ἐπὶ
3415 2355 3686 2423 πώγωνα.
3740 2351 3930 2402 Ἐπειο

2345 2461 2460 2524 δᾶν,
2491 2459 2642 2528 φησὶ,
2678 2455 2968 2523 συναχθείη
2996 2455 3028 2523 ἡ
3076 2450 3367 2521 Ἐκκλησία
3390 2488 3406 2513 ,
3444 2447 3538 2500 καὶ
3573 2445 3703 2516 μίαν
3735 2442 3931 2511 ὥσπερ

2347 2551 2466 2605 τινὰ
2513 2547 2776 2619 ἁρμονίαν
2833 2547 3146 2616 ποιήσηται,
3175 2543 3296 2595 τότε
3329 2541 3393 2612 δὴ
3449 2539 3568 2592 τότε
3603 2538 3699 2590 καὶ
3747 2536 3927 2605 χρίσις

2346 2643 2439 2696 τοῦ
2480 2641 2632 2711 ἁγίου
2658 2640 2973 2709 Πνεύματος
3005 2637 3099 2690 καὶ
3136 2635 3432 2709 ἱεράτευμα
3460 2629 3745 2702 προσαχθῇ
3776 2625 3929 2697 πρῶ-

2346 2752 2434 2787 τον
2463 2734 2557 2805 μὲν
2590 2732 2682 2785 ἐπὶ
2708 2731 2806 2801 τὴν
2837 2727 3076 2798 κεφαλὴν
3111 2729 3208 2796 τῆς
3246 2721 3590 2792 Ἐκκλησίας,
3618 2721 3739 2789 ἥτις
3771 2718 3923 2771 ἐστὶν

2348 2832 2376 2882 ὁ
2409 2828 2663 2898 Χριστὸς,
2700 2827 2890 2878 ἔπειτα
2938 2825 3031 2878 καὶ
3065 2823 3144 2885 είς
3169 2821 3256 2874 τὸν
3288 2817 3543 2884 πώγωνα,
3579 2814 3635 2874 ὃς
3665 2815 3813 2863 ἐστιν
3836 2809 3929 2861 εὖ·

2351 2918 2584 2988 πρέπεια
2613 2917 2706 2970 τοῦ
2741 2914 3031 2987 προσώπου
3062 2913 3156 2983 τῆς
3201 2906 3542 2976 Ἐκκλησίας.
3577 2900 3840 2955 Nom-nm:
3869 2898 3928 2951 δὲ

2349 3011 2434 3063 διὰ
2463 3009 2650 3062 τούτου
2686 3009 2732 3060 οἱ
2767 3006 3077 3060 ἀπόστολοι.
3134 3003 3207 3054 Τὸ
3252 2998 3555 3052 τελευταῖον
3603 2992 3660 3045 δὲ
3711 2990 3804 3043 καὶ
3847 2989 3930 3050 εἰς

2347 3101 2467 3153 ὅλον
2499 3100 2559 3152 τὸ
2591 3100 2747 3167 σῶμα
2807 3096 3176 3166 μεταϐέϐηκε,
3224 3089 3502 3143 τουτέστιν
3548 3086 3627 3144 εἰς
3681 3082 3928 3141 ἃπαντας

2350 3193 2474 3252 τοὺς
2505 3192 2560 3243 ὲν
2586 3193 2649 3260 τῇ
2691 3187 2983 3257 Ἐκκλησία
3010 3182 3386 3252 ὲνδεδυμένους
3434 3175 3694 3248 Χριστόν.

2426 3284 2549 3334 ’Ὁτι
2570 3281 2694 3334 ἐκεῖ
2715 3278 3052 3332 ἐνετείλατο
3084 3273 3299 3342 Κύριος
3337 3271 3451 3338 τὴν
3482 3269 3794 3337 εὐλογίαν.
3827 3263 3929 3318 καὶ

2353 3373 2504 3440 ζωὴν
2542 3373 2649 3437 ἕως
2693 3369 2797 3423 τοῦ
2828 3367 3056 3430 αἰῶνος.
3098 3362 3274 3428 Ἐκεῖ,
3318 3359 3449 3430 φησί
3480 3377 3493 3389 ·
3529 3357 3688 3426 δῆλον
3723 3358 3800 3420 δὲ,
3845 3356 3932 3409 ὅτι

2352 3463 2479 3533 παρ’
2518 3462 2699 3522 αὐτοῖς
2731 3463 2841 3520 τοῖς
2878 3453 3223 3510 κατοικοῦσιν
3256 3449 3502 3516 ἀδελφοῖς
3537 3447 3628 3498 ἐπὶ
3660 3445 3722 3497 τὸ
3756 3443 3890 3496 αὐτό
3917 3463 3932 3477 ο

2354 3555 2447 3607 καὶ
2481 3551 2630 3617 ζωήν
2654 3567 2666 3579 ·
2716 3549 2776 3602 οὐ
2825 3549 2923 3618 τὴν
2965 3544 3228 3616 τυχοῦσαν
3253 3585 3267 3608 ,
3308 3541 3444 3595 ἀλλὰ
3494 3539 3593 3610 τὴν
3637 3536 3929 3590 ἀθάνατον.

2366 3646 2487 3698 Ἐπὶ
2511 3644 2610 3714 τὴν
2649 3640 2787 3694 Σιὼν
2822 3639 2930 3708 γὰρ
2961 3640 2994 3710 ἡ
3023 3635 3116 3689 τοῦ
3151 3634 3416 3703 παναγίου
3469 3630 3788 3701 Πνεύματος
3835 3627 3933 3679 ἐπὶ

2353 3738 2477 3798 τοὺς
2529 3734 2703 3804 ἱεροὺς
2735 3730 3062 3792 ἀποστόλους
3105 3725 3364 3792 ζωοποιὸς
3401 3721 3765 3792 κατεπέμφθη
3804 3718 3932 3790 δρό-

2357 3847 2465 3892 σος,
2493 3828 2557 3881 δι’
2596 3824 2662 3899 ἦς
2695 3827 2931 3886 ἅπαντες
2976 3825 3025 3876 οἱ
3070 3820 3414 3880 πιστεύοντες
3453 3818 3552 3887 τὴν
3583 3815 3802 3868 αἰώνιον
3841 3814 3934 3865 εὐ-

2353 3918 2536 3986 λογίαν
2584 3915 2942 3985 καρποῦνται.
2987 3910 3238 3963 Ἐκεινων
3267 3905 3374 3978 γὰρ
3398 3901 3465 3976 ἦν
3492 3905 3525 3974 ἠ
3550 3901 3748 3973 καρδία
3779 3901 3870 3954 καὶ
3896 3903 3931 3971 ὴ

2353 4008 2498 4080 ψυχὴ
2525 4007 2640 4079 μία-

2685 4097 2822 4168 ’ῼδὴ
2869 4095 2984 4150 τῶν
3022 4089 3395 4160 ἀναϐαθμῶν.
3427 4089 3611 4142 PAI".

2438 4187 2583 4243 Ἰδοὺ
2612 4186 2690 4254 δὴ
2719 4185 3019 4254 εὐλογεῖτε
3055 4182 3161 4235 τὸν
3192 4182 3432 4248 Κύριον,
3464 4176 3687 4241 πάντες
3709 4178 3763 4229 oi
3796 4174 3934 4231 δοῦ-

2356 4287 2453 4340 λοι
2477 4283 2720 4349 Κυρίου.

2980 4369 2992 4385 '
3007 4369 3314 4431 Υπόθεο-ις.

2370 4466 2436 4519 Ἦ
2482 4461 2934 4530 πεντεκαιδεκάτη
2964 4459 3072 4530 ᾠδὴ
3103 4460 3214 4519 τοῖς
3263 4457 3341 4508 ἔτι
3397 4452 3826 4524 κατηχουμένοις
3875 4452 3936 4506 ὲν

765 4561 821 4616 in
849 4559 1086 4616 Ecclesia
1115 4557 1494 4614 catechumeni
1517 4568 1644 4610 sunt
1673 4556 1890 4610 laudare
1914 4555 2105 4610 Deum.
2135 4551 2261 4609 Ser-

2433 4560 2499 4628 τῇ
2541 4554 2835 4626 Ἐκκλησία
2867 4554 3035 4606 αἰνεῖν
3059 4551 3148 4603 τὸν
3173 4549 3304 4601 Θεὸν
3322 4544 3775 4619 παρακελεύεται.
3804 4542 3937 4596 Δού-

763 4667 861 4706 vos
893 4661 1070 4706 autem
1109 4659 1266 4705 vocat
1316 4649 1497 4719 ipsos,
1536 4657 1718 4718 utpote
1755 4650 1845 4716 qui
1881 4647 2121 4701 nondum
2169 4644 2258 4698 ad-

764 4747 984 4818 Optione
1010 4746 1209 4814 dignati
1234 4745 1360 4799 sint.
1385 4743 1440 4797 2.
1471 4741 1536 4796 In
1554 4742 1792 4796 noctibus
1816 4742 2048 4796 extollite
2074 4755 2261 4793 manus

765 4847 962 4892 uestras
1002 4837 1056 4888 in
1092 4845 1295 4889 sancta.
1351 4833 1403 4886 In
1451 4835 1699 4888 noctibus
1743 4832 1919 4887 adhuc
1966 4832 2264 4888 consistere

766 4932 889 4986 illos
927 4932 1020 4990 ait,
1053 4929 1180 4998 quia
1224 4930 1461 4982 nondum
1494 4924 1728 4995 Spiritus
1774 4927 1945 4980 sancti
1987 4925 2262 4980 illumina-

765 5023 913 5078 lione
934 5023 1114 5074 donati
1141 5030 1284 5074 sunt.

769 5113 822 5170 5.
857 5111 1136 5165 Benedicat
1169 5122 1215 5164 te
1247 5110 1495 5162 Dominus
1521 5124 1584 5161 ea:
1621 5107 1768 5162 Sion.
1805 5106 1883 5160 Ex
1921 5106 2050 5160 Sion
2088 5105 2218 5158 dicit
2249 5123 2262 5158 :

698 5204 826 5272 quia
868 5204 972 5256 hoc
1017 5217 1212 5254 nomen
1248 5201 1478 5254 amabile
1516 5199 1647 5265 ipsis
1684 5205 1817 5260 erat,
1849 5198 1938 5252 ubi
1985 5207 2100 5251 erat
2131 5193 2265 5263 ipsis

699 5296 879 5349 omnis
925 5293 1373 5349 sanctificationis
1433 5299 1833 5362 argumentum.
1887 5290 2091 5344 Exinde
2139 5302 2265 5341 vero

700 5387 856 5440 docet
883 5402 947 5439 ex
974 5387 1436 5456 quocunqucloco
1467 5386 1830 5442 invocandum
1864 5398 2000 5439 esse.
2033 5381 2219 5436 dicens
2249 5397 2262 5434 ;

701 5479 806 5548 Qui
843 5479 962 5548 fecit
993 5479 1177 5533 caelum
1211 5490 1258 5532 et
1294 5489 1508 5532 terram.

1206 5571 1454 5625 Alleluia.
1483 5567 1796 5624 CXXXIV.

773 5664 824 5718 1.
857 5662 1092 5716 Laudate
1137 5680 1320 5717 nomen
1369 5661 1598 5728 Domini,
1625 5661 1862 5724 laudate,
1895 5660 2046 5725 serui,
2086 5655 2269 5712 Domi-

775 5824 822 5857 ”
847 5821 1000 5877 Joan.
1039 5837 1092 5886 ν,
1123 5821 1212 5878 55.

2435 4649 2557 4710 λους
2573 4647 2629 4700 δὲ
2645 4647 2838 4708 αὐτοὺς
2856 4645 3026 4706 καλεῖ,
3050 4643 3145 4697 ἁτε
3167 4643 3332 4711 μήπω
3349 4642 3446 4710 τῆς
3469 4637 3750 4700 υἱοθεσίας
3771 4636 3937 4707 ἠξιω-

2437 4741 2650 4812 μένους.
2670 4740 2764 4791 Ἐν
2792 4737 2920 4802 ταῖς
2940 4735 3118 4798 νυξὶν
3144 4731 3398 4801 ἐπάρατε
3419 4730 3523 4796 τὰς
3539 4731 3745 4799 χεῖρας
3767 4727 3936 4797 ὑμῶν

2437 4837 2519 4899 είς
2551 4834 2622 4888 τὰ
2649 4831 2802 4900 ἅγια.
2859 4831 2946 4883 Ἐν
2972 4828 3126 4880 νυκτὶ
3160 4826 3240 4880 ἔτι
3268 4825 3487 4878 ἑστάναι
3520 4821 3720 4884 αὐτούς
3749 4837 3936 4892 φησιν,

2437 4925 2528 4978 ἆτε
2579 4925 2651 4996 μὴ
2699 4923 3042 4993 φωτίσματος
3079 4920 3190 4975 τοῦ,
3220 4917 3374 4988 ἁγίου
3422 4913 3742 4985 Πνεύματος
3773 4912 3936 4982 ἡξιωυ

2441 5018 2650 5088 μένους.

2430 5105 2772 5173 Εὑλογήο-αι
2811 5120 2884 5156 σε
2931 5103 3146 5168 Κύριος
3196 5100 3263 5152 ἐκ
3319 5096 3489 5152 Σιών.
3544 5096 3640 5148 Ἐκ
3691 5092 3830 5147 Σιὼν
3880 5089 3937 5144 δέ

2368 5213 2530 5267 φησιν
2551 5213 2562 5226 ·
2600 5195 2784 5264 ἐπειδὴ
2814 5194 2907 5246 καὶ
2926 5192 3160 5262 τοῦνομα
3189 5188 3433 5242 ποθεινὸν
3459 5187 3705 5256 ὑπῆρχεν
3735 5185 3937 5245 αὐτοῖς,

2368 5289 2494 5343 ἔνθα
2542 5289 2721 5359 πάσης
2764 5285 3043 5354 ἁγιστείας
3088 5282 3342 5344 ὑπόθεσις
3389 5277 3479 5350 ἦν.
3517 5275 3651 5332 Εἶτα
3697 5277 3935 5330 διδάσκει

2369 5376 2702 5447 πανταχόθεν
2735 5375 2917 5428 καλεῖν
2955 5373 3160 5441 λέγων’
3204 5373 3265 5423 Ὀ
3316 5369 3578 5438 ποιήσας
3627 5367 3738 5421 τὸν
3767 5369 3934 5435 οὐρα-

2367 5467 2479 5523 νὸν
2515 5468 2611 5521 καὶ
2645 5467 2757 5535 τὴν
2786 5465 2923 5536 γῆν.

2866 5555 3238 5614 Ἀλληλούῖα.
3267 5553 3402 5607 ΡΛΔ
3428 5593 3442 5606 .

2441 5646 2665 5703 Αἰνεῖτε
2694 5648 2758 5702 τὸ
2789 5649 2973 5717 ὄνομα
3003 5644 3249 5712 Κυρίου,
3287 5641 3532 5708 αὶνεῖτε,
3558 5639 3790 5704 δοῦλοι,
3824 5635 3931 5693 Κύ-
