4126 6482
698 414 799 471 527

1536 408 1591 461 S.
1632 406 2000 461 ATHANASII
2033 407 2180 462 OPP.
2223 405 2402 461 PARS
2439 405 2524 461 lll.
2563 438 2632 447 —
2672 405 3079 462 EXEGETICA.

3819 409 3924 466 528

696 536 799 580 est.
832 524 995 579 Multa
1037 523 1233 593 quippe
1277 530 1429 576 erant
1459 536 1577 592 quae
1614 533 1844 578 mortem
1883 523 2247 590 minabantur,

2359 524 2529 577 Πολλὰ
2559 524 2666 594 γὰρ
2695 527 2763 576 τὰ
2798 525 3020 578 θάνατον
3054 524 3412 589 ἀπειλοῦντα,
3455 525 3630 595 λιμὸς,
3687 525 3922 595 αὐχμὸς.

699 616 1086 681 iames,a:stus,
1111 615 1248 676 sitis,
1270 613 1498 667 ferarum
1524 615 1830 677 multitudo,
1850 617 2255 669 commodorum

699 708 942 761 omnium
1017 707 1332 773 indigentia.
1379 704 1454 757 Illi
1507 721 1634 760 vero
1680 707 1892 759 neruine
1939 707 2258 775 perterrefa-

698 801 872 855 ciente
924 800 1023 852 iter
1073 798 1319 868 agebant.
1367 797 1444 851 Ex
1491 798 1702 851 duobus
1739 809 1916 851 autem
1946 797 2257 852 fortissimis

699 893 946 962 regibus,
977 891 1069 960 qui
1104 891 1170 944 de
1215 890 1407 944 robore
1453 899 1506 943 et
1539 891 1908 959 magnitudine
1945 891 2252 958 gloriaban-

700 993 806 1048 tur,
827 981 1071 1036 liberavit
1099 996 1210 1035 eos.
1237 980 1313 1033 Ex
1337 981 1534 1049 quibus
1554 980 1632 1050 0g
1659 995 1850 1034 novem
1883 981 2253 1049 longitudinis,

699 1076 939 1145 quinque
964 1073 1262 1127 latitudinis
1293 1073 1502 1128 cubitos
1542 1074 1797 1137 habebat,
1828 1083 1882 1128 et
1916 1074 2054 1129 lecto
2083 1074 2256 1128 ferreo

701 1167 969 1220 utebatur.

769 1258 854 1311 i9.
877 1256 1041 1310 Sehon
1060 1271 1226 1325 regem
1244 1255 1683 1319 Amorrha’orum,
1700 1262 1802 1308 etc.
1823 1253 1937 1309 Non
1957 1255 2074 1310 sine
2093 1270 2257 1311 causa

698 1348 818 1401 aliis
847 1348 1067 1402 omissis
1113 1347 1214 1401 hos
1262 1347 1579 1400 memoravit
1618 1362 1789 1415 reges,
1822 1347 1915 1402 sed
1967 1357 2025 1402 ut
2059 1349 2256 1417 p0pulo

699 1441 751 1494 in
777 1449 1008 1494 mentem
1029 1449 1299 1493 revocaret
1319 1438 1577 1492 divinitus
1594 1453 1910 1494 concessam
1944 1441 2252 1494 victm-iam.

697 1532 830 1587 Nam
853 1533 919 1587 de
941 1533 1138 1587 robore
1166 1532 1267 1602 ipsi
1286 1541 1338 1586 et
1366 1532 1606 1601 potentia
1633 1541 1687 1584 et
1715 1532 1963 1601 corporis
1987 1532 2128 1586 mole
2151 1531 2258 1601 glo-

698 1627 994 1678 riabantur.

764 1717 852 1770 25.
887 1714 1024 1782 Quia
1068 1717 1120 1769 in
1157 1715 1452 1768 humilitate
1486 1723 1665 1767 nostra
1713 1730 1910 1766 memor
1956 1713 2055 1782 fuit
2093 1713 2256 1766 nostri

698 1808 970 1861 Dominus.
999 1806 1121 1862 llazc
1149 1809 1311 1861 verba
1338 1827 1350 1860 :
1381 1806 1515 1870 Quia
1545 1808 1597 1858 in
1622 1807 1919 1859 humilitate
1944 1815 2124 1858 nostra
2151 1821 2256 1858 me-

697 1915 808 1951 mor
833 1900 932 1967 fuit
970 1900 1133 1951 nostri
1177 1897 1452 1960 Dominus,
1481 1897 1656 1964 aptius
1699 1896 2027 1949 conveniunt
2073 1895 2137 1947 iis
2164 1896 2254 1962 qui
2288 1875 2330 1929 Β

695 2005 724 2042 a
755 1989 1019 2059 spirituali
1069 1988 1182 2042 sive
1221 1988 1460 2042 sensibili
1505 1988 1812 2056 captivitate
1850 1986 2062 2040 liberati
2107 1997 2253 2042 sunt.

766 2173 948 2240 25,26.
973 2173 1077 2240 Qui
1100 2174 1192 2228 dat
1235 2191 1405 2228 escam
1429 2175 1570 2226 omni
1596 2173 1766 2228 carni.
1796 2171 1912 2227 Non
1943 2172 2088 2227 enim
2138 2172 2259 2242 pios

697 2279 906 2324 tantum
950 2270 1214 2337 benignus
1260 2267 1402 2322 Deus
1437 2275 1612 2329 curat,
1654 2265 1746 2318 sed
1780 2267 1942 2319 etiam
1985 2281 2158 2334 usque
2191 2266 2258 2320 ad

694 2362 857 2416 bruta
872 2362 1166 2415 animantia
1188 2377 1202 2414 :
1221 2359 1292 2412 ita
1326 2367 1384 2413 ut
1406 2368 1788 2428 congruentem
1817 2358 2047 2428 singulis
2075 2360 2256 2411 cibum

695 2451 989 2520 dispenset,
1020 2458 1069 2504 et
1107 2449 1495 2518 providentiam
1529 2463 1681 2502 suam
1732 2450 1989 2502 extendat
2033 2464 2062 2500 a
2092 2451 2259 2500 mira-

697 2541 896 2596 bilibus
931 2541 1052 2596 coeli
1098 2555 1271 2610 usque
1319 2541 1384 2594 ad
1434 2541 1696 2594 vilissima
1745 2549 1933 2603 terrm;
1976 2548 2029 2592 et
2061 2541 2260 2592 exhinc

697 2649 914 2688 rursum
962 2633 1028 2687 ad
1062 2648 1234 2702 usque
1283 2633 1477 2687 cmlum
1525 2631 1885 2700 progreditur.
1921 2629 2100 2694 Quare
2139 2639 2260 2698 post

698 2725 858 2787 illud,
901 2725 1041 2777 omni
1088 2725 1267 2787 carni,
1318 2722 1502 2790 adjicit
1539 2739 1552 2772 :
1597 2721 1930 2789 Con/iteinini
1969 2721 2074 2772 Deo
2122 2721 2256 2774 coeli.

696 2815 829 2871 Nam
869 2817 988 2870 licet
1013 2815 1258 2869 omnium
1305 2814 1374 2868 sit
1406 2813 1604 2884 opifex,
1645 2829 1739 2882 per
1776 2814 2153 2867 excellentiam
2182 2821 2261 2865 ta-

697 2924 820 2962 men
849 2905 992 2963 Deus
1026 2908 1147 2962 cmli
1174 2907 1391 2972 dicitur,
1420 2921 1606 2960 eorum
1639 2905 1730 2974 qui
1766 2905 1928 2959 isthic
1957 2904 2158 2972 degunt
2183 2900 2262 2954 fa-

697 3001 903 3055 mulatu
935 2999 1134 3054 cultus.
1168 2996 1450 3068 Siquidem
1484 2996 1637 3050 lucus
1665 2995 1754 3048 ille
1781 3009 1811 3048 a
1839 3003 2063 3063 peccato
2091 3007 2262 3063 purus

697 3101 754 3148 ει
778 3106 979 3145 vacuus
1009 3098 1113 3145 est.

821 3181 1010 3238 Davidi
1035 3198 1125 3252 per
1149 3178 1452 3233 Jeremiam.
1479 3174 1816 3232 PSALMUS
1842 3175 2152 3232 CXXXVI.

770 3275 821 3329 1.
865 3271 1032 3342 Super
1059 3271 1280 3341 ﬂumina
1316 3269 1603 3340 Babylonis
1638 3270 1747 3322 illic
1774 3269 2001 3322 sedimus
2034 3278 2080 3320 et
2115 3266 2262 3336 ﬂevi-

701 3383 836 3420 mus.
891 3364 1122 3419 Docetur
1169 3363 1260 3418 hic
1313 3361 1555 3416 futurum
1611 3369 1668 3413 ut
1719 3359 1756 3411 ii
1805 3359 1899 3426 qui
1934 3358 2118 3411 multis
2145 3365 2264 3426 post

702 3462 858 3515 annis
904 3459 957 3510 in
1003 3455 1275 3526 Babylone
1319 3461 1538 3521 propter
1579 3450 1921 3518 iniquitatem
1969 3449 2262 3503 liabitaturi

700 3560 874 3618 erant,
910 3549 1100 3604 ﬂerent
1128 3556 1177 3601 ct
1210 3546 1356 3600 anxii
1397 3554 1600 3609 essent,
1632 3543 1910 3613 cupientes
1944 3543 2084 3596 bona
2111 3557 2263 3611 repe-

702 3654 812 3698 tere
837 3656 957 3696 sua.

767 3734 822 3789 5.
858 3730 917 3787 Si
948 3730 1140 3784 oblitus
1179 3729 1324 3799 fuero
1352 3728 1450 3794 tui,
1483 3726 1804 3792 Jerusalem,
1839 3725 2086 3780 oblivioni
2111 3724 2264 3778 detur

698 3828 913 3881 dextera
948 3839 1082 3878 mea.
1114 3822 1353 3887 Scilicet,
1400 3835 1468 3873 ue
1514 3833 1809 3889 supernum
1843 3817 2107 3872 auxilium
2133 3833 2262 3872 cou-

700 3934 914 3990 sequar.

768 4012 821 4068 6.
870 4009 1148 4063 Adhrereat
1196 4007 1380 4074 lingua
1419 4020 1535 4058 mea
1582 4001 1823 4072 faucibus
1855 4002 2019 4064 meis,
2061 4001 2109 4054 si
2159 4016 2262 4054 non

702 4102 980 4156 meminero
1023 4099 1123 4153 tui.
1173 4097 1305 4163 Qua:
1350 4095 1494 4150 enim
1543 4093 1746 4148 utilitas
1792 4090 2140 4146 instrumenti
2193 4089 2261 4144 ad

701 4206 1005 4248 sermonem
1041 4186 1294 4244 destinati
1340 4186 1384 4241 si
1431 4183 1499 4238 ad
1543 4183 1777 4238 oliicium
1807 4197 1912 4236 non
1942 4179 2263 4235 moveatur?

700 4282 1063 4351 Quamobrem
1095 4279 1236 4333 beati
1277 4277 1378 4331 viri
1411 4293 1502 4346 per
1550 4285 1717 4329 totam
1763 4273 1922 4326 vitam
1952 4273 2018 4327 de
2047 4272 2262 4342 hymnis

699 4372 1030 4428 celebrandis
1054 4384 1241 4425 curam
1288 4368 1524 4422 habuere
1563 4367 1801 4420 dicentes
1833 4379 1847 4415 :
1882 4361 2122 4419 Contabo
2154 4363 2263 4416 Do-

702 4467 840 4520 mino
861 4465 916 4516 in
945 4463 1052 4516 vita
1079 4477 1194 4516 utea
1215 4461 1281 4516 ".
1309 4459 1437 4512 Erat
1464 4469 1642 4512 autem
1671 4457 1780 4511 illis
1801 4456 2100 4510 veneranda
2128 4455 2262 4509 civi-

2355 616 2502 684 azta,
2538 615 2736 685 πλῆθος
2788 615 3020 686 θηρίων.
3059 616 3309 669 ἁπάντων
3346 616 3669 686 ἐπιτηδείων
3717 619 3750 687 ἡ
3796 619 3921 687 ἐρη-

2359 709 2475 778 μία.
2506 709 2569 759 Οἱ
2593 707 2647 759 δέ
2677 707 2904 777 μηδενὸς
2940 707 3228 776 σοϐοῦντος
3276 707 3540 771 ἐϐάδιζον.
3591 709 3685 760 Ἐκ
3731 709 3788 761 δὲ
3827 709 3921 761 δύο

2355 799 2590 853 δυνατῶν
2616 802 2708 852 καὶ
2742 799 3083 868 βασιλέων,οἳ
3104 801 3193 851 ἐιτὶ
3227 799 3384 871 ῥώμῃ
3399 799 3491 852 καὶ
3511 800 3797 869 δυναστείᾳ
3828 799 3922 852 καὶ

2360 893 2573 964 μεγέθει
2597 893 2843 963 σώματος
2865 891 3235 961 ἐσεμνύνοντο,
3267 892 3532 964 ἐῤῥύσατο
3572 891 3788 954 αὐτούς.
3822 892 3925 961 Ὠγ

2357 984 2547 1054 πηχῶν
2578 985 2711 1054 ἔχων
2743 982 2896 1036 ἐννέα
2928 982 2990 1034 τὸ
3023 983 3215 1052 μῆκος,
3246 983 3340 1035 καὶ
3374 983 3533 1035 πέντε
3569 982 3631 1035 τὸ
3674 981 3876 1045 πλάτος
3904 1022 3923 1046 ,

2357 1077 2450 1130 καὶ
2490 1077 2709 1148 σιδηρᾶν
2740 1072 2852 1145 εἶχε
2885 1075 2982 1146 τὴν
3013 1075 3222 1146 κλίνην.

2433 1260 2541 1314 τὸν
2561 1258 2731 1326 Σηὼν
2760 1256 3023 1322 ,βασιλέα
3043 1255 3162 1309 τῶν
3185 1257 3566 1324 Ἀμορῤαιων.
3595 1256 3709 1326 03x
3734 1255 3923 1319 ἁπλῶς

2355 1353 2410 1406 δὲ
2434 1353 2558 1416 τοὺς
2589 1351 2778 1414 ἄλλους
2804 1349 3152 1420 παραλείπων
3185 1347 3439 1418 βασιλέας
3482 1346 3687 1401 τούτων
3731 1349 3923 1417 διαφε-

2359 1443 2555 1512 ρόντως
2587 1440 2851 1512 ἐμνήσθη,
2895 1439 3028 1492 ἀλλὰ
3064 1440 3154 1492 τὸν
3189 1440 3314 1492 λαὸν
3354 1440 3451 1510 τῆς
3490 1440 3734 1492 Θεοδότου
3770 1442 3928 1508 νίκης

2357 1537 2804 1606 ἀναμιμνήσκων.
2854 1533 2975 1585 Ἐπὶ
3005 1532 3163 1604 ῥώμῃ
3195 1533 3303 1602 γὰρ
3325 1527 3469 1584 οὗτοι
3501 1533 3594 1585 καὶ
3635 1531 3931 1601 δυναστεία

2357 1629 2451 1682 καὶ
2482 1626 2698 1696 μεγέθει
2725 1624 2973 1696 σώματος
3007 1622 3382 1694 ἐσεμνύνοντο.

2428 1721 2554 1771 ’Ὁτι
2580 1719 2649 1771 ἐν
2673 1717 2746 1785 τῇ
2770 1714 3117 1770 ταπεινώσει
3149 1713 3316 1783 ἡμῶν
3354 1712 3626 1782 ἐμνήσθη
3677 1712 3847 1782 ἡμῶν
3897 1715 3930 1764 ὁ

2356 1813 2586 1879 Κύριος.
2615 1809 2782 1863 Πλέον
2811 1808 3040 1878 ἁρμόσει
3066 1810 3094 1860 ό
3121 1807 3277 1876 λόγος
3311 1809 3339 1861 ὁ
3378 1806 3572 1875 λέγων,
3605 1807 3738 1858 ’Ὅτι
3761 1805 3828 1856 ἐν
3854 1803 3931 1870 τῇ

2359 1901 2705 1956 ταπεινώσει
2730 1899 2896 1970 ἡμῶν
2931 1898 3200 1969 ἐμνήσθη
3254 1897 3422 1966 ἡμῶν
3445 1901 3477 1951 ό
3523 1895 3767 1965 Κύριος,
3817 1899 3930 1958 τοῖς

2357 1995 2454 2064 τῆς
2475 1993 2669 2064 νοητῆς
2699 1991 2936 2055 δουλείας
2966 1988 3378 2057 ἀπαλλαγεῖσιν,
3425 1989 3564 2058 ἤτοι,
3606 1988 3708 2056 τῆς
3739 1987 3934 2057 αἰσθη-

2358 2102 2478 2154 της.

2440 2177 2494 2229 Ὁ
2526 2175 2728 2242 διδοὺς
2753 2174 2983 2245 τροφὴν
3017 2172 3182 2242 πάσῃ
3235 2173 3438 2242 σαρκί.
3493 2170 3566 2225 Οὐ
3620 2171 3732 2242 γὰρ
3768 2170 3935 2241 μέχρι

2358 2268 2465 2322 τῶν
2495 2267 2858 2321 εὐσεϐούντων
2889 2269 2921 2338 ἡ
2947 2267 3040 2320 τοῦ
3074 2265 3452 2336 φιλανθρώπου
3509 2264 3647 2318 Θεοῦ
3696 2265 3937 2334 κηδεμο-

2361 2363 2468 2424 νία,
2501 2361 2636 2415 ἀλλὰ
2669 2361 2760 2413 καὶ
2794 2362 2954 2430 μέχρι
2978 2359 3085 2411 τῶν
3113 2358 3343 2426 ἀλόγων,
3385 2358 3460 2420 ὡς
3487 2358 3703 2427 ἐκάστῳ
3731 2358 3937 2410 κατά).-

2359 2454 2519 2524 ληλον
2546 2451 2742 2506 διδόναι
2790 2451 3016 2522 τροφὴν,
3061 2449 3393 2502 ἐκτείνεσθαί
3439 2467 3498 2502 τε
3542 2450 3640 2520 τὴν
3673 2453 3935 2520 πρόνοιαν

2361 2543 2467 2596 ἀπὸ
2485 2541 2592 2595 τῶν
2619 2542 2738 2594 κατ’
2765 2540 2989 2611 οὐρανὸν
3037 2538 3328 2608 θαυμάτων
3363 2538 3522 2610 μέχρι
3552 2538 3662 2592 τῶν
3707 2539 3798 2590 ἐπὶ
3829 2539 3934 2607 γῆς

2362 2632 2734 2705 σμικροτάτων
2751 2647 2765 2660 °
2797 2627 3046 2682 ἐντεῦθεν
3070 2627 3128 2682 δὲ
3153 2629 3314 2682 πάλιν
3359 2629 3545 2699 διῆκεν
3572 2633 3650 2693 εἰς
3677 2631 3928 2702 οὐρανόν.

2359 2725 2449 2777 Διὸ
2496 2723 2634 2794 μετὰ
2660 2723 2739 2781 τὸ.
2778 2721 2944 2789 πάσῃ
2987 2719 3184 2788 σαρκί,
3233 2722 3585 2791 ἐπενήνοχενο
3618 2722 3935 2790 Ἐξομολο-

2359 2815 2559 2885 γεῖσθε
2589 2812 2668 2878 τῷ
2698 2811 2822 2876 Θεῷ
2852 2811 2957 2864 τοῦ
2984 2811 3264 2878 οἰιρανοῦ.
3296 2812 3406 2864 Καὶ
3433 2813 3647 2864 πάντων
3667 2811 3744 2863 ὣν
3777 2830 3938 2882 ποιη-

2359 2907 2458 2976 τὴς
2489 2949 2504 2972 ,
2539 2903 2769 2976 οὐρανοῦ
2795 2902 2914 2955 κατ’
2949 2901 3221 2973 ἐξαίρετον
3263 2903 3588 2974 χρηματίζει
3615 2902 3750 2967 Θεὸς
3779 2943 3794 2966 ,
3829 2903 3936 2956 ὑπὸ

2359 3001 2467 3054 τῶν
2495 3002 2611 3052 ἐκεῖ
2652 2996 3022 3066 διαιτωμένων
3052 2995 3505 3067 θεραπευόμενος.
3541 2995 3798 3068 Καθαρὸν
3823 2996 3936 3066 γὰρ

2362 3094 2634 3165 ἁμαρτίας
2659 3092 2775 3145 ἐστὶ
2808 3089 3024 3160 χωρίον.

2508 3183 2592 3249 Τῷ
2606 3183 2784 3238 Δαυῖδ
2815 3183 2912 3236 διὰ
2928 3183 3226 3253 Ἰερεμίου.
3261 3183 3569 3236 ΨΑΛΜΟΣ
3595 3182 3790 3249 ΡΛσῖ⁹.

2436 3275 2562 3327 Ἐπὶ
2581 3273 2698 3327 τῶν
2717 3272 2998 3342 ποταμῶν
3017 3273 3376 3338 Βαϐυλῶνος
3406 3271 3530 3325 ἐκεῖ
3561 3272 3938 3340 ἐκαθίσαμεν

2362 3369 2458 3423 καὶ
2502 3369 2903 3436 ἐκλαύσαμεν.
2963 3367 3214 3420 Διδάσκει
3259 3366 3288 3417 ὁ
3339 3364 3494 3432 λόγος
3544 3366 3671 3429 τοὺς
3720 3365 3938 3428 πολλοῖς

2362 3461 2583 3534 ὕστερον
2607 3461 2816 3532 χρόνοις
2847 3460 3136 3530 ἐσομένους
3158 3461 3215 3512 ὲν
3247 3455 3523 3510 Βαϐυλῶνι
3556 3456 3644 3510 διὰ
3682 3459 3785 3528 τὴν
3811 3460 3937 3511 ἀνο-

2365 3550 2490 3620 μίαν
2518 3548 2741 3612 κλαίειν,
2795 3548 3101 3618 ἀδημονεῖν,
3149 3546 3535 3615 ἐπιζητοῦντας
3565 3545 3676 3599 τῶν
3715 3548 3935 3601 οἰκείων

2362 3639 2581 3707 ἀγαθῶν
2613 3641 2712 3711 τὴν
2736 3639 3026 3712 ἀπόληψιν.

2432 3731 2567 3785 Ἐὰν
2588 3732 2951 3801 ἐπιλάθωμαι
2982 3747 3120 3794 σου,
3147 3732 3550 3801 Ἰερουσαλὴμ,
3574 3733 3934 3799 iuungam;

2359 3825 2399 3892 ἡ
2430 3823 2930 3894 δεξιάμου.Ἦτοι,
2958 3823 3033 3894 μὴ
3049 3823 3265 3895 τύχοιμι
3297 3824 3393 3894 τῆς
3424 3822 3628 3876 ἀνωθεν
3655 3822 3933 3894 βοηθείας.

2428 4002 2762 4070 Κολληθειη
2789 4001 2828 4069 ri
2857 3999 3103 4072 γλῶσσὰ
3125 4019 3244 4071 μου
3275 3997 3355 4065 τῷ
3377 3998 3631 4070 λάρυηοί
3657 4017 3802 4066 μου,
3827 3999 3940 4054 ἐὰν

2355 4093 2440 4163 μή
2493 4109 2610 4147 σου
2658 4089 2929 4164 μνησθῶ.
2967 4091 3032 4144 Τί
3077 4091 3187 4163 γὰρ
3231 4091 3421 4159 ὄφελος
3465 4089 3740 4161 ἐρρῶσθαι
3773 4091 3935 4158 λόγου

2361 4187 2622 4258 δργανον,
2654 4186 2788 4256 πρὸς
2830 4185 2890 4238 τὸ
2931 4185 3049 4237 δέον
3092 4185 3165 4254 μὴ
3194 4182 3548 4254 κρουόμενον;
3578 4180 3669 4234 Διὺ
3707 4184 3803 4236 καὶ
3833 4182 3934 4253 τὴν

2361 4278 2505 4347 ζωὴν
2537 4277 2747 4331 ἃπασαν
2770 4277 2817 4329 οἱ
2843 4276 3098 4347 μακάριοι
3123 4274 3313 4346 ἄνδρες
3341 4277 3407 4346 τῇ
3432 4275 3557 4344 περὶ
3577 4275 3704 4337 τοὺς
3731 4274 3935 4346 ὔμνους

2361 4371 2427 4425 ἀν
2469 4366 2606 4440 ἦσαν
2648 4369 2886 4440 φροντίδι
2928 4367 3196 4436 λέγοντες
3233 4369 3393 4436 ’ᾼσω
3424 4365 3504 4431 τῷ
3535 4365 3734 4434 Κυρίῳ
3758 4366 3830 4419 ὲν
3855 4365 3936 4434 τῇ

2361 4459 2470 4527 ζωῇ
2500 4477 2638 4529 μου.
2665 4457 2771 4513 Ἦν
2797 4459 2854 4512 δὲ
2888 4460 2921 4529 ὴ
2951 4458 3101 4522 πόλις
3133 4459 3314 4521 αὐτοῖς
3342 4457 3500 4528 τιμία
3527 4456 3616 4510 διὰ
3640 4457 3743 4527 τὴν
3778 4455 3933 4510 θείαν

696 4566 781 4611 tas
805 4555 875 4610 ob
899 4555 1137 4610 divinum
1165 4553 1392 4617 cultum,
1423 4561 1481 4605 ut
1505 4560 1629 4605 ante
1654 4551 1856 4604 dictum
1880 4561 1962 4604 est
1989 4568 2003 4603 :
2037 4549 2259 4619 Propter

2361 4551 2644 4622 λατρείαν,
2688 4551 2763 4614 ὼς
2809 4551 3130 4622 προείρηται
3173 4550 3254 4610 τὸ,
3305 4549 3517 4603 Ἕνεκα
3556 4549 3780 4617 Κυρίου
3821 4550 3936 4602 τοῦ

695 4650 909 4702 domum
941 4646 1154 4700 Domini
1187 4646 1283 4700 Dei
1310 4646 1474 4698 nostri
1503 4644 1717 4714 qna'sivi
1745 4643 1876 4695 bona
1903 4642 2016 4694 tibi.

768 4739 828 4795 Si
857 4757 958 4794 non
992 4755 1307 4810 proposuero
1343 4736 1638 4791 Jerusalem
1685 4737 1738 4788 in
1769 4735 2030 4803 principio
2057 4733 2259 4788 letitia

699 4849 845 4888 mete.
881 4831 1075 4898 Tuam,
1107 4833 1300 4902 inquit,
1349 4830 1666 4886 memoriam
1713 4828 1860 4883 omni
1897 4826 2091 4881 laetitiae
2125 4841 2257 4895 prae-

698 4939 917 4992 ponam.
945 4925 1020 4976 lta
1047 4923 1188 4977 enim
1217 4923 1478 4992 contingit
1509 4931 1566 4975 ut
1597 4923 1815 4989 reliquae
1847 4933 2036 4972 omnes
2064 4919 2259 4970 lentiae

699 5018 852 5071 bona:
884 5016 1010 5082 sint.
1052 5013 1311 5070 Dominus
1357 5015 1481 5070 item
1526 5029 1712 5068 sacros
1736 5010 1886 5065 cibos
1916 5019 2040 5064 ante
2066 5025 2259 5078 corpo-

699 5109 837 5164 rales
867 5107 1094 5162 inducit.

765 5292 818 5344 7.
850 5289 1058 5344 Memor
1081 5301 1211 5354 esto,
1241 5289 1479 5351 Domine,
1503 5290 1734 5359 ﬁliorum
1779 5287 1969 5352 Edam,
1995 5296 2098 5341 etc.
2133 5285 2257 5340 Filii

692 5381 862 5436 Edom
890 5382 958 5436 ab
981 5380 1120 5437 Esau
1149 5383 1389 5442 ltlumtei.
1417 5385 1505 5452 qui
1533 5393 1685 5450 capta
1714 5380 2035 5441 Jerusalem.
2062 5380 2256 5433 acerbe

696 5475 1050 5538 insultabant,
1097 5475 1267 5529 donec
1295 5492 1410 5529 eam
1440 5490 1471 5528 a
1512 5473 1877 5527 fundamentis
1904 5473 2138 5526 dirutam
2173 5472 2254 5526 vi-

692 5566 892 5621 derint.

764 5656 818 5711 8.
848 5653 990 5708 Fitia
1014 5655 1298 5726 Babylonis
1319 5659 1530 5713 misera.
1563 5656 1918 5730 Propheticus
1941 5667 2026 5716 est
2052 5674 2252 5726 sermo,

761 5811 806 5843 "
830 5809 974 5866 Psal.
1005 5827 1123 5876 cm,
1155 5813 1245 5867 23.

2362 4643 2508 4699 Θεοῦ
2532 4643 2698 4712 ἡμῶν
2723 4641 3051 4709 ἐξεζήτησα
3078 4639 3267 4711 ἁγαοὰ
3299 4657 3418 4694 σοι.

2440 4736 2574 4788 Ἐὰν
2611 4733 2696 4802 μὴ
2739 4732 3230 4802 προανατὰξωμαι
3268 4731 3383 4798 τὴν
3427 4730 3820 4800 Ἰερουσαλὴμ
3849 4731 3935 4798 ὠς

2357 4827 2427 4880 ἐν
2446 4825 2601 4894 ἀρχῇ
2633 4825 2743 4892 τῆς
2764 4827 3142 4893 εὐφροσύνης
3160 4841 3300 4893 μου.
3323 4823 3434 4894 Τὴν
3463 4822 3580 4894 σὴν,
3607 4824 3764 4894 φησὶ,
3797 4826 3934 4898 μνή-

2361 4938 2467 4991 μην
2498 4920 2675 4988 πάσης
2709 4919 3043 4989 εὐφροσύνης
3072 4916 3344 4987 προτάξω.
3389 4916 3623 4983 Ἀγαθάς
3653 4915 3763 4987 γὰρ
3789 4918 3932 4972 οὕτω

2358 5014 2450 5066 καί
2481 5012 2577 5074 τὰς
2599 5011 2788 5073 λοιπὰς
2818 5013 2947 5081 ἡμῖν
2976 5009 3308 5078 εὐφροσύνας
3337 5007 3587 5076 γενέσθαι
3616 5008 3928 5078 συμϐαίνει.

2358 5103 2466 5156 Καὶ
2497 5104 2526 5154 ό
2554 5102 2754 5172 Κύριος
2785 5101 2841 5153 δὲ
2873 5102 2970 5165 τὰς
3000 5100 3151 5172 ίεράς
3181 5100 3388 5172 τροφὰς
3411 5099 3517 5171 πρὸ
3545 5099 3656 5152 τῶν
3680 5116 3930 5172 σωματι-

2359 5195 2468 5247 κῶν
2491 5196 2804 5264 είσηγείται.

2427 5285 2770 5351 Μνήσθητι,
2818 5287 3032 5350 Kvpte.
3085 5282 3203 5336 τῶν
3247 5282 3393 5336 υἱῶν
3449 5282 3651 5353 Ἐδὼμ.
3709 5285 3772 5337 Οί
3823 5286 3931 5339 υἱοὶ

2372 5376 2546 5446 Ἐδὼμ
2577 5379 2624 5428 oi
2656 5377 2762 5430 ἀπὸ
2799 5375 2968 5429 Ἡσαῦ
3009 5376 3312 5445 Ἰδουμαῖοι.
3360 5375 3410 5427 οἳ
3443 5377 3536 5428 καὶ
3567 5374 3802 5446 ἀλούσης
3831 5377 3930 5446 τῆς

2369 5469 2718 5540 Ἰερουσαλὴμ
2759 5467 3086 5536 ἐπέμδαινον
3131 5467 3378 5538 πικρῶς,
3424 5467 3529 5530 ἕως
3559 5469 3624 5520 ἐκ
3663 5466 3930 5537 θεμελίων

2358 5563 2526 5632 αὐτὴν
2559 5559 2999 5614 ἀνασπασθεῖσαν
3027 5560 3290 5627 ἔγνωσαν.

2429 5650 2697 5721 Θυγάτηρ
2723 5649 3078 5718 Βαϐυλῶνος
3105 5651 3144 5717 ἡ
3165 5651 3556 5719 ταλαίπωρος.
3585 5650 3929 5722 Προφητικὸς
