4126 6494
1184 450 1476 506 EXPOSI'I‘
1483 451 1548 506 l0
1583 449 1649 504 ιη
1687 452 2012 510 PSALMUM
2051 453 2382 512 CXXXVIII.

3298 456 3404 513 530

169 569 198 623 ὁ
225 569 380 638 λόγος
404 569 656 631 κάκεῖνος
699 568 796 639 τῆς
828 567 1144 632 Βαϐυλῶνος
1179 567 1432 638 σημαίνει
1471 568 1569 640 τὴν
1600 570 1734 640 πόρ-

1841 572 1928 641 qui
1971 570 2261 644 Babylonis
2302 571 2573 628 excidium
2607 572 2946 642 praenuntiat.
2982 570 3181 626 Beatus
3205 574 3295 640 qui
3325 589 3404 627 re-

169 660 345 732 θῇσιν.
375 659 681 728 Μακάριος
717 657 784 725 ὃς
815 657 1224 712 ἀνταποδώσω
1257 661 1324 712 τὸ
1362 658 1743 729 ἀνταπόδομά

168 769 302 808 σου.
321 753 580 812 Ἐκεῖνος.
607 753 759 822 φησι,
780 753 1046 823 μακάριος
1068 752 1097 803 ὁ
1118 750 1636 820 ἀνταιχμαλωτεύων
1658 768 1738 805 σε.

302 844 390 912 Τῷ
413 843 597 900 Δαυτδ
622 842 720 897 διὰ
755 844 1073 912 Ζαχαρίου.
1116 844 1424 897 ΨΑΛΜΟΣ
1453 845 1632 897 PAZ'.

801 935 1126 1000 'Ysto’Oemc.

181 1027 240 1081 '0
272 1026 464 1101 παρὼν
487 1028 702 1100 cuius;
722 1025 1056 1099 προφητείαν
1085 1026 1326 1098 περιέχει
1357 1026 1457 1097 τῆς
1487 1027 1742 1081 ἁπάντων

241 1118 412 1172 ἐθνῶν
445 1119 708 1192 κλήσεως·
739 1120 824 1187 ἐφ’
851 1111 886 1191 ᾗ
909 1119 1004 1171 καὶ
1027 1117 1354 1189 εὐχαριστεῖ,
1383 1120 1463 1172 ὅτι
1488 1119 1550 1172 οὐ
1585 1121 1742 1188 μόνος

237 1209 424 1274 αὐτὸς,
461 1209 712 1280 βασιλεὺς
734 1207 830 1271 ὣν,
859 1206 1084 1279 ἠξίωται
1112 1207 1211 1279 τῆς
1232 1208 1382 1272 θείας
1405 1207 1740 1278 θεοφανείαφ

238 1302 376 1356 ἀλλὰ
402 1302 495 1356 καὶ
520 1301 748 1365 πολλοὺς
771 1300 879 1354 τῶν
906 1299 1077 1355 ἐθνῶν
1110 1299 1346 1370 βασιλεῖς
1371 1317 1502 1372 φησι
1528 1301 1629 1371 τῆς
1651 1301 1742 1355 αὑ-

236 1393 339 1463 τῆς
365 1390 761 1464 ἀξιωθήσεσθαι
802 1391 1044 1463 χάριτος,
1084 1392 1220 1462 ὅπερ
1265 1391 1422 1463 μόνον
1466 1391 1603 1464 μετὰ
1641 1391 1740 1462 τὴν

237 1484 532 1555 ἐπιδημίαν
559 1483 868 1554 γεγένηται.

250 1573 791 1644 Ἐξομολογήσομαί
835 1587 962 1636 σοι,
1010 1573 1216 1642 Κύριε,
1256 1572 1326 1626 ἐν
1371 1571 1484 1641 ὅλῃ
1531 1573 1742 1642 καρδίᾳ

161 1683 303 1734 μου.
341 1665 556 1735 Ταύτην
588 1664 664 1735 τῷ
706 1663 944 1734 πλουσίῳ
985 1663 1214 1717 δέδωκεν
1248 1663 1276 1716 ὁ
1308 1663 1496 1736 Σωτὴρ
1527 1665 1626 1736 τὴν
1657 1665 1742 1717 ὲν·-

166 1755 347 1827 το).ὴν,
373 1754 562 1809 εἰπών’
599 1756 953 1826 Ἀγαπήσεις
982 1755 1199 1823 Κύριον
1217 1754 1324 1809 τὸν
1351 1757 1498 1809 Θεόν
1523 1770 1641 1811 σου
1670 1755 1740 1820 ἐξ

1844 665 2032 718 tribuet
2064 664 2159 719 tibi
2197 666 2587 718 retributionem
2635 674 2805 722 tuam.
2837 663 2948 731 Ille,
2979 665 3174 734 inquit,
3211 667 3401 722 beatus

1841 757 1934 828 qui
1968 770 2018 812 te
2052 759 2104 811 in
2135 756 2500 826 captivitatem
2533 757 2766 814 duxerit.

1910 847 2103 903 Davidi
2126 866 2218 920 per
2249 849 2590 904 Zachariam.
2622 849 2956 906 PSALJIUS
2981 847 3181 904 CXXX
3199 847 3324 907 VII.

2425 941 2819 1012 Argumentum.

1839 1037 2087 1090 Praesens
2136 1037 2381 1106 psalmus
2427 1037 2761 1107 prophetiam
2819 1044 3060 1091 continet
3102 1034 3402 1090 vocationis

1907 1127 2150 1180 omnium
2179 1127 2441 1198 gentium,
2484 1127 2552 1182 de
2579 1142 2686 1196 qua
2729 1127 2931 1197 gratias
2965 1127 3094 1196 agit,
3119 1127 3264 1196 quod
3295 1141 3399 1181 non

1910 1217 2085 1272 solum
2115 1218 2230 1288 ipse
2255 1219 2348 1288 qui
2375 1233 2466 1274 rex
2494 1227 2628 1282 erat,
2660 1217 2750 1272 Dei
2777 1217 3008 1272 adventu
3029 1226 3082 1272 et
3107 1228 3399 1287 conspectu

1911 1306 2162 1376 dignatus
2205 1310 2304 1370 sit.
2349 1308 2442 1362 sed
2487 1309 2648 1362 etiam
2694 1307 2892 1362 multos
2935 1308 3172 1378 gentium
3217 1320 3399 1375 reges,

1911 1399 2096 1452 eadem
2139 1401 2310 1469 gratia
2347 1398 2628 1454 donandus
2668 1397 2762 1462 ait,
2791 1397 2934 1469 quod
2963 1405 3086 1468 post
3114 1396 3399 1451 adventum

1913 1487 2125 1542 Domini
2156 1491 2418 1542 duntaxat
2444 1487 2641 1542 factum
2668 1497 2770 1543 est.

1912 1580 1963 1633 I.
1995 1578 2293 1648 Conﬁtebor
2325 1580 2440 1644 tibi,
2469 1578 2708 1643 Domine,
2738 1580 2792 1632 in
2818 1588 2925 1632 toto
2951 1580 3106 1632 corde
3133 1594 3265 1632 meo.
3290 1575 3404 1633 Hoc

1841 1677 2167 1739 praeceptum
2208 1669 2355 1723 dedit
2411 1667 2657 1724 Salvator
2701 1669 2888 1734 diviti,
2933 1667 3164 1724 dicens:
3209 1667 3402 1738 Diliges

1841 1757 2124 1812 Dominum
2156 1757 2320 1812 Deum
2361 1770 2506 1812 tuum
2548 1775 2612 1814 ex
2644 1770 2752 1814 toto
2791 1760 2944 1813 corde
2975 1768 3083 1825 tuo,
3113 1770 3162 1814 et
3193 1775 3258 1814 ex
3280 1759 3414 1812 totis.

167 1847 320 1914 ὅλης
352 1845 463 1915 τῆς
490 1846 738 1917 καρδίας
779 1863 896 1902 σου
936 1847 1033 1902 καὶ
1068 1846 1138 1913 ἐξ
1180 1845 1329 1915 ὅλης
1373 1845 1485 1917 τῆς
1527 1849 1739 1916 ἰσχύος

1841 1848 2035 1902 viribus
2068 1849 2170 1902 tuis
2199 1850 2263 1901 ”.

169 1955 306 1994 σου.

238 2029 352 2082 Kal
379 2029 658 2083 ἐναντίον
687 2028 959 2098 ἀγγέλων
987 2026 1163 2098 ψαλῶ
1185 2042 1305 2090 σοι,
1334 2026 1741 2095 προσκυνήσω

167 2119 319 2188 πρὸς
348 2120 500 2172 ναὸν
527 2119 698 2188 ἅγιόν
733 2134 869 2174 σου.
907 2119 998 2183 Ὠς
1034 2119 1316 2190 παρόντων
1341 2118 1448 2171 τῶν
1472 2117 1738 2188 ἀγγέλων,

168 2211 262 2264 καὶ
290 2210 391 2278 τὴν
431 2209 574 2264 κατὰ
604 2209 736 2264 Θεὸν
768 2209 932 2264 αὐτοῦ
964 2210 1121 2282 νίκην
1157 2211 1245 2263 ἀεὶ
1272 2209 1737 2282 ὲπιθεωρούντων.

167 2300 277 2354 Καὶ
322 2300 837 2372 ἐξομολογήσομαι
881 2300 962 2366 τῷ
1011 2302 1252 2372 ὀνόματί
1320 2319 1436 2356 σου
1499 2301 1600 2355 ἐπὶ
1662 2300 1742 2366 τῷ

166 2392 322 2447 ἐλέει
347 2408 466 2447 σου
495 2393 593 2447 καὶ
629 2391 703 2461 τῇ
740 2393 992 2461 ἀληθεία
1018 2407 1156 2447 σου.
1186 2392 1600 2464 Εὐχαριστήσω,
1632 2408 1739 2462 φη-

170 2484 275 2546 σὶν,
306 2487 393 2552 ἐφ’
419 2477 502 2548 οἷς
531 2484 630 2555 τῆς
671 2483 770 2553 μὲν
801 2485 958 2547 σκιᾶς
993 2483 1356 2554 λελύτρωμαι,
1388 2484 1487 2553 τῆς
1520 2483 1577 2537 δὲ
1606 2483 1736 2553 diti;-

169 2574 317 2639 θείας
349 2575 608 2644 ὴξίωμαι.
656 2573 763 2627 Ὀτι
785 2573 1159 2643 ἐμεγάλυνας
1175 2571 1276 2626 ἐπὶ
1305 2571 1427 2627 πᾶν
1457 2571 1522 2626 τὸ
1555 2571 1742 2640 ὄνομα

169 2666 230 2719 τὸ
259 2664 436 2734 ἅγιόν
470 2681 608 2719 σου.
654 2664 776 2720 Ἐπὶ
805 2667 872 2736 τῇ
909 2664 1017 2718 τῶν
1041 2663 1210 2719 ὲθνῶν
1233 2663 1422 2736 κλήσει
1459 2662 1558 2735 τὴν
1582 2663 1742 2733 εὐχα-

169 2759 382 2831 ριστίαν
413 2758 701 2830 ἀναφέρειν
731 2759 900 2828 λέγει.
943 2759 1054 2812 Οὐκ
1083 2757 1168 2827 ἐφ’
1210 2752 1292 2822 οἷς
1323 2753 1382 2811 εὖ
1411 2755 1610 2810 ἔπαθον
1644 2755 1740 2827 μό·

169 2866 260 2903 νον
302 2847 627 2921 εὐχαριστῶ·
657 2846 792 2901 ἀλλὰ
824 2847 921 2900 καὶ
961 2846 1028 2899 δι’
1055 2845 1175 2900 ὅλου
1204 2847 1304 2916 τὴν
1327 2844 1485 2911 δόξαν
1511 2843 1608 2914 τὴν
1642 2842 1740 2915 σὴν

168 2941 393 3014 θεωρῶν
413 2982 428 3004 ,
471 2940 991 3011 δημιουργήσαντος,
1021 2935 1452 3009 εὐεργετοῦντος,
1486 2934 1738 2998 κολάζον-

169 3049 278 3096 τος.
327 3031 493 3086 Οὐδὲν
533 3030 642 3102 γὰρ
674 3031 771 3102 τῆς
810 3029 1038 3094 κτίσεως
1070 3029 1099 3082 ὃ
1148 3028 1222 3101 μὴ
1255 3027 1352 3100 τὴν
1375 3028 1475 3099 σὴν
1506 3027 1738 3098 μεγαλο-

173 3123 339 3194 σύνην
365 3124 629 3196 κηρύττῃ.

239 3212 660 3292 Πολυωρήσεις
691 3228 768 3282 με
808 3212 880 3266 ἐν
922 3209 1092 3282 ψυχῇ
1128 3299 1131 3300 ν
1143 3227 1262 3280 μου
1307 3209 1552 3300 δυνάμει
1599 3226 1735 3300 σου.
1765 3242 1808 3300 C

168 3306 522 3374 Πολυωρίαν
559 3305 656 3374 τὴν
688 3299 1145 3374 πολυχρονιότητά
1175 3315 1357 3369 φησιν.
1405 3298 1463 3350 '0
1494 3297 1550 3351 δὲ
1591 3297 1733 3359 νοῦς·

171 3399 408 3468 Δυνάμει
463 3397 529 3468 τῇ
595 3397 661 3466 σῇ
722 3394 1102 3466 μεταποιήσεις
1156 3406 1222 3460 με
1278 3391 1342 3443 ὲκ
1400 3388 1605 3461 φθορᾶς
1660 3389 1738 3450 είς

169 3487 505 3562 ἀφθαρσίαν.

239 3584 352 3638 Καὶ
389 3578 716 3648 ᾲσάτωσαν
752 3577 822 3631 ἐν
858 3575 987 3642 ταῖς
1021 3573 1202 3644 ᾠδαῖς
1227 3575 1478 3643 Κυρίου,
1514 3573 1604 3626 ὅτι
1633 3589 1740 3642 με·

173 3672 326 3746 πιάλη
355 3673 394 3740 ὴ
424 3670 574 3735 δόξα
618 3670 860 3739 Κυρίου.
902 3669 1057 3742 osa;
1095 3667 1301 3739 Κυρίου
1339 3663 1737 3736 ἀναγέγραφεν,

168 3766 234 3829 ἃς
259 3764 407 3837 ᾅδειν
435 3763 562 3828 τοὺς
582 3763 644 3828 ἐξ
664 3761 831 3816 ἐθνῶν
856 3763 1062 3824 πάντας
1095 3757 1503 3828 ἐπαγγέλλεται.

244 3951 368 4004 Ὀτι
391 3947 628 4018 ὑψηλὸς
670 3947 886 4013 Κύριος
919 3945 1016 3998 καὶ
1041 3944 1114 3998 τὰ
1136 3943 1386 3998 ταπεινὰ
1410 3937 1616 4011 ἐφορᾷ.
1648 3939 1739 4012 Μὴ

173 4039 483 4109 θαυμάσῃς,
511 4038 694 4108 φησὶν,
725 4039 774 4090 εί
803 4035 975 4089 ταῦτα
1011 4036 1295 4107 γενήσεται
1329 4035 1388 4086 ὲν
1413 4029 1738 4102 ἀνθρὼποις’

170 4136 233 4192 οὐ
262 4135 374 4206 γὰρ
397 4132 830 4204 ἀπηλλοτρίωται
857 4131 958 4201 τῆς
985 4131 1079 4184 τοῦ
1114 4128 1246 4184 Θεοῦ
1274 4127 1526 4200 προνοίας
1555 4125 1625 4178 τὰ
1647 4125 1740 4179 ἀν-

172 4222 440 4294 θρώπινα.
481 4222 588 4277 Καὶ
624 4223 697 4274 τὰ
726 4219 935 4288 ὑψηλὰ
967 4219 1091 4299 ἁπὸκ
1106 4217 1406 4286 μακρόθεν
1449 4212 1741 4286 γινώσκει.

172 4313 456 4387 Ηροώρισε
484 4313 593 4384 γὰρ
617 4311 725 4367 ἀπὸ
750 4309 1051 4379 καταϐολῆς
1085 4308 1288 4378 κόσμου
1319 4305 1457 4360 κατὰ
1483 4304 1574 4356 τὸν
1605 4303 1744 4356 θεῖον

185 4403 510 4459 ’Δπόστολον
550 4403 650 4473 τὴν
681 4401 872 4472 κλῆσιν
901 4398 1007 4454 τῶν
1053 4397 1243 4459 ἐθνῶν,
1277 4397 1369 4450 καὶ
1416 4394 1513 4465 τὴν
1561 4393 1641 4455 εἰς
1674 4389 1745 4444 τὰ

173 4496 358 4567 ὑψηλὰ
384 4493 694 4563 ἀναγωγήν.

1908 2026 1965 2080 2.
2000 2023 2066 2079 In
2109 2036 2384 2096 conspectu
2430 2029 2728 2098 angelorum
2756 2029 2989 2098 psallam
3013 2029 3132 2094 tibi,
3169 2028 3406 2084 adorabo

1840 2119 1908 2171 ad
1943 2117 2189 2187 templum
2222 2130 2462 2172 sanctum
2510 2131 2675 2174 tuum.
2710 2120 2874 2187 Quasi
2921 2121 3125 2175 scilicet
3169 2135 3404 2189 praesen-

1839 2212 1988 2266 tibus
2035 2212 2261 2278 angelis,
2305 2221 2360 2266 et
2396 2213 2517 2282 ejus
2555 2213 2835 2268 victoriam
2879 2228 2974 2283 per
3004 2212 3099 2268 Dei
3140 2214 3402 2268 auxilium

1840 2309 2050 2372 partam
2097 2317 2310 2369 semper
2350 2305 2716 2358 cernentibus.
2770 2301 2837 2356 Et
2885 2303 3164 2373 conﬁtebor
3204 2305 3404 2358 nomini

1843 2402 1932 2446 tuo
1981 2407 2135 2460 super
2173 2391 2538 2445 misericordia
2573 2403 2665 2445 tua
2705 2401 2755 2446 et
2788 2396 3004 2447 veritate
3046 2404 3161 2448 tua.
3189 2391 3404 2450 Gratias

1840 2499 2018 2554 agam,
2044 2483 2237 2553 inquit,
2270 2483 2412 2552 quod
2439 2482 2507 2536 ab
2530 2482 2719 2539 umbra
2747 2482 3024 2548 liberatus,
3045 2494 3101 2538 et
3122 2485 3403 2539 veritatem

1838 2585 2168 2631 consecutus
2212 2575 2336 2630 sim.
2373 2573 2634 2639 Quoniam
2681 2573 3032 2644 magniﬁcasti
3069 2590 3225 2644 super
3253 2590 3403 2628 omne

1840 2681 2026 2720 nomen
2055 2673 2292 2719 sanctum
2322 2674 2489 2718 tuum.
2527 2663 2602 2718 De
2633 2665 2870 2736 gentium
2896 2665 3180 2718 vocatione
3202 2664 3406 2734 gratias

1840 2773 1897 2813 se
1932 2755 2133 2811 referre
2159 2753 2310 2810 dicit.
2339 2753 2525 2825 Neque
2560 2763 2767 2810 tantum
2803 2755 2870 2809 de
2903 2755 3113 2810 collatis
3147 2755 3281 2811 mihi
3311 2755 3404 2810 he-

1841 2847 2048 2903 neilciis
2079 2847 2281 2918 gratias
2311 2862 2411 2916 ago
2433 2887 2448 2912 ,
2478 2846 2570 2902 sed
2601 2846 2742 2915 quod
2779 2845 2853 2899 tui
2889 2845 3112 2915 gloriam
3144 2845 3198 2899 in
3227 2845 3405 2900 omni-

1841 2937 1943 2994 bus
1991 2938 2352 3008 contemplor,
2405 2935 2667 2992 creatoris
2725 2935 2962 2996 scilicet,
3019 2931 3400 2996 benefactoris.

1841 3028 2053 3082 ultoris.
2087 3025 2233 3080 Nihil
2261 3028 2461 3096 quippe
2488 3036 2568 3080 est
2599 3025 2650 3079 in
2682 3040 2860 3079 rerum
2892 3033 3085 3086 natura
3111 3024 3257 3095 quod
3290 3039 3405 3079 ma-

1840 3116 2172 3185 gnitudinem
2203 3124 2348 3169 tuam
2381 3129 2486 3168 non
2523 3115 2791 3185 ptmdicet.

1912 3212 1966 3266 5.
1995 3211 2314 3264 Diuturnam
2351 3226 2534 3264 curant
2576 3207 2784 3262 habebis
2827 3207 3021 3262 anima:
3059 3223 3186 3263 mere
3213 3209 3405 3263 virtute

1841 3310 1950 3356 tua.
1980 3301 2290 3374 Πολυωρίαν
2329 3302 2458 3356 dicit
2488 3299 2920 3367 diuturnitatem.
2956 3297 3082 3354 nec
3111 3307 3194 3355 est
3223 3309 3402 3354 autem

1838 3395 2107 3450 sententia
2141 3410 2155 3446 :
2186 3393 2396 3448 Virtute
2446 3403 2534 3447 tua
2581 3392 2972 3446 transmutabis
3017 3407 3105 3446 me
3146 3405 3176 3445 a
3214 3407 3406 3447 corru-

1838 3483 2020 3554 ptione
2051 3482 2104 3536 in
2140 3482 2622 3551 incorruptionem.

1909 3573 1960 3628 5.
1991 3571 2061 3626 Et
2089 3580 2301 3626 cantent
2341 3573 2396 3626 in
2422 3573 2644 3626 canticis
2674 3571 2904 3634 Domini,
2937 3571 3190 3640 quoniam
3213 3587 3404 3642 magna

1839 3672 1918 3718 est
1965 3663 2136 3734 gloria
2182 3663 2412 3720 Domini.
2441 3665 2658 3719 Cantica
2706 3663 2916 3719 Domini
2947 3664 3254 3732 descripsit,
3283 3679 3405 3734 qua

1839 3757 1908 3811 ab
1936 3757 2190 3812 omnibus
2213 3757 2540 3828 exigentium
2569 3755 2765 3828 p0pulo
2790 3754 3134 3811 credentibus
3164 3757 3403 3812 canenda

1840 3848 2104 3919 praedicit.

1913 3937 1968 3991 6.
2000 3935 2260 4004 Quoniam
2285 3937 2521 3991 excelsus
2553 3936 2809 3992 Dominus
2832 3946 2882 3992 et
2915 3936 3137 3991 humilia
3172 3935 3404 4005 respicit.

1842 4027 1918 4082 Ne
1963 4029 2178 4092 mirere,
2231 4028 2434 4098 inquit,
2485 4029 2533 4083 si
2589 4029 2702 4084 hac
2751 4029 2892 4098 apud
2939 4027 3184 4082 homines
3223 4024 3404 4081 futura

1842 4120 1971 4181 sint,
2005 4121 2240 4174 humana
2279 4120 2478 4190 quippe
2519 4135 2626 4173 non
2668 4135 2696 4175 a
2739 4117 2828 4172 Dei
2861 4117 3196 4188 providentia
3228 4116 3401 4171 aliena

1843 4218 1990 4264 sunt.
2023 4209 2091 4264 Et
2139 4209 2251 4264 alta
2286 4227 2318 4263 a
2350 4211 2497 4279 longe
2537 4209 2819 4278 cognoscit.
2869 4207 3227 4261 Pratdellnivit
3257 4207 3402 4260 enim

1845 4318 1877 4358 a
1921 4305 2306 4360 constitutione
2357 4303 2545 4357 mundi
2587 4303 2922 4358 vocationem
2959 4301 3220 4373 gentium,
3249 4300 3404 4370 juxta

1843 4397 2084 4454 divinum
2114 4395 2454 4468 Apostolum,
2484 4397 3018 4466 assumptionemque
3043 4394 3111 4450 ad
3133 4395 3364 4450 excelsa.

257 4587 394 4641 ἐὰν
439 4581 706 4654 πορευθῶ
745 4583 815 4636 ἐν
853 4580 1020 4651 μέσῳ
1067 4580 1358 4648 θλίψεως,
1407 4575 1604 4642 ζήσεις
1643 4590 1738 4642 με.

1918 4579 1970 4634 7.
2007 4577 2065 4634 Si
2093 4575 2428 4633 ambulauero
2456 4578 2512 4631 in
2535 4576 2702 4630 medio
2733 4575 3087 4630 tribulationis
3114 4575 3404 4645 eiui/icabis

174 4681 403 4752 Ὅμοιον
442 4677 536 4730 τό·
587 4677 806 4744 Cll-itur
852 4672 1018 4737 ἕξετε
1058 4672 1131 4726 ἐν
1178 4667 1258 4735 τῷ
1303 4671 1534 4737 κόσμῳσ
1581 4665 1741 4720 ἀλλὰ

173 4769 468 4841 θαρσεῖτε,
495 4767 612 4839 ἐγὼ
641 4767 929 4832 νενίκηκα
965 4765 1073 4819 τὸν
1109 4762 1356 4831 κόσμον.
1393 4760 1516 4814 Ἐπ’
1556 4755 1742 4826 ὀργὴν

171 4862 407 4933 ἐχθρῶν
437 4879 556 4930 μου
593 4858 890 4925 ἐξέτεινας
919 4857 1026 4924 τὰς
1050 4853 1250 4926 χεῖράς
1284 4869 1420 4907 σου.
1459 4850 1741 4919 Ἐπενήνε-

175 4969 304 5006 κται
334 4950 446 5022 γὰρ
477 4951 594 5003 κατ’
623 4947 802 5004 αὐτῶν
829 4949 863 5020 ἡ
889 4947 1034 5012 δεξιὰ
1063 4944 1156 4998 τοῦ
1194 4941 1424 5011 Πατρὺς,
1467 4939 1740 4994 τουτέστιν

174 5047 205 5096 ὸ
233 5042 384 5106 Υἱὸς,
416 5042 537 5111 ἥτις
570 5041 665 5094 καὶ
685 5042 885 5094 ἔσωσεν
913 5041 1077 5110 ἡμᾶς.

247 5135 464 5203 Κύριος
517 5131 922 5188 ἀνταποδώσω
969 5130 1122 5198 ὑπὲρ
1174 5127 1339 5198 ἐμοῦ.
1385 5127 1587 5198 Κρίνας
1633 5123 1742 5195 γὰρ

175 5225 276 5298 τὴν
325 5225 448 5280 καθ’
483 5223 644 5296 ἡμῶν
685 5223 930 5288 ἀδικίαν,
975 5221 1193 5287 ἐξέϐαλε
1237 5220 1328 5272 τὸν
1376 5219 1610 5289 ἄρχοντα
1647 5217 1740 5270 τοῦ

178 5315 407 5384 κόσμου.

179 5409 286 5474 Eli;
311 5403 486 5471 τέλος
530 5402 611 5470 τῷ
652 5402 831 5456 Δαυῒδ
865 5406 1168 5458 ΨΑΛΜΟΣ
1209 5402 1306 5455 διὰ
1347 5401 1638 5470 Ζαχαρίου
1675 5398 1743 5451 ἐν

647 5493 723 5563 τῇ
752 5492 1063 5562 διασπορᾷ.
1096 5497 1281 5548 ΡΑιιν.

810 5587 1074 5642 Ὑπόθεσι
1081 5609 1131 5654 ς.

191 5679 546 5753 Ἅναςρέρεται
601 5678 699 5750 μὲν
752 5682 781 5733 ὁ
827 5678 1037 5749 ψαλμὸς
1082 5681 1162 5741 τίς
1211 5678 1272 5730 τὸ
1315 5675 1410 5729 τοῦ
1475 5672 1743 5743 Ζαχαρίου

254 5771 566 5842 πρόσωπον,
605 5768 685 5821 ἔτι
726 5769 891 5823 ὄντων
920 5771 976 5822 ὲν
1001 5771 1066 5839 τῇ
1102 5766 1440 5838 αἰχμαλωσίᾳ
1469 5764 1574 5817 τῶν
1611 5763 1742 5818 υἱῶν

221 5887 268 5921 ⁸³
290 5885 480 5942 Matth.
511 5902 644 5953 nu,
674 5883 738 5940 37
839 5886 880 5918 ’³
907 5884 1063 5940 Joan.
1095 5901 1204 5950 xvr,
1233 5883 1318 5938 53.

1845 4683 1944 4725 me.
1967 4668 2156 4724 Simile
2173 4676 2257 4722 est
2284 4667 2450 4724 illud:
2473 4666 2882 4721 Tribulationem
2905 4665 3156 4720 habebitis
3179 4666 3234 4718 in
3255 4681 3414 4718 mune-

1844 4761 1944 4824 do;
1975 4759 2063 4815 sed
2107 4758 2376 4828 conﬁdite,
2403 4776 2496 4830 ego
2541 4759 2641 4812 vici
2675 4759 2927 4813 mundum
2971 4758 3040 4812 “.
3073 4756 3240 4826 Super
3267 4756 3406 4809 iram

1847 4855 2179 4910 inimicorum
2207 4869 2438 4907 meorum
2462 4853 2743 4906 extendisti
2772 4867 2956 4905 manus
2983 4862 3126 4904 tuas.
3161 4848 3404 4904 Immissa

1846 4949 2045 5018 quippe
2073 4955 2156 5001 est
2181 4946 2443 5002 adversus
2479 4946 2601 5000 illos
2627 4945 2843 5000 dextera
2878 4943 3074 5009 Patris,
3114 4942 3167 4998 id
3199 4951 3283 4997 est
3315 4941 3406 4995 Fi-

1848 5040 1974 5103 lius,
2005 5054 2125 5107 quae
2157 5053 2256 5092 nos
2290 5038 2467 5091 salvos
2499 5035 2642 5091 fecit.

1915 5132 1968 5186 8.
2008 5129 2262 5182 Dominus
2293 5129 2540 5182 retribuet
2569 5143 2661 5196 pro
2695 5141 2794 5178 me.
2827 5123 3118 5194 Postquam
3143 5123 3406 5192 judicavit

1848 5221 1989 5274 enim
2019 5220 2084 5274 de
2109 5218 2370 5288 injustitia
2393 5232 2500 5286 qua
2523 5215 2633 5271 laesi
2661 5230 2870 5280 sumus,
2894 5212 3193 5284 principem
3215 5212 3403 5266 mundi

1847 5311 2022 5382 ejecit.

1919 5403 1984 5458 In
2024 5405 2179 5472 ﬁnem
2212 5400 2548 5456 PSALMUS
2580 5399 2769 5453 Davidi
2806 5415 2896 5467 per
2932 5397 3245 5451 Zachariam
3277 5396 3334 5449 in

2255 5490 2588 5558 dispersione.
2618 5485 2815 5541 CXXX
2831 5484 2993 5540 VIII.

2427 5579 2819 5648 Argumentum.

1847 5677 2097 5734 Refertur
2130 5672 2373 5744 psalmus
2403 5669 2470 5725 ad
2501 5684 2783 5738 personant
2825 5666 3116 5730 Zacharite,
3147 5665 3274 5720 dum
3307 5662 3402 5717 lllii

1919 5767 2080 5822 lsrael
2128 5766 2305 5820 adhuc
2355 5773 2537 5820 essent
2587 5763 2639 5816 iu
2693 5761 3001 5832 captivitate
3040 5770 3091 5815 et
3138 5757 3409 5829 Propheta
