4126 6486
725 444 822 500 531

799 578 1014 631 quoque
1059 579 1178 617 cum
1236 564 1360 619 illis.
1397 564 1658 621 Describit
1697 579 1877 622 autem
1915 569 2176 622 rationem
2203 569 2283 621 di-
2311 574 2356 628 Α

1561 451 1619 506 S.
1662 451 2032 508 ATHANASII
2066 451 2213 507 OPP.
2257 451 2438 506 PARS
2481 450 2565 505 ΙΙΙ.
2608 481 2674 490 -—
2709 452 3116 508 EXEGETICA.

801 653 934 707 vium
972 670 1099 724 erga
1144 672 1242 710 nos
1276 659 1653 726 providentue,
1694 669 1748 713 et
1780 660 1922 728 quod
1969 675 2073 713 non
2111 661 2280 713 solum

793 747 858 798 ad
891 746 1137 801 universa
1177 749 1515 813 extendatur,
1549 751 1639 803 sed
1671 751 1832 804 rebus
1861 750 2021 804 etiam
2058 751 2283 820 singulis

801 838 1121 905 prospiciat;
1163 839 1233 893 ita
1279 851 1334 894 ut
1371 855 1544 910 neque
1575 852 1754 895 motus
1797 842 1965 895 nostri
1993 857 2164 910 neque
2194 861 2281 895 cn-

796 927 1080 993 gitationcs
1109 929 1175 982 ab
1200 929 1315 998 ejus
1343 932 1672 998 providentia
1711 931 2065 1000 negligantur.
2101 934 2282 986 Admi-

795 1025 947 1070 ratur
978 1021 1295 1074 ωιεοηοιιιὶω
1323 1021 1762 1089 profunditatem,
1793 1025 2126 1079 vocationem
2155 1041 2281 1094 gen-

796 1111 929 1163 tium
957 1121 1138 1180 aperte.
1163 1113 1452 1179 significat,
1483 1124 1538 1167 et
1563 1117 1971 1183 repugnantiam
2004 1114 2279 1169 lsraelitici

795 1203 972 1270 populi
1006 1203 1263 1258 adversus
1326 1205 1624 1260 Christum.
1672 1205 1895 1275 Propter
1945 1207 2056 1260 haec
2100 1207 2279 1259 onmia

797 1296 849 1346 in
878 1296 1037 1348 linem
1069 1293 1254 1350 Davidi
1291 1299 1583 1368 inscriptus
1607 1309 1710 1354 est.
1746 1299 2066 1368 Plerumque
2100 1307 2278 1352 autem

797 1383 1055 1444 diximus,
1090 1386 1328 1454 psalmos
1376 1387 1450 1440 ita
1510 1388 1795 1458 inscriptos
1837 1392 1902 1444 ad
1945 1400 2153 1456 tempus
2187 1389 2279 1441 ad-

795 1485 985 1530 ventus
1014 1475 1220 1531 Domini
1251 1487 1510 1547 spectare.

799 1756 845 1808 1.
882 1755 1118 1818 Domine,
1159 1757 1392 1825 probasti
1427 1772 1504 1809 me
1549 1766 1597 1809 et
1631 1758 1918 1826 cognovisti
1949 1774 2044 1810 me.
2087 1755 2270 1823 Utpotf

722 1846 816 1913 qui
849 1845 1100 1913 Confidat,
1137 1862 1193 1900 se
1235 1848 1442 1900 lirmam
1483 1847 1534 1898 in
1561 1847 1832 1900 Christum
1869 1848 2022 1900 fidem
2061 1847 2274 1906 habere,

725 1938 965 2006 nihilque
992 1939 1092 1992 silti
1122 1954 1407 1992 commune
1434 1954 1552 1993 esse
1583 1955 1702 1992 eum
1733 1939 2016 2008 iniquitate
2050 1937 2274 2007 improbi

725 2029 928 2096 populi,
961 2044 1084 2083 eum
1139 2030 1312 2100 ipsum
1356 2031 1448 2100 qui
1491 2031 1653 2084 corda
1708 2030 1955 2085 formavit
1994 2038 2182 2084 evocat
2225 2030 2275 2082 in

725 2129 934 2172 testem.

789 2209 842 2263 3.
873 2209 1188 2263 Intellexisti
1214 2213 1552 2280 Cogitationes
1581 2229 1719 2264 meas
1749 2211 1811 2263 de
1841 2212 2008 2280 longe,
2039 2213 2274 2263 semitam

725 2315 890 2354 meam
919 2312 966 2354 et
992 2305 1286 2370 funiculum
1312 2321 1480 2357 meum
1507 2307 1846 2375 investigasti.
1880 2305 2102 2358 Etiamsi
2141 2304 2277 2358 Di-us

721 2395 1108 2462 cogitationum
1146 2406 1348 2450 motuin
1379 2399 1582 2463 videat,
1613 2397 1784 2452 multo
1815 2396 1984 2465 magis
2010 2397 2130 2448 vita:
2159 2411 2278 2448 cur-

720 2499 840 2537 sum
872 2487 1167 2552 cognoscit.
1203 2487 1453 2540 Sentitam
1495 2503 1660 2539 meam
1704 2497 1752 2539 et
1786 2485 2079 2553 funiculum
2110 2501 2276 2538 meum

721 2575 1067 2644 investigasti.
1101 2578 1414 2647 Σχοινισμός
1455 2588 1536 2632 est
1585 2593 1836 2632 mensura
1880 2579 2122 2647 quaedam
2157 2578 2271 2633 via.

720 2663 860 2718 Dicit
889 2675 1067 2719 autem
1100 2682 1220 2720 eum
1251 2683 1463 2722 onmem
1495 2669 1836 2739 cogitationis
1873 2680 2076 2723 motum
2108 2670 2272 2734 scire,

723 2771 812 2824 per
842 2757 955 2811 vias
976 2759 1118 2812 enim
1156 2771 1332 2815 motus
1373 2763 1654 2831 significat.

785 3018 839 3074 ὃ.
872 3017 1138 3084 Quoniam
1174 3036 1274 3072 non
1303 3029 1381 3072 est
1407 3019 1558 3072 dolus
1589 3021 1643 3073 in
1682 3021 1862 3090 lingua
1907 3039 2039 3076 mea.
2077 3022 2141 3076 Et
2175 3025 2274 3077 hoc

717 3120 802 3164 est
842 3126 1004 3180 quam
1053 3112 1348 3166 maximum
1381 3113 1592 3167 Davidis
1627 3115 1899 3177 meritum,
1926 3115 2070 3183 quod
2106 3116 2274 3168 nemi.

3851 449 3955 507 532

2470 566 2717 637 Ἰσραὴλ,
2766 568 2858 620 καὶ
2903 568 3006 638 μὴν
3039 569 3131 622 καὶ
3178 568 3338 621 αὑτοῦ
3383 567 3477 621 τοῦ
3523 567 3812 638 Προφήτου
3861 568 3955 620 σὺν

2454 659 2653 719 αὐτοῖς.
2686 658 2888 728 Γράφει
2916 658 2973 711 δὲ
2994 661 3091 729 τῆς
3117 660 3242 729 περὶ
3271 656 3404 712 Θεοῦ
3438 660 3518 721 είς
3546 659 3693 728 ἡμᾶς
3723 656 3955 726 κηδεμο-

2455 755 2572 815 νίας
2603 751 2694 805 τὸν
2741 753 2957 823 τρόπον’
3007 753 3100 805 καὶ
3146 752 3221 814 ὡς
3263 751 3322 803 οὐ
3376 751 3534 820 μόνον
3578 747 3688 800 τῶν
3725 745 3954 799 καθόλου

2455 847 2683 895 ποιεῖται
2715 843 2989 913 πῴνοιαν,
3037 842 3173 896 ἀλλὰ
3199 843 3304 912 γὰρ
3331 842 3422 894 καὶ
3453 839 3561 892 τῶν
3592 837 3736 892 κατὰ
3769 837 3950 906 μέρος·

2455 937 2529 998 ὡς
2563 936 2696 1006 μηδέ
2725 937 2822 998 τὰς
2860 937 3118 1005 κινήσεις,
3151 934 3281 1005 μηδὲ
3314 933 3410 996 τὰς
3443 930 3767 1001 ἐνθυμήσεις
3799 929 3956 999 ἡμῶν

2453 1029 2548 1096 τῆς
2595 1028 2755 1080 αὑτοῦ
2802 1027 3080 1081 λείπεσθαι
3119 1026 3388 1100 προνοίας.
3440 1019 3843 1092 Ἀποθαυμάςει
3891 1037 3954 1086 γε

2453 1117 2555 1185 μὴν
2579 1117 2671 1168 καὶ
2695 1118 2791 1187 τῆς
2818 1117 3121 1187 οἰκονομίας
3149 1117 3208 1169 τὸ
3236 1115 3417 1185 βάθος,
3447 1116 3547 1184 τήν
3567 1130 3626 1166 τε
3651 1112 3758 1164 τῶν
3786 1110 3954 1163 ἐθνῶν

2456 1207 2642 1276 κλῆσιν
2676 1208 3070 1277 κατασημαίνει
3100 1207 3303 1276 σαφῶς.
3335 1208 3429 1259 καὶ
3452 1205 3549 1275 τὴν
3579 1203 3954 1272 γεγενημένην

2452 1301 2755 1368 ἀντιλογίαν
2784 1300 2860 1370 τῷ
2889 1300 3098 1370 Σωτῆρι
3122 1297 3338 1368 Χριστῷ
3360 1294 3509 1368 παρὰ
3531 1294 3624 1348 τοῦ
3652 1294 3712 1358 ἐξ
3738 1291 3955 1363 Ἰσραὴλ

2451 1392 2597 1447 λαοῦ.
2644 1393 2742 1444 Διὰ
2790 1393 2852 1463 δὴ
2886 1391 3058 1445 ταῦτα
3101 1391 3276 1443 πάντα
3321 1390 3414 1442 καὶ
3444 1389 3523 1450 είς
3549 1387 3610 1439 τὸ
3646 1385 3799 1447 τέλος
3834 1386 3956 1436 ἐπι-

2452 1488 2756 1556 γέγραπται
2795 1483 2870 1553 τῷ
2904 1482 3080 1535 Δαυῖδ·
3119 1482 3357 1550 Εἴπομεν
3389 1479 3445 1532 δὲ
3479 1477 3758 1541 mlum"
3795 1477 3871 1538 ὡς
3903 1476 3955 1526 οἱ

2454 1576 2593 1628 οὕτω
2616 1573 2722 1627 τῶν
2753 1572 2980 1643 ψαλμῶν
3020 1571 3445 1642 ὲπιγραιρὸμενοι
3472 1571 3552 1631 είς
3575 1569 3664 1621 τὸν
3702 1569 3801 1637 τῆς
3833 1569 3954 1621 ἐπι-

2448 1668 2509 1738 δη
2519 1668 2646 1737 μίας
2673 1667 3081 1738 ὰναπέμπονται
3117 1663 3324 1733 καιρόν.

2446 1760 2639 1826 Κύριε,
2671 1755 3033 1825 ἐδοκίμασας
3052 1772 3126 1823 με
3157 1755 3250 1806 καὶ
3275 1755 3460 1820 ἔγνως
3482 1769 3575 1818 με.
3612 1749 3703 1812 Ὠς
3731 1748 3955 1818 θαρρῶν

2381 1845 2597 1914 βεϐαίαν
2641 1844 2784 1913 ἔχειν
2826 1846 2922 1914 τὴν
2963 1844 3140 1895 πίστιν
3183 1842 3281 1912 τὴν
3325 1844 3404 1904 είς
3445 1840 3708 1911 Χριστὸν,
3745 1839 3838 1890 καὶ
3875 1838 3960 1898 ὡς

2378 1937 2596 2006 οὐδεμία
2647 1936 2790 2006 αὐτῷ
2830 1937 3078 1989 κοινωνία
3115 1935 3300 2002 γέγονε
3349 1937 3413 2003 τῇ
3452 1932 3544 1985 τοῦ
3579 1931 3785 2001 φαύλου
3818 1930 3953 1983 λαοῦ

2380 2029 2710 2099 παρανομίᾳ,
2746 2028 2923 2080 αὐτῶν
2949 2027 3056 2079 τῶν
3091 2024 3322 2096 καρδιῶν
3354 2025 3442 2078 τὸν
3470 2023 3715 2092 πλάστην
3749 2024 3952 2074 ἐπικαο

2378 2123 2430 2174 λε
2439 2126 2545 2174 ἰται
2581 2123 2849 2191 μάρτυρα.

2449 2211 2529 2264 Σὺ
2558 2209 2828 2275 συνῆκας
2878 2209 3015 2274 τοὺς
3061 2209 3484 2277 διιαιογισμοιτς
3524 2224 3643 2276 μου
3677 2205 3799 2259 ἀπὸ
3833 2221 3953 2274 μα-

2379 2304 2612 2368 κρόθεν,
2657 2302 2768 2368 τὴν
2797 2303 2997 2368 τρίϐον
3032 2318 3148 2368 μου
3181 2299 3274 2352 καὶ
3309 2301 3412 2352 τὸν
3445 2298 3696 2366 σχοῖνόν
3713 2316 3835 2366 μου
3868 2298 3954 2350 σὺ

2377 2393 2744 2462 ἐξιχνίασας.
2781 2394 2840 2445 Εἰ
2879 2393 2972 2445 καὶ
3001 2391 3105 2444 τῶν
3130 2390 3503 2460 διανοημάτων
3531 2385 3637 2441 οἶδε
3661 2389 3758 2458 τὴν
3795 2389 3951 2458 κίνη-

2380 2500 2460 2534 σιν
2500 2485 2527 2534 ὁ
2559 2482 2706 2546 Θεὸς,
2749 2481 2924 2551 πολλῷ
2965 2483 3122 2535 πλέον
3164 2481 3264 2549 τῆς
3297 2481 3434 2534 κατά
3458 2480 3548 2532 τὸν
3575 2478 3689 2548 βίον
3723 2479 3952 2548 πορείας

2377 2570 2485 2639 ἔχει
2515 2569 2610 2640 τὴν
2637 2571 2853 2638 γνῶσιν.
2897 2571 3013 2636 Τὴν
3046 2570 3242 2638 τρίϐον
3275 2587 3392 2637 μου
3427 2568 3524 2621 καὶ
3549 2568 3663 2634 τὴν
3695 2566 3955 2634 σχοῖνόν

2371 2679 2488 2727 μου
2529 2660 2609 2712 σὺ
2639 2660 3012 2725 ἐξιχνίασας.
3045 2662 3090 2711 Σ
3093 2656 3401 2726 χοινισμὸς
3447 2658 3543 2726 μὲν
3570 2658 3769 2726 μέτρον
3804 2658 3954 2710 ἐστὶν

2377 2751 2674 2821 ὡρισμένον
2713 2749 2852 2806 ὁδοῦ.
2898 2751 3053 2817 Λέγει
3100 2749 3184 2811 δὲ,
3229 2750 3302 2811 ὡς
3346 2749 3523 2800 πᾶσαν
3554 2748 3770 2816 κίνησιν
3809 2748 3947 2814 λογιο

2378 2841 2513 2912 auo-3
2543 2843 2863 2896 ἐπίστασαι·
2896 2843 2992 2905 τὰς
3023 2843 3128 2912 γὰρ
3162 2843 3400 2912 κινήσεις
3431 2839 3519 2892 διὰ
3546 2839 3652 2892 τῶν
3681 2839 3821 2891 ὁδῶν
3859 2855 3955 2910 ση-

2379 2934 2572 3001 μαίνει.

2451 3025 2571 3076 Ὄτι
2603 3027 2714 3076 οὐκ
2742 3025 2873 3076 ἐστι
2902 3023 3079 3086 δόλος
3102 3023 3172 3073 ἐν
3197 3023 3446 3090 γλώσσῃ
3469 3040 3609 3088 μου.
3643 3023 3753 3074 Καὶ
3788 3022 3951 3075 τοῦτο

2379 3116 2630 3185 μέγιστον
2657 3114 2763 3168 τῶν
2789 3113 3222 3185 κατορθωμάτων
3253 3114 3330 3183 τῷ
3362 3113 3552 3176 Aonio,
3587 3115 3660 3183 μὴ
3691 3114 3951 3182 ἀδικῆσαι

721 3218 841 3257 nem
877 3203 1072 3258 laeserit
1101 3205 1300 3274 lingua,
1345 3205 1426 3258 vel
1460 3206 1760 3269 mendacio,
1787 3207 1866 3258 vel
1896 3205 2154 3275 periurio,
2191 3207 2273 3261 vel
2301 3246 2308 3286 4

2376 3209 2470 3278 τὴν
2501 3207 2748 3275 γλῶσσαν
2776 3208 2909 3278 μήτε
2934 3208 2990 3258 ἐν
3020 3205 3224 3275 ψεύδει,
3258 3207 3390 3276 μήτε
3425 3206 3481 3258 ἐν
3507 3206 3784 3275 ἐπιορκία,
3813 3206 3947 3276 μήτε

721 3293 912 3348 fraude
938 3295 1149 3360 dolove,
1181 3295 1396 3364 aliaque
1427 3296 1589 3348 simili
1618 3296 1851 3351 ratione.

787 3387 840 3441 5.
884 3384 1036 3449 Ecce,
1089 3385 1330 3447 Domine,
1380 3396 1436 3437 tu
1469 3386 1751 3454 cognovisti
1789 3387 1966 3439 omnia
1997 3390 2274 3443 novissima

718 3487 766 3528 et
797 3478 1038 3543 antiqua.
1072 3475 1240 3530 Media
1283 3485 1439 3537 tacet.
1467 3478 1591 3546 quia
1628 3478 1679 3530 in
1711 3479 1889 3532 medio
1933 3481 2032 3534 sita
2072 3483 2273 3536 malitia

719 3575 826 3620 est.
852 3564 968 3620 Non
995 3566 1062 3621 ab
1091 3567 1245 3620 initio
1265 3568 1406 3622 enim
1435 3567 1555 3634 fuit,
1584 3585 1680 3624 nec
1705 3569 1758 3622 in
1783 3570 1887 3625 fine
1916 3573 2035 3627 erit.
2070 3573 2144 3626 Tu
2175 3575 2275 3642 [or-

721 3659 880 3712 masti
922 3675 1001 3712 me
1030 3669 1078 3712 et
1101 3660 1322 3728 posuisti
1349 3676 1502 3728 super
1526 3677 1604 3713 me
1634 3677 1844 3714 manum
1877 3672 2041 3716 tuam.
2073 3663 2275 3720 Etiam-

720 3752 788 3815 si,
842 3752 1032 3820 inquit,
1076 3767 1162 3806 me
1208 3751 1559 3812 formaveris,
1596 3751 1883 3807 formatum
1917 3771 2002 3808 me
2044 3768 2191 3812 tenes
2223 3768 2276 3813 et

720 3862 938 3909 servas;
975 3862 1100 3898 nam
1138 3845 1410 3914 iinpositio
1455 3861 1644 3900 manus
1701 3845 1790 3901 Dei
1831 3849 2084 3904 collatum
2122 3854 2275 3908 nohis

724 3932 957 4002 Spiritus
987 3935 1186 3986 donum
1231 3934 1516 4003 signiticat.
1545 3936 2008 3999 Quemadmodum
2047 3945 2272 4010 apostoli

726 4037 818 4089 per
844 4037 1100 4075 manuum
1133 4022 1528 4091 itupositionem
1572 4022 1832 4094 Spiritum
1866 4041 2110 4084 sanctum
2137 4046 2273 4100 pne—

722 4114 938 4168 hebant.

792 4206 845 4259 6.
880 4205 1145 4259 Mirabilis
1176 4208 1315 4274 facta
1345 4220 1420 4262 est
1465 4211 1685 4264 scientia
1720 4221 1811 4263 tua
1848 4226 1911 4263 ea:
1943 4226 2041 4274 me,
2067 4213 2276 4279 confor-

723 4306 837 4349 tata
884 4307 958 4349 est
1001 4308 1049 4350 et
1088 4315 1189 4350 non
1223 4309 1399 4366 potero
1438 4302 1507 4354 ad
1537 4319 1672 4356 eam.
1709 4303 1987 4372 Ejusmodi
2015 4313 2100 4358 est
2131 4309 2274 4374 quod

722 4387 854 4440 dicit
887 4388 1090 4440 :multa
1138 4389 1239 4442 alia
1285 4404 1406 4443 esse
1442 4405 1471 4443 a
1498 4389 1608 4444 Deo
1635 4392 1686 4444 in
1719 4408 1777 4446 se
1812 4393 1948 4447 facta
1971 4433 1986 4454 ,
2017 4409 2135 4463 quae
2165 4396 2276 4464 ipse

722 4489 1046 4546 (:Ognoscere
1088 4494 1194 4531 non
1246 4479 1434 4548 possit.
1476 4478 1611 4533 Nam
1659 4494 2016 4551 exsuperant,
2065 4485 2272 4554 inquit,

2375 3301 2432 3351 ἐν
2461 3298 2642 3369 ἀπάτῃ
2667 3298 2756 3349 καὶ
2789 3298 2942 3365 δόλῳ,
2967 3297 3059 3349 καὶ
3087 3298 3232 3366 πάσῃ
3264 3295 3483 3367 τοιαύτῃ
3511 3295 3644 3366 ἄλλῃ

2457 3385 2599 3438 Ἰδοὺ
2621 3426 2634 3447 ,
2662 3387 2835 3452 Κύριε
2854 3423 2867 3446 ,
2897 3385 2977 3436 σὺ
3020 3386 3205 3452 ἔγνως
3245 3383 3438 3436 πάντα
3474 3385 3544 3437 τὰ
3585 3386 3819 3450 ἔσχατα
3850 3387 3948 3441 καὶ

2372 3477 2444 3528 τὰ
2484 3477 2715 3544 ἀρχαῖα.
2761 3476 2840 3528 Τὰ
2877 3475 3015 3546 μέσα
3064 3474 3575 3546 παρασεσιὼπηται,
3628 3477 3717 3529 διὰ
3762 3479 3825 3530 τὸ
3853 3479 3951 3548 τὴν

2374 3568 2568 3620 κακίαν
2599 3563 2738 3619 εἶναι
2770 3569 2828 3620 ἐν
2854 3566 2931 3638 τῷ
2969 3567 3191 3637 μεταξύ.
3219 3569 3291 3620 Οὐ
3317 3569 3424 3638 γὰρ
3449 3563 3517 3638 ἦν
3547 3568 3604 3620 ἐν
3627 3570 3795 3639 ἀρχῇ,
3827 3569 3950 3622 οὐδὲ

2373 3659 2522 3712 ἔσται
2569 3658 2728 3712 πάλιν
2771 3659 2826 3710 ἐν
2853 3658 3014 3711 τέλει,
3049 3658 3130 3710 Σὺ
3158 3657 3430 3723 ἕπ.ἶασὰς
3456 3675 3562 3727 με,
3595 3658 3694 3711 καὶ
3723 3660 3948 3726 ἔθηκας

2373 3752 2466 3803 ἐπ’
2496 3751 2600 3819 ἐμὲ
2628 3750 2741 3817 τὴν
2778 3749 2944 3817 χεῖρά
2975 3765 3108 3802 σου.
3149 3750 3209 3801 Ei
3253 3751 3345 3802 καὶ
3375 3749 3612 3811 ἐπλασὰς
3659 3767 3727 3819 με
3749 3791 3762 3814 ,
3789 3753 3944 3820 φησι,

2375 3842 2472 3894 καὶ
2516 3841 2772 3909 γεγονότα
2797 3841 3122 3912 διακρατείς⁶
3162 3842 3193 3910 ἡ
3223 3842 3329 3911 γὰρ
3369 3840 3608 3903 ἐπίθεσις
3637 3843 3735 3911 τῆς
3764 3843 3947 3912 χειρὸς

2374 3933 2467 3986 τοῦ
2498 3933 2631 3986 Θεοῦ
2654 3936 2751 4004 τὴν
2779 3933 3170 4005 χορηγηθεὶσαν
3206 3936 3335 4004 ἡμῖν
3366 3933 3459 3986 τοῦ
3495 3933 3813 4003 Πνεύματος
3841 3936 3945 3989 δω-

2378 4026 2506 4094 ρεὰν
2536 4025 2806 4095 σημαίνει·
2837 4025 2913 4087 ὡς
2959 4027 3007 4076 οἱ
3041 4025 3325 4080 ἀπόστολοι
3366 4025 3453 4078 διὰ
3497 4026 3592 4095 τῆς
3643 4025 3946 4090 ἐπιθέσεως

2373 4115 2480 4167 τῶν
2506 4115 2699 4186 χειρῶν
2725 4119 2980 4186 παρεῖχον
3011 4117 3231 4186 Πνεῦμα
3257 4118 3426 4184 ἆγιον.

2459 4205 2908 4275 Ἑθαυμαστώθη
2947 4208 2985 4274 ἡ
3018 4207 3237 4276 γνῶσίς
3281 4222 3397 4260 σου
3430 4207 3498 4270 ἐξ
3540 4206 3686 4274 ἐμοῦ
3707 4248 3722 4271 ,
3770 4209 3946 4276 ἐκρα-

2376 4296 2606 4364 ταιώθη,
2631 4300 2703 4350 οὺ
2714 4297 2798 4365 μὴ
2824 4297 3080 4367 δύνωμαι
3106 4299 3252 4365 πρὸς
3270 4297 3477 4364 αὑτήν.
3513 4301 3578 4351 Ὀ
3601 4299 3749 4366 λέγει
3781 4301 3949 4353 τοιοῦο

2374 4387 2465 4439 τόν
2497 4388 2664 4440 ἐστιν·
2703 4389 2822 4440 Ὀτι
2855 4388 3014 4457 ἕτερα
3049 4388 3272 4440 πλεῖστά
3305 4391 3418 4440 ἐστι
3453 4389 3519 4441 τὰ
3549 4388 3656 4440 ἀπὸ
3687 4389 3784 4441 τοῦ
3809 4389 3945 4442 Θεοῦ

2377 4483 2456 4541 είς
2489 4480 2647 4533 αὐτὸν
2682 4480 3042 4549 γεγενημένα,
3076 4479 3170 4531 καὶ
3193 4481 3288 4549 οὺχ
3319 4476 3426 4541 οἷός
3453 4479 3512 4531 τὲ
3539 4479 3654 4530 ἐστι
3687 4479 3944 4547 διαγινὼο

725 4563 1032 4622 facultatem
1083 4584 1280 4634 meam,
1322 4581 1374 4625 et
1418 4587 1606 4626 eorum
1645 4574 1879 4644 cognitio
1931 4587 2110 4632 mente
2158 4594 2274 4632 mea

2383 4587 2550 4622 σκειν.
2589 4570 2941 4639 ’Υπερὸἀλλει
2995 4571 3101 4642 γὰρ
3152 4571 3248 4641 τὴν
3299 4571 3436 4641 ἐμὴν
3477 4569 3738 4640 δύναμιν,
3790 4572 3942 4641 φησὶ,

723 4657 882 4726 longe
928 4659 1172 4728 superior
1218 4671 1331 4726 est,
1362 4663 1434 4716 ita
1466 4671 1524 4718 ut
1557 4681 1645 4727 ea,
1687 4680 1788 4719 nec
1833 4669 2152 4736 investigare
2182 4684 2279 4724 nec

725 4749 872 4820 loqui
908 4751 1130 4819 possim.
1161 4751 1502 4824 Quacumque
1530 4757 1674 4812 enim
1704 4757 1815 4812 dixi
1857 4775 2016 4828 parva
2059 4760 2278 4828 exigua-

725 4858 832 4910 que
856 4851 1001 4896 sunt.
1041 4842 1244 4899 DiViltiB
1270 4846 1540 4914 siquidem
1571 4849 1789 4904 virtutis
1823 4851 2014 4904 notitia
2044 4850 2278 4920 parvita-

724 4945 833 4989 tem
866 4950 1038 4988 meam
1069 4935 1222 5004 fugit.

796 5108 848 5161 8.
881 5107 940 5161 Si
966 5108 1239 5162 ascendero
1270 5114 1321 5164 in
1346 5113 1550 5176 coelum,
1575 5127 1631 5166 tu
1659 5116 1768 5168 illic
1795 5131 1868 5168 es.
1896 5113 2080 5170 Simile
2104 5116 2232 5170 illud
2260 5134 2270 5166 :

725 5195 928 5251 Caelum
965 5202 1089 5253 mihi
1131 5202 1343 5254 thronus
1381 5214 1458 5256 est
1491 5205 1556 5257 ".
1596 5203 1654 5258 Si
1687 5207 1993 5260 descendero
2029 5209 2084 5259 in
2112 5207 2275 5275 infer-

726 5302 875 5351 num,
903 5288 1045 5341 ades.
1089 5287 1333 5346 Prmdicit
1357 5292 1595 5348 futurum
1628 5293 1839 5349 Domini
1871 5296 2188 5351 descensum
2223 5298 2276 5350 in

728 5376 1020 5432 infernum.

797 5469 848 5524 9.
878 5467 937 5522 Si
963 5488 1227 5540 sumpsero
1249 5491 1441 5534 pennas
1466 5493 1601 5529 meas
1631 5476 1882 5540 diluculo,
1909 5489 1956 5532 et
1983 5479 2279 5532 habitavere

726 5558 778 5608 in
829 5563 1072 5619 extremis
1117 5567 1297 5616 muris.
1341 5564 1395 5619 ld
1433 5576 1535 5632 est,
1576 5569 1620 5622 si
1669 5569 1927 5636 accipiam
1959 5571 2136 5623 avium
2169 5570 2281 5624 alas

725 5654 965 5707 nondum
991 5652 1259 5720 defessas;
1300 5658 1352 5712 id
1378 5660 1518 5713 enim
1551 5660 1816 5731 significat
1851 5662 1998 5727 illud,
2027 5664 2279 5728 diluculo,

797 5827 844 5862 ⁵⁸
869 5828 1052 5882 Matth.
1087 5848 1134 5883 ν.
1165 5833 1248 5887 34.

2379 4665 2471 4716 καὶ
2516 4661 2770 4714 ἐπέκεινά
2813 4664 2926 4714 ἐστι
2969 4664 3067 4731 τῆς
3111 4663 3249 4733 ἐμῆς
3293 4663 3642 4733 καταλήψεως
3669 4665 3704 4732 ἡ
3738 4663 3946 4714 τούτων

2377 4754 2592 4823 γνῶσις,
2621 4753 2697 4816 ὡς
2730 4754 2802 4824 μὴ
2826 4753 3080 4806 δύνασθαί
3116 4771 3182 4824 με
3205 4753 3441 4824 ἐξευρεῖν
3465 4756 3498 4824 ἦ
3525 4755 3761 4818 ἐξειπεῖν
3781 4756 3939 4809 αὐτὰ.

2378 4846 2518 4897 Ὅσα
2565 4845 2672 4916 γὰρ
2713 4840 2840 4897 εἶπα
2873 4844 3079 4916 σμικρὰ
3109 4846 3201 4898 καὶ
3241 4846 3495 4915 ἐλάχιστα
3520 4846 3796 4916 τυγχάνει.
3832 4847 3944 4914 Τῆς

2377 4935 2484 5008 γὰρ
2511 4936 2698 5006 θεῖκῆς
2725 4936 3058 5007 δυνάμεωςὴ
3095 4937 3392 5007 κατάληψις
3422 4937 3518 5006 τὴν
3550 4938 3688 5008 ἐμὴν
3722 4939 3946 5009 σμικρὸ-

2375 5046 2514 5100 τητα
2543 5027 2836 5096 διαφεύγει.

2460 5121 2599 5173 Ἐὰν
2624 5119 2820 5173 ἀναϐῶ
2847 5121 2934 5184 είς
2957 5119 3061 5172 τὸν
3088 5118 3360 5186 οὐρανὸν,
3388 5118 3469 5172 σὺ
3496 5118 3622 5172 ἐκεῖ
3635 5115 3692 5172 εἴ
3695 5121 3942 5189 ,Ὅμοιον

2376 5210 2456 5265 τὸ.
2492 5209 2544 5260 '0
2573 5210 2824 5274 οὐρανός
2844 5225 2943 5276 μοι
2967 5209 3195 5274 θρόνος.
3235 5208 3372 5260 Ἐὰν
3399 5206 3626 5262 καταϐῶ
3649 5210 3738 5273 είς
3763 5208 3940 5274 ᾅδην,

2378 5298 2567 5364 πάρει.
2611 5297 2945 5368 Προφητεύει
2985 5295 3082 5368 τὴν
3125 5297 3418 5368 γενομένην
3450 5299 3528 5360 είς
3554 5297 3680 5366 ᾆδον
3716 5297 3945 5350 κάθοδον

2377 5389 2470 5442 τοῦ
2504 5389 2725 5460 Κυρίου.

2464 5481 2602 5534 Ἐὰν
2645 5481 2993 5549 ἀναλάϐοιμι
3037 5480 3136 5546 τὰς
3180 5479 3473 5548 πτέρυγάς
3507 5497 3624 5548 μου
3666 5481 3795 5532 κατ’
3843 5479 3940 5546 ὄρ-

2381 5576 2541 5638 θρον,
2582 5571 2674 5623 καὶ
2724 5572 3166 5638 κατασκηνώσω
3205 5575 3290 5637 εὶς
3327 5573 3398 5624 τὰ
3439 5572 3668 5639 ἔσχατα
3710 5569 3816 5640 τῆς
3844 5574 3942 5624 θα-

2381 5661 2639 5728 λάσσης.
2685 5662 3000 5725 Τουτέστιν,
3045 5666 3091 5715 εἰ
3135 5662 3352 5732 λάϐοιμι
3401 5663 3676 5735 πτέρυγας
3728 5662 3944 5733 πτηνῶν
