4126 6482
185 429 284 488 553

1194 426 1555 484 EXPOSITIO
1596 427 1661 481 1N
1701 425 2032 482 PSALMUM
2065 426 2392 485 CXXXVIII.

3325 421 3429 484 554

190 549 356 618 μήπω
382 545 756 617 κεκμηκότας
788 544 941 598 τοῦτο
965 545 1072 615 γὰρ
1100 545 1349 615 σημαίνει
1378 562 1459 611 το,
1507 546 1631 599 κατ’
1662 544 1755 611 6p—

1884 546 2080 616 utegris
2128 546 2335 600 scilicet
2380 545 2582 599 viribus
2629 543 2694 598 ad
2747 542 3067 609 -olandum,
3121 549 3174 596 et
3228 541 3427 595 robore

188 644 351 707 dpor,
384 638 588 709 νεαρὰς
629 639 686 691 ὲν
722 637 801 707 τῷ
833 637 1096 689 πέτασθαι
1126 636 1220 690 καὶ
1247 636 1525 708 δυνάμεως
1557 634 1763 705 πεπλη-

189 731 458 801 ρωμένας.
501 731 559 783 'O
592 730 647 783 δέ
686 746 801 792 πως
827 729 951 792 νοῦς
975 724 1147 792 οὗτοςο
1184 728 1390 791 Πάντα,
1418 729 1571 798 φησι,
1610 745 1762 799 περι-

187 817 426 888 ει).ηφὼς
468 816 704 888 Κύριος,
748 818 840 871 καὶ
890 818 1064 871 πάντα
1115 817 1392 889 προλαϐὼν
1436 814 1614 882 οἶδας,
1671 817 1763 868 καὶ

188 908 466 979 πανταχοῦ
498 909 685 980 πάρει,
718 909 811 961 καὶ
844 909 1020 961 πάντα
1069 909 1294 979 πληροῖς
1324 910 1399 972 ὡς
1433 909 1583 971 Θεὸς.
1607 904 1759 959 Εἶτα*

188 1002 283 1065 Τίς
338 1002 606 1071 γένωμαι,
656 1000 721 1053 ἄν
751 1018 805 1053 τι
859 1000 1037 1071 συμϐῇ
1088 1018 1176 1070 μοι
1213 1001 1552 1071 ἁμάρτημα,
1583 1000 1677 1051 καὶ
1716 1000 1763 1051 εἰ

189 1091 401 1158 γένοιτό
435 1108 522 1161 μοι
569 1090 726 1161 χρεία
756 1090 997 1161 δρασμοῦ
1039 1090 1134 1143 καὶ
1166 1090 1373 1159 φυγῆς,
1400 1089 1494 1142 σοῦ
1529 1088 1623 1141 τοῦ
1654 1089 1764 1140 Κυ-

192 1182 309 1253 ρίου
340 1182 519 1235 πάντα
545 1182 899 1252 ὑπειληφότος

261 1276 374 1330 Καὶ
399 1272 558 1328 εἶπεν
584 1271 728 1343 Ἆρα
754 1276 971 1340 σκότος
993 1272 1398 1340 καταπατήσει
1417 1289 1512 1342 με.
1544 1273 1636 1336 Τὸ,
1665 1288 1764 1325 κα·-

192 1365 529 1434 tae-tanien
551 1404 565 1428 ,
602 1366 720 1418 ἀντὶ
750 1364 841 1417 τοῦ
864 1404 879 1429 ,
916 1364 1176 1417 σκεπάσει
1208 1366 1301 1417 καὶ
1326 1363 1628 1434 ἀποκρύψει
1659 1362 1765 1415 τῶν

198 1458 305 1510 σῶν
360 1456 673 1526 ὀφθαλμῶν.
724 1455 880 1507 Ἀλλά
922 1457 1014 1508 καὶ
1058 1456 1243 1518 τοῦτο,
1278 1457 1430 1525 φησι,
1478 1455 1539 1507 τὸ
1577 1454 1765 1515 σκότος

196 1548 371 1611 οὓτως
396 1549 543 1600 ἐστὶν
572 1550 628 1600 ὲν
650 1550 715 1617 τῇ
742 1550 806 1617 σῇ
838 1546 1055 1617 γνώσει,
1086 1546 1273 1619 ὥσπερ
1308 1549 1372 1601 ἂν
1396 1550 1478 1618 εἴη
1512 1548 1603 1600 καὶ
1638 1547 1766 1599 αὐτὸ

195 1640 257 1693 τὺ
288 1640 428 1709 φῶς.

277 1732 374 1795 Ὠς
401 1729 468 1783 τό
494 1730 710 1794 σκότος
739 1726 925 1795 αὐτῆς
946 1767 960 1792 ,
987 1731 1138 1782 οὓτω
1164 1730 1261 1783 καὶ
1308 1730 1372 1783 τὸ
1407 1728 1530 1798 φῶς
1558 1727 1763 1795 αὐτῆς.

202 1820 469 1893 Καθάπερ
514 1821 622 1892 γάρ
655 1820 778 1891 ἐμοὶ
830 1819 1074 1890 ζοφώδης
1110 1824 1143 1891 ἡ
1180 1821 1296 1885 νὺξ,
1343 1819 1512 1883 οὕτως
1538 1821 1651 1873 ἐστί
1687 1836 1767 1871 σοι

1861 639 2066 707 plenas.
2097 636 2221 693 Hac
2248 647 2330 693 est
2353 646 2532 692 autem
2566 637 2831 692 sententia
2861 655 2875 690 :
2904 634 2982 689 Tu
3002 677 3018 701 ,
3056 634 3298 698 Domine,
3333 636 3426 704 qui

1861 727 2041 781 omnia
2075 727 2345 793 contines,
2377 726 2561 781 omnia
2592 727 2906 795 priusquam
2945 726 3197 780 eveniant
3224 740 3427 794 cogno-

1862 816 1991 879 scis,
2037 816 2239 884 ubiquc
2282 831 2553 886 praesens,
2584 816 2766 870 omnia
2817 814 3005 883 imples
3039 824 3223 884 utpote
3263 812 3424 869 Deus.

1864 904 2085 968 Deinde,
2111 920 2222 975 quo
2250 920 2336 960 me
2374 914 2598 969 vertam,
2639 905 2686 959 si
2734 905 2787 958 in
2820 904 3109 974 quodpiam
3146 914 3425 971 peccatum

1865 999 2127 1065 incidam,
2152 1010 2205 1055 et
2230 999 2276 1055 si
2305 999 2445 1070 fugae
2480 1000 2611 1054 mihi
2642 1000 2936 1055 necessitas
2972 998 3268 1062 incumbat,
3303 1012 3427 1052 cum

1866 1102 1944 1160 tu,
1976 1093 2222 1156 Domine,
2253 1094 2437 1147 omnia
2469 1091 2785 1148 contineas?

1939 1272 2022 1324 Η.
2054 1270 2121 1324 Et
2146 1272 2258 1325 dixi
2296 1289 2315 1325 :
2348 1270 2599 1324 Forsitan
2642 1270 2862 1323 teuebra:
2901 1268 3274 1321 conculcabuut
3328 1284 3426 1321 me.

1869 1360 2284 1427 Concutcabunt,
2319 1361 2369 1415 id
2407 1371 2509 1423 est,
2550 1368 2839 1429 contegeut
2884 1366 2936 1412 et
2967 1359 3315 1413 occultabant
3347 1373 3435 1411 me

1868 1452 2041 1506 oculis
2070 1451 2194 1506 luis.
2228 1448 2332 1505 Sed
2379 1451 2507 1519 ipsa;
2552 1450 2789 1504 tenebras
2834 1448 3055 1519 perinde
3102 1459 3206 1503 tua:
3252 1449 3433 1519 cogni-

1870 1543 2002 1596 tioni
2034 1550 2161 1597 sunt
2193 1552 2354 1611 atque
2386 1541 2583 1595 lumen.

1943 1746 2029 1799 12.
2079 1746 2229 1802 Sicut
2266 1755 2315 1800 et
2348 1747 2569 1800 tenebrte
2599 1747 2713 1815 ejus
2750 1749 2829 1800 ita
2871 1758 2919 1800 et
2952 1747 3125 1801 tamen
3156 1764 3293 1817 ejus,
3325 1758 3432 1802 etc.

1872 1833 2338 1900 Quemadmodum
2368 1835 2511 1889 enim
2558 1835 2690 1888 mihi
2741 1850 2846 1889 nos
2895 1837 3182 1891 tenebrosa
3223 1846 3327 1900 est,
3362 1837 3434 1891 ita

202 1916 457 1984 φωτεινή.
490 1914 737 1985 Νετρροὺς
764 1913 818 1967 δέ
848 1930 1011 1983 φησιν
1048 1908 1183 1966 εἶναι
1220 1913 1344 1975 τοὺς
1372 1912 1535 1980 φόϐου
1563 1929 1765 1982 ποιητιο

1884 1937 1954 1981 ξει
1983 1926 2075 1979 tibi
2108 1925 2307 1982 lucida.
2338 1924 2513 1981 Renes
2544 1936 2727 1981 autem
2773 1928 2939 1993 dicit,
2978 1928 3203 1982 terroris
3249 1928 3436 1982 incus-

204 2006 354 2068 κούς.
400 2005 561 2074 Λέγει
605 2006 680 2061 δὲ.
717 2008 796 2068 ὃτι
840 2006 905 2057 Σὲ
944 2004 1229 2068 διαπαντὸς
1263 2003 1601 2074 ἐφοϐούμην,
1656 2006 1774 2057 ἐπεὶ

338 2097 627 2168 ὀφθαλμῶν
654 2093 795 2166 εἶχον
828 2098 915 2150 ἀεὶ
944 2098 1040 2168 τὴν
1068 2097 1166 2167 σὴν
1196 2095 1393 2167 κρίσιν.
1431 2094 1773 2149 Ἀντελάϐου

196 2207 318 2260 μου
362 2190 429 2243 ἐκ
469 2192 728 2258 γαστρὸς
766 2192 990 2259 μητρός
1028 2207 1165 2258 μου.
1208 2188 1472 2251 Εἰκότως,
1512 2189 1775 2257 φησὶ,τὸν

205 2281 298 2333 σὺν
343 2279 506 2349 φόϐον
538 2280 886 2350 ἐκτησάμην,
923 2278 1110 2349 ἐπειδὴ
1144 2277 1403 2348 κυόμενόν
1432 2294 1497 2348 με
1526 2278 1560 2347 η
1586 2276 1652 2346 σὴ
1687 2293 1779 2329 πε.

205 2391 299 2446 pura
309 2376 490 2445 ρουρεῖ
523 2375 768 2444 πρόνοια.

287 2462 836 2533 Ἐξομολογήσομαί
864 2478 982 2525 σοι,
1013 2462 1101 2515 ὅτι
1123 2460 1382 2530 φοϐερῶς
1404 2458 1779 2528 ἐθαυμαστὼ-

204 2560 337 2623 θης.
367 2553 649 2625 Εὑκαίρως
684 2552 818 2623 μετά
843 2552 939 2622 τὴν
962 2552 1359 2623 προειρημένην
1388 2548 1657 2618 Θεολογίαν
1680 2548 1777 2618 τὴν

204 2644 591 2715 ἐξομολόγησιν
611 2643 1027 2713 ἀναφθέγγεται.
1050 2642 1359 2711 Θαυμάσιά
1383 2643 1453 2695 τὰ
1468 2643 1609 2711 ἔργα
1637 2658 1775 2706 σου,

206 2738 306 2791 καί
340 2737 377 2802 ή
401 2734 570 2805 ψυχή
592 2752 711 2804 μου
742 2734 1018 2804 γινώσκει
1048 2733 1300 2803 σφόδρα.
1330 2734 1488 2796 Ἠτις
1517 2734 1652 2796 ἐστὶ,
1684 2750 1781 2803 φη-

208 2832 314 2891 σὶν,
346 2830 469 2900 ἐμοὶ
504 2828 730 2897 δύναμις
768 2828 1106 2897 ἀπόρρητος,
1143 2826 1236 2879 καὶ
1280 2826 1416 2894 αὐτή
1450 2842 1528 2877 σοι
1557 2824 1635 2895 τῷ
1662 2824 1781 2895 Θεῷ

209 2921 422 2992 φανερά
447 2919 719 2989 τυγχάνει.

285 3014 409 3065 Οὐκ
448 3011 667 3078 ἐκρύϐη
710 3010 776 3064 τὸ
808 3010 1031 3062 ὀστοῦν
1064 3026 1183 3077 μου
1230 3006 1345 3061 ἀπὸ
1378 3005 1494 3061 σοῦ
1528 3006 1559 3059 ὃ
1584 3007 1782 3072 ἐποίη-

210 3119 329 3168 σας
364 3103 437 3156 ὲν
460 3100 677 3171 κρυφῇ.
724 3102 837 3154 Οὐκ
879 3100 1064 3164 ἔλαθε,
1114 3101 1279 3167 φησὶ,
1324 3099 1423 3168 τῆς
1466 3098 1715 3167 γυναικὸς
1755 3100 1783 3151 ό

211 3193 441 3256 ὅλισθος,
477 3193 543 3262 ἦν
580 3193 644 3244 ὲκ
688 3191 782 3243 τοῦ
826 3191 1009 3243 ὀστέου
1046 3207 1145 3259 μου
1175 3188 1473 3256 λεληθότως
1502 3190 1780 3258 ἐποίησας,

216 3285 371 3354 ὕπνῳ
401 3284 557 3354 βαρεῖ
584 3280 812 3343 εὐνάσας
842 3297 926 3352 με·
955 3280 1067 3333 ἀλλ’
1100 3280 1268 3347 ἔγνως
1294 3279 1363 3331 τὰ
1388 3280 1632 3351 ἡμέτερα
1661 3279 1783 3348 κρύ-

217 3392 337 3447 φια,
366 3378 396 3429 ό
432 3375 646 3445 ἐκείνην
668 3374 908 3446 κρυφίως
935 3372 1395 3441 ὑποστησάμενος.
1426 3369 1533 3425 Καὶ
1568 3370 1605 3437 ἦ
1636 3370 1783 3423 ὑπό-

214 3468 436 3533 στασις
461 3484 580 3535 μου
622 3466 693 3518 ἐν
722 3462 845 3530 τοῖς
892 3461 1245 3527 κατωτάτοις
1288 3460 1396 3529 τῆς
1427 3460 1557 3531 τῆς.
1592 3459 1703 3513 Καὶ
1736 3461 1786 3512 εἰ

213 3557 545 3627 ὄιαλυθείην,
574 3556 728 3625 φησὶ,
768 3556 860 3606 καὶ
898 3556 977 3617 εἰς
1008 3553 1135 3623 χοῦν
1158 3552 1494 3623 πορευθείην,
1526 3552 1607 3602 σοὶ
1628 3550 1787 3602 πάλιν

216 3648 458 3718 γνωστὸν
488 3648 550 3699 τὸ
573 3646 808 3699 τοιοῦτόν
830 3646 976 3697 ἐστιν

296 3739 367 3793 Τὸ
401 3736 847 3807 ἀκατέρταστόν
879 3754 998 3807 μου
1030 3732 1193 3790 εἶδον
1221 3737 1274 3788 ot
1319 3732 1613 3802 ὀφθαλμοί
1649 3748 1785 3785 σου.

220 3830 359 3901 Πρὶν
404 3828 675 3896 γενέσθαι,
704 3828 857 3897 φησὶ,
887 3826 980 3880 καὶ
1025 3828 1154 3897 πρὶν
1203 3822 1584 3896 μορφωθῆναι,
1618 3823 1666 3874 οί
1707 3822 1789 3875 σοὶ

219 3923 322 3991 τῆς
352 3920 711 3991 προγνώσεως
740 3919 1006 3989 ὀφθαλμοὶ
1037 3916 1325 3972 ὲθεάσαντό
1366 3932 1432 3985 με
1476 3915 1569 3969 καὶ
1610 3916 1793 3985 προεῖ-

220 4013 309 4066 δόν
344 4027 433 4083 με,
465 4012 561 4079 οὐχ
588 4009 793 4073 ἁπλῶς,
816 4008 929 4063 ἀλλ’
955 4008 1030 4071 ὼς
1054 4008 1153 4079 ἤδη
1181 4006 1514 4075 ἐγκείμενον,
1548 4004 1641 4058 καὶ
1669 4020 1792 4056 συν-

223 4102 634 4178 ηριθμημένον,
684 4102 776 4155 καὶ
816 4102 875 4153 ὲν
927 4103 994 4170 τῇ
1042 4099 1205 4169 βίϐλῳ
1254 4114 1347 4150 σου
1390 4095 1789 4167 γεγραμμένον.

236 4194 468 4264 Ἡμέραι
524 4192 1001 4258 πλασθιὶσογται,
1054 4190 1155 4243 καὶ
1206 4188 1404 4254 οὐδεὶς
1448 4188 1518 4241 ἐν
1568 4184 1789 4251 αὐτοῖς.

224 4284 384 4339 xm
412 4285 587 4348 πάσας
618 4284 717 4355 τῆς
746 4282 889 4355 ζωῆς
931 4280 1109 4336 αὐτῶν
1141 4280 1240 4345 τάς
1268 4282 1480 4353 ἡμέρας
1509 4280 1793 4352 εὐρύθμως

226 4378 324 4436 καὶ
372 4376 688 4439 εὐπλάστως
741 4375 962 4437 ἑαυτοὺς
1010 4374 1299 4444 διήγαγον,
1344 4374 1437 4425 καὶ
1485 4372 1617 4443 μηδὲ
1667 4371 1794 4442 μίαν

226 4470 445 4543 ἡμέραν
471 4469 664 4531 αὐτοὺς
690 4468 891 4521 ἀτυπον
918 4466 951 4535 ἣ
977 4465 1249 4519 ἄπλαστον
1274 4464 1583 4535 ἐσχηκέναι.

1874 2033 2044 2071 sores.
2075 2016 2171 2080 Te,
2229 2017 2424 2087 inquit,
2488 2033 2702 2086 semper
2772 2019 3052 2079 timebam,
3115 2018 3243 2087 quia
3302 2018 3438 2071 mihi

1874 2123 2086 2177 semper
2115 2107 2379 2176 judicium
2411 2117 2564 2161 tuum
2609 2108 2679 2161 ob
2719 2108 2908 2164 oculos
2941 2109 3277 2164 versabatur.
3308 2108 3440 2164 Sus-

1874 2200 2055 2267 cepisti
2089 2214 2169 2252 me
2206 2197 2269 2252 de
2310 2208 2459 2252 utero
2506 2202 2693 2253 matris
2719 2216 2863 2255 mem.
2915 2197 3063 2264 Jure,
3106 2200 3319 2269 inquit,
3360 2202 3436 2254 tui

1876 2289 2123 2343 timorem
2172 2289 2359 2352 habui,
2393 2291 2835 2360 quandoquidem
2885 2306 2971 2346 mc
3016 2291 3073 2345 in
3114 2302 3270 2346 utero
3312 2306 3435 2345 ver-

1876 2389 2083 2435 santem
2111 2380 2444 2450 providentia
2476 2391 2566 2435 tua
2611 2392 2919 2438 conservat.

1949 2472 2034 2525 14.
2110 2470 2407 2541 Couﬁtebor
2439 2474 2533 2527 tibi
2572 2475 2695 2547 quia
2726 2475 3032 2528 terribiliter
3070 2475 3439 2544 magniﬁcatus

1876 2578 1951 2616 es.
1983 2560 2296 2631 Opportune
2332 2563 2611 2633 praemissa
2657 2565 2747 2619 illa
2796 2564 3087 2635 theologia.
3142 2563 3442 2620 confessio-

1878 2670 2001 2709 nem
2047 2664 2232 2724 postea
2276 2656 2409 2711 edit.
2460 2656 2737 2711 Mirabilia
2783 2674 2939 2725 opera
2987 2667 3118 2724 tua,
3161 2668 3211 2712 et
3261 2658 3442 2710 anima

1879 2762 1993 2799 mea
2031 2748 2292 2815 cognoscit
2342 2747 2520 2799 nimis.
2558 2744 2745 2802 Virtus
2788 2748 2879 2801 illa
2907 2764 3029 2817 qua:
3058 2749 3191 2803 mihi
3234 2748 3442 2803 occulta

1880 2847 1981 2903 cst,
2019 2838 2117 2893 tibi
2149 2836 2257 2895 Deo
2291 2839 2583 2909 conspicua
2621 2848 2720 2893 est.

1953 3015 2039 3069 15.
2106 3014 2225 3070 Non
2254 3026 2329 3070 est
2352 3018 2673 3070 occultatum
2706 3035 2761 3071 os
2806 3034 2974 3071 meum
3003 3034 3034 3070 a
3069 3029 3115 3070 te
3143 3017 3279 3087 quod
3312 3019 3442 3087 feci-

1883 3108 1951 3159 sti
1977 3108 2028 3159 iu
2057 3107 2278 3161 occulto.
2320 3105 2438 3161 Non
2482 3108 2656 3170 latuit,
2705 3108 2918 3175 inquit,
2966 3108 3208 3161 mulieris
3242 3107 3443 3177 lapsus,

1884 3212 2046 3265 quam
2073 3212 2137 3251 ex
2165 3213 2287 3252 osse
2333 3212 2455 3252 meo
2486 3198 2626 3253 clam
2672 3196 2992 3259 eﬂ‘ormasti,
3027 3207 3314 3265 postquam
3360 3214 3447 3251 me

1884 3284 2033 3353 gravi
2064 3299 2258 3339 somno
2302 3287 2695 3354 oppressisses;
2743 3288 2835 3342 sed
2886 3286 3203 3341 abscondita
3251 3295 3441 3343 nostra

1885 3376 2187 3444 cognoscis,
2219 3376 2311 3445 qui
2354 3376 2581 3430 latenter
2632 3377 2780 3430 illam
2835 3378 3096 3431 exsistere
3151 3375 3343 3432 fecisti.
3379 3377 3448 3433 Et

1886 3465 2183 3519 substantia
2206 3483 2319 3521 mea
2349 3467 2404 3521 in
2433 3468 2771 3536 inferioribus
2798 3476 2968 3521 teme.
3002 3466 3225 3523 Etiamsi
3256 3468 3451 3524 dissol-

1885 3570 2003 3617 var,
2031 3555 2224 3624 inquit,
2253 3566 2307 3611 et
2347 3557 2399 3610 in
2430 3558 2703 3627 pulverem
2739 3558 2951 3623 abeam,
2983 3557 3114 3612 illud
3144 3559 3308 3615 etiam
3348 3578 3447 3616 no-

1872 3655 2000 3701 .tum
2027 3653 2112 3700 est
2144 3645 2234 3700 tib‘

1962 3738 2050 3793 16.
2105 3736 2477 3809 Imperfectum
2532 3756 2702 3793 meum
2755 3744 2992 3799 viderunt
3029 3749 3170 3802 oculi
3204 3750 3303 3811 tui,
3342 3757 3447 3803 etc.

1889 3831 2189 3900 Antequam
2237 3831 2443 3895 ﬁerem,
2490 3830 2686 3901 inquit,
2733 3844 2786 3888 et
2816 3843 3103 3905 antequam
3152 3838 3441 3897 formarer.

1890 3923 2241 3993 praescientite
2273 3930 2379 3977 tuae
2408 3923 2551 3977 oculi
2583 3940 2669 3980 me
2691 3928 3037 3997 contemplati
3065 3941 3192 3983 sunt
3224 3944 3288 3983 ac
3315 3943 3451 3998 pra:-

1890 4014 2173 4080 viderunt;
2200 4029 2301 4070 nec
2328 4015 2667 4085 simpliciter,
2687 4019 2779 4071 sed
2805 4029 2864 4072 ut
2890 4019 3002 4089 jam
3030 4021 3286 4089 positum,
3317 4036 3450 4075 cou-

1892 4114 2234 4161 numeratum
2264 4116 2318 4161 et
2347 4108 2681 4178 descriptum
2730 4110 2783 4163 in
2831 4109 2969 4165 libro
3019 4122 3134 4166 tuo.
3176 4113 3299 4168 Dies
3336 4115 3451 4181 for-

1893 4197 2175 4251 mabuntur
2213 4210 2261 4253 et
2310 4216 2460 4253 nemo
2497 4201 2552 4253 iu
2582 4202 2678 4254 eis.
2716 4199 2983 4257 Omnibus
3019 4203 3139 4257 vita:
3180 4218 3293 4258 sum
3332 4204 3451 4259 die—
3544 4190 3552 4199 ’

1894 4289 1996 4345 bus
2023 4290 2189 4359 probe
2234 4297 2291 4344 et
2333 4291 2583 4345 ordinate
2631 4307 2750 4347 sese
2800 4303 3105 4360 gesserunt,
3157 4294 3229 4349 ita
3280 4303 3339 4350 ut
3388 4311 3455 4350 ne

1896 4396 2060 4434 uuam
2090 4381 2309 4451 quidem
2354 4383 2498 4436 diem
2532 4383 2951 4454 incompositam
2998 4395 3051 4439 et
3092 4385 3452 4440 inordinatam

1894 4472 2117 4542 egerint.

312 4565 471 4634 Ἐμοί
497 4564 565 4617 δὲ
586 4564 727 4617 λίαν
745 4563 1114 4631 ἐτιμήθησαν
1140 4563 1194 4614 οι
1219 4561 1384 4629 φίλοι
1411 4576 1547 4623 σου,
1572 4562 1604 4613 ό
1629 4558 1782 4623 Θεός·

1968 4563 2070 4628 i7,
2137 4564 2222 4618 i8.
2304 4563 2438 4617 Mihi
2498 4576 2673 4617 autent
2732 4568 2890 4620 nimis
2942 4567 3273 4634 honori/ictui
3335 4578 3456 4621 sunt

231 4658 458 4727 Ὅμοιον
493 4654 582 4707 τό·
640 4654 703 4707 '0
746 4652 1067 4721 δεχόμενος
1117 4650 1429 4720 προφήτην
1477 4651 1565 4715 είς
1612 4648 1797 4717 ὄνομα

228 4745 563 4817 προφήτου,
592 4743 810 4814 μισθὸν
842 4743 1149 4811 προφήτου
1168 4741 1446 4811 λήψεται·
1463 4738 1800 4807 Ἐεαρίθμή⁴

228 4854 411 4906 σομαι
436 4836 677 4903 αὐτοὺς,
706 4836 804 4888 καὶ
833 4834 984 4904 ὑπὲρ
1022 4834 1217 4904 ἄμμον
1254 4832 1794 4899 πληθυνθήσονται.

230 4929 465 4992 Εΰελπίς
512 4929 663 4999 εἰμι,
696 4926 827 4997 φησὶ
850 4965 865 4989 ,
914 4926 1037 4988 τοὺς
1084 4924 1266 4994 φίλους
1292 4922 1465 4992 τιμῶν
1494 4921 1618 4983 τοὺς
1652 4920 1796 4984 σοὺς,

231 5023 316 5074 ὃτι
345 5020 412 5090 δὴ
440 5022 498 5073 ἰν
526 5021 591 5090 τῇ
619 5016 911 5072 ἀναστάσει
945 5016 1061 5087 μετ’
1085 5014 1261 5069 αὐτῶν
1288 5014 1575 5085 στήσομαι,
1611 5012 1703 5065 καὶ⁸
1731 5012 1797 5064 δι’

228 5113 429 5174 αὐτοὺς
453 5111 550 5180 τὴν
580 5107 730 5182 παρά
756 5108 847 5162 σοῦ
873 5109 1140 5178 κτήσομαι
1168 5108 1349 5177 τιμήν.
1378 5105 1507 5158 Τότε
1534 5106 1618 5175 δὴ,
1646 5105 1797 5174 φησι,

230 5203 328 5258 καὶ
365 5202 418 5254 οἱ
455 5182 767 5272 ἁμαρτωλοὶ
801 5201 1198 5261 ἀποκτενοίντο,
1226 5196 1489 5261 τουτέστι,
1518 5196 1616 5261 τὰς
1644 5215 1801 5269 προσ-

230 5290 474 5365 ηκούσας
502 5288 866 5360 ἀπολήψονται
895 5288 1067 5351 δίκας.

318 5384 457 5443 Ἐὰν
499 5381 861 5448 ἀποκτείνῃς
910 5378 1323 5448 ἁμαρτωλοὺς,
1361 5380 1394 5432 ό
1439 5379 1597 5444 Θεός.
1633 5377 1801 5441 Εἰδὼς

234 5473 334 5535 τὰς
382 5471 646 5541 ἐσομένας
688 5472 806 5523 κατ’
851 5469 1029 5523 αὐτῶν
1060 5468 1243 5531 δίκας,
1283 5465 1386 5530 ἔξω
1416 5483 1515 5517 που
1558 5466 1800 5536 ἀφορίζει

234 5566 441 5627 αὐτοὺς
480 5560 696 5615 ἑαυτοῦ.
741 5559 977 5630 Ἄνδρες
1014 5558 1305 5630 αἰμάτων,
1348 5558 1661 5611 ἐκκλίνατε
1701 5558 1799 5610 ἀπ’

236 5651 403 5723 ἐμεῦ,
436 5651 526 5705 ὅτι
564 5650 794 5718 spurcat
820 5650 957 5704 ἐστε
982 5652 1067 5716 εἰς
1108 5647 1548 5718 διαλογισμούς.
1582 5647 1690 5717 Τὴν
1720 5648 1801 5700 αί-

304 5833 348 5864 ”
406 5832 593 5887 Matth.
637 5849 691 5893 ι.
726 5831 812 5886 ιι.

1897 4657 2053 4709 amici
2078 4656 2178 4719 tui,
2214 4655 2374 4713 Deus.
2407 4654 2596 4709 Simile
2628 4666 2711 4711 est
2733 4657 2861 4712 illud
2885 4658 2931 4690 “
2962 4677 2974 4712 :
3012 4658 3115 4723 Qui
3132 4659 3313 4726 recipit
3336 4674 3457 4726 pro-

1897 4746 2101 4814 plietam
2157 4746 2210 4798 in
2268 4746 2476 4798 nomine
2513 4746 2794 4815 prophetia,
2859 4748 3138 4801 mercedem
3195 4751 3460 4817 propheta

1900 4834 2139 4903 accipiet.
2178 4833 2529 4889 Dinumerabo
2564 4852 2649 4889 eos
2677 4847 2725 4890 et
2762 4854 2917 4906 super
2943 4854 3157 4891 arenam
3198 4837 3459 4906 multipli-

1899 4925 2173 4979 cabuntur.
2217 4925 2372 4994 Spes,
2408 4926 2604 4997 inquit,
2641 4928 2772 4982 mihi
2800 4939 2881 4983 est
2914 4928 3057 4997 quod
3098 4929 3302 4984 amicos
3334 4938 3459 4985 tuos

1901 5014 2106 5069 honore
2152 5030 2470 5085 prosequar,
2530 5015 2773 5070 futurum
2841 5026 2900 5070 ut
2960 5017 3012 5071 in
3064 5020 3460 5075 resurrectione

1901 5119 2022 5157 cum
2054 5104 2157 5158 illis
2184 5106 2501 5168 consistam,
2552 5115 2604 5159 et
2652 5115 2868 5175 prapter
2917 5122 3013 5162 eos
3043 5106 3303 5161 honorem
3347 5125 3375 5161 a
3407 5119 3459 5164 te

1902 5195 2183 5263 accipiam.
2216 5193 2385 5261 Tunc,
2413 5195 2607 5265 inquit,
2640 5206 2953 5263 peccatores
2979 5197 3319 5263 occidantur,
3357 5199 3460 5254 hoc

1903 5295 2004 5350 est,
2044 5287 2364 5356 promeritas
2395 5302 2583 5354 pmnas
2607 5287 2779 5341 luant.

1976 5379 2060 5433 19.
2122 5377 2179 5430 Si
2209 5377 2481 5442 occideris,
2524 5377 2679 5443 Deus,
2719 5390 3033 5449 peccatores.
3077 5379 3292 5435 Gnarus
3332 5396 3461 5450 sup-

1905 5470 2191 5539 pliciorum
2244 5469 2444 5538 quibus
2486 5468 2733 5525 futurum
2779 5481 2863 5526 est
2910 5481 2969 5527 ut
3013 5472 3334 5540 adiciantur,
3366 5488 3461 5528 eos

1904 5561 2307 5631 quodammodo
2349 5563 2416 5616 ab
2443 5577 2500 5617 se
2527 5572 2788 5633 segregat.
2848 5564 2957 5617 Viri
2995 5566 3329 5634 sanguiuum,
3365 5564 3460 5618 de-

1905 5655 2142 5709 cliuatea
2166 5670 2263 5721 me,
2301 5655 2425 5724 quia
2456 5657 2768 5711 contentiosi
2791 5658 2914 5711 estis
2946 5658 2999 5711 in
3032 5656 3457 5727 cogitationibus.
