4126 6482
723 412 828 470 535

1574 407 1629 464 S.
1669 409 2038 464 ATHANASH
2079 410 2225 464 Ol’l’.
2271 410 2452 465 PARS
2491 410 2575 464 Ill.
2619 440 2684 448 —
2725 410 3128 468 EXEGETICA.

3865 411 3962 466 536

722 538 954 588 Causam
986 534 1185 587 indicat
1213 547 1311 586 cur
1338 531 1405 584 ab
1428 546 1483 583 se
1513 539 1825 597 peccatores
1855 529 2108 597 expellat.
2137 528 2281 592 Ideo,

2352 571 2359 586 ,
2387 525 2506 579 τίαν
2543 527 2675 597 ensi.
2701 525 2766 578 δι’
2798 527 2862 596 ἣν
2892 525 3182 578 ἀπελαύνει
3213 527 3306 595 ἀφ’
3331 525 3526 579 ἐαυτοῦ
3560 527 3683 588 τοὺς
3711 526 3964 596 ἁμαρτω-

725 625 918 693 inquit,
947 625 1308 694 expelluntur,
1343 623 1465 691 quia
1491 623 1754 675 adversus
1791 620 1955 675 Deum
1987 621 2285 690 loquuntur

724 717 933 785 ipsique
967 727 1287 786 repugnant.
1335 726 1388 769 et
1418 714 1621 769 frustra
1657 716 1783 769 elati
1825 715 2061 783 superbe
2116 723 2284 784 agunt

720 809 1007 865 adversum
1043 826 1212 878 genus
1265 809 1581 861 humanum.

784 902 875 964 21,
906 902 997 954 22.
1057 900 1238 953 Nonne
1268 902 1355 968 qui
1381 898 1601 951 oderunt
1647 909 1715 964 te,
1749 898 1989 964 Domine,
2028 900 2238 952 oderam
2258 901 2282 950 .’

717 993 935 1047 Amin
987 993 1206 1061 quidem
1257 1003 1382 1046 tuos
1421 991 1710 1060 diligebam
1773 1001 1827 1044 et
1875 991 1927 1044 in
1984 991 2278 1044 amicitiam

717 1100 889 1137 inoam
941 1086 1304 1153 recrpiebam:
1361 1086 1612 1138 inimicos
1647 1095 1825 1138 autem
1878 1093 2000 1137 tuos
2047 1083 2278 1152 perfecte

715 1175 953 1229 oderam.
1005 1174 1211 1228 Inimici
1243 1185 1423 1230 autem
1468 1175 1562 1229 Dei
1600 1185 1727 1228 sunt
1768 1175 1945 1243 primo
1970 1172 2184 1241 quidem
2225 1184 2278 1226 et

715 1266 928 1332 proprie
966 1267 1161 1334 impuri
1198 1266 1473 1319 daemones
1512 1285 1523 1319 :
1561 1266 1780 1320 secundi
1832 1276 1954 1334 post
2006 1265 2149 1329 illos,
2179 1264 2272 1334 qui

711 1357 1070 1412 idololatriam
1097 1357 1413 1419 defendunt.
1443 1367 1498 1411 et
1531 1357 1800 1412 hmresum
1841 1358 2132 1426 principes.

886 1448 951 1501 In
987 1451 1142 1517 ﬁnem
1171 1448 1507 1504 PSALMUS
1547 1449 1730 1503 Dat-id.
1785 1447 2096 1503 CXXXIX.

776 1542 826 1594 1.
884 1540 1042 1610 Eripe
1077 1560 1177 1606 nte,
1214 1543 1456 1604 Domine,
1488 1543 1553 1596 ab
1586 1543 1796 1595 homine
1843 1542 2004 1596 malo.
2061 1542 2272 1596 Clamat

705 1635 771 1688 ad
807 1633 972 1688 Deum
1005 1645 1064 1690 ut
1089 1637 1381 1690 ulciscatur
1417 1635 1676 1704 injuriam
1710 1650 1739 1688 a
1788 1633 2127 1688 dtemonibus
2179 1635 2270 1686 lm-

707 1741 880 1780 manae
912 1735 1120 1782 natura:
1161 1728 1388 1790 illatam,
1425 1735 1480 1779 et
1533 1734 1593 1779 ut
1637 1724 1978 1795 iniquitatem
2019 1725 2070 1777 in
2105 1735 2268 1793 caput

705 1817 1014 1884 iniquorum
1044 1827 1344 1872 convertat.
1393 1817 1518 1872 llzec
1568 1827 1749 1874 autem
1782 1819 1944 1872 etiam
1997 1817 2062 1872 de
2094 1817 2267 1872 sensi-

705 1907 902 1963 bilibus
940 1908 1179 1965 inimicis
1205 1909 1310 1964 dici
1344 1910 1574 1978 possint.

769 2084 822 2134 9..
885 2085 988 2148 Qui
1021 2086 1370 2155 cogitaverunt
1397 2089 1723 2154 iniquitatem
1748 2089 1802 2139 in
1832 2087 2007 2150 corde,
2040 2095 2148 2137 tota
2182 2086 2267 2137 die

697 2177 1080 2230 constituebant
1125 2180 1334 2247 prwlia.
1388 2175 1507 2230 Non
1560 2185 1769 2231 tantum
1829 2178 1974 2232 enim
2029 2178 2265 2230 ltutnana

700 2269 983 2323 ratiocinia
1021 2271 1395 2333 admiserunt,
1437 2271 1531 2324 sed
1579 2271 1742 2325 etiam
1787 2286 1950 2340 opera
1991 2269 2266 2339 cogitatio-

699 2363 859 2414 nibus
893 2362 1229 2429 adjecerunt.
1277 2361 1409 2415 Illud
1453 2371 1678 2428 autem,
1722 2373 1833 2415 tota
1874 2363 1980 2425 die,
2013 2360 2264 2432 Symma-

698 2451 833 2505 chus
857 2489 876 2517 ,
914 2468 1006 2519 per
1034 2453 1267 2521 singulos
1297 2455 1433 2517 dies,
1470 2456 1876 2522 interpretatur.

764 2544 817 2599 6.
873 2541 1040 2596 Juxta
1082 2547 1183 2598 iter
1211 2547 1524 2599 scandalum
1569 2557 1853 2614 posuerunt
1919 2546 2066 2598 ini/ti.
2136 2545 2260 2600 Η.ιύ

694 2633 899 2699 omnia,
932 2633 1129 2702 inquit,
1164 2632 1453 2698 faciebant,
1491 2643 1550 2688 ut
1575 2650 1797 2688 cursum
1829 2633 1948 2703 ejus
1977 2635 2044 2688 ad
2090 2633 2257 2688 Deum

693 2727 970 2789 sisterent,
1000 2725 1211 2795 laqueis
1248 2728 1412 2796 pedes
1449 2727 1569 2797 ejus
1595 2728 2004 2797 complicautcs,
2035 2739 2094 2782 ut
2133 2743 2256 2782 eum

692 2835 720 2870 a
756 2815 853 2870 Dei
892 2826 1184 2887 conspectu
1211 2818 1528 2889 dejicercnt.

759 2993 814 3047 9.
874 2990 955 3045 Ne
990 2992 1172 3044 tradas
1219 3009 1318 3057 me,
1351 2991 1590 3058 Domine,
1621 3011 1653 3046 α
1683 2993 1941 3047 desiderio
1983 3011 2092 3048 meo
2134 3011 2254 3063 pec-

2390 619 2531 680 λούς.
2562 619 2660 670 Διά
2695 617 2871 679 τοῦτο,
2901 618 3082 688 φησιν,
3107 617 3438 680 ἐλαύνονται,
3468 619 3548 671 δτι
3578 615 3961 684 ἀντιφθέγγον-

2386 727 2473 761 ται
2505 709 2599 762 καὶ
2643 707 3126 777 ἀειτιιριλονεικοῦσι
3150 708 3269 777 Θεῴ
3289 749 3303 770 ,
3334 711 3428 762 καὶ
3461 710 3635 778 μάτην
3665 709 3960 777 ἐπαιρόμε·

2386 817 2464 852 νοι
2499 799 3040 870 καταλαζονευόμενοι
3072 799 3164 852 τού
3195 800 3303 854 τῶν
3333 798 3633 869 ἀνθρώπων
3662 798 3803 869 βίου.

2458 890 2603 958 Οὐχί
2635 890 2770 956 τοὺς
2797 890 3130 959 μισοῦντας
3155 906 3249 953 σε,
3276 893 3475 957 Κύριε,
3503 892 3807 957 ἐμίσησα;
3838 891 3956 944 Ὀτι

2381 987 2506 1050 τοὺς
2543 985 2640 1056 μέν
2685 986 2809 1048 σοὺς
2839 987 3068 1056 ἠγάπων
3097 987 3189 1040 καὶ
3220 987 3563 1057 ἀπεδεχόμην
3591 986 3798 1056 φίλους·
3834 989 3956 1048 τοὺς

2380 1077 2436 1130 δὲ
2481 1077 2706 1150 ἐχθρούς
2762 1095 2853 1131 σου
2901 1077 3121 1140 τελείως
3168 1080 3410 1147 ἐμίσουν.
3477 1079 3691 1148 Ἐχθροὶ
3747 1078 3805 1130 δέ
3859 1077 3954 1130 τοῦ

2380 1169 2514 1221 Θεοῦ
2549 1170 2776 1239 πρώτως
2798 1171 2895 1241 μέν
2923 1170 3014 1222 καὶ
3043 1169 3244 1239 κυρίως
3273 1170 3323 1221 οἱ
3347 1169 3646 1240 ἀκάθαρτοι
3679 1169 3950 1238 δαίμονεςο

2378 1259 2618 1331 δεύτεροι
2657 1261 2713 1314 δὲ
2755 1263 2871 1331 μετ’
2915 1262 3154 1324 ἐκείνους
3202 1259 3255 1312 οἴ
3297 1277 3354 1313 τε
3386 1260 3483 1330 τὴν
3516 1260 3954 1332 εὶδωλολατρείαν

2379 1352 2790 1425 πρεσϐεύοντες,
2817 1354 2908 1406 καὶ
2940 1354 2988 1405 οἱ
3016 1351 3122 1404 τῶν
3147 1352 3412 1424 αἱρέσεων
3440 1352 3691 1422 ἀρχηγοὶ.

2567 1449 2670 1512 Εἰς
2709 1445 2882 1510 τέλος
2917 1447 3222 1499 ΨΑΛΜΟΣ
3247 1442 3325 1509 τῷ
3348 1443 3546 1497 Δαυτό.
3574 1445 3734 1497 ΡΛΘ

2460 1539 2706 1602 Ἑξέλου
2744 1555 2838 1607 με,
2871 1538 3065 1605 Κύριε,
3090 1536 3158 1600 ἐξ
3185 1535 3496 1604 ἀνθρώπου
3523 1533 3814 1601 πονηροῦ.
3846 1535 3952 1604 Τῆς

2375 1633 2670 1702 γενομένης
2705 1631 2916 1692 ἀδικίας
2945 1628 3097 1699 παρά
3129 1627 3237 1680 τῶν
3265 1628 3534 1698 δαιμόνων
3559 1630 3626 1698 τῇ
3660 1624 3951 1696 ἀνθρώπου

2376 1725 2533 1794 φύσει
2563 1722 2895 1792 κεκραγέναι
2928 1721 3064 1792 πρὸς
3106 1720 3196 1773 τὸν
3238 1720 3368 1772 Θεὸν
3419 1719 3638 1789 ποιῆσαι
3677 1718 3778 1789 τὴν
3811 1719 3952 1772 ἐκδί-

2375 1834 2553 1886 κησιν,
2589 1816 2680 1869 καὶ
2711 1812 3077 1885 μεταστρέψαι
3109 1815 3188 1876 είς
3214 1812 3452 1882 κεφαλὴν
3483 1812 3590 1864 τῶν
3623 1811 3951 1864 ἀδικούντων

2301 1890 2341 1942 Β
2369 1910 2465 1980 τὴν
2492 1909 2722 1962 ἀδικίαν.
2753 1905 2982 1977 saxeam
3019 1906 3075 1958 δὲ
3105 1906 3198 1958 και
3225 1906 3319 1959 ἐπὶ
3343 1904 3615 1975 αἰσθητῶν
3644 1904 3862 1975 ἐχθρῶν
3885 1906 3952 1958 τά

2368 2002 2650 2072 λεγόμενα.

2439 2095 2664 2157 Οῖτινες
2711 2090 3067 2159 ἑλογίσαντο
3111 2088 3351 2143 ἀδικίαν
3391 2088 3459 2139 ἑν
3501 2085 3752 2154 καρδίᾳ,
3795 2085 3950 2152 ὅλην

2365 2186 2478 2254 τὴν
2508 2184 2738 2253 ἡμέραν
2776 2181 3167 2250 παρέτασσεν
3197 2178 3516 2248 πολέμους.
3547 2181 3622 2232 Ού
3649 2181 3761 2250 γὰρ
3789 2179 3950 2248 μόνον

2364 2277 2619 2345 πονηροῖς
2669 2273 2969 2342 ἐχρήσαντο
3021 2270 3321 2340 λογισμοῖς,
3365 2269 3501 2322 ἀλλά
3546 2270 3639 2322 καὶ
3693 2273 3762 2324 τὰ
3809 2271 3948 2341 ἔργα

2363 2364 2706 2436 προσέθηκαν
2755 2365 2866 2424 τοῖς
2909 2362 3202 2431 λογισμοῖς.
3248 2361 3322 2414 Τὸ
3354 2359 3438 2421 δὲ,
3467 2360 3625 2429 ὅλην
3654 2361 3774 2428 τὴν
3800 2363 3946 2431 ἠμέ-

2354 2471 2492 2522 ραν,
2523 2454 2551 2505 6
2583 2451 2873 2522 Σύμμαχος
2892 2491 2907 2513 ,
2939 2449 3088 2503 κατὰ
3115 2447 3322 2504 πᾶσαν
3347 2449 3594 2518 ἡμέραν,
3624 2452 3942 2522 ἐρμηνεύει.

2442 2546 2730 2614 Ἐχόμενα
2765 2545 2999 2613 τρίϐους
3027 2541 3343 2597 σκάνδαλα
3367 2544 3574 2596 ἕθεντό
3597 2561 3724 2612 μοι.
3749 2545 3939 2597 Ταῦτα

2360 2637 2535 2690 πάντα
2554 2675 2568 2697 ,
2601 2638 2794 2706 φησιν,
2822 2635 3058 2696 ἐποίουν,
3089 2635 3176 2687 ἵνα
3215 2633 3305 2685 τὸν
3347 2633 3543 2703 δρόμον
3573 2637 3816 2698 στήσωσι
3846 2638 3946 2705 τῆς

2359 2727 2500 2779 κατά
2539 2725 2670 2777 Θεὸν
2720 2725 2962 2794 πορείας,
3004 2723 3129 2785 τοὺς
3163 2722 3326 2785 πόδας
3359 2721 3522 2775 αὑτοῦ
3555 2725 3751 2791 παγίσι
3785 2741 3944 2794 περι-

2360 2814 2666 2878 ϐάλλοντες,
2714 2813 2801 2865 ἵνα
2831 2813 2930 2882 τῆς
2977 2814 3034 2865 ἐν
3072 2811 3190 2882 Θεῷ
3237 2814 3476 2876 στάσεως
3501 2814 3663 2870 αὑτὸν
3699 2816 3944 2868 καταεά-

2358 2905 2538 2958 λωσιν.

2425 3002 2481 3051 Μ
2490 2998 2522 3065 ὴ
2553 2996 2830 3064 παραδῴς
2848 3011 2946 3064 με,
2973 2996 3167 3063 Κύριε,
3197 2994 3315 3048 ἀ.τό
3341 2994 3448 3062 τῆς
3474 2996 3938 3067 ἐπιθυμίας.μου

689 3084 878 3137 catori.
936 3083 1070 3153 Ego,
1124 3085 1321 3154 inquit,
1357 3085 1604 3152 Domine,
1651 3087 1882 3142 salutem
1936 3097 2150 3150 expeto,
2189 3103 2256 3141 ne

2355 3086 2699 3157 ἁμαρτωλῷ.
2740 3085 2914 3155 Ἐγὼ,
2945 3087 3097 3156 φησι,
3137 3085 3308 3157 Κύριε
3345 3087 3635 3158 ἐπιθυμίαν
3679 3090 3938 3160 ἐπιθυμῶ

688 3176 854 3245 igitur
885 3176 1231 3248 derelinquas
1280 3193 1388 3244 me,
1447 3193 1514 3231 ne
1555 3195 1621 3231 ex
1668 3177 1770 3231 liac
1817 3179 1902 3232 via
1939 3178 2254 3233 deturbatus

2359 3179 2649 3249 σωτηρίας·
2707 3177 2781 3248 μὴ
2826 3172 2920 3231 οὖν
2966 3175 3364 3249 ἐγκαταλείπῃς
3420 3193 3507 3246 με,
3538 3175 3681 3230 ὥστε
3733 3179 3938 3250 ταύτης

687 3267 872 3322 tradar
921 3269 1239 3338 pet-calori,
1302 3269 1509 3323 scilicet
1575 3270 1812 3326 diabolo.
1883 3268 2252 3340 Cogitaverunt

2357 3267 2781 3340 παρατραπέντα
2802 3265 3171 3337 παραδοθῆναι
3204 3266 3530 3336 ἁμαρτωλῷ,
3558 3268 3676 3338 ἦτοι
3709 3269 3791 3339 τῷ
3824 3269 3936 3322 δια-

688 3366 872 3412 contra
892 3375 993 3422 nte,
1033 3375 1097 3412 ne
1147 3358 1478 3429 derelinquas
1513 3377 1591 3414 me
1648 3378 1712 3414 ne
1749 3362 1883 3430 forte
1931 3361 2249 3416 excitentur.

2355 3362 2512 3432 δόλῳ.
2543 3360 2962 3428 Διελογίσαντο
3008 3358 3134 3410 κατ’
3173 3357 3338 3426 ἐμοῦο
3373 3357 3458 3426 μὴ
3491 3359 3935 3429 ἐγκαταλείπῃς

691 3448 804 3504 Sub
837 3459 1145 3521 tegumento
1189 3452 1398 3507 alarum
1447 3454 1566 3522 ejus
1613 3453 1825 3524 contegi
1860 3465 2033 3525 rogat,
2073 3465 2125 3509 et
2153 3457 2253 3510 sub

2352 3471 2446 3523 με,
2477 3452 2710 3522 μήποτε
2756 3448 3096 3520 ὑψωθῶσιν.
3143 3449 3232 3502 Ἐν
3267 3449 3444 3522 σκέπῃ
3487 3449 3598 3502 τῶν
3643 3453 3934 3522 πτερύγων

687 3543 889 3610 potenti
927 3559 1093 3598 manu
1126 3545 1265 3613 eius,
1296 3559 1325 3597 a
1357 3559 1460 3612 qua
1503 3561 1664 3600 nemo
1695 3546 1902 3614 eripere
1936 3558 2149 3617 potest;
2187 3563 2252 3601 ne

2353 3543 2516 3598 αὑτοῦ
2545 3544 2686 3607 ἀξιοί
2713 3541 3109 3613 σκεπασθῆναι,
3144 3541 3239 3594 καὶ
3273 3540 3376 3594 ὑπὸ
3411 3539 3509 3612 τὴν
3536 3544 3810 3613 κραταιὰν
3838 3544 3934 3598 αύ-

685 3635 869 3703 itaque
905 3645 964 3687 ut
1005 3635 1058 3688 in
1095 3636 1202 3689 alia
1225 3636 1466 3706 qualibet
1505 3653 1563 3690 re
1596 3637 1881 3709 magniﬁce
1919 3641 2177 3694 sentiant.

2352 3636 2444 3689 τοῦ
2493 3638 2679 3706 χεῖρα,
2713 3635 2804 3704 ἀφ’
2851 3629 2918 3707 ἦς
2963 3633 3134 3698 οὐδεὶς
3166 3633 3385 3689 δύναται
3418 3633 3696 3707 ἁρπάσαι,
3735 3635 3825 3690 ἴνα
3856 3637 3930 3710 μὴ

2350 3729 2424 3790 ὡς
2452 3728 2544 3780 ἐπί
2576 3745 2627 3780 τι
2656 3725 2784 3781 ἄλλο
2814 3744 2868 3779 τι
2901 3729 3405 3798 μεγαφρονήσωσιν.

2430 3820 2491 3874 Ἠ
2535 3817 2768 3888 κεφαλιή
2815 3819 2921 3874 τοῦ
2970 3821 3355 3888 κυκλώματος
3401 3818 3620 3873 αὐτῶν.
3663 3821 3781 3873 Ἐπ’
3835 3820 3932 3873 ait-

2346 3910 2492 3974 τοὺς,
2523 3911 2705 3981 φησὶν,
2738 3909 2878 3962 ἔλθοι
2906 3911 2934 3963 ὂ
2960 3907 3366 3963 ἐϐουλεύσαντο.
3393 3909 3563 3964 Τοῦτο
3593 3911 3704 3982 γὰρ
3734 3913 3931 3982 σημαί-

2347 4019 2424 4054 νει
2457 4003 2490 4072 ἡ
2525 4000 2734 4071 κεφαλὴ
2775 4001 2869 4054 τοῦ
2903 3999 3260 4071 κυκλώματος
3310 4000 3508 4056 αὐτῶν.
3551 4001 3781 4074 Κεφαλὴ
3816 4003 3925 4074 γὰρ

758 3811 841 3866 10.
905 3811 1075 3882 Caput
1107 3817 1356 3870 circuitus
1386 3833 1586 3880 eorum,
1632 3817 1802 3882 labor,
1832 3823 1936 3870 etc.
1988 3815 2044 3868 In
2081 3815 2245 3884 ipsos,

682 3902 878 3972 inquit,
911 3902 1116 3956 recidat
1142 3905 1430 3959 consilium
1467 3920 1679 3960 eorum.
1711 3903 1826 3960 Hoc
1853 3906 1996 3959 enim
2033 3905 2246 3974 signiti-

679 4004 788 4058 cat,
835 4004 996 4064 caput
1045 3996 1308 4051 circuitus
1336 4013 1545 4052 eorum.
1594 3999 1770 4067 Caput
1803 3999 1946 4052 enim
1996 4007 2247 4068 peccato-

679 4101 800 4139 rum
826 4095 910 4141 est
935 4088 1190 4158 cogitatio
1229 4098 1282 4144 et
1310 4105 1524 4145 sensus.
1557 4090 1882 4148 lnsidiarum
1920 4092 2119 4160 quibus
2162 4107 2245 4146 me

2352 4092 2454 4146 τῶν
2481 4092 2820 4162 ἁμαρτωλῶν
2854 4095 2882 4146 6
2909 4092 3165 4163 λογισμὸς
3204 4094 3298 4146 καὶ
3328 4094 3360 4163 ὴ
3390 4093 3661 4162 αἴσθησις.
3689 4095 3803 4164 Τῆς
3832 4093 3924 4148 οὖν

676 4181 1154 4235 circumdederunt
1196 4183 1524 4253 principium
1567 4193 1621 4239 et
1671 4195 1852 4254 caput,
1914 4185 2023 4239 imo
2080 4185 2240 4238 etiam

2352 4183 2634 4254 ἐπιϐουλῆς
2662 4183 2843 4237 αὐτῶν
2871 4184 2968 4254 τῆς
3000 4186 3121 4237 κατ’
3147 4184 3303 4255 ἐμοῦ,
3327 4185 3392 4237 δι’
3419 4178 3486 4254 ἧς
3511 4183 3832 4240 ἐκύκλωσάν
3856 4205 3923 4258 με,

675 4271 992 4342 defatigatio
1037 4284 1090 4326 et
1134 4275 1286 4328 labor
1317 4275 1560 4345 ipsorum
1597 4276 1882 4331 adversum
1929 4292 2014 4330 me
2051 4292 2242 4331 susce~

2352 4280 2374 4347 ἡ
2405 4278 2545 4349 ἀρχὴ
2574 4278 2668 4330 καὶ
2693 4278 2725 4347 ἡ
2748 4277 2986 4348 κεφαλὴ,
3019 4278 3082 4330 ού
3113 4277 3218 4347 μὴν
3247 4277 3381 4330 ἀλλά
3425 4277 3518 4330 καὶ
3567 4279 3595 4330 6
3626 4277 3798 4342 κόπος
3822 4282 3917 4333 αὒ-

675 4375 802 4434 ptus
835 4365 889 4418 in
925 4366 1077 4436 ipsos
1105 4367 1330 4424 recidat.
1375 4368 1524 4435 Quos
1565 4385 1782 4441 aequum
1823 4381 1903 4426 est
1934 4371 2074 4441 ignis
2107 4386 2239 4440 sup-

673 4455 839 4524 plicio
875 4458 1032 4512 tradi.

2340 4369 2468 4431 τῶν,
2498 4369 2590 4422 καὶ
2614 4371 2643 4421 ό
2673 4369 2868 4439 μόχθος
2887 4373 2915 4422 6
2944 4371 3064 4421 κατ’
3097 4367 3254 4439 ἐμοῦ,
3289 4370 3366 4432 εἰς
3399 4369 3594 4432 αὐτοὺς
3617 4368 3784 4422 ἔλθοι.
3815 4371 3919 4434 Οὓς

2343 4460 2434 4512 καί
2457 4458 2582 4532 δίκῃ
2607 4459 2978 4530 παραδοθῆναι
3005 4462 3070 4530 τῇ
3097 4457 3188 4512 διὰ
3216 4459 3407 4529 πυρός.

755 4549 840 4641 1i.
905 4547 1107 4604 Cadent
1135 4568 1291 4621 super
1321 4569 1408 4606 eos
1439 4555 1686 4608 carbones
1715 4555 1770 4607 in
1802 4556 1936 4622 igne.
1969 4552 2102 4608 Nam
2138 4570 2234 4609 cett
2270 4589 2281 4641 1

2410 4554 2744 4606 Πεσοῦνται
2786 4554 2878 4606 ἐπ’
2919 4553 3140 4619 αὐτοὺς
3181 4553 3474 4622 ἄνθρακες
3498 4553 3570 4606 ἐν
3600 4555 3765 4623 πυρὶ.
3793 4551 3918 4609 οἷον

672 4639 909 4709 quodam
955 4642 1080 4712 igne
1123 4643 1202 4697 ira
1239 4653 1328 4698 tua
1364 4646 1618 4700 absumes
1657 4661 1772 4702 eos.
1807 4646 2029 4714 Dejicies
2056 4663 2140 4700 eos
2180 4648 2237 4700 in

671 4731 930 4795 miserias,
962 4743 1008 4785 et
1034 4749 1138 4785 non
1167 4733 1468 4789 subsistent.
1496 4735 1753 4790 Decident
1798 4737 1852 4789 in
1875 4738 2232 4801 calamitates,

668 4839 734 4877 ex
759 4823 960 4893 quibus
993 4839 1098 4877 non
1136 4826 1386 4880 evadent.
1437 4824 1551 4881 Hoc
1592 4837 1772 4881 autem
1817 4829 2042 4897 contigit
2087 4826 2235 4883 Sauli

671 4915 722 4969 in
760 4915 901 4970 bello
951 4915 1213 4972 adversus
1260 4917 1609 4989 alienigenas.
1652 4917 1726 4975 lbi
1763 4921 1904 4974 enim
1950 4920 2235 4978 confossus

668 5008 831 5060 tinem
866 5006 990 5062 vita:
1021 5009 1250 5076 accepit.

757 5181 844 5236 ιε.
896 5179 988 5236 Vir
1024 5185 1293 5252 linguosus
1321 5203 1422 5239 non
1465 5190 1722 5257 dirigetur
1767 5189 1822 5242 in
1859 5201 2019 5244 terra.
2069 5188 2230 5245 Exci-

663 5275 744 5344 pit
772 5277 969 5344 impios
999 5277 1138 5346 ignis
1162 5289 1421 5334 internus.
1449 5279 1513 5334 Et
1546 5283 1598 5334 in
1633 5283 1731 5337 hac
1762 5284 1871 5337 vita
1905 5285 1989 5336 vir
2013 5283 2226 5354 linguo-

665 5385 760 5423 sus
813 5385 921 5425 non
985 5371 1251 5441 dirigetur
1299 5389 1469 5442 usque
1523 5377 1574 5428 in
1629 5376 1808 5430 ﬁnem.
1864 5375 2034 5430 Nemo
2085 5379 2227 5430 enim

665 5465 1035 5520 contentiosus
1074 5476 1128 5521 et
1154 5467 1472 5532 maledicus,
1501 5471 1592 5537 qui
1635 5472 1686 5523 in
1723 5481 1938 5526 terreno
1972 5473 2227 5541 quopiam

663 5555 939 5622 proposito
969 5565 1236 5622 versetur,
1266 5557 1517 5627 dirigitur
1547 5578 1560 5613 :
1605 5577 1667 5613 ex
1712 5576 1778 5614 eo
1805 5578 2041 5632 namque
2083 5565 2226 5631 quod

662 5646 1033 5700 contentiosus
1067 5648 1137 5701 sit
1171 5651 1514 5716 pervertitur.
1539 5650 1673 5707 Cum
1717 5654 1862 5708 enim
1913 5654 2224 5724 huiusmodi

663 5735 913 5792 homines
957 5742 1194 5808 peccatis
1223 5741 1388 5796 dediti
1426 5743 1554 5806 sint,
1585 5761 1690 5812 qua
1725 5746 1932 5801 ratione
1968 5763 1996 5801 a
2029 5747 2228 5803 virtute

662 5826 1000 5897 dirigantur?
1066 5829 1238 5884 Virum
1278 5834 1528 5900 injustam
1581 5838 1723 5890 mala
1754 5841 1954 5906 capient
1994 5842 2045 5892 in
2095 5842 2226 5893 inte-

2340 4643 2446 4715 γάρ
2477 4661 2582 4696 τινι
2611 4644 2746 4715 πυρὶ
2768 4646 2836 4714 τῇ
2870 4645 3006 4716 ὀργῇ
3042 4644 3440 4708 καταναλώσεις
3469 4645 3685 4709 αὐτούς.
3731 4650 3918 4700 Κατα-

2340 4735 2540 4800 ϐιιλεῖς
2577 4734 2798 4800 αὐτοὺς
2823 4736 2893 4790 ἐν
2937 4737 3389 4804 ταλαιπωρίαις,
3421 4737 3520 4791 καὶ
3558 4739 3632 4791 οὺ
3655 4737 3745 4806 μὴ
3772 4742 3916 4793 ὐπο-

2337 4827 2548 4882 στῶσι.
2589 4829 3017 4900 Περιπεσούνται
3059 4833 3386 4901 συμφοραῖς,
3428 4830 3522 4884 καὶ
3549 4831 3610 4883 ού
3634 4834 3916 4903 περιέσον-

2334 4938 2424 4974 ται
2475 4919 2699 4975 τούτων.
2739 4921 2923 4974 Ταῦτα
2967 4922 3023 4975 δὲ
3073 4922 3360 4992 συμόαίνει
3407 4921 3484 4991 τῷ
3525 4923 3698 4976 Σαοὺλ
3739 4926 3798 4978 ἐν
3839 4923 3913 4993 τῷ

2336 5015 2477 5067 κατά
2521 5013 2648 5076 τοὺς
2694 5012 3022 5082 ἀλλοφύλους
3073 5012 3310 5084 πολέμῳ.
3364 5013 3511 5067 Ἐκεῖ
3535 5013 3646 5085 γὰρ
3685 5015 3912 5084 σφαγεὶς

2332 5106 2548 5171 ἐδέξατο
2574 5105 2636 5158 τὸ
2657 5105 2750 5158 τού
2785 5106 2899 5174 βίου
2923 5106 3093 5168 τέλος.

2417 5198 2588 5266 Ἀνὴρ
2609 5197 2977 5268 τλωσσώδης
3003 5200 3074 5251 οὐ
3103 5198 3645 5266 κατευθυνθήσεται
3676 5201 3777 5254 ἐπὶ
3803 5199 3912 5269 τῆς

2331 5291 2463 5360 γῆς.
2515 5291 2820 5361 Ἐκδέχεται
2867 5292 2964 5362 μὲν
3007 5292 3132 5353 τοὺς
3173 5292 3386 5356 ἀσεϐεῖς
3423 5295 3483 5345 τὸ
3516 5293 3733 5346 αἰώνιον
3779 5295 3907 5366 πῦρ.

2332 5385 2439 5436 Καὶ
2466 5379 2523 5436 ἐν
2547 5383 2720 5453 τούτῳ
2751 5382 2807 5435 δὲ
2837 5383 2916 5452 τῷ
2947 5381 3044 5453 βίῳ
3087 5384 3167 5445 είς
3214 5383 3366 5447 τέλος
3397 5384 3455 5436 ού
3487 5384 3907 5456 mmo-wet,“-

2329 5489 2419 5524 ται
2448 5471 2794 5540 γλωσσὼδης.
2823 5471 3014 5534 Οὐδεὶς
3040 5471 3146 5542 γὰρ
3180 5472 3414 5543 μάχιμός
3435 5489 3494 5524 τε
3523 5473 3618 5525 καὶ
3651 5473 3902 5544 λοίδορος,

2327 5565 2384 5627 ὃς
2412 5566 2559 5617 ἐστιν
2587 5567 2644 5617 ἐν
2678 5566 2742 5634 τῇ
2777 5563 2966 5631 γεώδει
3000 5565 3336 5634 προαιρέσει,
3373 5564 3778 5629 κατευθύνεται,
3806 5565 3905 5618 ὑπὸ

2327 5655 2419 5709 τού
2474 5656 2709 5727 μάχιμος
2756 5652 2894 5708 εἶναι
2944 5655 3387 5727 στρεϐλούμενος.
3424 5657 3903 5729 Φιλαμαρτήμονες

2328 5751 2435 5820 γὰρ
2466 5748 2616 5813 ὄντες
2648 5750 2698 5801 οἱ
2739 5748 2997 5814 τοιοῦτοι,
3034 5748 3148 5811 πῶς
3195 5749 3285 5802 ὑπ’
3327 5749 3527 5820 ἀρετῆς
3561 5750 3906 5804 κατευθύνον-

2327 5859 2444 5906 ut;
2482 5841 2692 5909 Ἄνδρα
2721 5840 2930 5894 ἄδικον
2959 5841 3112 5895 κακὰ
3139 5843 3414 5910 θηρεύσει
3443 5846 3529 5910 είς
3559 5842 3900 5914 διαφθοράν.
