4126 6498
220 436 322 497 537

1313 437 1676 495 EXPOSITIO
1728 439 1800 495 ΙΝ
1848 440 2173 499 PSALMUM
2216 444 2372 500 CXL.

3353 445 3454 501 558

223 552 437 623 Ὠσπερ
488 552 602 624 γὰρ
651 551 755 605 ὑπὸ
794 552 997 608 οίκείαε
1040 552 1195 606 νόσου
1249 553 1617 627 διαφθείρεται
1662 556 1790 611 ἄνευ

1894 560 2021 614 ritu.
2071 557 2238 625 Quasi
2268 560 2413 615 enim
2468 560 2687 630 proprio
2740 559 2841 615 sibi
2881 559 3072 614 morbo
3106 574 3171 613 ex
3217 574 3315 613 sua
3355 558 3455 611 im-

219 649 316 717 τῆς
356 645 558 699 ἑαυτοῦ
610 645 837 709 κακίας,
873 645 1032 715 δίκην
1079 644 1200 708 δοὺς
1247 644 1345 716 τὴν
1393 648 1793 719 προσήκουσαν.

230 734 415 800 Ἱκανὴ
454 734 566 809 γάρ
607 738 755 789 ἐστιν
783 736 901 789 ἀντὶ
932 738 1110 807 πάσης
1150 738 1415 810 τιμωρίας
1444 739 1541 812 τὴν
1569 739 1794 811 ἔχουσαν

221 830 389 901 auctu
427 830 610 903 ψυχὴν
643 832 676 901 ὴ
710 829 875 883 κακία
902 829 1255 901 διαφθείρειν.

609 925 913 978 ΨΑΛΜΟΣ
943 919 1023 987 τῷ
1048 921 1249 976 Δαυτδ.
1277 924 1417 978 PM'.

854 1013 1176 1078 Ὑπόθεσις.

221 1101 443 1172 ὀμοιος
500 1104 595 1157 καὶ
626 1104 788 1169 αὐτὸς
830 1104 909 1176 τῷ
942 1106 1117 1160 ὀπίσω
1155 1109 1363 1170 κεῖται,
1414 1106 1554 1177 πλὴν
1594 1108 1795 1178 δογμα-

854 1196 1052 1250 τικώτε
1060 1214 1169 1267 ρος.

286 1284 504 1351 Κύριε,
550 1284 844 1353 ἐκέκραξα
891 1287 1041 1356 πρὸς
1085 1286 1193 1352 σὲ,
1241 1286 1613 1342 εὶσάκουσόν
1652 1304 1791 1359 μου·

1898 651 2167 721 probitate
2196 653 2399 716 interit,
2439 652 2762 723 congruenti
2812 668 2969 723 poena
3003 652 3286 706 multatus.
3327 650 3453 706 Sola

1898 742 2045 796 enim
2083 741 2404 810 improbitas
2437 743 2675 796 animam
2700 758 2763 797 ca
2806 742 3074 805 all'ectam,
3104 742 3221 796 rice
3248 742 3453 811 suppli—

1897 832 1968 889 cii
1994 832 2303 905 cujuslibet,
2345 836 2399 888 in
2440 835 2715 889 interitum
2744 835 2985 904 conjicit.

2281 924 2620 981 PSALML’S
2678 926 2866 980 David.
2907 924 3071 982 CXL.

2477 1021 2871 1089 Argumentum.

1901 1108 2108 1166 Similis
2133 1119 2216 1167 est
2248 1110 2336 1166 hic
2374 1112 2617 1189 psalmus
2655 1111 3011 1181 praecedenti;
3047 1126 3233 1166 verum
3262 1110 3327 1167 ad
3358 1112 3457 1167 do-

2365 1205 2594 1257 ctrinam
2626 1204 2978 1258 commodior.

1982 1293 2035 1348 1.
2096 1292 2338 1360 Domine,
2371 1292 2594 1347 clamari
2640 1293 2707 1347 ad
2741 1304 2808 1360 te,
2851 1293 3047 1347 exaudi
3082 1309 3200 1347 me:
3252 1292 3455 1347 intende

218 1379 491 1448 κρόσχες
519 1378 592 1447 τῇ
618 1378 789 1449 φωνῇ
813 1378 923 1449 τῆς
943 1378 1206 1450 δεήσεώς
1230 1398 1370 1451 μου,
1393 1381 1463 1434 ἐν
1487 1380 1567 1446 τῷ
1596 1398 1790 1451 κεκρα-

1897 1388 2009 1442 voci
2047 1386 2444 1457 supplicationis
2475 1402 2603 1440 mea:
2640 1402 2757 1439 cum
2803 1389 3095 1439 clamavero
3122 1386 3191 1438 ad
3242 1396 3305 1439 te.
3334 1385 3453 1439 Cla-

220 1469 386 1537 τέναι
428 1486 510 1540 με
539 1470 690 1538 πρὸς
723 1470 815 1525 σέ.
852 1471 918 1523 ἹΙ
951 1469 1165 1543 κραυγὴ
1192 1471 1254 1524 τὸ
1286 1471 1532 1525 σύντονον
1559 1472 1656 1543 τῆς
1683 1471 1795 1526 δια-

220 1560 369 1625 νοίας
407 1562 627 1625 πάντως
666 1560 834 1633 δηλοῖ.
865 1562 1142 1635 Εύμενῶς,
1170 1562 1609 1635 φησὶ,Δέσποτα,
1643 1563 1793 1629 δέξαι

220 1651 316 1722 τὴν
341 1650 485 1722 ὲμὴν
512 1651 766 1707 ἱκετείαν.

288 1745 762 1815 Κατευθυνθήτω
802 1748 841 1816 ἠ
884 1748 1194 1817 προσευχὴ
1236 1765 1352 1818 μου
1397 1749 1480 1815 ὡς
1535 1748 1793 1817 θυμίαμα

216 1838 481 1895 ἐνώπιόν
508 1856 642 1895 σου.
668 1840 748 1894 Τὰ
776 1840 883 1895 circa
919 1840 1154 1903 διανοίας
1196 1839 1499 1911 θυμιάμασι
1526 1840 1792 1912 παρεικά-

1896 1494 2019 1534 mor
2049 1479 2449 1533 contentionem
2498 1479 2693 1533 mentis
2741 1493 2963 1547 prorsus
3006 1476 3224 1531 indicat.
3280 1474 3455 1529 Bene-

1893 1570 2040 1636 volo,
2081 1570 2275 1640 inquit,
2312 1570 2530 1637 animo,
2580 1567 2827 1635 Domine,
2875 1568 3064 1639 excipe
3108 1566 3455 1637 supplicatio-

1892 1680 2015 1719 nem
2050 1678 2245 1717 meant.

1959 1752 2015 1807 2.
2080 1752 2354 1823 Dirigatur
2386 1751 2554 1804 oratio
2605 1765 2719 1804 mea
2769 1751 2901 1803 sicut
2950 1750 3217 1804 incensum
3251 1748 3305 1800 in
3332 1762 3457 1799 con-

1893 1855 2067 1914 spectu
2102 1854 2209 1896 tuo.
2243 1840 2374 1908 Quae
2396 1856 2461 1896 cx
2486 1849 2664 1896 mente
2701 1839 3019 1911 procedunt,
3052 1840 3275 1893 incenso
3311 1851 3455 1892 com-

218 1931 322 1997 ζει,
369 1934 469 1988 ἅτε
507 1934 677 1987 λεπτά
702 1934 851 1999 ὄντα,
881 1936 975 1987 καὶ
1018 1933 1095 2005 τῷ
1137 1934 1282 2005 μόνῳ
1322 1934 1682 2005 άνατιθέμενα
1714 1933 1790 2005 τῷ

1890 1943 2065 2006 parat,
2101 1944 2284 2003 utpote
2313 1947 2435 2003 quae
2470 1932 2687 1987 subtilia
2719 1933 2828 1987 sint
2866 1938 2918 1986 et
2946 1930 3053 1984 Deo
3089 1928 3189 1985 soli
3222 1926 3455 1982 oll'cran-

216 2021 358 2096 Θεῷ.
399 2027 696 2094 Ἔπαρσις
729 2024 849 2080 τῶν
877 2026 1089 2096 χειρῶν
1124 2043 1243 2095 μου
1270 2026 1450 2080 θυσία
1479 2026 1787 2095 compari}.

216 2115 331 2180 Τάς
360 2116 592 2188 πράξεις
628 2116 726 2181 τάς
757 2116 847 2171 διὰ
891 2118 999 2171 τῶν
1046 2118 1244 2189 χειρῶν
1270 2117 1601 2189 δηλουμένας
1631 2117 1791 2189 θυσίᾳ

218 2208 568 2279 παρεικάζει,
602 2208 698 2262 ἅτε
738 2208 1018 2281 παχύτερα
1054 2209 1183 2263 δντα
1229 2209 1375 2282 παρὰ
1404 2211 1504 2271 τάς
1544 2211 1641 2281 τῆς
1676 2212 1791 2265 δια-

215 2301 365 2365 νοίας
390 2300 652 2374 αἱρέσεις.
681 2300 755 2353 Τὸ
772 2300 828 2355 δὲ
854 2303 1146 2373 ἑσπερινήν
1172 2318 1356 2373 φησιν,
1386 2304 1468 2357 ὅτι
1493 2303 1598 2375 χρὴ
1629 2303 1788 2377 μέχρι

214 2392 401 2457 τέλους
433 2390 660 2465 πράξεις
691 2392 1025 2464 ἐπιτηδεύειν
1049 2392 1277 2462 ἀγαθάς.

284 2482 430 2547 Θοῦ,
462 2486 660 2551 Κύριε,
684 2483 969 2551 φυλακὴν
1001 2483 1078 2549 τῷ
1101 2485 1353 2554 στόματί
1373 2503 1515 2554 μου,
1550 2486 1649 2539 καὶ
1688 2488 1788 2540 θύ-

1890 2036 1997 2081 tur.
2044 2024 2282 2079 Elevatio
2320 2040 2571 2077 manuum
2614 2039 2845 2077 mearum
2890 2022 3215 2093 sacriﬁcium
3252 2035 3454 2097 vesper-

1890 2117 2077 2171 tinum.
2112 2115 2287 2186 Opera
2315 2130 2411 2186 per
2454 2130 2650 2169 manus
2676 2114 2820 2170 edita
2852 2116 3120 2169 sacrilicio
3151 2119 3452 2184 comparat,

1888 2210 2016 2280 quia
2053 2210 2397 2264 sensibiliora
2429 2220 2553 2265 sunt
2583 2209 2749 2262 animi
2791 2210 3179 2264 voluntatibus.
3224 2206 3455 2277 Vesper-

1890 2302 2062 2355 tinum
2095 2310 2273 2355 autem
2318 2302 2414 2366 ait,
2450 2301 2575 2371 quia
2606 2310 2812 2371 oportet
2845 2302 2908 2355 ad
2938 2304 3094 2355 linem
3141 2315 3312 2369 usque
3353 2301 3451 2355 bo-

1889 2392 1976 2447 nis
2004 2391 2254 2462 operibus
2288 2407 2500 2448 \‘acare.

1959 2488 2014 2543 '5.
2078 2485 2242 2550 Pone,
2284 2484 2526 2550 Domine,
2556 2485 2851 2538 custodiam
2887 2486 2967 2537 ori
3007 2501 3139 2551 meo,
3170 2498 3216 2539 et
3262 2485 3453 2539 ostium

210 2591 327 2642 ραν
370 2572 661 2644 περιοχῆς
702 2574 835 2643 περὶ
877 2573 949 2628 τὰ
994 2575 1164 2643 χείλη
1199 2592 1339 2645 μου.
1386 2577 1599 2648 Ἐπειδὴ
1648 2578 1789 2647 μέγα

1890 2579 2304 2633 circumstantia:
2333 2576 2489 2630 labiis
2522 2578 2669 2631 meis.
2702 2574 2840 2643 Quia
2874 2576 3023 2629 norit
3056 2591 3306 2646 magnam
3337 2590 3449 2629 rem

214 2659 319 2718 οἶδε
339 2665 405 2719 τὸ
424 2664 719 2736 κατορθοῦν
746 2667 843 2737 τῆς
866 2663 1113 2735 γλώσσης
1134 2667 1232 2733 τὴν
1259 2667 1521 2739 φυλακὴν.
1544 2670 1633 2721 τὸν
1658 2670 1788 2722 Θεὸν

1889 2685 2010 2726 esse
2062 2670 2297 2740 linguam
2348 2669 2585 2737 perfecte
2635 2669 2930 2734 custodire,
2967 2666 3137 2722 Deum
3192 2675 3347 2737 rogat
3397 2679 3454 2721 ut

214 2758 359 2810 αἰτεῖ
378 2756 580 2827 ταύτης
604 2756 703 2827 τὴν
728 2758 1051 2829 ἐγκράτειαν
1075 2757 1224 2829 αύτῷ
1246 2758 1591 2831 χαρίσασθαι.

1891 2760 1995 2817 sibi
2028 2759 2290 2814 concedat
2327 2760 2523 2827 linguae
2559 2760 2999 2827 temperantiam.

289 2847 390 2916 Μὴ
416 2848 701 2915 ἐκκλίνῃς
732 2846 847 2915 τὴν
878 2848 1130 2915 καρδίαν
1164 2866 1284 2917 μου
1324 2852 1411 2916 εις
1438 2853 1659 2921 λόγους
1685 2866 1789 2904 ,πο-

1960 2853 2014 2907 4.
2074 2851 2193 2907 Νυη
2236 2851 2461 2905 declines
2495 2866 2584 2903 cor
2631 2866 2798 2904 meum
2830 2852 2882 2903 in
2924 2851 3079 2904 verba
3104 2850 3345 2903 malitias.
3396 2843 3453 2901 Id

214 2940 447 3006 τηρίας.
477 2938 731 2991 Τουτέστι
765 2939 837 3009 μὴ
868 2939 1228 3011 συγχωρησῃς
1260 2943 1683 3013 παρατραπῆναι
1709 2945 1789 3006 εἰς

1889 2957 1991 3012 est,
2028 2963 2096 3001 ne
2128 2945 2394 3001 concedas
2436 2954 2667 2997 mentem
2715 2957 2890 2996 meam
2921 2942 3085 2996 semel
3127 2942 3293 3011 probe
3322 2956 3454 2995 con-

214 3028 275 3081 τδ
306 3029 549 3081 ἐναντίον
584 3028 683 3101 τὴν
711 3027 857 3093 ἅπαξ
898 3028 1074 3093 καλῶς
1117 3031 1645 3086 κατασκευασθεῖσαν
1688 3052 1786 3105 μου

1889 3040 2165 3094 cinnatatn
2198 3039 2252 3091 in
2290 3036 2579 3091 adversum
2607 3050 2847 3105 vergere,
2902 3042 2961 3088 ut
3005 3048 3112 3088 non
3146 3033 3448 3100 admittam,

212 3126 473 3181 διάνοιαν⁸
498 3127 585 3179 ἴνα
615 3126 687 3198 μὴ
712 3127 1053 3197 νοῶηφησὶν,
1078 3128 1283 3191 ἑννοίας
1309 3126 1671 3198 παρανομίας.

284 3218 603 3271 Πωδεύσει
631 3234 709 3286 με
739 3217 966 3283 δίκαιος
993 3218 1063 3271 ἐν
1091 3217 1264 3284 ἐλέει,
1297 3219 1394 3271 καὶ
1428 3217 1657 3285 ἐλέγξει
1685 3234 1762 3286 με
1811 3266 1853 3321 C

214 3309 404 3363 Πίσαν
439 3310 537 3380 μὲν
559 3309 805 3365 παιδείαν
834 3310 1093 3381 δεξαίμην
1129 3309 1221 3363 τοῦ
1246 3309 1474 3372 δικαίου,
1508 3309 1608 3379 τὴν
1630 3307 1780 3360 εὐλο-

212 3402 339 3471 γίαν
371 3401 429 3455 δὲ
462 3402 555 3456 καὶ
594 3402 694 3474 τὴν
732 3402 1018 3458 κολακείαν
1065 3401 1157 3456 τοῦ
1209 3400 1532 3473 ἁμαρτωλοῦ
1567 3402 1642 3473 μὴ
1690 3400 1786 3452 λά-

214 3494 389 3565 ϐοιμι,
420 3492 487 3548 δι’
524 3488 593 3565 ἦς
621 3493 809 3566 ὥσπερ
860 3494 1038 3549 ἔλαιον
1079 3494 1178 3566 τὴν
1211 3493 1452 3564 κεφαλήν
1482 3509 1583 3563 μου
1617 3508 1786 3547 κατα-

217 3584 482 3656 χρίουσιν.

288 3674 410 3728 Ὀτι
434 3675 523 3728 ἔτι
554 3673 654 3728 καὶ
675 3672 715 3741 ἠ
747 3672 1056 3743 προσευχὴ
1085 3689 1203 3742 μου
1232 3672 1303 3725 ἐν
1330 3671 1459 3738 ταῖς
1485 3671 1787 3737 εὺδοκίαις

211 3764 447 3831 αὐτῶν,
484 3767 904 3834 κατεπόθησαν
948 3766 1203 3836 ἐχόμενα
1254 3762 1471 3832 πέτρας
1509 3767 1562 3817 οι
1594 3763 1787 3833 κριταὶ

212 3857 430 3913 αὐτῶν.
471 3858 685 3927 Ἐγγὺς,
728 3859 891 3931 φησὶ,
919 3859 1124 3927 πέτρας
1155 3856 1432 3926 γενόμενοι
1466 3873 1789 3911 καταποντι-

216 3947 526 4017 ςθήσονται.
561 3947 821 4018 Σημαίνει
848 3946 926 4009 δὲ,
958 3947 1033 4010 ὡς
1067 3945 1231 4009 αὐτὸς
1257 3945 1453 4009 αὐτοὺς
1482 3949 1510 4000 ὁ
1554 3948 1787 4018 Χριστὸς

214 4036 601 4091 καταποντίσει
638 4039 718 4100 εἰς
771 4036 860 4108 τὴν
888 4037 1142 4091 ἄϐυσσον.
1184 4036 1561 4090 Ἀκούσονται
1588 4036 1660 4090 τὰ
1678 4036 1787 4104 ῥή-

207 4128 370 4203 ματά
412 4146 568 4199 μου,
615 4126 704 4182 ὅτι
750 4128 1124 4197 ὴδὺνθησαν.
1155 4127 1446 4190 Ἐκόασις,
1494 4128 1659 4199 φησὶ,
1691 4128 1789 4199 τῆς

215 4224 334 4274 κατ’
367 4220 547 4275 αὐτῶν
585 4219 969 4292 προλεχθείσης
994 4221 1281 4291 τιμωρίας,
1319 4219 1500 4273 πίστιν
1534 4218 1788 4290 ἀληθείας

216 4311 309 4364 καὶ
340 4309 672 4379 εὐπρεπείας
700 4310 770 4363 τὰ
807 4310 916 4381 ἐμὰ
943 4308 1155 4363 λάϐοιεν
1187 4313 1425 4382 ῥήματα.

297 4402 456 4455 Ὠσεὶ
500 4400 695 4469 πάχος
746 4400 860 4471 γῆς
909 4399 1129 4471 ἐρῤάγη
1176 4401 1273 4453 ἐπὶ
1308 4399 1419 4467 τῆς
1464 4399 1598 4470 γῆς.
1641 4401 1784 4468 Πᾶν,

216 4492 384 4563 φησὶ,
424 4491 484 4544 τὸ
523 4490 725 4559 γεῶδες
769 4489 925 4560 ἡμῶν
965 4486 1361 4562 διερῤήξαμεν,
1410 4489 1789 4555 ταπεινοῦντες

1890 3130 2087 3199 inquit,
2117 3128 2476 3198 cogitationes
2516 3128 2840 3197 iniquitatis.

1960 3223 2014 3276 5.
2071 3220 2329 3290 Corripiet
2377 3236 2454 3272 me
2474 3219 2652 3288 justus
2684 3220 2737 3271 in
2781 3216 3163 3278 misericordia,
3200 3226 3248 3270 et
3285 3217 3452 3269 incre-

1884 3314 2029 3385 pabit
2064 3331 2161 3378 me,
2206 3320 2311 3367 etc.
2352 3309 2581 3365 Omnem
2616 3311 3026 3379 castigationem
3060 3324 3088 3363 a
3128 3309 3275 3376 justo
3309 3309 3450 3362 acci-

1886 3407 2030 3477 piam
2060 3425 2073 3460 :
2110 3405 2541 3460 benedictionem
2573 3411 2753 3455 autem
2784 3411 2834 3455 et
2862 3400 3225 3454 adulationem
3256 3412 3449 3466 pecea-

1887 3495 2024 3551 toris
2072 3510 2140 3550 ne
2173 3494 2481 3561 admittam,
2521 3508 2627 3563 qua
2681 3492 2847 3547 veluti
2886 3492 3005 3547 oleo
3054 3500 3217 3561 caput
3268 3506 3447 3543 meum

1886 3586 2176 3655 inungunt.

1956 3679 2010 3733 ϐ.
2064 3679 2321 3745 Quoniam
2356 3678 2526 3731 adhuc
2557 3688 2603 3731 et
2654 3678 2823 3729 oratio
2865 3692 2977 3729 mea
3024 3677 3077 3728 in
3109 3675 3448 3745 bencplacitis

1885 3787 2087 3835 eorum,
2133 3770 2366 3838 absorpti
2408 3780 2527 3823 sunt
2568 3768 2729 3837 juxta
2772 3776 2975 3837 petram
3006 3766 3211 3833 judices
3245 3781 3446 3819 eorum.

1885 3859 2048 3915 Juxta
2100 3870 2302 3929 petram
2349 3860 2653 3922 constituti,
2693 3859 2788 3919 ait,
2849 3856 3302 3912 absorbebuntur.
3366 3851 3450 3908 Si-

1887 3952 2109 4023 gniﬁcat
2136 3960 2315 4006 autem
2346 3951 2521 4020 ipsum
2554 3951 2831 4004 Christum
2868 3962 2961 4002 eos
2991 3948 3043 4000 in
3075 3948 3331 4017 abyssum
3354 3945 3451 4001 de-

1888 4057 2214 4096 mersurum.
2244 4039 2469 4094 Audient
2503 4042 2653 4093 rerba
2689 4056 2803 4094 mea
2835 4039 3080 4109 quoniam
3120 4036 3447 4105 placuerunt.

1890 4133 2163 4198 Eventus,
2220 4135 2314 4199 ait,
2372 4133 2716 4202 prmuuntiati
2776 4142 2963 4187 contra
3024 4131 3143 4186 illos
3201 4130 3451 4200 supplicii

1888 4226 2103 4280 aderit:
2155 4225 2280 4279 hinc
2326 4234 2506 4277 autem
2550 4224 2793 4278 veritatis
2851 4231 2906 4277 et
2955 4222 3237 4277 modestiae
3286 4221 3447 4276 ﬁdem

1886 4320 2051 4373 verba
2084 4332 2202 4371 mea
2238 4317 2522 4385 accipient.

1961 4410 2011 4463 7.
2068 4408 2213 4463 Sicut
2240 4410 2531 4462 crassitudo
2563 4417 2715 4461 terra:
2740 4416 2924 4477 erupta
2947 4416 3023 4460 est
3046 4422 3202 4475 super
3230 4416 3444 4459 terram.

1888 4504 2044 4571 Quod
2079 4512 2350 4557 terrenum
2381 4511 2497 4555 erat
2542 4502 2595 4555 in
2638 4501 2818 4563 nobis,
2878 4500 3076 4569 inquit,
3125 4500 3447 4569 dirupimus,

214 4580 440 4643 ἑαυτοὺς
464 4579 551 4632 διὰ
574 4578 655 4632 σέ·
688 4578 859 4642 οὕτως
883 4578 959 4642 ὡς
986 4582 1167 4633 πᾶσαν
1197 4580 1420 4649 δύναμιν
1444 4580 1600 4649 ἡμῶν
1625 4580 1784 4651 μέχρι

1890 4598 2251 4665 nosmetipsos
2279 4604 2496 4664 propter
2540 4603 2589 4648 te
2640 4593 3021 4658 bumiliantes;
3065 4593 3137 4645 ita
3169 4601 3227 4645 ut
3270 4595 3449 4649 omnis

214 4668 339 4740 ᾅδου
369 4666 777 4739 κατενεχθῆναι.
802 4668 1023 4738 Ὅμοιον
1047 4666 1103 4721 δὲ
1127 4667 1285 4721 τοῦτο
1310 4666 1407 4736 τῷ,
1432 4668 1643 4721 Ἕνεκα
1666 4667 1781 4723 σοῦ

214 4760 623 4831 θανατούμεθα
654 4760 804 4829 ὅλην
836 4759 950 4829 τὴν
974 4759 1221 4830 ἡμέραν.

286 4959 409 5011 Ὀτι
445 4956 593 5024 πρὸς
621 4955 727 5021 σὲ,
765 4957 959 5025 Κύριε,
997 4956 1191 5025 Κύριε,
1236 4959 1289 5011 οἱ
1323 4958 1617 5026 ὀφθαλμοί
1642 4976 1780 5029 μου.

226 5048 368 5117 Ἐγὼ
397 5049 455 5102 δὲ
476 5048 649 5101 οὐδενὶ
672 5048 778 5101 τῶν
804 5048 1151 5120 ἀνθρωπίνων
1179 5047 1381 5122 6αρρὦ
1407 5048 1540 5103 ἀλλὰ
1564 5051 1661 5121 τὴν
1688 5050 1785 5122 σὴν

215 5139 507 5211 προσμένω
536 5139 785 5211 βοήθειαν
807 5180 821 5205 ,
850 5140 943 5194 καὶ
973 5139 1271 5211 παρακαλῶ
1300 5141 1497 5209 ταύτης
1530 5141 1626 5213 τὴν
1650 5144 1786 5214 ἐμὴν

218 5234 292 5303 μὴ
326 5231 677 5302 γυμνωθῆναι
711 5232 909 5303 ψυχήν.
952 5233 1072 5284 ἐπὶ
1107 5231 1206 5285 σοι
1236 5230 1500 5300 ἤλπισα,
1527 5233 1611 5302 μὴ
1642 5234 1785 5288 άντ-

214 5324 437 5393 ανέλῃς
483 5322 597 5391 τὴν
626 5323 838 5393 ψυχήν
875 5341 1013 5393 μου.
1069 5325 1213 5378 Ἀντὶ
1247 5324 1372 5377 τοῦ·
1416 5323 1507 5396 Μὴ
1550 5326 1784 5401 ἐκχύτης

214 5416 247 5488 ἢ
278 5413 589 5484 ὲκκενώσῃς
618 5415 717 5485 τῆς
747 5413 958 5477 ἐλπίδος
992 5408 1058 5484 ἧς
1092 5413 1198 5483 ἔχω
1225 5413 1357 5484 πρὸς
1390 5415 1469 5467 σέ.

284 5506 618 5560 Πεσοῦνται
654 5506 724 5557 ἐν
754 5506 1179 5574 ἀμφιθλήστρῳ
1208 5505 1406 5559 αὐτῶν
1446 5509 1499 5560 οἱ
1525 5507 1785 5577 ἁμαρτω·

214 5600 330 5653 λοι.
394 5597 749 5666 Ἐμπέσοιεν,
800 5601 986 5670 φησὶν,
1030 5602 1111 5661 εἰς
1159 5600 1228 5653 τὰ
1266 5600 1469 5652 ἑαυτῶν
1518 5599 1711 5655 δίκτυα
1734 5604 1784 5654 οἱ

212 5688 547 5760 ἁμαρτωλοί.
587 5692 934 5759 Καταμόνας
958 5693 1071 5761 εἰμὶ
1102 5692 1217 5764 ἐγὼ
1250 5691 1358 5758 ἕως
1386 5691 1462 5747 ἂν
1491 5694 1779 5762 παρέλθω.

254 5869 296 5902 ’⁷
330 5866 490 5923 Rom.
526 5880 645 5930 rm,
690 5868 778 5925 56.

1886 4698 2073 4745 nostra
2103 4689 2271 4741 virtus
2305 4688 2368 4739 ad
2399 4685 2669 4740 infernum
2711 4701 2883 4754 usque
2916 4684 3327 4753 deprimeretur.
3364 4684 3451 4739 Si-

1886 4781 2014 4835 mile
2038 4788 2122 4833 est
2151 4790 2327 4832 autem
2380 4776 2499 4829 illi:
2537 4774 2760 4840 Propter
2805 4786 2853 4828 te
2904 4775 3292 4844 mortiﬁcamur
3341 4785 3451 4830 tota

1884 4873 1969 4925 die
1995 4869 2064 4924 ³⁷.

1956 4960 2008 5014 8.
2065 4958 2203 5025 Quia
2248 4959 2317 5012 ad
2345 4967 2412 5021 te,
2459 4956 2699 5021 Domine,
2734 4956 2976 5022 Domine,
3004 4953 3146 5008 oculi
3185 4955 3307 5008 mei.
3335 4952 3449 5025 Ego

1886 5069 2015 5108 vero
2045 5053 2176 5107 nulli
2206 5051 2455 5105 humana:
2484 5051 2559 5105 rei
2589 5050 2840 5114 conﬁdo;
2871 5050 2962 5103 sed
2998 5058 3148 5102 tuum
3192 5061 3446 5117 exspecto

1885 5145 2168 5211 auxilium,
2208 5154 2262 5198 et
2302 5160 2432 5213 rogo
2461 5153 2521 5197 ut
2565 5159 2632 5197 ne
2663 5142 2843 5196 anima
2888 5157 3008 5195 mea
3056 5141 3149 5194 illo
3190 5139 3444 5194 nudetur.

1887 5236 1953 5290 In
1996 5250 2045 5291 te
2089 5238 2314 5306 speravi,
2353 5252 2454 5288 non
2493 5235 2704 5304 auferas
2750 5235 2986 5287 animam
3036 5246 3221 5285 meam.
3258 5230 3309 5285 Id
3342 5240 3443 5293 est,

1887 5344 1953 5381 te
1994 5326 2239 5381 eﬂ'uttdas
2270 5336 2364 5379 aut
2389 5339 2617 5380 cvacucs
2649 5338 2811 5394 quam
2848 5323 2898 5377 in
2935 5332 2986 5377 te
3026 5322 3253 5391 positam
3293 5336 3449 5390 spem

1886 5419 2079 5474 habeo.

1956 5512 2042 5565 l0.
2106 5509 2304 5565 Cadent
2338 5513 2391 5564 in
2415 5510 2667 5564 retiacqu
2692 5508 2805 5578 ejus
2831 5518 3146 5578 peccatores.
3182 5506 3442 5572 lncidant,

1887 5604 2081 5673 inquit,
2118 5604 2173 5657 in
2206 5620 2302 5657 sua
2350 5604 2481 5657 retia
2531 5615 2845 5673 peccatores
2878 5620 2890 5655 :
2937 5600 3288 5671 Singulariter
3328 5615 3444 5653 sum

1884 5714 1996 5768 ego,
2031 5698 2192 5750 donec
2226 5706 2510 5751 transeam.
2542 5694 2717 5763 Tunc,
2750 5699 2843 5763 ait,
2868 5698 2985 5751 sine
3028 5696 3221 5749 timore
3256 5704 3308 5750 et
3335 5692 3447 5749 sol-
