4126 6482
233 452 328 507 541

1303 437 1668 497 ΕΧΡΟΞΙΤΙΟ
1707 435 1772 491 ΙΝ
1812 429 2147 489 νδΑωιωι
2182 427 2413 486 CXLIII.

3371 412 3477 471 542

243 570 376 642 Ἐμὲ
402 567 775 638 ὑπομένουσι
802 567 1013 620 δίκαιοι
1045 564 1156 629 ἕως
1199 558 1273 619 οὗ
1318 558 1665 625 ἁνεαποδῷς
1684 573 1806 627 μοι.

1925 570 2005 607 nec
2031 551 2293 606 retribuas
2334 546 2484 601 mihi.
2534 542 2592 597 Si
2626 558 2712 597 me
2745 540 2941 597 exhinc
2972 534 3251 595 eduxeris.
3281 532 3478 601 inquit,

245 664 371 719 Ἐὰν
397 661 670 735 ἐξαγάγῃς
697 678 784 731 με,
814 658 997 729 φησιν,
1031 654 1278 710 ἐντεῦθεν
1306 652 1674 725 ἀμειψάμενός
1702 666 1803 721 μου

231 758 333 821 τὰς
361 754 572 825 ἀγαθὰς
603 753 851 826 πράξεις,
894 751 989 803 καὶ⁸
1035 750 1085 802 οἱ
1112 747 1288 801 λοιποὶ
1310 746 1507 799 δίκαιοι
1533 746 1631 815 ἐμὲ
1670 742 1803 795 ὑπό-

233 851 434 919 δειγμα
466 847 571 918 πρὸ
598 844 889 916 ὀφθαλμῶν
912 843 1157 913 ἔχοντες,
1192 840 1285 894 καὶ
1321 841 1386 893 ὲκ
1415 839 1524 892 τῶν
1556 839 1676 891 κατ’
1706 835 1807 906 ἐμὲ

234 941 305 995 τά
334 942 458 994 κατ’
485 939 680 1002 αὐτοὺς
707 935 1220 1007 ἀποταμιευόμενοι,
1243 930 1579 987 ἀποδώσουσι
1602 946 1684 982 σοι
1710 927 1809 990 τὰς

235 1034 389 1097 λιτάς
419 1032 513 1087 καί
539 1050 621 1086 σοι
656 1029 1145 1104 προσδραμοῦνται.

243 1142 558 1200 ΨΛΔΜΟΣ
592 1141 750 1210 ᾠδῆς
777 1139 856 1206 τῷ
887 1141 1086 1206 Δαυῒδ,
1118 1141 1215 1194 ὅτε
1241 1139 1600 1194 κατεδίωκεν
1624 1137 1811 1192 αὐτὸν

505 1234 539 1285 ό
562 1229 689 1297 υιύς
710 1230 895 1284 αὑτοῦ
932 1230 1327 1299 Ἀϐεσσαλὼμ.
1352 1230 1538 1283 PMB’.

864 1322 1189 1388 'I‘adOwtc.

238 1418 351 1470 Καὶ
376 1407 532 1479 οὗτος
560 1414 751 1487 ὁμοίαν
794 1416 907 1486 ἔχει
946 1413 1037 1468 τοῦ
1069 1414 1174 1485 πρὸ
1212 1412 1379 1467 αὑτοῦ
1409 1413 1507 1485 τὴν
1536 1411 1809 1467 ὑπόθεσιν.

310 1508 542 1579 Εὖχεται
585 1509 692 1581 γὰρ
736 1509 842 1563 ἀπὸ
874 1508 982 1561 τῶν
1023 1507 1326 1561 διωκόντων
1369 1507 1657 1578 ρυσθῆναι’,
1684 1505 1759 1569 ὠς
1785 1508 1815 1559 ὁ

325 1600 641 1665 Ἀπόστολὸς
684 1618 838 1672 φησι.
885 1599 1139 1662 Τυπικῶς
1165 1599 1221 1653 δὲ
1261 1598 1434 1653 ταῦτα
1475 1597 1669 1668 συνέϐη
1704 1600 1815 1661 τοῖς

310 1690 719 1761 ἀρχαιοτέροιςο
770 1690 989 1763 ἐγράφη
1028 1691 1085 1745 δὲ
1136 1688 1273 1761 πρὸς
1318 1686 1600 1742 νουθεσίαν
1634 1686 1811 1758 ἡμῶν.

310 1780 686 1853 Διδασκόμεθα
710 1782 886 1836 τοίνυν
923 1784 980 1835 ὲν
1004 1781 1384 1852 περιστάσεσιν
1413 1778 1506 1832 ἐπὶ
1538 1778 1695 1847 μόνον
1718 1795 1817 1830 κα-

312 1873 605 1943 ταφεύγειν
644 1872 734 1926 τὸν
763 1872 915 1953 βεόν.
959 1872 1154 1926 ’ἰστέον
1185 1871 1241 1924 δὲ
1272 1872 1351 1925 ὅτι
1380 1869 1705 1940 ἀναφέρεται
1737 1869 1816 1929 εἰς

311 1964 375 2018 τὸ
395 1966 494 2035 τῆς
524 1964 935 2039 ἀνθρωπότητος
964 1964 1250 2035 πρόσωπον
1279 1966 1311 2035 ἡ
1348 1961 1618 2033 προσευχὴ
1650 1976 1817 2014 κατα-

310 2053 644 2125 διωκομένης
675 2055 769 2108 καὶ
800 2052 1117 2126 θλιϐομένης
1146 2054 1249 2106 ὑπὸ
1275 2052 1368 2106 τοῦ
1399 2050 1817 2119 πλεονεκτήσανι

312 2162 404 2208 τος
431 2145 661 2207 Σατανᾶ,
692 2140 752 2200 οὗ
777 2146 869 2199 καὶ
900 2145 1161 2217 ρυσθῆναι
1188 2143 1407 2215 εῠχεται
1438 2141 1526 2194 δια
1551 2142 1648 2212 τῆς
1678 2157 1817 2211 παρ-

311 2234 497 2299 ουσιας
524 2234 617 2287 τοῦ
650 2233 1005 2302 Μονογενοῦς.

313 2329 522 2397 Κύριε,
566 2328 931 2383 εἰσάκουσον
974 2326 1085 2397 τῆς
1115 2324 1462 2396 προσευχῆς
1499 2343 1639 2395 μου.
1689 2325 1814 2378 Εἰσ-

244 2420 595 2492 ακουσθῆναι,
616 2422 799 2493 φησὶν,
818 2418 952 2485 ἀξιῶ
971 2418 1057 2472 διὰ
1070 2420 1167 2489 τῆς
1194 2419 1290 2489 σῆς
1309 2416 1814 2488 ἀληθείας.⁸⁸ομοιον

244 2509 298 2562 δὲ
330 2509 462 2561 ὼσεὶ
489 2509 655 2577 λέγοι·
696 2510 827 2561 Ἐσο
866 2527 953 2578 μοι
984 2508 1249 2578 ὑπήκοος,
1282 2506 1373 2559 τὸν
1407 2506 1685 2575 Μονογενῆ
1720 2522 1814 2558 σου

247 2599 589 2667 ἀποστείλας,
619 2600 678 2664 ὃς
707 2600 853 2653 ἐστιν
874 2598 1096 2671 ἀλήθεια
1125 2598 1218 2651 καὶ
1248 2596 1582 2667 δικαιοσύνη.

1908 646 1963 700 in
1995 642 2300 699 mercedem
2344 639 2610 693 bonorum
2639 648 2889 703 cperunt,
2918 628 3109 698 reliqui
3131 624 3268 697 justi
3307 638 3393 680 me
3422 622 3479 676 in

1908 734 2224 805 exemplum
2253 746 2366 802 pra:
2393 728 2567 784 oculis
2590 726 2875 788 habentes,
2902 732 2959 777 et
2992 736 3058 777 ex
3086 720 3153 774 iis
3183 732 3305 788 qua:
3342 713 3481 771 mihi

1907 829 2254 896 contigerunt
2289 837 2411 893 qua:
2454 821 2603 891 ipsos
2648 824 2893 887 spectant
2926 828 3109 869 secum
3143 818 3478 878 reputantes,

1910 919 2336 991 supplicationes
2360 913 2585 969 otI‘crent
2615 910 2709 965 tibi
2735 919 2789 964 et
2819 908 2885 961 ad
2912 916 2964 961 te
2992 912 3299 961 accurrunt.

1912 1141 1967 1194 ‘I.
2009 1130 2352 1191 PSALJIUS
2380 1129 2576 1184 cantici
2614 1128 2808 1189 Dauid,
2839 1122 3047 1197 quando
3078 1131 3482 1190 persequentur

2122 1240 2239 1281 eum
2287 1221 2592 1278 Abessalom
2647 1220 2791 1290 ﬁlius
2845 1218 2979 1287 ejus.
3034 1210 3265 1269 CXLII.

2494 1315 2892 1384 Argumentum.

1919 1414 2125 1471 Similis
2179 1408 2487 1481 argumenti
2542 1422 2666 1462 cum
2724 1406 2906 1475 priore
2954 1410 3038 1456 est
3074 1399 3165 1455 hic
3210 1395 3477 1467 psalmus.

1985 1506 2161 1575 Rogat
2217 1502 2363 1559 enim
2417 1498 2637 1554 liberari
2694 1512 2725 1551 a
2777 1490 3249 1565 persequentibus,
3303 1495 3362 1541 ut
3405 1488 3484 1540 ait

1984 1596 2297 1667 Apostolus.
2346 1592 2602 1662 Figurate
2641 1600 2822 1643 autem
2866 1587 3055 1642 isthzec
3083 1578 3482 1651 antiquioribus

1984 1686 2276 1756 contigere,
2317 1682 2631 1752 scriptaque
2678 1686 2805 1733 sunt
2852 1676 2919 1731 ad
2966 1673 3320 1729 monitionem
3378 1687 3483 1725 no-

2000 1789 2195 1837 stram.
2240 1776 2511 1830 Docemur
2560 1773 2746 1842 itaque
2786 1771 2841 1824 in
2880 1767 3260 1824 occasionibus
3297 1763 3363 1817 ad
3396 1779 3483 1818 so-

2004 1871 2116 1925 lum
2183 1867 2353 1923 Deum
2407 1864 2722 1935 confugere.
2788 1860 3079 1916 Sciendum
3144 1866 3325 1910 autem
3374 1862 3481 1920 est,

2011 1962 2316 2017 orationem
2346 1957 2539 2013 referri
2577 1957 2645 2011 ad
2678 1969 2963 2025 personam
2996 1954 3248 2007 humana:
3274 1958 3484 2003 natura:

2003 2055 2220 2126 agitatae
2252 2062 2307 2108 et
2340 2052 2549 2107 amictae
2590 2050 2659 2104 ab
2714 2056 3000 2119 arrogante
3045 2046 3137 2099 illo
3180 2040 3404 2106 Satana,
3451 2055 3484 2094 a

1999 2163 2109 2217 quo
2143 2161 2237 2217 per
2268 2142 2539 2213 Unigeniti
2572 2141 2861 2195 adventum
2900 2137 3091 2192 redimi
3133 2149 3194 2190 se
3223 2132 3481 2203 postulat.

1989 2320 2044 2375 2.
2110 2320 2368 2383 Domine,
2422 2318 2615 2372 exaudi
2664 2317 2951 2371 orationem
2995 2329 3183 2367 nteant.
3225 2309 3485 2366 Esandin

1920 2428 2028 2478 me,
2076 2413 2272 2482 inquit,
2324 2411 2537 2481 postulo
2590 2424 2683 2479 per
2717 2409 3000 2463 veritatem
3034 2415 3204 2461 tuam.
3256 2402 3488 2460 Perinde

1921 2516 2100 2559 autem
2129 2512 2213 2560 est
2246 2518 2309 2557 ac
2337 2503 2384 2557 si
2414 2502 2649 2557 diceret:
2679 2499 2889 2553 Exaudi
2922 2514 3029 2562 me,
3063 2499 3325 2567 mitteque
3355 2494 3487 2551 Uni-

1922 2596 2163 2666 genitum
2190 2604 2367 2660 tuum,
2399 2592 2493 2663 qui
2524 2600 2611 2648 est
2646 2591 2844 2647 veritas
2879 2598 2933 2644 et
2956 2587 3193 2660 iustitia.

1266 2713 1448 2785 (Deest
1485 2729 1655 2768 unum
1705 2710 1893 2766 folium
1942 2710 1997 2766 in
2040 2710 2194 2765 Colh.
2239 2709 2275 2763 2
2307 2718 2362 2764 ct
2397 2709 2475 2778 5.)

329 2810 605 2866 Ἐκάθισέ
641 2828 719 2880 με
765 2812 834 2865 ἐν
873 2810 1205 2876 σκοτεινοῖς
1235 2808 1377 2864 ὡσεὶ
1410 2807 1659 2877 νεκροὺς
1685 2805 1821 2860 aldi-

250 2920 371 2969 νος.
399 2902 625 2955 Σκοτίαν
652 2903 749 2974 τὴν
775 2903 1045 2971 ἀγνωσίαν
1067 2904 1133 2973 ἢν
1162 2901 1285 2972 ἔσχε
1315 2901 1443 2953 ποτὲ
1465 2898 1630 2971 δηλοῖ.
1658 2898 1823 2951 Οὐδὲν

248 2995 356 3063 γάρ
388 2994 716 3065 διεφερόμην
748 2994 963 3066 νεκροῦ.
992 2994 1234 3066 Νεκροὺς
1267 2992 1518 3053 αἰωνίους
1563 2992 1687 3053 τοὺς
1718 2990 1824 3044 πά-

248 3088 335 3141 λαι
367 3086 651 3140 εἰδωλολάτ
660 3104 756 3157 ρας
785 3086 968 3157 φησιν.

323 3262 481 3331 Ταχὺ
516 3260 882 3317 εὶσάκουσὸν
905 3280 1045 3332 μου,
1071 3262 1265 3332 Κύριε,
1288 3260 1529 3325 ἐξέλιπε
1550 3260 1613 3315 τὸ
1639 3260 1819 3316 πνεῦ-

245 3355 331 3425 μά
365 3374 508 3426 μου.
558 3356 645 3409 Ἑν
687 3359 809 3419 ταῖς
858 3354 1112 3426 ἐσχάταις
1159 3354 1559 3425 περιστάσεσιν,
1606 3355 1822 3410 ἐπειδὰν

251 3448 651 3501 ἀνακινδυνεύει
692 3448 834 3511 τινος
876 3449 908 3518 ἡ
945 3447 1111 3517 ψυχὴ,
1143 3445 1411 3517 προσήκει
1438 3444 1595 3500 τοῦτο
1625 3445 1823 3516 λέγειν,

251 3542 311 3593 οὐ
356 3542 464 3611 μὴν
505 3542 563 3593 ἐν
599 3540 961 3611 ἀνθρωπίνοις
1008 3539 1328 3611 πράγμασιν
1374 3541 1685 3609 ἀναγκαίως
1730 3556 1824 3592 κε·-

252 3634 503 3707 χρῆσθαι.

334 3722 654 3779 Ἀκουστὼ·
684 3721 944 3789 ποίησόν
962 3740 1064 3792 μοι
1092 3721 1159 3775 τὸ
1205 3722 1355 3790 πρωῒ
1384 3721 1449 3775 τὸ
1482 3722 1652 3788 ἔλεός
1687 3740 1823 3777 σου.

254 3817 366 3889 τὴν
411 3816 657 3890 πρωῖνὴν
702 3816 995 3869 ἀνάστασιν
1036 3813 1129 3867 τοῦ
1163 3812 1369 3884 Κυρίου
1415 3813 1596 3881 λέγει·
1629 3814 1827 3885 ῆτάχα

256 3910 350 3961 καὶ
394 3909 495 3980 τὴν
549 3907 790 3979 πρωῖνὴν
830 3906 1127 3959 ἀνάστασιν
1168 3902 1382 3973 εὔχεται
1428 3904 1829 3975 παραγενέσθαι

258 3997 516 4071 Χριστοῦ,
544 3999 612 4050 δι’
642 3992 707 4068 ἧς
740 3995 1054 4067 ἐλεούμεοα.

327 4089 639 4158 Γνώρισόν
659 4106 753 4158 μοι
773 4128 788 4153 ,
822 4087 1001 4158 Κύριε
1021 4130 1035 4152 ,
1069 4087 1214 4143 ὁδὸν
1254 4088 1324 4142 ἐν
1366 4082 1406 4163 ᾔ
1444 4086 1825 4154 πορεύσομαι.

258 4180 371 4252 Τῆς
404 4182 767 4253 εὐαγγελικῆς
791 4181 1131 4244 διδασκαλίας
1164 4178 1382 4251 εὔχεται
1410 4179 1608 4248 τυχεῖν.

342 4273 591 4337 Ἐξέλου
636 4289 716 4343 με
760 4273 829 4326 ἐκ
861 4270 979 4326 τῶν
1023 4270 1252 4340 ἐχθρῶν
1288 4288 1429 4340 μου.
1469 4267 1589 4322 Τῶν
1629 4265 1832 4338 νοητῶν

260 4366 521 4439 δηλονότι.

1992 2808 2046 2863 3.
2104 2805 2393 2860 Collocavit
2451 2819 2528 2856 me
2578 2802 2634 2855 in
2682 2800 2919 2856 obscuris
2955 2808 3091 2852 sicut
3126 2805 3359 2849 mortuos
3388 2809 3485 2848 sa:-

1931 2902 2062 2957 culi.
2090 2898 2193 2954 Per
2226 2897 2610 2954 obscuritatem
2641 2894 2842 2948 indicat
2874 2889 3255 2963 ignorantiam,
3291 2887 3343 2939 in
3380 2899 3492 2956 qua

1923 2993 2052 3048 olim
2086 2993 2420 3047 versabatur.
2468 2987 2612 3042 Nihil
2656 2988 2823 3051 enim,
2867 2984 3064 3055 inquit,
3110 2980 3423 3037 diﬂ‘erebatn
3455 2996 3487 3030 a

1925 3096 2164 3141 mortuo.
2220 3082 2464 3138 Mortuus
2516 3080 2723 3144 saeculi,
2774 3087 2932 3132 vocat
2990 3075 3305 3129 idololatras
3366 3071 3486 3126 illus

1923 3189 2153 3233 VCICI‘CS.

1996 3268 2048 3323 7.
2114 3264 2577 3322 Velociterexaudi
2618 3280 2719 3325 me,
2764 3260 3000 3325 Domine,
3040 3259 3229 3329 defecit
3268 3256 3488 3327 spiritus

1926 3378 2090 3418 meus.
2144 3359 2201 3415 In
2262 3356 2552 3429 postremis
2602 3355 2981 3411 occasionibus
3035 3351 3255 3423 quando
3304 3350 3479 3418 cujus-

1926 3453 2070 3522 piam
2111 3450 2290 3505 anima
2335 3448 2670 3519 periclitatur
2698 3446 2749 3499 id
2777 3444 3029 3499 convenit
3059 3444 3274 3507 dicere;
3315 3456 3492 3510 neque

1927 3554 2104 3598 tamen
2153 3542 2208 3596 in
2250 3540 2504 3596 humanis
2529 3537 2758 3609 negotiis
2791 3536 2859 3592 iis
2898 3534 2976 3590 uti
3004 3548 3225 3591 necesse
3257 3541 3357 3588 est.

1998 3718 2051 3773 8.
2110 3717 2364 3771 Auditum
2399 3715 2485 3785 [ac
2520 3713 2649 3767 milii
2688 3729 2842 3766 mane
2872 3709 3291 3765 misericordiam
3322 3718 3489 3762 tuam.

1930 3806 2250 3861 Matutinam
2295 3803 2509 3857 Domini
2556 3802 3009 3856 resurrectionem
3040 3798 3351 3866 signiﬁcat:
3399 3807 3494 3851 aut

1930 3898 2162 3952 fortasse
2210 3902 2364 3965 rogat
2410 3892 2666 3947 advenire
2700 3890 3019 3945 matutinatn
3059 3888 3262 3943 Christi
3310 3903 3493 3942 resur-

1930 3990 2249 4053 rectionem,
2307 4000 2415 4056 qua
2449 3983 2880 4039 misericordiam
2936 3980 3215 4035 consecuti
3279 3994 3490 4033 sumus.

2004 4080 2205 4134 Notam
2229 4079 2314 4149 [ac
2342 4078 2490 4143 mihi,
2520 4076 2762 4139 Domine,
2795 4077 2931 4129 viam
2974 4075 3028 4128 iu
3068 4090 3172 4143 qua
3210 4072 3489 4125 ambulent.

1934 4169 2311 4239 Evangelicam
2353 4166 2656 4221 doctrinam
2692 4162 2949 4233 consequi
2985 4170 3155 4231 rogat.

2001 4265 2054 4319 9.
2092 4262 2253 4331 Eripe
2296 4276 2375 4313 me
2405 4257 2468 4311 de
2514 4256 2741 4309 inimicis
2790 4254 2937 4307 meis.
2994 4248 3377 4322 Spiritualibus
3409 4247 3492 4301 vi-

1932 4358 2147 4416 delicet.

1306 4479 1429 4552 (Hic
1459 4480 1656 4536 desunt
1685 4478 1739 4532 in
1776 4476 1927 4532 Colb.
1952 4477 1987 4531 5
2006 4474 2251 4548 quaedam
2278 4469 2450 4539 folia.)

517 4576 604 4644 Τῷ
629 4574 807 4630 Δαυῒδ
837 4575 985 4644 πρὸς
1009 4574 1115 4627 τὸν
1140 4572 1383 4627 Γολιάθ.
1409 4574 1598 4626 PMI".

334 4666 679 4739 εὐλογητὸς
707 4666 921 4734 Κύριος
950 4667 983 4717 ό
1009 4664 1153 4731 Θεός
1177 4681 1314 4734 μου.
1362 4663 1457 4715 Ἐκ
1482 4660 1833 4734 περιχαρείας

261 4764 323 4819 τὸ
349 4763 653 4836 προοίμιον.
693 4761 755 4812 '0
782 4756 1082 4812 διδάσκων
1106 4756 1213 4821 τὰς
1238 4753 1436 4823 χεῖράς
1456 4771 1574 4824 μου
1610 4754 1698 4817 εὶς
1725 4768 1834 4805 πα-

257 4854 530 4925 ράταξιν.
560 4854 763 4923 Χεῖρας
794 4850 891 4913 τὰς
934 4849 1158 4921 πράξεις
1203 4848 1364 4917 φησὶν
1401 4843 1539 4900 εἶναι
1566 4844 1661 4907 τὰς
1694 4843 1835 4897 κατὰ

266 4946 572 5002 θεοσέϐειαν
587 4943 904 5015 γενομένας,
927 4940 992 4994 δι’
1006 4934 1081 4995 ὧν
1103 4939 1229 4994 πολε
1238 4936 1554 5010 μοῦμενητὸν
1571 4937 1831 4989 Σατανᾶν.

338 5040 673 5105 Ἀνθρωπος
710 5035 1055 5105 ματαιότητι
1094 5031 1377 5102 ὡμοιώθη.
1422 5032 1689 5091 Ἕκαστος
1724 5027 1834 5081 τῶν

267 5131 567 5204 ἀνθρώπων
594 5125 672 5198 τῷ
698 5128 887 5199 κόσμῳ
906 5125 1080 5197 τούτῳ
1099 5121 1374 5195 ὡμοιώθη.

340 5224 694 5293 Ἀστραψον
728 5219 1066 5290 ἀστραπὴν,
1115 5216 1215 5271 καὶ
1252 5213 1555 5284 σκορπιεῖς
1593 5213 1831 5279 αὐτούς.

281 5312 589 5385 ’Δστραπὴν
617 5311 679 5363 τὸ
704 5310 1053 5380 εὑαγγελικὸν
1085 5305 1346 5380 κήρυγμά
1369 5322 1554 5375 φησιν.

350 5404 817 5470 Ἐξαπόστειλον
858 5400 971 5470 τὴν
1000 5398 1166 5468 χεῖρά
1206 5413 1322 5453 σου
1363 5396 1431 5461 ἐξ
1471 5398 1701 5465 iiii-our
1738 5395 1839 5459 ἐξ·

267 5497 413 5553 ἐλου
432 5514 530 5567 με,
553 5497 649 5550 καὶ
671 5493 857 5564 ῥῦσαι
876 5510 952 5564 με
971 5494 1038 5558 ἐξ
1067 5491 1299 5546 ὑδάτων
1328 5488 1594 5553 πολλῶν,
1621 5489 1690 5541 ἐκ
1717 5505 1835 5557 χει-

263 5589 372 5657 ρὸς
404 5585 553 5644 υἱῶν
578 5586 926 5655 ἀλλοτρίων.
958 5578 1069 5637 Ὧν
1094 5582 1160 5636 τὸ
1198 5585 1391 5651 στόμα
1431 5581 1697 5646 animos
1725 5596 1837 5648 μα-

272 5683 603 5748 ταιότητος.
646 5677 765 5731 Τῶν
799 5673 1321 5748 περικυκλωσάντων
1370 5673 1517 5744 ἡμᾶς
1564 5669 1836 5741 λογισμῶν

274 5772 377 5827 ὑπὸ
403 5775 506 5843 τῆς
545 5769 650 5825 τῶν
692 5768 960 5840 δαιμόνων
990 5767 1297 5839 ἐπιϐουλῆς.
1330 5766 1398 5818 Ἣ
1428 5764 1523 5820 καὶ
1556 5763 1719 5818 ὕδατα
1745 5762 1837 5816 τὸν

274 5861 381 5920 τῶν
425 5861 692 5917 Ἰουδαίων
719 5859 853 5933 φησὶ
893 5860 1018 5915 λαὸν
1056 5859 1143 5914 τὸν
1172 5854 1521 5911 κυκλώσαντα
1550 5855 1673 5919 τοὺς
1704 5854 1836 5908 ἁπο-

1857 4586 1912 4644 D

2158 4562 2351 4618 Davidi
2402 4560 2650 4615 adversus
2706 4556 2937 4612 Goliath.
2998 4554 3241 4609 CXLIII

2006 4660 2057 4714 I.
2105 4655 2418 4710 Benedictus
2451 4652 2705 4707 Dominus
2753 4649 2893 4703 Deus
2947 4664 3113 4702 meus.
3163 4646 3242 4701 Ex
3298 4646 3491 4719 gaudio

1936 4754 2042 4808 tale
2092 4749 2416 4819 proemium
2459 4744 2742 4800 emittitur.
2781 4742 2887 4807 Qui
2936 4740 3084 4795 docet
3131 4755 3316 4799 manus
3353 4755 3493 4794 meos

1937 4844 2006 4899 ad
2040 4843 2303 4913 prtelium.
2353 4838 2547 4893 Manus
2579 4844 2737 4892 vocat
2766 4850 2930 4905 opera
2978 4848 3100 4888 cum
3132 4834 3329 4902 pietate
3364 4845 3495 4900 erga

1939 4936 2105 4990 Deum
2136 4932 2298 4999 facta,
2322 4946 2417 5001 per
2444 4945 2566 4999 qua:
2601 4928 2856 4983 Satanam
2880 4927 3283 4996 impugnamus.

2003 5028 2058 5083 5.
2114 5026 2286 5081 Homo
2312 5024 2535 5079 vanitati
2579 5022 2770 5077 similis
2812 5021 2985 5090 [actus
3013 5032 3109 5074 est.
3141 5018 3351 5089 Singuli
3397 5016 3494 5070 hu-

1934 5121 2110 5177 mines
2146 5119 2272 5173 huic
2298 5115 2500 5171 mundo
2539 5113 2743 5169 similes
2772 5120 2918 5167 sunt.

2004 5214 2057 5270 6.
2142 5211 2384 5282 Fulgura
2448 5208 2892 5267 coruscationem.
2942 5214 2993 5255 et
3044 5201 3329 5271 dissipabis
3382 5217 3493 5257 eos.

1936 5305 2142 5376 Fulgur
2166 5310 2324 5358 vocat
2354 5300 2719 5370 evangelicam
2754 5294 3212 5367 praedicationem.

2006 5393 2057 5449 7.
2118 5391 2315 5447 Emitte
2346 5406 2561 5444 manum
2613 5399 2758 5441 tuam
2786 5385 2850 5440 de
2887 5384 3017 5452 alto,
3051 5384 3191 5453 eripe
3221 5399 3300 5437 me
3336 5392 3386 5436 et
3425 5383 3497 5437 li-

1935 5485 2059 5539 bera
2086 5500 2164 5537 me
2203 5481 2267 5534 de
2298 5482 2447 5552 aquis
2481 5479 2682 5543 multis,
2716 5478 2781 5533 de
2828 5493 2988 5531 manu
3023 5475 3253 5544 ﬁliorum
3288 5474 3492 5527 alieno-

1937 5592 2073 5630 rum.
2124 5573 2361 5639 Quorum
2417 5588 2474 5626 os
2529 5570 2762 5624 locutum
2813 5578 2889 5622 est
2939 5566 3213 5621 vanitates.
3255 5563 3379 5634 Agit
3425 5564 3495 5619 de

1934 5663 2355 5738 cogitationibus
2396 5678 2517 5733 quae
2556 5676 2623 5716 ex
2654 5662 2959 5715 daemonum
3003 5656 3212 5712 insidiis
3254 5668 3355 5708 nos
3385 5654 3495 5708 cir-

1935 5759 2282 5814 cumsistunt.
2325 5758 2431 5811 Aut
2455 5755 2591 5811 forte
2624 5769 2797 5824 aquas
2820 5751 2947 5807 dicit
2976 5749 3281 5805 Judazorum
3317 5761 3495 5817 popu-

1939 5853 2047 5907 lum
2091 5848 2184 5919 qui
2233 5847 2603 5905 circumdabat
2654 5844 2949 5916 apostolos,
3005 5850 3066 5897 ut
3114 5839 3388 5897 cohiberet
3430 5851 3495 5895 ac
