4126 6486
1549 424 1605 478 S.
1646 424 2012 481 ATHANASII
2049 425 2197 481 OPP.
2239 426 2416 481 PARS
2447 426 2532 481 lll.
2571 458 2637 467 —-—
2678 428 3085 485 EXEGETHZA.
3816 429 3916 489 548

1423 763 1502 823 IN
1559 765 2056 827 FRAGMENTA
2104 766 2695 840 SUBSEQUENTIA
2761 765 3158 826 MONITUM.

682 1080 811 1146 Qac
844 1083 1223 1151 subsequuntur
1261 1085 1556 1154 fragmenta
1596 1084 2107 1140 Commentariorum
2146 1088 2425 1141 Athanasii
2453 1089 2504 1160 in
2542 1090 2771 1157 psalmos
2804 1090 2948 1157 prior
2976 1088 3136 1141 edidit
3167 1087 3355 1143 Petrus
3391 1087 3781 1143 Felekmannus
3820 1090 3913 1144 sub

992 1183 1150 1249 linem
1178 1182 1475 1251 appendicis
1508 1184 1575 1235 ad
1604 1182 1879 1239 editionem
1902 1185 2396 1247 Commelinianam,
2428 1185 2524 1237 hac
2551 1187 2828 1254 prtemissa
2858 1184 2926 1237 ad
2957 1185 3196 1238 lectorem
3220 1186 3593 1238 admonitione.

1839 1294 2047 1331 PETRUS
2086 1293 2464 1332 FELCBIANNUS
2500 1293 2748 1331 LECTORI.

756 1398 771 1425 ε
802 1374 932 1428 Cum
958 1376 1287 1443 pra'missam
1318 1374 1649 1443 appendicem
1680 1376 1941 1445 hucusque
1964 1376 2079 1444 jam
2109 1376 2489 1442 perduxissent,
2512 1376 2672 1427 incidi
2703 1376 2757 1427 in
2784 1391 2937 1441 opera
2962 1374 3191 1443 Luciferi
3225 1376 3449 1442 episcopi
3473 1374 3802 1435 Calaritani,
3826 1392 3911 1428 cu-

674 1466 761 1534 jus
795 1466 975 1519 crebra
1004 1476 1051 1519 et
1092 1466 1310 1519 laudata
1344 1468 1394 1519 in
1431 1468 1723 1520 Athanasio
1749 1477 1927 1520 nostro
1960 1472 2172 1529 mentio.
2198 1469 2312 1536 jam
2337 1470 2458 1521 olim
2490 1468 2708 1522 Lutetia:
2738 1486 2767 1520 a
2798 1467 3000 1521 Joanne
3036 1468 3170 1521 Tilio
3194 1469 3432 1536 episcopo
3466 1467 3727 1521 Heldensi
3752 1467 3911 1521 edita.

682 1560 810 1623 Qua:
839 1576 953 1611 cum
986 1562 1351 1627 pervolverem,
1388 1560 1546 1612 incidi
1581 1562 1633 1611 in
1678 1570 1779 1613 tres
1818 1560 2094 1613 Athanasii
2124 1562 2396 1628 epistolas,
2432 1561 2564 1613 duas
2608 1562 2675 1613 ad
2720 1560 3041 1627 Luciferum,
3068 1570 3117 1613 et
3167 1560 3374 1612 tertiam
3408 1560 3476 1612 ad
3508 1560 3773 1613 solitaria:
3800 1561 3916 1612 vitte

677 1651 961 1712 studiosos,
988 1667 1212 1719 quarum
1242 1666 1302 1702 ne
1331 1650 1475 1717 fama
1503 1650 1707 1717 quidem
1737 1660 1858 1703 ante
1886 1652 1952 1703 ad
1984 1667 2076 1703 nos
2102 1660 2421 1717 pervenerat.
2458 1650 2602 1713 Quas
2633 1666 2747 1702 cum
2779 1665 2842 1703 ex
2872 1666 3043 1702 rerum
3073 1666 3187 1702 cum
3217 1652 3337 1704 aliis
3369 1652 3653 1705 Athanasii
3682 1651 3915 1718 epistolis

677 1748 1023 1801 similitudine
1046 1757 1093 1799 et
1125 1748 1433 1800 tractatione
1462 1750 1710 1818 genuinas
1742 1764 1851 1801 esse
1880 1749 2193 1810 existimem,
2222 1748 2304 1800 hic
2338 1748 2723 1817 subjungendas
2752 1764 2862 1800 esse
2892 1749 3090 1815 putavi.
3117 1746 3183 1800 Et
3211 1744 3336 1812 quia
3362 1744 3539 1795 eodem
3560 1758 3764 1810 quoque
3787 1752 3915 1795 lem-

677 1860 799 1909 pore
836 1843 1125 1911 fragmenta
1152 1842 1391 1912 qua'dam
1416 1840 1922 1895 Commentariorum
1955 1841 2123 1893 sancti
2158 1840 2310 1908 lmjus
2341 1841 2507 1893 nostri
2535 1841 2587 1891 in
2614 1839 2843 1907 psalmos
2876 1840 2928 1891 in
2956 1836 3233 1907 συλλογῇ
3265 1835 3463 1889 Niceta:
3504 1834 3835 1889 lleracleota’
3867 1835 3916 1887 in

684 1932 933 1987 Biblioth.
965 1931 1215 1985 Palatina
1248 1934 1433 2001 reperi,
1465 1930 1644 1985 eadem
1666 1932 1931 1991 similiter,
1961 1934 2121 1985 donec
2148 1933 2348 1999 integra
2372 1931 2583 1983 aliunde
2614 1932 2888 1998 prodeant,
2910 1931 3077 1999 atljeci
3110 1930 3453 1983 tumultuario
3476 1944 3627 1995 opere
3652 1928 3917 1996 festinari-

680 2023 813 2076 tibus
836 2024 994 2092 prelis
1029 2042 1059 2077 a
1086 2040 1163 2076 me
1194 2040 1362 2076 versa.
1401 2022 1713 2091 Quanquam
1749 2023 1972 2091 fortasse
2002 2040 2101 2076 non
2139 2025 2315 2075 omnia
2340 2040 2455 2091 qua:
2490 2022 2705 2075 Nicetas
2750 2038 2815 2075 ex
2855 2023 2961 2077 illis
3014 2022 3290 2091 decerpsit,
3323 2024 3533 2076 damus.
3580 2022 3726 2075 Nam
3761 2022 3920 2075 codex

675 2130 777 2182 quo
808 2117 890 2168 usi
918 2131 1097 2168 sumus
1138 2117 1188 2167 in
1226 2114 1416 2183 psalnt.
1453 2130 1609 2167 um
1637 2113 1928 2183 deficiebat.
1958 2113 2022 2166 Et
2056 2115 2335 2167 verisimile
2372 2131 2471 2167 non
2497 2124 2572 2167 est
2604 2112 2847 2167 Nicetam
2872 2115 2927 2167 in
2967 2116 3167 2183 reliqua
3217 2114 3543 2182 psalmorum
3572 2123 3726 2181 parte
3756 2112 3919 2165 Atha—

676 2213 816 2265 nasii
838 2212 1230 2280 explicationes,
1264 2230 1393 2282 quas
1427 2224 1639 2265 eatenus
1675 2222 1781 2265 tam
1807 2213 2099 2279 frequenter
2122 2212 2271 2271 citat,
2298 2212 2556 2266 omisisse.

749 2325 768 2357 α
800 2305 1027 2375 Denique
1069 2306 1263 2359 brevem
1294 2305 1573 2359 Athanasii
1608 2306 1993 2363 sententiolam,
2020 2316 2069 2358 et
2113 2305 2346 2359 locorum
2394 2305 2745 2375 quorumdam
2778 2306 2951 2358 varias
2990 2304 3233 2357 lectiones
3266 2304 3335 2355 ad
3365 2303 3522 2373 ﬁnem
3559 2301 3797 2363 subdidi,
3834 2302 3919 2355 de-

674 2410 941 2468 promptas
971 2416 1034 2453 ex
1056 2401 1400 2453 vetustissimo
1424 2402 1597 2453 codice
1619 2400 1867 2453 Biblioth.
1895 2399 2181 2462 Palatium,
2218 2402 2306 2469 qui
2350 2400 2642 2453 continebat
2677 2401 2900 2453 similem
2925 2410 3161 2452 catenam
3183 2400 3567 2468 expositionum
3599 2399 3650 2450 in
3699 2396 3917 2456 lobum,

677 2492 741 2545 ab
770 2493 966 2544 incerto
1003 2500 1215 2543 auctore
1246 2492 1631 2543 concinnatam.
1660 2488 1735 2541 Tu
1761 2506 1899 2552 vero,
1926 2490 2159 2541 benevole
2182 2490 2365 2553 lector,
2396 2490 2694 2541 auctarium
2719 2490 2871 2541 hocce
2895 2487 3129 2541 benevole
3157 2498 3445 2557 acceptare,
3470 2488 3771 2555 nostrisque
3808 2497 3919 2539 stu-

674 2588 780 2640 diis
814 2588 985 2656 favere
1018 2586 1141 2640 velis
1170 2602 1281 2639 oro.
1307 2606 1331 2638 ι
1369 2584 1497 2637 thc
1532 2583 1940 2637 Felcltmannus.

748 2684 1014 2753 Epistolas
1062 2699 1217 2752 porro
1264 2693 1580 2735 memoratas
1617 2700 1649 2734 a
1684 2680 2036 2734 Felclmianno
2088 2681 2157 2733 ad
2204 2678 2507 2749 Luciferum
2553 2690 2600 2734 et
2647 2681 2715 2734 ad
2756 2680 3057 2746 monachos,
3090 2680 3346 2733 edidimus
3371 2694 3551 2745 supra.
3588 2678 3721 2731 Ha'c
3744 2691 3918 2732 autem

676 2779 971 2847 fragmenta
1004 2776 1140 2846 quod
1164 2784 1380 2844 spectat,
1405 2774 1780 2827 consimillima
1814 2773 1906 2826 illa
1938 2783 2079 2836 sunt,
2108 2773 2437 2841 paucissimis
2483 2774 2732 2839 exceptis,
2777 2772 3187 2841 expositionibus
3233 2772 3513 2825 Athanasii
3544 2786 3709 2836 supra
3736 2772 3913 2826 editis.

676 2869 828 2936 Quod
858 2871 903 2923 si
927 2869 1235 2938 quandoque
1266 2866 1517 2919 nonnulla
1539 2873 1814 2917 occurrant
1839 2879 1953 2931 quae
1982 2864 2035 2914 in
2068 2861 2495 2931 Expositionibus
2524 2878 2624 2914 non
2650 2873 3004 2932 compareant,
3032 2879 3133 2916 non
3165 2864 3281 2916 ideo
3302 2862 3649 2933 repudianda,
3676 2865 3913 2917 etAtha-

675 2962 825 3013 nasia
854 2959 1246 3031 abjudicanda;
1281 2975 1424 3021 nam,
1454 2963 1590 3027 quod
1615 2959 1912 3011 observasse
1929 2955 2161 3026 juvabit,
2188 2956 2255 3008 ad
2276 2973 2363 3011 eos
2394 2957 2717 3025 psalmorum
2744 2977 2919 3014 versus
2943 2962 3224 3031 pertinent,
3252 2976 3473 3030 quorum
3498 2960 3792 3030 explicatio
3816 2976 3916 3017 non

673 3064 847 3108 exstat
876 3055 927 3107 in
954 3051 1401 3122 Expositionibus,
1431 3064 1605 3121 utpote
1630 3069 1733 3105 non
1777 3054 1991 3121 integris
2012 3068 2073 3104 ac
2108 3068 2335 3121 perswpe
2362 3052 2741 3121 deﬁcientibus.
2778 3054 3036 3109 Ceterum
3068 3057 3177 3110 haec
3210 3068 3452 3125 excerpta
3476 3074 3576 3111 non
3601 3058 3669 3109 ad
3705 3058 3915 3111 verbum

677 3147 835 3216 refert
858 3145 1091 3207 Nicetas,
1123 3144 1214 3200 sed
1232 3146 1528 3215 plerumque
1556 3146 1728 3215 quoad
1755 3145 2064 3197 sententiam
2094 3153 2298 3196 tantum
2325 3161 2415 3197 nec
2445 3162 2564 3198 raro
2593 3148 2841 3215 permista
2862 3162 2979 3198 cum
3002 3147 3227 3199 aliorum
3256 3148 3475 3201 Patrum
3496 3152 3911 3213 commentariis,

673 3261 729 3315 qi
749 3260 893 3297 orum
923 3244 1029 3314 ipse
1058 3246 1267 3298 nomina
1301 3244 1475 3311 affert.
1502 3242 1707 3296 Etenim
1732 3242 1942 3311 quando
1972 3242 2152 3295 eadem
2177 3244 2408 3307 omnino,
2433 3259 2522 3296 nec
2545 3243 2821 3295 immutata
2861 3258 2952 3295 nec
2990 3244 3230 3296 auctiora
3260 3252 3378 3295 sunt
3408 3259 3563 3313 quam
3602 3243 3657 3295 in
3678 3240 3910 3312 Exposto

677 3336 922 3401 tionibus,
960 3353 1022 3390 ea
1045 3337 1335 3399 omisimus,
1361 3353 1422 3389 ne
1449 3336 1526 3388 bis
1558 3334 1693 3387 idem
1720 3334 1980 3385 inutiliter
2004 3343 2287 3401 repetatur.

867 3659 1581 3753 FRAGMENTA
1654 3656 2807 3753 COMMENTARIORUM
2894 3664 3003 3751 D.
3071 3655 3724 3753 ATHANASH

2030 3857 2113 3919 ΙΝ
2163 3858 2551 3920 PSALMOS.

777 4174 853 4231 Es
883 4173 1085 4230 Nicetze
1110 4176 1463 4244 metropolitte
1492 4172 1765 4229 Heracleae
1793 4184 1985 4229 catena
2009 4176 2232 4245 espositi

2330 4192 2441 4242 im,
2471 4176 2583 4232 sive
2614 4184 2672 4229 ut
2728 4176 2843 4245 ipse
2883 4182 3057 4238 vocat,
3102 4177 3396 4249 Συναγωγῇ
3450 4177 3791 4249 ιξηγήσεων.
3837 4193 3902 4233 ex

1725 4266 1926 4323 Gracis
1971 4265 2222 4321 Pattibus
2252 4268 2304 4319 in
2334 4265 2579 4320 Psalmos
2608 4266 2831 4320 collecta

780 4359 995 4414 Nicetas
1019 4360 1103 4413 hic
1124 4360 1177 4413 in
1204 4361 1449 4429 prooemio
1477 4363 1685 4415 tertiam
1708 4379 1771 4415 ex
1790 4365 2032 4433 quinque,
2050 4380 2181 4434 quas
2206 4363 2307 4415 sibi
2338 4364 2729 4429 praemittendus
2752 4380 2861 4417 esse
2890 4366 3198 4434 quazstiones
3220 4367 3441 4433 censuit,
3467 4368 3623 4433 hanc,
3650 4370 3709 4423 τι
3733 4370 3802 4422 τὸ

1253 4454 1607 4523 Ψαλτήριον,
1644 4455 1929 4524 explicans,
1958 4455 2139 4507 addito
2172 4456 2377 4507 nomine
2412 4455 2785 4521 Ἀθανασίου,
2816 4460 3080 4525 sequentia
3106 4459 3337 4528 subjicit.

742 4547 842 4603 Est
908 4549 1071 4617 igitur
1120 4548 1431 4616 psalterium
1490 4551 1907 4604 instrumentum
1961 4550 2229 4603 musicum

2408 4550 2560 4602 Ἐστι
2588 4550 2762 4602 τοίνυν
2786 4552 2845 4604 τὸ
2882 4551 3173 4624 ψαλτήριον
3198 4555 3427 4626 ὄργανον
3457 4560 3717 4628 μουσικὸν
3752 4561 3903 4617 δεκά-

676 4650 929 4695 constans
955 4640 1138 4695 decem
1183 4641 1420 4703 chordis,
1449 4640 1516 4694 de
1560 4641 1786 4695 summis
1819 4641 1989 4709 ipsius
2015 4656 2232 4710 compa-

2336 4643 2542 4713 χορδον,
2568 4646 2630 4697 ὲκ
2663 4645 2768 4697 τῶν
2795 4644 2997 4699 ἄνωθεν
3033 4648 3212 4719 μερῶν
3244 4651 3341 4721 τῆς
3383 4654 3729 4724 κατασκευῆς
3768 4657 3900 4710 ἁπο-

674 4734 757 4803 gis
794 4732 1034 4800 panibus
1080 4747 1272 4786 sonum
1320 4733 1623 4801 pcrllciens,
1654 4748 1945 4802 vocemque
1992 4747 2233 4788 consona

672 4824 904 4894 quadam
936 4824 1164 4878 melodia
1192 4826 1488 4879 articulatm
1523 4826 1639 4879 voci
1673 4825 1900 4879 similem
1949 4826 2177 4879 reddens
2214 4843 2227 4878 :

673 4932 737 4971 ac
784 4916 999 4980 dicitur,
1035 4915 1271 4971 Hebraeis
1318 4917 1557 4986 quidem,
1604 4919 1800 4981 naula;
1852 4916 2054 4972 Gnecis
2082 4931 2228 4980 vero,

670 5010 875 5064 cithara
940 5008 1237 5063 Conﬁcitur
1263 5024 1390 5063 vero
1442 5010 1543 5063 hoc
1594 5010 1751 5064 modo
1791 5028 1803 5063 :
1836 5019 2053 5077 sumpto
2083 5009 2230 5076 ligno

670 5113 840 5160 recto,
868 5101 1105 5169 nihilque
1130 5101 1343 5169 penitus
1372 5101 1586 5166 inﬂexo,
1615 5103 1799 5156 decem
1842 5102 1894 5153 in
1924 5116 1989 5155 eo
2014 5099 2230 5154 chordae

670 5192 1059 5257 tendebantur;
1113 5206 1178 5245 ac
1227 5192 1451 5259 singulae
1502 5193 1729 5246 seorsim
1796 5191 1848 5244 in
1900 5192 2231 5246 summitate

670 5278 841 5347 ipsius
892 5280 1127 5347 psalterii
1174 5282 1292 5333 lixa:
1335 5280 1844 5349 constringebantur
1880 5295 2103 5335 :earum
2132 5296 2229 5333 au—

669 5380 775 5424 tem
837 5372 1098 5439 principia
1164 5374 1451 5429 desursum
1504 5377 1881 5431 demittuntur.
1941 5376 1996 5429 ln
2046 5377 2228 5430 cubito

666 5460 795 5530 (sive
826 5460 982 5529 collo)
1018 5476 1250 5531 namque
1275 5465 1443 5533 ipsius
1472 5469 1706 5535 psalterii
1738 5470 1919 5522 decem
1951 5468 2227 5523 claviculas

666 5554 780 5607 sive
811 5554 987 5619 paxilli
1026 5554 1231 5623 trajecti
1263 5567 1567 5623 vertuntur,
1594 5561 1685 5629 qui
1713 5559 1944 5615 chordas
1977 5560 2223 5626 tendunt,

666 5644 1028 5709 remittuntve,
1062 5656 1217 5713 prout
1242 5663 1432 5704 vocum
1465 5653 1817 5706 consonantia
1860 5662 1910 5706 et
1946 5655 2225 5724 proportio

667 5738 910 5807 requirit,
942 5750 992 5794 et
1026 5742 1089 5793 ad
1119 5742 1395 5811 psallentis
1444 5745 1671 5801 libitum.
1714 5744 1778 5802 Et
1812 5746 1914 5802 hoc
1938 5756 2043 5812 est,
2075 5749 2220 5819 quod

664 5846 890 5902 magnus
928 5830 1157 5889 Basilius
1190 5835 1281 5901 ait,
1312 5845 1413 5893 etc.

2333 4735 2517 4788 τελοῦν
2540 4736 2631 4789 τὸν
2652 4732 2804 4807 ἦχον,
2832 4740 3163 4811 ὲναρμονίως
3194 4742 3318 4805 τοὺς
3347 4742 3614 4813 φθόγγους
3642 4746 3780 4818 πρὸς
3808 4748 3901 4818 τὴν

2334 4830 2397 4881 ὲκ
2417 4828 2516 4897 τῆς
2536 4827 2717 4897 φωνῆς
2740 4829 3002 4900 μελῳδίαν
3028 4831 3273 4884 ἀποδιδόν
3295 4850 3307 4863 ·
3340 4834 3487 4905 παρὰ
3507 4835 3603 4903 μὲν
3634 4836 3901 4909 Ἐὄραίοις

2333 4918 2499 4972 ναῦλα
2529 4920 2835 4991 λεγόμενον,
2861 4925 2987 4994 παρ’
3017 4924 3239 4995 Ἕλλησι
3266 4925 3321 4978 δὲ
3346 4925 3545 4997 κιθάρα
3570 4928 3899 4999 ὀνομαζόμε-

2332 5029 2439 5065 νον.
2466 5014 2880 5067 Κατεσκεύαστο
2906 5016 3013 5087 γὰρ
3038 5016 3218 5080 αὐτοῖς
3238 5018 3393 5089 ὀρθὸν
3424 5018 3576 5083 ξύλον
3602 5022 3696 5074 καὶ
3726 5022 3897 5095 ἀπαρ-

2332 5104 2593 5171 ἐγκλιτον,
2636 5106 2821 5176 χορδαὶ
2850 5106 2904 5160 δὲ
2930 5110 2985 5160 ὲν
3014 5108 3183 5178 τούτῳ
3206 5108 3337 5162 δέκα
3367 5112 3895 5184 ὲτείνοντο.Ἐκάστη

2330 5196 2386 5249 δὲ
2434 5196 2541 5250 τῶν
2583 5197 2782 5268 χορδῶν
2815 5199 2893 5262 εἰς
2927 5198 2986 5250 τὸ
3014 5199 3416 5269 ἁκροτελεύτιον
3462 5202 3555 5254 τοῦ
3598 5202 3895 5275 ψαλτηρίου

2328 5288 2666 5362 διῃρημένως
2696 5294 3152 5361 ὲναπεσφίγγετοθ
3194 5294 3252 5345 αἱ
3283 5292 3338 5346 δὲ
3365 5294 3527 5365 ἁρχαὶ
3554 5295 3660 5347 τῶν
3694 5296 3895 5367 χορδῶν

2328 5382 2575 5437 καθίεντο
2598 5384 2818 5438 ἄνωθεν.
2851 5384 2991 5438 Δέκα
3024 5386 3131 5455 γὰρ
3156 5385 3400 5439 κόλλαεοι
3432 5386 3609 5439 εἶτουν
3637 5386 3895 5441 maeuii-

2330 5492 2467 5537 σκοι,
2502 5478 2627 5547 περὶ
2674 5477 2765 5529 τὸν
2812 5476 2990 5546 πῆχυν
3038 5476 3129 5529 τοῦ
3182 5477 3477 5549 ψαλτηρίου
3516 5480 3889 5547 πρεῴμενοι,

2326 5566 2522 5621 ἐτεινόν
2556 5585 2613 5621 τε
2642 5568 2737 5638 τὴν
2760 5569 2951 5640 χορδὴν
2986 5569 3078 5622 καὶ
3111 5570 3314 5640 ὲχάλων
3343 5570 3476 5640 πρός
3494 5587 3553 5623 τε
3577 5571 3666 5624 τὸν
3690 5569 3889 5642 ῥυθμὸν

2325 5659 2421 5724 τῆς
2467 5659 2723 5729 ἁρμονίας
2776 5661 2869 5712 καὶ
2916 5661 3049 5731 πρὸς
3081 5661 3141 5713 τὸ
3182 5660 3274 5713 τοῦ
3312 5661 3590 5732 ψαλτψδοῦ
3624 5661 3884 5733 βούλημα.

2324 5750 2430 5803 Καὶ
2454 5749 2608 5803 τοῦτό
2633 5752 2779 5804 ἐστιν
2810 5752 2838 5803 ὃ
2867 5767 3030 5821 φησιν
3062 5752 3090 5804 ὀ
3124 5752 3294 5822 μέγας
3319 5752 3614 5817 Basilum,
3644 5763 3747 5809 etc.
