4126 6494
222 443 320 501 549

1217 445 1635 503 FRAGMENTA
1676 449 2031 504 COMMENT.
2075 450 2137 503 ΙΝ
2179 450 2514 507 PSALMOS.

3357 451 3464 509 550

807 557 952 612 I-tlem
977 558 1243 627 explicans
1268 561 1370 612 ista
1401 561 1593 629 psalmi
1619 558 1702 622 II,
1737 579 1756 612 ι
1787 561 2140 617 Conreneruut
2166 581 2304 634 reges
2329 575 2499 627 terra.
2538 587 2551 618 t
2581 577 2708 628 ctc..
2731 569 2913 634 ponit:

301 675 669 740 ’Λθανὰσιος.
689 673 785 728 Διὰ
807 675 855 726 τί
884 673 938 725 δὲ
959 673 1006 725 οἱ
1033 672 1267 742 βασιλεῖς
1281 673 1343 726 'll
1352 673 1524 746 ρώδης
1553 678 1580 728 ό
1597 676 1787 728 Ἀσκα-

1966 679 2302 733 Athanasius.
2346 680 2475 746 Quae
2519 695 2645 733 vero
2699 694 2862 733 causa
2913 689 3048 741 erat,
3093 679 3238 748 quod
3285 697 3460 750 rcges.

220 770 446 838 Ἀωνίτης
472 770 570 823 δια)⁵
598 769 823 831 Πιλᾶτος
849 770 877 820 ό
902 769 1121 832 Πόντιος
1152 768 1520 839 παρέστησαν,
1552 769 1794 822 τουτέστι

223 861 598 930 παρετάξαντο
626 859 720 912 καὶ
745 859 974 930 ἐπῆλθον
1003 859 1142 912 κατὰ
1170 857 1438 928 Χριστοῦς
1471 858 1567 910 Διὰ
1588 859 1640 909 τί
1669 858 1724 910 δὲ
1745 860 1794 911 οἱ

219 954 479 1022 ἄρχοντες
531 953 640 1003 τῶν
676 950 938 1002 Ἰουδαίων
983 951 1030 1002 οἱ
1079 949 1313 1011 ἀσεϐεῖς,
1348 949 1441 1002 καὶ
1473 948 1668 1018 λοιμοὶ,
1703 951 1795 1003 καί

220 1043 561 1113 ἁμαρτωλοὶ,
589 1043 958 1112 Γραμματεῐς,
990 1042 1082 1094 καὶ
1108 1042 1410 1112 Φαρισαῖοι,
1436 1041 1527 1092 καὶ
1559 1041 1792 1109 νομικοὶ,

220 1139 294 1197 εις
322 1135 522 1186 ταύτὸν
571 1133 922 1203 συνέδραμον,
955 1133 1047 1184 καὶ
1085 1131 1225 1184 κατά
1258 1131 1349 1183 τοῦ
1386 1131 1609 1200 Κυρίου,
1643 1149 1794 1185 τουτ-

219 1229 331 1278 έστι
368 1226 466 1278 τοῦ
501 1226 733 1295 [ἰατρὸς.
765 1225 858 1276 καὶ
906 1223 1046 1277 κατὰ
1091 1224 1183 1277 τοῦ
1213 1223 1447 1293 Χριστοῦ
1475 1224 1790 1296 ὲλύττησαν,

217 1320 460 1371 τουτέστι
494 1317 588 1370 τοῦ
621 1317 746 1370 Υἱοῦ
776 1316 975 1379 αὐτοῦς
1024 1317 1081 1368 '0
1107 1317 1210 1387 γὰρ
1240 1316 1314 1386 μὴ
1340 1315 1515 1386 τιμῶν
1551 1316 1639 1369 τὸν
1672 1319 1792 1370 Υἱὸν

217 1410 334 1462 οὐδὲ
360 1409 453 1461 τὸν
486 1407 705 1477 Πατέρα
733 1409 885 1477 τιμᾷ.
915 1406 1064 1475 Τάχα
1100 1406 1197 1475 μὲν
1222 1402 1333 1468 οῦν,
1357 1406 1541 1478 ἐπειδὴ
1569 1407 1636 1460 τὰ
1666 1409 1791 1478 παρ’

218 1502 446 1564 ἐκείνοις
494 1500 867 1570 τετολμημένα
913 1497 1004 1551 τοῦ
1041 1499 1243 1569 Κυρίου
1280 1497 1479 1568 μᾶλλον
1510 1499 1606 1570 τὴν
1638 1498 1793 1552 δύναο

219 1614 308 1664 μιν
330 1595 527 1660 ἔδειξε,
553 1594 647 1647 καὶ⁸
673 1596 750 1657 εἰς
768 1591 1076 1646 τούναντίον
1102 1593 1282 1654 αὐτοῖς
1300 1590 1368 1644 τὰ
1391 1593 1793 1662 ἐπιχειρήματα

215 1687 458 1756 γέγονεν,
495 1685 657 1737 οἱονεὶ
692 1683 1009 1755 μυκτηρίζει
1059 1684 1252 1743 αὐτοὺς
1305 1683 1333 1734 ό
1377 1681 1555 1746 Δαυῖδ,
1589 1682 1664 1745 ὼς
1713 1684 1793 1746 είς

216 1780 368 1833 κενὸν
393 1778 577 1831 πάντα
603 1775 974 1846 τολμήσαντας
993 1792 1006 1804 ·
1039 1775 1178 1845 τάχα
1207 1774 1263 1827 δὲ
1290 1775 1384 1828 καὶ
1412 1775 1702 1845 μέμφεται.
1727 1775 1792 1827 Τί

215 1871 320 1941 γὰρ
343 1871 550 1939 δήποτε
574 1868 882 1939 αἰτιώμενοι
903 1869 950 1921 οἱ
981 1868 1120 1921 κατὰ
1141 1865 1374 1937 Χριστοῦ
1399 1867 1790 1939 συνδραμόντες

218 1960 436 2031 σταυρῷ
480 1959 666 2012 τοῦτον
719 1962 1058 2032 ἁνήρτησαν;
1112 1959 1222 2029 Οὐχ
1268 1954 1420 2022 οὗτός
1452 1960 1648 2011 ὲστινό
1679 1962 1789 2022 τοῖς

1897 765 2134 822 llerodes
2167 769 2476 822 Ascalonita
2508 778 2559 822 et
2589 767 2812 822 Pontius
2845 767 3048 822 Pilatus
3085 771 3458 834 convenirent,

1896 861 1998 913 hoc
2043 866 2144 921 est,
2189 860 2584 928 conspirarent,
2617 869 2671 913 et
2701 860 2961 928 impetum
2999 858 3238 915 facerent
3270 871 3464 917 contra

1894 948 2206 1003 Christum?
2231 951 2337 1002 Aut
2361 949 2491 1018 quid
2527 950 2601 1003 rei
2627 961 2762 1010 erat,
2786 949 2928 1018 quod
2955 949 3223 1018 principes
3247 949 3462 1004 δυόωσ-

1895 1056 2042 1101 rum,
2084 1041 2234 1108 impii
2288 1041 2386 1106 illi,
2434 1041 2860 1110 pestilentissimi
2909 1049 2961 1093 et
3013 1039 3458 1094 facinorosissimi

1895 1133 2162 1197 homines,
2200 1133 2419 1187 Scribas
2449 1132 2596 1198 dico,
2627 1132 2926 1185 Pharisaeos
2943 1141 2993 1185 et
3024 1132 3382 1203 legiSperitos,
3405 1132 3460 1184 in

1893 1240 2057 1278 unum
2087 1225 2393 1294 congregati
2423 1234 2570 1287 sunt,
2599 1236 2648 1279 et
2681 1234 2868 1278 contra
2904 1224 3214 1288 Dominum,
3248 1224 3349 1279 hoc
3378 1235 3462 1276 cst

1896 1313 2129 1378 Patrem,
2163 1314 2519 1382 insanierunt,
2559 1325 2856 1384 contraque
2881 1315 3156 1370 Christum
3187 1317 3326 1384 ejus,
3356 1318 3461 1370 sci-

1894 1407 2018 1462 licet
2044 1405 2278 1459 Filium?
2307 1404 2442 1459 Nam
2492 1407 2584 1474 qui
2635 1423 2740 1458 non
2777 1407 3009 1461 honorat
3034 1406 3250 1468 Filium,
3289 1408 3335 1460 is
3365 1422 3460 1460 ne-

1893 1515 1998 1568 que
2022 1498 2233 1552 Patrem
2265 1498 2552 1552 bonorat'.
2586 1497 3034 1568 Quandoquidem
3067 1499 3230 1568 igitur
3253 1506 3307 1552 ct
3337 1512 3458 1567 qua

1893 1593 1960 1646 ab
1995 1592 2099 1645 illis
2129 1600 2332 1659 patrata
2367 1600 2513 1651 sunt,
2549 1589 2760 1643 Domini
2793 1591 3088 1660 potentiam
3128 1591 3307 1644 adhuc
3352 1607 3460 1644 ma.

1893 1685 1974 1754 gis
2003 1684 2466 1744 demonstrarunt.
2501 1684 2854 1752 ipsorumque
2885 1690 3112 1735 conatus
3148 1682 3304 1751 plane
3330 1696 3461 1736 con-

1894 1776 2116 1830 trarium
2159 1775 2362 1829 exitum
2410 1775 2589 1829 sortiti
2640 1783 2766 1828 sunt
2810 1792 2823 1827 :
2861 1773 3063 1828 idcirco
3093 1773 3306 1828 videtur
3339 1775 3459 1828 illus

1894 1865 2059 1921 David
2090 1868 2242 1934 quasi
2282 1865 2528 1926 irridere.
2572 1875 2631 1919 ut
2663 1866 2754 1935 qui
2788 1865 2842 1918 in
2892 1882 3088 1920 vanum
3130 1866 3310 1919 omnia
3345 1875 3461 1919 ten-

1893 1966 2076 2011 tarunt
2120 1976 2132 2011 :
2185 1959 2265 2012 rei
2318 1955 2548 2012 fortasse
2600 1958 2763 2012 etiam
2818 1972 3096 2011 accusare.
3130 1957 3244 2022 Qua
3289 1957 3458 2019 enim,

216 2054 390 2106 ἔθνεσι
421 2055 524 2124 μὲν
550 2050 792 2115 δεδωκὼς
824 2051 921 2122 τὴν
961 2050 1172 2119 σοφίαν,
1207 2053 1318 2113 τοῖς
1343 2051 1398 2102 δὲ
1428 2049 1702 2119 βασιλεῦσι
1729 2051 1787 2102 τὸ

1890 2065 2094 2120 qnzeso,
2124 2066 2288 2104 causa
2339 2050 2562 2118 culpave
2601 2050 2653 2102 in
2687 2048 2906 2103 Christo
2951 2049 3282 2118 deprehensa
3325 2065 3458 2104 con-

217 2144 416 2214 κράτος
452 2141 769 2214 παρασχὼν,
805 2142 899 2194 καὶ
936 2143 1049 2203 τοῖς
1081 2141 1302 2210 ἄρχουσι
1323 2140 1422 2209 τὴν
1452 2140 1625 2210 ἀρχὴν
1655 2156 1790 2209 upu-

215 2238 526 2307 τυνόμενος,
568 2235 662 2288 καὶ
697 2237 808 2296 τοῖς
847 2233 1118 2296 Ἰουδαίοις
1148 2233 1214 2286 τὰ
1248 2231 1478 2302 μέγιστα
1500 2247 1790 2302 τερατουρ-

217 2329 388 2397 γήσας
418 2327 516 2378 καὶ
542 2323 787 2395 βοώμενα
814 2322 1098 2393 Θαύματα;

1889 2157 2053 2198 cursu
2105 2141 2246 2196 facto
2298 2142 2470 2211 ipsum
2522 2141 2575 2194 in
2621 2156 2836 2195 crucem
2867 2141 3243 2194 sustulerunt?
3272 2139 3462 2193 Nonne

1892 2235 2006 2305 ipse
2034 2244 2136 2295 est.
2159 2234 2252 2303 qui
2283 2233 2534 2303 gentibus
2568 2233 2888 2301 sapientiam
2923 2231 3089 2293 dedit.
3123 2231 3214 2300 qui
3245 2232 3460 2302 regibus

1893 2327 2181 2396 imperium
2218 2324 2427 2384 tribuit,
2454 2324 2545 2392 qui
2573 2323 2908 2392 principibus
2939 2322 3280 2376 dominatum
3325 2339 3459 2376 con-

1891 2418 2112 2474 ﬁrmat?
2143 2417 2233 2485 qui
2259 2417 2493 2484 denique
2522 2415 2723 2470 Jutlteis
2748 2431 2959 2470 summa
2993 2425 3046 2471 et
3083 2417 3458 2486 proclamatis-

1891 2511 2029 2565 sima
2054 2509 2142 2562 illa
2176 2514 2431 2576 operatus
2460 2514 2545 2560 est
2573 2506 2872 2560 miracula?

1344 2622 1411 2676 Et
1442 2627 1496 2680 in
1528 2641 1731 2678 versum
1760 2635 2053 2694 sequentem
2077 2621 2305 2674 scribens
2325 2635 2344 2672 :

296 2721 658 2787 Ἀθανὰσιος.
679 2720 788 2790 (53)
805 2717 1062 2774 Ἐνταῦθα
1077 2719 1250 2772 λείπει
1263 2719 1342 2779 τὸ,
1360 2719 1622 2789 λέγοντες,
1643 2721 1727 2772 ἴνα

216 2816 248 2884 ὴ
275 2814 485 2868 διάνοια
517 2811 653 2883 αῦτη
672 2829 684 2841 ⁸
721 2811 1121 2880 Συνήχθησαν
1144 2812 1292 2864 κατὰ
1311 2811 1417 2865 τοῦ
1448 2809 1668 2880 Κυρίου
1690 2812 1786 2865 καὶ

217 2907 364 2962 κατὰ
410 2905 518 2958 τοῦ
555 2903 808 2972 Χριστοῦ
839 2903 1044 2965 αὑτοῦ,
1076 2901 1357 2970 λέγοντεςο
1406 2905 1790 2972 Διακόψωμεν

215 2998 355 3063 τοὺς
394 2995 656 3065 δεσμοὺς
699 2991 913 3046 αὐτῶν.
945 2993 1146 3057 Τίνων;
1194 2993 1288 3045 τοῦ
1335 2994 1543 3064 Πατρδς
1575 2994 1787 3048 καὶτοῦ

217 3090 342 3142 Υἱοῦ
363 3106 376 3119 ·
412 3090 474 3140 οὐ
505 3087 612 3157 γὰρ
636 3085 821 3156 ἠθελον
868 3084 996 3137 εἴσω
1027 3084 1123 3153 τῆς
1157 3085 1304 3156 ἱερᾶς
1340 3084 1586 3152 γενέσθαι
1620 3086 1787 3156 σαγή-

213 3199 310 3253 νης
328 3199 341 3212 ·
383 3180 826 3247 Ἁπορῤίψωμεν
859 3175 925 3229 δὲ
957 3176 1063 3229 τὸν
1089 3176 1284 3245 (urar,
1316 3177 1559 3230 τουτέστι
1586 3175 1676 3231 τὸν
1701 3177 1790 3230 εύ-

214 3273 505 3342 αγγελιχδν
539 3271 696 3340 νόμον
722 3269 814 3322 καὶ
835 3267 931 3338 τὴν
959 3267 1196 3336 ἐντολὴν,
1223 3285 1288 3320 πε
1299 3268 1348 3339 pi
1371 3263 1430 3322 οὗ
1458 3268 1784 3341 γέγραπταιο

227 3369 278 3418 '0
309 3366 485 3434 (vrdc
511 3379 628 3432 μου
655 3361 914 3429 χρηστός
937 3359 1086 3413 ἐστι.
1124 3359 1292 3412 Τοῦτο
1327 3359 1381 3412 δὲ
1414 3359 1574 3424 αὐτὸς
1603 3359 1790 3414 ὀνειδί-

1966 2719 2309 2772 Atltanasius.
2352 2715 2513 2769 Deest
2562 2713 2650 2767 hic
2703 2712 2855 2776 illud,
2882 2712 3142 2776 dicentes,
3169 2720 3228 2766 ut
3271 2709 3356 2766 hic
3392 2713 3462 2766 sit

1892 2824 2107 2872 sensus,
2137 2807 2449 2876 Congregati
2493 2813 2614 2857 sunt
2658 2816 2840 2856 contra
2882 2803 3164 2856 Dominum
3197 2813 3243 2856 et
3276 2814 3462 2858 contra

1894 2902 2163 2957 Christum
2207 2899 2341 2968 ejus,
2381 2891 2664 2951 dicentes:
2707 2895 3076 2963 Dirumpamus
3123 2895 3329 2949 uincula
3375 2911 3461 2948 eo-

1895 3007 2030 3044 rum.
2065 2987 2344 3054 Quorum?
2387 2985 2562 3041 Patris
2607 2985 2864 3039 nimirum
2905 2994 2958 3038 et
2999 2982 3119 3036 Filii
3159 3001 3172 3035 :
3209 2985 3462 3038 nolebant

1894 3080 2036 3134 enim
2089 3081 2227 3133 intra
2265 3093 2473 3132 sacram
2508 3076 2718 3130 Domini
2754 3091 3006 3144 sagenam
3039 3090 3158 3130 esse
3191 3095 3203 3130 :
3235 3076 3458 3145 abjicia-

1895 3187 2009 3224 mus
2060 3184 2184 3223 vero
2232 3169 2391 3220 etiam
2426 3168 2612 3235 jugum
2643 3168 2893 3233 ipsorum,
2928 3165 3029 3218 hoc
3073 3175 3174 3226 est,
3209 3165 3375 3232 legem
3405 3169 3461 3218 et

1895 3271 2155 3332 pracepta
2207 3257 2500 3326 Evangelii,
2549 3256 2614 3310 dc
2662 3270 2770 3327 quo
2814 3254 3074 3322 scriptum
3108 3261 3228 3307 est:
3261 3251 3458 3321 Iugum

1894 3370 2063 3407 meum
2102 3367 2256 3405 suave
2279 3350 2411 3406 est“.
2442 3346 2554 3401 Hoc
2583 3363 2711 3402 vero
2745 3347 2906 3400 etiam
2938 3347 3165 3415 ipsemet
3197 3344 3458 3400 Dominus

214 3456 321 3521 ζων
342 3457 526 3519 αὐτοῖς
552 3454 638 3508 διὰ
657 3453 921 3524 Ἰερεμίου
951 3451 1132 3520 ἔλεγεν
1153 3469 1166 3482 ’
1201 3449 1421 3518 Εἶπαςο
1449 3455 1529 3506 Οὐ
1550 3452 1787 3506 δουλεύ·

1901 3447 2030 3514 ipsis
2083 3445 2372 3512 exprobrat
2407 3457 2502 3510 per
2532 3438 2841 3500 Jcremiam,
2887 3438 3014 3491 dum
3064 3437 3139 3491 ait
3171 3456 3184 3492 :
3216 3437 3459 3492 Dixisti:

213 3563 304 3601 σω
337 3563 439 3602 σοι
458 3564 469 3576 ο
501 3544 795 3604 τουτέστιν,
821 3541 1004 3603 Οὕτως
1026 3541 1374 3602 ὲπολιτεύσω,
1402 3541 1539 3593 ὥστε
1568 3541 1786 3592 ἀποσείο

217 3641 414 3694 σασθαι
455 3640 554 3709 τὴν
594 3637 730 3706 ἐμὴν
757 3634 1090 3688 δουλείαν.Ἢ
1125 3633 1302 3686 τοίνυν
1325 3634 1492 3686 ταῦτα
1527 3637 1589 3688 ἐκ
1623 3650 1790 3704 προσ-

213 3731 364 3784 ώπου
394 3729 502 3783 τῶν
535 3729 799 3782 Ἰουδαίων
843 3728 1053 3798 εἴρηται
1083 3725 1414 3780 ἁθετούντων
1445 3727 1543 3799 τὴν
1588 3729 1666 3790 είς
1696 3727 1790 3780 τὸν

215 3822 420 3893 Κύριον
449 3820 746 3892 ὑποταγὴν,
770 3820 863 3873 καὶ
882 3818 1003 3871 οὕτε
1033 3819 1179 3889 αύτῷ
1207 3818 1328 3872 οὔτε
1358 3819 1434 3890 τῷ
1453 3820 1624 3890 Πατρὶ
1658 3821 1791 3873 ὑπο-

213 3914 439 3986 ζεῦχθαι
465 3913 721 3968 Θελόντων
740 3929 754 3944 ο
801 3913 833 3984 ἢ
871 3913 962 3966 καὶ
993 3915 1104 3976 τοῖς
1135 3911 1450 3965 πιστεύσασι
1474 3910 1534 3964 τὸ
1565 3911 1788 3982 Πνεῦμα

215 4007 506 4080 παρεγγυᾷ
534 4005 626 4057 καὶ
651 4004 826 4072 λέγει·
850 4004 940 4073 Μὴ
969 4003 1321 4074 όμοιωθῶμεν
1341 4005 1452 4066 τοῖς
1477 4001 1790 4056 ἐπιϐουλεύ-

216 4115 343 4152 σασι
376 4097 453 4168 τῷ
485 4095 724 4167 Χριστῷ,
759 4095 891 4166 μηδὲ
938 4095 1279 4165 συνδεθᾶῳεν
1309 4096 1490 4157 αὐτοῖς
1522 4093 1660 4148 κατὰ
1691 4094 1789 4166 τὴν

213 4191 468 4260 ὁμόνοιαν
488 4204 502 4218 ·
529 4185 662 4241 ἀλλὰ
694 4186 787 4240 καὶ
810 4187 900 4240 τὸν
930 4186 1098 4258 βαρὺν
1122 4185 1214 4240 τοῦ
1247 4184 1474 4239 παλαιοῦ
1508 4185 1670 4254 νόμου
1697 4184 1789 4249 ξυ-

213 4283 308 4350 γδν
347 4277 817 4349 άποτιναξώμεθα,
851 4278 1013 4348 μηδὲν
1060 4277 1351 4348 ἡγούμενοι
1393 4275 1458 4330 τὰ
1492 4276 1549 4330 ὲν
1577 4274 1789 4338 τύποις,

214 4372 261 4423 ει
291 4371 368 4442 μὴ
399 4371 600 4423 νοοῖντο
629 4367 1028 4438 πνευματικῶς.
1047 4367 1356 4430 Ἀσυντελὲς
1384 4368 1491 4438 γὰρ
1513 4367 1644 4438 πρὸς
1668 4366 1791 4438 ὄνη-

216 4478 300 4515 σιν
332 4465 370 4532 ἡ
409 4459 556 4527 σκιά,
591 4462 639 4514 εἰ
673 4459 748 4531 μὴ
781 4459 842 4513 τδ
875 4457 1107 4531 Χριστοῦ
1143 4459 1433 4529 μυστήριον
1457 4457 1752 4528 ζωγραφεῖ.

1895 3534 2017 3588 Non
2040 3534 2258 3586 seri-iam
2289 3530 2606 3599 tibi’,quasi
2628 3530 2788 3587 dicat.
2809 3526 2899 3580 Sic
2932 3535 2980 3579 te
3001 3526 3234 3596 gessisti,
3261 3537 3316 3579 ut
3342 3543 3457 3582 ser-

1890 3629 2112 3682 vitutem
2151 3639 2324 3678 meam
2361 3632 2660 3677 excuteres.
2708 3620 2815 3674 Aut
2848 3619 3009 3689 igitur
3051 3618 3160 3672 lucc
3196 3628 3453 3687 tanquam

1891 3734 1957 3774 ex
1984 3715 2292 3771 Iudaeorum
2324 3729 2553 3784 persona
2582 3712 2859 3772 dicuntur,
2886 3710 2977 3779 qui
3013 3709 3237 3763 subesse
3271 3707 3458 3762 Domi-

1891 3825 1961 3864 no
1994 3815 2266 3868 recusant.
2297 3814 2349 3860 et
2391 3820 2489 3860 nec
2535 3804 2659 3874 ipsi,
2691 3817 2865 3872 neque
2905 3800 3049 3855 Patri
3095 3802 3212 3870 ejus
3258 3800 3455 3870 subjici

1891 3902 2077 3955 volunt
2109 3919 2122 3953 :
2157 3907 2250 3952 aut
2292 3906 2437 3952 certe
2487 3897 2720 3966 Spiritus
2772 3893 3053 3949 credentes
3099 3893 3352 3946 admonet
3401 3901 3457 3945 et

1894 3993 2025 4047 dicit
2049 4009 2061 4044 :
2089 3988 2166 4044 Ne
2194 3989 2558 4044 assimilemur
2587 3988 2654 4042 iis
2678 3987 2772 4057 qui
2796 3986 3011 4041 Christo
3039 3984 3276 4040 insidiati
3302 3995 3452 4049 sunt,

1893 4099 2066 4154 neque
2111 4091 2498 4138 connectamur
2549 4079 2681 4148 ipsis
2713 4076 3102 4133 consentiendo
3135 4095 3148 4130 :
3180 4077 3310 4144 quin
3359 4091 3456 4146 po-

1885 4177 1999 4234 tius
2027 4190 2188 4248 grave
2214 4173 2343 4228 illud
2377 4172 2575 4228 veteris
2605 4170 2738 4239 legis
2770 4184 2908 4224 unus
2943 4166 3288 4237 abjiciamus.
3315 4168 3451 4221 nihil

1890 4269 2219 4324 astimantes
2250 4275 2405 4336 typos
2441 4265 2584 4328 illos,
2611 4262 2717 4317 nisi
2760 4261 3112 4330 spiritualiter
3142 4259 3452 4328 intelligan-

1891 4370 1997 4416 tur.
2029 4356 2231 4413 Umbra
2267 4369 2502 4424 namque
2529 4369 2616 4408 res
2640 4353 2888 4422 quasdam
2913 4361 2996 4406 est
3027 4351 3339 4421 imperfecta
3370 4362 3454 4405 at-

1891 4465 1996 4521 que
2030 4448 2256 4508 inutilis.
2285 4446 2330 4502 si
2356 4445 2557 4500 Christi
2587 4445 2904 4515 mysterium
2933 4459 3038 4498 non
3067 4444 3341 4499 describit.

958 4572 1028 4626 Et
1066 4572 1121 4625 in
1148 4571 1241 4624 illa
1270 4569 1459 4624 verba:
1487 4590 1505 4617 ιι
1538 4567 1680 4622 Tunc
1709 4568 1950 4638 loquetur
1983 4563 2053 4618 ad
2081 4580 2166 4618 eos
2204 4565 2256 4616 in
2285 4563 2365 4615 ira
2392 4577 2509 4626 sua,
2541 4579 2558 4610 ι
2588 4577 2634 4614 υ.
2662 4559 2713 4615 5.

295 4693 662 4751 Ἀθανασίου.
684 4692 792 4762 (54)
807 4693 958 4746 Τότε.
980 4692 1136 4755 Πότε,
1159 4691 1191 4762 ἢ
1215 4692 1300 4744 ὅτε
1319 4689 1499 4758 ἔλεγον
1517 4707 1530 4722 ο
1549 4687 1787 4758 uappa-

1963 4683 2258 4740 Athanasii.
2290 4680 2461 4736 Tunc.
2492 4679 2738 4747 Quando.
2763 4679 2866 4734 nisi
2894 4693 3016 4733 cum
3043 4677 3320 4733 dicerent:
3350 4677 3448 4732 Di-

215 4785 409 4855 ξωμεν
441 4783 580 4848 τοὺς
606 4781 866 4850 δεσμοὺς
889 4777 1116 4842 αὑτῶν;
1151 4780 1282 4834 Τίνα
1307 4779 1364 4833 δέ
1397 4782 1540 4832 ἐστιν
1562 4781 1618 4831 ὲν
1641 4779 1776 4848 ὀργῇ

214 4879 345 4948 παρ’
379 4875 541 4930 αὐτοῦ
569 4873 896 4944 λαληθέντα;
935 4871 1077 4927 Οὐαὶ
1109 4871 1266 4940 ὑμῖν,
1292 4869 1656 4941 Γραμματεῖς
1679 4870 1776 4922 καὶ

215 4964 540 5033 Φαρισαῖοι,
581 4964 670 5016 ὅτι
715 4959 1036 5032 ἀρθήσεται
1081 4961 1180 5030 ἀφ’
1209 4958 1374 5029 ὑμῶν
1419 4960 1456 5026 ἠ
1494 4959 1777 5024 ,ϐασιλεία

213 5056 320 5110 τοῦ
353 5055 518 5108 Θεοῦ.
565 5053 672 5107 Kal
703 5053 825 5119 τοῖς
851 5052 1132 5122 νομικοῖς,
1159 5051 1391 5106 οὐαί.Ἦ
1416 5051 1494 5115 τὸ,
1525 5051 1674 5107 Τότε.
1699 5051 1777 5111 εἰς

212 5148 304 5201 τὸν
347 5147 535 5218 καιρὸν
577 5145 676 5214 τῆς
716 5145 946 5216 κρίσεως
974 5146 1322 5216 ἀναφέρεται,
1359 5143 1502 5196 ὅταν
1528 5143 1776 5211 ὄψονται

212 5243 300 5304 εις
350 5238 423 5292 ὃν
465 5237 880 5304 ἐξεκέντησαν.
913 5237 1043 5289 Τότε
1077 5237 1185 5308 γάρ
1213 5235 1431 5308 ταράξει
1463 5235 1657 5295 αὐτοὺς
1688 5233 1776 5286 λέ-

213 5347 359 5398 γων’
395 5331 722 5399 Πορεύεσθε
767 5330 867 5383 ἀπ’
899 5330 1042 5398 ἐμοῦ
1075 5334 1127 5383 ol
1167 5328 1777 5398 κατηραμένοι.“Επει-

217 5421 460 5493 ράθησαν
493 5422 547 5475 δὲ
583 5421 729 5484 Θείας
761 5422 947 5493 ὀργῆς,
974 5423 1064 5476 καὶ
1089 5423 1177 5474 ὅτε
1210 5425 1243 5493 ἡ
1292 5420 1570 5490 Ῥωμαῖκὴ
1597 5419 1778 5482 αὐτοῖς

213 5517 483 5570 ἐπιστᾶσα
528 5514 754 5588 στρατιὰ
795 5517 894 5586 τήν
937 5534 996 5569 τε
1040 5515 1193 5567 πόλιν
1238 5515 1524 5586 ἐνέπρησε,
1562 5512 1654 5564 καὶ
1685 5509 1775 5563 τὸν

285 5653 396 5722 (55)
437 5648 560 5704 Hac
592 5650 854 5704 habentur
879 5648 1149 5716 superius,
1171 5644 1265 5701 sed
1291 5644 1558 5700 breviora.

283 5767 303 5796 ⁷
343 5763 502 5820 Joan.
535 5779 587 5823 ν,
618 5761 706 5816 23.
781 5763 801 5794 ⁸
839 5763 1032 5818 Matth.
1067 5779 1144 5826 χι,
1180 5759 1267 5815 30.
1346 5758 1368 5791 '
1405 5755 1606 5813 Jcrcm.
1635 5768 1694 5821 tt,
1717 5750 1808 5807 20.

210 5841 297 5895 δῖ.
382 5837 425 5868 ³³
465 5833 653 5889 )lattb.
687 5849 810 5898 xxv,
847 5833 932 5887 ιι.

1885 4792 2184 4846 rumpamus
2220 4774 2426 4828 vincula
2456 4771 2730 4843 ipsorum?
2773 4769 2943 4824 Porro
2995 4785 3115 4840 qua:
3161 4778 3286 4823 sunt
3332 4769 3447 4833 illa,

1882 4885 2004 4941 qua:
2047 4869 2098 4920 in
2146 4867 2225 4921 ira
2261 4867 2328 4920 ab
2378 4867 2496 4934 ipso
2545 4863 2688 4917 dicta
2721 4861 2882 4915 sunt?
2915 4860 3037 4915 Haac
3067 4858 3313 4914 scilicet:
3358 4858 3448 4913 Vra

1884 4961 2043 5024 vobis,
2077 4957 2276 5012 Scriba:
2314 4967 2363 5011 et
2399 4955 2680 5017 Pharisaei,
2728 4955 2850 5024 quia
2887 4953 3097 5006 tolletur
3119 4969 3152 5005 a
3175 4949 3313 5004 vobis
3359 4969 3444 5005 re-

1883 5067 2039 5122 gnum
2068 5049 2160 5102 Dei
2181 5049 2242 5102 “.
2279 5047 2345 5100 Et
2373 5046 2509 5099 vobis
2536 5044 2871 5116 legisperitis,
2893 5058 2970 5095 va:
2990 5043 3054 5094 ¹¹.
3086 5040 3180 5095 Vel
3205 5049 3349 5095 certe
3382 5041 3447 5094 il-

1881 5143 1992 5206 lud,
2028 5150 2173 5203 tunc,
2207 5138 2436 5193 refertur
2475 5136 2539 5190 ad
2575 5146 2786 5203 tempus
2815 5133 3025 5200 judirii,
3060 5131 3276 5201 quando
3297 5131 3444 5184 vide-

1884 5232 2006 5285 bunt
2034 5231 2089 5283 in
2117 5245 2266 5300 quem
2295 5226 2670 5295 trans/ﬁxerunt
2699 5223 2761 5275 ¹².
2798 5222 2952 5277 Tunc
2977 5222 3119 5276 cnim
3151 5221 3442 5275 conturba-

1883 5324 1964 5378 bit
1992 5337 2107 5386 eos,
2135 5321 2320 5376 dicens
2355 5335 2366 5370 :
2407 5316 2667 5370 Discedite
2712 5332 2743 5368 a
2789 5331 2888 5377 me,
2934 5312 3276 5366 maledicti“.
3309 5309 3446 5365 Divi-

1886 5430 2006 5468 nam
2041 5422 2219 5467 autem
2250 5411 2384 5464 iram
2411 5407 2580 5462 Judai
2601 5407 2808 5476 experti
2837 5417 2981 5468 sunt,
3013 5419 3135 5458 cum
3165 5403 3440 5457 Romanus

1883 5505 1936 5559 in
1964 5504 2108 5572 ipsos
2138 5503 2349 5556 irruens
2371 5499 2642 5555 exercitus
2669 5499 2854 5552 urbem
2888 5495 3146 5559 incendit,
3178 5493 3439 5564 templum

1948 5635 2056 5709 (δι)
2098 5634 2223 5690 Haec
2247 5635 2373 5689 item
2401 5633 2673 5705 superius,
2704 5630 2796 5685 sed
2822 5630 3097 5701 pauciora.

1888 5749 1930 5782 ³⁸
1972 5747 2163 5805 Matth.
2201 5761 2315 5814 xxt,
2348 5746 2438 5801 45.
2516 5745 2557 5778 ⁸⁸
2598 5741 2731 5799 Luc.
2769 5758 2844 5810 χι,
2872 5740 2958 5797 ιδ.
3037 5743 3081 5774 "
3118 5739 3274 5798 Joan.
3321 5756 3436 5807 χιε.
