4126 6486
662 437 759 494 851

1512 437 1571 491 S.
1614 432 1976 489 ATllANASll
2014 431 2163 487 OPP.
2201 431 2382 486 PARS
2418 431 2502 485 lll.
2546 461 2610 471 --
2655 430 3069 484 EXEGETICA.

3805 439 3915 495 552

662 556 950 623 expilavit,
999 564 1051 607 et
1094 553 1326 623 denique
1380 556 1671 607 maximam
1731 554 1969 623 ipsorum
2022 561 2226 621 partem

2335 552 2455 604 ναδν
2510 551 2797 621 ἐπόρθησε,
2843 554 2935 605 καὶ
2982 555 3106 615 τοὺς
3159 552 3407 616 πλείονας
3457 553 3638 607 αὐτῶν
3696 554 3916 627 θανάτῳ

664 658 837 703 morte
871 648 1083 701 delevit.

2335 644 2711 716 παρέπεμψεν.

1746 739 1891 793 Idem
1919 742 1970 793 in
2005 741 2401 809 inscriptionem
2435 739 2626 807 psalmi
2660 739 2823 793 tertii.

732 838 1007 889 Athanasii
1046 846 1093 889 et
1125 836 1333 905 Cyrilli.
1376 838 1537 891 Tertii
1588 840 1780 907 psalmi
1826 841 2105 909 inscriptio
2142 856 2227 893 re-

664 930 828 982 mittit
882 944 979 982 nos
1025 929 1089 980 ad
1141 930 1442 993 historiam,
1494 946 1615 998 quae
1659 942 1836 986 exstat
1885 932 1937 985 in
1982 931 2223 986 secundo

666 1022 803 1074 libro
838 1020 1166 1089 Regnorum.
1202 1018 1473 1075 Habuerat
1498 1021 1661 1075 David
1691 1038 1755 1076 ex
1786 1024 2015 1077 diversis
2052 1024 2229 1076 uxori-

664 1112 762 1169 hus
807 1114 1111 1181 complures
1149 1114 1307 1168 filios.
1345 1115 1487 1167 Inter
1516 1115 1613 1169 hos
1641 1114 1852 1169 Amnon
1882 1124 2000 1169 erat
2027 1116 2230 1185 primo-

662 1209 906 1276 genitus;
939 1222 1002 1259 ex
1038 1208 1141 1260 alia
1182 1224 1309 1261 vero
1355 1209 1583 1277 conjuge
1613 1208 1848 1278 suscepti
1891 1208 2223 1272 Abessalom,

660 1308 715 1353 et
737 1298 971 1351 Thamar
1008 1300 1134 1362 filia,
1165 1310 1390 1371 uterque
1414 1301 1585 1355 forma
1611 1304 1843 1373 egregia.
1876 1301 2050 1372 Hujus
2081 1319 2231 1355 amo-

663 1408 721 1447 re
749 1402 1029 1461 corrcptus
1078 1394 1310 1461 Amnon,
1343 1410 1404 1449 ac
1462 1396 1711 1449 morbum
1764 1397 2050 1459 simulans,
2104 1411 2227 1450 cum

661 1500 691 1538 α
724 1483 923 1540 Davide
951 1488 1278 1549 visitaretur,
1310 1487 1463 1555 petiit
1490 1486 1558 1539 ab
1591 1486 1732 1555 ipso,
1771 1498 1827 1539 ut
1853 1501 2092 1539 sororem
2125 1486 2226 1537 sibi

661 1579 980 1631 curalricem
1011 1578 1199 1633 adesse
1223 1579 1453 1645 juberet.
1487 1576 1659 1645 Atque
1691 1578 1762 1631 ita
1794 1592 1911 1632 eam
1944 1577 2183 1645 corrupit
2212 1594 2223 1628 ε

662 1678 784 1737 post
815 1670 974 1724 etiam
1009 1672 1135 1725 odio
1166 1671 1388 1736 habens,
1430 1672 1593 1723 domo
1614 1670 1793 1739 ejecil.
1818 1672 1937 1739 lpsa
1970 1684 2098 1723 vero
2130 1669 2230 1723 fra-

663 1761 730 1814 tri
762 1761 1074 1816 Ahessaloni
1106 1763 1172 1816 de
1203 1762 1399 1831 injuria
1429 1764 1797 1831 conqueritur.
1836 1761 1938 1829 Qui
1980 1762 2104 1816 licet
2134 1778 2226 1815 ve—

2420 837 2785 899 Ἆθανασίου,
2812 834 3136 901 Κιφιζιλου.
3158 835 3248 888 Sic
3270 833 3459 904 absque
3484 834 3672 901 copula
3705 846 3911 884 utrum-

2334 948 2430 1000 que
2469 946 2651 983 nomen
2695 929 3010 997 conjungcns
3056 945 3072 980 :
3109 928 3243 995 forte
3292 943 3354 981 ea:
3385 938 3602 996 utroque
3640 927 3909 994 sequenti]:

2334 1025 2564 1093 conﬂata
2606 1040 2715 1076 esse
2759 1024 2974 1074 innuere
3012 1022 3287 1075 valens.“
3330 1019 3421 1073 τοῦ
3473 1020 3658 1089 τρίτου
3688 1016 3906 1087 ψαλμοί

2332 1120 2609 1190 ὲπιγραςςὴ
2652 1118 2789 1189 πρὸς
2832 1117 2929 1188 τὴν
2978 1118 3036 1169 ὲν
3079 1119 3144 1187 τῇ
3180 1115 3407 1185 δευτέρα
3454 1112 3562 1167 τῶν
3609 1112 3908 1166 Βασιλειῶν

2334 1212 2572 1282 ἱστορίαν
2615 1212 2759 1281 ἡμᾶς
2808 1209 3186 1280 παραπέμπει.
3219 1208 3309 1277 Τῷ
3337 1206 3499 1261 Δαυῒδ
3528 1209 3591 1259 ἐκ
3636 1205 3909 1275 διαφόρων

2330 1305 2603 1373 γυναικῶν
2634 1305 2819 1367 παῖδες
2850 1304 3094 1372 ἐγένοντο
3120 1302 3378 1363 πλείονες.
3399 1302 3485 1353 Ἑν
3513 1301 3727 1361 τούτοις
3760 1299 3856 1351 καὶ⁸
3883 1300 3909 1350 6

2342 1397 2552 1468 ’Δμνὼν
2580 1394 2647 1468 ἦν
2674 1398 3011 1468 πρωτότοκος
3030 1414 3042 1426 ο
3073 1396 3130 1462 ἐξ
3180 1396 3371 1466 ἑτέρας
3394 1394 3449 1446 δὲ
3479 1396 3507 1446 6
3548 1390 3910 1459 Ἀϐεσσαλὼμ.

2334 1488 2429 1541 καὶ
2458 1490 2490 1559 ἡ
2524 1488 2739 1559 Θάμαρ,
2774 1488 2939 1557 ἄμφω
2966 1486 3061 1559 τὴν
3086 1487 3205 1556 ὄψιν
3234 1485 3405 1539 καλοί.
3430 1483 3644 1550 Ταύτης
3695 1480 3907 1551 ἠράσθη

2332 1581 2362 1633 6
2406 1580 2615 1649 Ἀμνών
2637 1598 2649 1609 ·
2680 1581 2773 1633 καὶ
2798 1582 2972 1632 νοσεῖν
3001 1579 3454 1649 ὑποκρινάμενος,
3480 1574 3668 1643 ἐπειδὴ
3695 1574 3725 1625 6
3749 1572 3909 1625 Δαυῖδ

2334 1675 2494 1726 αὐτὸν
2520 1673 2876 1741 ἐπεσκέψατο,
2910 1674 3160 1743 παρεῖναι
3184 1670 3336 1740 ἠξίου
3365 1669 3461 1739 τὴν
3486 1667 3724 1735 ἀδελφὴν
3748 1664 3909 1718 αὑτὸν

2335 1763 2793 1835 θεραπεύσουσαν.
2816 1763 2923 1815 Καὶ
2949 1761 3283 1831 διαφθείρας,
3316 1756 3434 1813 εἶτα
3467 1759 3723 1829 μισήσας,
3752 1754 3909 1817 εὐθὺς

661 1851 942 1907 bementer
983 1864 1122 1909 esset
1167 1864 1496 1920 commotus,
1529 1855 1661 1907 iram
1690 1864 1866 1907 tamen
1894 1852 2225 1908 dissimulat.

2336 1854 2657 1924 ἐξέπεμψεν.
2677 1855 2738 1907 Ἠ
2764 1854 2820 1907 δὲ
2868 1852 2945 1923 τῷ
2993 1851 3204 1921 ἀδελφῷ
3243 1849 3593 1919 Ἀϐεσσαλὼμ
3616 1848 3716 1918 τὴν
3752 1845 3906 1938 ὓϐριν

660 1944 729 1997 At
761 1946 1035 2015 aliquanto
1060 1953 1182 2015 post
1222 1954 1459 2014 tempore
1485 1947 1783 1999 Amnouem
1808 1945 1872 1997 ad
1902 1959 2112 1998 caenam
2145 1961 2233 1997 vo-

664 2045 842 2090 catum
896 2037 1176 2099 interimit,
1226 2050 1584 2105 metuensque
1633 2039 1799 2106 patris
1844 2038 1999 2102 iram,
2054 2038 2227 2107 fugit:

664 2128 991 2195 dentemque
1038 2134 1159 2195 post
1210 2136 1319 2181 tres
1359 2142 1534 2180 annos
1562 2127 1867 2188 revertitur,
1902 2128 1980 2180 ira
2016 2126 2232 2181 Davidis

658 2218 769 2287 jam
806 2219 1055 2273 remissa.
1091 2216 1207 2271 Non
1248 2219 1393 2272 illico
1429 2228 1607 2271 tamen
1660 2220 1712 2271 in
1749 2227 2100 2285 conspectum
2132 2217 2234 2271 Pa-

665 2311 763 2363 tris
798 2310 1092 2372 admissus,
1130 2309 1223 2363 sed
1252 2310 1470 2362 demum
1520 2318 1643 2377 post
1688 2310 1825 2363 duos
1857 2325 2047 2364 annos.
2080 2309 2233 2363 Tunc

662 2415 791 2452 Vero
819 2400 1048 2454 insidias
1073 2400 1217 2453 Patri
1256 2409 1468 2453 struere
1503 2401 1688 2470 cmpit,
1720 2417 2017 2472 currusque
2050 2403 2152 2456 sibi
2178 2412 2233 2457 et

662 2492 873 2559 equites
906 2493 1259 2561 comparavit,
1292 2493 1505 2559 sibique
1531 2494 1841 2547 conciliavit
1868 2510 1985 2557 eos,
2020 2496 2113 2565 qui
2147 2510 2233 2548 re-

662 2598 780 2652 gem
810 2583 997 2652 judicii
1028 2600 1190 2639 causa
1221 2586 1459 2648 adibant,
1503 2587 1605 2639 sub
1638 2588 1814 2653 specie
1848 2588 2232 2642 benevolentia:

660 2682 713 2727 et
746 2674 1044 2727 clementia:
1068 2675 1362 2741 subjicieus
1387 2676 1487 2727 sibi
1507 2673 1685 2730 Patris
1716 2677 1983 2741 subditos,
2007 2693 2233 2747 cogens-

662 2777 769 2832 (ποθ
800 2763 1066 2831 ingentem
1102 2762 1503 2833 transfugarum
1532 2766 1955 2827 multitudinem,
1992 2778 2049 2821 ut
2084 2766 2231 2822 Patri

664 2847 890 2901 insidias
922 2849 1178 2903 tenderet.
1221 2849 1300 2902 Ad
1335 2860 1662 2919 extremum,
1696 2853 1912 2918 defecit,
1947 2870 2113 2925 seque
2148 2873 2233 2909 re-

662 2955 781 3011 gem
827 2943 1175 3011 nuncupavit.
1206 2943 1519 3013 Assumpsit
1562 2960 1692 2998 vero
1725 2961 1849 2999 cum
1890 2947 2078 3002 multis
2110 2950 2232 3004 aliis

660 3033 823 3085 etiam
854 3032 1284 3101 Achitopbelem,
1319 3035 1411 3103 qui
1446 3033 1627 3088 Davidi
1657 3046 1773 3091 erat
1809 3051 1840 3090 a
1866 3039 2129 3105 consiliis,
2152 3042 2233 3095 vi-

664 3139 784 3177 rum
810 3122 1023 3177 vafrum
1053 3132 1107 3177 et
1131 3125 1479 3179 industrium.
1506 3124 1626 3191 Quo
1660 3127 1867 3194 audito,
1895 3128 2030 3200 fugit
2063 3130 2228 3188 David

2333 1944 2651 2016 ἀπήγγειλε.
2680 1945 2942 2006 Κάκεῖνος
2975 1944 3272 2010 ἀγανακτεῖ
3314 1942 3430 2011 μὲν,
3458 1939 3690 2011 κρύπτει
3729 1938 3785 1989 δὲ
3813 1936 3908 2005 τὴν

2332 2038 2521 2107 ὀργήν.
2559 2036 2713 2089 Μετά
2746 2054 2865 2088 τινα
2897 2035 2955 2088 δὲ
2997 2034 3182 2105 καιρὸν
3214 2034 3303 2086 τὸν
3344 2033 3554 2105 ’Ᾱμνὼν
3584 2035 3661 2095 είς
3698 2032 3909 2083 δεῖπνον

2334 2128 2586 2190 καλέσας,
2616 2128 2918 2188 ἀπέκτεινε,
2950 2128 3045 2179 καὶ
3076 2126 3329 2196 φοϐηθεὶς
3360 2126 3457 2196 τὴν
3484 2125 3652 2195 ὀργὴν
3677 2124 3773 2177 τοῦ
3805 2140 3908 2175 πασ-

2332 2218 2477 2288 τρὸς,
2502 2217 2749 2285 ἀπέφυγε
2767 2233 2780 2247 ο
2819 2217 2954 2287 μετὰ
2981 2216 3035 2269 δὲ
3060 2216 3184 2285 τρία
3208 2216 3299 2284 ἐτη
3323 2216 3586 2277 ἐπάνεισι,
3612 2214 3705 2267 τοῦ
3736 2212 3908 2284 θυμοῦ

2334 2310 2669 2371 κοπάσαντος
2716 2308 2793 2377 τῷ
2837 2308 3017 2361 Δαυῖδ.
3058 2310 3131 2361 Οὺ
3170 2309 3273 2377 μὴν
3306 2310 3397 2361 καὶ
3440 2308 3615 2377 ὂψεως
3663 2307 3909 2371 ἀξιοῦται

2332 2402 2431 2471 τῆς
2460 2400 2734 2470 πατρικῆς
2771 2400 2986 2461 αὐτίκα,
3014 2398 3147 2451 ἀλλὰ
3175 2400 3311 2469 μετὰ
3334 2398 3427 2451 δύο
3456 2399 3752 2459 ἐνιαυτούς.
3773 2400 3911 2469 Ἥρ-

2334 2490 2460 2557 ξατο
2502 2492 2558 2544 δὲ
2608 2491 2977 2544 ἐπιϐουλεύειν
3008 2491 3084 2561 τῷ
3119 2492 3308 2563 πατρὶ,
3348 2492 3442 2544 καὶ
3471 2492 3696 2563 ἅρματα
3731 2490 3911 2561 ἑαυτῷ

2334 2583 2425 2635 καὶ
2462 2583 2645 2645 ἱππεῖς
2674 2582 2913 2651 ἐποίησε,
2950 2584 3041 2635 καὶ
3078 2582 3381 2635 ἰδιοποιεῖτο
3419 2584 3543 2644 τοὺς
3576 2583 3907 2654 ἐρχομένους

2332 2670 2587 2741 κριθῆναι
2621 2671 2755 2743 πρὸς
2786 2674 2876 2725 τὸν
2914 2673 3155 2743 βασιλέα,
3185 2675 3419 2743 σχήματι
3466 2676 3766 2738 ἐπιεικείας
3809 2677 3908 2728 6::-

2332 2764 2596 2832 αγόμενος
2626 2764 2751 2825 τοὺς
2779 2764 3069 2832 ὑπηκόους,
3092 2764 3186 2817 καῖ⁹
3215 2764 3415 2828 πλῆθος
3440 2764 3763 2818 ἀποστατῶν
3786 2782 3907 2818 συν-

2333 2848 2618 2919 αθροίζων,
2653 2850 2730 2912 εἰς
2763 2850 3050 2923 ἐπιϐουλὴν
3084 2852 3175 2905 τοῦ
3227 2853 3447 2923 πατρός.
3482 2854 3591 2909 Καὶ
3617 2853 3772 2917 τέλος
3810 2856 3909 2908 ἀπ’

2333 2938 2483 3010 έστη,
2524 2941 2615 2993 καὶ
2649 2940 2873 3010 βασιλέα
2917 2944 3105 2997 ἑαυτὸν
3137 2946 3488 3016 ἀνηγόρευσε.
3537 2946 3910 3017 Προσελάϐετο

2331 3030 2387 3083 δὲ
2421 3034 2516 3085 σὺν
2549 3032 2727 3095 ἄλλοις
2772 3034 2982 3098 πολλοῖς
3024 3037 3116 3088 καὶ
3145 3036 3235 3089 τὸν
3274 3037 3569 3106 Ἀχιτόφελ,
3606 3039 3665 3091 δν
3693 3040 3723 3093 6
3747 3040 3911 3094 Δαυῖδ

2334 3116 2447 3192 εἶχε
2479 3122 2800 3193 σύμϐουλον.
2834 3124 3000 3195 ἄνδρα
3035 3124 3207 3179 δεινὸν
3244 3129 3339 3181 καὶ
3369 3128 3717 3200 δραστήριον.
3751 3132 3858 3183 Καὶ
3879 3132 3909 3184 6

661 3228 787 3268 cum
820 3214 907 3277 iis,
929 3213 1021 3282 qui
1046 3214 1188 3269 circa
1213 3215 1388 3284 ipsum
1414 3226 1590 3281 erant,
1623 3218 1784 3273 nudis
1808 3220 2053 3288 pedibus.
2077 3221 2230 3278 Tunc

2335 3213 2494 3267 Δαυῖδ
2516 3215 2773 3277 ἀκούσας,
2803 3217 2990 3286 φεύγει
3038 3218 3173 3288 μετὰ
3201 3218 3308 3271 τῶν
3338 3222 3465 3290 περὶ
3486 3220 3650 3275 αὑτὸν
3678 3224 3907 3292 γυμνοῖς

662 3308 822 3361 etiam
874 3305 1051 3360 Semei
1101 3308 1279 3375 ipsum
1323 3319 1640 3364 exsecratus
1683 3320 1785 3364 est.
1822 3310 2080 3368 Precatus
2104 3330 2233 3369 vero

664 3396 856 3463 David,
893 3406 952 3450 ut
992 3396 1136 3451 Deus
1181 3398 1467 3451 consilium
1498 3399 1872 3469 Achitopbelis
1900 3404 2027 3457 velit
2057 3403 2233 3460 facere

663 3488 903 3554 irritum,
932 3488 1200 3543 submittit
1232 3490 1393 3543 etiam
1427 3488 1619 3556 Chusi,
1656 3492 1891 3545 amicum
1924 3509 2107 3558 suum,
2139 3496 2232 3563 qui

662 3581 943 3635 sententia:
986 3581 1130 3636 illius
1163 3582 1522 3641 contradicat.
1558 3599 1620 3637 ac
1651 3600 1745 3652 per
1794 3588 2104 3642 sacerdotes
2135 3586 2234 3641 Sa-

661 3672 859 3726 docum
892 3682 945 3726 et
975 3673 1323 3727 Ahiatharem
1366 3676 1469 3729 sibi
1496 3676 1679 3730 omnia
1716 3676 1978 3747 significet
2005 3678 2235 3733 Abessa-

666 3767 806 3821 lonis
851 3766 1098 3820 consilia.
1123 3766 1291 3821 Chusi
1320 3781 1466 3829 vero,
1498 3767 1589 3820 ubi
1640 3766 1709 3821 ad
1759 3769 2081 3836 parricidam
2110 3786 2234 3840 per-

665 3858 831 3921 venit,
862 3858 932 3911 ab
980 3856 1098 3926 ipso
1149 3868 1405 3925 tanquam
1439 3857 1610 3911 fidelis
1646 3866 1701 3913 et
1737 3859 2027 3917 benevolus
2059 3862 2236 3918 credi-

665 3959 777 4011 tus,
808 3964 914 4003 una
950 3965 1072 4002 cum
1102 3948 1452 4018 Achitophele
1478 3952 1530 4005 in
1563 3952 1801 4006 medium
1835 3955 2123 4009 consulere
2141 3956 2235 4025 ju-

668 4042 846 4101 hetur,
878 4054 987 4108 quo
1019 4047 1177 4109 pacto
1230 4040 1430 4095 bellum
1476 4042 1587 4110 geri
1622 4052 1888 4111 oporteat.
1924 4042 1989 4098 Et
2016 4044 2237 4101 Achito-

666 4128 791 4198 phel
823 4129 1039 4199 quidem
1070 4142 1259 4185 auctor
1286 4142 1388 4193 est,
1414 4141 1473 4185 ut
1506 4131 1841 4200 Abessalom,
1868 4136 2020 4205 prius
2054 4146 2233 4193 tamen

666 4238 791 4275 cum
829 4222 1001 4292 patris
1031 4222 1314 4293 pellicibus
1343 4237 1690 4294 congressus,
1716 4240 1840 4280 eum
1881 4243 1910 4281 a
1944 4236 2095 4298 tergo
2118 4244 2236 4298 per-

668 4322 949 4385 sequatur,
976 4323 1138 4384 atque
1169 4314 1491 4383 imparatum
1536 4316 1897 4386 aggrediatur.
1926 4318 2091 4375 Chusi
2134 4336 2234 4374 au-

669 4416 800 4470 tem.
834 4407 902 4464 de
931 4408 1211 4479 pellicibus
1242 4409 1458 4479 quidem
1493 4410 1627 4463 nihil
1654 4412 1864 4466 consilii
1892 4412 2013 4477 dat;
2039 4423 2094 4468 at
2124 4424 2182 4469 ut
2205 4430 2237 4469 e

672 4501 898 4570 vestigio
946 4500 999 4552 in
1041 4508 1245 4569 patrem
1279 4501 1537 4569 impetum
1566 4500 1747 4565 faciat,
1787 4502 1891 4557 hoc
1915 4503 2232 4559 Abessaloni

2332 3309 2443 3369 τοῖς
2472 3308 2627 3359 ποσίν
2646 3325 2659 3336 ⁸
2696 3308 2783 3359 ὅτε
2814 3310 2905 3360 καὶ
2936 3310 3123 3379 Σεμεεὶ
3154 3311 3300 3381 αὑτῷ
3324 3315 3619 3384 κατηρᾶτο.
3656 3314 3906 3385 Εύχόμε·

2333 3414 2421 3459 νος
2456 3398 2513 3450 δὲ
2550 3400 2649 3469 τὴν
2693 3398 2787 3452 τοῦ
2831 3400 3107 3469 ’Λχιτόφελ
3150 3402 3598 3475 διασκεδασθῆναι
3647 3405 3846 3477 βουλὴν
3878 3410 3911 3461 6

2332 3488 2512 3553 Δαυῖδ,
2544 3492 2749 3561 πέμπει
2775 3494 2868 3545 καὶ
2894 3493 2986 3545 τὸν
3021 3486 3215 3547 ἑαυτοῦ
3239 3495 3389 3565 φίλον
3408 3498 3578 3549 Χουσὶ
3601 3500 3664 3568 τῇ
3696 3499 3907 3554 ἐκείνου

2334 3582 2526 3651 γνώμῃ
2559 3583 2991 3653 ἀντιταξόμενον,
3017 3587 3109 3637 καὶ
3132 3587 3219 3641 διὰ
3242 3587 3351 3641 τῶν
3378 3589 3571 3660 ἱερέων
3597 3589 3791 3644 Σαδώκ
3814 3592 3909 3645 καὶ

2347 3670 2605 3745 Ἀϐιάθαρ
2647 3672 2953 3744 δηλώσοντα
3000 3676 3145 3747 αύτῴ
3182 3680 3289 3731 πᾶν
3338 3679 3366 3732 ὃ
3391 3679 3457 3733 ἂν
3484 3679 3847 3754 βουλεύσηται
3879 3685 3909 3738 ὁ

2348 3764 2712 3837 Ἀϐεσσαλώμ.
2732 3767 2789 3819 '0
2807 3767 2862 3819 δὲ
2882 3769 3070 3829 Χουσὶ,
3088 3770 3275 3840 ἐπειδὴ
3302 3771 3435 3841 πρὸς
3457 3772 3547 3824 τὸν
3570 3775 3912 3845 πατραλοίαν

2332 3855 2518 3909 τοῦτον
2546 3858 2789 3926 ἀσίκετο,
2812 3860 3115 3923 πιστευθεὶς
3144 3860 3221 3923 ὡς
3246 3860 3432 3927 εὔνους
3457 3864 3626 3933 αύτῷ.
3657 3867 3823 3929 αὑτός
3848 3884 3907 3922 τε

2335 3947 2429 4000 καὶ
2466 3948 2745 4018 Ἀχιτόφελ
2780 3948 3171 4021 προτρέπονται
3203 3951 3233 4004 ὅ
3265 3969 3317 4005 τι
3357 3952 3472 4008 δέον
3519 3957 3645 4024 περὶ
3670 3957 3909 4029 πολέμου

2335 4042 2526 4093 εἰπεῖν.
2560 4042 2669 4094 Καὶ
2706 4044 2735 4095 6
2773 4042 3055 4111 ’Δχιτόφελ
3084 4045 3469 4115 προτρέπεται,
3496 4050 3617 4113 ταῖς
3663 4048 3759 4103 τοῦ
3804 4068 3912 4105 πα-

2335 4131 2459 4201 τρὸς
2491 4131 2677 4185 τοῦτον
2710 4134 2933 4203 μιγέντα
2978 4134 3297 4198 παλλακαῖς,
3325 4136 3500 4190 ὀπίσω
3532 4138 3773 4205 διώκειν,
3814 4143 3911 4197 καὶ

2334 4222 2651 4293 ἀσυντάκτῳ
2700 4224 3038 4295 προσϐαλεῖν.
3059 4226 3115 4278 ’0
3161 4226 3218 4279 δὲ
3266 4228 3435 4280 Χουσὶ
3482 4230 3608 4300 περὶ
3654 4231 3755 4299 μιν
3798 4232 3911 4287 τῶν

2336 4312 2625 4366 παλλακῶν
2669 4310 2819 4367 οὐδὲν
2852 4314 3191 4386 ἀπεφήνατο*
3225 4316 3459 4390 ἑξορμᾷν
3490 4318 3547 4371 δὲ
3580 4318 3742 4383 εὐθὺς
3768 4322 3907 4378 κατὰ

2334 4406 2426 4459 τοῦ
2459 4406 2661 4477 πατρὸς
2696 4407 2757 4460 οὐ
2805 4408 3096 4480 συνεχώρει
3157 4410 3234 4480 τῷ
3272 4410 3648 4483 Ἀϐεσσαλώμ’
3678 4414 3766 4467 ἶνα
3811 4416 3911 4487 μὴ.

2336 4501 2393 4552 ὲν
2432 4498 2602 4571 δρεσι,
2630 4500 2812 4569 φησὶν,
2841 4500 3091 4571 ἐμπεσὼν
3111 4502 3204 4555 καὶ
3224 4502 3557 4574 δυσφορίαις,
3577 4504 3637 4557 τό
3660 4522 3721 4558 τε
3748 4522 3913 4578 στρα-

670 4590 966 4645 dissuadet.
999 4588 1096 4654 Ne,
1132 4590 1326 4659 inquit,
1360 4590 1412 4643 iu
1442 4592 1718 4646 montibus
1769 4593 1822 4646 in
1872 4594 2045 4663 ipsum
2100 4594 2235 4649 inci-

2335 4589 2555 4642 τόπεδον
2591 4589 2928 4663 διαφθείρῃς,
2958 4589 3053 4644 καὶ
3097 4591 3256 4654 αὐτὸς
3281 4594 3401 4655 ταῖς
3428 4592 3523 4645 τοῦ
3574 4595 3783 4664 πατρὸς
3814 4576 3911 4666 λη-

672 4684 828 4748 deus,
875 4683 1025 4737 clade
1072 4692 1310 4751 accepta,
1340 4698 1465 4737 cum
1518 4684 1816 4738 exercitum
1869 4686 2082 4754 perdas,
2120 4695 2234 4740 tum

672 4789 803 4828 vero
834 4773 949 4843 ipse
992 4772 1045 4826 in
1080 4775 1248 4842 patris
1277 4788 1470 4829 manus
1496 4774 1744 4843 captivus
1784 4776 2085 4844 pervenias.
2109 4772 2239 4827 Par—

675 4868 843 4922 ricida
893 4866 1057 4934 igitur
1094 4866 1347 4921 dicente:
1377 4865 1566 4920 Melius
1615 4876 1693 4918 cst
1731 4865 2010 4919 consilium
2053 4866 2235 4930 Clausi,

673 4975 832 5028 quam
865 4958 1295 5027 Achitoplielis“,
1327 4973 1561 5014 man-ore
1592 4968 1875 5027 correptus
1918 4960 2238 5029 Acbitnphel

675 5048 778 5102 sibi
828 5047 929 5117 ipsi
971 5047 1164 5117 laqueo
1194 5047 1354 5102 vitam
1403 5048 1617 5117 eripuit.
1662 5048 1831 5103 Cbusi
1876 5065 2003 5104 vero
2056 5051 2238 5107 omnia

677 5135 863 5190 Davidi
910 5152 1002 5206 per
1052 5138 1361 5194 sacerdotes
1389 5138 1715 5209 signiﬁcavit
1742 5157 1755 5191 :
1780 5140 2053 5209 iussitque
2086 5141 2241 5195 insu-

677 5242 772 5294 per
818 5228 979 5281 etiam
1034 5227 1236 5299 fugere.
1268 5228 1532 5298 Deinceps
1568 5245 1697 5284 vero
1750 5245 1873 5283 cum
1917 5230 2233 5285 Abessalom

680 5319 842 5371 rebus
864 5319 1114 5374 omnibus
1135 5322 1434 5385 instructis,
1463 5320 1736 5389 corruptis
1765 5320 1925 5374 etiam
1959 5321 2108 5389 prius
2140 5336 2237 5389 pa-

682 5412 781 5464 tris
812 5410 1093 5481 pellieibns
1120 5412 1277 5481 idque
1296 5414 1529 5481 publice,
1562 5424 1766 5483 patrem
1792 5423 2234 5483 persequeretur,

682 5497 846 5551 David
880 5500 1095 5568 quidem
1152 5501 1265 5569 ipse
1313 5503 1364 5555 in
1396 5503 1566 5556 aciem
1598 5518 1704 5555 non
1738 5503 1973 5572 prodiit;
2006 5504 2240 5558 ducibus

683 5606 810 5644 vero
842 5594 957 5646 suis
984 5594 1191 5647 credito
1233 5595 1472 5648 exercitu
1525 5596 1780 5666 pra-cepit
1830 5596 1981 5665 ipsis,
2010 5597 2195 5651 dicens
2224 5614 2237 5649 :

683 5677 895 5735 Parcite
942 5682 1053 5751 ﬁlio
1102 5699 1211 5738 meo
1252 5684 1640 5739 Abessaloni".
1694 5684 1888 5739 Praelio
1939 5700 2070 5742 vero
2126 5686 2239 5741 acri

756 5839 800 5871 ιδ
838 5837 879 5893 ll
910 5840 1038 5914 Reg.
1074 5858 1203 5908 xvu,
1241 5845 1324 5899 Η.
1400 5846 1444 5878 ⁸³
1484 5844 1522 5899 ll
1548 5843 1677 5914 Reg.
1707 5859 1860 5914 xvm,
1886 5846 1938 5900 5.

2337 4679 2527 4750 φθείης
2569 4680 2744 4750 χερσί.
2776 4680 2883 4733 Τοῦ
2911 4680 2968 4733 δὲ
3006 4679 3335 4751 πατραλοίω)
3383 4683 3654 4746 εἰπόντος·
3700 4684 3909 4755 tamen

2332 4771 2534 4840 ,ϐουλή
2569 4771 2755 4826 Χουσὶ
2786 4772 2937 4841 ὑπὲρ
2966 4771 3080 4841 τὴν
3098 4774 3344 4841 βουλὴν
3384 4775 3705 4845 Ἀχιτόφελ.
3743 4776 3912 4850 λυπη-

2338 4862 2451 4925 θεὶς
2474 4862 2755 4933 ’Δχιτόφελ
2778 4864 3080 4935 ἀπήγξατο.
3099 4864 3156 4916 Ὀ
3173 4864 3230 4917 δὲ
3251 4866 3420 4919 Χουσὶ
3447 4865 3527 4936 τῷ
3544 4866 3708 4920 Δαυῖδ
3732 4869 3911 4923 πάντα

2336 4954 2423 5007 διὰ
2446 4955 2554 5007 τῶν
2588 4955 2773 5025 ἱερέων
2806 4956 3059 5027 ἐδήλωσε,
3095 4957 3189 5011 καῖ⁸
3227 4956 3445 5025 φεύγειν
3476 4957 3557 5011 ετι
3598 4958 3907 5017 ἐκέλευσεν.

2350 5048 2501 5100 Ἐπεὶ
2552 5047 2609 5100 δὲ
2660 5048 3217 5119 παρασκευασάμενος
3259 5050 3289 5101 6
3335 5047 3686 5119 Ἀϐεσσαλὼμ
3734 5051 3912 5106 ὀπίσω

2338 5140 2431 5193 τοῦ
2466 5141 2667 5213 πατρὸς
2712 5140 3024 5207 κατεδίωξε,
3059 5141 3321 5212 πρότερον
3370 5144 3490 5206 ταῖς
3533 5141 3742 5196 ἐκείνου
3777 5144 3912 5196 παλ-

2338 5233 2528 5299 λακαῖς
2570 5236 2628 5288 εν
2669 5234 2918 5306 ὑπαίθρῳ
2958 5236 3156 5305 μιγεὶς,
3190 5236 3219 5288 6
3249 5234 3347 5306 μὲν
3374 5235 3537 5289 Δαυῒδ
3561 5236 3663 5289 οὐκ
3690 5236 3914 5308 ἐξῆλθεν

2341 5326 2499 5388 αὐτὸς
2532 5328 2612 5389 είς
2650 5325 3095 5397 ἀντιπαράταξιν,
3131 5328 3361 5398 ἡγεμόσι
3406 5327 3462 5382 δὲ
3508 5328 3810 5393 πιστεύσας
3854 5330 3915 5383 τὸ

2343 5418 2673 5489 στράτευμα,
2709 5418 3007 5471 ἐνετείλατο
3032 5420 3212 5483 αὐτοῖς
3241 5420 3414 5488 λέγων
3432 5436 3447 5451 ·
3472 5422 3773 5477 Φείσασθέ
3792 5439 3915 5490 μευ

2341 5510 2445 5563 τοῦ
2474 5508 2787 5577 παιδαρίου
2816 5510 3205 5579 Ἀϐεσσαλώμ.
3230 5510 3336 5563 Τοῦ
3360 5511 3417 5564 δε
3444 5511 3684 5582 πολέμου
3711 5514 3913 5584 συρρα-

2340 5600 2527 5669 γέντος
2566 5603 2623 5655 ὲν
2657 5599 2736 5670 τῷ
2772 5599 2963 5672 δρυμῷ
3006 5600 3262 5672 Ἐφραῖμ,
3291 5602 3548 5655 πίπτουσι
3595 5601 3697 5671 μὲν
3740 5600 3910 5653 εῖχοσι

2340 5692 2569 5764 χιλιάδες
2600 5690 2810 5761 ἀνδρῶν
2836 5691 2943 5747 ἀπὸ
2965 5691 3058 5745 τοῦ
3088 5690 3495 5764 στρατεύματος
3525 5692 3621 5745 τοῦ
3662 5693 3917 5746 Ἀϐεσσα-
