4126 6488
733 393 838 450 555
1560 397 1614 448 S.
1658 396 2027 449 ATHANASII
2069 397 2217 452 OPP.
2255 397 2432 452 PARS
2487 397 2572 451 Ill.
2601 425 2668 436 ——
2715 397 3129 452 EXEGETICA.
3867 405 3968 462 556

805 521 938 575 Tum
995 522 1154 576 etiam
1197 521 1518 576 'Grzecorum
1569 530 1735 589 poetae
1785 528 1837 574 et
1885 531 2149 585 oratores,
2199 523 2279 590 qui

2467 522 2575 573 Καὶ
2593 523 2637 572 οἱ
2662 522 2787 589 παρ’
2814 519 3033 589 Ἕλλησι
3055 519 3109 571 δὲ
3131 525 3348 590 ποιηταὶ
3375 524 3466 575 καὶ
3489 523 3837 593 λογογράφοι,
3854 526 3967 579 κατ’

733 628 854 666 cum
888 612 1106 666 omnino
1141 612 1342 666 nullam
1371 611 1489 680 ejus
1512 612 1586 664 rei
1616 627 1800 664 curam
1840 611 2118 675 haberent,
2149 628 2279 664 vera

2396 614 2583 666 οὐδένα
2633 613 2828 682 τρόπον
2870 612 2962 664 τοῦ
2992 613 3209 682 ἀληθεῖς
3248 609 3385 665 εἶναι
3418 615 3822 682 φροντίσαντες,
3854 633 3967 668 συν-

733 721 800 758 ne
829 713 1009 759 essent
1040 719 1158 774 quae
1190 703 1450 766 dicereut,
1484 703 1919 770 conscripserunt
1974 703 2194 771 singuli,
2231 703 2275 756 si

2397 700 2699 753 τεΟείκασιν
2749 701 3124 764 ἀϐασανίστως
3168 702 3226 754 τὸ
3271 705 3450 766 αὐτοῖς
3499 704 3710 768 δοκοῦν,
3773 706 3968 758 σκοπὸν

733 810 800 850 ne
827 796 1025 866 praet-io
1053 795 1324 860 examine,
1349 810 1469 863 qua:
1498 793 1628 861 ipsis
1661 795 1998 854 videbantur,
2035 793 2179 847 hunc
2214 808 2275 845 so

2399 792 2610 860 ἔχοντες
2643 793 2756 855 ἕνα,
2791 793 2851 845 τὸ
2885 792 3142 857 ἐπίδειξιν
3172 795 3496 866 ποιήσασθαι
3529 795 3793 865 γλώττης.

731 890 841 943 lum
888 889 1048 943 linem
1088 888 1370 948 habentes,
1407 896 1464 940 ut
1509 887 1764 940 nimirum
1817 885 2012 954 linguae
2049 899 2160 936 suae
2193 885 2303 937 ele-

729 985 968 1052 gantiam
1002 991 1361 1038 ostentarent.

1881 1073 2011 1127 Item
2038 1075 2090 1126 in
2115 1073 2305 1141 psalm.
2341 1089 2439 1126 xm
2464 1073 2817 1144 ἐπιγραφήν.

761 1239 764 1242 ἢ
802 1174 1096 1227 Athanasii.
1141 1171 1447 1226 Secundum
1490 1184 1763 1240 anagogen
1815 1185 1960 1232 vero,
2013 1169 2184 1237 aperit
2233 1169 2288 1223 in

729 1268 830 1321 hoc
862 1268 1070 1336 psalmo
1104 1275 1155 1319 et
1183 1265 1417 1332 explicat
1449 1262 1751 1317 clarissime
1789 1260 2071 1314 hominum
2101 1260 2291 1329 impie-

728 1366 892 1432 tatem
918 1366 972 1410 et
1000 1355 1128 1425 legis
1159 1353 1656 1424 przevaricationem
1684 1352 1735 1405 in
1767 1352 2020 1405 omnibus
2047 1351 2161 1405 suis
2196 1365 2287 1404 co-

730 1448 944 1501 natibus
970 1467 982 1500 :
1010 1457 1067 1500 ut
1091 1447 1216 1500 hinc
1241 1445 1614 1500 necessitatem
1638 1445 1899 1498 adventus
1925 1442 2130 1497 Christi
2156 1458 2289 1510 pra:-

726 1540 884 1592 dicet.
923 1540 1098 1607 Atque
1124 1538 1203 1592 sic
1232 1536 1448 1606 quidem
1498 1536 1658 1590 divus
1684 1533 2012 1588 Athanasius
2044 1549 2054 1584 :
2091 1547 2286 1587 secun-

725 1632 852 1685 dum
886 1640 1062 1684 autem
1094 1644 1346 1699 magnum
1372 1627 1648 1690 Basilium,
1676 1634 1782 1680 etc.

2469 1169 2578 1240 (56)
2617 1172 2980 1226 Ἀθανασιόυ.
3014 1174 3168 1228 Κατὰ
3195 1175 3375 1245 μέντοι
3405 1174 3713 1243 ἀναγωγὴν,
3744 1171 3962 1245 διαῤῥήο

2390 1261 2486 1332 δην
2524 1265 2580 1316 ἐν
2613 1263 2689 1333 τῷ
2724 1266 2946 1332 παρόντι
2978 1266 3176 1336 ψαλμῷ
3203 1266 3485 1336 σαφηνίζει
3512 1266 3620 1319 τῶν
3664 1267 3964 1339 ἀνθρώπων

2391 1354 2487 1422 τὴν
2521 1357 2598 1418 εἰς
2627 1357 2686 1408 τὸ
2715 1357 2972 1419 παντελὲς
2997 1358 3100 1410 τῶν
3133 1358 3574 1429 ἐπιτηδευμάτων
3599 1359 3853 1411 ἀσέϐειαν
3875 1361 3964 1413 καὶ

2391 1448 2754 1516 παρανομίαν,
2791 1450 2876 1502 ἵνα
2912 1450 2969 1502 τὸ
3012 1451 3304 1518 ἀναγκαῖον
3350 1452 3449 1522 τῆς
3486 1452 3807 1520 ἐπιφανείας
3838 1454 3962 1507 ἀνα-

2389 1538 2599 1609 κηρύξῃ
2634 1540 2889 1608 Χριστοῦ.
2929 1542 3036 1593 Καὶ
3069 1541 3238 1605 οὕτως
3271 1542 3366 1612 μὲν
3387 1545 3414 1596 ὁ
3439 1542 3578 1606 θεῖος
3613 1543 3957 1609 Ἀθανάσιοςο

2387 1629 2525 1680 κατὰ
2551 1628 2606 1681 δὲ
2632 1630 2719 1682 τὸν
2753 1631 2922 1700 μέγαν
2949 1631 3245 1695 Βασίλειον,
3276 1642 3378 1687 etc.

1265 1741 1521 1795 Similiter
1549 1741 1601 1793 in
1627 1741 1836 1794 titulum
1859 1741 2049 1810 psalm.
2091 1757 2203 1805 xxv,
2237 1741 2514 1809 prwmissa
2541 1740 2852 1795 Theodoreti
2881 1744 3158 1807 sententia,
3187 1743 3393 1811 subjicit
3416 1759 3434 1795 :

795 1839 1123 1892 Athanasius
1155 1848 1332 1891 autem
1366 1845 1419 1891 et
1445 1836 1697 1900 Basilius,
1729 1837 1906 1906 magni
1956 1837 2030 1890 illi
2059 1835 2274 1905 Patres,
2311 1842 2356 1899 Β

725 1936 896 1990 stunt,
922 1926 1173 1980 Davidem
1223 1927 1488 1994 psalmum
1536 1927 1680 1980 hunc
1710 1927 1991 1990 cecinisse,
2031 1935 2088 1980 ut
2123 1927 2284 1982 doce-

723 2028 825 2079 ret,
858 2017 1114 2086 quidnam
1153 2016 1281 2070 illud
1312 2017 1402 2080 sit,
1436 2017 1584 2085 quod
1617 2016 1890 2069 hominem
1923 2026 2185 2086 praeparet
2215 2018 2283 2070 ad

723 2106 933 2160 beatam
979 2107 1122 2160 illam
1165 2106 1398 2176 quietem
1430 2105 1884 2174 consequendam.
1925 2105 2123 2170 Quare,
2158 2121 2282 2160 cum

721 2197 1056 2267 propositum
1112 2202 1257 2249 esset
1312 2195 1365 2248 in
1414 2197 1516 2248 hoc
1546 2193 1753 2263 psalmo
1798 2193 2071 2246 hominem
2113 2193 2285 2261 perfe-

719 2301 868 2344 ctum
918 2287 1245 2351 describere,
1293 2301 1449 2351 eum,
1496 2286 1738 2354 inquam,
1785 2286 1878 2352 qui
1932 2283 2279 2337 beatitudinis

721 2383 990 2451 particeps
1035 2379 1250 2434 futurus
1287 2390 1386 2444 est,
1417 2378 1605 2432 ordine
1639 2392 1702 2431 ac
1730 2377 1814 2431 via
1842 2377 2073 2446 quadam
2110 2375 2278 2429 utitur

722 2476 775 2528 in
818 2474 882 2527 iis
926 2487 1046 2542 quae
1094 2473 1146 2525 in
1200 2472 1317 2541 ipso
1352 2470 1582 2540 spectari
1630 2470 1824 2532 solent,
1855 2468 2171 2539 aproximis
2216 2481 2278 2521 ac

721 2565 910 2634 primis
931 2563 1073 2618 facto
1101 2563 1342 2616 exordio.
1375 2562 1464 2615 Sic
1495 2561 1658 2630 igitur
1681 2560 1888 2630 incipit,
1910 2560 2148 2627 Domine,
2169 2570 2273 2614 etc.

2456 1836 2566 1906 (57)
2621 1836 2933 1900 ἈΟανάσιος
2968 1837 3022 1890 δὲ
3050 1839 3140 1891 καὶ
3174 1837 3470 1899 Βασίλειος,
3505 1839 3552 1890 οἱ
3596 1838 3821 1907 μεγάλοι
3852 1838 3960 1889 Ha-

2386 1926 2559 1995 τέρες,
2597 1928 2759 1996 φασίν
2778 1945 2789 1957 ·
2823 1929 2901 1980 ὃτι
2929 1928 3110 1981 τοῦτον
3135 1927 3246 1999 ᾄδει
3275 1928 3362 1981 τὸν
3386 1927 3596 1998 ᾠαλμὸν
3637 1930 3665 1982 ὁ
3698 1928 3861 1982 Δαυῒδ
3884 1932 3960 1980 δι-

2383 2017 2615 2080 δάσκων,
2646 2018 2698 2069 τί
2740 2018 2802 2071 ἂν
2853 2018 3132 2090 ἄνθρωπον
3180 2020 3584 2090 παρασκευάσοι
3639 2020 3739 2088 τῆς
3787 2037 3958 2089 μακαο

2389 2107 2506 2177 ρίας
2540 2107 2753 2177 ἐκείνης
2786 2110 2966 2177 τυχεῖν
3013 2108 3233 2177 λήξεως.
3282 2111 3371 2162 Διὺ
3413 2110 3503 2164 τὸν
3549 2109 3752 2163 τέλειον
3782 2111 3958 2179 ήμῖνέ

2384 2198 2540 2266 λόγος
2587 2200 2896 2270 ὑπογράψαι
2943 2200 3278 2271 βουλόμενός,
3307 2201 3399 2256 τὸν
3430 2202 3537 2255 τῶν
3573 2201 3958 2273 μακαρισμῶν,

2386 2290 2761 2360 ἐπιτυγχάνειν
2793 2292 3069 2362 μέλλοντα,
3101 2291 3249 2356 τάξει
3283 2295 3389 2346 τινὶ
3428 2295 3523 2346 καὶ
3550 2294 3654 2364 ὁδῷ
3687 2295 3798 2347 τῶν
3835 2293 3959 2362 περὶ

2385 2381 2547 2435 αὐτὸν
2590 2382 2974 2454 θεωρουμένων
3026 2384 3382 2454 χρησάμενος,
3409 2385 3518 2438 ἀπὸ
3546 2385 3654 2436 τῶν
3696 2403 3958 2456 προσελιη

2387 2471 2590 2542 στέρων
2639 2473 2729 2525 καὶ
2765 2471 2992 2543 πρώτων
3037 2473 3134 2543 τὴν
3167 2473 3336 2543 ἀρχὴν
3365 2473 3673 2544 πεποίηται.
3691 2476 3956 2546 Ἀρχόμε-

2385 2580 2469 2626 νος
2499 2559 2588 2616 οὖν
2619 2579 2778 2633 φησί’
2808 2565 3003 2631 Κύριε,
3029 2573 3132 2619 etc.

1268 2677 1491 2731 Rursum
1522 2677 1574 2730 in
1596 2678 1784 2746 psalm.
1814 2693 1882 2729 xv
1909 2677 2002 2730 illa
2041 2678 2210 2739 verba,
2245 2694 2262 2728 ι
2295 2675 2504 2730 Sanctis
2535 2677 2622 2745 qui
2658 2687 2777 2728 sunt
2805 2677 2858 2729 in
2889 2687 3046 2742 terra,
3077 2697 3095 2729 ι
3123 2689 3245 2744 etc.,
3277 2695 3323 2733 υ.
3347 2679 3396 2733 5.

785 2774 1127 2827 Athanasius.
1173 2772 1398 2827 Sanctos
1431 2788 1550 2827 esse
1598 2773 1671 2826 ait
1724 2772 1829 2839 hic,
1859 2773 1949 2842 qui
1990 2772 2041 2824 in
2074 2771 2276 2839 Spiritu

719 2876 844 2920 sunt
884 2866 1206 2920 sanetilicati
1253 2885 1264 2918 :
1300 2863 1503 2918 Christi
1542 2880 1666 2918 vero
1701 2874 1922 2925 terram,
1957 2862 2274 2918 Ecclesium.

718 2952 848 3008 Illud
872 2971 1018 3019 vero,
1051 2954 1373 3022 Mirificasti,
1406 2967 1525 3020 pro,
1558 2951 1876 3015 Declarasti,
1910 2952 2144 3020 pOuitur.
2177 2949 2275 3005 Vo-

718 3051 949 3102 luntates
998 3061 1160 3116 porro
1206 3046 1374 3115 ipsius
1404 3043 1576 3098 Patris
1609 3044 1874 3115 intelligit.
1907 3043 1975 3098 Ut
2004 3045 2274 3099 universo-

719 3155 838 3192 rum
872 3138 959 3190 hic
985 3138 1052 3190 sit
1080 3152 1271 3190 sensus
1303 3155 1316 3191 :
1346 3135 1414 3190 lis
1436 3138 1530 3207 qui
1558 3137 1613 3190 in
1642 3137 1745 3193 [ide
1776 3136 2096 3191 sanctificati
2124 3147 2273 3202 sunt,

717 3229 987 3299 cognitam
1040 3227 1269 3282 reddidit
1316 3227 1645 3281 voluntatem
1674 3227 1870 3281 Patris.
1902 3225 2062 3280 Potes
2097 3237 2278 3280 tamen

718 3321 863 3374 hunc
903 3334 1118 3374 versum
1162 3319 1240 3373 sic
1287 3317 1614 3388 intelligere:
1650 3316 2009 3371 Admirabiles
2051 3317 2282 3371 reddidit

717 3411 858 3467 Deus
904 3421 1120 3466 sanctos
1167 3425 1314 3465 suos.
1359 3408 1579 3475 Quare?
1619 3408 1757 3476 Quia
1809 3409 2113 3463 voluntates
2160 3407 2279 3478 ejus

714 3519 903 3558 omnes
938 3504 990 3556 in
1026 3503 1154 3573 ipsis
1181 3512 1354 3565 erant,
1389 3510 1443 3555 et
1468 3501 1535 3555 ab
1571 3502 1702 3570 ipsis
1735 3501 2121 3570 implebantur.

2456 2769 2569 2838 (58)
2603 2769 2961 2835 ’A0ardo’toc.
2993 2771 3202 2840 Ἀγίους
3232 2768 3368 2824 εἷναί
3395 2790 3553 2841 φησιν
3575 2773 3812 2826 ἐνταῦθα
3831 2776 3954 2837 τοὺς

2383 2860 2744 2931 ἡγιασμένους
2787 2864 2842 2915 ὲν
2888 2864 3195 2934 Πνεύματι·
3223 2863 3453 2936 Χριστοῦ
3484 2863 3540 2915 δὲ
3572 2864 3674 2933 γῆν
3696 2866 3797 2933 τὴν
3835 2866 3954 2917 Ἐκ.

2381 2955 2603 3026 κλησίαν
2619 2972 2630 2984 ·
2650 2955 2709 3008 τὸ
2727 2956 2803 3021 δὲ,
2821 2956 3336 3026 Ἐθαυμάστωσας,
3358 2957 3475 3010 ἀντὶ
3499 2955 3615 3019 τοῦ,
3647 2957 3952 3027 Ἐφανὲρωο

2382 3064 2496 3109 σας.
2553 3047 2842 3117 Θελὴματα
2890 3048 2946 3100 δὲ
2995 3048 3154 3101 αὑτοῦ
3184 3047 3277 3100 τοῦ
3308 3047 3516 3120 Πατρός
3536 3064 3549 3080 ·
3580 3049 3644 3099 ἶν’
3739 3049 3802 3100 τὸ
3836 3049 3953 3103 ὅλον

2376 3137 2544 3188 οὕτω·
2571 3137 2692 3200 Τοῖς
2718 3138 3065 3208 ἡγιασμένοις
3091 3141 3147 3192 ἐν
3175 3141 3352 3193 πίστει
3377 3138 3611 3208 γνωστὸν
3641 3140 3865 3211 ἐποίησε
3893 3139 3952 3193 τὸ

2377 3226 2584 3298 οέλημα
2608 3227 2699 3280 τοῦ
2729 3230 2955 3300 Πατρός.
2987 3231 3216 3301 Νοήσεις
3242 3229 3298 3282 δὲ
3317 3231 3407 3283 τδν
3434 3229 3609 3298 στίχον
3635 3231 3731 3281 καὶ
3751 3230 3944 3292 οὕτως’

2388 3317 2801 3388 Ἐθαυμάστωσε
2832 3321 2957 3384 τοὺς
2985 3320 3170 3387 ἁγίους
3213 3322 3240 3372 ὁ
3287 3320 3433 3381 Θεός.
3464 3318 3561 3370 Διά
3592 3319 3675 3380 τίς
3712 3318 3950 3372 Διότιτά

2377 3408 2652 3479 θελήματα
2697 3409 2861 3462 αὑτοῦ
2890 3410 3065 3464 πάντα
3094 3411 3152 3462 ἐν
3178 3411 3355 3472 αὐτοῖς
3384 3405 3543 3480 ἦσαν,
3571 3410 3665 3461 καὶ
3699 3411 3828 3478 παρ’
3861 3411 3948 3463 αὐ-

2374 3501 2487 3561 τοῖς
2519 3500 2775 3567 ἐγίνοντο.

1787 3619 1970 3672 Adhuc
2009 3617 2075 3670 ad
2106 3616 2493 3686 inscriptionem
2531 3618 2674 3687 psal.
2707 3633 2866 3671 XVIII.

785 3736 1125 3791 Athanasius.
1160 3733 1607 3802 Quandoquidem
1652 3731 1823 3786 David
1870 3732 1973 3786 hoc
2018 3732 2138 3785 loco
2180 3745 2270 3784 ca-

715 3824 812 3884 nit,
845 3832 902 3876 ut
931 3832 983 3877 et
1017 3823 1069 3875 in
1089 3837 1220 3875 xxiii
1243 3822 1475 3890 psalmo,
1499 3836 1676 3875 rerum
1705 3820 1948 3874 omnium
1967 3819 2270 3890 opiﬁcium,

713 3913 1058 3983 reprehendit
1083 3928 1196 3975 eos,
1220 3912 1322 3981 qui
1353 3912 1616 3966 mundum
1647 3928 1676 3966 a
1707 3915 1886 3981 seipso
1924 3921 1979 3967 et
2007 3927 2138 3968 casu
2168 3926 2268 3966 e1-

713 4003 917 4056 sritisse
976 4002 1180 4063 dicunt,
1241 4011 1294 4055 et
1336 4002 1481 4055 nulla
1554 4003 1665 4072 regi
1709 4002 2044 4072 providentia
2090 4020 2104 4056 :
2152 4003 2270 4056 illos

712 4094 897 4159 etiam,
926 4094 1016 4162 qui
1055 4093 1298 4146 serviunt
1333 4103 1598 4148 creatura:
1642 4109 1752 4164 pra:
1803 4093 2077 4148 Creatore.
2130 4093 2268 4160 Quid

713 4187 876 4256 igitur
905 4187 1140 4255 loquitur
1170 4186 1237 4241 ad
1262 4201 1355 4241 eos
1401 4186 1494 4255 qui
1524 4200 1588 4241 ex
1611 4185 1859 4256 gentibus
1886 4186 2060 4241 vocati
2087 4186 2249 4240 sunt?

2451 3731 2563 3802 (59)
2604 3731 2977 3797 Ἀθανάσιος.
3031 3730 3295 3784 Ἐνταῦθα
3349 3728 3528 3799 μέντοι
3569 3730 3598 3780 ὁ
3638 3725 3825 3788 Δαυῒδ,
3867 3725 3943 3791 ὡς

2374 3823 2432 3873 ὲν
2472 3821 2550 3890 τῷ
2594 3821 3019 3891 είκοστῷτρίτῳ
3050 3819 3247 3889 ψαλμῷ
3271 3861 3284 3883 ,
3314 3818 3528 3888 ψάλλων
3555 3816 3624 3869 τά
3660 3818 3762 3885 τῆς
3789 3818 3942 3884 γενέο

2376 3930 2530 3976 σεως,
2560 3914 2794 3966 αἰτιᾶται
2826 3917 2949 3977 τοὺς
2979 3913 3256 3983 αὐτόματα
3280 3912 3530 3978 λέγοντας
3552 3911 3848 3978 ὑφεστάναι
3873 3911 3940 3962 τά

2374 4005 2504 4057 ὄντα
2536 4003 2627 4056 καὶ
2665 4005 2973 4075 ἀπρονόητα
3001 3998 3159 4067 εἶναι,
3196 4006 3287 4056 καὶ
3316 4002 3438 4064 τοὺς
3467 3999 3828 4071 λατρεύοντας
3873 4000 3938 4068 τῇ

2373 4097 2550 4155 κτίσει,
2581 4097 2731 4167 παρὰ
2757 4096 2846 4148 τὸν
2888 4096 3164 4149 κτίσαντα.
3212 4096 3276 4146 Τί
3310 4089 3400 4149 οὖν
3433 4094 3539 4164 ἄρα
3567 4093 3702 4162 φησι
3738 4094 3854 4156 τοῖς
3881 4091 3937 4157 ἐξ

2384 4185 2552 4238 ὲθνῶν
2580 4184 2972 4256 κεκλημένοις;
3010 4185 3098 4240 Sic
3132 4187 3204 4239 ibi
3239 4201 3389 4238 sensu
3413 4183 3745 4252 incomplete.

1365 4295 1501 4352 Item
1533 4299 1586 4352 in
1617 4298 1849 4367 ejusdem
1877 4298 2070 4367 psalmi
2104 4297 2256 4350 verba

2379 4315 2408 4364 l,
2457 4299 2577 4350 Οὺκ
2602 4296 2720 4351 εἰσὶ
2741 4300 2963 4366 λιιλιαί,
2986 4309 3109 4365 ειε.,
3139 4315 3184 4353 υ.
3208 4297 3240 4350 4

784 4414 950 4469 Porro
1000 4417 1058 4470 S.
1104 4415 1336 4486 Cyrillus
1389 4424 1443 4469 et
1487 4418 1758 4470 maximus
1805 4416 1894 4470 ille
1941 4415 2272 4470 Athanasius
2305 4422 2349 4472 D

711 4521 807 4578 per
841 4508 1059 4561 modum
1094 4507 1537 4578 interrogationis
1585 4507 1794 4577 legunt,
1824 4507 1970 4576 quod
2001 4506 2088 4560 hic
2137 4507 2271 4560 dici-

715 4606 836 4648 tur:
871 4594 1058 4650 Nonne
1088 4608 1206 4650 sunt
1246 4598 1482 4668 loquelae,
1507 4608 1598 4651 aut
1633 4612 1912 4661 sermones,
1945 4611 2168 4665 quorum
2190 4610 2272 4648 vo-

712 4701 791 4739 ces
823 4702 922 4739 non
964 4688 1293 4742 audientur?
1330 4691 1486 4758 quasi
1525 4689 1670 4743 dicat
1697 4687 1902 4741 David:
1949 4685 2138 4741 Nonne
2168 4701 2267 4739 au-

713 4777 940 4831 diuntur
963 4780 1124 4833 etiam
1157 4791 1430 4835 mutarum
1481 4782 1595 4836 sive
1641 4795 1845 4842 rerum,
1900 4778 2014 4833 sive
2042 4792 2268 4847 operum

711 4885 872 4924 voces
913 4872 1114 4942 absque
1171 4888 1420 4928 sermone
1440 4882 1495 4928 et
1543 4872 1769 4943 lingua?
1796 4871 1959 4935 Sane,
1988 4872 2132 4925 dicat
2168 4869 2268 4924 ali-

710 4963 850 5031 quis.
877 4962 1010 5016 Nam
1050 4964 1505 5033 quemadmodum
1541 4964 1770 5021 textoris
1825 4964 2113 5018 artiﬁcium
2155 4965 2265 5019 cla-

712 5065 819 5108 mat
878 5057 1023 5109 varia
1070 5072 1131 5111 ac
1165 5059 1459 5114 versicolor
1492 5059 1692 5121 vestis;
1729 5072 1792 5112 ac
1827 5057 2002 5119 navis,
2059 5059 2113 5110 iu
2157 5073 2265 5127 qua

711 5147 843 5199 nihil
876 5149 1192 5218 reprehendi
1237 5161 1430 5217 potest,
1471 5151 1720 5219 opilicem
1767 5166 1926 5204 suum
1957 5150 2214 5219 praedicat
2247 5168 2261 5214 ;

711 5244 921 5297 fabrum
949 5246 1180 5315 denique
1212 5249 1381 5316 ipsius
1407 5261 1545 5316 opus
1574 5263 1586 5297 :
1628 5245 1706 5299 sic
1733 5254 1785 5299 et
1811 5254 2082 5308 creatura,
2107 5242 2264 5311 cujus

710 5343 1036 5392 mentionem
1090 5337 1349 5399 fecimus,
1382 5340 1482 5393 etsi
1519 5353 1772 5392 sermone
1807 5352 1874 5391 ac
1907 5336 2114 5390 ratione
2171 5335 2265 5389 de-

781 5496 892 5562 (t‘ili)
935 5495 1046 5550 lloc
1069 5505 1442 5563 argumentum
1490 5494 1741 5561 superius
1765 5488 2107 5563 prtemittitur
2131 5487 2270 5563 psal-

709 5561 799 5619 mo
837 5582 885 5616 XI
918 5582 952 5626 ι,
988 5567 1078 5619 sed
1110 5561 1287 5635 priora
1336 5568 1516 5630 verba,
1555 5565 1695 5617 κατὰ
1749 5562 1926 5632 μέντοι
1958 5561 2264 5628 ἀναγωγήν,

710 5636 780 5690 ibi
812 5635 1022 5688 desunt.

781 5705 888 5770 (Eii)
931 5704 1060 5758 Vide
1092 5707 1366 5773 psal..x1v.

780 5777 888 5840 (as)
930 5776 1049 5831 lter
1078 5776 1323 5845 leguntur
1348 5778 1412 5832 ad
1446 5793 1655 5832 versum
1688 5776 1719 5828 ’.5
1758 5774 1891 5844 psal.
1929 5788 2015 5827 xv.
2046 5780 2092 5824 cl
2133 5785 2256 5840 pau-

2445 4413 2556 4483 (60)
2591 4415 2650 4468 '0
2673 4415 2729 4467 δε
2763 4415 2915 4483 ἆγιος
2944 4412 3207 4485 Κύριλλος
3254 4414 3346 4467 καὶ
3378 4415 3406 4467 ὀ
3435 4415 3737 4485 παμμέγας
3777 4416 3935 4469 Ἀθα-

2371 4505 2553 4570 νάσιος
2585 4509 2642 4559 ἐν
2668 4509 2930 4578 ἐρωτήσει
2963 4505 3386 4575 ἀναγινώσκουσι
3418 4508 3496 4572 τὸ,
3529 4509 3649 4564 Οὐκ
3679 4509 3799 4560 εισι
3833 4512 3939 4562 λα-

2369 4601 2513 4661 .ltal,
2550 4599 2690 4653 οὐδὲ
2718 4601 2906 4667 λόγοι,
2937 4592 3023 4652 ὦν
3068 4600 3201 4668 οὐχι
3244 4600 3606 4654 ἀκούσονται
3643 4603 3703 4653 al
3746 4599 3933 4668 saturat

2370 4691 2598 4755 αὐτῶν;
2620 4691 2892 4744 τουτέστιν
2915 4708 2927 4722 ·
2960 4687 3105 4762 τΑρα
3137 4691 3236 4742 οὐκ
3262 4691 3367 4744 εἰσὶ
3415 4693 3508 4744 καὶ
3536 4691 3644 4743 τῶν
3677 4690 3931 4758 ἀφώνων,

2371 4784 2404 4855 ἢ
2462 4785 2832 4857 πραγμάτων,
2877 4783 2909 4855 ἢ
2971 4784 3166 4853 ἔργων,
3197 4786 3370 4851 φωναὶ
3413 4785 3578 4855 χωρὶς
3627 4784 3791 4852 λόγου
3845 4786 3935 4840 καὶ

2373 4875 2653 4945 ﬁdit-111g;
2689 4875 2815 4937 Ναὶ,
2849 4877 2980 4946 φαίη
3007 4875 3071 4928 ἄν
3096 4892 3199 4937 τις.
3239 4878 3446 4946 Ὠσπερ
3475 4875 3582 4945 γάρ
3609 4875 3703 4928 τοῦ
3762 4877 3933 4946 ὑφάν-

2373 4987 2464 5022 του
2487 4970 2582 5040 τὴν
2616 4969 2808 5040 τέχνην
2858 4971 2890 5038 ἡ
2939 4967 3315 5030 πολυποίκιλος
3357 4965 3519 5038 ἐσθὴς
3569 4967 3796 5037 ἀναϐοᾷ,
3841 4968 3935 5020 καὶ

2371 5060 2461 5113 τὸν
2489 5059 2765 5129 ναυπηγὸν
2798 5062 2830 5130 ἡ
2863 5058 3196 5129 ἁδιαὸλήτως
3229 5059 3427 5128 ἔχουσα
3453 5057 3586 5121 ναῦς
3618 5059 3930 5130 ἀνακηρύτ-

2372 5170 2472 5215 τει,
2499 5153 2592 5206 καὶ
2617 5153 2703 5204 τὸν
2738 5152 2959 5224 σιδηρέα
2983 5149 3042 5203 τὸ
3067 5151 3224 5222 ἔργον
3244 5147 3406 5204 αὑτοῦ
3428 5167 3440 5176 ·
3469 5150 3611 5203 οὕτω
3633 5151 3728 5204 καὶ
3755 5153 3789 5220 ἠ
3817 5149 3929 5204 κτί-

2375 5240 2571 5315 σις,-ἦς
2600 5245 2798 5315 ἀρτίως
2818 5243 3368 5314 διεμνημονεύσαμεν,
3393 5242 3603 5311 ἄφωνος
3626 5243 3747 5312 μὲν,
3767 5244 3930 5312 {now

2367 5339 2588 5406 ἄλογοςο
2619 5337 2773 5391 λαλιὰ
2805 5338 2859 5389 δὲ
2890 5336 3076 5408 ὥσπερ
3105 5336 3272 5406 αὐτῆς
3311 5336 3372 5388 τὸ
3423 5334 3606 5402 θαῦμά
3642 5335 3787 5400 ἐστι,
3838 5335 3931 5387 καὶ.

2365 5493 2475 5546 lum
2512 5501 2716 5546 mutata
2745 5501 2798 5545 et
2829 5492 3074 5545 auctiora
3103 5490 3192 5545 hic
3221 5499 3368 5544 sunt.

2437 5562 2544 5628 (59)
2584 5563 2703 5616 lla-c
2756 5579 2861 5615 non
2913 5563 3164 5631 leguntur
3206 5561 3261 5615 in
3312 5559 3790 5629 Expositionibtts,
3825 5556 3920 5614 sed

2367 5645 2492 5688 Sunt
2521 5634 2813 5685 Athanasio
2828 5633 3010 5700 digna.

2433 5703 2541 5774 (60)
2572 5701 2702 5758 Vide
2727 5702 2854 5757 ibid.
2880 5699 3128 5771 superius
3159 5701 3227 5756 ad
3259 5715 3477 5757 versum
3515 5700 3569 5754 4.
