4126 6496
200 427 301 483 557

1195 422 1621 479 FRAGMENTA
1656 422 2015 479 COMMENT.
2060 422 2126 478 IN
2168 421 2511 480 PSALMOS.

3343 421 3445 478 558

198 538 309 600 οῖον
329 544 483 616 φωνὴ
504 545 568 598 τὸ
592 543 784 606 κάλλος
815 541 908 595 καὶ
933 540 1175 606 εὐταξία.
1207 543 1281 595 Τὸ
1303 542 1411 614 γάρ
1440 542 1687 613 διήγημα
1713 542 1774 594 τὸ

1880 542 2141 607 stituitur,
2194 542 2419 611 loquela:
2446 553 2623 595 tamen
2657 541 2829 595 instar
2864 540 2978 610 ipsa
2996 549 3101 606 est,
3126 537 3445 593 admiranda

197 637 447 709 οὐράνιον
481 638 576 691 καὶ
609 637 670 690 τὸ
701 637 848 706 ῥῆμα
877 636 936 689 τὸ
982 636 1133 708 παρά
1164 636 1262 706 τῆς
1308 636 1519 707 ἡμέρας
1567 634 1773 706 βοώμε-

200 744 288 780 νον
318 728 472 799 φωνὴ
508 728 608 798 μὲν
639 725 896 797 Evapﬂpo;
939 727 1039 781 οὐκ
1085 727 1261 790 ἐστιν,
1308 725 1431 780 οὔτε
1482 726 1643 781 λαλιὰ
1688 726 1775 779 διά

200 820 468 889 στόματος
488 838 501 849 ·
533 819 845 873 διδασκαλία
862 819 920 871 δὲ
943 818 1089 884 θείας
1116 820 1398 891 δυνάμεως
1431 820 1639 888 γίνεται
1666 821 1776 883 τοῖς

202 912 417 971 ἐπαΐειν
442 911 826 981 ἐπισταμένοις
852 909 1140 980 σιωπώσης
1163 911 1365 981 φωνῆς.
1394 910 1539 981 Πλὴν
1563 910 1775 979 ἄφωνον

198 1000 298 1070 τὴν
334 997 513 1053 κτίσιν
564 999 733 1053 είπὼν
769 1003 799 1054 δ
825 999 1007 1062 Δαυῒδ,
1031 1001 1342 1071 ἀπέφηνεν,
1375 1001 1455 1054 ὅτι
1498 1002 1632 1072 μήτε
1672 1000 1772 1072 εμ-

198 1106 387 1154 πνους,
431 1091 566 1160 μήτε
608 1088 822 1160 λογικὴ,
872 1090 1011 1142 κατὰ
1042 1089 1103 1142 τὸ
1136 1088 1325 1142 δοκοῦν
1355 1091 1467 1151 τοῖς
1507 1087 1774 1159 Ἑλλήνων

201 1188 407 1255 σοφοῖς.
431 1185 576 1239 Ζῶον
608 1185 717 1257 γὰρ
743 1180 881 1238 εἶναι
914 1201 1079 1253 φασιν
1103 1184 1162 1237 ἓν
1190 1184 1281 1237 τὸν
1327 1182 1617 1254 σύμπαντα
1647 1181 1774 1235 τοῦ-

198 1293 291 1333 τον
312 1278 548 1349 κόσμον⁹
580 1277 695 1342 ζῶα
717 1278 770 1331 δὲ
804 1277 1002 1349 ὁμοίως
1029 1278 1123 1331 καὶ
1147 1276 1217 1331 τὰ
1251 1278 1411 1349 μέρη,
1442 1276 1500 1341 ἐξ
1530 1269 1605 1329 ὧν
1639 1293 1775 1347 συμ-

203 1370 532 1442 πληροῦται.

1886 636 2061 705 ipsius
2095 636 2432 703 magnitudo,
2464 649 2676 704 voxque
2706 641 2789 689 est
2844 632 3044 687 eximia
3103 632 3276 702 ipsius
3331 634 3450 700 pulv

1883 727 2136 782 ehritudo
2182 737 2236 781 et
2293 726 2701 781 ordinatissima
2770 724 3078 795 dispositio.
3167 722 3447 777 leorum

1885 835 2119 890 namque
2163 820 2428 883 narratio,
2480 820 2772 889 verbaque,
2825 832 2949 888 qua“.
2995 817 3110 872 dies
3160 818 3448 887 loquitur.

1886 911 2237 980 quantumvis
2284 926 2390 964 non
2438 921 2686 966 constent
2742 924 2875 965 voce
2931 910 3234 973 articulata,
3274 926 3451 978 neque

1884 1001 2018 1056 ﬁant
2057 1002 2357 1056 ministerio
2407 1003 2559 1068 oris;
2610 1002 2806 1056 docent
2839 1011 3016 1056 tamen
3057 1002 3295 1056 divinam
3354 1017 3451 1071 pu-

1884 1095 2108 1149 tcutiam
2147 1110 2261 1159 eos,
2296 1095 2389 1160 qui
2422 1109 2604 1149 vocem
2639 1102 2843 1148 mutam
2901 1094 3089 1148 audire
3139 1110 3203 1147 ac
3254 1094 3447 1147 intellio

1884 1201 2013 1257 gere
2050 1196 2269 1241 norunt.
2308 1185 2632 1256 Quanquam
2660 1188 2823 1241 etiam
2860 1187 2964 1241 hoc
2990 1187 3222 1240 asseruit
3257 1183 3447 1247 Daiid.

1885 1295 2009 1335 cum
2044 1289 2251 1335 mutam
2284 1281 2487 1336 diceret
2513 1290 2842 1341 creaturam,
2874 1280 3017 1349 quod
3055 1280 3312 1333 nimirum
3352 1295 3446 1331 ne-

1886 1388 1991 1440 que
2031 1372 2291 1435 animata,
2323 1387 2500 1441 neque
2562 1372 2842 1425 rationalis
2878 1373 2946 1426 sit
2976 1414 2989 1433 ,
3028 1380 3087 1423 ut
3136 1371 3446 1423 Graecorum

200 1467 537 1537 sapientibus
584 1468 775 1538 placet.
837 1466 900 1520 lli
958 1482 1192 1537 namque
1244 1466 1443 1519 animal
1485 1465 1759 1535 quoddam
1805 1482 1971 1520 unum
2010 1483 2129 1523 esse
2157 1468 2346 1521 dicunt
2384 1469 2695 1521 universum
2743 1469 2887 1521 hunc
2927 1466 3223 1519 mundum:
3263 1466 3369 1518 imo
3398 1475 3449 1519 et

208 1568 395 1637 partes
424 1560 564 1629 ejus,
587 1576 651 1616 ex
687 1560 887 1632 quibus
938 1569 1174 1624 constat,
1207 1559 1463 1613 animalia
1497 1559 1831 1614 existimant.

1426 1668 1562 1724 Item
1596 1673 1651 1725 in
1695 1672 1907 1726 titulum
1941 1673 2080 1742 psal.
2114 1689 2227 1727 xix.

273 1792 386 1864 (6|)
438 1795 538 1858 Εἰς
575 1790 642 1845 τὸ
692 1790 864 1857 τέλος
916 1792 1008 1845 καὶ
1051 1785 1201 1854 οὗτος
1250 1792 1278 1843 ὁ
1321 1789 1534 1860 ψαλμὸς
1579 1789 1766 1858 ἐπιγέ-

1944 1791 2238 1863 Inscriptio
2266 1795 2428 1847 etiam
2458 1794 2622 1863 hujus
2652 1794 2845 1864 psalmi
2878 1804 2981 1859 est,
3018 1792 3080 1846 In
3111 1793 3288 1861 ﬁnem,
3320 1792 3447 1861 quia

198 1900 466 1957 γραπται,
504 1884 801 1956 μελλόντων
826 1884 987 1936 τινῶν
1010 1882 1146 1954 ἔχων
1171 1883 1586 1955 προαγόρευσιν.
1622 1884 1775 1937 Κατά

210 1979 323 2050 γάρ
350 1978 441 2030 τὸν
473 1979 644 2049 μέγαν
675 1976 1009 2038 Ἀθανάσιον,
1036 1975 1250 2044 λέγεται
1285 1975 1383 2046 μὲν
1404 1978 1431 2029 ό
1461 1976 1673 2046 eam»;
1696 1976 1771 2040 ὡς

201 2071 268 2123 ἐκ
300 2068 588 2141 προσώπου
616 2069 723 2121 τῶν
758 2068 885 2139 περὶ
908 2068 997 2122 τὸν
1029 2067 1191 2121 Δαυῖδ
1222 2068 1475 2140 ἑταίρων,
1512 2068 1659 2138 αὑτῷ
1697 2067 1775 2137 τῷ

201 2158 366 2214 Δαυῒδ
398 2158 775 2230 ἐπευχομένων
803 2158 1038 2212 ποιοῦντι
1062 2157 1259 2213 ’θυσίαν
1296 2176 1309 2187 ·
1348 2158 1679 2230 ἀναφέρεται
1717 2158 1773 2210 δὲ

207 2253 303 2307 καὶ
334 2255 413 2316 είς
438 2254 727 2324 πρόσωπον
758 2252 864 2305 τῶν
900 2253 1233 2317 ἀποστόλων,
1257 2251 1331 2316 ὡς
1363 2252 1418 2303 ὲν
1465 2252 1648 2322 ἡμέρᾳ
1679 2249 1773 2303 τοῦ

203 2344 439 2417 σταυροῦ
469 2344 547 2416 τῷ
575 2344 793 2416 Χριστῷ
817 2343 1237 2416 συνευχομένων.

1886 1883 2192 1940 futurorum
2275 1886 2639 1955 quorumdam
2698 1886 3105 1955 prmdictionem
3180 1885 3445 1939 continet.

1884 1973 2018 2029 Nam
2077 1975 2377 2031 secundum
2412 1992 2666 2046 magnum
2699 1976 2850 2029 illum
2901 1976 3283 2038 Athanasium,
3321 1975 3451 2028 dici-

1884 2078 1975 2123 tur
2020 2069 2108 2124 hic
2163 2068 2405 2139 psalmus
2468 2069 2519 2122 in
2581 2084 2809 2137 persona
2849 2068 3148 2123 amicorum
3206 2066 3446 2127 Davidis,

1884 2160 1985 2230 ipsi
2019 2160 2371 2215 sacriﬁcanti
2430 2161 2723 2214 astantium
2786 2160 3030 2229 beneque
3086 2158 3444 2229 precantium.

1883 2250 2092 2306 Referri
2116 2260 2294 2305 tamen
2330 2261 2504 2319 potest
2531 2253 2690 2305 etiam
2722 2252 2787 2304 ad
2818 2251 3113 2319 apostolos,
3145 2250 3236 2319 qui
3292 2248 3450 2302 Chri-

1881 2352 1985 2403 sto,
2026 2356 2149 2397 cum
2177 2340 2605 2409 cruciﬁgeretur,
2641 2355 2828 2409 pret-es
2858 2355 2985 2394 suas
3030 2339 3445 2408 conjungehant.

753 2459 822 2513 Et
851 2462 902 2513 iu
937 2460 1074 2530 psol.
1114 2476 1283 2515 xxvm
1310 2459 1421 2514 lucc
1460 2460 1636 2522 verba,
1676 2477 1693 2509 ι
1732 2456 1799 2510 Et
1831 2464 2060 2511 conteret
2090 2454 2269 2510 cedrus
2312 2453 2524 2521 Libani,
2554 2472 2573 2505 ›
2606 2462 2731 2519 εις..
2764 2470 2809 2507 ι·.
2840 2451 2892 2506 ’5.

270 2576 382 2648 (62)
406 2576 566 2631 Κατά
596 2577 653 2629 δὲ
679 2577 769 2630 τὸν
812 2577 983 2647 μέγαν
1025 2576 1359 2638 Ἀθανάσιον,
1388 2576 1567 2646 κέδροι
1607 2574 1774 2629 Διδά-

204 2686 295 2723 νου
325 2670 375 2722 οί
404 2668 596 2740 ὑψηλοὶ
626 2667 719 2721 τοῦ
763 2667 873 2721 τῶν
912 2666 1177 2721 Ἰουδαίων
1219 2665 1373 2731 λαοῦ,
1420 2666 1505 2719 διὰ
1537 2665 1597 2718 τὺ
1639 2665 1773 2722 ὦνο-

207 2757 410 2828 μάσθαι
465 2756 724 2822 πολλάκις
765 2759 823 2811 ἐν
853 2759 919 2829 τῇ
972 2757 1092 2829 θείᾳ
1143 2757 1334 2829 Γραφῇ
1384 2757 1615 2811 Λίϐανον
1673 2756 1773 2829 τὴν

211 2848 588 2921 Ἰερουσαλήμ.
634 2850 693 2903 '0
733 2849 789 2903 δὲ
834 2850 1031 2922 μόσχος
1070 2849 1132 2902 τὸ
1170 2848 1556 2921 θυσιαστήριον
1601 2847 1769 2920 δηλοῖ.

203 2940 586 3009 Συντρίϐονται
613 2936 706 2995 οὖν
730 2940 880 2995 αὐτοί
912 2957 972 2994 τε
995 2940 1087 2993 καὶ
1115 2939 1178 2993 τὸ
1198 2942 1326 3011 παρ’
1360 2940 1541 3002 αὐτοῖς
1566 2942 1644 3002 εἰς
1683 2938 1772 2991 τέ-

202 3028 293 3096 λος
325 3024 589 3104 θυσιαστῆ
598 3050 731 3104 ριον.

1954 2574 2022 2627 At
2053 2573 2353 2629 secundum
2385 2587 2641 2641 magnum
2677 2571 3051 2631 Athanasium,
3082 2570 3225 2625 cedri
3258 2568 3448 2623 Libani

1886 2666 2143 2721 dicuntur
2172 2666 2559 2719 eminentiores
2596 2665 2646 2718 in
2680 2664 2879 2733 populo
2905 2662 3150 2725 .ludaico,
3178 2679 3242 2717 eo
3301 2678 3448 2731 quoa

1881 2758 2186 2813 Jerusalem
2215 2773 2455 2829 persaepe
2494 2757 2734 2811 Libanus
2775 2768 2996 2811 vocetur
3024 2758 3077 2810 in
3110 2773 3262 2811 sacra
3296 2755 3447 2813 Scri-

1883 2862 2062 2926 ptura.
2100 2851 2314 2907 Vitulus
2354 2867 2482 2906 vero
2533 2849 2803 2919 signiﬁcat
2852 2852 3038 2902 altare.
3075 2850 3446 2904 Conteruntur

1891 2944 2056 3014 igitur
2085 2943 2139 2998 in
2175 2943 2335 2999 linem
2366 2952 2421 2997 et
2455 2943 2556 3012 ipsi
2585 2941 2751 2997 Judmi
2788 2952 2837 2996 et
2866 2957 3053 2995 eorum
3096 2944 3285 3001 altare.

551 3149 618 3203 At
640 3150 691 3203 in
718 3150 856 3219 psal.
889 3165 1074 3216 xxxiv,
1111 3150 1264 3204 verba
1303 3150 1427 3217 ista,
1462 3166 1481 3201 ι
1519 3147 1583 3203 Et
1616 3150 1787 3202 oratio
1819 3163 1930 3202 mea
1961 3146 2015 3199 in
2037 3146 2210 3199 sinum
2253 3160 2442 3206 meum,
2479 3160 2495 3192 ι
2528 3156 2652 3205 ctc—.,
2696 3146 2935 3212 adnotat,
2969 3163 3014 3201 υ.
3048 3146 3132 3201 13.

273 3263 386 3336 (63)
430 3262 588 3319 Κατά
620 3263 676 3317 δὲ
722 3264 814 3317 τὸν
841 3263 984 3317 θεῖον
1038 3266 1372 3331 Ἀθανάτων,
1407 3266 1466 3319 τὸ
1497 3267 1774 3335 ἀποστρα-

1953 3261 2263 3317 Secundum
2295 3276 2423 3314 vero
2456 3260 2641 3314 divum
2697 3262 3073 3326 Athanasium,
3115 3262 3259 3331 quod
3290 3261 3450 3327 Chri-

205 3358 370 3429 φῆναι
402 3359 483 3421 είς
530 3356 727 3411 κόλπον
757 3358 854 3429 τὴν
900 3357 1042 3430 ὑπὲρ
1085 3358 1353 3411 Ἰουδαίων
1398 3357 1490 3410 τοῦ
1535 3355 1769 3427 Χριστοῦ

202 3450 511 3523 προσευχὴν
545 3451 876 3521 σημαντικὸν
906 3451 971 3504 ἂν
996 3450 1082 3523 εἴη
1116 3450 1210 3504 τοῦ
1240 3451 1587 3520 ὲναπομεϊναι
1630 3448 1775 3502 ἐκεί-

204 3561 328 3608 νους
358 3546 423 3615 τῇ
456 3544 719 3615 ἁμαρτία.
755 3544 849 3597 καὶ
883 3546 1049 3615 μηδὲν
1085 3543 1466 3614 ὠφεληθῆναι,
1498 3546 1563 3615 τῇ
1610 3543 1777 3614 ὑπερ-

206 3632 335 3704 ϐολῇ
364 3633 468 3702 τῆς
497 3633 752 3694 ἀπονοίας
771 3633 869 3703 τὴν
904 3634 1209 3706 προσευχὴν
1241 3632 1429 3706 ὥσπερ
1456 3633 1775 3704 ἀνακάμψαι

203 3725 559 3794 ποιήσαντας.
607 3722 665 3777 '0
697 3724 794 3794 μὲν
825 3723 932 3796 γάρ
961 3724 1181 3796 Κύριος,
1232 3722 1453 3795 θεωρῶν
1481 3724 1573 3777 τὸν
1608 3741 1776 3777 κατα-

203 3817 509 3889 ληψόμενον
543 3817 737 3881 αὐτοὺς
775 3816 998 3890 ὄλεθρον
1025 3858 1038 3882 ,
1092 3820 1185 3873 καὶ
1236 3816 1334 3889 τὴν
1390 3816 1622 3889 ἐσχάτην
1671 3818 1775 3871 ἀπ-

203 3909 423 3974 ώλειαν,
463 3909 676 3964 ἐπένθει
708 3910 848 3982 ὑπὲρ
878 3910 1056 3965 αὐτῶν
1088 3928 1101 3941 ·
1134 3912 1182 3963 οἱ
1210 3910 1268 3964 δὲ
1296 3909 1521 3964 τοιαῦτα
1576 3910 1776 3982 ἔπρατ-

202 4000 417 4064 τον,ὼς
444 4000 542 4072 τὴν
578 4002 742 4071 εὐχὴν
771 4001 935 4055 αὑτοῦ
965 4001 1064 4073 τὴν
1103 4003 1243 4073 ὑπὲρ
1271 4001 1451 4057 αὐτῶν
1486 4003 1560 4073 μὴ
1592 4020 1769 4075 παρα-

203 4092 516 4164 πέμπεσθαι
551 4096 628 4158 εἱς
661 4095 727 4148 τὰ
765 4088 882 4149 ὦτα
928 4094 1024 4149 τοῦ
1056 4096 1289 4167 Πατρὸς,
1324 4094 1438 4148 ἀλλ’
1467 4093 1655 4165 ὥσπερ
1684 4096 1776 4147 ἀν-

201 4182 600 4253 τικρουομένην
625 4182 727 4237 ὑπὸ
759 4183 851 4237 τοῦ
899 4183 1163 4255 μεγέθους
1210 4184 1311 4256 τῆς
1369 4182 1549 4237 αὐτῶν
1584 4183 1774 4236 δυσσε-

202 4271 377 4336 ϐείας.
415 4271 772 4327 καθέλκεσθαι
802 4274 894 4328 καὶ
923 4273 1349 4345 ἐπαναστρέφειν
1406 4273 1541 4345 πρὸς
1590 4272 1770 4325 αὐτόν.

202 4363 296 4417 Διὺ
323 4363 475 4434 ελεγι
505 4379 521 4395 ⁸
552 4364 660 4419 Καὶ
691 4365 729 4432 ἠ
759 4365 1067 4437 προσευχὴ
1115 4383 1234 4436 μου
1262 4367 1350 4432 εις
1380 4366 1612 4419 κόλπον
1653 4382 1772 4435 μου

201 4455 753 4525 ἀποστραφήσεται.
784 4457 845 4511 El
878 4457 988 4529 γάρ
1017 4457 1281 4524 σώζεσθαι
1311 4456 1532 4529 ἔμελλον
1556 4458 1648 4511 καὶ
1684 4472 1773 4527 με·

201 4548 455 4607 ταδαλεῐν
479 4549 588 4603 τῶν
614 4549 995 4621 ἀσεϐημάτων,
1031 4547 1437 4622 εὑθυδρομοῦσα
1477 4551 1511 4620 ἡ
1540 4565 1771 4619 προσευ-

1879 3356 1946 3410 sti
1982 3354 2221 3425 precatio
2249 3367 2347 3424 pro
2384 3351 2585 3408 Judmis
2641 3354 2692 3408 in
2749 3356 2928 3409 sinum
2964 3356 3082 3424 ejus
3139 3356 3446 3417 revertitur,

1883 3448 2113 3502 denotat
2141 3460 2236 3501 eos
2267 3454 2489 3516 peccato
2519 3461 2619 3501 suo
2649 3448 2964 3511 immanere,
2999 3463 3098 3502 nec
3148 3448 3448 3517 quidquam

1874 3538 2055 3609 juvari
2089 3554 2154 3592 eo
2181 3538 2326 3608 quod
2373 3538 2599 3592 insania:
2626 3554 2738 3592 sure
2767 3541 3149 3609 exsuperantia
3186 3540 3445 3603 elliciuut,

1878 3638 1939 3684 ut
1966 3644 2156 3700 preces
2198 3627 2401 3684 Christi
2436 3630 2594 3698 quasi
2636 3642 2935 3685 retrorsum
2964 3629 3279 3686 ﬂectantur.
3333 3632 3443 3687 Do-

1876 3722 2059 3777 minus
2087 3721 2255 3787 enim,
2287 3737 2412 3776 cum
2446 3721 2746 3777 intueretur
2792 3733 3090 3778 extremam
3150 3723 3444 3792 perniciem

1877 3828 1999 3884 qua:
2032 3813 2180 3884 ipsos
2210 3816 2673 3883 comprehensum
2694 3824 2832 3879 erat,
2858 3829 3093 3870 maerore
3128 3815 3331 3886 ingenti
3354 3830 3447 3869 eo-

1879 3920 2000 3959 rum
2031 3920 2199 3962 causa
2228 3906 2561 3961 adiciebatur
2599 3926 2611 3963 :
2650 3908 2751 3978 ipsi
2780 3922 2908 3963 vero
2936 3908 3061 3962 talia
3106 3907 3357 3979 agebant,
3389 3920 3446 3963 ut

1877 4012 2068 4067 preces
2098 3996 2305 4054 Christi
2334 4014 2431 4069 pro
2482 4000 2615 4069 ipsis
2650 4001 2965 4069 neutiquam
3011 4002 3447 4057 transmitteren-

1878 4096 1965 4141 tur
1986 4087 2052 4142 ad
2083 4103 2244 4144 aures
2274 4104 2444 4159 usque
2473 4086 2669 4153 Patris,
2698 4091 2789 4145 sed
2821 4104 3151 4159 repercussae
3180 4092 3447 4161 quodam-

1876 4180 2041 4234 modo
2090 4195 2121 4235 a
2157 4182 2529 4252 magnitudine
2574 4182 2864 4252 impietatis
2905 4184 3145 4253 ipsorum
3201 4184 3447 4237 retrahe-

1876 4281 2065 4326 rentur
2097 4288 2162 4326 ac
2204 4282 2601 4329 reverterentur
2636 4275 2699 4329 ad
2735 4274 3044 4330 Dominum.
3084 4273 3319 4347 Ideoque
3345 4275 3446 4331 aie-

1881 4364 1976 4419 bat
2011 4383 2022 4419 :
2060 4363 2129 4418 Et
2158 4367 2328 4419 oratio
2359 4384 2472 4419 mea
2502 4368 2557 4419 in
2585 4368 2757 4419 sinum
2786 4384 2956 4419 meum
2980 4378 3280 4421 revertetur.
3309 4365 3444 4422 Nam

1876 4458 1924 4512 si
1949 4458 2195 4513 salvandi
2228 4458 2461 4515 fuissent
2501 4470 2555 4516 et
2603 4460 2671 4514 ab
2723 4458 3000 4530 impietate
3033 4460 3382 4515 convertendi
3420 4500 3437 4523 ,

1875 4550 2191 4605 transiissct
2222 4551 2408 4622 utique
2462 4555 2704 4622 precatio
2740 4552 3041 4609 Salvatoris
3073 4564 3219 4608 recto
3252 4570 3439 4614 cursu.

199 4641 270 4713 χὴ
288 4640 386 4695 τοῦ
416 4641 672 4714 Σωτῆρος
723 4642 1015 4707 ἀκωλύτως
1062 4643 1128 4697 ἂν
1173 4644 1267 4696 καὶ
1312 4641 1769 4713 ἀπαραποδίστως

1880 4652 2046 4712 atque
2075 4658 2105 4695 a
2134 4643 2349 4698 nemine
2378 4644 2635 4715 impedita
2668 4646 2733 4702 ad
2762 4660 2921 4700 aures
2970 4661 3139 4714 usque
3187 4655 3443 4714 paternas

200 4735 293 4789 hri.
326 4734 398 4789 τά
426 4728 542 4789 ὦτα
573 4735 642 4789 τά
675 4735 917 4807 πατρικά
946 4735 1164 4808 παρῄει.

1877 4731 2218 4787 accessisset.

852 4850 913 4906 In
940 4850 1076 4923 paul.
1107 4866 1313 4905 xxxviii
1341 4849 1517 4911 verba,
1556 4867 1574 4901 ι
1612 4846 1802 4917 Utique
1838 4847 1895 4899 in
1929 4846 2160 4917 imagine
2182 4847 2419 4902 ambulat
2448 4849 2621 4911 homo,
2656 4868 2672 4901 ι
2705 4866 2750 4903 ιε.
2783 4849 2837 4902 7.

271 4964 385 5036 (δι)
412 4967 567 5019 Κατά
595 4965 651 5020 δὲ
684 4967 809 5030 τοὺς
835 4967 974 5021 πάνυ
1014 4965 1328 5021 Ἀθανάσιον
1352 4967 1445 5021 καὶ
1478 4964 1766 5036 Κύριλλον·

210 5058 434 5131 Ἐπειδὴ
466 5059 527 5111 ὲν
549 5058 717 5113 εικόνι
746 5060 838 5113 καὶ
864 5059 962 5113 οὐκ
989 5062 1047 5114 ὲν
1074 5058 1300 5130 ἀληθείᾳ
1319 5059 1413 5113 νῦν
1444 5056 1767 5129 διαπορεύε-

200 5167 290 5205 ται
319 5147 350 5200 ὁ
378 5148 663 5220 ἄνθρωπος
683 5165 696 5180 ·
727 5151 761 5221 ἠ
791 5150 899 5222 γὰρ
932 5149 1135 5223 ἀληθὴς
1177 5148 1288 5221 ζωὴ
1337 5150 1476 5204 κατά
1508 5150 1598 5203 τὸν
1641 5148 1771 5220 μὲλ-

198 5240 357 5295 λοντα
385 5240 559 5294 αἰῶνά
575 5242 723 5293 ἐστιν
742 5256 755 5269 '
782 5240 1003 5304 εἰκότως
1030 5242 1059 5293 ὁ
1082 5241 1298 5312 ψάλλων
1323 5242 1421 5313 τὴν
1444 5242 1627 5297 εἰκόνα
1667 5259 1771 5313 μα-

195 5331 460 5401 ταιότητα
507 5332 823 5402 προσεῖπεν.
863 5331 1077 5401 Ἐπειδὴ
1123 5332 1184 5385 οὐ
1225 5332 1323 5403 τὴν
1355 5332 1616 5406 ἀληθινὴν
1671 5332 1767 5387 νῦν

198 5423 382 5495 ζῶμεν
416 5422 585 5491 ζωὴν,
633 5420 769 5476 ἀλλὰ
800 5421 897 5493 τὴν
938 5422 1013 5487 ὡς
1053 5424 1110 5475 ὲν
1142 5424 1330 5486 εἰκόνι,
1366 5424 1486 5478 οὐδὲ
1518 5426 1648 5499 περὶΙ
1699 5426 1769 5479 τά

194 5514 362 5580 ὅντως
386 5512 569 5584 ἀγαθά
598 5513 898 5584 ποιούμεθα
924 5514 1020 5585 τὴν
1053 5516 1306 5587 σπουδὴν,
1338 5517 1415 5571 διὸ
1464 5518 1640 5588 μάτην
1674 5536 1768 5572 τα-

269 5693 382 5766 (Gl)
406 5692 511 5766 Est
535 5703 916 5766 argumentum
941 5695 1137 5766 psalm.
1173 5710 1281 5749 xu.

269 5762 380 5832 (62)
405 5762 647 5825 llabetu’r
670 5764 800 5819 ibid.

271 5833 383 5904 (δῇ)
408 5832 536 5891 llaec
562 5834 829 5892 habentur
850 5835 1067 5902 ibidem,
1098 5835 1187 5891 sed
1218 5835 1386 5894 multo
1422 5834 1697 5907 pauciora.

1952 4964 2228 5021 Sententia
2281 4982 2410 5022 vero
2463 4983 2781 5044 magnorum
2830 4968 3111 5026 Athanasii
3154 4980 3206 5026 et
3255 4970 3445 5037 Cyr-illi

1879 5056 1995 5113 haec
2029 5068 2150 5112 est:
2187 5056 2639 5129 Quandoquidem
2674 5061 2834 5115 homo
2877 5076 3023 5118 nunc
3054 5080 3162 5119 non
3208 5064 3260 5118 in
3298 5067 3446 5121 veri-

1874 5159 2002 5214 tate,
2043 5151 2136 5205 sed
2168 5151 2223 5205 in
2253 5151 2487 5222 imagine
2514 5149 2861 5215 incedit,vita
2892 5153 3037 5209 enim
3071 5170 3195 5210 vera
3221 5155 3441 5212 demum

1875 5244 1928 5297 in
1960 5242 2145 5297 futuro
2176 5243 2282 5297 erit
2314 5242 2534 5307 sarculo,
2571 5242 2773 5298 idcirco
2812 5242 3066 5301 fortassis
3095 5246 3307 5303 Psaltes
3352 5265 3444 5303 va-

1874 5338 2094 5391 nitatem
2126 5335 2414 5408 appellavit
2445 5336 2761 5405 imaginem.
2792 5333 2929 5402 Quia
2965 5352 3092 5409 ergo
3123 5354 3227 5392 non
3258 5355 3439 5394 veram

1873 5429 1963 5484 hic
1989 5428 2229 5483 vivimus
2256 5429 2446 5490 vitam,
2506 5429 2598 5483 sed
2654 5429 2834 5491 talem,
2871 5444 2992 5498 qua:
3036 5437 3119 5484 est
3174 5431 3328 5501 quasi
3387 5434 3438 5485 in

1874 5521 2129 5592 imagine,
2160 5535 2333 5592 neque
2366 5521 2513 5575 circa
2549 5536 2673 5575 vera
2707 5520 2847 5575 bona
2882 5535 3184 5587 versamur,
3236 5520 3440 5577 ideirco

1943 5703 2054 5829 {64)
2087 5705 2418 5773 Expressum
2458 5719 2520 5760 ex
2560 5704 3003 5773 interpretatione
3059 5704 3221 5759 hu'us
3266 5703 3440 5762 versi-

1965 5794 1999 5829 ι.
2036 5793 2219 5829 supra.

1872 5792 1999 5843 cun,
2036 5793 2219 5847 supra.
