4126 6492
700 392 806 449 esu

1537 390 1598 450 S.
1635 391 2006 449 ATHANASII
2040 395 2192 450 OPP.
2235 394 2415 450 PARS
2453 394 2542 450 lll.
2583 423 2654 434 —-
2692 391 3099 448 EXEGETICA.

3844 397 3944 454 560

712 512 914 566 frustra
947 512 1336 566 conturbamur
1383 510 1525 565 circa
1553 510 1826 565 mundana
1869 511 2138 566 desideria
2171 527 2270 567 nos

2377 511 2689 582 ρασσόμεθα
2734 509 2862 580 περὶ
2896 507 3165 578 κοσμικὰς
3219 506 3518 579 ἐπιθυμίας
3565 507 3945 580 στρεφόμενοι,

716 602 1010 668 volventes,
1037 619 1101 658 ac
1131 613 1484 673 congerentes
1535 603 1844 666 thesauros,
1876 617 2110 672 quorum
2166 603 2270 656 ha:-

705 693 864 750 redes
883 692 1097 750 futuros
1132 708 1241 748 non
1274 694 1540 750 novimus.

2377 606 2468 657 καὶ
2499 604 2822 671 συνάγοντες
2864 602 3168 675 θησαυροὺς
3204 594 3279 656 ὧν
3327 601 3427 655 οὐκ
3460 603 3620 672 ἴσμεν
3659 600 3788 663 τοὺς
3831 597 3945 654 δια-

2376 695 2530 765 δόχου
2539 713 2585 760 ς.

1404 811 1470 866 In
1501 812 1597 865 illa
1627 812 1778 866 verba
1805 813 1945 882 psal.
1981 826 2094 875 xu,
2128 830 2145 862 ι
2188 811 2644 879 Quemadmodum
2675 815 2942 869 desiderat
2979 829 3176 868 cervus.
3209 832 3228 866 ι

771 928 842 982 At
872 927 1170 984 secundum
1201 943 1428 1000 magnos
1457 928 1816 983 Athanasium
1856 936 1911 982 et
1952 926 2217 999 Cyrillum
2252 946 2264 982 :

702 1019 841 1087 Quia
882 1020 936 1074 in
969 1021 1214 1090 proxime
1256 1023 1590 1090 prwccdcnte
1637 1020 1849 1090 psalmo
1905 1035 1972 1073 ex
2033 1035 2264 1089 persona

699 1111 904 1167 Christi
935 1113 1002 1166 ad
1050 1111 1268 1167 Patrem
1317 1113 1431 1167 haec
1462 1112 1608 1167 dicta
1640 1120 1768 1166 sunt
1799 1129 1811 1164 :
1850 1109 2043 1164 Excita
2081 1127 2182 1178 me,
2217 1120 2266 1166 et

699 1206 988 1259 retribuam
1019 1206 1148 1273 ipsis
1185 1206 1251 1271 ",
1283 1204 1485 1259 idcirco
1522 1204 1610 1258 hic
1664 1203 1946 1258 Christum
1980 1203 2130 1258 cruci
2189 1202 2266 1257 af-

697 1299 981 1368 iigentium
1046 1315 1274 1370 persona
1319 1298 1634 1364 inducitur,
1691 1297 1785 1367 qui
1851 1297 2266 1352 intolerabiliter

696 1390 1050 1455 laborabant;
1084 1408 1208 1446 cum
1232 1390 1583 1446 manifestum
1620 1390 1709 1454 sit,
1733 1405 1828 1445 eos
1857 1391 2072 1445 tandem
2107 1407 2265 1446 assu-

694 1481 923 1536 mendos
955 1497 1095 1544 esse,
1156 1483 1410 1544 insertos,
1455 1491 1513 1534 ut
1566 1482 1640 1534 ait
1693 1481 1895 1537 Paulus
1923 1483 1990 1548 ³³,
2030 1485 2266 1554 propria:

693 1573 843 1628 oleae.
880 1574 987 1629 Ista
1027 1575 1190 1644 igitur
1214 1571 1378 1627 Israel
1410 1573 1734 1643 resipiscens
1763 1575 2022 1644 loquitur.

2451 929 2562 1000 (65)
2595 930 2750 984 Κατὰ
2775 929 2832 983 δὲ
2880 930 3004 994 τοὺς
3036 930 3303 1002 μεγάλους
3350 930 3666 986 Ἀθανάσιον
3699 930 3793 986 καὶ
3837 928 3946 984 Κῦο

2377 1022 2575 1095 ριλλον·
2613 1022 2874 1094 Ἐπείπερ
2921 1023 2977 1075 ὲν
3010 1021 3087 1094 τῷ
3128 1023 3236 1094 πρὸ
3273 1023 3464 1076 τούτου
3508 1022 3711 1095 ψαλμῷ
3749 1025 3814 1076 ὲκ
3854 1022 3944 1076 τοῦ

2375 1117 2625 1188 Σωτῆρος
2648 1117 2783 1189 πρὸς
2809 1117 2898 1170 τὸν
2922 1117 3139 1188 Πατέρα
3159 1117 3371 1189 εἴρηται
3395 1135 3408 1148 ·
3453 1116 3827 1186 Ἀνάστησόν
3847 1133 3944 1188 με,

2373 1210 2471 1264 καὶ
2505 1208 2904 1264 ἀνταποδώσω
2933 1210 3156 1277 αὐτοῖς,
3205 1210 3299 1264 νῦν
3340 1211 3400 1264 τὸ
3441 1209 3552 1265 τῶν
3607 1211 3949 1285 ὲσταυρωκό-

2373 1321 2481 1356 των
2511 1303 2790 1356 ὑπόκειται
2817 1303 3126 1374 πρόσωπον,
3165 1303 3214 1356 οἳ
3247 1304 3580 1360 πεπόνθασιν
3613 1307 3895 1377 ἀνήκεστα
3928 1343 3945 1370 ,

2376 1395 2640 1466 προδήλου
2659 1396 2830 1463 δντος,
2859 1396 2932 1460 ὡς
2957 1396 3181 1468 ὕστερον
3200 1398 3731 1470 προσληφθήσονται,
3763 1401 3950 1466 εγκεν·

2375 1487 2704 1560 τρισθέντες,
2739 1488 2814 1552 ὥς
2848 1506 2981 1560 φησι
3023 1489 3255 1556 Παῦλος,
3301 1494 3368 1563 τῇ
3406 1491 3511 1564 ἰδίᾳ
3555 1491 3733 1563 ἐλαία.
3765 1492 3948 1547 Meta-

2377 1577 2661 1646 γινώσκων
2696 1575 2786 1633 οὖν
2811 1582 2839 1634 ὁ
2883 1579 3094 1651 Ἰσραὴλ
3118 1579 3291 1635 ταῦτά
3315 1598 3503 1652 φησιν.

1325 1685 1413 1741 Sic
1443 1703 1498 1739 in
1534 1703 1707 1740 versus
1736 1697 1996 1740 seauentts
2029 1689 2203 1755 verba,
2241 1709 2258 1741 ι
2293 1689 2470 1745 Silirit
2497 1693 2675 1745 anima
2707 1709 2820 1747 mea
2845 1693 2914 1746 ad
2944 1693 3250 1749 Dominum.
3288 1713 3308 1747 ι

765 1800 1110 1854 Atnanasiiet
1145 1799 1354 1869 Cyrillz.
1388 1798 1836 1869 Quandoquidem
1868 1803 1960 1871 qui
1986 1801 2262 1858 Christum
2297 1815 2338 1870 Β

692 1894 746 1947 in
769 1908 988 1947 crucem
1023 1893 1278 1956 tulerant,
1315 1891 1501 1946 dolent
1552 1893 1618 1946 de
1649 1908 1748 1946 suo
1779 1909 1909 1948 casu
1967 1909 2031 1948 ac
2070 1896 2260 1965 resipi-

691 1993 870 2048 scunt,
907 1984 1109 2039 idcirco
1147 1983 1355 2049 dicunt,
1393 1999 1449 2038 se
1501 1983 1652 2039 sitire
1696 1984 1885 2052 Deum,
1939 2002 2001 2041 ac
2031 1985 2260 2053 fontem,

691 2077 785 2148 qui
835 2077 977 2146 apud
1027 2077 1203 2146 ipsum
1263 2085 1365 2140 est,
1403 2077 1714 2134 desiderare
1749 2099 1760 2133 :
1795 2079 1861 2134 de
1912 2095 2019 2149 quo
2058 2081 2261 2136 dictum

692 2182 813 2228 est:
847 2172 987 2238 Quia
1011 2173 1150 2242 apud
1175 2184 1222 2226 te
1253 2183 1330 2227 est
1367 2173 1485 2242 fons
1517 2175 1714 2228 uiue".
1749 2173 2072 2230 Desiderant
2095 2176 2260 2231 etiam

689 2265 804 2319 Deo
853 2265 1312 2335 appropinquare,
1349 2265 1542 2320 aﬂ’ectu
1595 2267 1800 2321 scilicet
1847 2276 1900 2321 et
1953 2269 2263 2326 sanctiﬁca-

687 2360 840 2414 tioue
866 2375 986 2428 qua:
1041 2369 1122 2413 est
1169 2375 1264 2429 per
1321 2359 1479 2413 Iidem
1523 2360 1576 2414 in
1609 2360 1848 2414 Christo.
1899 2359 1964 2414 Et
2001 2376 2161 2431 quem
2194 2361 2261 2416 ad

689 2459 918 2505 mortem
977 2451 1310 2505 tradiderant
1367 2459 1530 2520 atque
1591 2451 2003 2518 interfecerant,
2058 2452 2263 2521 princi-

687 2556 831 2612 pem,
879 2543 1125 2611 inquam,
1159 2543 1286 2596 vitre
1321 2551 1560 2605 nostrae,
1603 2557 1728 2596 eum
1772 2541 2046 2612 appellant
2087 2540 2260 2596 Deum

685 2635 977 2690 viventem.
1010 2635 1142 2688 Illud
1171 2650 1297 2689 vero
1325 2654 1337 2689 :
1389 2635 1615 2701 Quando
1668 2637 1914 2692 ueniam!
1942 2633 2262 2690 desideran-

684 2724 821 2779 tium
874 2734 957 2780 est
1008 2727 1345 2781 vocationem
1387 2725 1649 2790 futuram,
1678 2734 1732 2781 et
1775 2741 2106 2795 cognoscere
2162 2743 2261 2782 cu-

683 2818 948 2887 pientium
992 2827 1205 2888 tempus
1267 2820 1418 2884 illud,
1471 2820 1522 2873 in
1561 2835 1669 2889 quo
1706 2819 1870 2872 etiam
1928 2819 2031 2887 ipsi
2071 2833 2259 2873 coram

685 2905 824 2962 facie
856 2906 952 2962 Dei
978 2918 1030 2962 et
1055 2906 1233 2963 Patris
1257 2908 1623 2962 versabuntur
1677 2907 1834 2976 (quae
1861 2907 2050 2960 eadem
2086 2907 2256 2960 etiam

685 2997 807 3052 Filii
858 2999 995 3069 est),
1053 2998 1403 3068 quantumvis
1469 3015 1613 3053 nunc
1670 2998 1779 3052 sint
1833 3013 1864 3052 a
1911 2996 2020 3053 Deo
2056 2999 2254 3054 aversi.

685 3092 940 3145 Avertam
973 3090 1138 3156 enim,
1170 3091 1366 3160 inquit,
1395 3091 1584 3145 oculos
1609 3105 1759 3146 meos
1785 3105 1815 3144 a
1849 3090 2022 3146 vobis.
2048 3089 2256 3157 Quam-

685 3183 913 3239 obrem?
947 3182 1138 3240 Manus
1165 3185 1309 3240 enim
1348 3197 1539 3241 vestrae
1571 3185 1740 3255 plena:
1767 3193 1898 3240 sunt
1943 3185 2230 3256 sanguine.
2283 3183 2326 3240 C

2450 1809 2807 1864 Ἀθανασίου
2850 1811 2949 1864 καὶ
2996 1812 3323 1879 Κυρίλλου.
3370 1810 3686 1880 Ἀλγοῦντες
3737 1811 3834 1866 ἐπὶ
3881 1814 3946 1884 τῇ

2371 1899 2641 1954 ὲκπτώσει
2679 1902 2727 1953 οἱ
2768 1901 3076 1972 σταυρωταὶ
3107 1900 3201 1954 τοῦ
3249 1901 3454 1972 Κυρίου
3495 1902 3590 1955 καὶ
3637 1900 3947 1973 μεταγινώ-

2374 2007 2610 2055 σκοντες,
2646 1991 2804 2063 eam
2835 1991 3052 2062 λέγουσι
3083 1992 3176 2045 τὸν
3204 1990 3360 2056 Θεὸν,
3387 1991 3479 2045 καὶ
3507 1992 3607 2063 τῆς
3637 1993 3771 2064 παρ’
3799 1992 3950 2063 αὑτῷ

2371 2083 2554 2154 πηγῆς
2582 2083 2897 2155 ἐπιθυμεῖν·
2930 2084 3058 2155 περὶ
3095 2076 3163 2156 ἦς
3205 2082 3418 2155 εἴρηται
3438 2099 3452 2114 ο
3485 2082 3616 2136 Ὅτι
3652 2084 3816 2151 παρὰ
3848 2083 3947 2138 σοι

2368 2175 2530 2244 πηγὴ
2582 2174 2750 2245 ζωῆς.
2805 2176 2916 2231 Καὶ⁵
2965 2174 3220 2230 ποθοῦσιν
3265 2176 3432 2245 ἐγγὺς
3479 2175 3733 2245 γενέσθαι
3787 2173 3946 2237 Θεοῦ,

2369 2267 2510 2320 κατά
2548 2266 2786 2320 διάθεσιν
2814 2270 2909 2321 καὶ
2931 2268 3201 2339 ἁγιασμὸν
3226 2267 3316 2321 τὸν
3357 2267 3446 2321 διὰ
3488 2268 3727 2331 πίστεως
3759 2268 3864 2338 τῆς
3891 2268 3949 2322 ὲν

2367 2357 2608 2430 Χριστῷ.
2643 2360 2754 2412 Καὶ
2785 2359 2841 2411 ὃν
2872 2358 3223 2423 ἀπεκτόνασι,
3253 2359 3344 2412 τὸν
3378 2359 3620 2430 ἀρχηγὸν
3669 2358 3770 2428 τῆς
3802 2360 3949 2430 ζωῆς

2367 2449 2547 2522 ἡμῶν,
2582 2450 2676 2503 καὶ
2708 2448 2786 2520 τῷ
2812 2448 3024 2520 θανάτῳ
3057 2449 3402 2520 παρέδωκαν,
3435 2451 3622 2503 τοῦτον
3657 2449 3794 2504 Θεὸν
3828 2451 3948 2504 ὀνο-

2370 2545 2602 2617 μάζουσι
2627 2542 2804 2608 ζῶντα
2833 2541 2967 2612 (66).
3004 2541 3076 2596 Τὸ
3098 2541 3176 2606 δὲ,
3210 2543 3361 2596 Πότε
3387 2541 3512 2608 ἥξω
3537 2558 3555 2604 ;
3604 2541 3949 2615 γλιχομένων

2366 2638 2459 2691 ἐπὶ
2491 2637 2590 2707 τῆς
2618 2638 2697 2700 εἰς
2732 2634 2958 2706 ὕστερον
2990 2633 3254 2705 κλήσεως,
3284 2637 3376 2688 καὶ
3401 2634 3709 2706 ζητούντων
3751 2635 3947 2705 μαθεῖν

2365 2731 2456 2784 τὸν
2490 2724 2702 2800 καιρὸν,
2737 2726 2858 2782 καθ’
2897 2725 2956 2779 ὃν
2997 2726 3092 2780 καὶ
3119 2727 3274 2780 αὐτοὶ
3316 2727 3578 2797 ἐμφανεῖς
3607 2727 3826 2781 ἔσονται
3853 2727 3948 2781 τοῦ

2367 2819 2662 2891 προσώπου
2689 2818 2782 2872 τοῦ
2811 2817 2947 2872 Θεοῦ
2981 2819 3074 2872 καὶ
3106 2818 3319 2890 Πατρὸς
3371 2819 3587 2889 (ταυτὸν
3609 2819 3668 2872 δέ
3698 2821 3819 2872 ἐστι
3853 2821 3947 2874 καὶ

2363 2914 2442 2986 τῷ
2468 2913 2561 2968 τοῦ
2587 2911 2771 2984 Υἱοῦ)⁶
2801 2914 2847 2966 εί
2880 2911 2974 2966 καὶ
3001 2911 3096 2966 νῦν
3129 2913 3264 2969 εἰσιν
3297 2912 3355 2964 ὲν
3397 2911 3738 2983 ἀποστροφῇ.
3781 2912 3944 2966 ’Δπυ-

2367 3007 2583 3079 στρὲψω
2612 3006 2744 3076 γὰρ,
2776 3005 2935 3078 φησὶ,
2962 3005 3088 3068 τοὺς
3142 3004 3453 3075 ὀφθαλμούς
3500 3020 3602 3076 μου
3642 3005 3737 3073 ἀφ’
3764 3003 3940 3076 ὑμῶν.

2363 3097 2464 3150 Διὰ
2491 3097 2574 3161 τί;
2603 3097 2669 3149 At
2691 3095 2799 3168 γὰρ
2831 3099 3011 3168 χεῖρες
3045 3095 3199 3165 ὑμῶν
3222 3096 3451 3166 αἵματος
3475 3096 3724 3167 πλήρεις.

1850 3295 2076 3351 Rursum
2120 3299 2176 3351 in
2219 3313 2423 3352 uersum
2466 3306 2780 3368 sequentem.

757 3416 1079 3470 Athanasius
1111 3424 1160 3467 et
1193 3413 1449 3483 Cyrillus.
1491 3412 1627 3479 Quia
1680 3411 1935 3468 Christus
1989 3412 2255 3482 pmdixt»

681 3517 788 3573 rat,
819 3506 1113 3576 inquiens:
1146 3503 1377 3572 Quando
1424 3504 1672 3560 videritis
1703 3504 2098 3577 Jerosolymam
2149 3507 2254 3560 cir-

683 3613 1022 3654 cumsessam
1060 3598 1254 3653 castris
1285 3599 1368 3663 ²⁸;
1403 3597 1493 3650 ubi
1546 3598 1767 3651 verbum
1821 3598 1964 3652 istud
2017 3598 2071 3650 in
2118 3612 2256 3666 opus

685 3691 885 3762 erupit,
915 3690 1177 3746 Romanis
1203 3705 1321 3744 eam
1349 3690 1751 3759 diripientihus,
1787 3690 2063 3759 ejulabant
2089 3707 2102 3742 :
2151 3689 2257 3758 pri-

680 3801 831 3840 tuum
860 3784 1100 3855 quidem,
1131 3782 1278 3852 quod
1310 3790 1500 3836 contra
1529 3781 1697 3835 Deum
1725 3781 2131 3852 quodammodo
2159 3781 2254 3833 im-

680 3879 992 3948 pegissent;
1024 3875 1218 3930 deinde
1246 3875 1392 3944 quod
1441 3875 1771 3928 excidissent
1819 3890 1848 3928 a
1886 3875 2082 3937 salute,
2132 3888 2254 3942 quae

681 3973 751 4027 ab
777 3972 894 4043 ipso
929 3979 1045 4036 est;
1078 3969 1236 4023 tertio
1264 3969 1518 4038 denique,
1553 3969 1702 4036 quod
1733 3967 1893 4020 vicini
1924 3967 2071 4034 ipsos
2101 3965 2252 4018 inva-

679 4065 870 4120 dentes
897 4077 1058 4132 atque
1085 4061 1349 4118 conviciis
1380 4062 1706 4116 insectantes
1730 4060 2008 4116 dicereut:
2052 4056 2150 4112 Ubi
2173 4066 2250 4112 est

679 4156 816 4211 Deus
851 4156 1008 4209 tuus?

2433 3411 2544 3483 (67)
2609 3409 2956 3476 Ἀθανάσιος
3000 3408 3098 3462 καὶ
3160 3409 3476 3476 Κύριλλος.
3531 3407 3638 3462 Τοῦ
3690 3408 3938 3481 Σωτῆρος

2363 3505 2717 3578 προειπόντος
2740 3520 2754 3535 ⁸
2793 3503 2961 3558 Ὅταν
3007 3501 3152 3573 ἴδητε
3183 3501 3284 3573 τὴν
3327 3499 3686 3573 Ἰερουσαλὴμ
3718 3503 3938 3558 κυκλου-

2366 3598 2535 3670 μένην
2569 3595 2675 3650 ὐπδ
2725 3593 3136 3667 στρατοπέδωνο
3184 3595 3274 3648 ὅτε
3322 3593 3459 3659 πρὸς
3509 3593 3670 3666 ἔργον
3719 3593 3880 3666 ἐξέϐη
3911 3595 3938 3646 ὁ

2364 3689 2542 3759 λόγος,
2591 3687 2876 3759 Ῥωμαίων
2924 3685 3128 3748 αὐτοὺς
3182 3683 3592 3756 πορθησάντων,
3639 3683 3937 3756 ἑθρήνουνο

2363 3781 2578 3856 πρῶτον
2611 3779 2710 3851 μὲν
2738 3778 2813 3841 ὡς
2837 3773 3341 3847 προσκεκρουκότες
3371 3769 3490 3840 Θεῷ
3517 3787 3531 3801 ·
3566 3765 3688 3824 εἶτα
3719 3769 3798 3834 ὡς
3842 3771 3936 3840 τῆς

2361 3875 2420 3942 ἐξ
2453 3873 2618 3928 αὐτοῦ
2651 3869 2924 3942 σωτηρίας
2954 3865 3370 3928 ἐκπεπτωκότες
3391 3879 3404 3894 ’
3438 3864 3534 3917 καὶ
3576 3862 3763 3935 τρίτον
3784 3903 3800 3928 ,
3833 3862 3931 3915 ὃτιο

2361 3983 2468 4038 περ
2502 3961 2682 4028 αὐτοῖς
2711 3964 2759 4016 οἱ
2805 3959 3185 4030 ἀστυγείτονες
3225 3955 3645 4028 ἐπεμϐαίνοντες
3683 3954 3769 4022 τὸ,
3816 3953 3935 4010 Ποῦ

2359 4059 2530 4114 ἐστιν
2553 4059 2588 4112 ό
2627 4056 2770 4122 Θεός
2802 4067 2956 4118 σου;
2986 4049 3332 4123 διασύροντες
3379 4047 3581 4117 ελεγον.

1897 4304 1964 4360 1η
1994 4305 2245 4375 promnio
2269 4301 2406 4373 psal.
2440 4315 2550 4355 nu
2589 4295 2720 4369 (68).

743 4473 1048 4528 Athanasio
1080 4486 1211 4526 vero
1242 4470 1316 4524 illi
1345 4481 1542 4537 magno
1565 4467 1704 4521 idem
1741 4466 1957 4520 videtur
1985 4479 2106 4519 esse
2143 4464 2247 4516 hu-
2283 4467 2326 4522 Ι)

671 4567 761 4636 ius
797 4567 990 4636 psalmi
1021 4574 1397 4635 argumentum
1429 4570 1593 4631 atque
1645 4559 2017 4630 prmcedentis.
2068 4558 2245 4611 lsrae-

674 4659 783 4712 lita:
811 4658 955 4712 enim
989 4670 1206 4710 rursum
1237 4652 1521 4711 accedunt.
1547 4651 1802 4712 salutem,
1835 4663 1956 4718 qua!
1980 4663 2074 4717 per
2093 4645 2248 4702 Chri-

675 4761 817 4807 stum
856 4756 959 4812 est,
998 4748 1359 4818 postulantes.
1398 4743 1523 4798 ldeo
1578 4743 1933 4812 alloquuntur
1981 4740 2191 4794 Patrem
2227 4757 2239 4792 :

671 4843 873 4899 Emitte
908 4841 1076 4894 lucem
1113 4849 1259 4892 tuam
1296 4848 1344 4892 et
1395 4837 1667 4891 ueritatem
1701 4843 1868 4886 mani.
1926 4830 2044 4902 Ipse
2094 4831 2242 4884 enim

670 4949 766 4990 eos
814 4935 868 4988 iu
903 4941 1150 4987 sanctum
1183 4939 1423 4985 montem
1458 4928 1721 4982 ducturus
1775 4933 1931 4980 erat:
1999 4923 2102 4976 hoc
2133 4932 2237 4986 est,

670 5029 726 5082 in
761 5028 956 5083 caslum
991 5034 1044 5080 et
1077 5039 1339 5093 supernas
1367 5022 1487 5075 illas
1514 5020 1824 5074 mansiones
1855 5018 1872 5086 (
1900 5032 2037 5085 quas
2070 5015 2236 5069 etiam

671 5121 1014 5176 tabernacula
1073 5117 1342 5188 appellat)
1377 5124 1431 5169 et
1486 5111 1552 5167 ad
1603 5113 1775 5166 altare
1825 5107 2235 5163 iutellectuale:

669 5216 784 5283 ipse
808 5211 970 5266 etiam
1002 5224 1192 5264 eorum
1218 5207 1620 5261 exhilaraturus
1646 5203 2011 5272 iuventutem.
2040 5197 2238 5253 Juvcu-

668 5315 834 5359 tutem
869 5318 998 5356 vero
1053 5303 1287 5372 appellat
1333 5300 1592 5360 laetitiam,
1637 5305 1690 5349 et
1741 5303 2054 5350 renovatam
2097 5292 2238 5361 ipso-

666 5413 788 5452 rum
819 5397 1080 5450 animam.
1107 5395 1260 5450 Unde
1290 5404 1342 5449 ct
1375 5393 1698 5463 promittunt
1724 5404 1781 5443 se
1809 5387 1910 5456 ipsi
1944 5387 1998 5440 iu
2019 5385 2231 5439 cithara

2439 4456 2744 4526 Ἀθανασίῳ
2775 4453 2831 4507 δὲ
2861 4450 2939 4523 τῷ
2978 4450 3120 4504 πάνυ
3150 4448 3248 4522 τὴν
3277 4446 3449 4519 αὐτὴν
3501 4444 3759 4500 ὑπόθεσιν
3794 4442 3937 4517 ῑχειν

2354 4552 2432 4623 τῷ
2477 4547 2905 4622 προτεταγμένῳ
2934 4545 3030 4599 καὶ
3051 4544 3080 4596 ὀ
3113 4541 3300 4616 παρὼν
3319 4541 3468 4595 δοκεῖ
3492 4538 3726 4610 ψαλμός.
3757 4539 3936 4611 Προσ-

2355 4646 2604 4718 έρχονται
2653 4641 2761 4712 γὰρ
2793 4639 2954 4694 πάλιν
2990 4639 3040 4690 οἱ
3072 4637 3132 4703 ἐξ
3169 4633 3387 4706 Ἰσραὴλ
3415 4633 3514 4705 τὴν
3559 4631 3648 4686 διὰ
3692 4629 3934 4704 Χριστοῦ

2357 4736 2632 4808 σωτηρίαν
2687 4731 3014 4804 αἰτούμενοι.
3069 4729 3162 4783 Διό
3205 4743 3337 4797 φασι
3371 4725 3508 4796 πρὸς
3536 4724 3627 4778 τὸν
3655 4723 3882 4796 Πατέρα
3915 4738 3933 4756 ο

2369 4827 2836 4892 Ἐξαπόστειλον
2888 4823 2955 4876 τὸ
3002 4822 3128 4892 φῶς
3173 4836 3290 4874 σου
3317 4818 3414 4872 καὶ
3469 4816 3584 4886 τὴν
3638 4815 3934 4882 ἀλήθειάν

2349 4938 2488 4977 σου.
2523 4920 2694 4984 Αὐτὸς
2723 4919 2831 4989 γὰρ
2878 4918 3075 4980 αὐτοὺς
3125 4917 3204 4978 είς
3238 4914 3299 4968 τὸ
3333 4912 3487 4981 ἅγιον
3540 4910 3666 4984 ὅρος
3695 4910 3932 4976 εἰσάξειν

2349 5012 2570 5084 ἔμελλεο
2612 5010 2907 5072 τουτέστιν,
2949 5010 3027 5072 εἰς
3059 5007 3150 5060 τὸν
3193 5003 3422 5078 οὐρανὸν
3461 5003 3554 5056 καὶ
3587 5003 3667 5066 είς
3693 5001 3795 5064 τὰς
3822 5001 3932 5055 ἅνω

2353 5105 2518 5177 μονὰς
2542 5104 2628 5174 (ἃς
2651 5103 2744 5157 καὶ
2791 5099 3122 5172 σκηνώματα
3150 5096 3450 5168 ὀνομάζει),
3481 5097 3576 5150 καὶ
3602 5096 3684 5158 είς
3713 5093 3776 5148 τὸ
3805 5109 3930 5164 νοηο

2346 5200 2438 5253 τὸν
2472 5197 2885 5267 θυσιαστήριον·
2921 5193 3016 5246 καὶ
3045 5191 3204 5253 αὐτὸς
3234 5187 3412 5243 αὐτῶν
3442 5187 3670 5259 ἔμελλεν
3704 5184 3932 5255 εὐφραί-

2348 5306 2461 5345 νειν
2484 5286 2580 5358 τὴν
2608 5286 2856 5354 νεότητα.
2891 5281 3138 5352 Νεότητα
3164 5281 3219 5333 δὲ
3250 5276 3404 5332 καλεῖ
3431 5278 3529 5349 τὴν
3564 5277 3930 5348 εὐφροσύνην,

2347 5383 2445 5452 τὴν
2473 5380 2567 5433 καὶ
2588 5376 2988 5448 ἁνανεουμέντν
3021 5373 3200 5431 αὐτῶν
3245 5373 3342 5444 τὴν
3369 5370 3569 5442 ψυχήν.
3605 5367 3699 5422 Διὸ
3753 5370 3812 5422 ἰν
3851 5384 3932 5419 att-

733 5578 776 5609 ²²
805 5574 947 5630 Psal.
977 5590 1065 5641 ιι,
1098 5576 1182 5629 Η.
1261 5575 1307 5605 ³³
1347 5574 1503 5624 Rom.
1542 5585 1616 5633 SI,
1655 5569 1745 5621 τι.
1825 5565 2034 5621 “Psal.
2073 5578 2238 5626 xuv,
2276 5579 2279 5589 λ

2405 5561 2450 5593 ²⁵
2480 5558 2610 5613 Luc.
2639 5572 2751 5622 xxx,
2785 5555 2872 5611 43.

733 5739 845 5810 (65)
879 5739 1206 5811 Expressum
1241 5754 1303 5790 ex
1345 5737 1787 5811 interpretatione
1824 5733 1986 5799 hujus
2009 5729 2223 5804 psalmi.

738 5808 848 5880 (66)
885 5808 1005 5868 Haec
1032 5811 1296 5866 habentur
1320 5825 1480 5878 supra
1505 5808 1568 5862 ad
1602 5809 1744 5864 hunc
1777 5821 2013 5863 versum.

2418 5728 2528 5797 (67)
2564 5726 2687 5780 llrec
2715 5742 2821 5778 non
2843 5722 3113 5779 habentur
3141 5717 3394 5792 superius
3419 5717 3486 5776 ad
3516 5718 3665 5776 hunc
3683 5727 3929 5776 versum.

2414 5799 2525 5869 (68)
2565 5797 2695 5854 V'idc
2727 5797 2856 5851 ibid.
