4126 6502
187 467 281 528 561
1189 467 1613 529 FRAGMENTA
1650 468 2002 527 COMMENT.
2046 467 2114 524 IN
2149 466 2485 523 PSALMOS.

3307 468 3406 522 562

188 582 316 655 θάρᾳ
345 580 735 654 ὑπισχνοῦνται
761 580 1088 655 προσφέρειν
1117 584 1265 655 αύτῷ
1301 585 1398 657 τὴν
1424 586 1745 656 ἐξομολόγη-

1849 583 2128 637 oblaturos
2174 579 2593 636 confessionem.
2646 577 2750 636 Per
2785 579 3045 636 citharam
3087 593 3219 635 vero
3267 595 3403 650 saepe

189 687 284 728 σιν.
310 671 562 744 Κιθάραν
587 671 646 726 δέ
673 671 932 736 πολλάκις
955 672 1016 725 τὸ
1058 671 1217 745 σῶμα
1247 677 1385 728 νοεῖν
1418 674 1670 740 ἐδίδαξεν.

1850 689 2047 745 corpus
2082 673 2306 742 intelligi
2331 672 2536 728 docuit.

774 826 845 884 Et
871 829 926 882 in
948 828 1181 898 ejusdem
1201 830 1395 898 psalmi
1417 831 1590 898 verba,
1622 850 1640 883 ι
1675 831 1810 894 Quia
1834 840 1889 884 tu
1921 846 1973 884 es
2003 832 2142 887 Deus
2175 829 2433 902 fortitudo
2462 845 2598 896 mea,
2636 845 2654 880 ι
2681 845 2727 883 c.
2761 828 2815 882 2.

253 980 364 1058 (69)
393 985 759 1052 Ἀθανὰσιος,
790 987 1105 1055 Κύριλλος,
1136 986 1520 1055 Θεοδώρητος.
1551 986 1659 1039 Kal.
1686 987 1735 1040 οἰ

187 1079 244 1133 ἐκ
263 1081 560 1152 περιτομῆς
580 1077 1072 1151 μεταγινώσκοντες
1087 1097 1120 1132 κ
1126 1080 1411 1151 ραταίωμα
1426 1080 1629 1133 ἑαυτῶν
1647 1079 1736 1132 τὸν

185 1170 305 1226 Θεὸν
350 1172 778 1244 ἐπιγράφονται’
811 1171 904 1224 καὶ
951 1170 998 1224 οί
1043 1171 1103 1235 ἐξ
1147 1170 1317 1224 ἐθνῶν
1351 1171 1736 1234 πιστεύσαντες

183 1263 358 1316 τοῦτον
407 1263 563 1334 ἰσχὺν
617 1263 820 1316 ἑαυτῶν
859 1262 1132 1316 τίθενται’
1182 1263 1275 1315 καὶ
1306 1265 1353 1315 οἰ
1408 1263 1737 1333 αἰχμάλωτοι

185 1351 304 1423 παρ’
329 1352 485 1406 ἀλλου
522 1351 860 1424 λυτρωθῆναι
887 1352 986 1405 οὐκ
1021 1351 1348 1416 ἐλπίζουσιν.

1913 986 2260 1049 Athanasius,
2287 985 2544 1055 Cyrillus,
2588 983 2961 1038 Theodoretus.
2988 981 3055 1037 Et
3080 983 3168 1054 qui
3201 999 3264 1039 ex
3298 984 3401 1039 cir-

1838 1079 2175 1134 cumcisione
2204 1078 2555 1147 resipiscunt,
2605 1074 2774 1129 Deum
2809 1074 3209 1130 ﬁrmamentum
3244 1091 3402 1130 suum

1840 1169 2140 1238 appellant:
2166 1177 2218 1220 et
2248 1167 2338 1236 qui
2370 1182 2432 1220 ex
2472 1163 2720 1234 gentibus
2743 1203 2757 1227 ,
2799 1163 2974 1232 ipsum
3031 1161 3404 1219 fortitudinem

1842 1275 1996 1314 suam
2029 1258 2216 1313 dicunt
2246 1277 2258 1310 :
2300 1268 2353 1312 et
2382 1257 2476 1325 qui
2526 1256 2721 1324 captivi
2755 1267 2902 1317 sunt,
2935 1255 3003 1311 ab
3034 1255 3140 1310 alio
3168 1270 3227 1310 se
3273 1255 3407 1310 libo-

1843 1349 2044 1404 randos
2075 1364 2181 1401 non
2216 1356 2454 1416 sperant.
2744 1347 2750 1353 '

671 1509 805 1566 Item
837 1512 893 1566 in
929 1511 1032 1564 ista
1064 1509 1238 1572 verba,
1279 1529 1298 1562 ι
1335 1509 1632 1580 Conﬁtebor
1656 1507 1750 1561 tibi
1777 1509 1829 1560 iu
1862 1508 2092 1571 cithara,
2128 1509 2288 1573 Deus,
2327 1505 2465 1560 Deus
2496 1524 2657 1569 meus,
2702 1527 2720 1560 ι
2748 1525 2793 1562 υ.
2828 1507 2882 1563 ι.

259 1669 632 1737 Ἀθανάσιος,
657 1667 973 1737 Κύριλλος.
1009 1663 1253 1735 Κιθάραν
1282 1664 1341 1718 τὸ
1383 1664 1540 1735 σῶμα
1568 1663 1731 1731 λέγει,

1918 1663 2262 1725 Athanasius,
2295 1661 2548 1731 Cyrillus.
2580 1660 2857 1715 Citharam
2903 1663 3136 1733 appellat
3185 1679 3404 1735 corpus,

181 1758 241 1813 δι’
267 1753 324 1814 οῦ
351 1759 594 1829 πέφυκεν
633 1760 662 1812 ὁ
689 1758 810 1822 νοῦς
855 1753 1251 1826 ἀνακρούεσθαι
1277 1794 1292 1814 ,
1343 1754 1591 1825 καθάπερ
1646 1753 1732 1807 διὰ

1842 1768 1950 1821 quo
1994 1768 2147 1807 mens
2185 1769 2277 1822 per
2329 1768 2522 1809 sensus
2573 1753 2729 1822 quasi
2760 1767 2854 1822 per
2880 1755 3115 1811 chordas
3143 1757 3404 1827 quasdam

183 1848 374 1921 χορδῶν
403 1849 513 1903 τῶν
540 1846 906 1918 αἰσθητηρίων
943 1844 1205 1915 μελῳδίαν
1233 1844 1567 1915 ἀναπέμπων
1595 1843 1733 1913 Θεῷ.

1842 1847 2116 1901 canticum
2149 1845 2257 1900 Deo
2284 1861 2501 1900 sursum
2529 1847 2711 1900 mittit.
2743 1845 3024 1915 Signiﬁcat
3073 1863 3202 1903 vero
3233 1849 3406 1903 citha-

185 1935 331 2006 Δηλοί
361 1935 416 1988 δέ
449 1936 482 2007 ἡ
523 1933 723 2004 κιθάρα
761 1933 856 1985 καὶ
903 1931 1001 2002 τὴν
1035 1931 1298 1999 νέκρωσιν
1328 1930 1420 1982 τοῦ
1447 1928 1694 1999 σώματος
1717 1968 1733 1991 ,

182 2028 266 2080 καί
289 2027 381 2098 τὴν
396 2025 709 2098 συμφωνίαν
729 2024 835 2077 τῶν
856 2023 1083 2096 ἀρετῶν.
1104 2022 1214 2093 Τὴν
1240 2023 1337 2092 μὲν
1353 2021 1458 2092 γάρ
1473 2021 1736 2093 νέκρωσιν

183 2119 234 2170 αἰ
263 2120 465 2190 νευραὶ,
489 2118 588 2188 τὴν
611 2117 667 2170 δέ
690 2117 1004 2187 συμφωνίαν
1037 2117 1093 2168 αί
1121 2117 1372 2186 ἁρμονίαι
1395 2117 1733 2171 αἰνίττονται.

185 2208 378 2273 Ἔδειξε
397 2208 456 2261 δέ
475 2209 574 2280 τὴν
594 2209 690 2279 μὲν
707 2208 1035 2279 φαιδρότητα
1050 2211 1114 2278 τῇ
1137 2208 1232 2278 τῆς
1255 2207 1483 2279 κιθάρας
1498 2209 1740 2280 προσθή-

182 2311 266 2369 κῃ,
279 2296 370 2368 τὴν
389 2297 446 2351 δὲ
467 2297 688 2368 ἀγάπην
704 2298 760 2351 ἐν
776 2301 839 2369 τῇ
863 2297 1237 2369 προσφωνήσει
1251 2300 1316 2368 τῇ
1329 2298 1408 2361 δὶς
1428 2297 1738 2368 ἐπαναλαμ-

182 2387 456 2462 (inopem:
475 2388 538 2442 Ὀ
553 2388 694 2454 Θεὸς
708 2388 834 2459 γὰρ,
848 2388 1030 2458 φησὶν,
1051 2391 1081 2442 d
1101 2390 1242 2454 Θεός
1259 2389 1520 2457 μου.⁹’1να
1541 2388 1736 2462 μάθῃς,

181 2477 254 2531 ὃτι
272 2479 356 2532 τὸν
379 2480 470 2532 ἐπὶ
487 2479 705 2533 πάντων
723 2479 875 2544 Θεὸν,
893 2478 1079 2532 τοῦτον
1096 2479 1371 2549 ἐξαίρετον
1387 2479 1516 2534 Θεὸν
1537 2480 1623 2533 διά
1639 2479 1707 2550 ζῆ
1722 2509 1738 2521 ο

185 2568 267 2622 λον
293 2571 384 2623 καὶ
409 2571 591 2623 πίστιν
626 2571 674 2622 oi
700 2572 764 2622 ἐκ
786 2569 1084 2641 περιτομῆς
1108 2567 1622 2638 μεταγινώσκοντες,
1644 2574 1739 2625 καὶ

183 2659 229 2712 οἰ
259 2659 315 2724 ἐξ
346 2661 512 2715 ἐθνῶν
568 2660 909 2724 πιστεύοντες
966 2659 1362 2732 ,ἐπιγράφονται
1401 2675 1414 2689 ⁸
1450 2655 1531 2725 οἷς
1566 2665 1658 2714 καί⁵
1703 2664 1736 2732 ἡ

186 2753 514 2825 πνευματικὴ
541 2754 726 2822 νεότης
751 2751 1121 2824 εὐφραίνεται,
1143 2752 1525 2822 ἀντικειμένως
1544 2753 1740 2823 ἔχουσα

188 2843 315 2914 πρὸς
340 2844 428 2898 τὸν
472 2844 703 2899 παλαιὸν
729 2845 1030 2917 ἄνθρωπον.
1060 2845 1235 2907 Μόνος
1284 2844 1391 2916 γὰρ
1420 2847 1448 2898 ὁ
1473 2846 1742 2915 πνεύματι

187 2931 272 2984 καί
302 2935 609 3005 φρονήματι
635 2934 839 2998 νεάζων
867 2933 1139 3001 συγγενῶς
1174 2932 1250 3001 τῷ
1276 2933 1445 3004 καινῷ
1473 2936 1742 3008 ἀνθρώπῳ

184 3023 269 3074 καὶ
290 3027 352 3094 τῇ
380 3027 652 3095 καινότητι
678 3024 770 3077 τοῦ
790 3025 1091 3094 πνεύματος
1111 3025 1298 3077 εἴσεισι
1325 3025 1459 3096 πρὸς
1476 3026 1565 3079 τὸν
1587 3027 1738 3094 Θεὸν,

186 3111 268 3170 τὸν
294 3116 652 3188 εὐφραίνοντα
677 3117 774 3188 τὴν
798 3119 1047 3189 τοιαύτην
1079 3118 1326 3188 νεότητα.

1841 1954 1920 2003 ra,
1955 1949 2068 1994 tum
2120 1939 2591 1994 mortiﬁcationem
2649 1939 2916 2008 corporis,
2946 1947 3058 1992 tum
3091 1954 3407 1995 consonan-

1841 2031 1968 2085 tiam
2007 2031 2291 2085 virtutum.
2323 2029 2457 2084 Nam
2505 2031 3003 2093 mortiﬁcationem,
3046 2032 3230 2085 nervi:
3273 2045 3405 2084 con-

1839 2123 2150 2178 sonantiam
2191 2139 2317 2178 vero
2379 2123 2678 2178 harmonia:
2705 2123 2959 2178 innuunt.
3002 2122 3407 2178 Demonstravit

1839 2223 2019 2269 autem
2057 2214 2387 2268 hilaritatem
2415 2213 2632 2284 quidem
2683 2212 2988 2280 adiectione
3019 2213 3274 2269 cithara:
3323 2213 3406 2268 di-

1839 2307 2126 2361 lectionem
2163 2315 2366 2369 autem,
2404 2307 2456 2360 in
2497 2305 2825 2359 alluculione
2874 2305 2964 2358 illa
3013 2304 3098 2358 bis
3155 2305 3402 2374 repetita.

1838 2397 1975 2454 Nam
2022 2399 2244 2468 inquit:
2289 2399 2424 2452 Deus
2482 2396 2621 2451 Deus
2649 2413 2842 2450 meus:
2898 2405 2957 2451 ut
3010 2397 3191 2451 discas
3257 2396 3403 2465 quod

1841 2489 2010 2545 Deum
2047 2492 2220 2556 illum,
2248 2492 2339 2560 qui
2369 2506 2531 2560 supra
2564 2490 2744 2545 omnia
2774 2498 2877 2552 est,
2904 2491 3048 2542 hunc
3087 2487 3257 2542 Deum
3285 2487 3404 2542 exi-

1840 2582 2009 2636 mium
2065 2591 2284 2651 propter
2319 2582 2494 2635 zelum
2527 2590 2579 2636 ct
2621 2580 2800 2646 ﬁdem,
2840 2580 2931 2650 qui
2989 2595 3052 2634 ex
3112 2577 3404 2633 circumci-

1841 2673 1992 2728 sione
2019 2674 2380 2743 resipuerunt,
2418 2684 2472 2727 et
2501 2674 2594 2742 qui
2631 2689 2695 2727 ex
2732 2674 2985 2742 gentibus
3017 2672 3402 2735 crediderunt,

1843 2764 2131 2832 appellant.
2178 2763 2389 2828 Quibus
2425 2762 2589 2816 etiam
2629 2763 2929 2831 spiritualis
2966 2763 3226 2830 juventus
3252 2760 3403 2814 lecta-

1843 2864 1953 2919 tur,
1980 2870 2292 2925 repugnans
2325 2853 2490 2907 veteri
2528 2853 2755 2908 homini.
2811 2853 2903 2906 Ille
2944 2853 3088 2906 enim
3127 2853 3276 2907 solus
3310 2867 3404 2905 ae-

1843 2947 1986 3001 cedit
2009 2947 2074 3000 ad
2114 2946 2280 2999 Deum
2321 2944 2715 2999 exhilarantem
2777 2945 3044 3014 ejusmodi
3097 2944 3400 3012 juventam,

1843 3035 1934 3101 qui
1970 3036 2163 3103 spiritu
2200 3043 2253 3088 et
2300 3043 2479 3089 mente
2523 3043 2819 3090 renovatur
2873 3034 3230 3090 consimiliter
3261 3048 3403 3089 novo

1844 3124 2052 3178 homini
2088 3134 2142 3178 et
2170 3125 2397 3178 novitati
2427 3123 2673 3194 spiritus.

1371 3275 1438 3330 Et
1467 3277 1518 3331 in
1553 3281 1799 3348 prooemio
1827 3279 1965 3350 psal.
2005 3294 2156 3334 XLlll.

270 3427 354 3499 70)
389 3427 547 3483 Κατὰ
581 3445 676 3499 μεν
697 3445 786 3482 τον
828 3429 996 3499 μέγαν
1044 3429 1379 3492 ’Δθανάσιον,
1407 3431 1487 3482 ἔτι
1519 3433 1612 3484 καὶ
1650 3423 1740 3485 οὗ·

1917 3432 2223 3488 Sccundum
2254 3433 2475 3501 quidem
2516 3448 2768 3503 magnum
2823 3434 3199 3496 Athanasium,
3244 3437 3404 3491 etiam

185 3535 266 3584 τος
293 3520 554 3591 ὁψαλμὸς
607 3520 703 3590 τῆς
735 3519 904 3589 αὐτῆς
948 3519 1251 3585 ὑποθέσεως
1302 3521 1502 3591 ἔχεται,
1553 3524 1648 3586 τάς
1682 3541 1739 3576 τε

185 3610 404 3673 παλαιάς
454 3609 770 3680 εὐεργεσίας
815 3610 1181 3683 διηγουμένων
1229 3613 1336 3666 τῶν
1377 3611 1433 3680 ἐξ
1502 3614 1733 3685 Ἰσραὴλ,

188 3700 687 3768 μεταγινωσκόντων
714 3702 806 3755 καὶ
835 3702 1238 3774 προσληφθῆναι
1267 3702 1555 3768 ἀξιούντων
1589 3706 1736 3776 παρά

185 3787 428 3858 Χριστοῦ,
461 3789 553 3844 διὰ
578 3789 637 3843 τὸ
666 3791 811 3862 αύτῷ
846 3791 1242 3862 ἐπιγράφεσθαι
1268 3795 1366 3864 τὴν
1403 3793 1610 3858 ἐλπίδα,
1644 3795 1737 3848 καὶ

187 3880 269 3934 ἐπὶ
297 3882 369 3952 τῷ
398 3883 623 3953 ὀνόματι
657 3883 817 3936 αὑτοῦ
862 3882 1332 3952 ἐξομολογεῖσθαι·
1369 3885 1507 3938 κατά
1550 3887 1605 3939 δὲ
1647 3888 1737 3940 τὸν

187 3974 496 4042 χρυσολόγον
526 3973 759 4044 Πατέρα,
795 3991 852 4028 κ.
873 3990 924 4028 τ.
943 3974 992 4026 λ.

1849 3523 1935 3577 hic
1967 3525 2207 3593 psalmus
2260 3525 2501 3593 ejusdem
2536 3526 2840 3594 argumenti
2898 3535 2981 3578 est
3028 3540 3150 3578 cum
3208 3542 3404 3595 prame-

1841 3615 2110 3676 dcntilms,
2166 3630 2231 3670 eo
2265 3615 2410 3684 quod
2461 3624 2681 3668 narrent
2716 3615 2971 3669 Israelita:
3012 3623 3192 3670 vetera
3229 3615 3318 3671 Dei
3352 3617 3404 3685 in

1845 3724 1901 3760 se
1931 3707 2212 3768 beneﬁcia,
2247 3722 2308 3760 ac
2340 3707 2721 3775 resipiscentes
2752 3714 2908 3759 orent
2947 3707 3115 3776 recipi
3167 3723 3194 3760 a
3246 3708 3408 3762 (Zhri-

1847 3806 1952 3861 sto,
1985 3809 2267 3869 propterea
2330 3798 2473 3866 quod
2510 3811 2658 3865 spem
2716 3812 2870 3849 suam
2906 3797 2958 3850 in
2997 3797 3116 3867 ipso
3155 3808 3357 3866 ponant
3390 3836 3405 3859 ,

1847 3901 1899 3944 ct
1930 3891 2134 3943 nomini
2189 3889 2361 3958 ipsius
2415 3890 2822 3942 conﬁteantur:
2862 3899 2916 3941 at
2958 3889 3258 3942 St't‘lllldllm
3311 3903 3407 3944 au—

1846 3994 1970 4032 rcus
2001 3993 2283 4032 sermones
2319 3976 2634 4032 fundentem
2667 3975 2901 4043 l‘atrcm,
2943 3986 3046 4032 ctc.

933 4132 1067 4188 Item
1097 4136 1149 4188 in
1185 4134 1283 4188 illa
1318 4137 1469 4191 verba
1503 4140 1756 4204 ejusdem,
1800 4155 1817 4187 ι
1849 4137 2166 4192 Conuertisti
2209 4154 2298 4192 nos
2333 4152 2633 4194 retrorsum.

239 4286 288 4357 (7
297 4289 315 4343 ἰ
329 4291 344 4356 )
360 4290 723 4356 Ἀθανάσιος.
737 4290 927 4353 Πάλαι,
948 4289 1100 4359 φησι,
1125 4294 1576 4361 συνεστρατήγεις
1591 4291 1738 4361 ἡμῖν·

192 4378 272 4434 θῦν
298 4381 352 4435 δέ
385 4384 446 4437 οὑ
482 4382 642 4454 μόνον
671 4383 730 4433 ού
756 4380 986 4453 συνέρχη
1017 4381 1168 4451 ἡμῖν,
1199 4379 1331 4432 ἀλλὰ
1356 4383 1448 4434 καὶ
1478 4381 1740 4451 ἀπέστρε-

185 4471 282 4539 ιξας
319 4475 460 4544 ἡμᾶς
485 4515 500 4539 ,
551 4472 645 4526 καὶ
689 4472 948 4542 ἐσχάτους
982 4471 1173 4538 ἔταξας
1223 4471 1421 4535 παντὸς
1472 4473 1730 4526 ἐναντίουσ

184 4558 253 4626 ὡς
282 4567 371 4619 καὶ
427 4568 538 4629 τοῖς
588 4564 836 4636 μισοῦσιν
881 4566 1026 4636 ἡμᾶς
1077 4565 1326 4635 γενέσθαι
1377 4566 1456 4628 εἰς
1507 4567 1734 4638 διαρπα-

1927 4293 2265 4347 Athanasius.
2283 4290 2443 4354 Olim,
2463 4290 2654 4359 inquit,
2671 4289 2834 4345 simul
2851 4288 3131 4343 nobiscum
3149 4288 3211 4344 ad
3227 4291 3406 4361 praelia

1846 4384 2032 4438 cxihas
2061 4398 2237 4436 :nune
2265 4398 2390 4436 vero
2413 4397 2516 4435 non
2541 4380 2700 4436 modo
2729 4397 2836 4436 non
2866 4381 3118 4451 adjungis
3148 4391 3200 4435 te
3230 4381 3406 4445 nobis,

1843 4475 1935 4530 sed
1952 4482 2003 4530 et
2023 4472 2261 4528 arertisti
2287 4489 2405 4534 nos,
2428 4480 2481 4527 et
2499 4471 2776 4541 subjecisli
2810 4489 2908 4527 nos
2925 4473 3177 4526 omnibus
3211 4473 3408 4526 nostris

1840 4567 2090 4628 inimicis,
2107 4565 2242 4621 adeo
2256 4575 2314 4619 ut
2335 4567 2496 4620 etiam
2521 4565 2698 4635 praeda
2719 4563 2845 4619 facti
2864 4565 3036 4619 simus
3061 4565 3187 4618 odio
3207 4563 3407 4617 haben-

186 4655 297 4725 γήν.
370 4658 478 4710 Καὶ
531 4659 887 4729 περιέστηκεν
943 4659 1089 4728 ἡμᾶς
1133 4661 1166 4729 ἡ
1218 4657 1336 4709 τότε
1392 4657 1734 4727 κατασχοῦσα

1842 4659 1982 4712 tibus
2006 4672 2127 4711 nos.
2173 4657 2596 4727 Comprehendit
2623 4655 2784 4709 etiam
2817 4673 2915 4712 nos
2954 4655 3408 4727 ignominia,qua:

187 4745 300 4809 τοὺς
325 4746 615 4817 πολεμίους
646 4749 895 4818 αἰσχύνη,
920 4747 1013 4801 καί⁵
1040 4747 1340 4816 γεγόναμεν
1365 4746 1734 4817 ὴλαττωμένοι

1842 4752 1966 4804 olim
1987 4748 2236 4804 inimicos
2259 4759 2476 4804 nostros
2495 4747 2729 4812 tenebat,
2750 4757 2804 4802 et
2821 4749 3028 4803 subacti
3050 4763 3240 4803 sumus
3255 4747 3407 4801 abiis

187 4838 304 4906 παρ’
333 4838 558 4901 ἐκείνοις
606 4832 680 4891 ὧν
711 4837 1046 4910 ἐκρατοῦμεν
1069 4839 1128 4892 τὸ
1163 4839 1444 4910 πρότερον,
1475 4840 1566 4891 καὶ
1589 4837 1737 4907 διηρ-

187 4923 457 4997 πάσθημεν
488 4929 582 4981 ὑπ’
635 4928 814 4982 αὐτῶν
860 4927 952 4989 οὓς
1001 4927 1398 4999 διηρπάσαμεν.
1451 4927 1632 4980 Ταῦτα
1680 4927 1736 4979 δέ

187 5029 336 5088 φησιν
377 5020 405 5070 ό
440 5020 598 5091 χορὸς
629 5020 658 5071 ό
689 5020 1019 5091 προφητικδς
1063 5020 1200 5073 κατά
1240 5020 1330 5072 τὸν
1373 5021 1542 5090 μέγαν
1581 5019 1736 5072 Ἀθα-

188 5110 356 5187 νάσιον
385 5112 519 5174 (72),
548 5111 913 5183 οἰκοιούμενος
957 5112 1050 5166 τοῦ
1099 5112 1228 5166 λαοῦ
1271 5113 1367 5176 τὰς
1413 5113 1695 5183 συμφοράς
1722 5130 1736 5144 ο

187 5201 313 5255 κατά
340 5202 394 5256 δὲ
417 5206 542 5267 τοὺς
570 5201 781 5268 ἀλλους,
813 5207 841 5258 ὁ
866 5205 972 5257 τῶν
1001 5204 1373 5258 Μακκαϐαίων
1415 5208 1662 5274 στρατός.

1842 4839 2037 4907 quibus
2051 4849 2174 4893 ante
2193 4839 2630 4903 dominabamur,
2649 4839 2842 4908 direpti
2864 4839 3097 4908 denique
3122 4853 3313 4892 sumus
3340 4839 3408 4891 ab

1846 4928 1911 4982 iis
1943 4942 2081 4997 quos
2107 4927 2450 4997 diripuimus.
2494 4927 2617 4985 Haec
2643 4943 2806 5000 porro
2829 4927 2991 4982 verba
3023 4942 3086 4981 ex
3139 4927 3407 4981 sententia

1846 5018 2026 5089 magni
2060 5019 2346 5075 Athanasii
2392 5029 2520 5075 sunt
2568 5020 2721 5075 chori
2764 5017 3088 5088 prophetici,
3123 5015 3406 5071 calamita-

1847 5122 1927 5166 tes
1959 5113 2143 5182 populi
2203 5114 2359 5183 quasi
2400 5112 2502 5167 sibi
2556 5112 2729 5167 factas
2779 5111 3128 5182 reputantis:
3184 5119 3244 5164 ut
3279 5123 3408 5164 vero

1846 5205 1967 5258 aliis
1998 5205 2194 5274 placet,
2227 5206 2501 5260 exercitus
2532 5203 2985 5259 Machabzeorum.

799 5359 1025 5413 llursum
1068 5360 1121 5412 in
1157 5361 1306 5414 verba
1336 5375 1352 5412 :
1389 5379 1407 5411 σ
1441 5359 1775 5415 Oblivisceris
1804 5361 2133 5428 paupertatis
2169 5371 2382 5425 nostrte,
2422 5381 2441 5413 ι
2475 5372 2598 5427 etc.,
2631 5379 2680 5418 υ.
2710 5361 2800 5416 25.

252 5472 356 5542 (73)
409 5475 768 5542 Ἀθανὰσιος.
819 5477 1012 5548 Ὕπνῳ
1060 5477 1158 5547 μὲν
1203 5473 1299 5532 οὖν.
1343 5477 1743 5551 παραϐάλλουσι

192 5634 356 5759 mg?)
380 5633 525 5691 Nihil
559 5637 754 5692 horum
790 5635 1020 5692 habetur
1045 5638 1296 5708 superius
1328 5639 1395 5693 ad
1433 5640 1576 5695 hunc
1602 5656 1741 5711 psal-

280 5722 292 5756 I
334 5744 347 5758 .

255 5775 360 5849 tio)
391 5776 711 5848 Huiusmodi
737 5791 1145 5849 argumentum.
1169 5779 1309 5849 quod
1344 5780 1554 5838 videtur
1606 5797 1735 5840 sane

236 5844 491 5914 thaliasii,
519 5865 624 5905 non
664 5844 974 5903 habethriu
1009 5844 1452 5912 lixpositionibus.

1923 5479 2272 5536 Athanasius.
2310 5480 2516 5537 Somno
2545 5482 2710 5552 igitur
2747 5485 3065 5550 comparant
3092 5478 3406 5533 diuturtam

1922 5641 2032 5709 (71)
2057 5641 2178 5695 H:cc
2195 5642 2444 5711 superius
2475 5641 2537 5693 ad
2563 5640 2706 5695 hunc
2736 5655 2974 5705 versum,
2998 5636 3089 5692 sed
3125 5635 3401 5707 p'aucicra.

1923 5713 2035 5783 (ιε)
2065 5711 2195 5783 νωε
2233 5713 2450 5766 ibitlem.

1924 5778 2035 5851 (73)
2063 5781 2182 5838 ilice
2210 5783 2405 5838 desunt
2431 5783 2484 5837 iu
2516 5778 2945 5850 Expositionibus
2975 5791 3158 5848 supra.
