  <div class='ocr_page' id='page_1' title='image "/cluster/home/n/w/nwhite01/storage/ocr_20150623/27/uva.x030474749/291.png"; bbox 0 0 4126 6492; ppageno 0'>
   <div class='ocr_carea' id='block_1_1' title="bbox 743 434 844 488">
    <p class='ocr_par' dir='ltr' id='par_1_1' title="bbox 743 434 844 488">
     <span class='ocr_line' id='line_1_1' title="bbox 743 434 844 488; baseline 0 -1"><span class='ocrx_word' id='word_1_1' title='bbox 743 434 844 488; x_wconf 73' lang='lat'><strong>563</strong></span> 
     </span>
    </p>
   </div>
   <div class='ocr_carea' id='block_1_2' title="bbox 1583 428 3150 488">
    <p class='ocr_par' dir='ltr' id='par_1_2' title="bbox 1583 428 3150 488">
     <span class='ocr_line' id='line_1_2' title="bbox 1583 428 3150 488; baseline -0.003 0"><span class='ocrx_word' id='word_1_2' title='bbox 1583 431 1637 488; x_wconf 91' lang='lat' dir='ltr'><strong>S.</strong></span> <span class='ocrx_word' id='word_1_3' title='bbox 1681 431 2048 487; x_wconf 76' lang='lat' dir='ltr'><strong>ATHANASII</strong></span> <span class='ocrx_word' id='word_1_4' title='bbox 2085 430 2235 484; x_wconf 85' lang='lat' dir='ltr'><strong>OPP.</strong></span> <span class='ocrx_word' id='word_1_5' title='bbox 2294 429 2470 485; x_wconf 81' lang='lat' dir='ltr'><strong>PARS</strong></span> <span class='ocrx_word' id='word_1_6' title='bbox 2510 428 2595 486; x_wconf 84' lang='lat' dir='ltr'><strong>lli.</strong></span> <span class='ocrx_word' id='word_1_7' title='bbox 2635 461 2706 473; x_wconf 92' lang='lat'><strong><em>—</em></strong></span> <span class='ocrx_word' id='word_1_8' title='bbox 2747 429 3150 487; x_wconf 76' lang='lat' dir='ltr'><strong>EXEGETICA.</strong></span> 
     </span>
    </p>
   </div>
   <div class='ocr_carea' id='block_1_3' title="bbox 3855 426 3952 483">
    <p class='ocr_par' dir='ltr' id='par_1_3' title="bbox 3855 426 3952 483">
     <span class='ocr_line' id='line_1_3' title="bbox 3855 426 3952 483; baseline 0 0"><span class='ocrx_word' id='word_1_9' title='bbox 3855 426 3952 483; x_wconf 73' lang='lat'><strong>564</strong></span> 
     </span>
    </p>
   </div>
   <div class='ocr_carea' id='block_1_4' title="bbox 732 543 2305 616">
    <p class='ocr_par' dir='ltr' id='par_1_4' title="bbox 732 546 2283 616">
     <span class='ocr_line' id='line_1_4' title="bbox 732 546 2283 616; baseline -0.003 -13"><span class='ocrx_word' id='word_1_10' title='bbox 732 550 826 603; x_wconf 83' lang='lat' dir='ltr'><strong>Dei</strong></span> <span class='ocrx_word' id='word_1_11' title='bbox 866 547 1198 610; x_wconf 75' lang='lat' dir='ltr'><strong>dilationem,</strong></span> <span class='ocrx_word' id='word_1_12' title='bbox 1250 559 1353 616; x_wconf 87' lang='lat' dir='ltr'><strong>qua</strong></span> <span class='ocrx_word' id='word_1_13' title='bbox 1389 561 1521 600; x_wconf 88' lang='lat' dir='ltr'><strong>usus</strong></span> <span class='ocrx_word' id='word_1_14' title='bbox 1567 556 1649 600; x_wconf 91' lang='lat' dir='ltr'><strong>est</strong></span> <span class='ocrx_word' id='word_1_15' title='bbox 1699 561 1826 614; x_wconf 78' lang='lat' dir='ltr'><strong>erga</strong></span> <span class='ocrx_word' id='word_1_16' title='bbox 1878 546 2119 615; x_wconf 87' lang='lat' dir='ltr'><strong>ipsorum</strong></span> <span class='ocrx_word' id='word_1_17' title='bbox 2160 560 2283 613; x_wconf 92' lang='lat' dir='ltr'><strong>pec-</strong></span> 
     </span>
    </p>
   </div>
   <div class='ocr_carea' id='block_1_5' title="bbox 2385 543 3950 616">
    <p class='ocr_par' dir='ltr' id='par_1_5' title="bbox 2385 543 3950 616">
     <span class='ocr_line' id='line_1_5' title="bbox 2385 543 3950 616; baseline 0.002 -19"><span class='ocrx_word' id='word_1_18' title='bbox 2385 545 2482 615; x_wconf 81' lang='grc' dir='ltr'>τὴν</span> <span class='ocrx_word' id='word_1_19' title='bbox 2522 544 2721 615; x_wconf 77' lang='grc' dir='ltr'>πολλὴν</span> <span class='ocrx_word' id='word_1_20' title='bbox 2777 544 2972 614; x_wconf 82' lang='grc' dir='ltr'>ἀνοχὴν</span> <span class='ocrx_word' id='word_1_21' title='bbox 3022 545 3116 598; x_wconf 88' lang='grc' dir='ltr'><strong>τοῦ</strong></span> <span class='ocrx_word' id='word_1_22' title='bbox 3153 544 3284 598; x_wconf 86' lang='grc' dir='ltr'><strong>Θεοῦ</strong></span> <span class='ocrx_word' id='word_1_23' title='bbox 3315 545 3381 616; x_wconf 70' lang='grc' dir='ltr'>ἢν</span> <span class='ocrx_word' id='word_1_24' title='bbox 3429 543 3662 598; x_wconf 79' lang='grc' dir='ltr'>ἐποιεῖτο</span> <span class='ocrx_word' id='word_1_25' title='bbox 3709 544 3797 598; x_wconf 78' lang='grc' dir='ltr'>διὰ</span> <span class='ocrx_word' id='word_1_26' title='bbox 3856 548 3950 610; x_wconf 83' lang='grc' dir='ltr'>τὰς</span> 
     </span>
    </p>
   </div>
   <div class='ocr_carea' id='block_1_6' title="bbox 732 633 2288 704">
    <p class='ocr_par' dir='ltr' id='par_1_6' title="bbox 732 633 2288 704">
     <span class='ocr_line' id='line_1_6' title="bbox 732 633 2288 704; baseline -0.001 -13"><span class='ocrx_word' id='word_1_27' title='bbox 732 645 873 691; x_wconf 88' lang='lat' dir='ltr'><strong>cata.</strong></span> <span class='ocrx_word' id='word_1_28' title='bbox 903 633 1200 688; x_wconf 89' lang='lat' dir='ltr'><strong>Precantur</strong></span> <span class='ocrx_word' id='word_1_29' title='bbox 1233 649 1382 698; x_wconf 87' lang='lat' dir='ltr'><strong>vero,</strong></span> <span class='ocrx_word' id='word_1_30' title='bbox 1421 644 1477 687; x_wconf 93' lang='lat' dir='ltr'><strong>nt</strong></span> <span class='ocrx_word' id='word_1_31' title='bbox 1506 635 1606 689; x_wconf 88' lang='lat' dir='ltr'><strong>sibi</strong></span> <span class='ocrx_word' id='word_1_32' title='bbox 1640 637 1920 704; x_wconf 78' lang='lat' dir='ltr'><strong>contingat</strong></span> <span class='ocrx_word' id='word_1_33' title='bbox 1948 636 2036 688; x_wconf 91' lang='lat' dir='ltr'><strong>ille</strong></span> <span class='ocrx_word' id='word_1_34' title='bbox 2086 635 2288 690; x_wconf 87' lang='lat' dir='ltr'><strong>Christi</strong></span> 
     </span>
    </p>
   </div>
   <div class='ocr_carea' id='block_1_7' title="bbox 729 728 2287 798">
    <p class='ocr_par' dir='ltr' id='par_1_7' title="bbox 729 728 2287 798">
     <span class='ocr_line' id='line_1_7' title="bbox 729 728 2287 798; baseline 0 -16"><span class='ocrx_word' id='word_1_35' title='bbox 729 730 1012 791; x_wconf 73' lang='lat' dir='ltr'><strong>adventus,</strong></span> <span class='ocrx_word' id='word_1_36' title='bbox 1047 729 1138 798; x_wconf 88' lang='lat' dir='ltr'><strong>qui</strong></span> <span class='ocrx_word' id='word_1_37' title='bbox 1193 728 1295 782; x_wconf 87' lang='lat' dir='ltr'><strong>sub</strong></span> <span class='ocrx_word' id='word_1_38' title='bbox 1331 739 1568 783; x_wconf 83' lang='lat' dir='ltr'><strong>extrema</strong></span> <span class='ocrx_word' id='word_1_39' title='bbox 1606 738 1850 797; x_wconf 89' lang='lat' dir='ltr'><strong>tempora</strong></span> <span class='ocrx_word' id='word_1_40' title='bbox 1885 729 2102 782; x_wconf 83' lang='lat' dir='ltr'><strong>futurus</strong></span> <span class='ocrx_word' id='word_1_41' title='bbox 2151 739 2287 792; x_wconf 86' lang='lat' dir='ltr'><strong>erat,</strong></span> 
     </span>
    </p>
   </div>
   <div class='ocr_carea' id='block_1_8' title="bbox 727 822 2292 891">
    <p class='ocr_par' dir='ltr' id='par_1_8' title="bbox 727 822 2292 891">
     <span class='ocr_line' id='line_1_8' title="bbox 727 822 2292 891; baseline 0 -17"><span class='ocrx_word' id='word_1_42' title='bbox 727 838 795 877; x_wconf 92' lang='lat' dir='ltr'><strong>ne</strong></span> <span class='ocrx_word' id='word_1_43' title='bbox 829 830 1074 891; x_wconf 80' lang='lat' dir='ltr'><strong>expertes</strong></span> <span class='ocrx_word' id='word_1_44' title='bbox 1109 822 1217 875; x_wconf 89' lang='lat' dir='ltr'><strong>sint</strong></span> <span class='ocrx_word' id='word_1_45' title='bbox 1250 822 1404 882; x_wconf 69' lang='lat' dir='ltr'><strong>vitae,</strong></span> <span class='ocrx_word' id='word_1_46' title='bbox 1439 837 1564 890; x_wconf 75' lang='lat' dir='ltr'><strong>quae</strong></span> <span class='ocrx_word' id='word_1_47' title='bbox 1599 823 1666 876; x_wconf 91' lang='lat' dir='ltr'><strong>ab</strong></span> <span class='ocrx_word' id='word_1_48' title='bbox 1696 823 1814 891; x_wconf 87' lang='lat' dir='ltr'><strong>ipso</strong></span> <span class='ocrx_word' id='word_1_49' title='bbox 1861 829 1981 876; x_wconf 89' lang='lat' dir='ltr'><strong>est:</strong></span> <span class='ocrx_word' id='word_1_50' title='bbox 2017 831 2176 890; x_wconf 87' lang='lat' dir='ltr'><strong>atque</strong></span> <span class='ocrx_word' id='word_1_51' title='bbox 2208 822 2292 874; x_wconf 88' lang='lat' dir='ltr'><strong>in-</strong></span> 
     </span>
    </p>
   </div>
   <div class='ocr_carea' id='block_1_9' title="bbox 727 909 2288 980">
    <p class='ocr_par' dir='ltr' id='par_1_9' title="bbox 727 909 2288 980">
     <span class='ocr_line' id='line_1_9' title="bbox 727 909 2288 980; baseline 0.001 -16"><span class='ocrx_word' id='word_1_52' title='bbox 727 911 954 980; x_wconf 86' lang='lat' dir='ltr'><strong>quiunt:</strong></span> <span class='ocrx_word' id='word_1_53' title='bbox 984 909 1094 965; x_wconf 85' lang='lat' dir='ltr'><strong>Cur</strong></span> <span class='ocrx_word' id='word_1_54' title='bbox 1117 913 1392 965; x_wconf 79' lang='lat' dir='ltr'><strong>abscondis</strong></span> <span class='ocrx_word' id='word_1_55' title='bbox 1446 912 1634 980; x_wconf 81' lang='lat' dir='ltr'><strong>faciem</strong></span> <span class='ocrx_word' id='word_1_56' title='bbox 1681 922 1846 974; x_wconf 86' lang='lat' dir='ltr'><strong>tuam,</strong></span> <span class='ocrx_word' id='word_1_57' title='bbox 1884 923 1933 965; x_wconf 91' lang='lat' dir='ltr'><strong>et</strong></span> <span class='ocrx_word' id='word_1_58' title='bbox 1971 911 2288 966; x_wconf 74' lang='lat' dir='ltr'><strong>obliviscaris</strong></span> 
     </span>
    </p>
   </div>
   <div class='ocr_carea' id='block_1_10' title="bbox 726 1003 2286 1074">
    <p class='ocr_par' dir='ltr' id='par_1_10' title="bbox 726 1003 2286 1074">
     <span class='ocr_line' id='line_1_10' title="bbox 726 1003 2286 1074; baseline 0.001 -20"><span class='ocrx_word' id='word_1_59' title='bbox 726 1005 1090 1056; x_wconf 75' lang='lat' dir='ltr'><strong>calamitatum</strong></span> <span class='ocrx_word' id='word_1_60' title='bbox 1125 1015 1173 1055; x_wconf 89' lang='lat' dir='ltr'><strong>et</strong></span> <span class='ocrx_word' id='word_1_61' title='bbox 1196 1005 1537 1074; x_wconf 63' lang='lat' dir='ltr'><strong>afﬂictionum</strong></span> <span class='ocrx_word' id='word_1_62' title='bbox 1561 1015 1860 1058; x_wconf 86' lang='lat' dir='ltr'><strong>nostrarum</strong></span> <span class='ocrx_word' id='word_1_63' title='bbox 1889 1006 1914 1057; x_wconf 70' lang='grc' dir='ltr'><em>Ρ</em></span> <span class='ocrx_word' id='word_1_64' title='bbox 1942 1003 2023 1057; x_wconf 87' lang='grc' dir='ltr'><strong>Τιι</strong></span> <span class='ocrx_word' id='word_1_65' title='bbox 2044 1004 2286 1074; x_wconf 86' lang='lat' dir='ltr'><strong>quidem,</strong></span> 
     </span>
    </p>
   </div>
   <div class='ocr_carea' id='block_1_11' title="bbox 728 1093 2287 1159">
    <p class='ocr_par' dir='ltr' id='par_1_11' title="bbox 728 1093 2287 1159">
     <span class='ocr_line' id='line_1_11' title="bbox 728 1093 2287 1159; baseline 0.004 -18"><span class='ocrx_word' id='word_1_66' title='bbox 728 1112 760 1141; x_wconf 80' lang='grc' dir='ltr'><em>η</em></span> <span class='ocrx_word' id='word_1_67' title='bbox 794 1093 952 1156; x_wconf 82' lang='lat' dir='ltr'><strong>Deus,</strong></span> <span class='ocrx_word' id='word_1_68' title='bbox 989 1094 1281 1149; x_wconf 79' lang='lat' dir='ltr'><strong>abscondis</strong></span> <span class='ocrx_word' id='word_1_69' title='bbox 1323 1103 1372 1148; x_wconf 89' lang='lat' dir='ltr'><strong>et</strong></span> <span class='ocrx_word' id='word_1_70' title='bbox 1405 1095 1605 1149; x_wconf 75' lang='lat' dir='ltr'><strong>avertis</strong></span> <span class='ocrx_word' id='word_1_71' title='bbox 1638 1095 1832 1148; x_wconf 82' lang='lat' dir='ltr'><strong>faciem</strong></span> <span class='ocrx_word' id='word_1_72' title='bbox 1883 1103 2058 1159; x_wconf 87' lang='lat' dir='ltr'><strong>tuam,</strong></span> <span class='ocrx_word' id='word_1_73' title='bbox 2109 1109 2177 1148; x_wconf 88' lang='lat' dir='ltr'><strong>ne</strong></span> <span class='ocrx_word' id='word_1_74' title='bbox 2206 1093 2287 1148; x_wconf 83' lang='lat' dir='ltr'><strong>vi-</strong></span> 
     </span>
    </p>
   </div>
   <div class='ocr_carea' id='block_1_12' title="bbox 725 1183 2283 1253">
    <p class='ocr_par' dir='ltr' id='par_1_12' title="bbox 725 1183 2283 1253">
     <span class='ocr_line' id='line_1_12' title="bbox 725 1183 2283 1253; baseline 0 -16"><span class='ocrx_word' id='word_1_75' title='bbox 725 1185 853 1238; x_wconf 85' lang='lat' dir='ltr'><strong>deas</strong></span> <span class='ocrx_word' id='word_1_76' title='bbox 887 1185 1085 1252; x_wconf 88' lang='lat' dir='ltr'><strong>turpia,</strong></span> <span class='ocrx_word' id='word_1_77' title='bbox 1132 1194 1185 1239; x_wconf 91' lang='lat' dir='ltr'><strong>et</strong></span> <span class='ocrx_word' id='word_1_78' title='bbox 1231 1184 1450 1252; x_wconf 75' lang='lat' dir='ltr'><strong>indigna</strong></span> <span class='ocrx_word' id='word_1_79' title='bbox 1496 1183 1658 1250; x_wconf 83' lang='lat' dir='ltr'><strong>facta,</strong></span> <span class='ocrx_word' id='word_1_80' title='bbox 1696 1192 1858 1253; x_wconf 87' lang='lat' dir='ltr'><strong>atque</strong></span> <span class='ocrx_word' id='word_1_81' title='bbox 1902 1192 1995 1238; x_wconf 91' lang='lat' dir='ltr'><strong>tuo</strong></span> <span class='ocrx_word' id='word_1_82' title='bbox 2043 1183 2283 1237; x_wconf 88' lang='lat' dir='ltr'><strong>contuitu</strong></span> 
     </span>
    </p>
   </div>
   <div class='ocr_carea' id='block_1_13' title="bbox 728 1273 2284 1344">
    <p class='ocr_par' dir='ltr' id='par_1_13' title="bbox 728 1273 2284 1344">
     <span class='ocr_line' id='line_1_13' title="bbox 728 1273 2284 1344; baseline 0.001 -16"><span class='ocrx_word' id='word_1_83' title='bbox 728 1276 922 1329; x_wconf 85' lang='lat' dir='ltr'><strong>aliena.</strong></span> <span class='ocrx_word' id='word_1_84' title='bbox 955 1274 1152 1329; x_wconf 84' lang='lat' dir='ltr'><strong>Verum</strong></span> <span class='ocrx_word' id='word_1_85' title='bbox 1187 1275 1310 1344; x_wconf 89' lang='lat' dir='ltr'><strong>quia</strong></span> <span class='ocrx_word' id='word_1_86' title='bbox 1337 1275 1495 1328; x_wconf 85' lang='lat' dir='ltr'><strong>nobis</strong></span> <span class='ocrx_word' id='word_1_87' title='bbox 1520 1275 1571 1327; x_wconf 92' lang='lat' dir='ltr'><strong>in</strong></span> <span class='ocrx_word' id='word_1_88' title='bbox 1614 1274 1946 1328; x_wconf 82' lang='lat' dir='ltr'><strong>enumeratis</strong></span> <span class='ocrx_word' id='word_1_89' title='bbox 1977 1275 2099 1328; x_wconf 87' lang='lat' dir='ltr'><strong>istis</strong></span> <span class='ocrx_word' id='word_1_90' title='bbox 2128 1273 2284 1329; x_wconf 85' lang='lat' dir='ltr'><strong>factis</strong></span> 
     </span>
    </p>
   </div>
   <div class='ocr_carea' id='block_1_14' title="bbox 724 1361 2283 1432">
    <p class='ocr_par' dir='ltr' id='par_1_14' title="bbox 724 1361 2283 1432">
     <span class='ocr_line' id='line_1_14' title="bbox 724 1361 2283 1432; baseline -0.001 -18"><span class='ocrx_word' id='word_1_91' title='bbox 724 1363 1000 1429; x_wconf 56' lang='lat' dir='ltr'><strong>praciaris</strong></span> <span class='ocrx_word' id='word_1_92' title='bbox 1057 1364 1250 1417; x_wconf 88' lang='lat' dir='ltr'><strong>tiducia</strong></span> <span class='ocrx_word' id='word_1_93' title='bbox 1287 1364 1465 1432; x_wconf 87' lang='lat' dir='ltr'><strong>aliqua</strong></span> <span class='ocrx_word' id='word_1_94' title='bbox 1503 1371 1796 1431; x_wconf 88' lang='lat' dir='ltr'><strong>superest,</strong></span> <span class='ocrx_word' id='word_1_95' title='bbox 1845 1377 1944 1415; x_wconf 90' lang='lat' dir='ltr'><strong>cur</strong></span> <span class='ocrx_word' id='word_1_96' title='bbox 1993 1361 2283 1417; x_wconf 84' lang='lat' dir='ltr'><strong>abscondis</strong></span> 
     </span>
    </p>
   </div>
   <div class='ocr_carea' id='block_1_15' title="bbox 724 1453 2283 1522">
    <p class='ocr_par' dir='ltr' id='par_1_15' title="bbox 724 1453 2283 1522">
     <span class='ocr_line' id='line_1_15' title="bbox 724 1453 2283 1522; baseline 0.002 -17"><span class='ocrx_word' id='word_1_97' title='bbox 724 1453 914 1506; x_wconf 76' lang='lat' dir='ltr'><strong>faciem</strong></span> <span class='ocrx_word' id='word_1_98' title='bbox 942 1454 1129 1506; x_wconf 81' lang='lat' dir='ltr'><strong>tuam?</strong></span> <span class='ocrx_word' id='word_1_99' title='bbox 1155 1453 1400 1521; x_wconf 82' lang='lat' dir='ltr'><strong>Cumque</strong></span> <span class='ocrx_word' id='word_1_100' title='bbox 1440 1461 1517 1507; x_wconf 89' lang='lat' dir='ltr'><strong>tot</strong></span> <span class='ocrx_word' id='word_1_101' title='bbox 1552 1453 1696 1522; x_wconf 81' lang='lat' dir='ltr'><strong>passi</strong></span> <span class='ocrx_word' id='word_1_102' title='bbox 1728 1454 1868 1505; x_wconf 88' lang='lat' dir='ltr'><strong>mala</strong></span> <span class='ocrx_word' id='word_1_103' title='bbox 1904 1453 2078 1507; x_wconf 91' lang='lat' dir='ltr'><strong>simus</strong></span> <span class='ocrx_word' id='word_1_104' title='bbox 2102 1454 2283 1508; x_wconf 91' lang='lat' dir='ltr'><strong>cultus</strong></span> 
     </span>
    </p>
   </div>
   <div class='ocr_carea' id='block_1_16' title="bbox 723 1545 2283 1614">
    <p class='ocr_par' dir='ltr' id='par_1_16' title="bbox 723 1545 2283 1614">
     <span class='ocr_line' id='line_1_16' title="bbox 723 1545 2283 1614; baseline 0.003 -19"><span class='ocrx_word' id='word_1_105' title='bbox 723 1545 800 1598; x_wconf 88' lang='lat' dir='ltr'><strong>tui</strong></span> <span class='ocrx_word' id='word_1_106' title='bbox 851 1561 913 1598; x_wconf 90' lang='lat' dir='ltr'><strong>ac</strong></span> <span class='ocrx_word' id='word_1_107' title='bbox 959 1546 1173 1614; x_wconf 89' lang='lat' dir='ltr'><strong>pietatis</strong></span> <span class='ocrx_word' id='word_1_108' title='bbox 1225 1561 1410 1608; x_wconf 88' lang='lat' dir='ltr'><strong>causa,</strong></span> <span class='ocrx_word' id='word_1_109' title='bbox 1462 1562 1560 1600; x_wconf 90' lang='lat' dir='ltr'><strong>cur</strong></span> <span class='ocrx_word' id='word_1_110' title='bbox 1602 1545 1945 1601; x_wconf 85' lang='lat' dir='ltr'><strong>Oblivisceris</strong></span> <span class='ocrx_word' id='word_1_111' title='bbox 1975 1546 2283 1601; x_wconf 84' lang='lat' dir='ltr'><strong>amictionis</strong></span> 
     </span>
    </p>
   </div>
   <div class='ocr_carea' id='block_1_17' title="bbox 722 1633 2281 1705">
    <p class='ocr_par' dir='ltr' id='par_1_17' title="bbox 722 1633 2281 1705">
     <span class='ocr_line' id='line_1_17' title="bbox 722 1633 2281 1705; baseline 0.001 -17"><span class='ocrx_word' id='word_1_112' title='bbox 722 1643 814 1688; x_wconf 83' lang='lat' dir='ltr'><strong>aut</strong></span> <span class='ocrx_word' id='word_1_113' title='bbox 855 1636 1186 1704; x_wconf 85' lang='lat' dir='ltr'><strong>paupertatis</strong></span> <span class='ocrx_word' id='word_1_114' title='bbox 1211 1633 1598 1690; x_wconf 56' lang='lat' dir='ltr'><strong>nostraﬂNam</strong></span> <span class='ocrx_word' id='word_1_115' title='bbox 1631 1635 1756 1688; x_wconf 92' lang='lat' dir='ltr'><strong>licet</strong></span> <span class='ocrx_word' id='word_1_116' title='bbox 1804 1651 1865 1689; x_wconf 92' lang='lat' dir='ltr'><strong>ea</strong></span> <span class='ocrx_word' id='word_1_117' title='bbox 1916 1652 2024 1690; x_wconf 91' lang='lat' dir='ltr'><strong>non</strong></span> <span class='ocrx_word' id='word_1_118' title='bbox 2057 1636 2281 1705; x_wconf 88' lang='lat' dir='ltr'><strong>perinde</strong></span> 
     </span>
    </p>
   </div>
   <div class='ocr_carea' id='block_1_18' title="bbox 721 1725 2281 1795">
    <p class='ocr_par' dir='ltr' id='par_1_18' title="bbox 721 1725 2281 1795">
     <span class='ocr_line' id='line_1_18' title="bbox 721 1725 2281 1795; baseline 0.001 -16"><span class='ocrx_word' id='word_1_119' title='bbox 721 1740 916 1795; x_wconf 83' lang='lat' dir='ltr'><strong>magna</strong></span> <span class='ocrx_word' id='word_1_120' title='bbox 953 1726 1061 1778; x_wconf 86' lang='lat' dir='ltr'><strong>sint</strong></span> <span class='ocrx_word' id='word_1_121' title='bbox 1092 1726 1230 1792; x_wconf 88' lang='lat' dir='ltr'><strong>apud</strong></span> <span class='ocrx_word' id='word_1_122' title='bbox 1288 1735 1338 1778; x_wconf 90' lang='lat' dir='ltr'><strong>te</strong></span> <span class='ocrx_word' id='word_1_123' title='bbox 1364 1763 1380 1789; x_wconf 85' lang='lat'><strong>,</strong></span> <span class='ocrx_word' id='word_1_124' title='bbox 1414 1734 1474 1778; x_wconf 90' lang='lat' dir='ltr'><strong>ut</strong></span> <span class='ocrx_word' id='word_1_125' title='bbox 1511 1725 1651 1793; x_wconf 86' lang='lat' dir='ltr'><strong>apud</strong></span> <span class='ocrx_word' id='word_1_126' title='bbox 1689 1741 1790 1779; x_wconf 92' lang='lat' dir='ltr'><strong>nos</strong></span> <span class='ocrx_word' id='word_1_127' title='bbox 1814 1765 1829 1790; x_wconf 88' lang='lat'><strong>,</strong></span> <span class='ocrx_word' id='word_1_128' title='bbox 1886 1726 1979 1780; x_wconf 86' lang='lat' dir='ltr'><strong>sed</strong></span> <span class='ocrx_word' id='word_1_129' title='bbox 2012 1741 2177 1795; x_wconf 81' lang='lat' dir='ltr'><strong>egena</strong></span> <span class='ocrx_word' id='word_1_130' title='bbox 2226 1737 2281 1781; x_wconf 93' lang='lat' dir='ltr'><strong>et</strong></span> 
     </span>
    </p>
   </div>
   <div class='ocr_carea' id='block_1_19' title="bbox 721 1815 2278 1884">
    <p class='ocr_par' dir='ltr' id='par_1_19' title="bbox 721 1815 2278 1884">
     <span class='ocr_line' id='line_1_19' title="bbox 721 1815 2278 1884; baseline 0.003 -18"><span class='ocrx_word' id='word_1_131' title='bbox 721 1830 884 1881; x_wconf 82' lang='lat' dir='ltr'><strong>parva</strong></span> <span class='ocrx_word' id='word_1_132' title='bbox 937 1823 990 1868; x_wconf 90' lang='lat' dir='ltr'><strong>ct</strong></span> <span class='ocrx_word' id='word_1_133' title='bbox 1035 1815 1398 1883; x_wconf 85' lang='lat' dir='ltr'><strong>paucissima:</strong></span> <span class='ocrx_word' id='word_1_134' title='bbox 1437 1829 1628 1884; x_wconf 82' lang='lat' dir='ltr'><strong>magna</strong></span> <span class='ocrx_word' id='word_1_135' title='bbox 1665 1823 1869 1877; x_wconf 91' lang='lat' dir='ltr'><strong>tamen,</strong></span> <span class='ocrx_word' id='word_1_136' title='bbox 1903 1824 2169 1884; x_wconf 87' lang='lat' dir='ltr'><strong>quatenus</strong></span> <span class='ocrx_word' id='word_1_137' title='bbox 2211 1832 2278 1871; x_wconf 79' lang='lat' dir='ltr'><strong>ex</strong></span> 
     </span>
    </p>
   </div>
   <div class='ocr_carea' id='block_1_20' title="bbox 2394 635 3952 708">
    <p class='ocr_par' dir='ltr' id='par_1_20' title="bbox 2394 635 3952 708">
     <span class='ocr_line' id='line_1_20' title="bbox 2394 635 3952 708; baseline 0.002 -20"><span class='ocrx_word' id='word_1_138' title='bbox 2394 637 2662 707; x_wconf 88' lang='grc' dir='ltr'>ἁμαρτίας</span> <span class='ocrx_word' id='word_1_139' title='bbox 2695 636 2894 689; x_wconf 76' lang='grc' dir='ltr'>αὐτῶν.</span> <span class='ocrx_word' id='word_1_140' title='bbox 2936 636 3195 706; x_wconf 74' lang='grc' dir='ltr'>Εύχονται</span> <span class='ocrx_word' id='word_1_141' title='bbox 3249 637 3306 689; x_wconf 83' lang='grc' dir='ltr'>δὲ</span> <span class='ocrx_word' id='word_1_142' title='bbox 3357 635 3572 706; x_wconf 80' lang='grc' dir='ltr'>δοθῆναι</span> <span class='ocrx_word' id='word_1_143' title='bbox 3623 636 3806 700; x_wconf 78' lang='grc' dir='ltr'>αὐτοῖς</span> <span class='ocrx_word' id='word_1_144' title='bbox 3855 639 3952 708; x_wconf 79' lang='grc' dir='ltr'><strong>τὴν</strong></span> 
     </span>
    </p>
   </div>
   <div class='ocr_carea' id='block_1_21' title="bbox 2392 725 3952 799">
    <p class='ocr_par' dir='ltr' id='par_1_21' title="bbox 2392 725 3952 799">
     <span class='ocr_line' id='line_1_21' title="bbox 2392 725 3952 799; baseline 0 -20"><span class='ocrx_word' id='word_1_145' title='bbox 2392 728 2709 795; x_wconf 78' lang='grc' dir='ltr'>ἐπιφάνειαν</span> <span class='ocrx_word' id='word_1_146' title='bbox 2739 726 2831 778; x_wconf 90' lang='grc' dir='ltr'><strong>τοῦ</strong></span> <span class='ocrx_word' id='word_1_147' title='bbox 2861 726 3094 799; x_wconf 79' lang='grc' dir='ltr'><strong>Χριστοῦ</strong></span> <span class='ocrx_word' id='word_1_148' title='bbox 3129 727 3223 796; x_wconf 82' lang='grc' dir='ltr'>τὴν</span> <span class='ocrx_word' id='word_1_149' title='bbox 3270 726 3357 779; x_wconf 73' lang='grc' dir='ltr'><strong>ἐπ’</strong></span> <span class='ocrx_word' id='word_1_150' title='bbox 3403 725 3644 796; x_wconf 77' lang='grc' dir='ltr'><strong>ἐσχάτων</strong></span> <span class='ocrx_word' id='word_1_151' title='bbox 3681 726 3788 778; x_wconf 81' lang='grc' dir='ltr'>τῶν</span> <span class='ocrx_word' id='word_1_152' title='bbox 3836 744 3952 780; x_wconf 81' lang='grc' dir='ltr'>και-</span> 
     </span>
    </p>
   </div>
   <div class='ocr_carea' id='block_1_22' title="bbox 2395 815 3950 888">
    <p class='ocr_par' dir='ltr' id='par_1_22' title="bbox 2395 815 3950 888">
     <span class='ocr_line' id='line_1_22' title="bbox 2395 815 3950 888; baseline 0.002 -20"><span class='ocrx_word' id='word_1_153' title='bbox 2395 818 2520 887; x_wconf 85' lang='grc' dir='ltr'>ρῶν,</span> <span class='ocrx_word' id='word_1_154' title='bbox 2559 818 2643 869; x_wconf 82' lang='grc' dir='ltr'><strong>ἵνα</strong></span> <span class='ocrx_word' id='word_1_155' title='bbox 2681 817 2756 888; x_wconf 82' lang='grc' dir='ltr'>μὴ</span> <span class='ocrx_word' id='word_1_156' title='bbox 2784 817 2880 886; x_wconf 80' lang='grc' dir='ltr'>τῆς</span> <span class='ocrx_word' id='word_1_157' title='bbox 2907 817 3037 886; x_wconf 84' lang='grc' dir='ltr'>παρ’</span> <span class='ocrx_word' id='word_1_158' title='bbox 3080 815 3242 869; x_wconf 80' lang='grc' dir='ltr'>αὑτοῦ</span> <span class='ocrx_word' id='word_1_159' title='bbox 3276 817 3615 888; x_wconf 83' lang='grc' dir='ltr'>ἁμοιρήσωσι</span> <span class='ocrx_word' id='word_1_160' title='bbox 3647 817 3791 888; x_wconf 81' lang='grc' dir='ltr'>ζωῆς</span> <span class='ocrx_word' id='word_1_161' title='bbox 3813 834 3828 848; x_wconf 74' lang='grc' dir='ltr'><strong>ο</strong></span> <span class='ocrx_word' id='word_1_162' title='bbox 3858 819 3950 871; x_wconf 80' lang='grc' dir='ltr'><strong>καί</strong></span> 
     </span>
    </p>
   </div>
   <div class='ocr_carea' id='block_1_23' title="bbox 2389 906 3948 978">
    <p class='ocr_par' dir='ltr' id='par_1_23' title="bbox 2389 906 3948 978">
     <span class='ocr_line' id='line_1_23' title="bbox 2389 906 3948 978; baseline 0.003 -19"><span class='ocrx_word' id='word_1_163' title='bbox 2389 924 2552 975; x_wconf 83' lang='grc' dir='ltr'>φασιν</span> <span class='ocrx_word' id='word_1_164' title='bbox 2574 925 2587 937; x_wconf 90' lang='grc'><strong>·</strong></span> <span class='ocrx_word' id='word_1_165' title='bbox 2619 908 2745 960; x_wconf 74' lang='grc' dir='ltr'><strong>Ἵνα</strong></span> <span class='ocrx_word' id='word_1_166' title='bbox 2774 908 2829 959; x_wconf 84' lang='grc' dir='ltr'><strong>τί</strong></span> <span class='ocrx_word' id='word_1_167' title='bbox 2862 906 2928 959; x_wconf 80' lang='grc' dir='ltr'>τὸ</span> <span class='ocrx_word' id='word_1_168' title='bbox 2975 907 3297 973; x_wconf 78' lang='grc' dir='ltr'>πρόσωπόν</span> <span class='ocrx_word' id='word_1_169' title='bbox 3334 921 3449 961; x_wconf 85' lang='grc' dir='ltr'>σου</span> <span class='ocrx_word' id='word_1_170' title='bbox 3503 908 3903 978; x_wconf 76' lang='grc' dir='ltr'><strong>ἀποκρύπτεις</strong></span> <span class='ocrx_word' id='word_1_171' title='bbox 3933 951 3948 974; x_wconf 90' lang='grc'><strong>,</strong></span> 
     </span>
    </p>
   </div>
   <div class='ocr_carea' id='block_1_24' title="bbox 2389 995 3948 1069">
    <p class='ocr_par' dir='ltr' id='par_1_24' title="bbox 2389 995 3948 1069">
     <span class='ocr_line' id='line_1_24' title="bbox 2389 995 3948 1069; baseline 0.003 -18"><span class='ocrx_word' id='word_1_172' title='bbox 2389 998 2489 1051; x_wconf 81' lang='grc' dir='ltr'>καὶ</span> <span class='ocrx_word' id='word_1_173' title='bbox 2540 995 2911 1066; x_wconf 77' lang='grc' dir='ltr'><strong>ἐπιλανθάνῃ</strong></span> <span class='ocrx_word' id='word_1_174' title='bbox 2946 996 3054 1065; x_wconf 81' lang='grc' dir='ltr'>τῆς</span> <span class='ocrx_word' id='word_1_175' title='bbox 3095 997 3410 1064; x_wconf 81' lang='grc' dir='ltr'><strong>κακώσεως</strong></span> <span class='ocrx_word' id='word_1_176' title='bbox 3451 998 3619 1069; x_wconf 77' lang='grc' dir='ltr'><strong>ἡμῶν</strong></span> <span class='ocrx_word' id='word_1_177' title='bbox 3667 1001 3767 1054; x_wconf 78' lang='grc' dir='ltr'><strong>καί</strong></span> <span class='ocrx_word' id='word_1_178' title='bbox 3823 1002 3948 1055; x_wconf 69' lang='grc' dir='ltr'>θλί-</span> 
     </span>
    </p>
   </div>
   <div class='ocr_carea' id='block_1_25' title="bbox 2386 1087 3947 1163">
    <p class='ocr_par' dir='ltr' id='par_1_25' title="bbox 2386 1087 3947 1163">
     <span class='ocr_line' id='line_1_25' title="bbox 2386 1087 3947 1163; baseline 0.004 -22"><span class='ocrx_word' id='word_1_179' title='bbox 2386 1091 2582 1157; x_wconf 74' lang='grc' dir='ltr'>ψεως;</span> <span class='ocrx_word' id='word_1_180' title='bbox 2616 1087 2896 1161; x_wconf 81' lang='grc' dir='ltr'>Κρύπτεις</span> <span class='ocrx_word' id='word_1_181' title='bbox 2933 1088 3029 1159; x_wconf 83' lang='grc' dir='ltr'>μὲν</span> <span class='ocrx_word' id='word_1_182' title='bbox 3057 1088 3117 1142; x_wconf 78' lang='grc' dir='ltr'>τὸ</span> <span class='ocrx_word' id='word_1_183' title='bbox 3144 1088 3367 1142; x_wconf 84' lang='grc' dir='ltr'>σεαυτοῦ</span> <span class='ocrx_word' id='word_1_184' title='bbox 3400 1091 3706 1163; x_wconf 82' lang='grc' dir='ltr'>πρόσωπον,</span> <span class='ocrx_word' id='word_1_185' title='bbox 3735 1095 3766 1147; x_wconf 82' lang='grc' dir='ltr'><strong>ὁ</strong></span> <span class='ocrx_word' id='word_1_186' title='bbox 3795 1093 3947 1159; x_wconf 78' lang='grc' dir='ltr'>Θεὸς,</span> 
     </span>
    </p>
   </div>
   <div class='ocr_carea' id='block_1_26' title="bbox 2386 1178 3950 1253">
    <p class='ocr_par' dir='ltr' id='par_1_26' title="bbox 2386 1178 3950 1253">
     <span class='ocr_line' id='line_1_26' title="bbox 2386 1178 3950 1253; baseline 0.003 -21"><span class='ocrx_word' id='word_1_187' title='bbox 2386 1179 2480 1232; x_wconf 79' lang='grc' dir='ltr'>καὶ</span> <span class='ocrx_word' id='word_1_188' title='bbox 2511 1179 2888 1249; x_wconf 74' lang='grc' dir='ltr'><strong>ἀποστρέφεις,</strong></span> <span class='ocrx_word' id='word_1_189' title='bbox 2921 1178 3055 1250; x_wconf 80' lang='grc' dir='ltr'>πρὸς</span> <span class='ocrx_word' id='word_1_190' title='bbox 3076 1178 3136 1230; x_wconf 85' lang='grc' dir='ltr'>τὺ</span> <span class='ocrx_word' id='word_1_191' title='bbox 3167 1178 3241 1249; x_wconf 81' lang='grc' dir='ltr'><strong>μὴ</strong></span> <span class='ocrx_word' id='word_1_192' title='bbox 3276 1178 3488 1248; x_wconf 79' lang='grc' dir='ltr'><strong>βλέπειν</strong></span> <span class='ocrx_word' id='word_1_193' title='bbox 3521 1180 3587 1234; x_wconf 80' lang='grc' dir='ltr'>τὰ</span> <span class='ocrx_word' id='word_1_194' title='bbox 3615 1182 3820 1253; x_wconf 72' lang='grc' dir='ltr'>αἰσχρὰ</span> <span class='ocrx_word' id='word_1_195' title='bbox 3857 1185 3950 1237; x_wconf 70' lang='grc' dir='ltr'><strong>καὶ</strong></span> 
     </span>
    </p>
   </div>
   <div class='ocr_carea' id='block_1_27' title="bbox 2384 1266 3952 1343">
    <p class='ocr_par' dir='ltr' id='par_1_27' title="bbox 2384 1266 3952 1343">
     <span class='ocr_line' id='line_1_27' title="bbox 2384 1266 3952 1343; baseline 0.003 -22"><span class='ocrx_word' id='word_1_196' title='bbox 2384 1269 2630 1338; x_wconf 83' lang='grc' dir='ltr'>ἀπρεπῆ.</span> <span class='ocrx_word' id='word_1_197' title='bbox 2667 1268 2761 1320; x_wconf 67' lang='grc' dir='ltr'>καὶ</span> <span class='ocrx_word' id='word_1_198' title='bbox 2791 1269 2886 1336; x_wconf 75' lang='grc' dir='ltr'>τῆς</span> <span class='ocrx_word' id='word_1_199' title='bbox 2912 1268 3007 1337; x_wconf 83' lang='grc' dir='ltr'>σῆς</span> <span class='ocrx_word' id='word_1_200' title='bbox 3038 1266 3162 1331; x_wconf 87' lang='grc' dir='ltr'>θέας</span> <span class='ocrx_word' id='word_1_201' title='bbox 3186 1268 3438 1339; x_wconf 81' lang='grc' dir='ltr'>ἀλλότρια</span> <span class='ocrx_word' id='word_1_202' title='bbox 3461 1285 3473 1298; x_wconf 90' lang='grc'><strong>·</strong></span> <span class='ocrx_word' id='word_1_203' title='bbox 3499 1269 3612 1323; x_wconf 82' lang='grc' dir='ltr'>ἀλλ’</span> <span class='ocrx_word' id='word_1_204' title='bbox 3640 1273 3765 1325; x_wconf 82' lang='grc' dir='ltr'>ἐπεὶ</span> <span class='ocrx_word' id='word_1_205' title='bbox 3792 1273 3952 1343; x_wconf 78' lang='grc' dir='ltr'>ἡμεῖς</span> 
     </span>
    </p>
   </div>
   <div class='ocr_carea' id='block_1_28' title="bbox 2385 1358 3948 1437">
    <p class='ocr_par' dir='ltr' id='par_1_28' title="bbox 2385 1358 3948 1437">
     <span class='ocr_line' id='line_1_28' title="bbox 2385 1358 3948 1437; baseline 0.004 -24"><span class='ocrx_word' id='word_1_206' title='bbox 2385 1361 2476 1413; x_wconf 76' lang='grc' dir='ltr'><strong>ἐπὶ</strong></span> <span class='ocrx_word' id='word_1_207' title='bbox 2513 1362 2624 1422; x_wconf 87' lang='grc' dir='ltr'>τοῖς</span> <span class='ocrx_word' id='word_1_208' title='bbox 2654 1358 2888 1428; x_wconf 82' lang='grc' dir='ltr'><strong>λεχθεῖσι</strong></span> <span class='ocrx_word' id='word_1_209' title='bbox 2920 1359 3303 1431; x_wconf 81' lang='grc' dir='ltr'><strong>κατορθώμασι</strong></span> <span class='ocrx_word' id='word_1_210' title='bbox 3343 1364 3651 1433; x_wconf 71' lang='grc' dir='ltr'>παρρησίαν</span> <span class='ocrx_word' id='word_1_211' title='bbox 3699 1365 3907 1437; x_wconf 78' lang='grc' dir='ltr'>ἄγομεν</span> <span class='ocrx_word' id='word_1_212' title='bbox 3933 1405 3948 1428; x_wconf 88' lang='grc'><strong>,</strong></span> 
     </span>
    </p>
   </div>
   <div class='ocr_carea' id='block_1_29' title="bbox 2382 1447 3951 1520">
    <p class='ocr_par' dir='ltr' id='par_1_29' title="bbox 2382 1447 3951 1520">
     <span class='ocr_line' id='line_1_29' title="bbox 2382 1447 3951 1520; baseline 0.005 -18"><span class='ocrx_word' id='word_1_213' title='bbox 2382 1450 2468 1502; x_wconf 85' lang='grc' dir='ltr'>ἵνα</span> <span class='ocrx_word' id='word_1_214' title='bbox 2499 1449 2550 1501; x_wconf 84' lang='grc' dir='ltr'><strong>τί</strong></span> <span class='ocrx_word' id='word_1_215' title='bbox 2575 1449 2633 1502; x_wconf 74' lang='grc' dir='ltr'>τὸ</span> <span class='ocrx_word' id='word_1_216' title='bbox 2662 1447 2947 1518; x_wconf 75' lang='grc' dir='ltr'>πρόσωπόν</span> <span class='ocrx_word' id='word_1_217' title='bbox 2999 1466 3090 1503; x_wconf 83' lang='grc' dir='ltr'>σου</span> <span class='ocrx_word' id='word_1_218' title='bbox 3133 1449 3426 1520; x_wconf 87' lang='grc' dir='ltr'>κρύπτεις;</span> <span class='ocrx_word' id='word_1_219' title='bbox 3467 1453 3715 1507; x_wconf 81' lang='grc' dir='ltr'>Τοσαῦτα</span> <span class='ocrx_word' id='word_1_220' title='bbox 3750 1455 3809 1509; x_wconf 86' lang='grc' dir='ltr'>δὲ</span> <span class='ocrx_word' id='word_1_221' title='bbox 3847 1474 3951 1510; x_wconf 87' lang='grc' dir='ltr'>πα-</span> 
     </span>
    </p>
   </div>
   <div class='ocr_carea' id='block_1_30' title="bbox 2384 1539 3946 1614">
    <p class='ocr_par' dir='ltr' id='par_1_30' title="bbox 2384 1539 3946 1614">
     <span class='ocr_line' id='line_1_30' title="bbox 2384 1539 3946 1614; baseline 0.006 -23"><span class='ocrx_word' id='word_1_222' title='bbox 2384 1539 2614 1609; x_wconf 81' lang='grc' dir='ltr'>σχόντων</span> <span class='ocrx_word' id='word_1_223' title='bbox 2647 1540 2739 1592; x_wconf 78' lang='grc' dir='ltr'>καὶ</span> <span class='ocrx_word' id='word_1_224' title='bbox 2776 1539 3224 1593; x_wconf 78' lang='grc' dir='ltr'>κακοπαθούντων</span> <span class='ocrx_word' id='word_1_225' title='bbox 3259 1542 3354 1612; x_wconf 83' lang='grc' dir='ltr'><strong>τῆς</strong></span> <span class='ocrx_word' id='word_1_226' title='bbox 3403 1543 3502 1614; x_wconf 82' lang='grc' dir='ltr'>σῆς</span> <span class='ocrx_word' id='word_1_227' title='bbox 3549 1544 3734 1598; x_wconf 74' lang='grc' dir='ltr'>ἕνεκεν</span> <span class='ocrx_word' id='word_1_228' title='bbox 3786 1547 3946 1600; x_wconf 76' lang='grc' dir='ltr'>εὐσε-</span> 
     </span>
    </p>
   </div>
   <div class='ocr_carea' id='block_1_31' title="bbox 2380 1630 3950 1709">
    <p class='ocr_par' dir='ltr' id='par_1_31' title="bbox 2380 1630 3950 1709">
     <span class='ocr_line' id='line_1_31' title="bbox 2380 1630 3950 1709; baseline 0.005 -26"><span class='ocrx_word' id='word_1_229' title='bbox 2380 1630 2552 1694; x_wconf 80' lang='grc' dir='ltr'>6ειὰς,</span> <span class='ocrx_word' id='word_1_230' title='bbox 2577 1631 2662 1683; x_wconf 79' lang='grc' dir='ltr'><strong>ἵνα</strong></span> <span class='ocrx_word' id='word_1_231' title='bbox 2680 1631 2732 1683; x_wconf 83' lang='grc' dir='ltr'><strong>τι</strong></span> <span class='ocrx_word' id='word_1_232' title='bbox 2751 1631 3078 1705; x_wconf 76' lang='grc' dir='ltr'><strong>ἐπιλανθάνῃ</strong></span> <span class='ocrx_word' id='word_1_233' title='bbox 3100 1633 3197 1702; x_wconf 81' lang='grc' dir='ltr'>τῆς</span> <span class='ocrx_word' id='word_1_234' title='bbox 3218 1633 3508 1698; x_wconf 83' lang='grc' dir='ltr'>κακώσεως</span> <span class='ocrx_word' id='word_1_235' title='bbox 3523 1636 3555 1706; x_wconf 80' lang='grc' dir='ltr'>ἡ</span> <span class='ocrx_word' id='word_1_236' title='bbox 3564 1636 3698 1705; x_wconf 85' lang='grc' dir='ltr'>μῶν,</span> <span class='ocrx_word' id='word_1_237' title='bbox 3716 1637 3838 1706; x_wconf 72' lang='grc' dir='ltr'>ἦτοι</span> <span class='ocrx_word' id='word_1_238' title='bbox 3853 1639 3950 1709; x_wconf 83' lang='grc' dir='ltr'>τῆς</span> 
     </span>
    </p>
   </div>
   <div class='ocr_carea' id='block_1_32' title="bbox 2382 1722 3948 1800">
    <p class='ocr_par' dir='ltr' id='par_1_32' title="bbox 2382 1722 3948 1800">
     <span class='ocr_line' id='line_1_32' title="bbox 2382 1722 3948 1800; baseline 0.003 -25"><span class='ocrx_word' id='word_1_239' title='bbox 2382 1722 2683 1792; x_wconf 84' lang='grc' dir='ltr'>πτωχείας;</span> <span class='ocrx_word' id='word_1_240' title='bbox 2716 1723 2775 1775; x_wconf 85' lang='grc' dir='ltr'>Εί</span> <span class='ocrx_word' id='word_1_241' title='bbox 2806 1723 2912 1794; x_wconf 79' lang='grc' dir='ltr'>γὰρ</span> <span class='ocrx_word' id='word_1_242' title='bbox 2944 1725 3038 1777; x_wconf 69' lang='grc' dir='ltr'><strong>καὶ</strong></span> <span class='ocrx_word' id='word_1_243' title='bbox 3069 1724 3277 1794; x_wconf 86' lang='grc' dir='ltr'>μεγάλα</span> <span class='ocrx_word' id='word_1_244' title='bbox 3305 1726 3478 1780; x_wconf 88' lang='grc' dir='ltr'>ταῦτα</span> <span class='ocrx_word' id='word_1_245' title='bbox 3511 1727 3586 1791; x_wconf 90' lang='grc' dir='ltr'><strong>ώς</strong></span> <span class='ocrx_word' id='word_1_246' title='bbox 3619 1728 3756 1800; x_wconf 80' lang='grc' dir='ltr'>πρὸς</span> <span class='ocrx_word' id='word_1_247' title='bbox 3799 1731 3948 1800; x_wconf 78' lang='grc' dir='ltr'>ἡμᾶς</span> 
     </span>
    </p>
   </div>
   <div class='ocr_carea' id='block_1_33' title="bbox 2378 1811 3948 1889">
    <p class='ocr_par' dir='ltr' id='par_1_33' title="bbox 2378 1811 3948 1889">
     <span class='ocr_line' id='line_1_33' title="bbox 2378 1811 3948 1889; baseline 0.006 -26"><span class='ocrx_word' id='word_1_248' title='bbox 2378 1812 2446 1864; x_wconf 73' lang='grc' dir='ltr'>τὰ</span> <span class='ocrx_word' id='word_1_249' title='bbox 2479 1811 2892 1883; x_wconf 82' lang='grc' dir='ltr'>κατορθώματα,</span> <span class='ocrx_word' id='word_1_250' title='bbox 2943 1814 3059 1866; x_wconf 87' lang='grc' dir='ltr'>ἀλλ’</span> <span class='ocrx_word' id='word_1_251' title='bbox 3109 1815 3183 1878; x_wconf 90' lang='grc' dir='ltr'><strong>ώς</strong></span> <span class='ocrx_word' id='word_1_252' title='bbox 3235 1816 3372 1886; x_wconf 81' lang='grc' dir='ltr'>πρὸς</span> <span class='ocrx_word' id='word_1_253' title='bbox 3425 1817 3484 1869; x_wconf 79' lang='grc' dir='ltr'>σὲ</span> <span class='ocrx_word' id='word_1_254' title='bbox 3523 1819 3700 1872; x_wconf 80' lang='grc' dir='ltr'>πάντα</span> <span class='ocrx_word' id='word_1_255' title='bbox 3752 1819 3948 1889; x_wconf 78' lang='grc' dir='ltr'>πτωχὰ</span> 
     </span>
    </p>
   </div>
   <div class='ocr_carea' id='block_1_34' title="bbox 721 1904 2305 1981">
    <p class='ocr_par' dir='ltr' id='par_1_34' title="bbox 721 1905 2276 1976">
     <span class='ocr_line' id='line_1_34' title="bbox 721 1905 2276 1976; baseline 0.003 -16"><span class='ocrx_word' id='word_1_256' title='bbox 721 1908 875 1960; x_wconf 87' lang='lat' dir='ltr'><strong>nobis</strong></span> <span class='ocrx_word' id='word_1_257' title='bbox 926 1916 1070 1960; x_wconf 91' lang='lat' dir='ltr'><strong>sunt.</strong></span> <span class='ocrx_word' id='word_1_258' title='bbox 1123 1905 1307 1975; x_wconf 88' lang='lat' dir='ltr'><strong>Itaque</strong></span> <span class='ocrx_word' id='word_1_259' title='bbox 1358 1908 1768 1976; x_wconf 86' lang='lat' dir='ltr'><strong>supplicamus,</strong></span> <span class='ocrx_word' id='word_1_260' title='bbox 1824 1924 1891 1963; x_wconf 92' lang='lat' dir='ltr'><strong>ne</strong></span> <span class='ocrx_word' id='word_1_261' title='bbox 1938 1908 2276 1964; x_wconf 82' lang='lat' dir='ltr'><strong>obliviscaris</strong></span> 
     </span>
    </p>
   </div>
   <div class='ocr_carea' id='block_1_35' title="bbox 2385 1904 3945 1981">
    <p class='ocr_par' dir='ltr' id='par_1_35' title="bbox 2385 1904 3945 1981">
     <span class='ocr_line' id='line_1_35' title="bbox 2385 1904 3945 1981; baseline 0.006 -25"><span class='ocrx_word' id='word_1_262' title='bbox 2385 1905 2474 1957; x_wconf 72' lang='grc' dir='ltr'>καὶ</span> <span class='ocrx_word' id='word_1_263' title='bbox 2506 1904 2710 1975; x_wconf 74' lang='grc' dir='ltr'>σμικρὰ</span> <span class='ocrx_word' id='word_1_264' title='bbox 2744 1905 2835 1957; x_wconf 82' lang='grc' dir='ltr'><strong>καὶ</strong></span> <span class='ocrx_word' id='word_1_265' title='bbox 2865 1905 3135 1974; x_wconf 74' lang='grc' dir='ltr'>ὀλίγισταο</span> <span class='ocrx_word' id='word_1_266' title='bbox 3170 1908 3308 1980; x_wconf 81' lang='grc' dir='ltr'>πλὴν</span> <span class='ocrx_word' id='word_1_267' title='bbox 3337 1909 3411 1973; x_wconf 86' lang='grc' dir='ltr'>ὡς</span> <span class='ocrx_word' id='word_1_268' title='bbox 3433 1909 3491 1974; x_wconf 75' lang='grc' dir='ltr'>ἐξ</span> <span class='ocrx_word' id='word_1_269' title='bbox 3528 1910 3682 1981; x_wconf 80' lang='grc' dir='ltr'>ἡμῶν</span> <span class='ocrx_word' id='word_1_270' title='bbox 3711 1913 3945 1981; x_wconf 85' lang='grc' dir='ltr'>μεγάλα.</span> 
     </span>
    </p>
   </div>
   <div class='ocr_carea' id='block_1_36' title="bbox 719 1999 2277 2070">
    <p class='ocr_par' dir='ltr' id='par_1_36' title="bbox 719 1999 2277 2070">
     <span class='ocr_line' id='line_1_36' title="bbox 719 1999 2277 2070; baseline 0.001 -17"><span class='ocrx_word' id='word_1_271' title='bbox 719 1999 1054 2069; x_wconf 87' lang='lat' dir='ltr'><strong>paupertatis</strong></span> <span class='ocrx_word' id='word_1_272' title='bbox 1082 2006 1299 2062; x_wconf 65' lang='lat' dir='ltr'><strong>nostra},</strong></span> <span class='ocrx_word' id='word_1_273' title='bbox 1335 2015 1368 2053; x_wconf 93' lang='grc' dir='ltr'><strong>ο</strong></span> <span class='ocrx_word' id='word_1_274' title='bbox 1398 1999 1627 2054; x_wconf 90' lang='lat' dir='ltr'><strong>Domine</strong></span> <span class='ocrx_word' id='word_1_275' title='bbox 1660 2017 1672 2052; x_wconf 93' lang='lat'>:</span> <span class='ocrx_word' id='word_1_276' title='bbox 1707 1999 1837 2068; x_wconf 88' lang='lat' dir='ltr'><strong>quin</strong></span> <span class='ocrx_word' id='word_1_277' title='bbox 1891 2000 2073 2070; x_wconf 89' lang='lat' dir='ltr'><strong>potius</strong></span> <span class='ocrx_word' id='word_1_278' title='bbox 2113 2002 2277 2055; x_wconf 87' lang='lat' dir='ltr'><strong>remi-</strong></span> 
     </span>
    </p>
   </div>
   <div class='ocr_carea' id='block_1_37' title="bbox 720 2089 2202 2161">
    <p class='ocr_par' dir='ltr' id='par_1_37' title="bbox 720 2089 2202 2161">
     <span class='ocr_line' id='line_1_37' title="bbox 720 2089 2202 2161; baseline 0.002 -17"><span class='ocrx_word' id='word_1_279' title='bbox 720 2089 950 2144; x_wconf 86' lang='lat' dir='ltr'><strong>niscaris</strong></span> <span class='ocrx_word' id='word_1_280' title='bbox 975 2089 1299 2152; x_wconf 81' lang='lat' dir='ltr'><strong>aﬂlictionis,</strong></span> <span class='ocrx_word' id='word_1_281' title='bbox 1323 2106 1482 2161; x_wconf 89' lang='lat' dir='ltr'><strong>quam</strong></span> <span class='ocrx_word' id='word_1_282' title='bbox 1515 2093 1880 2147; x_wconf 82' lang='lat' dir='ltr'><strong>sustinuimus</strong></span> <span class='ocrx_word' id='word_1_283' title='bbox 1913 2093 1988 2146; x_wconf 91' lang='lat' dir='ltr'><strong>tui</strong></span> <span class='ocrx_word' id='word_1_284' title='bbox 2018 2107 2202 2148; x_wconf 90' lang='lat' dir='ltr'><strong>causa.</strong></span> 
     </span>
    </p>
   </div>
   <div class='ocr_carea' id='block_1_38' title="bbox 2383 1997 3948 2073">
    <p class='ocr_par' dir='ltr' id='par_1_38' title="bbox 2383 1997 3948 2073">
     <span class='ocr_line' id='line_1_38' title="bbox 2383 1997 3948 2073; baseline 0.003 -23"><span class='ocrx_word' id='word_1_285' title='bbox 2383 1997 2474 2050; x_wconf 76' lang='grc' dir='ltr'><strong>Διὸ</strong></span> <span class='ocrx_word' id='word_1_286' title='bbox 2513 1997 2818 2066; x_wconf 80' lang='grc' dir='ltr'>ἱκετεύομεν</span> <span class='ocrx_word' id='word_1_287' title='bbox 2854 1997 2926 2067; x_wconf 79' lang='grc' dir='ltr'>μὴ</span> <span class='ocrx_word' id='word_1_288' title='bbox 2960 1999 3128 2069; x_wconf 80' lang='grc' dir='ltr'>λήθην</span> <span class='ocrx_word' id='word_1_289' title='bbox 3169 2000 3493 2072; x_wconf 74' lang='grc' dir='ltr'>ποιήσασθαι</span> <span class='ocrx_word' id='word_1_290' title='bbox 3540 2001 3642 2069; x_wconf 82' lang='grc' dir='ltr'>τῆς</span> <span class='ocrx_word' id='word_1_291' title='bbox 3670 2002 3948 2073; x_wconf 80' lang='grc' dir='ltr'>ἡμετέρας</span> 
     </span>
    </p>
   </div>
   <div class='ocr_carea' id='block_1_39' title="bbox 2383 2088 3945 2166">
    <p class='ocr_par' dir='ltr' id='par_1_39' title="bbox 2383 2088 3945 2166">
     <span class='ocr_line' id='line_1_39' title="bbox 2383 2088 3945 2166; baseline 0.005 -25"><span class='ocrx_word' id='word_1_292' title='bbox 2383 2088 2651 2158; x_wconf 77' lang='grc' dir='ltr'>πτωχείας</span> <span class='ocrx_word' id='word_1_293' title='bbox 2673 2104 2687 2117; x_wconf 73' lang='grc' dir='ltr'><strong><em>ο</em></strong></span> <span class='ocrx_word' id='word_1_294' title='bbox 2721 2088 3017 2159; x_wconf 80' lang='grc' dir='ltr'>μνησθῆναι</span> <span class='ocrx_word' id='word_1_295' title='bbox 3043 2091 3098 2145; x_wconf 84' lang='grc' dir='ltr'>δὲ</span> <span class='ocrx_word' id='word_1_296' title='bbox 3138 2093 3230 2146; x_wconf 72' lang='grc' dir='ltr'>καὶ</span> <span class='ocrx_word' id='word_1_297' title='bbox 3256 2093 3354 2163; x_wconf 85' lang='grc' dir='ltr'><strong>τῆς</strong></span> <span class='ocrx_word' id='word_1_298' title='bbox 3395 2093 3623 2164; x_wconf 71' lang='grc' dir='ltr'>θλίψεως</span> <span class='ocrx_word' id='word_1_299' title='bbox 3669 2094 3849 2165; x_wconf 72' lang='grc' dir='ltr'>ἡμῶν,</span> <span class='ocrx_word' id='word_1_300' title='bbox 3877 2089 3945 2166; x_wconf 78' lang='grc' dir='ltr'>ἦς</span> 
     </span>
    </p>
   </div>
   <div class='ocr_carea' id='block_1_40' title="bbox 2385 2178 3443 2250">
    <p class='ocr_par' dir='ltr' id='par_1_40' title="bbox 2385 2178 3443 2250">
     <span class='ocr_line' id='line_1_40' title="bbox 2385 2178 3443 2250; baseline 0.006 -16"><span class='ocrx_word' id='word_1_301' title='bbox 2385 2180 2753 2250; x_wconf 73' lang='grc' dir='ltr'>ὑπεμείναμεν</span> <span class='ocrx_word' id='word_1_302' title='bbox 2780 2180 2937 2250; x_wconf 82' lang='grc' dir='ltr'>χάριν</span> <span class='ocrx_word' id='word_1_303' title='bbox 2966 2181 3079 2244; x_wconf 86' lang='grc' dir='ltr'>σοῦ,</span> <span class='ocrx_word' id='word_1_304' title='bbox 3111 2178 3154 2236; x_wconf 74' lang='grc' dir='ltr'><strong>ὦ</strong></span> <span class='ocrx_word' id='word_1_305' title='bbox 3183 2186 3443 2241; x_wconf 80' lang='grc' dir='ltr'>Δέσποτα.</span> 
     </span>
    </p>
   </div>
   <div class='ocr_carea' id='block_1_41' title="bbox 1913 2330 2729 2405">
    <p class='ocr_par' dir='ltr' id='par_1_41' title="bbox 1913 2330 2729 2405">
     <span class='ocr_line' id='line_1_41' title="bbox 1913 2330 2729 2405; baseline 0.007 -21"><span class='ocrx_word' id='word_1_306' title='bbox 1913 2330 1985 2384; x_wconf 87' lang='lat' dir='ltr'><strong>Et</strong></span> <span class='ocrx_word' id='word_1_307' title='bbox 2017 2334 2068 2385; x_wconf 87' lang='lat' dir='ltr'><strong>in</strong></span> <span class='ocrx_word' id='word_1_308' title='bbox 2098 2349 2298 2387; x_wconf 72' lang='lat' dir='ltr'><strong>versum</strong></span> <span class='ocrx_word' id='word_1_309' title='bbox 2324 2345 2613 2405; x_wconf 83' lang='lat' dir='ltr'><strong>sequentem</strong></span> <span class='ocrx_word' id='word_1_310' title='bbox 2643 2338 2729 2390; x_wconf 71' lang='lat'><strong>25.</strong></span> 
     </span>
    </p>
   </div>
   <div class='ocr_carea' id='block_1_42' title="bbox 787 2485 2274 2557">
    <p class='ocr_par' dir='ltr' id='par_1_42' title="bbox 787 2485 2274 2557">
     <span class='ocr_line' id='line_1_42' title="bbox 787 2485 2274 2557; baseline 0.007 -23"><span class='ocrx_word' id='word_1_311' title='bbox 787 2485 1126 2538; x_wconf 76' lang='lat' dir='ltr'><strong>Athanasius.</strong></span> <span class='ocrx_word' id='word_1_312' title='bbox 1184 2485 1348 2542; x_wconf 90' lang='lat' dir='ltr'><strong>Porro</strong></span> <span class='ocrx_word' id='word_1_313' title='bbox 1379 2488 1689 2557; x_wconf 88' lang='lat' dir='ltr'><strong>depressam</strong></span> <span class='ocrx_word' id='word_1_314' title='bbox 1740 2490 1842 2543; x_wconf 89' lang='lat' dir='ltr'><strong>sibi</strong></span> <span class='ocrx_word' id='word_1_315' title='bbox 1884 2498 2118 2544; x_wconf 90' lang='lat' dir='ltr'><strong>mentem</strong></span> <span class='ocrx_word' id='word_1_316' title='bbox 2154 2505 2274 2545; x_wconf 90' lang='lat' dir='ltr'><strong>esse</strong></span> 
     </span>
    </p>
   </div>
   <div class='ocr_carea' id='block_1_43' title="bbox 717 2575 2275 2650">
    <p class='ocr_par' dir='ltr' id='par_1_43' title="bbox 717 2575 2275 2650">
     <span class='ocr_line' id='line_1_43' title="bbox 717 2575 2275 2650; baseline 0.008 -26"><span class='ocrx_word' id='word_1_317' title='bbox 717 2575 902 2627; x_wconf 76' lang='lat' dir='ltr'><strong>dicunt</strong></span> <span class='ocrx_word' id='word_1_318' title='bbox 931 2575 1091 2628; x_wconf 82' lang='lat' dir='ltr'><strong>etiam</strong></span> <span class='ocrx_word' id='word_1_319' title='bbox 1123 2575 1290 2631; x_wconf 77' lang='lat' dir='ltr'><strong>Judaei</strong></span> <span class='ocrx_word' id='word_1_320' title='bbox 1320 2597 1331 2630; x_wconf 89' lang='lat'><strong>:</strong></span> <span class='ocrx_word' id='word_1_321' title='bbox 1367 2581 1492 2647; x_wconf 87' lang='lat' dir='ltr'><strong>quia</strong></span> <span class='ocrx_word' id='word_1_322' title='bbox 1527 2591 1812 2650; x_wconf 77' lang='lat' dir='ltr'><strong>postquam</strong></span> <span class='ocrx_word' id='word_1_323' title='bbox 1843 2596 1904 2635; x_wconf 88' lang='lat' dir='ltr'><strong>ea</strong></span> <span class='ocrx_word' id='word_1_324' title='bbox 1950 2598 2070 2650; x_wconf 60' lang='lat' dir='ltr'><strong>qua!</strong></span> <span class='ocrx_word' id='word_1_325' title='bbox 2116 2580 2275 2636; x_wconf 81' lang='lat' dir='ltr'><strong>Chri-</strong></span> 
     </span>
    </p>
   </div>
   <div class='ocr_carea' id='block_1_44' title="bbox 717 2666 2268 2737">
    <p class='ocr_par' dir='ltr' id='par_1_44' title="bbox 717 2666 2268 2737">
     <span class='ocr_line' id='line_1_44' title="bbox 717 2666 2268 2737; baseline 0.006 -20"><span class='ocrx_word' id='word_1_326' title='bbox 717 2667 782 2717; x_wconf 76' lang='lat' dir='ltr'><strong>sti</strong></span> <span class='ocrx_word' id='word_1_327' title='bbox 819 2674 946 2716; x_wconf 86' lang='lat' dir='ltr'><strong>sunt</strong></span> <span class='ocrx_word' id='word_1_328' title='bbox 975 2666 1177 2720; x_wconf 88' lang='lat' dir='ltr'><strong>sentire</strong></span> <span class='ocrx_word' id='word_1_329' title='bbox 1215 2680 1555 2737; x_wconf 84' lang='lat' dir='ltr'><strong>recusarunt,</strong></span> <span class='ocrx_word' id='word_1_330' title='bbox 1591 2671 1908 2727; x_wconf 89' lang='lat' dir='ltr'><strong>deciderunt</strong></span> <span class='ocrx_word' id='word_1_331' title='bbox 1954 2674 2008 2726; x_wconf 90' lang='lat' dir='ltr'><strong>in</strong></span> <span class='ocrx_word' id='word_1_332' title='bbox 2043 2689 2268 2728; x_wconf 83' lang='lat' dir='ltr'><strong>sensum</strong></span> 
     </span>
    </p>
   </div>
   <div class='ocr_carea' id='block_1_45' title="bbox 715 2754 1013 2807">
    <p class='ocr_par' dir='ltr' id='par_1_45' title="bbox 715 2754 1013 2807">
     <span class='ocr_line' id='line_1_45' title="bbox 715 2754 1013 2807; baseline 0.003 -2"><span class='ocrx_word' id='word_1_333' title='bbox 715 2754 1013 2807; x_wconf 79' lang='lat' dir='ltr'><strong>carnalem.</strong></span> 
     </span>
    </p>
   </div>
   <div class='ocr_carea' id='block_1_46' title="bbox 2454 2491 3944 2568">
    <p class='ocr_par' dir='ltr' id='par_1_46' title="bbox 2454 2491 3944 2568">
     <span class='ocr_line' id='line_1_46' title="bbox 2454 2491 3944 2568; baseline 0.004 -24"><span class='ocrx_word' id='word_1_334' title='bbox 2454 2492 2565 2562; x_wconf 64' lang='grc'><strong>(7.4)</strong></span> <span class='ocrx_word' id='word_1_335' title='bbox 2618 2491 2976 2560; x_wconf 77' lang='grc' dir='ltr'>Ἀθανὰσιος.</span> <span class='ocrx_word' id='word_1_336' title='bbox 3038 2494 3473 2550; x_wconf 82' lang='grc' dir='ltr'>Τεταπεινῶσθαι</span> <span class='ocrx_word' id='word_1_337' title='bbox 3519 2495 3575 2550; x_wconf 81' lang='grc' dir='ltr'>δὲ</span> <span class='ocrx_word' id='word_1_338' title='bbox 3621 2494 3804 2551; x_wconf 79' lang='grc' dir='ltr'>αὐτῶν</span> <span class='ocrx_word' id='word_1_339' title='bbox 3847 2497 3944 2568; x_wconf 61' lang='grc' dir='ltr'>τὴν</span> 
     </span>
    </p>
   </div>
   <div class='ocr_carea' id='block_1_47' title="bbox 2380 2584 3944 2660">
    <p class='ocr_par' dir='ltr' id='par_1_47' title="bbox 2380 2584 3944 2660">
     <span class='ocr_line' id='line_1_47' title="bbox 2380 2584 3944 2660; baseline 0.006 -25"><span class='ocrx_word' id='word_1_340' title='bbox 2380 2584 2555 2654; x_wconf 77' lang='grc' dir='ltr'>ψυχήν</span> <span class='ocrx_word' id='word_1_341' title='bbox 2600 2602 2730 2653; x_wconf 82' lang='grc' dir='ltr'>φασι</span> <span class='ocrx_word' id='word_1_342' title='bbox 2761 2587 2852 2638; x_wconf 76' lang='grc' dir='ltr'><strong>καὶ</strong></span> <span class='ocrx_word' id='word_1_343' title='bbox 2907 2587 3176 2639; x_wconf 79' lang='grc' dir='ltr'>Ἰουδαῖοι·</span> <span class='ocrx_word' id='word_1_344' title='bbox 3229 2587 3444 2659; x_wconf 80' lang='grc' dir='ltr'>ἐπειδὴ,</span> <span class='ocrx_word' id='word_1_345' title='bbox 3492 2588 3844 2660; x_wconf 81' lang='grc' dir='ltr'>ἀπωσάμενοι</span> <span class='ocrx_word' id='word_1_346' title='bbox 3885 2593 3944 2645; x_wconf 73' lang='grc' dir='ltr'><strong>το</strong></span> 
     </span>
    </p>
   </div>
   <div class='ocr_carea' id='block_1_48' title="bbox 2383 2675 3945 2754">
    <p class='ocr_par' dir='ltr' id='par_1_48' title="bbox 2383 2675 3945 2754">
     <span class='ocr_line' id='line_1_48' title="bbox 2383 2675 3945 2754; baseline 0.005 -28"><span class='ocrx_word' id='word_1_347' title='bbox 2383 2677 2594 2745; x_wconf 81' lang='grc' dir='ltr'>φρονεῖν</span> <span class='ocrx_word' id='word_1_348' title='bbox 2628 2675 2697 2726; x_wconf 73' lang='grc' dir='ltr'><strong>τά</strong></span> <span class='ocrx_word' id='word_1_349' title='bbox 2741 2676 2973 2746; x_wconf 81' lang='grc' dir='ltr'>Χριστοῦ</span> <span class='ocrx_word' id='word_1_350' title='bbox 3002 2715 3016 2740; x_wconf 93' lang='grc'><strong>,</strong></span> <span class='ocrx_word' id='word_1_351' title='bbox 3053 2681 3130 2740; x_wconf 86' lang='grc' dir='ltr'><strong>είς</strong></span> <span class='ocrx_word' id='word_1_352' title='bbox 3179 2678 3429 2749; x_wconf 78' lang='grc' dir='ltr'>φρόνημα</span> <span class='ocrx_word' id='word_1_353' title='bbox 3467 2679 3767 2733; x_wconf 80' lang='grc' dir='ltr'>κατέπεσον</span> <span class='ocrx_word' id='word_1_354' title='bbox 3816 2697 3945 2754; x_wconf 78' lang='grc' dir='ltr'>σαρ-</span> 
     </span>
    </p>
   </div>
   <div class='ocr_carea' id='block_1_49' title="bbox 2381 2764 2549 2818">
    <p class='ocr_par' dir='ltr' id='par_1_49' title="bbox 2381 2764 2549 2818">
     <span class='ocr_line' id='line_1_49' title="bbox 2381 2764 2549 2818; baseline -0.018 0"><span class='ocrx_word' id='word_1_355' title='bbox 2381 2764 2549 2818; x_wconf 76' lang='grc' dir='ltr'>κικόν.</span> 
     </span>
    </p>
   </div>
   <div class='ocr_carea' id='block_1_50' title="bbox 1937 2914 2685 2979">
    <p class='ocr_par' dir='ltr' id='par_1_50' title="bbox 1937 2914 2685 2979">
     <span class='ocr_line' id='line_1_50' title="bbox 1937 2914 2685 2979; baseline 0.016 -12"><span class='ocrx_word' id='word_1_356' title='bbox 1937 2914 2068 2969; x_wconf 83' lang='lat' dir='ltr'><strong>Item</strong></span> <span class='ocrx_word' id='word_1_357' title='bbox 2100 2917 2149 2971; x_wconf 86' lang='lat' dir='ltr'><strong>in</strong></span> <span class='ocrx_word' id='word_1_358' title='bbox 2184 2935 2384 2974; x_wconf 75' lang='lat' dir='ltr'><strong>versum</strong></span> <span class='ocrx_word' id='word_1_359' title='bbox 2413 2922 2685 2979; x_wconf 78' lang='lat' dir='ltr'><strong>ulti-mum.</strong></span> 
     </span>
    </p>
   </div>
   <div class='ocr_carea' id='block_1_51' title="bbox 784 3064 2340 3142">
    <p class='ocr_par' dir='ltr' id='par_1_51' title="bbox 784 3064 2340 3142">
     <span class='ocr_line' id='line_1_51' title="bbox 784 3064 2340 3142; baseline 0.008 -25"><span class='ocrx_word' id='word_1_360' title='bbox 784 3065 1124 3118; x_wconf 75' lang='lat' dir='ltr'><strong>Athanasius.</strong></span> <span class='ocrx_word' id='word_1_361' title='bbox 1173 3064 1373 3120; x_wconf 83' lang='lat' dir='ltr'><strong>Deinde</strong></span> <span class='ocrx_word' id='word_1_362' title='bbox 1416 3066 1656 3123; x_wconf 79' lang='lat' dir='ltr'><strong>indicant</strong></span> <span class='ocrx_word' id='word_1_363' title='bbox 1689 3068 1740 3123; x_wconf 78' lang='lat' dir='ltr'><strong>lii</strong></span> <span class='ocrx_word' id='word_1_364' title='bbox 1803 3086 1989 3127; x_wconf 74' lang='lat' dir='ltr'><strong>versus</strong></span> <span class='ocrx_word' id='word_1_365' title='bbox 2027 3074 2265 3128; x_wconf 75' lang='lat' dir='ltr'><strong>vocatio-</strong></span> <span class='ocrx_word' id='word_1_366' title='bbox 2299 3081 2340 3142; x_wconf 67' lang='grc' dir='ltr'><strong>(ς</strong></span> 
     </span>
    </p>
   </div>
   <div class='ocr_carea' id='block_1_52' title="bbox 721 3166 2274 3232">
    <p class='ocr_par' dir='ltr' id='par_1_52' title="bbox 721 3166 2274 3232">
     <span class='ocr_line' id='line_1_52' title="bbox 721 3166 2274 3232; baseline -0.003 -9"><span class='ocrx_word' id='word_1_367' title='bbox 721 3187 840 3223; x_wconf 82' lang='lat' dir='ltr'><strong>nem</strong></span> <span class='ocrx_word' id='word_1_368' title='bbox 903 3166 1052 3220; x_wconf 88' lang='lat' dir='ltr'><strong>illam</strong></span> <span class='ocrx_word' id='word_1_369' title='bbox 1108 3173 1161 3221; x_wconf 81' lang='lat' dir='ltr'><strong>et</strong></span> <span class='ocrx_word' id='word_1_370' title='bbox 1211 3180 1623 3221; x_wconf 72' lang='lat' dir='ltr'><strong>COnverstoneln</strong></span> <span class='ocrx_word' id='word_1_371' title='bbox 1684 3166 2053 3220; x_wconf 86' lang='lat' dir='ltr'><strong>lsraelitarum</strong></span> <span class='ocrx_word' id='word_1_372' title='bbox 2086 3204 2103 3228; x_wconf 91' lang='lat'><strong>,</strong></span> <span class='ocrx_word' id='word_1_373' title='bbox 2157 3179 2274 3232; x_wconf 67' lang='lat' dir='ltr'><strong>quae</strong></span> 
     </span>
    </p>
   </div>
   <div class='ocr_carea' id='block_1_53' title="bbox 718 3258 2274 3330">
    <p class='ocr_par' dir='ltr' id='par_1_53' title="bbox 718 3258 2274 3330">
     <span class='ocr_line' id='line_1_53' title="bbox 718 3258 2274 3330; baseline -0.001 -15"><span class='ocrx_word' id='word_1_374' title='bbox 718 3264 925 3317; x_wconf 75' lang='lat' dir='ltr'><strong>ultimis</strong></span> <span class='ocrx_word' id='word_1_375' title='bbox 953 3262 1286 3330; x_wconf 73' lang='lat' dir='ltr'><strong>temporibus</strong></span> <span class='ocrx_word' id='word_1_376' title='bbox 1325 3260 1556 3315; x_wconf 85' lang='lat' dir='ltr'><strong>accidet.</strong></span> <span class='ocrx_word' id='word_1_377' title='bbox 1591 3259 1695 3324; x_wconf 82' lang='lat' dir='ltr'><strong>Qui</strong></span> <span class='ocrx_word' id='word_1_378' title='bbox 1719 3260 1881 3313; x_wconf 88' lang='lat' dir='ltr'><strong>etiam</strong></span> <span class='ocrx_word' id='word_1_379' title='bbox 1909 3260 2092 3313; x_wconf 88' lang='lat' dir='ltr'><strong>dicunt</strong></span> <span class='ocrx_word' id='word_1_380' title='bbox 2125 3277 2137 3312; x_wconf 90' lang='lat'><strong>:</strong></span> <span class='ocrx_word' id='word_1_381' title='bbox 2165 3258 2274 3314; x_wconf 82' lang='lat' dir='ltr'><strong>Re-</strong></span> 
     </span>
    </p>
   </div>
   <div class='ocr_carea' id='block_1_54' title="bbox 717 3351 2276 3423">
    <p class='ocr_par' dir='ltr' id='par_1_54' title="bbox 717 3351 2276 3423">
     <span class='ocr_line' id='line_1_54' title="bbox 717 3351 2276 3423; baseline -0.001 -16"><span class='ocrx_word' id='word_1_382' title='bbox 717 3358 836 3423; x_wconf 80' lang='lat' dir='ltr'><strong>cipe</strong></span> <span class='ocrx_word' id='word_1_383' title='bbox 863 3367 985 3416; x_wconf 92' lang='lat' dir='ltr'><strong>nos,</strong></span> <span class='ocrx_word' id='word_1_384' title='bbox 1032 3361 1086 3405; x_wconf 90' lang='lat' dir='ltr'><strong>et</strong></span> <span class='ocrx_word' id='word_1_385' title='bbox 1117 3353 1194 3406; x_wconf 86' lang='lat' dir='ltr'><strong>sis</strong></span> <span class='ocrx_word' id='word_1_386' title='bbox 1240 3352 1396 3405; x_wconf 84' lang='lat' dir='ltr'><strong>nobis</strong></span> <span class='ocrx_word' id='word_1_387' title='bbox 1433 3351 1721 3420; x_wconf 85' lang='lat' dir='ltr'><strong>propitius.</strong></span> <span class='ocrx_word' id='word_1_388' title='bbox 1776 3351 2012 3420; x_wconf 85' lang='lat' dir='ltr'><strong>Tempus</strong></span> <span class='ocrx_word' id='word_1_389' title='bbox 2058 3365 2276 3420; x_wconf 89' lang='lat' dir='ltr'><strong>quoque</strong></span> 
     </span>
    </p>
   </div>
   <div class='ocr_carea' id='block_1_55' title="bbox 716 3441 2277 3509">
    <p class='ocr_par' dir='ltr' id='par_1_55' title="bbox 716 3441 2277 3509">
     <span class='ocr_line' id='line_1_55' title="bbox 716 3441 2277 3509; baseline -0.001 -11"><span class='ocrx_word' id='word_1_390' title='bbox 716 3445 1093 3499; x_wconf 83' lang='lat' dir='ltr'><strong>cooversionis</strong></span> <span class='ocrx_word' id='word_1_391' title='bbox 1124 3460 1255 3509; x_wconf 72' lang='lat' dir='ltr'><strong>sum,</strong></span> <span class='ocrx_word' id='word_1_392' title='bbox 1283 3442 1442 3496; x_wconf 85' lang='lat' dir='ltr'><strong>ﬁdem</strong></span> <span class='ocrx_word' id='word_1_393' title='bbox 1468 3443 1675 3498; x_wconf 88' lang='lat' dir='ltr'><strong>scilicet</strong></span> <span class='ocrx_word' id='word_1_394' title='bbox 1709 3443 1762 3496; x_wconf 91' lang='lat' dir='ltr'><strong>in</strong></span> <span class='ocrx_word' id='word_1_395' title='bbox 1797 3451 1868 3504; x_wconf 91' lang='lat' dir='ltr'><strong>te,</strong></span> <span class='ocrx_word' id='word_1_396' title='bbox 1920 3459 1952 3497; x_wconf 89' lang='grc' dir='ltr'><strong>ο</strong></span> <span class='ocrx_word' id='word_1_397' title='bbox 1987 3441 2148 3508; x_wconf 88' lang='lat' dir='ltr'><strong>Deus,</strong></span> <span class='ocrx_word' id='word_1_398' title='bbox 2183 3456 2277 3497; x_wconf 86' lang='lat' dir='ltr'><strong>ve-</strong></span> 
     </span>
    </p>
   </div>
   <div class='ocr_carea' id='block_1_56' title="bbox 721 3532 2279 3605">
    <p class='ocr_par' dir='ltr' id='par_1_56' title="bbox 721 3532 2279 3605">
     <span class='ocr_line' id='line_1_56' title="bbox 721 3532 2279 3605; baseline -0.003 -16"><span class='ocrx_word' id='word_1_399' title='bbox 721 3552 832 3590; x_wconf 81' lang='lat' dir='ltr'><strong>ram</strong></span> <span class='ocrx_word' id='word_1_400' title='bbox 890 3537 1252 3602; x_wconf 76' lang='lat' dir='ltr'><strong>conﬁtentur;</strong></span> <span class='ocrx_word' id='word_1_401' title='bbox 1294 3537 1646 3605; x_wconf 84' lang='lat' dir='ltr'><strong>subjicientes</strong></span> <span class='ocrx_word' id='word_1_402' title='bbox 1688 3533 1814 3587; x_wconf 90' lang='lat' dir='ltr'><strong>illud</strong></span> <span class='ocrx_word' id='word_1_403' title='bbox 1860 3556 1870 3588; x_wconf 86' lang='lat'><strong>;</strong></span> <span class='ocrx_word' id='word_1_404' title='bbox 1913 3532 2134 3600; x_wconf 82' lang='lat' dir='ltr'><strong>Propter</strong></span> <span class='ocrx_word' id='word_1_405' title='bbox 2184 3549 2279 3585; x_wconf 87' lang='lat' dir='ltr'><strong>no-</strong></span> 
     </span>
    </p>
   </div>
   <div class='ocr_carea' id='block_1_57' title="bbox 720 3622 2279 3695">
    <p class='ocr_par' dir='ltr' id='par_1_57' title="bbox 720 3622 2279 3695">
     <span class='ocr_line' id='line_1_57' title="bbox 720 3622 2279 3695; baseline -0.004 -15"><span class='ocrx_word' id='word_1_406' title='bbox 720 3645 836 3681; x_wconf 81' lang='lat' dir='ltr'><strong>men</strong></span> <span class='ocrx_word' id='word_1_407' title='bbox 881 3637 1049 3689; x_wconf 88' lang='lat' dir='ltr'><strong>tuum,</strong></span> <span class='ocrx_word' id='word_1_408' title='bbox 1097 3629 1299 3683; x_wconf 77' lang='lat' dir='ltr'><strong>diserte</strong></span> <span class='ocrx_word' id='word_1_409' title='bbox 1341 3628 1614 3688; x_wconf 81' lang='lat' dir='ltr'><strong>fatentur,</strong></span> <span class='ocrx_word' id='word_1_410' title='bbox 1657 3625 1799 3695; x_wconf 89' lang='lat' dir='ltr'><strong>quod</strong></span> <span class='ocrx_word' id='word_1_411' title='bbox 1837 3640 1943 3678; x_wconf 90' lang='lat' dir='ltr'><strong>non</strong></span> <span class='ocrx_word' id='word_1_412' title='bbox 1989 3624 2096 3678; x_wconf 88' lang='lat' dir='ltr'><strong>sint</strong></span> <span class='ocrx_word' id='word_1_413' title='bbox 2132 3622 2279 3691; x_wconf 77' lang='lat' dir='ltr'><strong>digni</strong></span> 
     </span>
    </p>
   </div>
   <div class='ocr_carea' id='block_1_58' title="bbox 719 3713 2278 3787">
    <p class='ocr_par' dir='ltr' id='par_1_58' title="bbox 719 3713 2278 3787">
     <span class='ocr_line' id='line_1_58' title="bbox 719 3713 2278 3787; baseline -0.005 -14"><span class='ocrx_word' id='word_1_414' title='bbox 719 3721 810 3787; x_wconf 79' lang='lat' dir='ltr'><strong>qui</strong></span> <span class='ocrx_word' id='word_1_415' title='bbox 856 3720 1283 3774; x_wconf 88' lang='lat' dir='ltr'><strong>misericordiam</strong></span> <span class='ocrx_word' id='word_1_416' title='bbox 1340 3727 1770 3786; x_wconf 83' lang='lat' dir='ltr'><strong>consequantur,</strong></span> <span class='ocrx_word' id='word_1_417' title='bbox 1822 3714 1966 3784; x_wconf 89' lang='lat' dir='ltr'><strong>quod</strong></span> <span class='ocrx_word' id='word_1_418' title='bbox 2021 3713 2278 3768; x_wconf 88' lang='lat' dir='ltr'><strong>contrarii</strong></span> 
     </span>
    </p>
   </div>
   <div class='ocr_carea' id='block_1_59' title="bbox 719 3806 2282 3879">
    <p class='ocr_par' dir='ltr' id='par_1_59' title="bbox 719 3806 2282 3879">
     <span class='ocr_line' id='line_1_59' title="bbox 719 3806 2282 3879; baseline -0.004 -14"><span class='ocrx_word' id='word_1_419' title='bbox 719 3810 939 3865; x_wconf 74' lang='lat' dir='ltr'><strong>Christo</strong></span> <span class='ocrx_word' id='word_1_420' title='bbox 970 3810 1191 3865; x_wconf 79' lang='lat' dir='ltr'><strong>fuerint.</strong></span> <span class='ocrx_word' id='word_1_421' title='bbox 1225 3810 1289 3864; x_wconf 89' lang='lat' dir='ltr'><strong>Et</strong></span> <span class='ocrx_word' id='word_1_422' title='bbox 1324 3820 1501 3864; x_wconf 90' lang='lat' dir='ltr'><strong>tamen</strong></span> <span class='ocrx_word' id='word_1_423' title='bbox 1538 3810 1760 3879; x_wconf 77' lang='lat' dir='ltr'><strong>dignum</strong></span> <span class='ocrx_word' id='word_1_424' title='bbox 1805 3814 1886 3861; x_wconf 84' lang='lat' dir='ltr'><strong>est</strong></span> <span class='ocrx_word' id='word_1_425' title='bbox 1937 3806 2073 3875; x_wconf 90' lang='lat' dir='ltr'><strong>ipso,</strong></span> <span class='ocrx_word' id='word_1_426' title='bbox 2120 3806 2282 3858; x_wconf 87' lang='lat' dir='ltr'><strong>misc-</strong></span> 
     </span>
    </p>
   </div>
   <div class='ocr_carea' id='block_1_60' title="bbox 721 3896 2279 3974">
    <p class='ocr_par' dir='ltr' id='par_1_60' title="bbox 721 3896 2279 3974">
     <span class='ocr_line' id='line_1_60' title="bbox 721 3896 2279 3974; baseline -0.004 -20"><span class='ocrx_word' id='word_1_427' title='bbox 721 3903 827 3955; x_wconf 84' lang='lat' dir='ltr'><strong>reri</strong></span> <span class='ocrx_word' id='word_1_428' title='bbox 854 3911 904 3955; x_wconf 91' lang='lat' dir='ltr'><strong>et</strong></span> <span class='ocrx_word' id='word_1_429' title='bbox 928 3903 1207 3972; x_wconf 68' lang='lat' dir='ltr'><strong>ignoscere</strong></span> <span class='ocrx_word' id='word_1_430' title='bbox 1233 3904 1473 3974; x_wconf 88' lang='lat' dir='ltr'><strong>lapsibus</strong></span> <span class='ocrx_word' id='word_1_431' title='bbox 1495 3902 1748 3956; x_wconf 88' lang='lat' dir='ltr'><strong>humanis</strong></span> <span class='ocrx_word' id='word_1_432' title='bbox 1773 3906 1990 3968; x_wconf 91' lang='lat' dir='ltr'><strong>propter</strong></span> <span class='ocrx_word' id='word_1_433' title='bbox 2019 3896 2279 3966; x_wconf 89' lang='lat' dir='ltr'><strong>seipsum.</strong></span> 
     </span>
    </p>
   </div>
   <div class='ocr_carea' id='block_1_61' title="bbox 719 3989 2274 4064">
    <p class='ocr_par' dir='ltr' id='par_1_61' title="bbox 719 3989 2274 4064">
     <span class='ocr_line' id='line_1_61' title="bbox 719 3989 2274 4064; baseline -0.003 -19"><span class='ocrx_word' id='word_1_434' title='bbox 719 3993 808 4046; x_wconf 81' lang='lat' dir='ltr'><strong>Ait</strong></span> <span class='ocrx_word' id='word_1_435' title='bbox 839 3994 981 4047; x_wconf 86' lang='lat' dir='ltr'><strong>enim</strong></span> <span class='ocrx_word' id='word_1_436' title='bbox 1009 4013 1022 4048; x_wconf 92' lang='lat'><strong>:</strong></span> <span class='ocrx_word' id='word_1_437' title='bbox 1071 3994 1189 4049; x_wconf 79' lang='lat' dir='ltr'><strong>Non</strong></span> <span class='ocrx_word' id='word_1_438' title='bbox 1217 3997 1355 4064; x_wconf 75' lang='lat' dir='ltr'><strong>facio</strong></span> <span class='ocrx_word' id='word_1_439' title='bbox 1388 4004 1601 4062; x_wconf 84' lang='lat' dir='ltr'><strong>propter</strong></span> <span class='ocrx_word' id='word_1_440' title='bbox 1644 4009 1752 4056; x_wconf 86' lang='lat' dir='ltr'><strong>vos,</strong></span> <span class='ocrx_word' id='word_1_441' title='bbox 1784 3991 1956 4060; x_wconf 83' lang='lat' dir='ltr'><strong>inquit</strong></span> <span class='ocrx_word' id='word_1_442' title='bbox 1996 3989 2274 4052; x_wconf 76' lang='lat' dir='ltr'><strong>Dominus,</strong></span> 
     </span>
    </p>
   </div>
   <div class='ocr_carea' id='block_1_62' title="bbox 718 4081 1556 4153">
    <p class='ocr_par' dir='ltr' id='par_1_62' title="bbox 718 4081 1556 4153">
     <span class='ocr_line' id='line_1_62' title="bbox 718 4081 1556 4153; baseline 0.001 -17"><span class='ocrx_word' id='word_1_443' title='bbox 718 4081 808 4136; x_wconf 83' lang='lat' dir='ltr'><strong>sed</strong></span> <span class='ocrx_word' id='word_1_444' title='bbox 841 4095 1049 4153; x_wconf 83' lang='lat' dir='ltr'><strong>propter</strong></span> <span class='ocrx_word' id='word_1_445' title='bbox 1079 4102 1261 4138; x_wconf 87' lang='lat' dir='ltr'><strong>nomen</strong></span> <span class='ocrx_word' id='word_1_446' title='bbox 1303 4100 1467 4137; x_wconf 85' lang='lat' dir='ltr'><strong>meum</strong></span> <span class='ocrx_word' id='word_1_447' title='bbox 1489 4085 1556 4137; x_wconf 81' lang='lat'><strong>“.</strong></span> 
     </span>
    </p>
   </div>
   <div class='ocr_carea' id='block_1_63' title="bbox 2447 3077 3946 3157">
    <p class='ocr_par' dir='ltr' id='par_1_63' title="bbox 2447 3077 3946 3157">
     <span class='ocr_line' id='line_1_63' title="bbox 2447 3077 3946 3157; baseline 0.006 -25"><span class='ocrx_word' id='word_1_448' title='bbox 2447 3077 2555 3149; x_wconf 80' lang='lat'><strong>(75)</strong></span> <span class='ocrx_word' id='word_1_449' title='bbox 2604 3079 2958 3148; x_wconf 70' lang='grc' dir='ltr'>Ἀθηνάσιος.</span> <span class='ocrx_word' id='word_1_450' title='bbox 2997 3083 3104 3135; x_wconf 68' lang='grc' dir='ltr'><strong>Καὶ</strong></span> <span class='ocrx_word' id='word_1_451' title='bbox 3131 3083 3229 3153; x_wconf 73' lang='grc' dir='ltr'><strong>τὴν</strong></span> <span class='ocrx_word' id='word_1_452' title='bbox 3262 3084 3319 3136; x_wconf 83' lang='grc' dir='ltr'>ὲν</span> <span class='ocrx_word' id='word_1_453' title='bbox 3349 3084 3593 3155; x_wconf 79' lang='grc' dir='ltr'>ὗστέροις</span> <span class='ocrx_word' id='word_1_454' title='bbox 3625 3086 3682 3138; x_wconf 80' lang='grc' dir='ltr'>δὲ</span> <span class='ocrx_word' id='word_1_455' title='bbox 3731 3089 3946 3157; x_wconf 77' lang='grc' dir='ltr'>καιροῖς</span> 
     </span>
    </p>
   </div>
   <div class='ocr_carea' id='block_1_64' title="bbox 2381 3174 3948 3247">
    <p class='ocr_par' dir='ltr' id='par_1_64' title="bbox 2381 3174 3948 3247">
     <span class='ocr_line' id='line_1_64' title="bbox 2381 3174 3948 3247; baseline 0.004 -22"><span class='ocrx_word' id='word_1_456' title='bbox 2381 3174 2642 3243; x_wconf 79' lang='grc' dir='ltr'>ἐσομένην</span> <span class='ocrx_word' id='word_1_457' title='bbox 2670 3175 2760 3227; x_wconf 89' lang='grc' dir='ltr'><strong>τοῦ</strong></span> <span class='ocrx_word' id='word_1_458' title='bbox 2801 3177 3014 3246; x_wconf 76' lang='grc' dir='ltr'>Ἰσραὴλ</span> <span class='ocrx_word' id='word_1_459' title='bbox 3044 3178 3370 3246; x_wconf 57' lang='grc' dir='ltr'>ἐπιστροφὴν</span> <span class='ocrx_word' id='word_1_460' title='bbox 3410 3176 3499 3228; x_wconf 76' lang='grc' dir='ltr'><strong>καὶ</strong></span> <span class='ocrx_word' id='word_1_461' title='bbox 3534 3177 3724 3247; x_wconf 75' lang='grc' dir='ltr'>κλῆσιν</span> <span class='ocrx_word' id='word_1_462' title='bbox 3753 3181 3804 3232; x_wconf 86' lang='grc' dir='ltr'>οἱ</span> <span class='ocrx_word' id='word_1_463' title='bbox 3837 3179 3948 3232; x_wconf 81' lang='grc' dir='ltr'>στί-</span> 
     </span>
    </p>
   </div>
   <div class='ocr_carea' id='block_1_65' title="bbox 2380 3264 3942 3339">
    <p class='ocr_par' dir='ltr' id='par_1_65' title="bbox 2380 3264 3942 3339">
     <span class='ocr_line' id='line_1_65' title="bbox 2380 3264 3942 3339; baseline 0.005 -26"><span class='ocrx_word' id='word_1_464' title='bbox 2380 3278 2464 3331; x_wconf 89' lang='grc' dir='ltr'><strong>χοι</strong></span> <span class='ocrx_word' id='word_1_465' title='bbox 2499 3264 2866 3332; x_wconf 75' lang='grc' dir='ltr'>σημαίνουσιν.</span> <span class='ocrx_word' id='word_1_466' title='bbox 2897 3267 2958 3316; x_wconf 76' lang='lat' dir='ltr'><strong>Oi</strong></span> <span class='ocrx_word' id='word_1_467' title='bbox 2984 3267 3074 3319; x_wconf 88' lang='grc' dir='ltr'><strong>καί</strong></span> <span class='ocrx_word' id='word_1_468' title='bbox 3101 3283 3261 3335; x_wconf 72' lang='grc' dir='ltr'>φασιν</span> <span class='ocrx_word' id='word_1_469' title='bbox 3286 3283 3297 3294; x_wconf 92' lang='grc'><strong>·</strong></span> <span class='ocrx_word' id='word_1_470' title='bbox 3345 3267 3651 3319; x_wconf 76' lang='grc' dir='ltr'>Ἀντιλάῦου</span> <span class='ocrx_word' id='word_1_471' title='bbox 3679 3269 3743 3339; x_wconf 77' lang='grc' dir='ltr'>δὴ</span> <span class='ocrx_word' id='word_1_472' title='bbox 3765 3268 3942 3339; x_wconf 78' lang='grc' dir='ltr'>ἡμῶν,</span> 
     </span>
    </p>
   </div>
   <div class='ocr_carea' id='block_1_66' title="bbox 2380 3347 3945 3425">
    <p class='ocr_par' dir='ltr' id='par_1_66' title="bbox 2380 3347 3945 3425">
     <span class='ocr_line' id='line_1_66' title="bbox 2380 3347 3945 3425; baseline 0.005 -26"><span class='ocrx_word' id='word_1_473' title='bbox 2380 3348 2473 3400; x_wconf 77' lang='grc' dir='ltr'>καὶ</span> <span class='ocrx_word' id='word_1_474' title='bbox 2503 3347 2640 3401; x_wconf 83' lang='grc' dir='ltr'>δίδον</span> <span class='ocrx_word' id='word_1_475' title='bbox 2670 3350 2729 3402; x_wconf 86' lang='grc' dir='ltr'><strong>τὸ</strong></span> <span class='ocrx_word' id='word_1_476' title='bbox 2758 3350 3000 3420; x_wconf 71' lang='grc' dir='ltr'>εὐμενές.</span> <span class='ocrx_word' id='word_1_477' title='bbox 3026 3353 3134 3405; x_wconf 73' lang='grc' dir='ltr'>Καὶ</span> <span class='ocrx_word' id='word_1_478' title='bbox 3166 3351 3352 3422; x_wconf 81' lang='grc' dir='ltr'>καιρὸν</span> <span class='ocrx_word' id='word_1_479' title='bbox 3378 3353 3714 3422; x_wconf 82' lang='grc' dir='ltr'>ἐπιστροφῆς</span> <span class='ocrx_word' id='word_1_480' title='bbox 3736 3355 3838 3425; x_wconf 78' lang='grc' dir='ltr'>τὴν</span> <span class='ocrx_word' id='word_1_481' title='bbox 3865 3357 3945 3419; x_wconf 89' lang='grc' dir='ltr'><strong>είς</strong></span> 
     </span>
    </p>
   </div>
   <div class='ocr_carea' id='block_1_67' title="bbox 2391 3438 3941 3513">
    <p class='ocr_par' dir='ltr' id='par_1_67' title="bbox 2391 3438 3941 3513">
     <span class='ocr_line' id='line_1_67' title="bbox 2391 3438 3941 3513; baseline 0.007 -25"><span class='ocrx_word' id='word_1_482' title='bbox 2391 3438 2451 3489; x_wconf 89' lang='grc' dir='ltr'>σὲ</span> <span class='ocrx_word' id='word_1_483' title='bbox 2500 3439 2754 3510; x_wconf 72' lang='grc' dir='ltr'>ἀληθινὴν</span> <span class='ocrx_word' id='word_1_484' title='bbox 2817 3441 2995 3494; x_wconf 80' lang='grc' dir='ltr'>πίστιν</span> <span class='ocrx_word' id='word_1_485' title='bbox 3047 3442 3393 3513; x_wconf 79' lang='grc' dir='ltr'>ὁμολογοῦσιν</span> <span class='ocrx_word' id='word_1_486' title='bbox 3433 3461 3446 3474; x_wconf 75' lang='grc'><em>’</em></span> <span class='ocrx_word' id='word_1_487' title='bbox 3484 3445 3779 3512; x_wconf 78' lang='grc' dir='ltr'>ἐπάγοντες</span> <span class='ocrx_word' id='word_1_488' title='bbox 3831 3445 3894 3499; x_wconf 85' lang='grc' dir='ltr'>τό</span> <span class='ocrx_word' id='word_1_489' title='bbox 3925 3463 3941 3478; x_wconf 78' lang='grc' dir='ltr'><strong>ο</strong></span> 
     </span>
    </p>
   </div>
   <div class='ocr_carea' id='block_1_68' title="bbox 2386 3526 3942 3605">
    <p class='ocr_par' dir='ltr' id='par_1_68' title="bbox 2386 3526 3942 3605">
     <span class='ocr_line' id='line_1_68' title="bbox 2386 3526 3942 3605; baseline 0.004 -24"><span class='ocrx_word' id='word_1_490' title='bbox 2386 3526 2634 3583; x_wconf 76' lang='grc' dir='ltr'>Ἕνεκεν</span> <span class='ocrx_word' id='word_1_491' title='bbox 2669 3529 2775 3583; x_wconf 83' lang='grc' dir='ltr'><strong>τοῦ</strong></span> <span class='ocrx_word' id='word_1_492' title='bbox 2818 3533 3103 3601; x_wconf 68' lang='grc' dir='ltr'>ὀνόματός</span> <span class='ocrx_word' id='word_1_493' title='bbox 3142 3549 3279 3598; x_wconf 85' lang='grc' dir='ltr'>σου,</span> <span class='ocrx_word' id='word_1_494' title='bbox 3318 3533 3615 3605; x_wconf 76' lang='grc' dir='ltr'>διαρρήδην</span> <span class='ocrx_word' id='word_1_495' title='bbox 3652 3535 3942 3604; x_wconf 78' lang='grc' dir='ltr'>ὁμολογοῦο</span> 
     </span>
    </p>
   </div>
   <div class='ocr_carea' id='block_1_69' title="bbox 2385 3622 3942 3697">
    <p class='ocr_par' dir='ltr' id='par_1_69' title="bbox 2385 3622 3942 3697">
     <span class='ocr_line' id='line_1_69' title="bbox 2385 3622 3942 3697; baseline 0.004 -23"><span class='ocrx_word' id='word_1_496' title='bbox 2385 3639 2467 3675; x_wconf 88' lang='grc' dir='ltr'><strong>σιν</strong></span> <span class='ocrx_word' id='word_1_497' title='bbox 2499 3662 2512 3686; x_wconf 92' lang='grc'><strong>,</strong></span> <span class='ocrx_word' id='word_1_498' title='bbox 2541 3622 2614 3688; x_wconf 90' lang='grc' dir='ltr'><strong>ώς</strong></span> <span class='ocrx_word' id='word_1_499' title='bbox 2644 3623 2740 3674; x_wconf 83' lang='grc' dir='ltr'><strong>ούκ</strong></span> <span class='ocrx_word' id='word_1_500' title='bbox 2767 3622 2904 3688; x_wconf 77' lang='grc' dir='ltr'>ἄξιοι</span> <span class='ocrx_word' id='word_1_501' title='bbox 2934 3623 3024 3676; x_wconf 84' lang='grc' dir='ltr'><strong>τοῦ</strong></span> <span class='ocrx_word' id='word_1_502' title='bbox 3065 3624 3327 3678; x_wconf 76' lang='grc' dir='ltr'>ἐλεεῖσθαι</span> <span class='ocrx_word' id='word_1_503' title='bbox 3376 3627 3511 3678; x_wconf 85' lang='grc' dir='ltr'>εἰσιν</span> <span class='ocrx_word' id='word_1_504' title='bbox 3547 3626 3595 3677; x_wconf 86' lang='grc' dir='ltr'>οἱ</span> <span class='ocrx_word' id='word_1_505' title='bbox 3631 3625 3772 3682; x_wconf 76' lang='grc' dir='ltr'>κατὰ</span> <span class='ocrx_word' id='word_1_506' title='bbox 3813 3628 3942 3697; x_wconf 81' lang='grc' dir='ltr'>Χρι-</span> 
     </span>
    </p>
   </div>
   <div class='ocr_carea' id='block_1_70' title="bbox 2384 3714 3941 3788">
    <p class='ocr_par' dir='ltr' id='par_1_70' title="bbox 2384 3714 3941 3788">
     <span class='ocr_line' id='line_1_70' title="bbox 2384 3714 3941 3788; baseline 0.001 -21"><span class='ocrx_word' id='word_1_507' title='bbox 2384 3714 2509 3767; x_wconf 87' lang='grc' dir='ltr'>στοῦ</span> <span class='ocrx_word' id='word_1_508' title='bbox 2537 3714 2831 3784; x_wconf 74' lang='grc' dir='ltr'>γενόμενοι.</span> <span class='ocrx_word' id='word_1_509' title='bbox 2863 3715 3068 3785; x_wconf 81' lang='grc' dir='ltr'>Πρέπει</span> <span class='ocrx_word' id='word_1_510' title='bbox 3109 3732 3169 3782; x_wconf 88' lang='grc' dir='ltr'><strong>γε</strong></span> <span class='ocrx_word' id='word_1_511' title='bbox 3209 3717 3312 3787; x_wconf 73' lang='grc' dir='ltr'>μὴν</span> <span class='ocrx_word' id='word_1_512' title='bbox 3338 3717 3396 3768; x_wconf 83' lang='grc' dir='ltr'><strong>τὸ</strong></span> <span class='ocrx_word' id='word_1_513' title='bbox 3428 3717 3595 3769; x_wconf 83' lang='grc' dir='ltr'>ἐλεεῖν</span> <span class='ocrx_word' id='word_1_514' title='bbox 3643 3718 3816 3788; x_wconf 76' lang='grc' dir='ltr'>αὐτῷ,</span> <span class='ocrx_word' id='word_1_515' title='bbox 3851 3719 3941 3771; x_wconf 69' lang='grc' dir='ltr'><strong>καὶ</strong></span> 
     </span>
    </p>
   </div>
   <div class='ocr_carea' id='block_1_71' title="bbox 2383 3805 3941 3877">
    <p class='ocr_par' dir='ltr' id='par_1_71' title="bbox 2383 3805 3941 3877">
     <span class='ocr_line' id='line_1_71' title="bbox 2383 3805 3941 3877; baseline 0.004 -21"><span class='ocrx_word' id='word_1_516' title='bbox 2383 3805 2772 3876; x_wconf 78' lang='grc' dir='ltr'>κατοικτείρειν</span> <span class='ocrx_word' id='word_1_517' title='bbox 2805 3809 2916 3867; x_wconf 84' lang='grc' dir='ltr'>τοῖς</span> <span class='ocrx_word' id='word_1_518' title='bbox 2946 3805 3303 3876; x_wconf 80' lang='grc' dir='ltr'>ἀνθρωπίνοις</span> <span class='ocrx_word' id='word_1_519' title='bbox 3355 3807 3655 3877; x_wconf 82' lang='grc' dir='ltr'>πταίσμασι</span> <span class='ocrx_word' id='word_1_520' title='bbox 3701 3808 3770 3860; x_wconf 74' lang='grc' dir='ltr'>δι’</span> <span class='ocrx_word' id='word_1_521' title='bbox 3821 3811 3941 3864; x_wconf 73' lang='grc' dir='ltr'>ἑαν-</span> 
     </span>
    </p>
   </div>
   <div class='ocr_carea' id='block_1_72' title="bbox 2381 3895 3940 3971">
    <p class='ocr_par' dir='ltr' id='par_1_72' title="bbox 2381 3895 3940 3971">
     <span class='ocr_line' id='line_1_72' title="bbox 2381 3895 3940 3971; baseline 0.005 -23"><span class='ocrx_word' id='word_1_522' title='bbox 2381 3897 2492 3949; x_wconf 87' lang='grc' dir='ltr'><strong>τὸν.</strong></span> <span class='ocrx_word' id='word_1_523' title='bbox 2525 3898 2662 3968; x_wconf 74' lang='grc' dir='ltr'><strong>Φησὶ</strong></span> <span class='ocrx_word' id='word_1_524' title='bbox 2692 3897 2798 3966; x_wconf 89' lang='grc' dir='ltr'><strong>γάρ</strong></span> <span class='ocrx_word' id='word_1_525' title='bbox 2819 3913 2832 3926; x_wconf 74' lang='grc'><strong>⁸</strong></span> <span class='ocrx_word' id='word_1_526' title='bbox 2868 3899 2947 3950; x_wconf 85' lang='grc' dir='ltr'><strong>Οὐ</strong></span> <span class='ocrx_word' id='word_1_527' title='bbox 2974 3895 3047 3949; x_wconf 81' lang='grc' dir='ltr'>δι’</span> <span class='ocrx_word' id='word_1_528' title='bbox 3081 3896 3234 3966; x_wconf 77' lang='grc' dir='ltr'>ὑμᾶς</span> <span class='ocrx_word' id='word_1_529' title='bbox 3265 3897 3380 3967; x_wconf 75' lang='grc' dir='ltr'><strong>ἐγὼ</strong></span> <span class='ocrx_word' id='word_1_530' title='bbox 3410 3897 3573 3964; x_wconf 77' lang='grc' dir='ltr'>ποιῶ,</span> <span class='ocrx_word' id='word_1_531' title='bbox 3607 3898 3771 3971; x_wconf 73' lang='grc' dir='ltr'>λέγει</span> <span class='ocrx_word' id='word_1_532' title='bbox 3821 3899 3940 3956; x_wconf 76' lang='grc' dir='ltr'><strong>Κύ-</strong></span> 
     </span>
    </p>
   </div>
   <div class='ocr_carea' id='block_1_73' title="bbox 2377 3987 3346 4059">
    <p class='ocr_par' dir='ltr' id='par_1_73' title="bbox 2377 3987 3346 4059">
     <span class='ocr_line' id='line_1_73' title="bbox 2377 3987 3346 4059; baseline 0.001 -17"><span class='ocrx_word' id='word_1_533' title='bbox 2377 4004 2526 4054; x_wconf 77' lang='grc' dir='ltr'>ριος,</span> <span class='ocrx_word' id='word_1_534' title='bbox 2555 3989 2689 4042; x_wconf 74' lang='grc' dir='ltr'><strong>ἀλλ’</strong></span> <span class='ocrx_word' id='word_1_535' title='bbox 2722 3987 2758 4056; x_wconf 78' lang='grc' dir='ltr'><strong><em>ἦ</em></strong></span> <span class='ocrx_word' id='word_1_536' title='bbox 2794 3988 2889 4042; x_wconf 72' lang='grc' dir='ltr'>διὰ</span> <span class='ocrx_word' id='word_1_537' title='bbox 2911 3989 2974 4042; x_wconf 81' lang='grc' dir='ltr'>τὸ</span> <span class='ocrx_word' id='word_1_538' title='bbox 2998 3987 3184 4059; x_wconf 76' lang='grc' dir='ltr'>ὄνομά</span> <span class='ocrx_word' id='word_1_539' title='bbox 3209 4006 3346 4058; x_wconf 82' lang='grc' dir='ltr'>μου.</span> 
     </span>
    </p>
   </div>
   <div class='ocr_carea' id='block_1_74' title="bbox 798 4210 3843 4291">
    <p class='ocr_par' dir='ltr' id='par_1_74' title="bbox 798 4210 3843 4291">
     <span class='ocr_line' id='line_1_74' title="bbox 798 4210 3843 4291; baseline -0.004 -18"><span class='ocrx_word' id='word_1_540' title='bbox 798 4223 988 4276; x_wconf 81' lang='lat' dir='ltr'><strong>Deinde</strong></span> <span class='ocrx_word' id='word_1_541' title='bbox 1016 4224 1249 4290; x_wconf 72' lang='lat' dir='ltr'><strong>sequitur</strong></span> <span class='ocrx_word' id='word_1_542' title='bbox 1292 4230 1655 4291; x_wconf 81' lang='lat' dir='ltr'><strong>argumentum</strong></span> <span class='ocrx_word' id='word_1_543' title='bbox 1691 4222 1742 4272; x_wconf 90' lang='lat' dir='ltr'><strong>in</strong></span> <span class='ocrx_word' id='word_1_544' title='bbox 1776 4219 2034 4287; x_wconf 87' lang='lat' dir='ltr'><strong>psalmum</strong></span> <span class='ocrx_word' id='word_1_545' title='bbox 2071 4230 2190 4270; x_wconf 59' lang='grc' dir='ltr'><strong>κων</strong></span> <span class='ocrx_word' id='word_1_546' title='bbox 2236 4214 2429 4268; x_wconf 84' lang='lat' dir='ltr'><strong>eisdem</strong></span> <span class='ocrx_word' id='word_1_547' title='bbox 2469 4228 2679 4265; x_wconf 74' lang='lat' dir='ltr'><strong>urorsus</strong></span> <span class='ocrx_word' id='word_1_548' title='bbox 2711 4211 2873 4264; x_wconf 80' lang='lat' dir='ltr'><strong>verbis</strong></span> <span class='ocrx_word' id='word_1_549' title='bbox 2925 4211 3111 4280; x_wconf 80' lang='lat' dir='ltr'><strong>quibus</strong></span> <span class='ocrx_word' id='word_1_550' title='bbox 3164 4210 3383 4263; x_wconf 83' lang='lat' dir='ltr'><strong>habetur</strong></span> <span class='ocrx_word' id='word_1_551' title='bbox 3435 4224 3634 4278; x_wconf 75' lang='lat' dir='ltr'><strong>supra;</strong></span> <span class='ocrx_word' id='word_1_552' title='bbox 3679 4225 3843 4277; x_wconf 81' lang='lat' dir='ltr'><strong>quare</strong></span> 
     </span>
    </p>
   </div>
   <div class='ocr_carea' id='block_1_75' title="bbox 721 4294 1097 4345">
    <p class='ocr_par' dir='ltr' id='par_1_75' title="bbox 721 4294 1097 4345">
     <span class='ocr_line' id='line_1_75' title="bbox 721 4294 1097 4345; baseline -0.008 0"><span class='ocrx_word' id='word_1_553' title='bbox 721 4294 968 4345; x_wconf 83' lang='lat' dir='ltr'><strong>omissum</strong></span> <span class='ocrx_word' id='word_1_554' title='bbox 1005 4303 1097 4344; x_wconf 66' lang='lat' dir='ltr'><strong>est.</strong></span> 
     </span>
    </p>
   </div>
   <div class='ocr_carea' id='block_1_76' title="bbox 1071 4435 3602 4518">
    <p class='ocr_par' dir='ltr' id='par_1_76' title="bbox 1071 4435 3602 4518">
     <span class='ocr_line' id='line_1_76' title="bbox 1071 4435 3602 4518; baseline -0.008 -11"><span class='ocrx_word' id='word_1_555' title='bbox 1071 4454 1136 4507; x_wconf 83' lang='lat' dir='ltr'><strong>Et</strong></span> <span class='ocrx_word' id='word_1_556' title='bbox 1163 4457 1212 4506; x_wconf 90' lang='lat' dir='ltr'><strong>in</strong></span> <span class='ocrx_word' id='word_1_557' title='bbox 1244 4467 1441 4506; x_wconf 85' lang='lat' dir='ltr'><strong>versum</strong></span> <span class='ocrx_word' id='word_1_558' title='bbox 1493 4451 1742 4518; x_wconf 87' lang='lat' dir='ltr'><strong>primum,</strong></span> <span class='ocrx_word' id='word_1_559' title='bbox 1771 4447 2048 4518; x_wconf 76' lang='lat' dir='ltr'><strong>prwmissa</strong></span> <span class='ocrx_word' id='word_1_560' title='bbox 2095 4444 2310 4509; x_wconf 84' lang='lat' dir='ltr'><strong>Basilii,</strong></span> <span class='ocrx_word' id='word_1_561' title='bbox 2334 4442 2693 4512; x_wconf 78' lang='lat' dir='ltr'><strong>Chrysostomi</strong></span> <span class='ocrx_word' id='word_1_562' title='bbox 2724 4448 2772 4493; x_wconf 86' lang='lat' dir='ltr'><strong>et</strong></span> <span class='ocrx_word' id='word_1_563' title='bbox 2821 4436 3034 4492; x_wconf 83' lang='lat' dir='ltr'><strong>Eusebii</strong></span> <span class='ocrx_word' id='word_1_564' title='bbox 3059 4440 3335 4500; x_wconf 78' lang='lat' dir='ltr'><strong>sententia,</strong></span> <span class='ocrx_word' id='word_1_565' title='bbox 3371 4435 3602 4504; x_wconf 81' lang='lat' dir='ltr'><strong>subjicit.</strong></span> 
     </span>
    </p>
   </div>
   <div class='ocr_carea' id='block_1_77' title="bbox 794 4585 2305 4680">
    <p class='ocr_par' dir='ltr' id='par_1_77' title="bbox 794 4598 2275 4680">
     <span class='ocr_line' id='line_1_77' title="bbox 794 4598 2275 4680; baseline -0.008 -16"><span class='ocrx_word' id='word_1_566' title='bbox 794 4611 1019 4680; x_wconf 81' lang='lat' dir='ltr'><strong>Magnus</strong></span> <span class='ocrx_word' id='word_1_567' title='bbox 1050 4623 1176 4663; x_wconf 88' lang='lat' dir='ltr'><strong>vero</strong></span> <span class='ocrx_word' id='word_1_568' title='bbox 1212 4605 1631 4669; x_wconf 82' lang='lat' dir='ltr'><strong>Athanasius,et</strong></span> <span class='ocrx_word' id='word_1_569' title='bbox 1660 4604 1816 4659; x_wconf 85' lang='lat' dir='ltr'><strong>divus</strong></span> <span class='ocrx_word' id='word_1_570' title='bbox 1843 4602 2100 4674; x_wconf 86' lang='lat' dir='ltr'><strong>Cyrillus,</strong></span> <span class='ocrx_word' id='word_1_571' title='bbox 2120 4598 2275 4668; x_wconf 88' lang='lat' dir='ltr'><strong>quasi</strong></span> 
     </span>
    </p>
   </div>
   <div class='ocr_carea' id='block_1_78' title="bbox 2385 4585 3943 4680">
    <p class='ocr_par' dir='ltr' id='par_1_78' title="bbox 2454 4585 3943 4664">
     <span class='ocr_line' id='line_1_78' title="bbox 2454 4585 3943 4664; baseline -0.006 -17"><span class='ocrx_word' id='word_1_572' title='bbox 2454 4595 2563 4664; x_wconf 83' lang='lat'><strong>(76)</strong></span> <span class='ocrx_word' id='word_1_573' title='bbox 2601 4593 2912 4657; x_wconf 82' lang='grc' dir='ltr'>Ἀθανάσιος</span> <span class='ocrx_word' id='word_1_574' title='bbox 2940 4593 2996 4646; x_wconf 80' lang='grc' dir='ltr'>δὲ</span> <span class='ocrx_word' id='word_1_575' title='bbox 3017 4595 3045 4647; x_wconf 81' lang='grc' dir='ltr'>ὁ</span> <span class='ocrx_word' id='word_1_576' title='bbox 3071 4592 3208 4646; x_wconf 83' lang='grc' dir='ltr'>πάνυ</span> <span class='ocrx_word' id='word_1_577' title='bbox 3240 4591 3334 4645; x_wconf 77' lang='grc' dir='ltr'>καὶ</span> <span class='ocrx_word' id='word_1_578' title='bbox 3354 4593 3382 4644; x_wconf 89' lang='grc' dir='ltr'>ὁ</span> <span class='ocrx_word' id='word_1_579' title='bbox 3405 4590 3544 4654; x_wconf 81' lang='grc' dir='ltr'>θεῖος</span> <span class='ocrx_word' id='word_1_580' title='bbox 3572 4587 3839 4660; x_wconf 77' lang='grc' dir='ltr'>Κύριλλος</span> <span class='ocrx_word' id='word_1_581' title='bbox 3873 4585 3943 4650; x_wconf 83' lang='grc' dir='ltr'>ὡς</span> 
     </span>
    </p>
   </div>
   <div class='ocr_carea' id='block_1_79' title="bbox 722 4688 2281 4770">
    <p class='ocr_par' dir='ltr' id='par_1_79' title="bbox 722 4688 2281 4770">
     <span class='ocr_line' id='line_1_79' title="bbox 722 4688 2281 4770; baseline -0.011 -13"><span class='ocrx_word' id='word_1_582' title='bbox 722 4705 838 4757; x_wconf 68' lang='lat' dir='ltr'><strong>haec</strong></span> <span class='ocrx_word' id='word_1_583' title='bbox 871 4718 933 4756; x_wconf 79' lang='lat' dir='ltr'><strong>ex</strong></span> <span class='ocrx_word' id='word_1_584' title='bbox 968 4714 1197 4770; x_wconf 88' lang='lat' dir='ltr'><strong>persona</strong></span> <span class='ocrx_word' id='word_1_585' title='bbox 1240 4696 1335 4750; x_wconf 91' lang='lat' dir='ltr'><strong>Dei</strong></span> <span class='ocrx_word' id='word_1_586' title='bbox 1391 4706 1445 4748; x_wconf 85' lang='lat' dir='ltr'><strong>et</strong></span> <span class='ocrx_word' id='word_1_587' title='bbox 1494 4694 1671 4748; x_wconf 84' lang='lat' dir='ltr'><strong>Patris</strong></span> <span class='ocrx_word' id='word_1_588' title='bbox 1710 4694 2038 4754; x_wconf 86' lang='lat' dir='ltr'><strong>dicerentur,</strong></span> <span class='ocrx_word' id='word_1_589' title='bbox 2083 4688 2281 4743; x_wconf 86' lang='lat' dir='ltr'><strong>intelli-</strong></span> 
     </span>
    </p>
   </div>
   <div class='ocr_carea' id='block_1_80' title="bbox 725 4780 2280 4864">
    <p class='ocr_par' dir='ltr' id='par_1_80' title="bbox 725 4780 2280 4864">
     <span class='ocr_line' id='line_1_80' title="bbox 725 4780 2280 4864; baseline -0.012 -15"><span class='ocrx_word' id='word_1_590' title='bbox 725 4803 860 4864; x_wconf 76' lang='lat' dir='ltr'><strong>gunt</strong></span> <span class='ocrx_word' id='word_1_591' title='bbox 885 4807 946 4847; x_wconf 89' lang='lat' dir='ltr'><strong>ea</strong></span> <span class='ocrx_word' id='word_1_592' title='bbox 985 4790 1051 4844; x_wconf 91' lang='lat' dir='ltr'><strong>de</strong></span> <span class='ocrx_word' id='word_1_593' title='bbox 1084 4787 1280 4852; x_wconf 84' lang='lat' dir='ltr'><strong>Verbo,</strong></span> <span class='ocrx_word' id='word_1_594' title='bbox 1311 4787 1455 4857; x_wconf 92' lang='lat' dir='ltr'><strong>quod</strong></span> <span class='ocrx_word' id='word_1_595' title='bbox 1482 4787 1619 4855; x_wconf 89' lang='lat' dir='ltr'><strong>apud</strong></span> <span class='ocrx_word' id='word_1_596' title='bbox 1644 4784 1856 4837; x_wconf 85' lang='lat' dir='ltr'><strong>Patrem</strong></span> <span class='ocrx_word' id='word_1_597' title='bbox 1897 4790 2014 4837; x_wconf 92' lang='lat' dir='ltr'><strong>erat</strong></span> <span class='ocrx_word' id='word_1_598' title='bbox 2043 4782 2095 4834; x_wconf 89' lang='lat' dir='ltr'><strong>in</strong></span> <span class='ocrx_word' id='word_1_599' title='bbox 2129 4780 2280 4850; x_wconf 92' lang='lat' dir='ltr'><strong>prin-</strong></span> 
     </span>
    </p>
   </div>
   <div class='ocr_carea' id='block_1_81' title="bbox 725 4871 2284 4955">
    <p class='ocr_par' dir='ltr' id='par_1_81' title="bbox 725 4871 2284 4955">
     <span class='ocr_line' id='line_1_81' title="bbox 725 4871 2284 4955; baseline -0.011 -16"><span class='ocrx_word' id='word_1_600' title='bbox 725 4873 865 4955; x_wconf 74' lang='lat' dir='ltr'><strong>cipio</strong></span> <span class='ocrx_word' id='word_1_601' title='bbox 892 4903 906 4942; x_wconf 84' lang='lat'><strong>:</strong></span> <span class='ocrx_word' id='word_1_602' title='bbox 935 4882 1100 4952; x_wconf 87' lang='lat' dir='ltr'><strong>quod,</strong></span> <span class='ocrx_word' id='word_1_603' title='bbox 1137 4879 1410 4947; x_wconf 85' lang='lat' dir='ltr'><strong>inquiunt,</strong></span> <span class='ocrx_word' id='word_1_604' title='bbox 1452 4874 1852 4946; x_wconf 87' lang='lat' dir='ltr'><strong>quodammodo</strong></span> <span class='ocrx_word' id='word_1_605' title='bbox 1886 4889 1950 4926; x_wconf 80' lang='lat' dir='ltr'><strong>ex</strong></span> <span class='ocrx_word' id='word_1_606' title='bbox 1983 4871 2142 4927; x_wconf 90' lang='lat' dir='ltr'><strong>corde</strong></span> <span class='ocrx_word' id='word_1_607' title='bbox 2191 4878 2284 4923; x_wconf 86' lang='lat' dir='ltr'><strong>aut</strong></span> 
     </span>
    </p>
   </div>
   <div class='ocr_carea' id='block_1_82' title="bbox 726 4962 2284 5041">
    <p class='ocr_par' dir='ltr' id='par_1_82' title="bbox 726 4962 2284 5041">
     <span class='ocr_line' id='line_1_82' title="bbox 726 4962 2284 5041; baseline -0.008 -17"><span class='ocrx_word' id='word_1_608' title='bbox 726 4972 860 5041; x_wconf 83' lang='lat' dir='ltr'><strong>ipsis</strong></span> <span class='ocrx_word' id='word_1_609' title='bbox 896 4968 1198 5022; x_wconf 88' lang='lat' dir='ltr'><strong>visceribus</strong></span> <span class='ocrx_word' id='word_1_610' title='bbox 1247 4965 1550 5035; x_wconf 80' lang='lat' dir='ltr'><strong>progenuit.</strong></span> <span class='ocrx_word' id='word_1_611' title='bbox 1586 4965 1659 5018; x_wconf 89' lang='lat' dir='ltr'><strong>De</strong></span> <span class='ocrx_word' id='word_1_612' title='bbox 1701 4977 1808 5032; x_wconf 93' lang='lat' dir='ltr'><strong>quo</strong></span> <span class='ocrx_word' id='word_1_613' title='bbox 1836 4962 1997 5016; x_wconf 87' lang='lat' dir='ltr'><strong>etiam</strong></span> <span class='ocrx_word' id='word_1_614' title='bbox 2029 4962 2160 5015; x_wconf 88' lang='lat' dir='ltr'><strong>dicit</strong></span> <span class='ocrx_word' id='word_1_615' title='bbox 2189 4975 2284 5028; x_wconf 86' lang='lat' dir='ltr'><strong>per</strong></span> 
     </span>
    </p>
   </div>
   <div class='ocr_carea' id='block_1_83' title="bbox 729 5051 2284 5117">
    <p class='ocr_par' dir='ltr' id='par_1_83' title="bbox 729 5051 2284 5117">
     <span class='ocr_line' id='line_1_83' title="bbox 729 5051 2284 5117; baseline -0.006 -2"><span class='ocrx_word' id='word_1_616' title='bbox 729 5063 980 5117; x_wconf 79' lang='lat' dir='ltr'><strong>Davidem</strong></span> <span class='ocrx_word' id='word_1_617' title='bbox 1010 5080 1022 5113; x_wconf 93' lang='lat'><strong>:</strong></span> <span class='ocrx_word' id='word_1_618' title='bbox 1058 5059 1328 5113; x_wconf 80' lang='lat' dir='ltr'><strong>Ernctavit</strong></span> <span class='ocrx_word' id='word_1_619' title='bbox 1361 5075 1449 5111; x_wconf 89' lang='lat' dir='ltr'><strong>cor</strong></span> <span class='ocrx_word' id='word_1_620' title='bbox 1481 5072 1650 5109; x_wconf 84' lang='lat' dir='ltr'><strong>meum</strong></span> <span class='ocrx_word' id='word_1_621' title='bbox 1686 5055 1893 5109; x_wconf 83' lang='lat' dir='ltr'><strong>verbum</strong></span> <span class='ocrx_word' id='word_1_622' title='bbox 1922 5054 2130 5106; x_wconf 85' lang='lat' dir='ltr'><strong>bonum.</strong></span> <span class='ocrx_word' id='word_1_623' title='bbox 2151 5051 2284 5107; x_wconf 89' lang='lat' dir='ltr'><strong>Pro-</strong></span> 
     </span>
    </p>
   </div>
   <div class='ocr_carea' id='block_1_84' title="bbox 728 5143 2283 5222">
    <p class='ocr_par' dir='ltr' id='par_1_84' title="bbox 728 5143 2283 5222">
     <span class='ocr_line' id='line_1_84' title="bbox 728 5143 2283 5222; baseline -0.008 -14"><span class='ocrx_word' id='word_1_624' title='bbox 728 5164 921 5220; x_wconf 72' lang='lat' dir='ltr'><strong>gnatus</strong></span> <span class='ocrx_word' id='word_1_625' title='bbox 946 5167 1178 5222; x_wconf 88' lang='lat' dir='ltr'><strong>namque</strong></span> <span class='ocrx_word' id='word_1_626' title='bbox 1224 5161 1305 5206; x_wconf 89' lang='lat' dir='ltr'><strong>est</strong></span> <span class='ocrx_word' id='word_1_627' title='bbox 1331 5150 1529 5213; x_wconf 87' lang='lat' dir='ltr'><strong>Filius,</strong></span> <span class='ocrx_word' id='word_1_628' title='bbox 1559 5155 1619 5204; x_wconf 89' lang='lat' dir='ltr'><strong>ut</strong></span> <span class='ocrx_word' id='word_1_629' title='bbox 1651 5162 1830 5202; x_wconf 87' lang='lat' dir='ltr'><strong>sermo</strong></span> <span class='ocrx_word' id='word_1_630' title='bbox 1860 5160 1923 5198; x_wconf 74' lang='lat' dir='ltr'><strong>ex</strong></span> <span class='ocrx_word' id='word_1_631' title='bbox 1955 5153 2155 5208; x_wconf 90' lang='lat' dir='ltr'><strong>mente,</strong></span> <span class='ocrx_word' id='word_1_632' title='bbox 2183 5143 2283 5196; x_wconf 85' lang='lat' dir='ltr'><strong>b0-</strong></span> 
     </span>
    </p>
   </div>
   <div class='ocr_carea' id='block_1_85' title="bbox 728 5235 2282 5305">
    <p class='ocr_par' dir='ltr' id='par_1_85' title="bbox 728 5235 2282 5305">
     <span class='ocr_line' id='line_1_85' title="bbox 728 5235 2282 5305; baseline -0.003 -12"><span class='ocrx_word' id='word_1_633' title='bbox 728 5258 830 5296; x_wconf 85' lang='lat' dir='ltr'><strong>nns</strong></span> <span class='ocrx_word' id='word_1_634' title='bbox 864 5256 926 5294; x_wconf 83' lang='lat' dir='ltr'><strong>ex</strong></span> <span class='ocrx_word' id='word_1_635' title='bbox 965 5241 1127 5305; x_wconf 92' lang='lat' dir='ltr'><strong>bono,</strong></span> <span class='ocrx_word' id='word_1_636' title='bbox 1177 5240 1317 5294; x_wconf 78' lang='lat' dir='ltr'><strong>Dens</strong></span> <span class='ocrx_word' id='word_1_637' title='bbox 1355 5256 1419 5295; x_wconf 85' lang='lat' dir='ltr'><strong>ex</strong></span> <span class='ocrx_word' id='word_1_638' title='bbox 1453 5238 1581 5293; x_wconf 87' lang='lat' dir='ltr'><strong>Deo.</strong></span> <span class='ocrx_word' id='word_1_639' title='bbox 1635 5235 2044 5292; x_wconf 87' lang='lat' dir='ltr'><strong>Observandum</strong></span> <span class='ocrx_word' id='word_1_640' title='bbox 2101 5249 2282 5304; x_wconf 85' lang='lat' dir='ltr'><strong>porro,</strong></span> 
     </span>
    </p>
   </div>
   <div class='ocr_carea' id='block_1_86' title="bbox 726 5325 2284 5401">
    <p class='ocr_par' dir='ltr' id='par_1_86' title="bbox 726 5325 2284 5401">
     <span class='ocr_line' id='line_1_86' title="bbox 726 5325 2284 5401; baseline -0.004 -17"><span class='ocrx_word' id='word_1_641' title='bbox 726 5333 874 5401; x_wconf 81' lang='lat' dir='ltr'><strong>inqui</strong></span> <span class='ocrx_word' id='word_1_642' title='bbox 905 5332 1116 5385; x_wconf 86' lang='lat' dir='ltr'><strong>Patrem</strong></span> <span class='ocrx_word' id='word_1_643' title='bbox 1150 5332 1216 5386; x_wconf 90' lang='lat' dir='ltr'><strong>de</strong></span> <span class='ocrx_word' id='word_1_644' title='bbox 1242 5331 1377 5385; x_wconf 86' lang='lat' dir='ltr'><strong>Filio</strong></span> <span class='ocrx_word' id='word_1_645' title='bbox 1412 5340 1666 5397; x_wconf 89' lang='lat' dir='ltr'><strong>tanquam</strong></span> <span class='ocrx_word' id='word_1_646' title='bbox 1694 5330 1993 5385; x_wconf 87' lang='lat' dir='ltr'><strong>incarnato.</strong></span> <span class='ocrx_word' id='word_1_647' title='bbox 2029 5341 2156 5380; x_wconf 91' lang='lat' dir='ltr'><strong>cum</strong></span> <span class='ocrx_word' id='word_1_648' title='bbox 2189 5325 2284 5379; x_wconf 88' lang='lat' dir='ltr'><strong>ait:</strong></span> 
     </span>
    </p>
   </div>
   <div class='ocr_carea' id='block_1_87' title="bbox 730 5417 2286 5492">
    <p class='ocr_par' dir='ltr' id='par_1_87' title="bbox 730 5417 2286 5492">
     <span class='ocr_line' id='line_1_87' title="bbox 730 5417 2286 5492; baseline -0.004 -18"><span class='ocrx_word' id='word_1_649' title='bbox 730 5423 858 5477; x_wconf 88' lang='lat' dir='ltr'><strong>Dico</strong></span> <span class='ocrx_word' id='word_1_650' title='bbox 880 5439 970 5492; x_wconf 82' lang='lat' dir='ltr'><strong>ego</strong></span> <span class='ocrx_word' id='word_1_651' title='bbox 1000 5439 1154 5491; x_wconf 88' lang='lat' dir='ltr'><strong>opera</strong></span> <span class='ocrx_word' id='word_1_652' title='bbox 1181 5439 1292 5476; x_wconf 87' lang='lat' dir='ltr'><strong>mea</strong></span> <span class='ocrx_word' id='word_1_653' title='bbox 1319 5423 1444 5492; x_wconf 86' lang='lat' dir='ltr'><strong>regi.</strong></span> <span class='ocrx_word' id='word_1_654' title='bbox 1486 5418 1619 5474; x_wconf 86' lang='lat' dir='ltr'><strong>Nam</strong></span> <span class='ocrx_word' id='word_1_655' title='bbox 1679 5427 1887 5473; x_wconf 78' lang='lat' dir='ltr'><strong>tantum</strong></span> <span class='ocrx_word' id='word_1_656' title='bbox 1923 5432 2028 5471; x_wconf 91' lang='lat' dir='ltr'><strong>non</strong></span> <span class='ocrx_word' id='word_1_657' title='bbox 2060 5417 2286 5475; x_wconf 84' lang='lat' dir='ltr'><strong>Dromit-</strong></span> 
     </span>
    </p>
   </div>
   <div class='ocr_carea' id='block_1_88' title="bbox 830 5598 1346 5662">
    <p class='ocr_par' dir='ltr' id='par_1_88' title="bbox 830 5598 1346 5662">
     <span class='ocr_line' id='line_1_88' title="bbox 830 5598 1346 5662; baseline 0.004 -10"><span class='ocrx_word' id='word_1_658' title='bbox 830 5601 876 5632; x_wconf 79' lang='lat'>“</span> <span class='ocrx_word' id='word_1_659' title='bbox 908 5598 1096 5654; x_wconf 83' lang='lat' dir='ltr'><strong>Ezech.</strong></span> <span class='ocrx_word' id='word_1_660' title='bbox 1139 5615 1227 5662; x_wconf 75' lang='lat' dir='ltr'><strong>xx,</strong></span> <span class='ocrx_word' id='word_1_661' title='bbox 1259 5598 1346 5655; x_wconf 73' lang='grc'><strong>14.</strong></span> 
     </span>
    </p>
   </div>
   <div class='ocr_carea' id='block_1_89' title="bbox 805 5753 1334 5819">
    <p class='ocr_par' dir='ltr' id='par_1_89' title="bbox 805 5753 1334 5819">
     <span class='ocr_line' id='line_1_89' title="bbox 805 5753 1334 5819; baseline 0.009 -14"><span class='ocrx_word' id='word_1_662' title='bbox 805 5753 912 5819; x_wconf 63' lang='lat' dir='ltr'><strong>(&quot;Mr</strong></span> <span class='ocrx_word' id='word_1_663' title='bbox 945 5759 1063 5812; x_wconf 60' lang='lat' dir='ltr'><strong>Hac</strong></span> <span class='ocrx_word' id='word_1_664' title='bbox 1083 5763 1151 5811; x_wconf 73' lang='lat' dir='ltr'><strong>i0!</strong></span> <span class='ocrx_word' id='word_1_665' title='bbox 1195 5759 1334 5814; x_wconf 78' lang='lat' dir='ltr'><strong>Vide.</strong></span> 
     </span>
    </p>
   </div>
   <div class='ocr_carea' id='block_1_90' title="bbox 803 5823 2245 5890">
    <p class='ocr_par' dir='ltr' id='par_1_90' title="bbox 803 5823 2245 5890">
     <span class='ocr_line' id='line_1_90' title="bbox 803 5823 2245 5890; baseline 0 -12"><span class='ocrx_word' id='word_1_666' title='bbox 803 5827 910 5890; x_wconf 62' lang='grc' dir='ltr'><strong>(7δῖ</strong></span> <span class='ocrx_word' id='word_1_667' title='bbox 942 5827 1057 5880; x_wconf 69' lang='grc' dir='ltr'>ΙΙεις</span> <span class='ocrx_word' id='word_1_668' title='bbox 1087 5829 1327 5881; x_wconf 83' lang='lat' dir='ltr'><strong>auctiora</strong></span> <span class='ocrx_word' id='word_1_669' title='bbox 1364 5837 1487 5884; x_wconf 87' lang='lat' dir='ltr'><strong>sunt</strong></span> <span class='ocrx_word' id='word_1_670' title='bbox 1512 5843 1670 5887; x_wconf 80' lang='lat' dir='ltr'><strong>quam</strong></span> <span class='ocrx_word' id='word_1_671' title='bbox 1719 5829 1769 5882; x_wconf 91' lang='lat' dir='ltr'><strong>in</strong></span> <span class='ocrx_word' id='word_1_672' title='bbox 1796 5823 2245 5883; x_wconf 70' lang='lat' dir='ltr'><strong>Expositionibus.</strong></span> 
     </span>
    </p>
   </div>
   <div class='ocr_carea' id='block_1_91' title="bbox 2383 4679 3944 4755">
    <p class='ocr_par' dir='ltr' id='par_1_91' title="bbox 2383 4679 3944 4755">
     <span class='ocr_line' id='line_1_91' title="bbox 2383 4679 3944 4755; baseline -0.005 -14"><span class='ocrx_word' id='word_1_673' title='bbox 2383 4691 2446 4742; x_wconf 83' lang='grc' dir='ltr'>ἐκ</span> <span class='ocrx_word' id='word_1_674' title='bbox 2474 4685 2762 4755; x_wconf 73' lang='grc' dir='ltr'>προσώπου</span> <span class='ocrx_word' id='word_1_675' title='bbox 2798 4685 2891 4738; x_wconf 84' lang='grc' dir='ltr'><strong>τοῦ</strong></span> <span class='ocrx_word' id='word_1_676' title='bbox 2931 4683 3065 4737; x_wconf 87' lang='grc' dir='ltr'>Θεοῦ</span> <span class='ocrx_word' id='word_1_677' title='bbox 3097 4686 3192 4738; x_wconf 72' lang='grc' dir='ltr'>καὶ</span> <span class='ocrx_word' id='word_1_678' title='bbox 3236 4682 3445 4754; x_wconf 78' lang='grc' dir='ltr'>Πατρὸς</span> <span class='ocrx_word' id='word_1_679' title='bbox 3475 4679 3728 4749; x_wconf 78' lang='grc' dir='ltr'>λέγεσθαι</span> <span class='ocrx_word' id='word_1_680' title='bbox 3775 4679 3944 4734; x_wconf 83' lang='grc' dir='ltr'>ταῦτα</span> 
     </span>
    </p>
   </div>
   <div class='ocr_carea' id='block_1_92' title="bbox 2384 4769 3944 4848">
    <p class='ocr_par' dir='ltr' id='par_1_92' title="bbox 2384 4769 3944 4848">
     <span class='ocr_line' id='line_1_92' title="bbox 2384 4769 3944 4848; baseline -0.006 -18"><span class='ocrx_word' id='word_1_681' title='bbox 2384 4781 2560 4830; x_wconf 79' lang='grc' dir='ltr'>νοοῦσι</span> <span class='ocrx_word' id='word_1_682' title='bbox 2595 4778 2721 4848; x_wconf 76' lang='grc' dir='ltr'>περὶ</span> <span class='ocrx_word' id='word_1_683' title='bbox 2749 4775 2842 4830; x_wconf 86' lang='grc' dir='ltr'><strong>τοῦ</strong></span> <span class='ocrx_word' id='word_1_684' title='bbox 2871 4776 2929 4828; x_wconf 84' lang='grc' dir='ltr'>ὲν</span> <span class='ocrx_word' id='word_1_685' title='bbox 2957 4776 3097 4846; x_wconf 77' lang='grc' dir='ltr'>ἀρχῇ</span> <span class='ocrx_word' id='word_1_686' title='bbox 3125 4774 3273 4836; x_wconf 75' lang='grc' dir='ltr'>ὄντος</span> <span class='ocrx_word' id='word_1_687' title='bbox 3301 4771 3436 4842; x_wconf 81' lang='grc' dir='ltr'>πρὸς</span> <span class='ocrx_word' id='word_1_688' title='bbox 3469 4771 3629 4823; x_wconf 81' lang='grc' dir='ltr'>αὐτὸν</span> <span class='ocrx_word' id='word_1_689' title='bbox 3661 4769 3861 4839; x_wconf 84' lang='grc' dir='ltr'>Λόγον,</span> <span class='ocrx_word' id='word_1_690' title='bbox 3887 4769 3944 4822; x_wconf 79' lang='grc' dir='ltr'><strong>δν</strong></span> 
     </span>
    </p>
   </div>
   <div class='ocr_carea' id='block_1_93' title="bbox 2385 4861 3942 4940">
    <p class='ocr_par' dir='ltr' id='par_1_93' title="bbox 2385 4861 3942 4940">
     <span class='ocr_line' id='line_1_93' title="bbox 2385 4861 3942 4940; baseline -0.005 -17"><span class='ocrx_word' id='word_1_691' title='bbox 2385 4872 2449 4923; x_wconf 79' lang='grc' dir='ltr'>ὲκ</span> <span class='ocrx_word' id='word_1_692' title='bbox 2481 4871 2578 4940; x_wconf 80' lang='grc' dir='ltr'><strong>τῆς</strong></span> <span class='ocrx_word' id='word_1_693' title='bbox 2605 4869 2766 4921; x_wconf 71' lang='grc' dir='ltr'>οἱονεὶ</span> <span class='ocrx_word' id='word_1_694' title='bbox 2790 4867 3013 4939; x_wconf 81' lang='grc' dir='ltr'>καρδίας</span> <span class='ocrx_word' id='word_1_695' title='bbox 3042 4866 3076 4935; x_wconf 78' lang='grc' dir='ltr'>ἢ</span> <span class='ocrx_word' id='word_1_696' title='bbox 3106 4864 3283 4918; x_wconf 85' lang='grc' dir='ltr'>αὐτῶν</span> <span class='ocrx_word' id='word_1_697' title='bbox 3304 4863 3409 4917; x_wconf 81' lang='grc' dir='ltr'><strong>τῶν</strong></span> <span class='ocrx_word' id='word_1_698' title='bbox 3427 4862 3768 4932; x_wconf 84' lang='grc' dir='ltr'>σπλάγχνων,</span> <span class='ocrx_word' id='word_1_699' title='bbox 3793 4861 3942 4932; x_wconf 81' lang='grc' dir='ltr'>φασὶ,</span> 
     </span>
    </p>
   </div>
   <div class='ocr_carea' id='block_1_94' title="bbox 2386 4951 3946 5034">
    <p class='ocr_par' dir='ltr' id='par_1_94' title="bbox 2386 4951 3946 5034">
     <span class='ocr_line' id='line_1_94' title="bbox 2386 4951 3946 5034; baseline -0.006 -19"><span class='ocrx_word' id='word_1_700' title='bbox 2386 4963 2689 5034; x_wconf 84' lang='grc' dir='ltr'>προήγαγε.</span> <span class='ocrx_word' id='word_1_701' title='bbox 2740 4960 2874 5031; x_wconf 79' lang='grc' dir='ltr'>Περὶ</span> <span class='ocrx_word' id='word_1_702' title='bbox 2904 4951 2964 5010; x_wconf 74' lang='grc' dir='ltr'><strong>οὗ</strong></span> <span class='ocrx_word' id='word_1_703' title='bbox 3001 4958 3095 5010; x_wconf 71' lang='grc' dir='ltr'><strong>καὶ</strong></span> <span class='ocrx_word' id='word_1_704' title='bbox 3123 4955 3270 5024; x_wconf 82' lang='grc' dir='ltr'>λέγει</span> <span class='ocrx_word' id='word_1_705' title='bbox 3314 4954 3401 5008; x_wconf 81' lang='grc' dir='ltr'>διὰ</span> <span class='ocrx_word' id='word_1_706' title='bbox 3441 4953 3633 5006; x_wconf 77' lang='grc' dir='ltr'>Δαυϊδ·</span> <span class='ocrx_word' id='word_1_707' title='bbox 3679 4954 3946 5024; x_wconf 77' lang='grc' dir='ltr'>Ἐξηρεύο</span> 
     </span>
    </p>
   </div>
   <div class='ocr_carea' id='block_1_95' title="bbox 2390 5044 3943 5120">
    <p class='ocr_par' dir='ltr' id='par_1_95' title="bbox 2390 5044 3943 5120">
     <span class='ocr_line' id='line_1_95' title="bbox 2390 5044 3943 5120; baseline -0.006 -14"><span class='ocrx_word' id='word_1_708' title='bbox 2390 5054 2539 5118; x_wconf 83' lang='grc' dir='ltr'>ξατο</span> <span class='ocrx_word' id='word_1_709' title='bbox 2572 5053 2609 5120; x_wconf 68' lang='grc' dir='ltr'><strong>ἡ</strong></span> <span class='ocrx_word' id='word_1_710' title='bbox 2631 5049 2842 5118; x_wconf 80' lang='grc' dir='ltr'>καρδία</span> <span class='ocrx_word' id='word_1_711' title='bbox 2859 5067 2977 5118; x_wconf 87' lang='grc' dir='ltr'>μου</span> <span class='ocrx_word' id='word_1_712' title='bbox 2998 5050 3182 5116; x_wconf 73' lang='grc' dir='ltr'>λόγον</span> <span class='ocrx_word' id='word_1_713' title='bbox 3205 5047 3443 5116; x_wconf 79' lang='grc' dir='ltr'>ἀγαθόν.</span> <span class='ocrx_word' id='word_1_714' title='bbox 3465 5044 3793 5116; x_wconf 75' lang='grc' dir='ltr'>Γεγέννηται</span> <span class='ocrx_word' id='word_1_715' title='bbox 3819 5046 3943 5115; x_wconf 84' lang='grc' dir='ltr'>γὰρ,</span> 
     </span>
    </p>
   </div>
   <div class='ocr_carea' id='block_1_96' title="bbox 2389 5135 3942 5210">
    <p class='ocr_par' dir='ltr' id='par_1_96' title="bbox 2389 5135 3942 5210">
     <span class='ocr_line' id='line_1_96' title="bbox 2389 5135 3942 5210; baseline -0.005 -14"><span class='ocrx_word' id='word_1_716' title='bbox 2389 5145 2464 5207; x_wconf 86' lang='grc' dir='ltr'>ὼς</span> <span class='ocrx_word' id='word_1_717' title='bbox 2487 5143 2642 5210; x_wconf 85' lang='grc' dir='ltr'>λόγος</span> <span class='ocrx_word' id='word_1_718' title='bbox 2675 5142 2738 5193; x_wconf 82' lang='grc' dir='ltr'>ἐκ</span> <span class='ocrx_word' id='word_1_719' title='bbox 2773 5139 2887 5202; x_wconf 88' lang='grc' dir='ltr'>νοῦ,</span> <span class='ocrx_word' id='word_1_720' title='bbox 2921 5138 3122 5208; x_wconf 84' lang='grc' dir='ltr'>ἀγαθὸς</span> <span class='ocrx_word' id='word_1_721' title='bbox 3154 5137 3213 5204; x_wconf 79' lang='grc' dir='ltr'>ἐξ</span> <span class='ocrx_word' id='word_1_722' title='bbox 3247 5135 3473 5206; x_wconf 80' lang='grc' dir='ltr'>ἀγαθοῦ,</span> <span class='ocrx_word' id='word_1_723' title='bbox 3510 5135 3642 5199; x_wconf 82' lang='grc' dir='ltr'>Θεὸς</span> <span class='ocrx_word' id='word_1_724' title='bbox 3682 5137 3748 5189; x_wconf 85' lang='grc' dir='ltr'>ὲκ</span> <span class='ocrx_word' id='word_1_725' title='bbox 3792 5135 3942 5188; x_wconf 82' lang='grc' dir='ltr'>Θεοῦ.</span> 
     </span>
    </p>
   </div>
   <div class='ocr_carea' id='block_1_97' title="bbox 2393 5227 3949 5305">
    <p class='ocr_par' dir='ltr' id='par_1_97' title="bbox 2393 5227 3949 5305">
     <span class='ocr_line' id='line_1_97' title="bbox 2393 5227 3949 5305; baseline -0.004 -19"><span class='ocrx_word' id='word_1_726' title='bbox 2393 5234 2582 5305; x_wconf 82' lang='grc' dir='ltr'>Ἀθρει</span> <span class='ocrx_word' id='word_1_727' title='bbox 2630 5233 2686 5286; x_wconf 83' lang='grc' dir='ltr'>δὲ</span> <span class='ocrx_word' id='word_1_728' title='bbox 2719 5231 2793 5295; x_wconf 84' lang='grc' dir='ltr'>ὡς</span> <span class='ocrx_word' id='word_1_729' title='bbox 2823 5231 2949 5303; x_wconf 79' lang='grc' dir='ltr'>περὶ</span> <span class='ocrx_word' id='word_1_730' title='bbox 2999 5229 3510 5301; x_wconf 85' lang='grc' dir='ltr'>ὲνανθρωπήσαντος</span> <span class='ocrx_word' id='word_1_731' title='bbox 3555 5227 3648 5280; x_wconf 88' lang='grc' dir='ltr'><strong>τοῦ</strong></span> <span class='ocrx_word' id='word_1_732' title='bbox 3686 5228 3822 5281; x_wconf 83' lang='grc' dir='ltr'>Υίοῦ</span> <span class='ocrx_word' id='word_1_733' title='bbox 3868 5227 3949 5280; x_wconf 77' lang='grc' dir='ltr'>λέ-</span> 
     </span>
    </p>
   </div>
   <div class='ocr_carea' id='block_1_98' title="bbox 2391 5313 3949 5393">
    <p class='ocr_par' dir='ltr' id='par_1_98' title="bbox 2391 5313 3949 5393">
     <span class='ocr_line' id='line_1_98' title="bbox 2391 5313 3949 5393; baseline -0.006 -17"><span class='ocrx_word' id='word_1_734' title='bbox 2391 5340 2553 5393; x_wconf 90' lang='grc' dir='ltr'>γοντα</span> <span class='ocrx_word' id='word_1_735' title='bbox 2585 5321 2674 5374; x_wconf 82' lang='grc' dir='ltr'><strong>τὸν</strong></span> <span class='ocrx_word' id='word_1_736' title='bbox 2707 5321 2925 5391; x_wconf 82' lang='grc' dir='ltr'>Πατέρα</span> <span class='ocrx_word' id='word_1_737' title='bbox 2949 5337 2962 5350; x_wconf 70' lang='grc' dir='ltr'><strong>ο</strong></span> <span class='ocrx_word' id='word_1_738' title='bbox 3000 5318 3162 5389; x_wconf 60' lang='grc' dir='ltr'>Λέγω</span> <span class='ocrx_word' id='word_1_739' title='bbox 3188 5317 3303 5388; x_wconf 73' lang='grc' dir='ltr'>ἐγὼ</span> <span class='ocrx_word' id='word_1_740' title='bbox 3333 5318 3404 5371; x_wconf 78' lang='grc' dir='ltr'>τὰ</span> <span class='ocrx_word' id='word_1_741' title='bbox 3433 5317 3574 5386; x_wconf 54' lang='grc' dir='ltr'>ἔργα</span> <span class='ocrx_word' id='word_1_742' title='bbox 3594 5333 3714 5385; x_wconf 84' lang='grc' dir='ltr'>μου</span> <span class='ocrx_word' id='word_1_743' title='bbox 3742 5313 3823 5379; x_wconf 82' lang='grc' dir='ltr'>τῷ</span> <span class='ocrx_word' id='word_1_744' title='bbox 3839 5315 3949 5378; x_wconf 67' lang='grc' dir='ltr'><strong>,βας</strong></span> 
     </span>
    </p>
   </div>
   <div class='ocr_carea' id='block_1_99' title="bbox 2393 5406 3948 5484">
    <p class='ocr_par' dir='ltr' id='par_1_99' title="bbox 2393 5406 3948 5484">
     <span class='ocr_line' id='line_1_99' title="bbox 2393 5406 3948 5484; baseline -0.006 -13"><span class='ocrx_word' id='word_1_745' title='bbox 2393 5415 2573 5471; x_wconf 72' lang='grc' dir='ltr'>σιλεῒ.</span> <span class='ocrx_word' id='word_1_746' title='bbox 2592 5413 2888 5483; x_wconf 70' lang='grc' dir='ltr'>Μονονουχὶ</span> <span class='ocrx_word' id='word_1_747' title='bbox 2907 5412 3015 5484; x_wconf 86' lang='grc' dir='ltr'>γὰρ</span> <span class='ocrx_word' id='word_1_748' title='bbox 3031 5412 3471 5482; x_wconf 82' lang='grc' dir='ltr'>καθυπισχνεῖται</span> <span class='ocrx_word' id='word_1_749' title='bbox 3484 5407 3756 5463; x_wconf 79' lang='grc' dir='ltr'>διδάσκειν</span> <span class='ocrx_word' id='word_1_750' title='bbox 3770 5406 3948 5473; x_wconf 73' lang='grc' dir='ltr'>αὑτὸν,</span> 
     </span>
    </p>
   </div>
   <div class='ocr_carea' id='block_1_100' title="bbox 2474 5746 3944 5825">
    <p class='ocr_par' dir='ltr' id='par_1_100' title="bbox 2474 5746 3944 5825">
     <span class='ocr_line' id='line_1_100' title="bbox 2474 5746 3944 5825; baseline -0.004 -17"><span class='ocrx_word' id='word_1_751' title='bbox 2474 5752 2580 5825; x_wconf 87' lang='lat'><strong>(76)</strong></span> <span class='ocrx_word' id='word_1_752' title='bbox 2613 5753 2943 5824; x_wconf 81' lang='lat' dir='ltr'><strong>Expressnm</strong></span> <span class='ocrx_word' id='word_1_753' title='bbox 2998 5767 3060 5808; x_wconf 83' lang='lat' dir='ltr'><strong>ex</strong></span> <span class='ocrx_word' id='word_1_754' title='bbox 3097 5746 3532 5821; x_wconf 80' lang='lat' dir='ltr'><strong>interpretatione</strong></span> <span class='ocrx_word' id='word_1_755' title='bbox 3581 5747 3778 5816; x_wconf 83' lang='lat' dir='ltr'><strong>psalmi</strong></span> <span class='ocrx_word' id='word_1_756' title='bbox 3810 5758 3944 5806; x_wconf 73' lang='lat' dir='ltr'><strong>uzv.</strong></span> 
     </span>
    </p>
   </div>
  </div>
