4126 6518
225 458 325 515 565

1247 422 1671 517 FRAGMENTA
1709 458 2068 517 conamur.
2116 460 2181 514 IN
2216 455 2556 513 psunos.

3370 455 3470 513 566

222 575 421 640 ὁποίοις
444 576 559 630 τισὶ
573 575 756 645 λόγοις
795 576 1076 648 χρήσεται.
1123 574 1433 648 ἐμϐιϐάζων
1470 580 1615 649 ἡμᾶς
1636 580 1713 641 εἰς
1739 578 1787 630 τὲ

1903 577 1963 630 tit
1996 591 2054 630 se
2087 576 2263 645 ipsum
2295 572 2652 630 edocturum.
2687 570 2993 640 cuiusmodi
3048 572 3226 628 verbis
3260 574 3335 628 uti
3376 575 3468 632 de-

220 664 351 738 δρᾷν
384 665 456 718 τά
477 666 618 737 ἔργα
637 664 1009 737 αὐτοῦ.Ἔργα
1029 666 1087 719 δὲ
1110 665 1247 719 Θεοῦ
1275 684 1455 738 φαμεν
1482 667 1578 738 τὴν
1604 667 1797 738 εὐσεϐῆ

220 756 590 829 πλιτείαν,ῆτ
598 775 643 822 ις
655 758 742 812 διὰ
757 758 863 812 τῶν
871 758 1244 826 εὐαγγελικιῖη
1260 759 1624 831 κηρυγμάτων
1641 761 1799 827 γέγο-

219 863 309 901 νεν
330 850 465 919 ἡμῖν
487 849 759 919 ἐμφανής.
792 847 1117 920 Προσλαλῶν
1149 846 1205 900 δὲ
1240 848 1473 919 Χριστὸς
1528 848 1797 911 Ἰουδαίοις

218 940 287 995 τὰ
315 942 567 1014 χρήσιμα
596 941 735 1013 πρὸς
769 941 1065 1012 σωτηρίαν,
1100 940 1179 1012 τῷ
1214 943 1387 1012 Πατρὶ
1438 943 1562 1006 τοὺς
1601 941 1795 995 ἑαυτοῦ

218 1033 412 1104 λόγους
438 1034 671 1087 ἀνετίθει
704 1032 873 1102 λέγων
892 1050 907 1065 ’
947 1035 1073 1088 Ἀπ’
1107 1034 1366 1103 ἐμαυτοῦ
1400 1032 1545 1086 ποιῶ
1571 1033 1748 1086 οὐδέν
1779 1050 1792 1063 ·

218 1125 315 1178 καὶ
347 1124 509 1178 πάλιν
532 1142 546 1155 ’
599 1124 652 1176 Ὀ
686 1123 889 1191 Πατὴρ
910 1121 1111 1194 ἀγαπᾷ
1144 1122 1250 1177 τὸν
1286 1122 1441 1186 Υίόν,
1470 1122 1566 1175 καί
1600 1121 1797 1175 πάντα

218 1216 537 1271 δείκνυσιν
579 1213 739 1280 αὐτῷ
777 1214 817 1268 ἁ
860 1214 1042 1281 αὐτὸς
1088 1213 1262 1269 ποιεῖ.
1312 1213 1483 1268 Καλεί
1533 1213 1590 1265 δὲ
1635 1212 1795 1265 αὑτὸν

222 1305 446 1379 βασιλέα
476 1305 619 1359 κατὰ
652 1306 842 1377 καιρὸν
873 1308 903 1359 6
948 1306 1159 1377 Πατὴρ,
1208 1305 1282 1368 ὡς
1335 1305 1402 1357 ἂν
1460 1304 1535 1375 μὴ
1588 1302 1666 1374 τῷ
1698 1304 1796 1374 τῆς

219 1399 693 1471 ὲνανθρωπήσεως
725 1399 909 1470 μέτρῳ
935 1397 1059 1469 δόξῃ
1094 1398 1194 1467 τῆς
1220 1396 1447 1467 ἐνούσης
1475 1395 1623 1466 αὐτῷ
1653 1395 1795 1449 κατὰ

218 1492 382 1564 φύσιν
415 1492 572 1559 ἀξίας
601 1491 988 1564 ἀποφέρεσθαι.
1018 1492 1239 1562 Ἔμεινε
1272 1490 1382 1561 γάρ
1408 1490 1504 1543 καὶ
1534 1489 1672 1560 μετὰ
1694 1489 1793 1559 τὴν

216 1588 531 1657 οἰκονομίαν
550 1586 700 1639 οὐδὲν
721 1583 902 1658 ἦττον,
938 1587 1001 1637 ὲκ
1026 1583 1286 1655 βασιλέως
1314 1582 1389 1635 ὢν
1428 1582 1522 1636 τοῦ
1557 1582 1789 1652 [ἰατρὸς.

218 1679 496 1748 βασιλεὺς,
532 1679 626 1732 καὶ
672 1678 860 1748 ὥσπερ
908 1675 1157 1747 βασιλεὺς
1192 1676 1450 1746 ὑπάρχων
1500 1674 1595 1727 καὶ
1637 1673 1790 1735 Θεὸς,

215 1774 295 1835 τίς
324 1769 588 1841 βασιλέως
620 1770 795 1841 ἀρχὴν
827 1769 1046 1839 λέγεται
1074 1766 1351 1839 ἔρχεσθαι,
1382 1766 1469 1820 διά
1501 1766 1562 1819 τὸ
1596 1782 1791 1836 σεπαρ-

214 1863 446 1917 κῶσθαι.
481 1862 637 1918 Οὕτω
675 1864 769 1917 καὶ
821 1864 963 1935 άπερ
1023 1858 1130 1915 οἶδε
1178 1861 1420 1931 φυσικῶς
1451 1903 1465 1927 ,
1516 1861 1590 1924 ὡς
1632 1861 1786 1924 Θεὸς,

1901 671 2043 736 beat,
2076 668 2340 723 inducens
2362 681 2484 729 nos,
2533 671 2593 717 ut
2636 661 2902 719 faciamus
2935 678 3100 733 opera
3125 665 3264 735 ejus.
3293 664 3468 737 Opera

1900 777 2030 818 vero
2067 760 2160 815 Dei
2209 760 2467 822 dicimus,
2514 756 2658 827 piam
2702 757 3198 823 conversationem,
3227 774 3349 828 qua:
3375 774 3469 828 per

1902 853 2338 924 praedicationem
2376 849 2744 919 evangelieam
2786 848 2946 904 nobis
2977 847 3326 904 manifestata
3362 861 3468 905 est.

1899 944 2149 1000 Christus
2182 959 2333 1007 vero,
2367 958 2491 997 cum
2522 950 2820 1011 exponeret
2865 939 3067 998 ludatis
3115 957 3238 1011 qua:
3271 942 3340 996 ad
3375 957 3466 996 sa-

1900 1038 2066 1091 lutem
2108 1037 2369 1102 facerent,
2419 1035 2647 1090 ascribit
2690 1050 2754 1090 ea
2794 1033 2940 1089 Patri
2978 1051 3111 1099 suo,
3165 1035 3419 1104 inquiens
3453 1054 3465 1087 :

1901 1132 1941 1181 Α
1988 1145 2068 1182 me
2116 1131 2229 1197 ipso
2259 1128 2392 1181 nihil
2447 1127 2623 1196 facio;
2679 1132 2732 1179 ct
2781 1139 3000 1179 rursum
3046 1121 3253 1178 :Pater
3285 1124 3465 1196 diligit

1899 1219 2123 1283 Filium,
2153 1228 2200 1272 cl
2226 1218 2455 1273 ostendit
2490 1218 2591 1285 ipsi
2623 1217 2798 1269 omnia
2823 1232 2954 1285 .qua:
2986 1215 3198 1284 facit".
3221 1215 3470 1285 Appellat

1897 1327 2025 1366 vero
2076 1312 2239 1366 etiam
2279 1309 2437 1363 Pater
2468 1307 2666 1363 Filium
2706 1320 2885 1378 regem
2936 1322 3033 1377 pro
3079 1318 3341 1377 tempore,
3400 1326 3467 1365 ne

1899 1403 2150 1458 videatur
2181 1401 2560 1456 mediocritate
2598 1398 2994 1455 incarnationis
3043 1398 3256 1469 aliquid
3279 1400 3461 1455 detra-

1898 1495 2025 1548 here
2056 1494 2346 1563 majestati.
2396 1509 2559 1563 quam
2619 1509 2714 1563 per
2746 1504 2994 1547 naturam
3027 1493 3213 1549 habet.
3257 1491 3461 1549 Mansit

1893 1585 2038 1641 enim
2067 1588 2232 1640 etiam
2279 1597 2398 1655 post
2441 1586 2874 1640 incarnationem
2925 1585 3286 1641 nihilominus
3340 1602 3458 1651 rex,

1896 1689 2137 1733 natusex
2173 1677 2333 1733 Patre
2365 1696 2520 1749 rege:
2550 1688 2603 1734 et
2637 1680 2755 1735 licet
2799 1692 2889 1732 rex
2932 1690 3095 1750 atque
3122 1678 3290 1741 Deus.
3323 1679 3462 1734 dici-

1897 1779 1985 1824 tur
2016 1771 2079 1823 ad
2113 1774 2314 1840 regiam
2353 1770 2670 1841 dignitatem
2715 1772 2871 1825 evehi
2898 1812 2911 1831 ,
2948 1781 3167 1841 prepter
3211 1771 3459 1824 incarna-

1897 1862 2121 1915 tionem.
2153 1861 2434 1927 Similiter,
2465 1878 2803 1932 qmeeunque
2835 1864 3157 1918 naturaliter
3200 1864 3351 1917 novit
3403 1875 3461 1916 ut

213 1956 385 2011 ταῦτα
418 1956 582 2012 πάλιν
610 1957 831 2012 ἀκούειν
859 1956 1074 2025 λέγεται
1108 1955 1197 2010 διὰ
1232 1956 1293 2009 τὸ
1325 1953 1662 2027 ἀνθρώπινον
1712 1955 1787 2007 ol-

1898 1952 2064 2014 Deus,
2098 1956 2284 2007 eadem
2322 1969 2539 2007 rursum
2574 1954 2764 2009 audite
2790 1956 2989 2009 dicitur
3013 1954 3309 2010 secundum
3357 1956 3458 2008 hu-

212 2048 541 2121 κονομικῶς,
567 2048 803 2122 Χριστὸς
830 2049 938 2120 γάρ
962 2051 1109 2102 ἐστιν
1136 2050 1165 2100 6
1190 2047 1463 2118 βασιλεὺς,
1560 2046 1627 2099 τά
1654 2045 1791 2118 ἔργα,

211 2140 438 2220 λέγεηό
498 2140 709 2211 Πατήρ.
768 2141 864 2193 Ὃν
909 2139 966 2192 δὲ
1021 2140 1209 2210 εἴρηκε
1255 2138 1447 2207 Αόγον,
1481 2136 1667 2189 τοῦτον
1696 2136 1790 2189 καὶ

210 2233 462 2303 γλῶσσαν
484 2230 650 2285 αὐτοῦ
679 2231 945 2284 ἀποκαλεῖ
965 2247 979 2261 θ
1000 2231 1075 2295 ὡς
1097 2232 1195 2302 οὐχ
1226 2229 1411 2301 ἕτερόν
1442 2246 1495 2282 τι
1526 2227 1788 2282 λαλοῦντα

212 2326 353 2397 πλὴν
383 2326 413 2379 ὃ
431 2343 484 2379 τι
512 2325 570 2378 ὲν
599 2323 751 2396 αὑτῷ
771 2323 1036 2396 πατρικόν
1057 2325 1174 2378 ἐστι
1206 2323 1475 2394 βούλημα.
1509 2322 1620 2375 Καὶ
1655 2318 1786 2389 παρ’

207 2419 342 2492 ἡμῖν
377 2420 481 2492 γάρ
512 2419 730 2489 γλῶττα
758 2416 1151 2490 διαπορθμεύει
1187 2420 1300 2480 τοῖς
1349 2416 1453 2481 ἔξω
1502 2414 1592 2467 τὸν
1639 2412 1783 2467 νοῦν.

206 2510 489 2581 Κάλαμος
515 2510 585 2565 δὲ
626 2508 1010 2582 γραμματέως
1040 2507 1383 2578 όξυγράφου
1422 2506 1736 2578 ὠνόμασται
1770 2544 1785 2570 ,

205 2602 296 2657 διὰ
325 2603 386 2656 τὸ
421 2604 601 2673 λέγειν
633 2620 687 2657 τι
715 2604 810 2657 καὶ
836 2602 1037 2665 εὐθέως
1068 2600 1341 2670 γενέσθαι,
1373 2599 1448 2664 ὡς
1475 2599 1537 2652 τό
1558 2616 1571 2629 ο
1600 2598 1782 2667 Λέγωο

205 2692 635 2763 Καθαρίσθητι,
671 2694 771 2749 καὶ
797 2692 1016 2760 εὐθέως
1040 2692 1407 2759 ἐκαθαρίσθη
1428 2706 1442 2720 ·
1467 2690 1783 2750 Νεανίσκε,

204 2787 308 2841 σοι
361 2786 537 2858 λέγω,
598 2787 891 2858 ἐγέρθητι,
926 2786 1025 2840 καί
1061 2783 1278 2850 εὐθέως
1325 2782 1565 2853 ἠγέρθη.
1628 2780 1786 2834 Ἀλλὰ

207 2879 305 2933 καὶ
334 2878 411 2944 ὡς
440 2879 686 2949 κάλαμος
715 2879 879 2945 ὀξέως
913 2877 1179 2948 ἐγγράφει
1201 2878 1321 2940 ταῖς
1352 2876 1599 2947 καρδίαις
1631 2876 1786 2946 ἡμῶν

204 2970 267 3022 τὸ
298 2968 547 3039 βούλημα
572 2968 673 3022 τοῦ
707 2968 941 3040 Πατρός.
974 2967 1228 3038 Βούλημα
1273 2966 1351 3029 δὲ,
1406 2967 1570 3036 φησιν
1600 2966 1781 3028 αὐτὸς,

202 3060 300 3115 τοῦ
340 3062 576 3134 [ἰατρὸς.
611 3062 736 3129 Ἵνα
764 3058 883 3115 πᾶν
918 3058 951 3114 ὃ
979 3058 1198 3112 δέδωκέ
1220 3076 1341 3129 μοι,
1372 3059 1459 3128 μὴ
1503 3057 1785 3111 ἀπολέσω

202 3152 274 3219 ἐξ
306 3154 519 3210 αὑτοῦ.
565 3154 719 3219 Ὀξὺς
747 3153 804 3208 δὲ
828 3155 856 3207 6
894 3152 1138 3225 κάλαμος
1160 3152 1255 3205 τοῦ
1300 3151 1532 3223 Πατῴς.
1580 3152 1638 3204 Ὀ
1688 3150 1785 3222 μὲν

206 3248 318 3319 γὰρ
347 3247 593 3311 Μωσέως
622 3247 784 3318 νόμος
804 3246 892 3301 διὰ
918 3246 1026 3300 τῶν
1050 3246 1189 3300 κατά
1217 3247 1278 3299 τὸ
1300 3244 1536 3318 γράμμα
1569 3245 1785 3300 κύκλων
1812 3279 1856 3343 c

202 3338 465 3412 ἀμυδρῶς
523 3339 711 3410 ἐδήλου
758 3338 829 3392 τὰ
871 3339 1149 3410 χρήσιμα·
1192 3339 1221 3390 6
1265 3339 1321 3391 δὲ
1370 3339 1547 3401 κοινὸς
1592 3336 1782 3408 Σωτὴρ

205 3432 490 3503 συντόμως
512 3430 747 3503 ἐδήλωσε
775 3430 837 3484 τὸ
871 3430 1081 3501 θέλημα
1103 3429 1197 3483 τοῦ
1224 3430 1454 3500 Πατρός.
1489 3430 1644 3482 Ἐστι
1676 3430 1783 3502 γὰρ

202 3524 464 3594 Μεγάλης
489 3523 683 3594 βουλῆς
717 3524 961 3592 ἄγγελος.
1000 3522 1113 3577 Kal
1136 3524 1342 3594 λόγον,
1375 3523 1528 3595 φησὶ,
1564 3540 1779 3578 συντε-

202 3615 508 3686 emulsa-or
529 3614 769 3680 ποιήσει
798 3614 1018 3683 Κύριος
1048 3617 1118 3669 ἐν
1142 3614 1218 3685 τῇ
1242 3615 1561 3687 οἰκουμένῃ
1591 3616 1725 3687 ὅλη.

1894 2043 2231 2107 mauitateln,
2268 2059 2402 2113 prop
2428 2061 2489 2098 er
2509 2044 2992 2115 dispensationem.
3029 2045 3284 2101 Christus
3314 2046 3457 2099 cnim

1892 2144 1975 2189 est
1996 2136 2239 2198 rex'illc,
2285 2137 2373 2190 cui
2426 2151 2589 2206 opera
2641 2152 2737 2193 sua
2790 2136 2946 2194 Pater
2997 2138 3239 2208 exponit.
3289 2135 3459 2192 Porro

1891 2244 2053 2300 quem
2093 2227 2326 2283 Verbum
2368 2230 2525 2296 dixit,
2573 2232 2717 2286 hunc
2763 2233 2999 2303 linguam
3042 2248 3196 2287 suam
3244 2248 3461 2303 quoque

1891 2322 2158 2391 appellat:
2185 2338 2250 2376 eo
2281 2322 2423 2392 quod
2473 2323 2608 2376 nihil
2662 2324 2807 2377 aliud
2840 2340 3009 2394 quam
3052 2322 3232 2380 Patris
3266 2325 3458 2378 volun-

1891 2422 2058 2467 tatem
2087 2414 2361 2484 loquatur.
2389 2412 2521 2467 Nam
2546 2418 2707 2470 etiam
2739 2415 2790 2469 in
2820 2415 2980 2469 nobis
3013 2416 3219 2487 lingua,
3254 2416 3456 2470 mentis

1890 2521 2050 2562 sensa
2080 2508 2202 2562 aliis
2230 2508 2386 2577 quasi
2418 2508 2771 2563 transfretare
2795 2508 2945 2563 facit.
2979 2508 3186 2563 Dicitur
3218 2524 3455 2579 quoque,

1889 2594 2126 2649 calamus
2160 2596 2346 2650 scriba:
2398 2597 2644 2651 velociter
2692 2598 2992 2662 scribentis,
3029 2598 3174 2669 quod
3217 2614 3339 2668 qua:
3373 2598 3456 2651 lo-

1889 2687 2094 2756 quitur,
2130 2688 2274 2743 illico
2308 2689 2470 2743 etiam
2514 2690 2568 2744 in
2599 2688 2849 2745 eﬂ‘cctum
2875 2690 3142 2745 deducat:
3186 2691 3446 2761 quemad-

1890 2779 2108 2833 modum
2136 2780 2303 2834 illud:
2340 2779 2620 2844 Mnndare,
2645 2792 2693 2835 et
2734 2784 2914 2837 statim
2953 2781 3235 2835 mundatus
3270 2792 3346 2836 est
3386 2781 3453 2837 ".

1888 2869 2223 2937 Adolescens,
2254 2872 2373 2925 dico
2426 2872 2542 2935 tibi,
2590 2872 2779 2944 Surge,
2816 2882 2867 2927 et
2895 2874 3077 2927 statim
3115 2874 3346 2928 surrexit
3388 2872 3455 2927 ⁸⁵.

1888 2958 2210 3030 Quanquam
2256 2963 2419 3015 etiam
2477 2963 2528 3016 in
2569 2964 2827 3017 cordibus
2879 2963 3080 3018 nostris
3111 2971 3170 3015 ut
3212 2962 3456 3017 calamus

1888 3052 2147 3108 velociter
2178 3054 2438 3108 inseribat
2479 3056 2811 3110 voluntatem
2838 3052 3035 3108 Patris.
3074 3051 3331 3107 Voluntas
3357 3068 3455 3106 au-

1889 3151 1995 3197 tem
2032 3143 2209 3200 Patris
2245 3158 2349 3213 est,
2393 3157 2451 3200 ut
2485 3149 2713 3217 ipsemet
2755 3147 2862 3201 ait:
2902 3146 2964 3201 Ut
2996 3160 3145 3198 omne
3196 3143 3332 3223 quod
3372 3148 3457 3197 de-

1888 3236 1967 3289 dit
1986 3237 2137 3300 mihi,
2171 3238 2305 3290 nihil
2326 3240 2544 3307 perdam
2574 3253 2638 3291 ex
2659 3254 2717 3291 eo
2745 3238 2810 3291 '°.
2846 3234 3013 3290 Velox
3042 3251 3169 3290 vero
3196 3245 3280 3289 est
3312 3233 3457 3290 caia-

1890 3346 2014 3386 mus
2040 3330 2236 3387 Patris.
2272 3330 2380 3385 Lex
2414 3347 2649 3401 namque
2699 3330 2866 3386 Illosis
2900 3346 2995 3400 per
3024 3328 3222 3384 ductus
3251 3328 3458 3383 littera-

1892 3424 2357 3494 rumperohsenre
2390 3423 2713 3494 signiﬁcavit
2749 3438 2812 3477 ea
2866 3438 2986 3492 quae
3038 3421 3106 3476 ad
3160 3420 3452 3476 utilitatem

1892 3511 2173 3565 hominum
2207 3520 2373 3567 sunt:
2408 3510 2657 3565 Salvator
2693 3527 2819 3566 vero
2863 3510 3164 3566 communis
3195 3511 3247 3564 in
3304 3527 3454 3566 com-

1890 3605 2087 3672 pendio
2116 3604 2509 3658 demonstravit
2542 3604 2700 3658 nobis
2739 3604 3075 3659 voluntatem
3116 3600 3312 3657 Patris.
3362 3599 3458 3655 Est

1888 3692 2030 3746 enim
2057 3692 2238 3762 magni
2277 3692 2490 3749 consilii
2531 3694 2779 3765 angi-lus.
2840 3691 2908 3746 Et
2954 3694 3203 3757 verbum,
3244 3692 3454 3762 inquit,

1889 3787 2245 3840 abbreviation
2279 3785 2440 3856 faciet
2471 3785 2725 3840 Dominus
2748 3787 2801 3838 in
2833 3786 3076 3839 universo
3115 3784 3238 3837 orbe
3261 3784 3325 3837 ".

206 3959 276 4018 Et
311 3964 365 4015 in
394 3960 626 4032 ejusdem
653 3962 979 4029 psalmi/inec
1005 3963 1159 4019 verba
1189 3978 1210 4020 :
1246 3982 1265 4017 ι
1302 3964 1464 4031 Audi,
1495 3964 1634 4033 ﬁlia,
1663 3971 1713 4018 et
1749 3962 1881 4024 ride,
1926 3982 1943 4014 ι
1974 3970 2097 4023 etc.,
2134 3971 2408 4032 postquam
2443 3960 2635 4015 Basilii
2669 3969 2717 4014 et
2746 3961 3114 4033 Chrysostomi
3149 3960 3455 4016 explicatio-

746 4049 882 4101 nem,
912 4035 1002 4103 qui
1037 4043 1203 4089 totum
1232 4034 1369 4090 hunc
1406 4031 1578 4090 locum
1605 4036 1669 4089 de
1701 4032 1939 4087 Ecclesia
1970 4032 2294 4102 intelligunt,
2325 4034 2602 4101 praemisit,
2636 4031 2844 4101 subjicit
2872 4048 2891 4086 :

299 4192 391 4263 77)
433 4191 746 4257 Ἀθανάσιος
777 4192 833 4247 δὲ
862 4194 890 4247 ὁ
929 4197 1070 4249 πάνυ
1115 4196 1206 4248 καὶ
1243 4198 1309 4266 τῇ
1357 4195 1489 4266 ἁγίᾳ
1532 4194 1779 4266 Θεοτόκῳ

198 4286 489 4358 ἀνατίθησι
517 4286 610 4340 τό*
645 4288 966 4351 Ἄκουσον,
1020 4289 1292 4359 θύγατερ,
1333 4290 1427 4343 καὶ
1453 4288 1514 4342 τό
1538 4306 1551 4319 ·
1586 4290 1777 4354 Αὐτός

196 4377 329 4433 ἐστι
353 4377 568 4445 Κύριός
595 4375 951 4448 σου.”Ωσπερ
978 4375 1160 4447 ὅμοιόν
1190 4377 1303 4429 ἔστι
1337 4376 1417 4430 τό.
1448 4375 1642 4445 Xai'pe,
1675 4392 1772 4429 κε-

197 4466 592 4540 καριτωμένη.
611 4470 644 4521 δ
668 4468 879 4535 Κύριος
893 4468 1043 4536 μετὰ
1072 4467 1208 4523 σοῦ.
1234 4466 1487 4539 Είρηκὼς
1512 4468 1641 4539 γὰρ,
1663 4483 1769 4537 φη-

1958 4193 2289 4247 Athanasius
2323 4208 2449 4247 vero
2481 4192 2569 4245 ille
2600 4208 2849 4261 magnus,
2878 4208 2944 4248 ao
2968 4204 3212 4248 sanctam
3235 4210 3454 4266 quoque

1886 4284 2169 4354 Deiparam
2194 4284 2375 4348 refert,
2404 4282 2544 4353 quod
2568 4282 2788 4347 dicitur,
2816 4283 2978 4349 Audi,
3004 4284 3118 4353 [ilia
3143 4301 3161 4339 :
3188 4296 3241 4340 et
3264 4286 3408 4343 istud
3432 4305 3449 4339 :

1883 4375 2004 4444 Ipse
2036 4376 2168 4429 enim
2205 4374 2463 4429 Dominus
2498 4385 2640 4428 tuus.
2672 4374 2770 4428 Cui
2799 4374 2976 4430 simile
3004 4385 3086 4431 est
3119 4376 3248 4431 illud
3282 4395 3295 4431 :
3326 4377 3451 4445 Ave,

1880 4468 2052 4538 gratia
2068 4466 2244 4536 plena,
2268 4466 2520 4520 Dominus
2540 4476 2708 4519 tecum
2727 4465 2819 4521 ³¹⁶.
2845 4464 2980 4521 Nam
3003 4478 3289 4538 postquam
3317 4469 3452 4524 dixit

199 4563 306 4623 σὶν,
325 4562 355 4613 ὁ
370 4558 534 4614 Δαυῒό
551 4558 784 4631 Χριστὸν
794 4559 883 4613 τὸν
899 4561 1072 4629 Λόγον
1088 4560 1182 4614 τοῦ
1204 4559 1360 4623 Θεοῦ,
1382 4559 1543 4623 εὐθὺς
1568 4560 1658 4612 καὶ
1675 4560 1772 4631 τὴν

1891 4558 2067 4625 David,
2093 4558 2371 4614 Christum
2402 4573 2524 4613 esse
2552 4555 2789 4613 Verbum
2822 4558 2945 4627 Dei,
2981 4560 3127 4616 illico
3154 4561 3448 4617 humanam

194 4648 550 4723 ἀνθρωπίνην
582 4648 834 4720 γέννησιν
865 4648 1158 4720 δεδήλωκε,
1213 4648 1313 4721 τὴν
1368 4650 1433 4702 ὲκ
1480 4646 1772 4720 παρθένου.

191 4745 307 4800 Καὶ
334 4744 364 4796 6
400 4742 502 4813 μὲν
535 4741 574 4793 Γ
576 4740 775 4813 ασριὴλ
830 4740 1277 4813 κεχαριτωμένην
1326 4740 1512 4804 ἁπλῶς
1571 4740 1726 4794 καλεῖ
1756 4783 1771 4806 ,

1877 4666 2096 4722 quoque
2150 4651 2269 4721 ejus
2297 4666 2362 4705 ex
2406 4649 2618 4720 virgine
2664 4650 2999 4706 nativitatem
3046 4654 3313 4723 exposuit.
3388 4653 3452 4709 Et

1877 4742 2093 4798 Gabriel
2126 4743 2344 4814 quidem
2386 4742 2709 4812 simpliciter
2735 4744 2909 4814 gratia
2948 4744 3163 4817 plenam
3196 4746 3447 4816 appellat,

192 4836 345 4904 ξένος
377 4832 457 4887 ὢν
488 4832 659 4903 αὐτῆς
706 4833 847 4888 κατὰ
878 4833 976 4905 τὴν
1025 4835 1277 4905 γέννησιν
1302 4851 1317 4866 ο
1360 4836 1388 4888 6
1418 4835 1475 4889 δὲ
1506 4835 1668 4889 Δαυῒδ
1709 4838 1775 4890 ὲκ

1891 4852 1941 4892 :o
1984 4836 2129 4906 quod
2177 4836 2388 4890 alienus
2439 4835 2508 4889 ab
2541 4849 2606 4889 ea
2640 4844 2788 4891 esset
2819 4838 2998 4907 quoad
3046 4836 3215 4908 genus
3242 4856 3255 4893 :
3283 4837 3448 4894 David

192 4924 287 4980 τοῦ
319 4923 635 4995 σπέρματος
664 4922 829 4978 αὐτοῦ
858 4924 1232 4995 τυγχάνουσαν
1278 4924 1552 4996 θυγατέρα
1606 4943 1774 4997 προσ-

194 5019 382 5090 φωνεῖ.

1874 4945 2007 4983 vero
2043 4929 2208 4985 ﬁliam
2248 4929 2422 4993 dicit,
2479 4927 2624 4998 quod
2668 4944 2791 4984 eam
2832 4946 2901 4986 ex
2942 4931 3151 4988 semine
3178 4946 3281 4987 suo
3328 4945 3450 4986 esse

1874 5022 2055 5078 sciret.

1334 5176 1399 5228 At
1435 5176 1485 5229 in
1518 5176 1907 5247 inscriptionem
1934 5180 2129 5249 psalmi
2164 5198 2305 5238 sui.

260 5337 373 5407 (78)
425 5336 780 5406 Ἄθανὰσιος’
802 5338 900 5394 καί
942 5336 1264 5406 Κύριλλος.
1294 5339 1499 5411 κλῆσιν
1531 5339 1698 5392 ὲθνῶν
1739 5341 1767 5392 ό

1944 5343 2266 5399 Athanasius
2289 5353 2336 5398 et
2364 5344 2617 5415 Cyrillus.
2666 5342 3055 5418 Praesignilieat
3089 5345 3176 5402 hic
3204 5346 3449 5416 psalmus

195 5428 405 5501 ιξραλμὸς
439 5430 717 5502 σημαίνει,
747 5428 1004 5502 ᾁδόμενος
1030 5432 1095 5484 ὲκ
1130 5430 1424 5501 προσώπου
1460 5430 1567 5483 τῶν
1597 5430 1767 5499 ἁγίων

1891 5437 2213 5492 vocationem
2257 5438 2535 5508 gentium,
2586 5453 2711 5493 eum
2754 5453 2817 5493 ex
2851 5454 3083 5509 persona
3134 5448 3445 5493 sanctorum

196 5521 506 5578 ἀποστόλων
556 5522 963 5596 παραινούντων
1011 5527 1125 5588 τοῖς
1174 5522 1382 5577 ἔθνεσιν
1432 5523 1764 5595 άνασκιρτᾷν

1891 5531 2240 5598 ιροεῑοὶοτιιηι
2272 5540 2503 5585 canatur
2528 5572 2543 5598 ,
2593 5530 2683 5600 qui
2721 5540 2906 5602 gentes
2935 5531 3291 5587 cohortantur
3313 5568 3328 5593 ,
3389 5542 3445 5584 ut

267 5685 312 5716 ”
339 5681 501 5738 Joan.
535 5698 588 5748 ν,
614 5681 704 5739 20.
785 5685 830 5716 "
862 5681 1049 5739 Matth.
1128 5700 1246 5750 vm,
1286 5686 1337 5739 5.
1426 5685 1471 5718 ³⁸
1511 5685 1642 5741 Luc.
1675 5704 1771 5753 vn,

1974 5691 2018 5722 ’°
2050 5689 2207 5745 Joan.
2240 5707 2314 5754 γι,
2345 5692 2433 5745 59.
2506 5690 2545 5721 ⁸¹
2581 5691 2681 5746 lsa.
2722 5707 2799 5756 xi,
2822 5691 2912 5746 25.

260 5838 369 5908 (77)
405 5838 539 5909 llaec
563 5836 945 5909 «liversaisunt
974 5838 1042 5891 ab
1082 5840 1417 5908 expositione
1452 5840 1613 5909 hujus
1645 5858 1765 5896 ver-

192 5906 280 5967 sus
312 5930 324 5966 :
354 5906 452 5967 'uhi
492 5908 545 5965 id
579 5908 645 5965 de
681 5906 919 5965 Ecclesia
953 5906 1182 5979 explicat
1218 5906 1548 5968 Athanasius
1575 5928 1758 5983 supra.

3017 5694 3085 5724 ³³·
3110 5690 3244 5748 Luc.
3282 5708 3321 5759 ι,
3350 5689 3442 5746 28.

1946 5847 2055 5918 (78)
2084 5845 2215 5903 Vide
2242 5858 2620 5918 argumentum
2653 5847 2842 5917 psalmi
2878 5864 3019 5903 xcvi.
