4126 6482
708 406 807 460 567

1559 404 1616 460 S.
1656 405 2025 461 ATHANASII
2066 405 2214 463 OPP.
2252 406 2429 463 PARS
2463 410 2553 465 ιιι.
2594 436 2665 451 —-
2702 407 3114 467 EXEGETICA.

3850 414 3951 471 568

700 538 794 592 per
817 523 1060 576 actiones
1094 520 1262 576 bonas
1291 535 1355 575 ac
1381 522 1667 591 prteclaras
1694 523 1965 577 exsultent
1988 538 2049 577 ac
2086 523 2279 577 trium-
2307 570 2313 584 η

2379 523 2465 577 διὰ
2511 524 2760 595 πράξεων
2810 525 3030 594 ἀγαθῶν
3081 527 3173 580 ἐπὶ
3205 529 3270 599 τῇ
3304 525 3569 600 γενομένῃ
3624 526 3753 602 νίκῃ
3812 529 3951 583 κατά

702 613 870 683 phent
898 613 964 667 de
998 621 1152 683 parta
1184 612 1412 668 victoria
1458 614 1523 668 de
1556 614 1893 669 daemonibus
1924 616 2276 684 perniciosis-

701 704 879 761 simis.
938 703 1238 775 lnscriptus
1288 720 1451 775 porro
1497 715 1602 769 est,
1638 706 1745 759 Pro
1778 706 1909 775 filiis
1948 704 2080 761 Core
2114 722 2132 759 :
2167 720 2276 760 non

701 798 848 865 quod
878 798 1121 868 ipsorum
1155 812 1319 852 causa
1354 798 1655 867 composita
1689 798 1802 855 haec
1837 797 1937 851 oda
1962 838 1976 859 ,
2012 797 2107 852 scd
2131 795 2277 866 quod

699 905 797 959 per
833 891 979 961 ipsos
1011 891 1394 961 praecineretur
1420 932 1434 956 ,
1474 900 1657 959 utpote
1724 891 1788 944 ad
1827 890 2014 945 laudes
2046 888 2157 943 Deo
2190 888 2274 942 of-

702 981 955 1037 ferendas
986 983 1334 1037 constitutos.
1388 981 1652 1036 Dicuntur
1680 992 1859 1037 autem
1897 983 2033 1043 ista,
2076 990 2133 1033 ut
2156 983 2270 1050 jam

703 1074 1080 1142 praemissum,
1131 1073 1183 1127 in
1232 1088 1465 1142 persona
1519 1082 1829 1127 sanctorum
1882 1073 2271 1142 apostolorum,

703 1171 889 1234 utpote
930 1165 1023 1236 qui
1066 1166 1207 1236 jussi
1236 1175 1393 1220 erant
1421 1166 1618 1220 docere
1646 1180 1837 1218 omnes
1869 1174 2075 1234 gentes.
2136 1164 2273 1231 Quia

701 1272 829 1311 vero
872 1258 1004 1314 lides
1056 1258 1416 1328 plurimorum
1466 1268 1519 1311 et
1589 1256 1949 1311 maximorum
2006 1257 2272 1311 bonorum

703 1351 1043 1405 conciliatrix
1079 1351 1328 1419 gentibus
1360 1350 1534 1406 fuerat
1566 1369 1578 1404 :
1613 1366 1709 1420 per
1749 1352 1888 1406 hanc
1919 1351 2065 1405 enim
2098 1351 2273 1405 vocati

699 1449 853 1493 erant
887 1440 937 1492 in
970 1439 1311 1509 adoptionem
1351 1439 1480 1506 Dei,
1522 1454 1584 1494 ac
1611 1441 2078 1510 participationem
2111 1440 2278 1511 Spiri-

699 1541 787 1584 tus
826 1530 998 1585 sancti
1025 1570 1039 1594 ,
1088 1532 1285 1587 divina:
1335 1547 1553 1601 quoque
1588 1541 1795 1587 naturae
1830 1535 2271 1589 communionem

701 1622 914 1688 sortiti,
952 1638 1016 1678 ac
1048 1624 1288 1693 opulenti
1324 1623 1514 1678 redditi
1552 1624 1739 1692 gratiis
1769 1624 2078 1679 cmlestibus
2102 1666 2117 1688 ,
2147 1639 2273 1693 par-

700 1717 891 1784 ticipes
920 1716 1151 1786 denique
1184 1716 1307 1772 facti
1342 1726 1499 1773 erant
1531 1717 1645 1787 spei
1678 1725 2029 1781 sanctorum,
2072 1717 2274 1772 idcirco

699 1807 871 1877 igitur
898 1821 951 1863 et
983 1811 1202 1879 quidem
1231 1827 1339 1867 non
1373 1811 1578 1880 absque
1601 1810 1810 1865 ratione
1832 1852 1846 1876 ,
1878 1810 2139 1881 jubentur
2171 1826 2272 1881 pu-

698 1902 868 1958 blicas
897 1901 1217 1960 festivitates
1248 1918 1518 1973 peragere.

2298 1872 2349 1933 Β

2377 614 2486 668 τῶν
2541 617 2833 689 ἀλιτηρίων
2875 617 3167 689 δαιμόνων.
3225 619 3657 691 Ἐπιγέγραπται
3688 618 3744 672 δέ
3785 618 3951 689 ’Υπὲρ

2379 707 2497 762 τῶν
2534 708 2678 763 υἱῶν
2712 710 2883 777 Κορέ·
2913 711 3011 781 οὐχ
3038 710 3113 774 ώς
3141 712 3280 782 ὑπὲρ
3300 712 3523 765 ἐκείνων
3552 712 3772 775 πάντως
3796 728 3952 780 γεγε-

2378 800 2617 872 νημένης
2646 801 2741 872 τῆς
2767 800 2931 872 ᾠδῆς,
2966 801 3080 856 ἀλλ’
3105 802 3181 866 ὡς
3218 803 3283 856 δι’
3330 803 3507 857 αὐτῶν
3536 804 3834 875 ὑπηρετεῖν
3867 820 3951 857 τε-

2377 892 2665 963 ταγμένων
2692 894 3034 966 τῇ·ἀναφορᾷ
3060 896 3157 967 τῆς
3178 894 3344 967 ᾠδῆς.
3390 896 3546 948 Ἐστι
3571 895 3650 957 δὲ,
3677 894 3753 959 ὡς
3798 898 3951 969 εῐρη·

2376 1002 2497 1048 ται,
2523 984 2633 1039 τῶν
2664 986 2835 1055 ἁγίων
2864 986 3175 1040 ἀποστόλων
3220 986 3279 1040 τὸ
3328 987 3637 1059 πρόσωπον,
3676 986 3754 1050 ώς
3792 1005 3949 1041 κεκε-

2376 1073 2687 1145 λευσμένων
2720 1074 2897 1129 πάντα
2955 1074 3292 1146 μαθητεῦσαι
3331 1075 3400 1129 τὰ
3435 1075 3582 1147 ἐθνη.
3626 1076 3847 1147 Ἐπειδὴ
3896 1076 3949 1130 δέ

2376 1166 2645 1221 πλείστων
2678 1168 2817 1220 ὅσων
2851 1168 3031 1231 αὐτοῖς
3055 1168 3148 1221 καὶ
3173 1167 3422 1238 μεγάλων
3455 1167 3676 1236 ἀγαθῶν
3702 1168 3949 1240 προμνή-

2377 1276 2537 1330 στρια
2570 1260 2794 1328 γέγονεν
2824 1260 2856 1331 ή
2890 1259 3091 1323 πίστις·
3111 1259 3403 1330 κέκληνται
3432 1259 3541 1332 γὰρ
3573 1260 3639 1313 δι’
3668 1260 3841 1331 αὐτῆς
3871 1261 3949 1323 είς

2377 1350 2649 1404 υἱοθεσίαν
2702 1352 2873 1418 Θεοῦ,
2919 1354 2998 1416 εἱς
3039 1352 3253 1423 μέθεξιν
3290 1368 3351 1405 τε
3404 1352 3559 1421 ἁγίου
3607 1352 3948 1423 Πνεύματος,

2376 1444 2525 1508 θείας
2554 1462 2614 1498 τε
2640 1444 2852 1514 φύσεως
2879 1446 3133 1514 γεγόνασι
3167 1446 3433 1511 κοινωνοὶ,
3472 1446 3543 1499 τά
3572 1463 3633 1499 τε
3684 1444 3745 1510 ἐξ
3796 1445 3947 1517 ούρα-

2374 1536 2466 1590 νοῦ
2504 1537 2819 1608 χαρίσματα
2868 1536 3297 1607 πεπλουτήκασι,
3331 1537 3425 1591 κα)⁸
3476 1536 3579 1607 τῆς
3626 1537 3734 1591 τῶν
3780 1537 3948 1605 ἁγίων

2376 1626 2586 1692 ἐλπίδος
2621 1629 2953 1701 συμμέτοχοι
2981 1627 3385 1700 καθεστήκασι·
3416 1629 3588 1701 ταύτῃ
3618 1645 3698 1682 τοι
3720 1630 3817 1685 καὶ
3849 1627 3947 1699 μά-

2374 1720 2441 1774 λα
2467 1722 2691 1786 εἰκότως
2715 1721 3103 1795 πανηγυρίζειν
3134 1724 3315 1785 αὐτοῖς
3337 1721 3738 1777 ἐπιτάττουσιν.

1251 2058 1312 2113 Et
1344 2060 1393 2111 in
1426 2059 1655 2129 ejusdem
1688 2061 1880 2129 psalmi
1906 2062 2057 2115 verba
2085 2060 2229 2114 ista:
2260 2078 2278 2111 ι
2315 2058 2547 2130 Subjecit
2574 2060 2790 2130 populos
2816 2060 2964 2116 nobis
2986 2102 3003 2128 ,
3033 2078 3052 2113 ι
3100 2069 3224 2126 etc.,
3258 2076 3306 2114 υ.
3342 2059 3375 2113 ι

770 2215 935 2270 Divus
968 2232 1095 2271 vero
1128 2216 1491 2278 Athanasius,
1523 2231 1618 2285 per
1642 2217 1870 2286 populos
1900 2225 1952 2271 ct
1981 2225 2165 2287 gentes
2188 2215 2271 2269 in-

702 2309 895 2378 telligit
928 2306 1209 2373 Satanam,
1238 2319 1290 2363 et
1315 2325 1434 2379 qua:
1460 2324 1583 2363 cum
1625 2324 1690 2363 eo
1726 2319 1852 2365 sunt
1880 2310 2145 2379 malignas
2176 2324 2272 2377 po-

701 2408 941 2453 testates.
974 2397 1048 2453 De
1077 2399 1273 2469 quibus
1302 2399 1437 2453 dixit
1466 2398 1714 2454 Salvator
1742 2418 1755 2454 :
1786 2400 1915 2454 Ecce
1962 2402 2083 2453 dedi
2129 2402 2271 2453 vobis

694 2498 1006 2556 potestatem
1040 2489 1311 2541 incedendi
1344 2506 1497 2558 super
1537 2491 1857 2558 serpentibus
1886 2498 1934 2544 et
1983 2491 2273 2557 scorpioni-

702 2578 798 2631 btts
819 2579 927 2633 ⁸⁸’⁶.
965 2577 1277 2633 Dmtnonum
1312 2596 1545 2649 namque
1569 2593 1755 2649 gentes
1780 2581 2006 2651 subjecit
2043 2582 2269 2651 pedibus

702 2671 1090 2739 apostolorum.

2448 2215 2558 2286 (79)
2598 2217 2656 2270 Ὀ
2682 2216 2739 2269 δέ
2773 2216 2914 2281 θεῖος
2949 2215 3266 2279 ’Δθανάσιος
3289 2216 3449 2280 λαοὺς
3476 2216 3570 2270 καὶ
3604 2216 3732 2288 ἔθνη
3760 2216 3854 2272 τόν
3890 2233 3949 2271 τι

2378 2306 2616 2361 Σατανᾶν
2646 2308 2739 2361 καὶ
2776 2306 2875 2373 τὰς
2922 2308 3019 2363 σὺν
3052 2308 3200 2379 αύτῷ
3243 2308 3484 2381 πονηρὰς
3512 2309 3772 2379 δυνάμεις
3813 2303 3948 2364 εἷναί

2377 2416 2509 2470 φησι
2532 2416 2541 2427 ·
2577 2400 2703 2472 περὶ
2729 2394 2804 2454 ὧν
2830 2401 3015 2470 ἔλεγεν
3037 2403 3066 2454 ό
3091 2403 3283 2474 Σωτήρ
3307 2418 3320 2431 ·
3371 2401 3516 2457 Ἰδοὺ
3554 2401 3789 2456 δέδωκα
3808 2400 3945 2471 ὑμῖν

2377 2490 2589 2545 πατεῖν
2613 2493 2813 2546 ἐπάνω
2838 2493 3034 2561 ὄφεων
3062 2494 3159 2548 καὶ
3208 2494 3535 2563 σκορπίων.
3566 2493 3648 2547 Τά
3682 2493 3794 2565 γὰρ
3825 2494 3946 2551 ἐθντι

2375 2582 2483 2637 τῶν
2508 2584 2776 2639 δαιαόνων
2798 2585 3031 2651 ὑπέταξε
3063 2586 3175 2649 τοῖς
3207 2586 3313 2640 τῶν
3343 2586 3653 2641 ἀποστόλων
3698 2585 3878 2639 ποσίν.

1906 2762 2032 2817 Item
2064 2764 2117 2816 in
2146 2764 2393 2833 prooemio
2420 2764 2553 2833 psal.
2587 2779 2753 2819 xcvu.

774 2924 1114 2976 Athanasius.
1153 2920 1378 2975 Canitur
1403 2919 1565 2990 igitur
1595 2930 1649 2974 et
1677 2920 1763 2974 hic
1790 2919 2031 2989 psalmus
2060 2933 2121 2973 ex
2157 2934 2272 2988 per-
2301 2926 2313 2983 ι

2447 2918 2559 2989 (80)
2592 2921 2961 2989 Ἀθανάσιος.
2986 2922 3202 2976 Ἀδεται
3223 2920 3405 2993 μέντοι
3422 2922 3512 2977 καὶ
3523 2917 3679 2987 οὗτος
3696 2923 3726 2977 ό
3740 2920 3951 2993 ψαλμδς

700 3030 831 3069 sona
884 3023 1199 3070 sanctorum
1248 3014 1617 3081 apostolorum
1646 3052 1659 3076 ,
1715 3012 2084 3066 enarrantium
2130 3027 2267 3082 quas

699 3106 847 3177 passi
879 3114 1004 3160 sunt
1032 3106 1442 3175 persecutiones
1468 3112 1687 3173 propter
1717 3103 2180 3172 praedicationem,
2217 3113 2270 3159 et

698 3198 957 3253 victorias
1004 3213 1140 3269 quas
1177 3198 1230 3252 in
1283 3196 1754 3266 persecutiouibus
1801 3197 2119 3251 retulerunt.
2183 3193 2270 3250 ln-

698 3292 958 3345 scribitur
990 3300 1167 3345 autem
1220 3288 1492 3345 Canticum
1527 3289 1752 3357 psalmi,
1799 3303 1863 3343 eo
1900 3291 2043 3358 quod
2090 3288 2269 3343 ethica

700 3384 1039 3453 philosophia
1079 3398 1201 3439 cum
1241 3381 1533 3436 theoretica
1564 3380 1618 3433 in
1642 3395 1706 3435 eo
1729 3382 2019 3451 conjuncta
2047 3384 2136 3443 sit.

2373 3013 2438 3066 ἐκ
2490 3013 2782 3087 προσώπου
2831 3015 2940 3069 τῶν
2984 3014 3154 3083 ἀγίων
3195 3014 3526 3081 ἀποστόλων,
3576 3015 3953 3087 διηγουμένων

2374 3105 2501 3167 τοὺς
2534 3105 2626 3159 διά
2651 3106 2711 3159 τὸ
2744 3107 3004 3178 κήρυγμα
3041 3105 3333 3175 διωγμοὺς,
3368 3104 3462 3159 καὶ
3498 3104 3597 3169 τάς
3638 3107 3799 3170 νίκας
3853 3105 3952 3171 τὰς

2376 3197 2468 3250 ἐπὶ
2496 3195 2705 3260 τούτοις
2731 3196 3046 3268 γενομένας.
3089 3193 3227 3265 ’ῼδὴ
3278 3196 3333 3249 δὲ
3370 3195 3615 3266 ψαλμοῦ
3648 3197 3949 3271 ἐπιγέγρα-

2378 3306 2530 3353 πται,
2570 3288 2644 3353 ώς
2672 3289 2769 3359 τῆς
2800 3288 2995 3361 ἠθικῆς
3029 3286 3346 3359 φιλοσοφίας
3387 3289 3524 3361 πρὸς
3556 3288 3654 3359 τὴν
3682 3288 3950 3361 θεωρητι-

2382 3380 2482 3450 κὴν
2514 3378 2941 3451 συνδραμούσης.

1192 3539 1259 3594 Et
1290 3541 1343 3594 in
1375 3543 1528 3596 verba
1560 3540 1673 3609 ejus
1698 3557 1717 3594 :
1750 3560 1769 3593 ι
1801 3540 2063 3606 Quoniam
2092 3555 2206 3594 ecce
2234 3556 2374 3610 reges
2408 3547 2561 3595 terra:
2590 3538 2891 3610 congregati
2919 3544 3065 3602 sunt,
3094 3555 3113 3589 ι
3147 3546 3245 3593 etc.
3266 3579 3282 3607 ,
3311 3556 3361 3594 υ.
3396 3535 3449 3593 5.

773 3700 841 3756 At
870 3700 1165 3754 secundum
1199 3714 1455 3771 magnum
1502 3700 1857 3755 Athanasium
1886 3742 1900 3766 ,
1934 3700 2269 3769 signiﬁcatur

698 3794 786 3849 hic
820 3791 1047 3855 bellum,
1077 3793 1219 3860 quod
1250 3793 1319 3847 ob
1355 3792 1792 3863 praedicationem
1830 3801 2017 3846 contra
2052 3802 2267 3860 aposto-

699 3887 781 3940 los
812 3892 1025 3953 gestum
1062 3892 1145 3938 est
1170 3922 1185 3946 ,
1215 3892 1327 3937 tam
1365 3898 1395 3938 a
1426 3882 1730 3938 visibilibus
1763 3884 2001 3955 gentium
2028 3882 2267 3953 regibus,

700 3991 865 4047 quam
895 3974 963 4028 ab
996 3974 1360 4029 invisibilibus
1408 3976 1779 4041 daemonibus,
1814 3976 1906 4045 qui
1932 3975 2058 4030 olim
2087 3975 2265 4029 domi-

699 4068 990 4122 nabaotur.
1018 4066 1119 4132 Qui
1144 4078 1197 4122 et
1222 4068 1530 4123 conturbati
1556 4079 1681 4122 sunt
1702 4084 1765 4123 ac
1788 4078 1963 4122 mente
1986 4069 2264 4135 commoti,

702 4158 791 4212 ubi
822 4159 1073 4213 viderunt
1106 4157 1275 4214 Deum
1322 4159 1525 4215 sanctis
1570 4160 1685 4214 suis
1719 4160 1989 4213 auxiliari.
2052 4159 2267 4229 Insigne

701 4251 842 4306 enim
880 4250 1045 4304 robur
1076 4252 1344 4307 servantis
1371 4267 1498 4317 cos,
1538 4251 1949 4305 admirationem
1996 4260 2049 4306 et
2082 4261 2265 4321 stupoo

698 4356 811 4394 rem
844 4341 1044 4395 attulit.
1104 4341 1305 4395 Deinde
1337 4341 1498 4396 etiam
1530 4338 1833 4396 conturbati
1869 4349 1996 4394 sunt
2020 4381 2034 4404 ,
2085 4349 2144 4395 ut
2174 4342 2265 4410 qui

2448 3699 2557 3771 (8|)
2590 3698 2747 3753 Κατά
2771 3700 2826 3753 δὲ
2859 3700 2948 3754 τὸν
2979 3699 3150 3771 μέγαν
3196 3697 3532 3764 ’Δθανάσιον,
3585 3701 3614 3755 ό
3647 3700 3794 3756 κατά
3840 3703 3946 3756 τῶν

2373 3792 2688 3847 ἀποστόλων
2714 3792 2800 3847 διά
2828 3793 2888 3847 τὸ
2915 3794 3179 3863 κήρυγμα
3198 3792 3484 3862 γενόμενος
3512 3792 3748 3864 πόλεμος
3764 3794 3873 3848 ὑπο
3887 3811 3943 3848 τε

2374 3880 2484 3933 τῶν
2509 3881 2781 3953 αἰσθητῶν
2804 3881 3065 3951 βασιλέων
3086 3881 3193 3935 τῶν
3213 3881 3401 3946 ἐθνῶν,
3438 3881 3531 3934 καλ⁵
3566 3882 3672 3953 μὴν
3704 3882 3801 3936 καὶ
3838 3884 3946 3938 τῶν

2374 3972 2619 4044 ἀοράτων
2647 3973 2913 4042 δαιμόνων
2938 3972 3045 4025 τῶν
3079 3972 3245 4026 πάλαι
3265 3971 3676 4043 βασιλευόντων,
3710 3974 3945 4030 ἐνταῦθα

2376 4062 2715 4133 σημαίνεται.
2745 4062 2805 4116 Οἳ
2829 4063 2922 4116 καὶ
2952 4062 3370 4133 κατεπλάγησαν
3396 4063 3488 4116 καὶ
3513 4061 3945 4137 ἐξέστησαν,τὴν

2376 4154 2674 4227 γενομένην
2705 4155 2951 4227 βοήθειαν
2982 4158 3130 4227 παρὰ
3160 4153 3254 4208 τοῦ
3281 4153 3415 4207 Θεοῦ
3446 4157 3557 4218 τοῖς
3589 4155 3769 4223 ἁγίοις
3813 4156 3944 4211 θεω-

2374 4248 2609 4320 ροῦντες.
2658 4249 2723 4302 Ἦ
2751 4249 2859 4320 γὰρ
2887 4246 3157 4319 ὑπερϐολὴ
3180 4248 3279 4317 τῆς
3321 4246 3502 4317 ἰσχύος
3538 4247 3632 4302 τοῦ
3675 4248 3943 4315 σώζοντος

2368 4341 2429 4393 τὸ
2461 4340 2646 4411 θαῦμα
2677 4341 2857 4406 αὐτοῖς
2879 4341 2970 4393 καὶ
2988 4340 3089 4409 τὴν
3106 4339 3443 4410 κατάπληξιν
3472 4338 3779 4410 εἴργασται.
3810 4340 3941 4395 Εἶτα

702 4433 900 4486 bellum
930 4431 1044 4486 Deo
1067 4432 1411 4497 intulissent,
1460 4447 1524 4487 ac
1558 4431 1610 4487 in
1641 4432 1871 4487 summis
1917 4430 2068 4487 fuere
2113 4433 2267 4487 dolo-
2301 4431 2313 4485 1

2373 4432 2765 4503 ἐταράχθησαν,
2790 4433 2865 4496 ὡς
2894 4432 2958 4486 ἂν
2980 4430 3115 4485 Θεοῦ
3144 4434 3514 4495 καταστάντες
3550 4432 3825 4503 πολέμιοι,
3850 4434 3940 4489 καὶ

697 4525 871 4579 ribus.
908 4522 1059 4590 Quod
1097 4539 1224 4578 vero
1257 4524 1513 4593 deinceps
1538 4524 1855 4594 subjicitur,
1888 4525 2028 4580 scias
2051 4563 2064 4587 ,
2098 4541 2263 4581 naves

697 4613 922 4671 Tharsis
948 4616 1054 4670 dici
1081 4630 1202 4683 qua:
1230 4614 1472 4685 ingentes
1497 4615 1716 4671 divitias
1753 4614 2028 4670 Salomoni
2069 4615 2262 4670 altere-

694 4707 821 4762 bant
844 4748 857 4771 ,
896 4706 1350 4776 quemadmodum
1381 4707 1434 4760 in
1464 4707 1688 4761 historia
1722 4704 2032 4777 Regnorum
2064 4721 2263 4776 cogno—

693 4795 897 4850 vimus.
950 4795 1129 4863 Quare
1155 4798 1315 4852 etiam
1361 4797 1448 4852 bic
1477 4812 1572 4867 per
1603 4797 1866 4852 contritas
1896 4812 2060 4853 naves
2090 4796 2262 4851 Thar-

691 4890 771 4944 sis
794 4929 807 4951 .
842 4890 1163 4959 signiﬁcavit
1189 4891 1692 4947 exterminationem
1721 4906 1884 4960 opum
1911 4899 1964 4945 et
2010 4893 2260 4961 potentia:

695 4997 880 5054 regum
912 4983 1313 5051 praedictorum.
1360 4982 1616 5052 Spiritum
1652 4996 1783 5037 vero
1824 4983 2118 5039 violentum
2164 5001 2258 5040 su-

696 5088 807 5127 mes
837 5088 937 5143 pro
960 5075 1215 5143 potentiis
1240 5074 1715 5141 intellectualibus,
1745 5090 1837 5145 per
1868 5091 2005 5145 quas
2039 5084 2257 5146 aposto-

697 5168 866 5221 lorum
904 5166 1088 5221 hostes
1113 5166 1412 5222 debellavit.

2367 4518 2509 4592 ἦσαν
2536 4523 2611 4585 ὡς
2643 4524 2700 4573 ἐν
2729 4521 2903 4575 ώδῖσι.
2948 4521 3022 4574 Τό
3065 4538 3127 4590 γε
3170 4523 3277 4593 μὴν
3320 4522 3447 4594 ἑξῆς
3480 4523 3771 4595 εἰρημένον
3820 4526 3941 4579 ἐπι-

2370 4616 2571 4685 στήσας
2600 4615 2831 4685 νοήσεις,
2865 4613 2939 4678 ὡς
2966 4615 3089 4685 νῆες
3132 4613 3364 4686 Θαρσεῖς
3387 4615 3654 4683 ἐλέγοντο,
3706 4616 3941 4674 πλοῦτον

2368 4707 2629 4777 φέρουσαι
2660 4709 2829 4778 μέγαν
2867 4708 2944 4779 τῷ
2982 4706 3304 4777 Σολομῶντι,
3348 4708 3598 4780 καθάπερ
3637 4709 3697 4762 ἐν
3729 4713 3799 4783 τῇ
3834 4712 3938 4766 τῶν

2368 4798 2665 4851 Βασιλειῶν
2695 4797 3013 4869 ἐγνώκαμεν
3046 4798 3276 4871 ἱστορίᾳ.
3308 4800 3398 4852 Διὸ
3428 4801 3522 4854 καὶ
3570 4800 3665 4854 νῦν
3709 4801 3803 4857 διὰ
3832 4803 3938 4857 τῶν

2370 4888 2804 4960 συντριϐομένων
2848 4887 3047 4943 πλοίων
3088 4889 3321 4961 Θαρσεῖς
3370 4889 3467 4961 τὴν
3515 4891 3793 4947 ἀπώλειαν
3846 4892 3936 4949 τοῦ

2367 4980 2601 5034 πλούτου
2638 4981 2729 5034 καὶ
2756 4980 2853 5051 τῆς
2885 4981 3203 5044 δυναστείας
3237 4979 3347 5034 τῶν
3372 4981 3780 5054 προλεχθέντων
3813 4985 3933 5057 ἐδή-

2362 5072 2502 5127 λωσε
2540 5072 2823 5143 βασιλέων.
2875 5073 3098 5144 Πνεῦμα
3141 5074 3197 5129 δέ
3227 5074 3402 5146 βίαιον
3433 5073 3628 5146 νοητὰς
3673 5077 3933 5149 δυνάμεις

2364 5165 2514 5228 τινάς
2551 5167 2785 5237 νοήσεις,
2830 5165 2895 5219 δι’
2922 5158 2998 5219 ὧν
3026 5168 3151 5231 τοὺς
3202 5168 3429 5241 ἐχθροὺς
3475 5166 3584 5221 τῶν
3623 5166 3932 5224 ἀποστόλων

2367 5255 2833 5327 κατεπολέμησεν.

1545 5386 1674 5442 Item
1703 5389 1757 5442 in
1790 5388 1882 5442 illa
1913 5390 2063 5443 verba
2092 5404 2111 5442 :
2147 5406 2165 5440 t
2196 5386 2419 5459 Propter
2446 5389 2656 5461 judicia
2685 5398 2798 5456 tua,
2823 5388 3064 5446 Domine.
3104 5409 3124 5444 ι

762 5525 1062 5583 Athanasii.
1104 5527 1261 5594 Quia,
1297 5529 1491 5599 inquit,
1522 5528 1827 5598 dijudicans
1855 5532 2092 5604 gentium
2119 5550 2251 5592 cau-

761 5642 803 5675 "
834 5642 963 5699 Luc.
984 5663 1013 5701 ι
1034 5646 1158 5703 .19.

760 5738 867 5817 l2?)
898 5737 1027 5817 Eide
1048 5744 1100 5817 in
1118 5751 1443 5817 argumento
1466 5743 1627 5816 hujus
1654 5746 1886 5817 psalmi._

761 5805 869 5874 (80)
904 5809 1029 5867 Vide
1059 5805 1275 5874 ibidem.

2433 5532 2543 5601 (82l
2579 5534 2956 5590 Ἀθανασίου.
2978 5537 3098 5592 Ὀτι
3120 5537 3309 5611 κρίνας
3331 5537 3428 5612 τὴν
3439 5538 3596 5612 δίκην
3609 5538 3722 5597 τῶν
3744 5539 3932 5610 ἐθνῶν,

2430 5744 2539 5808 (81)
2573 5744 2647 5797 ιιιι
2683 5746 2898 5802 videsis.

2429 5813 2535 5885 (se)
2575 5813 2703 5870 Vide
2734 5816 2865 5873 ibid.
