4126 6510
188 463 283 521 569

1145 462 1566 520 FRAGMENTA
1623 465 1980 522 COMMENT.
2022 467 2089 522 IN
2127 466 2467 525 PSALMOS.

3310 474 3415 530 370

189 583 452 655 ἐξήλασας
481 587 574 638 τὸν
603 585 720 638 κατ’
763 582 941 638 αὐτῶν
981 581 1236 653 πολέμιον
1282 583 1530 655 δαίμονα.
1580 587 1641 639 Εἰ
1695 587 1751 640 δὲ
1783 593 1815 646 Α

1888 604 1992 655 am,
2025 589 2230 660 eiecisti
2271 588 2570 643 daemonem
2603 600 2748 656 ipsas
2776 587 3178 658 impugnantcm
3230 587 3417 654 Qttod'

193 675 389 749 βδύλεῖ,
409 677 538 748 δρος
571 676 709 730 Σιὼν
729 678 778 729 οἱ
799 676 860 730 τὸ
885 675 1017 746 ῦψος
1037 677 1134 748 τῆς
1166 676 1443 745 Θεολογίας
1463 694 1726 731 πεπιστευ
1741 706 1757 718 -

196 768 343 839 μενοι
365 784 380 797 ο
413 767 711 840 θυγατέρες
752 767 808 822 δὲ
848 768 945 838 τῆς
1005 768 1258 833 Ἰουδαίας
1287 769 1343 822 ai
1386 769 1528 822 κατὰ
1556 767 1652 838 τὴν
1680 769 1760 821 ol-

193 859 466 932 κουμένην
503 859 842 931 Ἐκκλησίαι,
869 861 944 924 ὡς
967 861 1070 916 ὐπὸ
1099 861 1208 915 τῶν
1231 861 1543 915 ἀποστόλων
1565 864 1760 930 παγεί-

195 935 307 1018 σαι,
335 953 388 1006 οἶ
411 951 473 1005 τὸ
501 951 656 1021 γένος
684 953 742 1019 ἐξ
777 953 1044 1007 Ἰουδαίων
1087 954 1343 1024 κατῆγον.
1387 955 1678 1024 Παρεγγυᾷ
1706 952 1763 1007 δὲ

194 1045 288 1097 καὶ
327 1047 442 1108 τοῖς
490 1043 848 1117 κηρύττουσιν
897 1045 1282 1117 εὐφραίνεσθαι
1331 1045 1495 1098 ἕνεκα
1550 1045 1661 1099 τῶν
1692 1045 1764 1098 δι-

195 1136 366 1189 καίων
389 1137 482 1190 τοῦ
504 1137 638 1191 Θεοῦ
667 1138 968 1208 χριμάτων,
999 1133 1078 1200 οἷς
1123 1138 1486 1208 χρησάμενος,
1519 1136 1616 1208 τὴν
1663 1137 1763 1207 τῆς

195 1228 523 1300 οἰκουμένης
544 1230 814 1301 σωτηρίαν
840 1229 1348 1300 ἐπραγματεύσατο.

1861 683 1908 738 si
1939 683 2012 738 ita
2032 681 2136 742 vis.
2160 695 2320 736 mons
2345 679 2497 746 Sion,
2521 680 2632 736 sint
2655 679 2852 750 quibus
2873 694 3120 750 suprema
3153 679 3418 749 theologia

1862 771 2172 826 concredita
2195 780 2280 825 est
2306 788 2320 824 :
2345 769 2468 826 ﬁliae
2501 786 2628 826 vero
2652 770 2868 833 Judaei.
2904 769 3157 826 Ecclesiae
3183 785 3304 841 quae
3327 783 3421 837 per

1863 863 2050 919 orbem
2092 870 2360 917 terrarum
2409 861 2667 932 dispersa
2715 871 2874 925 sunt,
2902 861 2970 916 ab
2995 859 3288 931 apostolis,
3327 856 3422 928 qui

1863 970 2035 1027 genus
2061 969 2128 1010 es
2155 951 2359 1010 Judaeis
2390 953 2691 1019 ducebant,
2721 954 3047 1009 constitutae.
3107 951 3265 1006 iubet
3296 964 3424 1004 vero

1866 1049 2027 1104 etiam
2051 1039 2437 1118 pradiéatores
2469 1047 2703 1113 gaudere
2739 1055 2954 1114 propter
2974 1045 3120 1114 justa
3160 1042 3251 1098 Dei
3280 1042 3426 1114 judi-

1869 1141 1971 1206 cia,
2002 1152 2124 1209 qua:
2155 1151 2416 1193 exercens
2439 1136 2588 1192 orbis
2617 1136 2844 1191 salutem
2864 1143 3119 1206 operatus
3139 1141 3244 1189 est.

740 1383 874 1440 Item
905 1389 959 1439 in
988 1384 1126 1452 psal.
1159 1398 1285 1438 χιιι
1321 1384 1416 1438 illa
1444 1382 1596 1438 verba
1622 1400 1640 1438 :
1674 1401 1693 1436 ι
1723 1380 1807 1436 Ea:
1830 1379 1960 1439 Sion
1988 1382 2177 1452 species
2203 1383 2402 1436 decoris
2428 1383 2540 1452 ejus
2563 1424 2575 1446 ,
2613 1399 2632 1434 ι
2663 1389 2784 1446 etc.,
2809 1394 2854 1432 υ.
2883 1377 2938 1434 2.

270 1549 384 1619 (85)
427 1550 584 1604 Κατὰ
613 1548 668 1602 δὲ
695 1547 786 1601 τδν
815 1546 986 1617 μέγαν
1028 1543 1339 1598 Ἀοανάσιον
1361 1581 1379 1609 ,
1423 1545 1486 1597 ὲκ
1530 1545 1628 1614 τῆς
1659 1543 1772 1598 ἄνω

201 1638 343 1694 Σιὼν
375 1643 402 1694 ό
435 1640 636 1712 Κύριος
669 1638 766 1709 τὴν
794 1638 1051 1709 δευτέραν
1099 1636 1399 1707 παρουσίαν
1449 1637 1730 1707 ποιήσεται
1754 1674 1769 1696 ,

200 1735 303 1802 τὴν
331 1733 568 1802 ἐπιφανῆ
591 1733 681 1785 καὶ
715 1731 944 1797 ἔνδοξον,
985 1732 1050 1800 ἥν
1095 1731 1188 1783 καὶ
1221 1728 1551 1798 εὐπρέπειαν
1581 1728 1776 1796 ὡραιό-

203 1838 366 1892 τητος
398 1823 681 1894 κέκληκεν.

1947 1541 2016 1594 At
2050 1541 2345 1594 secundum
2379 1555 2632 1610 magnum
2673 1539 3060 1604 Athanasium,
3095 1553 3160 1594 ex
3187 1539 3435 1609 superna

1879 1631 2043 1686 Sione
2075 1633 2370 1686 secundum
2422 1633 2711 1686 adventum
2743 1647 2899 1687 suum
2929 1633 3222 1687 constituet
3248 1631 3437 1686 Domi-

1878 1741 2003 1787 nus.
2040 1725 2328 1790 illustrem,
2358 1724 2577 1791 inquam
2599 1765 2614 1788 ,
2646 1724 2794 1777 illum
2828 1733 2881 1778 et
2910 1724 3204 1794 gloriosum
3226 1764 3242 1792 ,
3273 1737 3436 1794 quem

1877 1819 2042 1874 etiam
2072 1819 2272 1874 idcirco
2305 1820 2539 1890 speciem
2573 1819 2786 1874 decoris
2824 1818 3130 1889 appellavit.

911 1978 976 2032 In
1005 1979 1142 2050 μιαί.
1177 1995 1206 2033 ι.
1238 1977 1430 2032 verba:
1465 1995 1483 2029 ι
1515 1978 1617 2033 Cor
1643 1978 1892 2036 mundum
1918 1983 2111 2035 σηπίη
2142 1997 2260 2044 me,
2293 1978 2428 2032 Deus
2452 2016 2470 2038 ,
2507 1997 2528 2029 ι
2559 1995 2607 2033 υ.
2650 1975 2742 2034 12..

281 2141 392 2211 (84)
417 2141 573 2195 Κατὰ
601 2141 656 2195 δὲ
696 2141 786 2194 τὸν
823 2141 994 2212 μέγαν
1039 2140 1374 2208 Ἀθανάσιον,
1425 2143 1644 2216 Πνεῦμα
1672 2145 1764 2198 τὸν
1798 2147 1815 2201 l

1938 2141 2247 2199 Secundum
2301 2155 2482 2201 autem
2543 2160 2800 2216 magnum
2856 2143 3009 2200 illum
3061 2144 3441 2212 Athanasium,

211 2233 336 2286 νοῦν
363 2233 622 2288 ἐκάλεσεν
645 2251 657 2263 ’
690 2234 844 2296 esea;
893 2234 951 2288 δὲ
982 2234 1146 2289 αὐτοῦ
1194 2236 1254 2288 τὸ
1303 2235 1548 2306 ἑδραῖονο
1575 2237 1776 2290 ὡσανεὶ

210 2324 362 2393 λέγοι
381 2341 394 2354 ·
436 2326 753 2395 Ἀσερὰλισαί
791 2344 890 2397 μου
911 2326 1002 2382 τὸν
1035 2327 1180 2392 νοῦν,
1207 2328 1302 2383 τοῦ
1340 2329 1535 2402 μηκέτι
1557 2330 1776 2384 εὐκολον

214 2413 352 2473 εἶναι
384 2420 743 2474 καταπίπτειν
779 2423 857 2484 είς
883 2422 1180 2493 ἁμαρτίαν.

1885 2235 2146 2306 Spiritum
2191 2240 2481 2308 appellarit
2532 2239 2704 2309 ipsam
2739 2249 3004 2303 mentem;
3068 2239 3446 2294 rectitudinem

1882 2344 2010 2382 vero
2043 2345 2140 2396 pro
2168 2330 2422 2385 firmitate
2447 2331 2566 2401 ejus
2595 2331 2749 2394 dixlt,
2773 2331 2929 2400 quasi
2952 2330 3173 2387 dixisset
3199 2350 3212 2387 :
3237 2331 3446 2386 Conﬁr-

1882 2433 1968 2472 ma
2000 2431 2232 2473 mentem
2266 2437 2460 2484 meam,
2487 2430 2546 2476 ut
2567 2436 2908 2490 nequaquam
2933 2422 3186 2492 proclivis
3208 2425 3278 2479 sit
3298 2422 3448 2480 dein-

1883 2525 2008 2581 ceps
2037 2511 2103 2565 ad
2143 2513 2534 2581 prolabendum
2574 2512 2629 2566 in
2663 2521 2963 2582 peccatum.

814 2666 879 2722 In
916 2667 1053 2738 psal.
1084 2683 1154 2723 ιι
1190 2669 1285 2722 illa
1317 2670 1468 2726 verba
1499 2687 1520 2725 :
1552 2687 1572 2721 ι
1604 2669 1647 2722 Α
1674 2668 1866 2738 ﬁnibus
1895 2677 2050 2723 terra:
2079 2667 2148 2720 ad
2178 2677 2226 2723 te
2264 2666 2510 2729 clamavi,
2543 2685 2562 2718 ι
2597 2673 2722 2730 etc.,
2751 2681 2800 2720 υ.
2831 2665 2886 2721 3.

320 2825 664 2880 Αθανασιοιυ
706 2825 804 2879 καί
857 2826 1170 2881 Εὐσεόίου.
1217 2826 1439 2896 Ἀκηδιᾷ
1485 2827 1540 2880 δὲ
1575 2825 1788 2894 ἀληθῶς

223 2914 317 2968 καὶ
353 2915 611 2985 ἁδημονεῖ
656 2917 763 2977 πᾶς
803 2914 1052 2986 θεοφιλὴς
1091 2917 1169 2986 τῷ
1213 2916 1390 2986 θνητῷ
1439 2915 1788 2986 ἐνδιατρίϐων

226 3006 328 3076 βίῳ
352 3023 365 3034 ·
398 3007 657 3077 ἀδημονεί
682 3007 737 3060 δὲ
776 3007 868 3060 καὶ
893 3006 982 3059 διὰ
1009 3007 1433 3077 φιλανθρωπίαν,
1488 3007 1549 3059 τὸ
1587 3005 1787 3076 πλῆθος

219 3113 334 3151 των
375 3099 760 3172 ἀπολλυμένων
794 3098 1032 3170 θεωρῶν.
1081 3099 1296 3170 Ἐπειδὴ
1329 3095 1421 3152 οὖν
1451 3098 1544 3151 καὶ
1584 3097 1746 3152 Δαυῒδ
1769 3137 1784 3162 ,

223 3191 306 3251 είς
371 3189 467 3260 τὴν
519 3183 978 3243 κατῖαδυναστείαν
1029 3191 1122 3243 καὶ
1171 3188 1460 3260 τυραννίδα
1508 3189 1615 3243 τῶν
1664 3188 1781 3241 δαι-

227 3285 404 3352 μόνων
449 3280 689 3352 θεωρῶν,
748 3282 976 3352 ἁκηδίας
1008 3283 1366 3353 πεπλήρωτο,
1403 3282 1591 3336 τούτου
1626 3283 1782 3355 χάριν

225 3372 480 3434 ἱκετεύει,
506 3373 672 3435 ὅπως,
709 3373 988 3441 ἐπιφανεὶς
1022 3374 1052 3426 ό
1093 3372 1315 3444 Κύριος,
1345 3374 1444 3444 τῆς
1471 3375 1578 3427 τῶν
1609 3375 1782 3443 βιαζο-

231 3463 407 3534 μένων
435 3466 584 3535 ἡμᾶς
608 3463 854 3534 ἐξέληται
897 3465 1075 3537 χειρός
1105 3464 1238 3536 (85).
1290 3465 1362 3519 Τὸ
1407 3465 1484 3530 δὲ,
1523 3467 1640 3520 ἀπὸ
1669 3465 1787 3520 τῶν

1959 2824 2239 2881 Athanasii
2293 2833 2341 2876 et
2398 2821 2632 2875 Eusebii.
2691 2821 2901 2875 Anxius
2941 2830 3090 2877 certe
3119 2831 3202 2878 est
3225 2830 3280 2877 et
3310 2817 3455 2878 dolet

1896 2917 2075 2972 omnis
2109 2914 2201 2968 Dei
2234 2928 2444 2978 amans,
2467 2913 2594 2967 dum
2620 2911 2729 2982 agit
2761 2911 2813 2965 in
2848 2912 2948 2966 hac
2976 2914 3082 2966 vita
3110 2931 3122 2966 :
3149 2912 3294 2967 dolet
3326 2927 3453 2969 vero

1891 3010 2055 3063 etiam
2097 3009 2167 3062 ob
2209 3006 2669 3069 benevolentiam,
2703 3004 2894 3058 videns
2938 3012 3139 3058 tantam
3175 3003 3456 3072 hominum

1889 3099 2287 3155 multitudinem
2321 3099 2516 3166 perire.
2553 3095 2691 3162 Quia
2724 3095 2886 3167 igitur
2914 3096 3074 3150 etiam
3106 3093 3270 3148 David
3291 3135 3306 3158 ,
3331 3109 3457 3149 cum

1887 3191 2182 3259 respiceret
2214 3189 2279 3242 ad
2311 3189 2604 3258 potentiam
2651 3203 2715 3242 ac
2757 3186 3094 3259 tyrannidem
3128 3187 3457 3255 daemonum,

1891 3284 2163 3338 anxietate
2201 3280 2595 3351 Corripiebatur
2619 3319 2634 3345 ,
2689 3280 2893 3334 idcirco
2919 3281 3188 3348 supplicat
3225 3277 3335 3334 Deo
3357 3320 3373 3345 ,
3401 3288 3460 3334 ut

1893 3377 2158 3433 Dominus
2188 3378 2244 3431 in
2269 3393 2428 3431 carne
2457 3393 2514 3432 se
2542 3374 2897 3431 manifestans
2917 3417 2932 3441 ,
2968 3389 3068 3430 nos
3096 3372 3162 3428 de
3208 3372 3461 3427 manibu'

1893 3468 2263 3536 torquentium
2286 3475 2460 3520 cruat.
2491 3465 2622 3519 Illud
2649 3481 2800 3530 vero,
2823 3484 2853 3520 a
2884 3465 3074 3536 finibus
3101 3475 3274 3528 terra,
3298 3462 3460 3533 signi-

229 3554 504 3622 περάτων
534 3555 644 3623 τῆς
671 3555 804 3626 γῆς,
831 3557 1084 3628 σημαίνει
1115 3559 1256 3630 ὑπὲρ
1301 3560 1477 3630 πάσης
1514 3559 1675 3612 αὐτὸν
1698 3560 1795 3629 τῆς

1900 3559 2022 3614 licat
2053 3559 2228 3628 ipsum
2267 3573 2364 3628 pro
2393 3559 2648 3611 universo
2681 3567 2946 3612 terrarum
2973 3559 3104 3612 orbe
3129 3571 3317 3626 preces
3340 3554 3457 3610 lun-

228 3647 553 3716 οἰκουμένης
584 3649 900 3716 ποιούμενον
931 3648 1028 3710 τὰς
1057 3648 1225 3712 λιτάς.
1259 3651 1331 3704 Οὐ
1360 3651 1517 3721 μόνον
1540 3652 1618 3713 δὲ,
1663 3652 1796 3705 ἀλλὰ

229 3738 326 3791 καὶ
348 3738 408 3790 τὸ
443 3737 605 3809 μέσον
645 3739 778 3793 Θεοῦ
821 3740 916 3794 καὶ
948 3740 1248 3812 ἀνθρώπων
1279 3743 1466 3806 οὐσίας
1493 3744 1626 3797 πολύ
1657 3761 1798 3815 παρα

234 3829 490 3895 ιστῶντα,
548 3832 686 3885 κατὰ
731 3832 792 3886 τὸ
836 3835 894 3886 ἐν
924 3832 1001 3904 τῷ
1051 3825 1482 3905 Ἐκκλησιαστῇ·
1544 3835 1606 3888 '0
1651 3835 1795 3902 Θεὸς

233 3918 303 3972 ἐν
331 3915 411 3984 τῷ
439 3918 671 3987 οὐρανῷ
699 3919 840 3983 ἄνω,
882 3920 981 3973 καί
1023 3920 1104 3975 σὺ
1149 3921 1218 3975 ἐν
1259 3919 1330 3989 τῇ
1365 3919 1440 3992 γῆ
1475 3920 1649 3975 κάτω.
1691 3920 1796 3974 Τοῦ

240 4012 426 4081 μέντοι
457 4012 755 4082 Συμμάχου
789 4013 1124 4083 σαφέστερον
1160 4013 1426 4079 εἰπόντος,
1456 4013 1526 4066 ἐν
1551 4011 1628 4078 τῷ
1659 4012 1801 4082 ἀδη-

231 4104 462 4177 μονεῖν,
497 4104 886 4175 ἐναργέστερον
919 4106 1011 4157 καὶ
1052 4103 1520 4175 ἐμφαντικώτερον
1564 4100 1716 4160 εἷπον
1754 4107 1802 4160 oi

249 4195 674 4266 Ἐσδομήκοντα,
716 4195 812 4247 ἐν
847 4193 927 4259 τῷ
954 4194 1297 4263 ἀκηδιάσαι.
1347 4199 1656 4268 ’Δδημονεῖν
1695 4197 1802 4270 γὰρ

239 4290 334 4342 καὶ
372 4288 468 4342 επὶ
496 4291 606 4352 τοῖς
655 4290 870 4360 μικροῖς
903 4289 1153 4357 λέγεταιο
1195 4289 1422 4361 ἀκηδιᾷν
1463 4289 1520 4344 δὲ
1547 4291 1640 4343 ἐπὶ
1688 4292 1803 4354 τοῖς

241 4380 497 4452 μεγαλοις
522 4379 757 4443 παντως,
789 4380 915 4434 ὃταν
942 4379 1030 4436 διὰ
1054 4381 1113 4434 τὸ
1143 4381 1344 4452 πλῆθος
1372 4380 1477 4435 τῶν
1499 4381 1682 4436 κακῶν
1702 4381 1805 4436 λοι-

239 4472 339 4526 πὸν
367 4471 478 4525 τῶν
510 4472 568 4524 ἐν
614 4470 762 4541 μέσῳ
814 4487 898 4534 τις
947 4470 1442 4542 τοεριλαμσάνεται,
1491 4469 1806 4542 ἀπαγορεύῃ

239 4565 376 4637 πρὸς
397 4563 540 4617 αὐτὰ
568 4565 660 4617 καὶ
688 4559 800 4617 οἷον
825 4563 1210 4634 ἀπογινώσκει,
1241 4564 1401 4635 ῥίψας
1428 4563 1523 4617 τοῦ
1555 4563 1672 4627 νοὸς
1696 4563 1810 4634 βουη

237 4656 507 4728 λεύματα,
527 4655 602 4720 ὡς
635 4655 831 4727 μηκέτι
860 4655 1045 4730 φέρειν
1075 4651 1186 4721 οἷός
1219 4673 1276 4710 τε
1305 4654 1399 4710 ὢν.

1903 3650 2048 3705 dere.
2099 3647 2284 3719 Neque
2310 3649 2410 3703 hoc
2435 3659 2642 3703 tantum
2669 3688 2686 3712 ,
2735 3649 2829 3703 sed
2863 3658 2916 3703 et
2938 3648 3176 3702 medium
3207 3645 3464 3715 quiddam

1904 3743 2043 3796 inter
2103 3743 2194 3796 Dei
2248 3757 2312 3797 ac
2366 3742 2644 3798 hominum
2705 3741 3062 3798 substantiam
3113 3739 3465 3801 constituere.

1904 3832 2198 3887 secundum
2250 3832 2379 3885 illud
2415 3831 2792 3886 Ecclesiaste:
2827 3829 2961 3884 Deus
3002 3831 3056 3883 in
3103 3831 3230 3883 tcto
3258 3842 3467 3882 sursum

1903 3932 2021 3978 est:
2045 3933 2094 3978 et
2140 3932 2194 3976 tu
2224 3923 2278 3976 in
2321 3931 2458 3976 terra
2486 3921 2630 3992 infra
2657 3923 2722 3974 ".
2763 3919 2828 3975 Et
2854 3921 3214 3992 Symmachus
3247 3919 3466 3990 quidem

1906 4017 1988 4071 sic
2015 4016 2161 4070 clare
2189 4014 2337 4070 hunc
2364 4015 2543 4069 locum
2572 4013 2825 4079 reddidit,
2856 4013 2988 4069 Cum
3020 4013 3269 4068 dolerem.
3298 4010 3450 4082 Signi

1905 4108 2120 4163 cantius
2157 4121 2288 4162 vero
2318 4115 2371 4160 et
2401 4106 2637 4177 apertius
2669 4105 3017 4175 Septuaginta
3054 4123 3067 4158 :
3109 4103 3243 4156 Dum
3275 4103 3472 4158 anxias

1903 4215 2086 4252 essem.
2125 4196 2285 4253 Dolor
2307 4198 2451 4254 cnim
2479 4198 2640 4253 etiam
2678 4197 2745 4252 de
2783 4196 3008 4250 minutis
3047 4195 3205 4250 malis
3234 4193 3468 4250 dicitur:

1911 4290 2156 4345 anxietas
2210 4305 2340 4345 vero
2378 4291 2446 4345 de
2489 4290 2702 4361 magnis
2748 4289 3125 4345 tantummodo
3153 4327 3169 4353 ,
3229 4286 3471 4358 quando,

1906 4383 2248 4438 multitudine
2277 4383 2539 4436 malorum
2579 4383 2982 4437 circumventus
3021 4381 3181 4452 quis,
3231 4383 3469 4434 animum

1904 4473 2203 4544 despondet
2240 4489 2304 4530 ac
2329 4474 2487 4545 quasi
2532 4475 2819 4544 desperat,
2870 4472 3081 4544 abjecto
3123 4472 3273 4529 omni
3304 4471 3472 4528 animi

1905 4568 2159 4636 consilio,
2193 4576 2253 4624 ut
2287 4568 2380 4640 qui
2414 4568 2557 4624 malo
2584 4567 2808 4624 ferendo
2838 4582 2936 4640 par
2961 4582 3069 4622 non
3099 4567 3190 4622 sit.

1042 4837 1113 4892 Et
1142 4841 1192 4893 in
1225 4855 1356 4896 vers.
1387 4847 1673 4898 sequentem
1708 4853 1726 4892 :
1761 4856 1779 4890 ι
1812 4836 1877 4891 In
1909 4846 2054 4906 petra
2081 4838 2328 4892 exaltasti
2354 4853 2432 4892 me
2455 4878 2470 4905 ,
2504 4856 2525 4891 ›
2556 4853 2603 4892 ν.
2633 4837 2686 4892 5.

314 5002 429 5076 (86)
467 5001 834 5068 Ἀθανάσιος.
875 5000 1021 5074 Πρὸς
1050 4999 1107 5056 δὲ
1136 5000 1372 5054 διάνοιαν
1405 4999 1685 5072 κρείττους
1714 5015 1810 5068 γε·

1888 5027 1889 5044 ι
1985 5001 2327 5054 Athanasius.
2367 4996 2674 5054 Secundum
2709 4998 3037 5054 intellectum
3067 5013 3215 5064 vero,
3243 4999 3347 5053 sive
3367 5015 3478 5054 seno

242 5099 482 5168 γόναμεν
508 5095 618 5152 τῶν
662 5095 1074 5168 ἐπηρεαζόντων
1105 5095 1372 5164 δαιμόνων
1416 5093 1502 5146 διὰ
1547 5092 1805 5164 Χριστοῦ,

1916 5111 2030 5148 sum
2060 5094 2411 5162 spirituulem,
2441 5093 2718 5148 victoriam
2752 5093 3149 5162 reportavimus
3179 5091 3247 5146 de
3275 5091 3478 5146 daemo-

242 5189 300 5256 δς
329 5191 506 5261 πέτρα
537 5187 616 5265 τῷ
643 5189 894 5260 μακαρίῳ
915 5189 1326 5259 κατωνόμασται
1353 5188 1566 5257 Παύλῳ.
1595 5188 1704 5239 Καὶ
1724 5187 1809 5240 ἵνα

1918 5186 2100 5248 nibus,
2149 5187 2240 5255 qui
2296 5200 2396 5239 nos
2429 5184 2776 5251 infestabant,
2817 5200 2911 5255 per
2953 5184 3250 5249 Christum,
3304 5183 3395 5252 qui
3445 5198 3475 5235 a

241 5286 334 5340 τὸν
363 5283 489 5339 νοῦν
521 5283 736 5337 ἅπαντα
775 5282 876 5352 τῆς
921 5281 1237 5351 ψαλμιθῶίας
1269 5279 1426 5342 εἴπω,
1460 5278 1808 5348 εὐχαριστίαν

1917 5276 1979 5334 D.
2001 5277 2168 5333 Paulo
2195 5287 2343 5348 petra
2369 5277 2666 5346 appellatur
2692 5276 2753 5330 ³⁸,
2779 5275 2843 5330 Et
2866 5285 2924 5331 ut
2949 5276 3140 5346 psalmi
3173 5275 3336 5345 hujus
3352 5288 3479 5327 sen-

244 5382 457 5449 ὀλόγος
489 5379 751 5451 περιέχει.
803 5377 986 5430 Ταῦτα
1028 5377 1136 5447 γάρ
1169 5392 1279 5446 μοι.
1332 5375 1513 5445 φησὶν,
1564 5373 1808 5443 ὑπῆρξαν

1916 5388 2034 5426 sum
2071 5372 2382 5426 universum
2417 5385 2723 5440 exponam,
2783 5370 3023 5424 continet
3076 5369 3123 5424 is
3176 5367 3474 5439 gratiarum

247 5473 350 5528 ὅσα
376 5472 704 5543 προείρηκα,
742 5468 927 5540 ἐπειδὴ
947 5471 1009 5523 σὺ
1028 5467 1210 5532 αὐτὸς,
1243 5467 1271 5519 ὀ
1303 5466 1456 5529 Θεὸς,
1477 5463 1686 5535 Enipei;
1718 5481 1808 5534 με,

1920 5466 2205 5520 actionem.
2228 5462 2331 5518 Ista
2360 5463 2504 5518 enim
2537 5464 2744 5528 omnia,
2767 5463 2962 5534 inquit,
2994 5479 3112 5534 qua:
3139 5459 3476 5518 enumeravi.

316 5607 360 5639 "
399 5607 580 5662 Ercle.
612 5622 664 5670 v,
701 5606 751 5659 ί.
830 5603 873 5634 ³³
903 5601 922 5656 l
953 5603 1080 5658 Cor.
1114 5619 1170 5667 ι,
1197 5603 1247 5656 4.

320 5748 433 5811 (83)
463 5747 598 5803 Vide
627 5745 756 5800 ibid.

321 5820 432 5879 (84)
473 5819 608 5874 Vide
647 5833 808 5885 supra
841 5815 905 5871 atl
936 5813 1304 5885 lmncjocum.

321 5891 431 5961 (85)
471 5889 598 5946 lite
650 5879 917 5944 habentur
967 5886 1021 5940 in
1070 5883 1500 5955 Expositionibns
1549 5880 1614 5938 ad
1667 5879 1808 5935 hunc

1921 5745 2153 5786 versum.

1990 5806 2096 5875 (86)
2139 5803 2210 5860 lbi
2245 5802 2365 5860 vide
2397 5799 2668 5872 superius.
