4126 6482
692 437 793 493 571

1535 437 1589 490 S.
1634 434 2001 491 ATHANASII
2035 436 2185 493 OPP.
2229 436 2408 493 PARS
2436 437 2525 493 111.
2554 468 2625 479 --
2666 437 3073 495 EXEGETICA.

3816 436 3920 495 5Ἲῖ

688 556 999 611 acciderunt
1040 557 1169 610 mibi
1196 557 1449 625 quoniam
1488 566 1565 620 tu,
1599 573 1631 611 ο
1660 556 1823 621 Deus,
1852 559 2099 613 exaltasli
2142 573 2251 627 me,

2355 560 2446 613 καὶ
2476 560 2695 629 ὖψωσας
2728 563 2783 614 ὲν
2814 564 2878 632 τῇ
2908 560 3057 631 παρὰ
3093 563 3171 613 σοι
3204 560 3394 629 πέτρᾳ,
3419 560 3540 628 ἥτις
3572 559 3718 611 ἐστὶν
3766 559 3795 610 ὁ
3834 559 3922 622 σὸς

682 657 740 703 et
759 648 995 703 extulisti
1030 663 1115 702 me
1158 650 1210 701 in
1237 657 1409 717 petra,
1449 666 1569 717 qua:
1604 651 1745 718 apud
1784 658 1835 705 te
1863 660 1965 717 est,
1997 652 2050 706 in
2089 653 2249 706 verbo

686 741 894 797 scilicet
922 750 1013 795 tuo
1043 759 1056 793 :
1085 740 1335 796 Christus
1364 744 1509 796 enim
1542 752 1660 797 erat
1685 753 1833 813 petra
1860 744 1971 799 illa.
1997 744 2131 810 Quia
2157 744 2251 814 igi-

682 839 774 889 tur
796 832 962 887 verbo
996 841 1091 886 tuo
1122 847 1206 885 me
1231 832 1507 894 exaltasti,
1542 844 1701 903 atque
1732 834 1803 889 ita
1824 836 2106 889 sublimem
2128 834 2250 888 feci-

684 927 777 991 sti,
816 934 875 979 ut
901 940 1005 979 non
1041 926 1272 994 amplius
1302 927 1355 980 in
1386 926 1563 979 medio
1586 935 1763 993 terrae,
1793 927 1885 990 sed
1910 928 1961 980 in
1994 927 2250 982 extremis

684 1020 804 1088 ejus
829 1018 1064 1072 habitem
1103 1038 1114 1071 :
1156 1020 1376 1087 insuper
1408 1020 1569 1072 etiam
1596 1022 1722 1089 quia
1763 1020 2029 1074 deduxisti
2058 1035 2161 1082 me,
2193 1028 2251 1073 ut

677 1111 793 1179 jam
846 1112 1179 1179 propinquus
1205 1110 1301 1163 tibi
1342 1110 1515 1165 factus
1556 1113 1680 1175 sim,
1717 1122 1771 1166 et
1803 1114 1927 1181 quia
1958 1128 2081 1180 spes
2114 1128 2251 1181 quo-

682 1217 787 1272 que
818 1216 932 1254 mea
967 1199 1142 1255 factus
1171 1217 1230 1254 es
1256 1243 1269 1266 ,
1307 1218 1411 1271 qua
1462 1204 1741 1257 conlidens
1788 1218 1892 1256 non
1931 1203 2251 1267 confundar,

681 1291 807 1361 quia
859 1291 1094 1358 denique
1133 1306 1254 1345 cum
1294 1293 1475 1347 hostes
1530 1292 1681 1345 multi
1713 1308 1796 1345 me
1846 1294 2158 1362 impulerunt
2193 1310 2256 1348 ac

681 1396 989 1460 quzererent
1019 1387 1258 1440 animam
1312 1399 1522 1447 meam,
1566 1393 1620 1437 tu
1664 1386 1810 1439 solus
1837 1395 2023 1439 contra
2066 1402 2256 1439 omnes

684 1480 1011 1543 suﬂiciebas,
1044 1476 1217 1531 factus
1237 1475 1366 1528 mihi
1399 1477 1565 1529 turris
1589 1475 1956 1539 fortitudinis;
1993 1478 2125 1537 haec,
2163 1478 2244 1528 in-

678 1588 866 1643 quam,
907 1571 1088 1625 omnia
1120 1584 1239 1621 cum
1281 1583 1309 1620 a
1340 1575 1390 1621 te
1416 1578 1738 1622 consecutus
1769 1559 1892 1630 sini,
1924 1570 2115 1621 merito
2150 1570 2244 1621 tibi

681 1664 913 1735 hymnos
933 1661 1118 1727 oﬂ'ero,
1142 1669 1201 1715 ut
1227 1657 1324 1728 qui
1347 1657 1478 1711 mihi
1503 1660 1745 1711 omnium
1772 1659 2032 1712 bonorum
2058 1670 2246 1712 auctor

682 1756 868 1814 fueris.

2354 655 2511 723 λόγος
2535 674 2547 685 υ
2586 658 2617 727 ἡ
2655 658 2828 728 πέτρα
2857 658 2965 729 γὰρ
2992 655 3057 729 ἦν
3089 660 3116 710 ὁ
3144 659 3389 729 Χριστός.
3440 657 3588 709 Ἐπεὶ
3626 656 3805 708 τοίνυν
3848 653 3923 726 τῷ

2353 744 2495 816 λόγῳ
2530 764 2621 799 σου
2662 748 2881 817 ὓιζνωσάς
2928 766 3014 818 με,
3066 750 3160 801 καὶ
3214 748 3482 818 μετέωρον
3522 746 3819 815 ἐποίησας,
3850 746 3924 809 ῶς

2358 837 2553 909 μηκέτι
2588 842 2858 891 κατοικεῖν
2885 839 2952 893 τά
2991 839 3127 908 μέσα
3160 837 3260 907 τῆς
3311 837 3435 905 γῆς,
3485 836 3597 889 ἀλλ’
3630 837 3689 888 ἐν
3735 837 3923 904 ἄκροις

2358 931 2526 1001 αὐτῆς
2552 930 2842 1000 γενέσθαισ
2892 932 2991 1002 ἠδη
3031 932 3085 984 δὲ
3142 932 3237 983 καὶ
3291 929 3579 1000 ὼδήγησάς
3627 945 3733 998 με,
3786 927 3923 980 ὥστε

2359 1024 2584 1093 πλησίον
2633 1040 2724 1075 σου
2757 1023 2977 1092 φθάσαι.
3010 1022 3237 1089 γέγονας
3280 1038 3337 1073 τε
3388 1020 3539 1083 ἐλπίς
3589 1038 3712 1089 μου,
3761 1019 3810 1071 δι
3862 1022 3925 1089 ἦν

2357 1114 2543 1168 ἐλπίδα
2566 1113 2625 1165 οὺ
2657 1112 3193 1183 καταισχυνθήσομαι
3216 1128 3227 1142 ’
3258 1110 3392 1163 ἀλλά
3428 1111 3519 1162 καὶ
3551 1110 3762 1161 πολλῶν
3810 1111 3925 1161 ἐπι-

2358 1207 2626 1277 κειμένων
2656 1206 2857 1273 νοητῶν
2883 1204 3109 1276 ἐχθρῶν,
3144 1204 3251 1255 τῶν
3288 1203 3589 1273 ζητούντων
3619 1204 3718 1271 τὴν
3745 1202 3924 1271 ψυχήν

2362 1315 2483 1367 μου,
2517 1299 2636 1350 ἀντὶ
2665 1297 2878 1349 πάντων
2906 1296 3142 1367 ἧρκεσας
3173 1296 3235 1348 σὺ
3280 1295 3457 1364 μόνος,
3492 1294 3701 1365 πύργος
3742 1296 3923 1364 ique;

2362 1407 2449 1459 μοι
2473 1391 2757 1458 γενόμενος
2780 1407 2792 1419 ο
2822 1388 3047 1451 εἰκότως
3079 1387 3280 1440 τούτων
3307 1388 3559 1440 ἁπάντων
3604 1387 3805 1457 τυχὼν,
3862 1387 3926 1441 σὺ

2350 1488 2365 1547 (
2391 1482 2525 1549 forte
2559 1482 2671 1547 σοὶ)
2702 1482 2825 1543 τοὺς
2858 1479 3057 1549 ὕμνους
3087 1478 3413 1549 ἀναπέμπω,
3442 1476 3518 1543 ὡς
3541 1480 3802 1533 ἁπάντων
3838 1494 3928 1551 μοι

2348 1573 2453 1626 τῶν
2484 1573 2701 1641 ἀγαθῶν
2721 1573 2995 1647 γενομένῳ
3029 1571 3206 1641 αἰτίῳ.

1523 1845 1591 1899 Et
1625 1849 1898 1901 inversum
1933 1856 2257 1914 sequentem:
2296 1864 2312 1894 ι
2353 1843 2630 1899 Drduxisti
2659 1861 2754 1906 me,
2787 1864 2803 1895 ι
2846 1855 2968 1911 etc.,
2997 1863 3043 1900 v.
3075 1847 3109 1896 ι

760 2015 1039 2071 Athanasii
1062 2025 1109 2068 et
1136 2012 1345 2083 Cyrilli.
1386 2010 1521 2077 Quia
1555 2026 1681 2065 vero
1730 2010 1829 2063 viae
1881 2008 2078 2062 ducum
2128 2024 2251 2076 pro-
2282 2015 2326 2069 Β

679 2108 856 2177 prium
885 2114 968 2159 est
992 2106 1385 2167 demonstrare,
1422 2118 1667 2172 quaenam
1698 2103 1785 2154 via-
1832 2110 1946 2153 tuta
1998 2102 2087 2161 sit,
2126 2116 2244 2167 quae

683 2214 807 2252 vero
843 2197 1141 2268 periculosa
1175 2204 1228 2249 et
1272 2196 1569 2264 perniciosa
1600 2213 1611 2247 :
1650 2195 1812 2246 etiam
1850 2193 1951 2245 hoc
1992 2190 2243 2246 Christus

682 2289 875 2344 fecisse
908 2287 1259 2355 comperitur,
1312 2284 1437 2337 dum
1482 2285 1592 2336 ait:
1634 2283 1743 2348 ligo
1770 2297 1886 2334 sunt
1931 2281 2013 2333 via
2064 2290 2111 2333 et
2154 2297 2239 2333 os-

682 2382 812 2432 tium
858 2376 923 2432 “.
964 2378 1095 2431 Illud
1124 2391 1272 2440 vero,
1304 2376 1468 2429 turris
1504 2373 1853 2434 fet-titudinis,
1887 2373 2023 2425 idem
2068 2380 2150 2425 est
2180 2387 2243 2426 ac

680 2472 725 2525 si
754 2471 1019 2524 dixisset:
1062 2466 1249 2522 Murus
1300 2482 1363 2521 ac
1409 2474 1648 2519 tutamen
1677 2465 1809 2518 mihi
1845 2464 2019 2518 lactus
2070 2479 2150 2525 es,
2184 2472 2243 2516 ut

679 2562 809 2615 nihil
848 2561 978 2615 mihi
1017 2560 1228 2615 accidat
1257 2559 1405 2622 mali,
1441 2573 1564 2612 cum
1602 2558 1653 2609 hi
1688 2556 1987 2609 molestiam
2025 2555 2241 2623 pariunt

678 2652 901 2707 inimici.
930 2650 1179 2706 Christus
1208 2664 1442 2720 namque
1490 2650 1655 2703 turris
1689 2656 1770 2703 est
1822 2648 2031 2701 stabilis
2079 2657 2238 2718 atque

678 2746 1021 2801 inconcussa.

2425 2010 2534 2077 (87)
2580 2011 2924 2064 Ἀθανασίου
2971 2012 3067 2063 καὶ
3120 2012 3439 2080 Κυρίλλου.
3513 2010 3666 2066 Ἐπὶ
3716 2013 3775 2066 δὲ
3821 2014 3926 2067 τῶν

2344 2100 2678 2169 ὁδηγούντων
2730 2102 2858 2154 ἴδιον
2893 2102 2953 2154 τὸ
2999 2102 3283 2165 δεικνύειν,
3343 2104 3473 2157 ποία
3533 2104 3632 2174 μὲν
3677 2106 3923 2174 ἀσφαλὴς

2344 2192 2480 2256 ὁδὸς,
2506 2192 2631 2244 ποία
2659 2193 2715 2245 δὲ
2745 2194 2986 2265 σφαλερά
3016 2196 3108 2247 καὶ
3134 2194 3369 2267 βλαϐερά
3403 2197 3813 2268 μαρτύρεσθαι·
3836 2199 3925 2250 καὶ

2342 2282 2499 2335 τοῦτο
2530 2284 2763 2354 Χριστὸς
2796 2284 3108 2353 πεποιηκὼς
3134 2285 3445 2356 εὑρίσκεται
3474 2325 3487 2349 ,
3514 2288 3574 2338 ὲν
3602 2286 3681 2356 τῷ
3706 2286 3887 2354 λέγειν
3905 2302 3923 2319 ·

2358 2374 2505 2440 Ἐγώ
2525 2377 2639 2442 εἶμι
2669 2377 2705 2441 ή
2731 2375 2868 2440 ὁδὸς
2896 2376 2993 2427 καὶ
3020 2375 3058 2440 ἠ
3088 2378 3253 2444 θύρα.
3286 2378 3357 2429 Τὸ
3378 2378 3455 2437 δὲ.
3485 2379 3698 2449 πύργσς
3723 2379 3924 2449 ἰσχύος,

2346 2467 2528 2535 ὅμοιον
2563 2466 2692 2517 ὡσεὶ
2716 2466 2893 2533 λέγοι·
2928 2468 3115 2537 Τοΐχος
3149 2467 3239 2519 καὶ
3270 2469 3536 2535 ἀσφάλεια
3568 2469 3823 2537 γέγονας,
3849 2474 3924 2533 εις

2344 2556 2404 2609 τὸ
2442 2556 2604 2627 μηδὲν
2632 2557 2822 2609 παθεῖν
2856 2556 3399 2629 ἐπηρεαζόντωντῶν
3442 2559 3671 2630 ἐχθρῶν.
3707 2560 3923 2632 Πύργος

2344 2648 2452 2719 γὰρ
2484 2650 2715 2721 ἑδραῖος,
2750 2649 3140 2712 ἀκατάσειστος
3164 2651 3192 2701 ὁ
3232 2652 3483 2721 Χριστός.

1363 2855 1430 2909 Et
1461 2856 1514 2909 in
1548 2854 1817 2925 sequentia
1850 2867 1873 2908 :
1910 2871 1930 2906 ς
1971 2853 2238 2907 Habitabo
2270 2854 2323 2907 in
2355 2850 2696 2907 tabernacula
2724 2861 2834 2918 tuo,
2880 2872 2900 2903 ι
2928 2863 3053 2920 etc.,
3086 2871 3131 2908 ιο.
3165 2854 3218 2908 5.

747 3020 1095 3086 Athanasius,
1122 3022 1378 3093 Cyrinus.
1416 3019 1495 3076 Ad
1529 3034 1747 3076 sensum
1778 3036 1908 3077 vero
1938 3020 2051 3076 :Ex
2082 3021 2239 3078 bonis

676 3127 798 3181 quae
821 3114 929 3182 jam
956 3130 985 3168 a
1013 3116 1120 3169 Deo
1145 3124 1446 3184 acceperat,
1490 3130 1637 3183 spem
1673 3115 1773 3169 sibi
1811 3113 1939 3169 facit
1981 3114 2141 3168 etiam
2173 3114 2240 3169 de

677 3205 897 3271 futuris,
935 3208 1079 3276 quod
1116 3207 1372 3261 nimirum
1419 3217 1665 3275 receptus
1698 3207 1750 3259 in
1783 3222 2015 3276 superna
2057 3208 2237 3259 taber-

674 3297 893 3359 nacula.
927 3313 1141 3368 semper
1177 3299 1277 3353 sub
1305 3298 1397 3352 Dei
1438 3298 1539 3351 erit
1574 3296 1928 3364 protectione.
1971 3296 2242 3362 Quemad-

676 3386 896 3438 modum
952 3387 1097 3439 enim
1150 3387 1243 3455 qui
1294 3384 1490 3439 festum
1538 3385 1754 3453 aliquod
1787 3386 1959 3439 aeturi
1996 3394 2142 3450 sunt,
2178 3402 2241 3441 eo

670 3476 780 3545 jam
814 3493 920 3547 pra:
951 3477 1159 3534 foribus
1209 3479 1523 3542 exsistente,
1575 3479 1913 3547 jucunditate
1962 3496 2023 3534 ac
2058 3480 2241 3534 lretitia

675 3569 907 3637 quadam
946 3569 1366 3639 perfunduntur,
1417 3579 1471 3625 et
1523 3571 1670 3640 quod
1706 3571 1945 3623 nondum
2003 3585 2242 3638 praesens

674 3661 830 3729 quasi
860 3676 1099 3729 praesens
1154 3662 1477 3715 intuentur:
1529 3662 1607 3715 sic
1654 3662 1818 3715 etiam
1868 3662 2060 3723 sancti,
2115 3676 2238 3715 cum

674 3753 847 3809 bonas
895 3768 1019 3822 spes
1062 3752 1294 3807 habeant
1343 3753 1408 3807 de
1449 3752 1631 3807 futura
1678 3753 1784 3807 vita
1812 3793 1828 3817 ,
1880 3754 2125 3807 lzetantur
2170 3752 2237 3808 de

673 3847 808 3914 ipsa.
845 3846 970 3900 Alas
993 3861 1120 3900 vero
1146 3846 1379 3916 appellat
1401 3845 1756 3901 Providentia:
1778 3846 1973 3900 divina:
2002 3855 2237 3915 potesta-

675 3944 821 3988 tem:
857 3950 888 3988 a
921 3951 1027 4004 qua
1071 3944 1244 3990 tectus
1277 3937 1453 3990 omnis
1504 3935 1595 3990 Dei
1633 3952 1821 4007 amans
1856 3953 2130 4007 nunquam
2168 3952 2233 3990 ex

674 4024 1023 4080 tabernaculo
1069 4024 1163 4080 Dei
1211 4026 1442 4091 excedit,
1486 4027 1576 4081 sed
1627 4026 1681 4080 in
1717 4036 1976 4081 aeternum
2032 4027 2084 4080 in
2118 4026 2233 4095 ipsa

674 4125 974 4185 permanet.

2419 3019 2527 3092 (88)
2575 3018 2935 3086 Ἀθανάσιος,
2961 3018 3278 3085 Κύριλλος.
3310 3018 3451 3089 Πρδς
3469 3018 3524 3071 δὲ
3551 3019 3696 3084 νοῦν,
3734 3018 3829 3088 ἀφ’
3848 3011 3919 3074 ὧν

2348 3112 2447 3181 ἥδη
2478 3111 2695 3182 εἴληφεν
2718 3111 2956 3178 ἀγαθῶν,
2979 3111 3073 3162 καὶ
3106 3126 3170 3162 πε
3182 3111 3233 3180 pi.
3280 3110 3385 3163 τῶν
3432 3110 3736 3179 μελλόντων
3770 3110 3914 3164 ἑλπί-

2349 3200 2452 3265 ζει,
2485 3203 2564 3255 ὅτι
2599 3202 2683 3275 δὴ,
2743 3204 2820 3264 εἰς
2869 3201 2964 3265 τὰς
2992 3202 3103 3255 ἀνω
3136 3202 3340 3271 σκηνὰς
3374 3201 3630 3270 γεγονὼς,
3666 3202 3774 3255 ὑπὸ
3824 3202 3919 3273 τὴν

2348 3291 2510 3345 αὑτοῦ
2538 3293 2625 3345 διὰ
2658 3292 2857 3355 παντὸς
2895 3291 3184 3361 γενήσεται
3222 3291 3450 3360 σκέπην.
3489 3292 3703 3361 Ὥσπερ
3735 3292 3846 3363 γὰρ
3872 3292 3919 3344 οι

2346 3385 2625 3455 μέλλοντες
2651 3384 2919 3438 ἐπιτελεῖν
2953 3384 3164 3454 ἑορτὴν,
3200 3384 3363 3450 ἐγγύς
3392 3400 3450 3435 τε
3476 3384 3567 3435 καὶ
3599 3385 3693 3435 ὲπὶ
3727 3383 3915 3455 θύραις

2340 3477 2550 3545 ἔχοντες
2570 3477 2759 3545 αὐτὴν,
2791 3473 3345 3545 προαναπίμπλανται
3373 3473 3661 3545 θυμηδίας,
3705 3476 3802 3526 καὶ
3822 3476 3917 3545 τὴν

2339 3569 2490 3623 οὔπω
2524 3567 2802 3640 παροῦσαν
2832 3568 2906 3630 ὡς
2938 3569 3041 3639 ἤδη
3070 3567 3349 3639 παροῦσαν
3378 3567 3577 3637 ὁρῶσιν
3600 3584 3612 3597 ’
3644 3567 3793 3621 οὕτω
3825 3568 3916 3621 καὶ

2336 3662 2385 3713 οἱ
2416 3662 2578 3729 ἀγιοι,
2610 3659 2849 3732 χρηστὰς
2887 3659 3103 3728 ἔχοντες
3149 3660 3370 3722 ἐλπίδας
3398 3661 3490 3713 ἐπὶ
3534 3664 3600 3731 τῇ
3640 3661 3914 3733 μελλούσῃ

2339 3752 2472 3824 ζωῇ,
2505 3753 2782 3823 χαίρουσιν
2812 3752 2897 3803 ἐπ’
2923 3752 3082 3821 αὐτῇ.
3117 3750 3398 3822 Πτέρυγας
3423 3752 3479 3804 δὲ
3506 3752 3664 3804 καλεί
3693 3752 3797 3815 τάς
3821 3753 3913 3805 τοῦ

2335 3844 2468 3897 Θεοῦ
2506 3842 2863 3915 προνοητικάς
2889 3842 3147 3914 δυνάμεις
3172 3859 3183 3872 ⁶
3221 3844 3309 3912 ὑφ’
3338 3842 3404 3906 ἀς
3441 3842 3704 3896 σκέπεται
3730 3846 3759 3897 ό
3796 3844 3913 3897 θεορ

2339 3936 2516 4005 φιλὴς,
2561 3934 2827 4005 μηδέποτε
2873 3934 2970 4005 τῆς
3024 3934 3227 4006 σκηνῆς
3277 3934 3575 4007 ἀναχωρῶν
3610 3934 3705 3988 τοῦ
3754 3933 3912 4004 Θεοῦ,

2340 4026 2473 4080 ἀλλά
2508 4026 2573 4079 δι’
2610 4025 2802 4089 αἰῶνος
2826 4026 2885 4080 ὲν
2910 4026 3047 4098 αὐτῇ
3077 4027 3363 4081 κατοικῶν.

1200 4232 1269 4286 Et
1295 4234 1464 4289 adhuc
1498 4236 1549 4287 in
1582 4235 1773 4288 verba:
1820 4254 1837 4284 ι
1872 4233 2078 4288 Dedisti
2114 4235 2465 4289 hwreditatem
2500 4235 2803 4291 timentibus
2830 4251 3016 4290 nomen
3045 4243 3212 4302 tuum,
3245 4246 3380 4290 tete.

745 4385 957 4442 Eusebii
994 4396 1042 4442 et
1097 4388 1393 4442 Athanasii.
1449 4388 1739 4442 Sciendum
1776 4404 1962 4458 porro,
2012 4404 2134 4445 esse
2179 4389 2231 4443 in

674 4478 761 4534 his
806 4479 983 4534 verbis
1037 4481 1323 4537 obscuram
1387 4480 1835 4549 signiﬁcationem
1889 4496 2029 4536 verte
2090 4481 2233 4536 illius

674 4571 1019 4627 haereditatis.
1055 4573 1128 4625 Ea
1162 4587 1289 4626 vero
1327 4581 1411 4625 est
1438 4574 1543 4624 vita
1586 4581 1807 4625 aeterna.
1848 4570 1951 4626 Sed
1982 4588 2105 4626 cum
2129 4572 2232 4625 ista

671 4663 888 4716 demum
921 4663 972 4717 in
1006 4663 1190 4717 futuro
1217 4664 1415 4717 szeculo
1440 4662 1614 4716 damla
1659 4664 1751 4727 sit,
1802 4663 2072 4733 quomodo
2104 4677 2233 4733 ergo

671 4754 747 4808 ait
780 4753 967 4823 David,
1006 4754 1251 4809 Dedisti?
1281 4755 1399 4809 Ideo
1430 4757 1709 4820 nimirum,
1734 4757 1858 4824 quia
1890 4757 2012 4810 licet
2042 4772 2101 4811 ea
2135 4772 2231 4810 ex-

670 4855 945 4915 spectetur
992 4857 1116 4915 post
1168 4848 1617 4901 resurrectionem
1650 4887 1664 4912 ,
1717 4845 1842 4901 data
1897 4856 2077 4901 tamen
2126 4855 2228 4909 est,

672 4938 797 5005 quia
824 4937 936 5006 jam
970 4938 1097 4990 olim
1134 4949 1320 5007 parata
1354 4949 1429 4992 est
1462 4939 1527 4993 iis
1554 4938 1648 5009 qui
1690 4954 1790 4993 suo
1828 4947 2067 5008 tempore
2110 4952 2230 4993 eam

671 5036 799 5081 sunt
841 5028 1106 5097 adepturi.
1160 5026 1397 5083 Observa
1456 5038 1659 5097 autem,
1708 5030 1871 5083 etiam
1919 5028 2232 5082 timentibus

671 5115 839 5171 Deum
867 5119 1047 5172 datam
1089 5134 1213 5173 esse
1263 5120 1648 5173 haereditatem.
1688 5118 1743 5172 Si
1774 5118 1957 5187 itaque
2008 5116 2091 5170 his
2139 5114 2231 5185 qui

670 5209 830 5281 longe
869 5210 1155 5267 inferiores
1186 5221 1311 5267 sunt
1335 5227 1397 5265 ea
1428 5212 1549 5265 data
1584 5221 1700 5266 cst:
1740 5210 1908 5263 multo
1942 5223 2073 5279 ergo
2114 5224 2230 5261 ma-

672 5302 752 5369 gis
781 5303 847 5359 iis
877 5304 968 5373 qui
1005 5303 1163 5375 longe
1216 5304 1377 5358 altius
1417 5304 1871 5367 conscenderunt,
1904 5296 2006 5355 hoc
2034 5310 2114 5354 est
2144 5299 2226 5352 di-

668 5390 959 5460 ligentibus
993 5392 1180 5448 Deum.
1213 5394 1368 5460 Quod
1401 5410 1526 5448 vero
1550 5393 1822 5448 indefinite
1853 5392 2005 5454 dixit,
2041 5393 2227 5444 timen-

669 5483 832 5544 tibus,
882 5502 982 5541 nec
1026 5484 1231 5540 addidit
1276 5485 1476 5541 Judmis
1512 5496 1604 5541 aut
1650 5485 1899 5557 gentibus
1928 5525 1940 5547 ,
1989 5498 2055 5538 eo
2109 5485 2224 5552 ipso

667 5575 924 5643 expandit
980 5577 1208 5646 gratiam
1244 5593 1397 5633 suam
1434 5594 1597 5649 super
1640 5578 1922 5633 universos
1956 5576 2221 5631 homines.

737 5708 782 5742 “
799 5708 955 5765 Joan.
988 5727 1091 5777 xiv,
1117 5711 1180 5778 6;
1212 5730 1264 5779 x,
1293 5716 1343 5768 9.

738 5826 847 5901 (87)
886 5831 1012 5886 Vide
1040 5836 1288 5902 supetius
1320 5836 1369 5887 in
1408 5832 1853 5901 Ei'positiottibus.

2410 4389 2704 4444 Εὑσεὸίου
2754 4390 2852 4443 καὶ
2905 4391 3273 4446 Ἀθανασίου.
3338 4394 3527 4448 ’ἰστέον
3564 4396 3772 4466 μέντοι,
3833 4416 3887 4454 ο.

2339 4476 2511 4531 ταῦτα
2538 4478 2763 4548 αίνιγμα
2812 4478 2924 4549 ἔχει
2971 4479 3064 4531 καὶ
3112 4479 3213 4550 τῆς
3246 4482 3474 4553 ἀληθοῦς
3528 4484 3906 4560 κληρονομίας.

2338 4569 2486 4641 Αὕτη
2514 4570 2571 4623 δέ
2607 4572 2754 4624 ἐστιν
2792 4572 2825 4642 ἡ
2879 4569 3094 4636 αἰώνιος
3140 4572 3275 4644 ζωή.
3344 4575 3503 4630 Ἀλλά
3542 4579 3648 4650 μὴν
3681 4581 3821 4653 αὕτη
3854 4584 3910 4636 ὲν

2338 4662 2415 4731 τῷ
2440 4663 2681 4733 μέλλοντι
2714 4663 2868 4717 αἰῶνι
2896 4663 3179 4735 δοθήσεται
3200 4682 3215 4697 ο
3252 4666 3368 4730 πῶς
3406 4663 3498 4721 οὖν
3531 4664 3651 4723 εἷπε
3672 4711 3687 4735 ,
3725 4673 3909 4727 Δέδω-

2338 4770 2489 4820 καςς
2521 4755 2665 4817 Ὂτι,
2700 4758 2748 4807 εἰ
2775 4756 2868 4808 καὶ
2903 4756 3266 4825 προσδοκᾶται
3304 4759 3445 4828 μετά
3471 4760 3569 4831 τὴν
3590 4762 3905 4829 ἀνάστασιν,

2337 4844 2473 4897 ἀλλά
2498 4861 2559 4912 γε
2576 4844 2650 4915 τῷ
2673 4845 2770 4915 ἥδη
2792 4845 3180 4916 εὐπρέπεσθαι,
3211 4846 3415 4903 δέδοται
3435 4853 3546 4914 τοῖς
3571 4853 3743 4924 αὐτὴν
3769 4854 3907 4907 κατά

2338 4937 2525 5006 καιρὸν
2558 4935 2645 4988 τὸν
2666 4936 2851 4990 δέοντα
2884 4936 3225 5007 ληψομένοις.
3256 4941 3395 5012 Ὅρα
3445 4940 3527 5007 δὲ,
3557 4943 3638 4995 ὅτι
3673 4945 3769 4997 καὶ
3795 4948 3907 5007 τοῖς

2337 5028 2687 5099 φοϐουμένοις
2712 5028 2803 5081 τδν
2823 5029 2952 5082 Θεὸν
2979 5029 3185 5082 δέδοται
3218 5033 3249 5101 ή
3303 5033 3655 5104 κληρονομία.
3706 5036 3770 5089 Εἰ
3813 5032 3906 5091 οὖν

2336 5122 2517 5184 αὐτοῖς
2558 5122 2963 5193 ὑποδεεστέροις
2994 5118 3109 5175 οὖσι
3130 5164 3144 5185 ,
3181 5123 3358 5195 πολλῷ
3391 5125 3552 5178 πλέον
3596 5130 3709 5191 τοῖς
3739 5130 3906 5201 ὑπερ-

2333 5210 2740 5279 αναῦεϐηκόσιν,
2764 5211 2937 5264 εῐτουν
2970 5210 3224 5279 ἀγαπῶσι
3244 5211 3331 5265 τὸν
3354 5212 3505 5268 Θεόν.
3525 5214 3823 5285 Ἀορὶστως
3846 5216 3903 5268 δὲ

2334 5301 2523 5362 εἰπὼν,
2550 5306 2661 5365 τοῖς
2684 5303 3052 5373 φοϐουμένοις,
3078 5304 3168 5357 καὶ
3196 5306 3254 5356 ού
3288 5304 3562 5377 προσθεὶς,
3604 5307 3898 5369 Ἰουδαίοις,

2332 5394 2364 5463 ἢ
2409 5392 2678 5463 Ἕλλησιν,
2714 5395 2932 5463 ἦπλωσε
2969 5396 3066 5466 τὴν
3104 5396 3260 5465 χάριν
3294 5397 3386 5449 ἐπὶ
3438 5396 3644 5461 πάντας
3686 5398 3901 5469 ἀνθρώ-

2333 5500 2465 5546 πους
2484 5500 2497 5513 ο
2525 5485 2755 5552 μάλιστα
2795 5484 2851 5535 δὲ
2892 5485 3016 5547 τοὺς
3040 5484 3096 5549 ἐξ
3126 5484 3291 5538 ὲθνῶν
3320 5488 3660 5556 προσιόντας,
3706 5488 3897 5557 φοὸου-

2336 5575 2530 5640 μένους
2559 5576 2647 5629 τὸν
2681 5575 2905 5645 Κύριον,
2939 5575 3127 5628 εἴωθεν
3150 5577 3442 5630 ἀποκαλεῖν
3478 5580 3507 5630 ό
3534 5577 3709 5647 λόγος.
3763 5578 3901 5636 Ποία

2396 5828 2504 5898 (88)
2550 5828 2625 5883 lla
2660 5829 2768 5885 fere.
2794 5830 2847 5884 in
2881 5830 3305 5898 Expositionibus
3338 5848 3519 5903 supra.
