4126 6486
241 435 344 490 573

1194 440 1619 496 FRAGMENTA
1659 441 2016 498 COMMENT.
2055 443 2119 498 IN
2157 440 2494 499 PSALMOS.

3367 446 3468 503 576

235 546 345 618 αὴ
377 548 718 621 κληρονομία
752 551 862 605 ἀλλ’
895 553 986 624 ἦή
1020 553 1260 623 βασιλεία
1300 557 1408 608 τῶν
1441 556 1718 627 οὐρανῶν,
1745 558 1793 627 ip

1914 560 2047 612 Cum
2081 560 2271 628 primis
2303 572 2504 619 autem.
2543 557 2796 614 timentes
2827 559 2992 613 Deum
3027 560 3165 614 solet
3207 561 3475 628 appellare

235 640 296 698 Η
321 646 434 706 τοῖς
461 647 832 716 μακαρισμοῖς
861 648 1078 717 εἴρηκεν
1103 649 1130 700 ό
1155 647 1365 721 Σωτήρ.

1917 651 2217 720 Scriptura,
2261 653 2354 721 qui
2382 668 2445 704 ex
2476 651 2724 720 gentibus
2750 653 3031 706 accedunt.
3059 651 3189 716 Qua:
3222 667 3349 706 vero
3373 653 3475 706 alia

1913 747 2198 800 han-editas
2219 754 2322 805 est,
2345 759 2508 814 quam
2536 760 2757 813 regnum
2787 745 3093 798 caelorum?
3121 760 3284 815 quam
3308 745 3473 801 etiam

1912 841 1964 895 in
2001 839 2419 895 beatitudiuibus
2447 839 2739 893 celebravit
2769 837 3038 892 Salvator.

917 1004 981 1057 Et
1007 1005 1058 1058 in
1085 1007 1349 1076 sequentia
1373 1022 1388 1059 :
1419 1025 1437 1056 ι
1467 1005 1614 1059 Diem
1643 1020 1800 1073 supra
1826 1001 1964 1055 diem
1997 1001 2131 1069 regis
2163 1015 2407 1069 apportes,
2435 1019 2462 1053 s
2491 1009 2614 1062 etc.,
2646 1016 2694 1054 ιι.
2733 997 2782 1052 7.

301 1162 412 1232 (80)
447 1162 767 1222 Εὐόεϐιόυ,
806 1163 1172 1233 ‘Aﬂarqo't'ov,
1207 1165 1529 1233 Kvpr.’.1.10v.
1576 1163 1716 1234 Πρὸς
1750 1163 1804 1215 δὲ

233 1253 356 1306 νοῦν
382 1255 644 1323 σημαίνει
678 1255 705 1306 ὁ
733 1254 908 1321 λόγος,
939 1255 1012 1318 ὡς
1041 1256 1133 1308 καὶ
1169 1255 1326 1308 τοῦτο
1351 1257 1516 1326 μέρος
1543 1254 1800 1324 κληρονο-

235 1343 362 1412 μίας
400 1344 554 1395 ἐστὶν
587 1346 619 1412 ἡ
649 1343 859 1406 αἰώνιος
881 1344 1013 1415 ζωή.
1051 1345 1220 1398 Τοῦτο
1239 1345 1344 1416 γάρ
1363 1349 1475 1399 ἐστι
1507 1347 1566 1398 τὸ
1595 1347 1805 1416 ἡμέρας

232 1433 453 1504 ἡμερῶν
479 1436 589 1496 τοῖς
618 1434 758 1486 ἔτεσι
785 1434 874 1486 τοῦ
904 1435 1164 1505 βασιλέως
1195 1437 1518 1508 προσθῆναι.
1543 1438 1801 1506 Σημαίνει

230 1525 336 1595 γὰρ
367 1525 459 1578 διὰ
493 1527 598 1577 τῶν
629 1526 845 1597 ἡμερῶν
874 1528 1097 1597 χρόνους
1127 1531 1275 1593 τινὰς
1315 1530 1407 1582 καὶ
1446 1529 1666 1592 αἰῶνας.
1717 1528 1802 1599 Μὴ

231 1614 516 1688 ὐπολάὃῃς
545 1616 620 1679 δὲ,
651 1619 730 1670 ὅτι
755 1619 880 1687 περὶ
909 1619 1026 1682 ἑνός
1057 1637 1198 1682 τινος
1235 1621 1496 1690 βασιλέως
1541 1621 1608 1673 τὰ
1630 1620 1802 1673 τοιάδε

231 1709 424 1777 φησίν·
453 1708 564 1762 ἴσθι
592 1708 649 1761 δὲ
681 1709 898 1778 μᾶλλον,
922 1711 1002 1763 ὅτι
1025 1713 1151 1782 περὶ
1179 1711 1377 1774 παντὸς
1410 1711 1501 1764 τοῦ
1532 1711 1804 1781 κεκλημέ-

230 1815 320 1851 νου
345 1803 427 1862 εἰς
457 1799 732 1869 βασιλείαν
765 1802 1008 1872 οὐρανῶν
1035 1820 1046 1832 ·
1076 1803 1135 1855 ὃν
1177 1804 1269 1857 καὶ
1323 1803 1592 1872 διαμένειν
1642 1804 1804 1874 φησὶν

229 1892 308 1954 εἰς
329 1891 423 1944 τὸν
456 1893 627 1946 αἰῶνα
653 1892 882 1946 ἐνώπιον
910 1893 1003 1946 τοῦ
1029 1894 1184 1947 Θεοῦ.
1245 1897 1306 1947 Οἱ
1341 1895 1448 1966 γὰρ
1491 1895 1801 1965 σύμμορφοι

1973 1167 2208 1231 Eusebii,
2241 1165 2543 1228 Athanasii,
2579 1160 2787 1231 Cyr-illi.
2823 1160 3025 1215 Sensus
3061 1174 3189 1213 vero
3221 1159 3470 1229 Spiritus-

1905 1259 1973 1314 lis
1996 1269 2115 1315 est:
2152 1259 2389 1314 indicant
2426 1257 2536 1310 haec
2576 1255 2761 1318 verba,
2793 1253 2935 1322 quod
2958 1253 3114 1305 etiam
3149 1252 3262 1305 haec
3293 1251 3470 1321 portio

1907 1350 2234 1405 bareditatis
2285 1349 2392 1403 vita
2427 1357 2626 1400 aeterna
2682 1346 2770 1400 sit.
2825 1342 2936 1398 lloc
2970 1345 3111 1397 enim
3147 1354 3245 1405 est,
3308 1343 3469 1396 annis

1906 1441 2047 1509 regis
2082 1441 2315 1509 adjicere
2351 1440 2467 1492 dies
2513 1439 2750 1492 dierum.
2784 1435 3049 1493 Denotant
3082 1452 3312 1506 namque
3351 1437 3469 1491 dies

1907 1539 2147 1598 tempora
2186 1529 2430 1598 quzedam
2475 1537 2527 1581 ct
2560 1528 2778 1581 sa‘eula.
2831 1529 2971 1581 Cave
3001 1544 3128 1581 vero
3177 1543 3244 1582 ne
3287 1527 3471 1582 existi-

1901 1637 2016 1676 mes
2049 1622 2159 1675 hare
2191 1621 2315 1674 talia
2343 1621 2408 1672 de
2434 1619 2616 1686 aliquo
2644 1633 2767 1687 rego
2789 1617 2894 1671 dici
2927 1635 2940 1671 :
2970 1620 3098 1682 quin
3124 1619 3302 1687 potius
3329 1619 3466 1674 scito

1899 1714 2013 1769 hate
2048 1714 2113 1767 de
2147 1713 2424 1775 omnibus,
2458 1712 2548 1780 qui
2579 1710 2632 1762 in
2669 1724 2891 1780 regnum
2925 1708 3015 1762 Dei
3054 1721 3342 1774 vocantur,
3372 1726 3466 1765 ac-

1899 1805 2143 1874 cipienda
2201 1818 2361 1857 esse:
2410 1817 2552 1870 quos
2622 1801 2809 1866 utique
2857 1801 3020 1853 etiam
3078 1815 3465 1868 permansuros

1900 1899 1976 1950 ait
2007 1897 2060 1949 in
2095 1905 2357 1950 teternum
2400 1893 2454 1946 in
2490 1903 2782 1959 conspectu
2826 1890 2938 1944 Dei.
2983 1891 3085 1956 Qui
3137 1890 3280 1945 enim
3333 1906 3465 1946 con-

228 1983 515 2052 γενόμενοι
564 1984 672 2036 τῶν
722 1986 1059 2054 παθημάτων
1089 1985 1252 2038 αὑτοῦ
1298 1987 1392 2038 καὶ
1440 1984 1793 2053 συμϐασιλεύ-

1904 1987 2105 2042 formes
2133 1987 2323 2041 redditi
2370 1993 2498 2040 sunt
2532 1983 2883 2053 passionibus
2914 1984 3052 2052 ejus.
3090 1983 3126 2036 ii
3167 1983 3470 2052 regnabunt

231 2089 414 2126 σουσον
443 2073 589 2142 αὐτῷ
608 2074 883 2144 διηνεκῶς.
913 2075 1192 2148 Προειπὼν
1216 2075 1397 2145 μέντοι
1428 2077 1455 2127 ὁ
1489 2075 1800 2145 Προφήτης,

227 2166 307 2218 ὅτι
324 2168 420 2226 Σὺ,
435 2169 464 2218 ό
481 2167 631 2228 Θεὸς,
652 2169 971 2237 εἰσήκουσας
986 2168 1092 2223 τῶν
1111 2169 1281 2238 εὐχῶν
1301 2185 1422 2238 μου,
1439 2167 1558 2220 καθ’
1573 2164 1805 2236 ὑπερϐα-

225 2257 313 2308 τὸν
332 2256 536 2326 συνῆψε
552 2257 612 2310 τό
629 2272 643 2284 ·
668 2256 908 2326 Ἡμέρας
925 2259 1006 2326 ἐφ’
1029 2260 1060 2329 ὴ
1068 2258 1133 2329 μέ
1141 2276 1239 2329 ρας
1253 2257 1346 2311 τοῦ
1362 2257 1620 2328 βασιλέως
1639 2273 1804 2327 προσ-

228 2348 437 2420 θήσεις.
475 2351 749 2412 Ἤκουσας
781 2352 911 2421 γὰρ,
944 2351 1094 2421 φησὶ,
1129 2351 1237 2403 τῶν
1252 2350 1424 2420 εὐχῶν
1447 2368 1544 2422 μου
1564 2367 1577 2380 ·
1597 2348 1804 2420 ἡμέρας

227 2441 310 2508 ἐφ’
346 2440 560 2510 ἡμέρας
618 2438 979 2510 προσέθηκας.
1023 2441 1122 2494 Διὰ
1174 2441 1339 2511 μέσου
1365 2439 1420 2492 δὲ
1452 2437 1711 2509 ἐνεϐλήθη
1760 2440 1793 2506 ἡ

228 2533 357 2602 περὶ
372 2532 482 2584 τῶν
503 2531 848 2600 φοϐουμένων
864 2532 924 2584 τὸ
939 2532 1107 2602 ὄνομα
1131 2532 1332 2603 Κυρίου
1364 2532 1550 2602 μνήμη
1573 2547 1584 2558 ’
1612 2529 1797 2600 ἐπειδὴ

227 2622 321 2676 καὶ
349 2622 536 2684 αὐτοῖς
563 2621 891 2692 ἐπήγγελται
907 2624 1006 2692 τὴν
1035 2623 1445 2696 κληρονομίανή
1474 2621 1793 2695 προφητεία..

226 2709 338 2770 Ἦν
364 2715 422 2767 δὲ
457 2715 490 2785 ἡ
523 2712 735 2778 αἰώνιος
757 2715 892 2786 ζωή.

1903 2095 2120 2150 quoque
2165 2095 2286 2133 cum
2336 2079 2454 2146 ipso
2486 2077 2538 2130 in
2591 2085 2931 2144 perpetuum.
2965 2076 3102 2140 Quia
3138 2076 3301 2145 igitur
3332 2075 3465 2129 Pro-

1902 2173 2061 2242 pheta
2100 2169 2379 2241 praemisit.
2431 2169 2558 2238 quia
2593 2167 2694 2232 Tu,
2743 2180 2776 2220 ο
2809 2165 2950 2219 Deus
2981 2181 3157 2228 meus,
3197 2165 3464 2220 exaudisti

1904 2278 2092 2333 preces
2118 2277 2302 2324 meas;
2337 2260 2535 2326 adjecit
2563 2274 2656 2328 per
2690 2256 2975 2327 quemdam
3015 2255 3302 2309 verborum
3354 2263 3468 2310 tra-

1899 2357 2099 2424 jectum
2127 2355 2280 2418 illud,
2311 2354 2431 2408 Dies
2465 2355 2531 2409 ad
2569 2354 2683 2408 dies
2712 2353 2855 2423 regis
2881 2352 3119 2422 adjicies.
3165 2349 3322 2416 Nam,
3377 2351 3463 2405 in-

1902 2447 2045 2516 quit,
2075 2447 2201 2514 quia
2228 2443 2495 2497 exaudisti
2528 2457 2715 2510 preces
2744 2457 2913 2502 meas.
2945 2440 3201 2495 addidisti
3230 2440 3346 2496 dies
3372 2456 3466 2497 su-

1901 2553 1998 2608 pra
2048 2537 2184 2591 dies.
2240 2533 2556 2604 Interposita
2609 2548 2738 2586 vero
2785 2539 2868 2586 est
2915 2531 3053 2585 inter
3098 2530 3214 2586 haec
3259 2531 3462 2585 mentio

1901 2627 2205 2680 timentium
2261 2641 2456 2679 nomen
2520 2623 2777 2687 Domini,
2827 2622 2954 2692 quia
3019 2621 3180 2676 etiam
3253 2620 3373 2676 istis
3430 2634 3464 2677 ι

1903 2716 2167 2785 Propheta
2205 2714 2477 2784 promissa
2529 2722 2614 2768 est
2663 2710 2971 2767 hereditas.
3021 2708 3147 2765 Haec
3191 2723 3320 2764 vero
3377 2714 3463 2764 est

1901 2806 2008 2858 vita
2045 2813 2266 2859 eterna.

904 2964 971 3018 Et
1003 2967 1172 3020 adhuc
1206 2968 1260 3020 in
1286 2977 1577 3036 sequentem
1605 2981 1806 3021 versum
1831 2980 1850 3018 :
1886 2984 1903 3015 ι
1934 2963 2266 3020 Pet-manebit
2299 2965 2350 3020 in
2371 2965 2640 3031 saxulum,
2679 2985 2696 3016 ι
2723 2974 2819 3019 etc.

296 3075 408 3146 (90)
452 3075 812 3142 Ἀθανάσιος.
847 3076 937 3140 Ἐξ
967 3078 1307 3149 ἀναστροφῆς
1343 3079 1398 3132 δὲ
1427 3080 1455 3131 ό
1485 3079 1660 3146 λόγος,
1711 3078 1793 3131 ἵνα

1967 3078 2311 3132 Athanasius.
2347 3076 2562 3132 Inversa
2604 3087 2686 3132 est
2733 3075 2942 3131 oratio:
2994 3075 3117 3132 talis
3149 3076 3291 3131 enim
3340 3091 3462 3132 esse

226 3161 260 3238 ᾗ
296 3166 537 3230 τοιοῦτος
556 3182 570 3196 ·
607 3167 673 3219 Εἴ
699 3184 780 3231 τις
809 3169 1101 3240 ὲκζητήσει
1127 3170 1186 3222 τὸ
1208 3170 1354 3232 ἔλεος
1388 3169 1549 3224 αὑτοῦ
1581 3170 1671 3224 καὶ
1703 3169 1798 3241 τὴν

227 3258 504 3328 ἀλήθειαν,
534 3251 689 3323 οὗτος
721 3261 783 3312 ὲν
809 3263 921 3323 τοῖς
952 3261 1327 3332 ἀτελευτήτοις
1364 3261 1523 3314 αίῶσι
1556 3261 1799 3331 διαμενεῖ

223 3351 456 3405 ινὼπιον
482 3351 576 3405 τοῦ
610 3351 763 3405 Θεοῦ.
799 3351 968 3403 Τοῦτο
995 3351 1052 3404 δὲ
1077 3351 1409 3422 σαφέστερον
1437 3353 1465 3404 ό
1506 3352 1796 3421 Σύμμαχος

220 3447 586 3517 ἡρμήνευσε-εν·
643 3445 854 3508 Ἔλεος
878 3443 976 3497 καὶ
1018 3443 1267 3512 ἀλήθεια
1322 3443 1796 3512 διατηρήσουσιν

221 3541 426 3592 αὐτόν.
453 3537 639 3590 Ταῦτα
663 3535 768 3606 γὰρ
794 3535 892 3606 τῆς
919 3535 1212 3600 ἀθανασίας
1245 3535 1395 3607 αὐτῷ
1440 3536 1591 3590 ἔσται
1623 3537 1791 3604 αἴτια,

220 3631 282 3682 τδ
304 3629 396 3682 τοῦ
423 3626 557 3680 Θεοῦ
583 3626 729 3689 ἔλεος
757 3628 899 3697 καὶὴ
928 3626 1173 3698 ἀλήθεια.
1199 3627 1356 3681 Κατὰ
1383 3628 1438 3681 δὲ
1458 3629 1582 3693 τοὺς
1614 3612 1792 3681 Ἑδδοᾲ

223 3723 497 3790 μήκοντα’
535 3719 650 3782 Τίς.
691 3720 871 3790 φησὶν,
899 3719 1079 3780 ἱκανὸς
1102 3719 1192 3770 τὸν
1222 3721 1543 3788 κεκριμένον
1587 3719 1680 3770 καὶ
1707 3719 1788 3770 δί-

219 3827 375 3863 καιον
406 3810 499 3864 τοῦ
525 3809 658 3862 Θεοῦ
691 3809 836 3862 ἔλεον
868 3807 1201 3878 καταμαθεῖν
1251 3809 1530 3880 ἀκριδῶς;
1563 3809 1643 3861 Τὰ
1676 3809 1786 3880 γὰρ

220 3903 463 3975 κρίματα
486 3901 651 3954 αὑτοῦ
685 3900 916 3963 ἄσυσσος
948 3899 1136 3970 πολλή.

1903 3167 2061 3222 debet
2088 3185 2100 3219 :
2134 3165 2457 3236 Quicunque
2484 3168 2838 3236 exquisiverit
2868 3167 3293 3222 misericordiam
3340 3166 3461 3237 ejus

1898 3267 1952 3312 et
1979 3258 2281 3325 veritatem,
2311 3259 2356 3314 is
2383 3259 2720 3330 permanebit
2749 3258 2800 3312 in
2833 3267 3124 3326 conspectu
3163 3257 3252 3312 Dei
3281 3259 3333 3312 in
3358 3274 3462 3313 saa-

1898 3350 2019 3405 cula
2051 3367 2327 3421 nunquam
2357 3349 2717 3406 terminanda.
2770 3349 2883 3403 Hoc
2923 3364 3084 3418 porro
3131 3350 3303 3420 magis
3339 3365 3460 3418 per-

1898 3445 2086 3513 spicue
2128 3444 2391 3512 expressit
2429 3442 2808 3514 Symmachus,
2856 3441 2974 3496 sic:
3018 3440 3383 3495 Misericordia
3408 3451 3459 3495 et

1894 3534 2089 3588 veritas
2130 3533 2420 3586 custodiant
2469 3533 2659 3601 ipsum.
2711 3529 2804 3587 Ha:
2850 3532 2993 3586 enim
3044 3547 3221 3587 causa:
3275 3541 3456 3594 erunt,

1895 3626 2040 3696 quod
2076 3627 2191 3695 ipse
2221 3626 2681 3680 immortalitatem
2732 3633 3119 3692 consequatur.
3152 3622 3244 3676 Dei
3293 3625 3458 3679 mise-

1895 3717 2126 3773 ricordia
2160 3727 2214 3774 et
2263 3718 2482 3773 veritas.
2517 3717 2584 3770 At
2615 3715 2914 3769 secundum
2973 3713 3324 3785 Septuaginta
3366 3715 3456 3771 hic

1893 3819 1976 3865 est
2004 3825 2197 3865 sensus
2223 3827 2236 3863 :
2274 3807 2407 3875 Quis
2436 3815 2614 3877 potest
2642 3817 2892 3862 accurate
2923 3819 3248 3876 cognoscere
3275 3805 3457 3861 occul-

1894 3909 2003 3954 tam
2037 3908 2093 3954 ct
2142 3900 2345 3970 justam
2396 3897 2492 3953 Dei
2533 3898 3012 3953 misericordiam?
3059 3896 3269 3953 Judicia
3307 3898 3454 3954 enim

1893 3991 2012 4060 ejus
2042 3991 2270 4062 abyssus
2294 3989 2482 4044 multa.

297 4127 498 4202 Exinde
526 4127 760 4198 sequitur
792 4137 1152 4198 argumentum
1176 4129 1368 4198 psalmi
1405 4145 1536 4184 um
1565 4129 1636 4184 ad
1658 4129 1867 4185 verbum
1897 4138 1955 4184 ut
1983 4131 2176 4202 legitur
2213 4134 2271 4186 in
2302 4129 2755 4200 Expositionibus,
2796 4131 3011 4202 ideoque
3040 4131 3207 4201 ipsum
3233 4141 3451 4201 prater-

223 4201 484 4254 misimus.

944 4283 1075 4338 Item
1102 4285 1156 4337 in
1188 4284 1284 4336 illa
1311 4283 1500 4338 verba:
1535 4300 1553 4336 t
1592 4283 1697 4349 Qui
1723 4297 1976 4341 acuerunt
2001 4297 2058 4340 ut
2093 4289 2350 4358 gladium,
2391 4309 2410 4340 ι
2442 4298 2565 4354 etc.,
2589 4307 2638 4346 υ.
2661 4290 2715 4344 ι.

290 4412 402 4474 (91)
440 4414 796 4480 Ἀθανάσιος.
837 4415 980 4487 Πρὸς
1009 4413 1065 4468 δὲ
1092 4412 1217 4468 νοῦν
1248 4413 1420 4467 ταῦτὰ
1447 4429 1578 4484 φησι
1609 4412 1697 4465 διὰ
1720 4412 1780 4465 τὸ

1955 4413 2296 4468 Athanasius.
2330 4412 2502 4468 Sensu
2542 4427 2674 4468 vero
2710 4414 3004 4470 secretiore
3042 4413 3299 4469 dicuntur
3330 4415 3452 4473 hac

221 4503 668 4575 βλασφημοῦντας
692 4509 890 4572 αὐτοὺς
924 4508 1016 4562 τὸν
1062 4509 1266 4579 Ἰησοῦν
1293 4508 1469 4577 λέγειν
1508 4509 1620 4572 τοῖς
1645 4509 1782 4561 ἁπο-

218 4597 425 4661 στόλοις
445 4615 458 4627 ο
492 4601 574 4653 Οὐ
587 4602 953 4670 παραγγελία
971 4614 1126 4668 παρη
1135 4602 1450 4670 ηνείλαμεν
1465 4599 1625 4668 ὑμῖν,
1637 4598 1789 4668 μηδ-

215 4688 304 4740 ενί
345 4688 559 4743 λαλεῖν·
594 4690 693 4743 ἐπὶ
729 4689 808 4756 τῷ
849 4691 1092 4759 ὀνόματι
1143 4691 1363 4756 τούτῳ;
1415 4691 1555 4753 Τοὺς
1603 4688 1786 4760 μέντοι

215 4781 405 4850 λόγους
427 4785 520 4855 τῆς
541 4785 788 4855 διαϐολῆς
815 4784 1083 4855 ρομεραίαν
1110 4785 1276 4852 ἠκονη
1287 4782 1454 4852 μένην
1480 4781 1781 4848 ὠνόμασεν,

217 4875 305 4928 ἵνα
329 4875 477 4948 δείξῃ
507 4875 568 4928 τὸ
587 4877 838 4948 ὀξύτερον
871 4877 1006 4946 πρὸς
1035 4875 1311 4944 ἀναίρεσιν
1332 4893 1343 4905 ·
1379 4874 1472 4926 καὶ
1520 4873 1656 4944 τόξῳ
1684 4871 1781 4942 τὴν

215 4963 466 5043 γλῶσσαν
509 4965 604 5039 τοῦ
645 4969 977 5036 συκοφάντου
1009 4969 1363 5038 παρείκασεν,
1398 4968 1478 5020 ὅτι
1515 4967 1607 5020 καὶ
1653 4967 1780 5028 τοὺς

214 5057 404 5128 πόῤῥω
455 5056 698 5126 βλάπτει.
761 5059 988 5122 Οὐδενὸς
1019 5059 1126 5130 γὰρ
1183 5057 1307 5111 οὔτε
1337 5059 1600 5129 παρόντος
1655 5057 1778 5110 οῦτε

213 5148 442 5212 ἀπόντος
469 5150 498 5202 ό
519 5149 752 5222 λοίδορος
789 5151 882 5204 καὶ
913 5152 1251 5221 συκοφάντης
1276 5149 1528 5219 φείδεται.

1894 4505 1948 4558 in
1998 4503 2306 4558 Iudaeorum
2355 4506 2662 4576 principes,
2706 4521 2773 4562 eo
2804 4506 2949 4577 quod
2983 4505 3347 4575 blasphemiae
3395 4507 3450 4561 in

1890 4593 2071 4651 Jesum
2103 4594 2390 4664 iacientes,
2431 4595 2676 4652 dicerent
2704 4595 2965 4666 apostolis
2995 4613 3008 4650 :
3046 4594 3234 4651 Nonne
3259 4599 3449 4666 preci-

1889 4689 2075 4758 piendo
2117 4690 2445 4758 praxipimus
2501 4692 2676 4754 vobis,
2734 4707 2797 4744 ne
2842 4691 3094 4746 doceretis
3142 4693 3198 4746 in
3242 4693 3450 4746 nomine

1890 4786 1991 4834 isto
2010 4781 2096 4833 "‘i
2127 4780 2299 4835 Verba
2328 4781 2510 4851 itaque
2533 4782 2870 4837 calumniosa
2894 4821 2912 4848 ,
2969 4782 3258 4852 appellavit
3303 4798 3450 4837 rom-

1890 4873 2096 4943 plumam
2131 4882 2368 4936 acutam.
2397 4884 2456 4928 ut
2485 4875 2678 4930 innuat
2703 4884 2757 4928 et
2787 4876 2902 4944 ipsa
2927 4886 3085 4928 acuta
3119 4889 3240 4929 esse
3269 4881 3323 4929 et
3367 4875 3450 4929 fa-

1887 4967 1989 5021 cile
2018 4967 2304 5035 perimere.
2355 4964 2617 5035 Linguam
2655 4981 2783 5020 vero
2821 4965 3170 5037 sycophanta:
3220 4980 3447 5034 compa—

1887 5058 2027 5112 ravit
2053 5060 2287 5129 sagitta,
2313 5073 2380 5112 eo
2405 5057 2550 5128 quod
2576 5059 2738 5112 etiam
2779 5059 2935 5128 longe
2975 5058 3227 5112 absentes
3267 5057 3442 5112 lzedat.

1886 5149 2184 5206 Maledicus
2224 5151 2368 5206 enim
2403 5160 2456 5206 et
2480 5151 2811 5222 sycophanta
2841 5151 2997 5218 nulli,
3050 5165 3148 5205 nec
3169 5151 3444 5220 praesenti,

1893 5260 1993 5300 nec
2021 5245 2228 5300 absenti
2259 5245 2450 5314 parcit.

687 5371 820 5426 Item
854 5374 908 5426 in
935 5373 1028 5426 illa
1057 5371 1252 5441 psalmi
1289 5372 1543 5441 ejusdem,
1580 5390 1598 5423 ι
1635 5373 1950 5428 Conturbati
1979 5385 2098 5429 sunt
2130 5391 2308 5430 omnes
2333 5375 2422 5446 qui
2443 5375 2572 5438 vid.,
2615 5394 2634 5428 ι
2665 5386 2787 5435 etc..
2811 5393 2858 5429 υ.
2890 5375 2975 5430 10.

280 5487 390 5559 (θὶ)
436 5488 793 5555 Ἀθανάσιος.
824 5491 886 5543 Ol
917 5487 1263 5560 θεωροῦντες,
1288 5489 1440 5558 φησὶ,
1459 5488 1584 5550 τοῦς
1605 5487 1780 5541 τοιού-ε

279 5598 327 5631 ⁸⁸
345 5598 466 5656 Act.
490 5615 522 5652 ν
565 5600 656 5655 28.

283 5710 396 5784 (89)
428 5711 560 5784 Yide
586 5714 638 5769 in
671 5714 1118 5784 Expositionibus.

214 5781 391 5905 “0293)
427 5782 599 5856 llujus
631 5787 731 5842 loci
756 5781 903 5844 nulla
931 5800 1009 5844 est
1051 5791 1420 5861 interpretatio
1453 5792 1504 5847 in
1541 5791 1765 5856 Exposi-

379 5871 462 5905 εις.

379 5871 462 5907 εις.

1961 5491 2304 5545 Athanasius.
2331 5489 2607 5560 Quotquot
2637 5491 2839 5556 vident,
2873 5489 3050 5560 inquit
3118 5489 3252 5544 tales
3300 5505 3446 5545 Viros

1954 5708 2066 5793 (9‘!)
2094 5719 2237 5793 ,Yide
2267 5724 2659 5792 expositionem
2691 5725 2742 5778 in
2779 5726 2922 5782 hunc
2955 5742 3197 5781 versum.

1947 5793 2059 5866 (972)
2091 5792 2258 5864 Hujus
2288 5796 2388 5850 loci
2432 5797 2574 5849 nulla
2605 5803 2687 5849 est
2725 5795 3092 5865 interpretatio
3123 5799 3176 5852 in
3213 5794 3440 5866 Exposi-

1883 5865 2129 5917 tionibus.
