4126 6484
664 424 768 478 575

1518 423 1575 478 S.
1618 423 1993 479 A'lllANASli
2032 424 2183 482 OPP.
2227 428 2408 486 PARS
2447 430 2533 487 111.
2573 463 2644 474 -
2679 431 3088 493 EXECETICA.

3806 437 3907 492 576

663 540 830 595 tantis
858 540 1105 599 excidere
1161 541 1393 613 negotiis
1433 550 1487 595 et
1534 557 1564 595 a
1612 543 1894 611 proposito
1943 545 2220 611 aberrare,

2334 565 2453 613 τους
2480 550 2575 603 καὶ
2599 550 2884 618 τοσούτους
2918 553 3027 606 τῶν
3057 554 3467 626 ἐγχειρημάτων
3506 554 3907 628 διαμαρτόντας

664 634 1060 689 conturbantur
1108 650 1171 690 ac
1231 634 1603 703 corripiuntur
1644 644 1813 699 metu,
1868 645 1927 691 et
1990 636 2229 690 divinam

664 722 935 778 mirantur
969 724 1392 795 providentiam.
1423 722 1560 775 Dum
1592 723 1737 778 enim
1781 725 2018 779 divinam
2048 734 2231 794 prote-

664 814 900 869 ctionem
954 817 1099 886 apud
1152 831 1212 872 se
1263 817 1633 882 considerant,
1685 825 1957 871 terrentur
2011 816 2235 872 horrore

664 905 834 960 divini
874 906 1089 976 iudicii,
1127 923 1191 963 ac
1242 907 1554 979 intelligunt
1600 923 1792 963 omnes
1823 906 1992 963 Deum
2044 906 2231 974 fuisse,

664 998 757 1067 qui
784 998 939 1054 dolos
968 1009 1021 1054 et
1052 1000 1278 1056 insidias
1321 1015 1509 1055 eorum
1556 1001 1738 1055 irritas
1782 1000 1927 1065 fecit,
1973 1015 2037 1054 eo
2087 1001 2232 1069 quod

664 1106 788 1160 quae
818 1100 1008 1146 contra
1036 1108 1124 1148 me
1165 1093 1399 1147 inierant
1439 1092 1663 1148 consilia
1695 1107 1834 1146 vana
1863 1093 2234 1147 demonstrata

664 1193 812 1236 sunt.
845 1182 997 1237 Adeo
1020 1184 1205 1253 utjam
1234 1199 1429 1240 omnes
1450 1184 1825 1254 pronuntient,
1854 1192 2009 1237 tuum
2042 1183 2235 1248 fuisse,

663 1288 699 1328 ο
761 1272 1009 1341 Domine,
1068 1276 1169 1331 hoc
1228 1291 1387 1345 opus,
1436 1276 1643 1347 tibique
1693 1270 1885 1331 cuncta
1930 1274 2227 1329 ascribant.

663 1362 799 1431 Quis
831 1367 978 1422 enim
1011 1384 1119 1423 non
1154 1377 1378 1433 metuat,
1432 1369 1523 1423 ubi
1575 1368 1720 1423 videt
1758 1367 1852 1422 Dei
1896 1365 2235 1421 animadver-

2342 644 2438 697 καὶ
2470 646 2878 717 ἀστοχήσαντας
2910 646 3139 719 θορύϐου
3185 649 3286 703 ’καὶ
3331 649 3483 713 δέους
3534 650 3907 722 ἐπλήσθησαν,

2337 735 2430 786 καὶ
2461 734 2557 804 τὴν
2591 734 2739 789 Θείαν
2763 736 3078 808 ἐθαύμασαν
3108 740 3379 812 πρόνοιαν.
3417 737 3504 793 Ἐν
3530 743 3780 813 περινοίᾳ
3802 742 3910 813 γὰρ

2336 826 2436 897 τῆς
2456 826 2548 879 τοῦ
2579 828 2713 881 Θεοῦ
2751 828 3075 900 κηδεμονίας
3103 830 3399 901 γενόμενοι,
3437 831 3499 884 τὸ
3530 831 3672 885 θεῖον
3709 834 3908 903 κριτή-

2339 935 2453 990 ριον
2496 918 2726 983 ἔδεισαν,
2759 922 2851 973 καὶ
2899 921 3096 985 πάντες
3145 923 3404 992 συνῆκαν,
3454 924 3535 977 ὄτι
3590 924 3742 995 παρά
3774 923 3907 977 Θεοῦ

2340 1010 2735 1083 κατεργάζεται
2767 1012 2831 1065 τὸ
2854 1013 2953 1082 τῆς
2974 1011 3150 1067 αὐτῶν
3180 1013 3477 1086 δολιὸτητος
3508 1014 3811 1086 ἄπρακτον.
3829 1017 3907 1069 ὅτι

2336 1103 2404 1158 τὰ
2437 1105 2554 1157 κατ’
2589 1103 2720 1174 ἐμοῦ
2752 1104 2954 1175 μάταια
2975 1103 3235 1177 ἠλέγχθη.
3270 1107 3357 1167 Ὠς
3384 1107 3589 1168 πάντας
3630 1107 3909 1175 ἀπαγγέλ-

2334 1192 2467 1257 λειν,
2492 1194 2571 1246 ὅτι
2602 1194 2718 1258 Σὺν,
2748 1188 2793 1247 ὧ
2822 1196 3087 1260 Δέσποτα,
3114 1196 3271 1268 ἔργον
3297 1194 3474 1258 τοῦτο,
3499 1198 3591 1250 καὶ
3617 1198 3700 1249 σοὶ
3724 1198 3793 1249 τα
3821 1213 3909 1264 γε.

2337 1286 2537 1355 νόμενα
2563 1286 2945 1357 ἐπιγράφουσι.
2975 1288 3086 1357 (93)
3127 1288 3221 1351 Τίς
3254 1287 3362 1359 γὰρ
3387 1289 3488 1341 ούκ
3519 1289 3586 1342 ἂν
3620 1288 3905 1359 φοδηθείη,

2338 1377 2640 1449 ἐπισκοπὴν
2666 1378 2729 1430 ἐκ
2750 1377 2884 1453 Θεοῦ
2899 1378 3040 1451 ὁρῶν
3068 1379 3355 1451 γινομένην
3379 1380 3519 1433 κατά
3538 1381 3644 1435 τῶν
3671 1380 3905 1449 ἀσεὸὦν,

664 1456 871 1512 sionem
913 1458 967 1514 in
1008 1459 1239 1531 impios.
1291 1468 1345 1516 et
1400 1460 1663 1515 ultionem
1705 1474 1805 1531 pro
1851 1458 2052 1529 injuste
2098 1457 2243 1515 actis

2339 1470 2435 1523 καὶ
2464 1469 2742 1540 ἐκδίκησιν
2770 1470 2909 1542 ὑπὲρ
2936 1469 3043 1524 τῶν
3081 1470 3443 1541 ἀδικουμένων
3468 1488 3483 1538 ;

662 1548 885 1605 relatam
907 1549 931 1603 ἲ

1402 1664 1538 1721 Item
1563 1666 1619 1720 in
1655 1666 1866 1720 titulun:
1902 1681 2042 1735 psa..
2074 1680 2219 1728 utv,
2244 1675 2518 1733 prannssa
2552 1656 2853 1711 Theodoreti
2884 1660 3157 1712 sententia.

735 1779 1076 1836 Athanasius.
1117 1780 1417 1853 Conjuncta
1442 1799 1606 1854 porro
1632 1793 1715 1839 est
1745 1800 1869 1839 cum
1910 1784 2101 1839 harum
2138 1799 2224 1838 re-

2405 1778 2513 1847 (94)
2568 1774 2931 1842 Ἄθανὰσιος.
2974 1776 3366 1847 ’Δναμέμικται
3406 1777 3461 1831 δὲ
3502 1782 3569 1850 τῇ
3615 1781 3743 1854 περὶ
3777 1782 3911 1835 τού-

663 1889 785 1929 rum
820 1875 1171 1945 praedictione
1214 1878 1377 1931 etiam
1441 1878 1721 1947 prophetia
1770 1877 1836 1932 de
1865 1877 2041 1932 salute
2092 1892 2226 1947 gen-

659 1966 821 2018 tium.
851 1964 1017 2019 David
1051 1980 1286 2035 namque
1316 1965 1611 2020 introducit
1638 1966 1725 2021 hic
1752 1982 1846 2021 eos
1880 1966 1971 2035 qui
2004 1981 2067 2020 es
2100 1981 2231 2034 gen-

662 2057 807 2112 tibus
829 2058 882 2111 in
909 2055 1186 2111 Christum
1214 2056 1579 2123 crediderunt,
1609 2058 1765 2129 quasi
1794 2056 2229 2113 contradicentes

660 2148 994 2217 sapientibus
1028 2149 1191 2218 hujus
1220 2148 1425 2211 saeculi,
1457 2164 1521 2203 ac
1553 2158 1773 2204 orantes
1807 2149 2005 2219 prioris
2038 2149 2229 2219 impie—

659 2239 787 2295 tatis
820 2240 1218 2297 dimissionem.
1274 2242 1409 2295 Orat
1459 2240 1656 2295 deinde
1683 2242 1845 2295 etiam
1890 2256 1986 2311 pro
2034 2241 2101 2296 iis
2133 2240 2226 2309 qui

658 2333 787 2385 olim
820 2333 1033 2388 steriles
1055 2343 1110 2387 et
1133 2331 1461 2388 infructuosi
1491 2343 1667 2398 erant,
1693 2348 1837 2387 nunc
1864 2348 1991 2387 vero
2022 2331 2226 2388 fertiles

662 2424 788 2478 facti
827 2434 957 2479 sunt
985 2440 1080 2495 per
1111 2426 1270 2479 fidem
1309 2424 1361 2478 in
1388 2424 1690 2480 Christum.
1738 2424 1951 2480 Dictum
1984 2438 2114 2480 vero
2146 2431 2230 2477 est

658 2514 766 2583 iam
821 2525 964 2581 ante,
1021 2516 1167 2586 quod
1215 2516 1459 2586 psalmus
1506 2517 1723 2585 praxin,
1773 2517 2045 2570 canticum
2099 2528 2228 2569 vero

658 2606 924 2663 theoriam
978 2607 1218 2662 denotet.
1283 2606 1514 2671 Quando
1568 2606 1733 2676 igitur
1788 2621 1882 2676 per
1935 2617 2228 2675 utrumque

658 2697 887 2753 istorum
930 2711 1017 2752 res
1046 2697 1228 2766 aliqua
1264 2698 1523 2767 praclare
1553 2710 1701 2769 gesta
1732 2707 1849 2763 est,
1880 2698 2057 2752 ethica
2084 2698 2224 2753 scili-

658 2797 743 2844 cet
772 2784 1115 2857 philosophia
1156 2801 1278 2840 cum
1313 2786 1608 2841 theoretica
1642 2795 2023 2847 concurrente,
2074 2786 2226 2853 psal-

658 2896 783 2938 mus
813 2880 1011 2935 cantici
1044 2878 1278 2935 exsistit.
1316 2877 1441 2933 Vita
1472 2878 1615 2933 enim
1649 2878 2065 2947 contemplativa
2096 2891 2223 2946 ope-

658 2976 813 3028 ribus
838 2980 1051 3037 ornata,
1092 2970 1269 3027 reddit
1298 2969 1596 3040 perfectum
1638 2968 1938 3023 hominem.

2332 1888 2437 1924 των
2469 1869 2769 1940 προρρήσει
2801 1869 2896 1921 καὶ
2922 1867 3022 1939 τῆς
3057 1869 3166 1921 τῶν
3200 1869 3368 1922 ὲθνῶν
3403 1873 3678 1943 σωτηρίας
3714 1876 3746 1945 ἡ
3776 1892 3909 1949 προ-

2334 1960 2547 2032 φητεία.
2577 1960 2798 2029 Είσάγει
2833 1958 2942 2031 γὰρ
2969 1961 2997 2012 ὁ
3017 1958 3179 2013 Δαυῖδ
3210 1960 3442 2015 ἐνταῦθα
3470 1964 3594 2025 τοὺς
3632 1964 3693 2028 ἐξ
3736 1964 3910 2019 ἐθνῶν

2332 2052 2729 2116 πιστεύσαντας
2758 2055 2836 2116 είς
2866 2053 3099 2123 Χριστὸν
3117 2093 3133 2120 ,
3176 2052 3557 2117 καταϐοῶντας
3585 2055 3693 2108 τῶν
3728 2057 3910 2125 σοφῶν

2332 2146 2424 2201 τοῦ
2455 2146 2651 2209 αἰῶνος
2675 2144 2885 2208 τούτου,
2934 2145 3218 2209 αίτοῦντάς
3243 2164 3299 2199 τε
3323 2146 3421 2217 τῆς
3456 2148 3727 2221 προτέρας
3778 2151 3909 2203 ἀσε-

2333 2239 2485 2301 ϐείας
2516 2238 2739 2306 ἄφεσιν
2768 2237 2845 2290 ἔτι
2876 2254 2934 2290 τε
2966 2238 3129 2309 εὐχὴν
3166 2238 3479 2309 ἀναπέμπει
3524 2240 3662 2311 ὑπὲρ
3702 2241 3907 2304 αὐτῶν,

2331 2330 2499 2382 ὄντων
2536 2327 2634 2397 μὲν
2664 2326 2827 2379 πάλαι
2875 2325 3144 2396 ἀκάρπων
3168 2366 3183 2389 ,
3221 2326 3527 2396 γενομένων
3553 2326 3612 2379 δὲ
3658 2323 3910 2398 εὐφόρων

2329 2419 2416 2472 διὰ
2443 2419 2542 2489 τῆς
2571 2420 2649 2481 είς
2676 2418 2911 2488 Χριστὸν
2962 2416 3216 2478 πίστεως.
3248 2414 3477 2488 Εἴρηται
3530 2417 3587 2469 δὲ
3616 2417 3909 2487 πρότερον.

2328 2511 2403 2575 ὼς
2442 2510 2639 2583 πρᾶξιν
2698 2512 2793 2581 μὲν
2822 2511 2850 2563 ὁ
2887 2507 3120 2580 ψαλμὺς,
3170 2506 3403 2579 θεωρίαν
3440 2507 3495 2561 δὲ
3524 2511 3556 2580 ἡ
3733 2508 3889 2580 δηλοί

2331 2604 2500 2658 Ὅταν
2529 2599 2622 2657 οὖν
2650 2602 2716 2655 δι’
2739 2598 3112 2675 ἀμφοτέρωνῇ
3137 2602 3196 2654 τὸ
3220 2600 3421 2670 ἀγαθὸν
3453 2600 3907 2672 κατορθούμενον,

2329 2696 2430 2765 τῆς
2456 2693 2649 2765 ἠθικῆς
2684 2692 2994 2761 φιλοσοφίας
3028 2693 3162 2764 πρὸς
3183 2694 3280 2764 τὴν
3306 2692 3642 2765 θεωρητικὴν
3678 2694 3910 2765 συνδρα-

2338 2786 2562 2858 μούσης,
2601 2784 2814 2857 nam;
2859 2784 3002 2855 ᾠδῆς
3035 2784 3263 2852 γίνεται.
3306 2785 3363 2837 '0
3418 2785 3749 2856 θεωρητικὸς
3802 2785 3911 2855 γὰρ

2332 2878 2449 2947 ἅμα
2493 2876 2569 2948 τῷ
2603 2875 2888 2948 πρακτικῶ
2912 2873 3340 2939 κατοοθούιιενος
3368 2874 3466 2946 βίῳ
3507 2876 3671 2946 ἄνδρα
3708 2874 3910 2929 τέλειον

2327 2969 2719 3024 ἀποδείκνυσιν.

658 3125 726 3183 In
748 3128 984 3198 ejusdem
1013 3129 1206 3199 psalmi
1243 3127 1420 3193 verba,
1450 3144 1469 3178 ι
1504 3125 1708 3182 Beatus
1734 3142 1887 3197 quem
1928 3125 2530 3249 efegf;£i,s2iftcs.;bt;.igi
2573 3126 2864 3199 Postquam
2906 3144 2969 3183 ex
3016 3126 3339 3182 Theodoreto
3372 3142 3581 3182 sensum
3622 3128 3907 3185 litteratem

2126 3218 2152 3249 υ
2267 3239 2282 3249 .
2559 3213 2577 3249 :

2025 3213 2282 3268 exposuit,
2315 3213 2527 3266 8|“)ij
2559 3213 2577 3250 :

728 3314 1074 3371 Athanasius.
1103 3314 1472 3387 Spiritualiter
1495 3327 1627 3369 vero
1652 3310 1938 3368 adumbrat
1963 3315 2223 3384 p0pulum

2402 3320 2515 3393 (95)
2582 3320 2943 3387 Ἀθανὰσιος.
3003 3319 3143 3392 Πρὸς
3199 3318 3255 3374 δὲ
3311 3318 3549 3372 διάνοιαν
3611 3318 3908 3373 αἰνίττεται

658 3408 812 3463 illum
850 3425 1070 3475 novum,
1104 3409 1198 3479 qui
1227 3408 1449 3464 Christo
1480 3408 1535 3463 in
1570 3416 1770 3464 sortem
1806 3406 2134 3462 hereditatis
2163 3424 2230 3464 ex

658 3501 909 3572 gentibus
935 3503 1143 3557 electus
1185 3508 1290 3555 est.
1340 3500 1507 3557 Aulas
1557 3515 1684 3555 vero
1729 3499 2029 3570 intelligere
2070 3499 2233 3554 debe-

658 3610 784 3650 mus
827 3593 1104 3650 Ecclesias
1154 3609 1251 3665 per
1290 3594 1539 3664 regiones
1582 3595 1877 3663 dispersas.
1924 3592 2072 3647 Alias
2103 3608 2232 3647 vero

659 3686 878 3742 beatum
915 3688 1078 3742 etiam
1109 3688 1363 3757 praedicat
1398 3687 1486 3742 hic
1513 3685 1783 3755 Propheta
1811 3700 1957 3749 eum,
1988 3685 2082 3754 qui
2120 3685 2232 3739 vir-

660 3780 867 3835 tutibus
904 3789 989 3836 est
1034 3789 1468 3835 consummatus.
1508 3777 1651 3833 Deus
1706 3777 1849 3831 enim
1884 3792 2008 3831 eum
2061 3777 2230 3847 eligit,

659 3874 753 3942 qui
787 3874 853 3927 ad
884 3872 1205 3928 certandum
1237 3880 1290 3926 et
1327 3887 1491 3926 cursu
1537 3870 1976 3926 contendendum
2006 3880 2088 3924 est
2118 3870 2233 3924 ido-

659 3980 836 4030 neus;
881 3966 974 4035 qui
1021 3980 1151 4018 vero
1183 3964 1465 4019 victoriam
1513 3963 1626 4034 jam
1655 3963 1969 4033 reportavit,
2010 3963 2235 4033 praecla-

658 4071 831 4126 roque
860 4056 967 4113 fine
1015 4056 1182 4111 vitam
1237 4056 1528 4120 conclusit,
1580 4056 1724 4107 hunc
1755 4054 1986 4107 assumit
2014 4054 2067 4107 in
2117 4070 2231 4112 ca:-

659 4150 797 4215 lnm,
846 4150 938 4205 ubi
966 4149 1130 4204 etiam
1166 4149 1267 4218 ipsi
1296 4145 1722 4202 tabernaculum
1776 4148 1987 4210 tribuit.
2024 4148 2075 4201 in
2108 4162 2233 4216 pto-

660 4243 795 4312 priis
818 4241 919 4296 sibi
961 4240 1124 4306 aulis,
1161 4239 1229 4295 de
1258 4240 1459 4310 quibus
1489 4240 1692 4293 dictum
1725 4250 1807 4294 est
1833 4258 1845 4293 :
1897 4238 2077 4293 Multa:
2104 4250 2233 4294 sunt

659 4332 974 4388 mansiones
1021 4334 1161 4403 apud
1199 4330 1412 4387 Patrem
1441 4332 1504 4385 ⁸⁸.
1542 4330 1609 4385 Ut
1656 4333 1726 4386 ita
1760 4330 2051 4401 perfectius
2081 4332 2234 4401 quid.

661 4422 786 4477 dam
823 4424 894 4477 sit
919 4423 1126 4478 assumi
1165 4421 1235 4475 ab
1265 4422 1497 4491 eligente
1532 4437 1696 4490 quam
1749 4422 1892 4490 eligi.
1949 4420 2083 4475 Nam
2138 4422 2230 4476 ubi

660 4516 753 4587 qui
799 4516 1002 4571 electus
1051 4524 1137 4570 est
1180 4514 1363 4568 omnia
1410 4514 1709 4571 secundum
1755 4512 1847 4567 Dei
1897 4514 2229 4569 voluntatem

660 4606 960 4677 peregerit,
1014 4617 1145 4661 tune
1188 4603 1406 4659 demum
1456 4619 1582 4658 cum
1626 4603 1792 4673 gloria
1850 4604 1902 4657 in
1964 4604 2230 4674 promissa

661 4697 802 4751 bona
854 4697 1197 4763 assumitur,
1249 4706 1345 4761 et,
1396 4696 1676 4750 domicilio
1726 4697 1843 4766 ejus
1893 4697 1959 4751 de
2001 4698 2230 4751 terrenis

662 4790 801 4844 locis
834 4790 1119 4856 translato,
1151 4790 1261 4844 illic
1291 4790 1697 4844 tabernaculum
1739 4790 1871 4859 figit,
1909 4790 1961 4843 in
1996 4791 2232 4860 palatiis,

662 4882 915 4951 inquam,
978 4881 1228 4953 eligentis
1279 4896 1359 4937 se.
1407 4879 1648 4948 Quorum
1691 4881 1961 4936 desiderio
2012 4883 2231 4951 quidam

663 4976 772 5030 illic
799 4976 978 5031 adhuc
1016 4978 1347 5033 constitutus
1380 4992 1503 5030 cum
1552 4985 1855 5042 teneretur,
1910 4977 2229 5047 inquiebat:

662 5071 857 5122 Anima
906 5085 1021 5123 mea
1062 5065 1239 5140 deﬁcit
1272 5071 1328 5123 in
1374 5071 1514 5123 atria
1550 5069 1759 5121 Domini
1776 5068 1842 5123 ".
1876 5066 2050 5123 Verba
2105 5085 2234 5141 ergo

664 5157 1044 5215 haeczBeatus
1089 5179 1241 5234 quem
1271 5162 1473 5232 elegisti
1518 5170 1567 5215 et
1625 5162 1979 5231 assumpsisti,
2034 5162 2229 5215 merito

2331 3411 2423 3464 τὸν
2477 3411 2603 3465 λαὸν
2663 3410 2753 3465 τὸν
2809 3411 2948 3476 νέον,
3003 3411 3095 3464 τὸν
3150 3410 3208 3478 ἐξ
3272 3409 3438 3464 ὲθνῶν
3485 3409 3780 3477 ἑκλεγέντα
3832 3410 3909 3481 τῷ

2332 3501 2552 3574 Χριστῷ
2592 3505 2671 3566 είς
2722 3502 3105 3574 κληρονομίαν.
3153 3501 3331 3566 suis;
3369 3501 3425 3555 δὲ
3468 3500 3569 3565 τὰς
3603 3500 3749 3554 κατὰ
3798 3500 3907 3572 χὼ-

2336 3611 2434 3665 ραν
2477 3595 2803 3665 Ἐκκλησίας
2834 3596 3192 3666 ὑποληπτέον.
3236 3595 3469 3667 Ἑτέρως
3495 3595 3551 3650 δὲ
3581 3596 3677 3650 καὶ
3711 3596 3806 3651 τὸν
3828 3613 3910 3650 τε·

2333 3685 2618 3741 λειωθέντα
2649 3690 2706 3740 ὲν
2735 3688 2978 3759 ἀρεταῖς,
3011 3687 3197 3741 τοῦτον
3222 3687 3314 3741 καὶ
3337 3690 3366 3741 ὁ
3400 3687 3692 3758 Προφήτης
3734 3705 3912 3759 μακα-

2338 3778 2491 3849 ρίζει.
2534 3778 2841 3847 Ἐκλέγεται
2895 3779 2993 3850 μὲν
3040 3778 3149 3850 γὰρ
3205 3782 3233 3833 ὁ
3263 3778 3393 3843 ΘεΜ
3423 3778 3512 3833 τὸν
3545 3778 3911 3847 ἀγωνίζεσθαι

2334 3869 2429 3921 καὶ
2465 3869 2691 3940 δραμεῖν
2722 3870 3026 3941 ἐπιτήδειον
3046 3887 3058 3899 °
3093 3872 3184 3923 τὸν
3211 3871 3268 3925 δὲ
3295 3872 3396 3943 ἢδη
3437 3872 3783 3943 νενικηκότα,
3820 3875 3912 3927 καὶ

2336 3961 2485 4032 καλῷ
2532 3962 2674 4015 τέλει
2728 3963 2828 4034 τὴν
2886 3962 3029 4035 ζωὴν
3083 3964 3521 4038 περικλείσαντα,
3581 3969 3661 4031 εἰς
3682 3968 3911 4041 οὐρανὸν

2336 4053 2835 4125 προσλαμϐάνεται,
2862 4056 2991 4111 ἔνθα
3024 4056 3119 4110 καὶ
3169 4057 3371 4129 σκηνὴν
3424 4057 3572 4130 αύτῴ
3604 4062 3721 4123 ταῖς
3753 4061 3912 4125 ἰδίαις

2332 4147 2523 4209 αὐλαῖς
2549 4146 2886 4219 ἀποκληροϊ⁶
2913 4149 3042 4221 περὶ
3084 4142 3158 4202 ὧν
3210 4150 3454 4221 εἴρηται’
3502 4151 3701 4205 Πολλαὶ
3753 4154 3912 4223 μοναὶ

2334 4238 2484 4310 παρά
2519 4237 2596 4308 τῷ
2626 4237 2821 4309 Πατρί.
2866 4238 3028 4294 ’Ὥστε
3061 4238 3392 4312 τελειότερον
3412 4240 3504 4293 τοῦ
3533 4241 3827 4312 ὲκλεγῆναι
3853 4241 3912 4296 τὸ

2336 4332 2746 4403 προσληφθῆναι
2781 4331 2931 4403 παρά
2960 4332 3052 4387 τοῦ
3089 4333 3473 4405 ἐκλεξαμένου.
3519 4335 3689 4388 Ὅταν
3731 4336 3844 4408 γὰρ
3885 4337 3913 4389 ὁ

2334 4423 2577 4491 ὲκλεγεὶς
2603 4424 2777 4476 πάντα
2799 4425 2938 4477 κατά
2962 4423 3214 4495 βούλησιν
3233 4426 3367 4478 θεοῦ
3393 4424 3595 4497 πράξῃ,
3625 4426 3745 4480 τότε
3776 4428 3915 4499 μετά

2334 4515 2491 4583 δόξης
2515 4517 2591 4578 εἰς
2623 4514 2723 4578 τὰς
2770 4516 3096 4584 ἐπαγγελίας
3128 4517 3623 4589 προσλαμϐάνεται,
3649 4519 3744 4572 κα⁵ι
3780 4536 3913 4591 μετ·-

2336 4607 2593 4669 οικισθεὶς
2622 4606 2715 4660 τοῦ
2750 4610 2877 4678 περὶ
2905 4609 3007 4680 γῆν
3062 4610 3250 4669 τόπον,
3292 4611 3409 4662 ἐκεῖ
3456 4615 3812 4682 κατασκηνοῖ,
3856 4614 3912 4665 ἐν

2336 4702 2456 4763 ταῖς
2486 4699 2675 4763 αὐλαῖς
2701 4700 2796 4752 τοῦ
2832 4700 3209 4772 ἐκλεξαμένου.
3244 4698 3340 4756 Ὧν
3367 4702 3613 4757 ἐντεῦθεν
3642 4703 3724 4757 ἔτι
3748 4704 3912 4758 πόθον

2335 4805 2418 4851 τις
2446 4788 2606 4857 ἔχων,
2648 4786 2833 4843 εἶπεν·
2901 4792 3193 4847 ’ἐκλείπει
3246 4794 3285 4861 ἡ
3315 4793 3484 4862 ψυχή
3517 4812 3638 4865 μου
3686 4797 3777 4863 είς
3807 4797 3913 4863 τὰς

2338 4881 2530 4944 αὐλὰς
2563 4879 2668 4933 τοῦ
2702 4882 2943 4951 Kvpt'ov.
2984 4884 3143 4937 Ὥστε
3170 4883 3267 4947 τὰς
3304 4884 3473 4948 λέξεις
3508 4884 3734 4950 ταύτας,
3768 4888 3913 4957 φημὶ

2334 4970 2399 5041 δὴ
2422 4972 2502 5034 τὸ,
2525 4972 2840 5042 Μακάριος,
2861 4974 2933 5028 ὃν
2952 4975 3206 5041 ἐξελέξω
3230 4977 3326 5031 καί
3346 4977 3750 5046 προσελάϐου,
3772 4979 3913 5033 εἰκό-

2338 5080 2445 5126 τως
2478 5066 2840 5137 προφέρουσιν
2876 5069 2925 5121 οί
2951 5070 3077 5132 τοὺς
3112 5068 3520 5140 ἀπαλλαγέντας
3542 5071 3637 5125 τοῦ
3669 5072 3787 5144 βίον
3818 5074 3915 5143 ζη-

2335 5158 2551 5220 λοῦντες
2578 5160 2669 5211 καὶ
2708 5160 3118 5231 μακαρίζοντες.

664 5248 1012 5316 protulerint,
1042 5250 1135 5323 qui
1170 5250 1422 5321 praesenti
1447 5251 1555 5305 vita
1588 5249 1892 5306 abstractos
1927 5250 2231 5314 imitantur,
2260 5265 2323 5308 ac
2360 5251 2543 5303 beatos
2567 5250 2883 5319 praedicant.

934 5360 1003 5415 Et
1034 5364 1086 5417 in
1111 5379 1314 5416 versum
1345 5374 1640 5434 sequentem
1666 5380 1683 5417 :
1715 5366 1989 5433 prwmissa
2017 5381 2224 5418 rursum
2256 5364 2479 5417 litterali
2507 5364 2853 5433 explicatione
2882 5383 2947 5421 ea:
2974 5367 3292 5426 Theodorela
3314 5414 3330 5440 ,
3369 5375 3623 5445 sequitur.

736 5477 1033 5531 Athanasii.
1086 5476 1291 5532 ilorutn
1339 5478 1605 5533 sententia
1660 5480 1793 5535 haec.
1850 5480 1996 5535 Bona
2030 5480 2227 5535 domus

736 5591 779 5623 ³⁸
801 5589 960 5645 Joan.
984 5607 1094 5658 ειν,
1132 5591 1186 5646 2.
1264 5592 1308 5622 ³’
1333 5590 1477 5648 Psal.
1505 5608 1733 5660 Lxxxm,
1761 5594 1813 5648 3.

701 5705 848 5829 e(25)
876 5703 1001 5828 lilgec
1033 5704 1085 5760 in
1130 5705 1556 5775 Expositionibus
1590 5708 1653 5763 ad
1682 5706 1972 5765 secundam
2021 5717 2223 5777 partem

736 5791 759 5826 r
794 5791 857 5829 US
964 5818 977 5829 .

669 5791 857 5829 versus
892 5791 977 5829 ιυ.

750 5845 859 5914 (96)
896 5844 1018 5901 Haec
1050 5850 1288 5906 auctiora
1326 5858 1447 5905 sunt
1480 5864 1640 5919 quam
1683 5848 1734 5902 in
1773 5845 2219 5914 Expositionibus.

2419 5479 2529 5550 (96)
2603 5481 2971 5537 Ἀθανασίου.
3028 5484 3168 5557 Πρὸς
3218 5487 3274 5540 δὲ
3328 5487 3483 5541 νοῦν·
3554 5490 3759 5558 Ἄγαθά
3818 5501 3911 5559 τοῦ

2409 5708 2521 5783 (1)5)
2544 5706 2667 5783 ᾖξωο
2690 5725 2793 5763 non
2814 5710 3085 5766 habentur
3112 5715 3364 5783 superius
3399 5716 3463 5772 ad
3497 5717 3643 5775 hunc
3666 5734 3907 5776 versum.

2332 5778 2745 5905 vel(‘gi‘t.i‘)nllorum
2778 5784 3023 5852 quasdam
3062 5778 3313 5856 superius
3361 5787 3629 5845 habentur
3657 5791 3729 5845 ad
3769 5791 3909 5846 hunc
