4126 6514
189 430 287 488 57⁵1

1173 429 1594 488 FRAGMENTA
1634 430 1988 490 COMMENT.
2031 431 2096 487 IN
2132 429 2468 488 PSALMOS.

3324 437 3429 494 578

189 548 335 604 οῖκου
390 548 484 603 τοῦ
540 549 676 604 Θεοῦ
728 550 798 604 τά
835 549 930 605 τοῦ
963 549 1278 622 Πνεύματος
1322 553 1555 625 διάφορα
1602 555 1762 628 χαρί-

1875 554 1980 622 Dei,
2002 554 2280 619 dicuntur,
2305 556 2516 611 diversa
2543 553 2778 626 Spiritus
2805 558 2977 613 sancti
3006 557 3168 614 dona.
3197 555 3432 617 Domum

191 658 393 714 σματα.
450 638 615 697 Οἶκον
661 643 717 697 δὲ
759 643 894 698 Θεοῦ
940 643 1038 715 τὴν
1095 645 1418 719 Ἐκκλησίαν
1473 650 1504 702 ὁ
1558 649 1767 715 Παῦλος

192 728 365 784 καλεῖ.
410 730 500 785 Ἐν
525 731 581 786 δὲ
605 732 777 803 τούτῳ
805 733 1131 804 θαυμαστῶς
1157 735 1482 793 ἐπιτελεῖται
1504 741 1537 810 ἡ
1573 741 1764 812 ἀρετὴ,

195 819 500 894 καλουμένη
523 822 854 893 δικαιοσύνη.
896 824 954 876 '0
976 825 1154 879 τοίνυν
1175 828 1444 882 πιστεύων
1471 832 1562 884 καὶ
1591 831 1767 903 ἔργων

195 911 413 979 ἀγαθῶν
437 911 745 984 πληρωθεὶς
777 914 889 984 ἔχει
918 914 1009 967 τὸν
1038 915 1241 986 Κύριον
1275 920 1333 972 ἐν
1363 920 1561 992 ἑαυτῷ.
1597 923 1766 994 Εἴρη-

194 1023 282 1058 ται
312 1005 423 1075 γὰρ
453 1005 540 1059 διὰ
563 1007 660 1076 τῆς
690 1006 924 1072 πίστεως
953 1015 1225 1066 κατοικεῖν
1265 1013 1356 1067 τὸν
1401 1015 1636 1086 Χριστὸν
1686 1020 1766 1084 είς

195 1097 283 1150 τὸν
313 1097 422 1151 ἔσω
440 1097 743 1168 ἄνθρωπον,
779 1101 875 1154 καὶ
904 1102 1039 1173 πρὸς
1069 1103 1160 1158 τὸν
1184 1105 1453 1177 τηροῦντα
1481 1109 1572 1162 τὸν
1608 1109 1762 1178 λόγον

197 1189 360 1246 αὐτοῦ
392 1189 529 1261 μετὰ
549 1188 642 1244 τοῦ
677 1193 889 1264 Πατρὺς
941 1194 1231 1264 ἐρχόμενος
1283 1198 1449 1267 μονὴν
1504 1205 1759 1258 ποιεῖται.

197 1283 305 1338 Καὶ
331 1282 539 1352 γίνεται
567 1285 595 1338 ὁ
614 1284 851 1348 τοιοῦτος
883 1285 1028 1348 ναὸς,
1066 1287 1228 1355 (κατὰ
1265 1289 1324 1342 τό
1344 1304 1357 1318 ⁸
1403 1293 1523 1346 Οὐκ
1543 1294 1760 1361 οἴδατε,

197 1375 283 1429 ὅτι
307 1375 454 1442 ναὸς
472 1377 618 1432 Θεοῦ
643 1379 783 1432 ἐστε
803 1378 842 1447 ;)
885 1378 941 1442 ὃς
968 1381 1059 1434 καὶ
1073 1380 1416 1455 δικαιοσύνην
1439 1384 1765 1458 θαυμαστῶς

197 1468 470 1540 κατορθοῖ,
489 1470 585 1543 τὴν
610 1471 696 1524 διὰ
726 1472 962 1536 πίστεως
992 1475 1405 1547 συνισταμένην.
1435 1478 1622 1547 Ἀγιος
1652 1482 1772 1551 μέν⁶

196 1577 276 1614 τοι
309 1562 458 1616 ἐστὶν
490 1562 566 1626 ὡς
596 1562 850 1634 καθαρὸς,
883 1563 1194 1636 θαυμαστὸς
1229 1565 1287 1620 δὲ
1329 1569 1423 1622 ἐπὶ
1469 1573 1536 1643 τῇ
1568 1571 1770 1628 δικαιο-

197 1651 353 1728 cum.

1865 654 2045 702 autem
2077 645 2170 702 Dei
2206 655 2366 701 vocat
2401 645 2604 703 Paulus
2645 649 2817 718 ipsam
2871 648 3192 706 Ecclesiam.
3226 649 3284 705 In
3333 651 3436 708 hac

1863 752 1992 792 vero
2040 737 2204 792 domo
2253 737 2576 792 mirabiliter
2617 738 2895 809 perficitur
2926 741 3101 795 virtus
3151 742 3262 806 illa,
3311 757 3435 811 quae

1863 828 2168 898 appellatur
2203 828 2437 898 jnstitia.
2465 828 2567 896 Qui
2604 830 2768 901 igitur
2798 832 2990 899 credit,
3023 848 3087 887 ac
3117 833 3275 888 bonis
3307 848 3436 903 ope-

1864 922 2017 976 ribus
2039 922 2297 980 abundat.
2327 922 2373 975 is
2405 922 2567 976 habet
2587 921 2871 976 Dominum
2902 924 2955 978 in
2987 926 3187 995 seipso.
3219 924 3434 980 Dictum

1866 1027 2101 1082 namque
2132 1021 2215 1066 est
2244 1012 2395 1075 alibi,
2439 1012 2582 1081 quod
2609 1011 2861 1067 Christus
2896 1013 3099 1068 habitet
3130 1015 3184 1068 in
3217 1015 3437 1069 homine

1866 1102 2121 1157 interiore
2153 1118 2246 1172 per
2272 1102 2430 1156 ﬁdem
2459 1111 2542 1157 :et
2563 1104 2707 1172 quod
2732 1113 2994 1160 venturus
3023 1106 3092 1158 sit
3121 1121 3244 1159 cum
3277 1105 3438 1160 Patre

1867 1194 1934 1249 ad
1965 1210 2088 1248 eum
2125 1195 2216 1264 qui
2246 1209 2555 1252 sermonem
2601 1195 2720 1264 ejus
2759 1206 2958 1254 servat.
2992 1212 3055 1250 ac
3095 1197 3437 1252 mansionem

1872 1287 2011 1354 apud
2054 1286 2231 1356 ipsum
2264 1286 2532 1340 facturus.
2561 1287 2740 1356 Atque
2769 1288 2839 1340 ita
2869 1288 2926 1340 lit
2955 1288 3043 1341 hic
3076 1288 3199 1342 talis
3240 1288 3438 1344 domus

1871 1377 2006 1432 Dei:
2042 1380 2381 1443 (secundum
2425 1379 2555 1434 illud
2585 1399 2598 1434 :
2639 1379 2870 1434 Nescitis
2911 1380 3156 1450 quoniam
3189 1384 3440 1450 templum

1873 1467 1970 1522 Dei
1997 1470 2121 1522 estis
2141 1469 2269 1541 ⁸⁸2)
2301 1471 2393 1540 qui
2428 1471 2589 1525 etiam
2625 1471 2948 1524 mirabiliter
2993 1483 3248 1542 operatur
3277 1473 3440 1543 justi-

1871 1561 2023 1627 tiam,
2056 1562 2227 1625 illam,
2271 1565 2513 1633 inquam,
2547 1578 2668 1633 quae
2700 1578 2793 1632 per
2822 1562 2979 1616 fidem
3022 1565 3252 1619 exsistit.
3299 1562 3440 1619 San-

1873 1659 1994 1705 ctus
2030 1651 2193 1720 igitur
2220 1661 2324 1716 est,
2357 1653 2484 1723 quia
2523 1667 2692 1723 purus
2720 1669 2734 1718 ;
2766 1650 3035 1708 mirabilis
3067 1666 3198 1708 vero
3226 1662 3442 1723 propter

1865 1740 2158 1812 justitiam.

355 1825 429 1881 Et
469 1827 524 1882 in
556 1828 791 1898 ejusdem
812 1830 1006 1900 psalmi
1030 1834 1184 1888 verba
1213 1849 1232 1888 :
1267 1854 1286 1886 ι
1327 1835 1430 1903 Qui
1450 1856 1720 1912 purpurat
1748 1865 1977 1916 montes,
2017 1874 2035 1906 ι
2069 1864 2193 1916 etc.,
2221 1871 2268 1912 υ.
2301 1855 2355 1910 7.
2400 1854 2664 1911 Similiter
2695 1857 2971 1926 premissa
2996 1855 3303 1914 Theodoreti

1163 1932 1452 1999 sententia,
1503 1939 2021 2008 subjectoAtIianasii
2047 1947 2280 2012 nomine,
2323 1948 2444 2002 ait:

264 2034 409 2106 Πρὸς
434 2033 490 2088 δὲ
519 2033 752 2090 διάνοιαν
771 2049 786 2064 ο
819 2033 914 2098 Σὺ,
949 2038 1133 2109 φησὶν,
1158 2034 1211 2093 εί
1239 2043 1268 2095 ὁ
1308 2043 1376 2098 τὰ
1422 2045 1547 2119 ὅρη,
1595 2051 1762 2123 ηγουν

1939 2037 2018 2090 Ad
2044 2047 2276 2092 mentem
2309 2053 2435 2092 vero
2463 2059 2476 2092 :
2506 2037 2607 2102 Tu,
2629 2037 2824 2109 inquit,
2849 2054 2929 2104 es,
2959 2041 3050 2109 qui
3086 2052 3316 2104 montes.
3343 2044 3444 2101 hoc

193 2128 293 2192 τὰς
318 2127 699 2198 ἀντικειμένας
725 2127 1002 2200 δυνάμεις,
1043 2133 1349 2203 ἑτοιμάξων
1372 2139 1453 2202 εἰς
1495 2144 1767 2215 τιμωρίαν

199 2219 561 2290 (ἡτοίμασται
606 2217 714 2290 γὰρ
779 2219 970 2286 αὑταῖς
1039 2223 1073 2296 η
1125 2222 1424 2290 ἂὸυσσος)·
1489 2230 1645 2286 τοῦτο
1709 2235 1766 2290 δὲ

197 2319 464 2383 ποιήσεις,
500 2310 722 2376 δυνατὸς
751 2311 848 2369 ὢν.

1873 2137 1959 2182 est
2003 2128 2343 2184 adversarias
2394 2139 2704 2200 potestates,
2750 2145 3023 2200 praaparas
3065 2135 3132 2186 ad
3181 2134 3442 2203 supplicia

1875 2221 1892 2290 (
1916 2219 2034 2274 istis
2063 2221 2207 2274 enim
2251 2233 2552 2291 praeparata
2577 2233 2660 2279 est
2679 2223 2908 2294 abyssus
2928 2225 2950 2293 )
2984 2240 2999 2278 :
3037 2232 3091 2281 et
3117 2225 3222 2282 hoc
3252 2224 3444 2296 facies.

1873 2312 1997 2381 quia
2027 2323 2218 2381 potens
2246 2327 2328 2367 es.

868 2468 936 2524 Et
973 2471 1026 2525 in
1057 2489 1259 2528 versum
1290 2489 1582 2549 sequentem
1620 2481 1928 2541 Theodoreti
1951 2489 2290 2558 explicationi
2319 2491 2428 2546 [nec
2453 2491 2705 2560 subjicit:

277 2580 631 2635 Ἀθανασίου
677 2582 772 2636 καί
831 2584 1156 2652 Κυρίλλου.
1209 2589 1354 2660 Πρὸς
1381 2591 1438 2645 δὲ
1492 2594 1771 2650 διάνοιαν·

196 2669 569 2743 Συνταράσσει
594 2671 824 2744 Χριστὸς
846 2667 955 2727 οἷόν
975 2691 1027 2728 τι
1055 2674 1214 2741 κύτος
1237 2680 1330 2732 καὶ
1355 2681 1553 2747 πλάτος
1571 2683 1773 2738 θαλάσ-

200 2779 300 2834 σης
323 2761 393 2815 τὰ
427 2761 603 2834 πλήθη
633 2763 742 2816 τῶν
771 2762 959 2831 ἐθνῶν,
991 2763 1065 2836 μὴ
1102 2771 1460 2841 συγχωρήσας
1487 2773 1625 2827 αὐτὰ
1651 2775 1777 2846 ἠρε-

199 2856 318 2924 μεῖν
353 2855 414 2906 ὲν
441 2857 560 2918 ταῖς
594 2855 850 2926 ἀρχαίαις
891 2856 1127 2922 ἀπάταις
1149 2875 1163 2889 ο
1201 2863 1508 2932 κεκινηκὼς
1539 2864 1596 2917 δὲ
1643 2866 1778 2935 μᾶλ-

197 2942 286 2996 λον
318 2945 400 3008 εἰς
425 2943 718 3012 ἐπίγνωσιν
753 2945 854 3017 τῆς
898 2946 1090 3000 ἑαυτοῦ
1137 2947 1438 3020 δυνάμεως,
1467 2954 1560 3007 καὶ
1587 2953 1776 3028 ῶσπερ

195 3035 348 3099 τινας
377 3036 543 3108 ἧχους
572 3035 850 3108 κυμάτων,
884 3037 1256 3104 ἀνασαλεύσας
1287 3042 1541 3098 ἁπάντων
1560 3046 1658 3110 τὰς
1688 3048 1774 3100 ἐπ’

197 3129 350 3202 αύτῷ
397 3128 723 3199 δοξολογίας.
761 3131 830 3184 Ἤ
863 3128 1138 3185 θάλασσαν
1185 3133 1420 3189 ἐνταῦθα
1467 3137 1528 3191 τὸ
1575 3139 1775 3211 πλῆθος

195 3221 304 3275 τῶν
345 3219 676 3292 ἀκαθάρτων
699 3222 1026 3294 πνευμάτων
1059 3226 1244 3296 φησιν,
1284 3226 1313 3279 ὃ
1345 3230 1775 3301 συνταράσσεται

195 3317 260 3386 τῇ
291 3311 391 3367 τοῦ
413 3313 648 3384 Χριστοῦ
677 3315 967 3388 παρουσίᾳ.
993 3317 1086 3370 Διὸ
1108 3320 1200 3372 καὶ
1218 3319 1382 3389 φοσού
1391 3338 1541 3393 μενοι
1567 3323 1772 3394 ἔλεγονο

1949 2603 2226 2658 Athanasii
2261 2617 2314 2660 ei
2340 2607 2554 2676 Cyrilli.
2586 2606 2710 2663 llaec
2733 2619 2912 2666 autem
2942 2612 3022 2669 sic
3049 2615 3444 2690 intelliguntur,

1877 2689 2157 2749 Christum
2204 2711 2324 2752 esse
2370 2701 2464 2770 qui
2522 2703 2810 2757 conturbat
2863 2689 3262 2765 multitudinem
3317 2728 3451 2784 gen-

1880 2785 2014 2840 tium
2049 2787 2220 2842 instar
2254 2791 2418 2844 maris
2446 2791 2699 2860 profundi
2731 2809 2796 2848 ac
2841 2795 3118 2865 latissimi,
3166 2803 3293 2857 dum
3341 2820 3447 2860 non

1880 2877 2010 2932 sinit
2039 2893 2134 2935 eas
2174 2883 2566 2951 conquiescere
2618 2885 2670 2938 in
2705 2885 2943 2956 antiquis
2987 2892 3303 2949 erroribus:
3354 2897 3448 2951 sed

1879 2969 2061 3038 potius
2093 2983 2398 3029 commovet
2425 2983 2480 3030 et
2527 2977 2772 3046 perducit
2818 2979 2880 3033 ad
2936 2983 3298 3053 cognitionem
3337 3003 3450 3043 sua

1879 3060 2152 3126 potentiae,
2184 3077 2248 3116 ac
2280 3078 2472 3118 omnes
2522 3064 2588 3119 ad
2633 3067 2716 3121 sui
2748 3066 2964 3124 laudem
2998 3073 3154 3141 quasi
3201 3073 3450 3134 fremitus

1877 3142 2140 3202 ﬂuctuum
2167 3149 2384 3206 excitat.
2422 3149 2516 3206 Vel
2544 3154 2780 3224 appellat
2829 3156 2919 3213 hic
2967 3175 3138 3228 mare,
3181 3164 3449 3235 ingentem

1877 3235 2028 3292 illam
2062 3240 2465 3298 multitudinem
2494 3244 2782 3314 spirituum
2810 3248 3167 3318 impnrorum,
3203 3258 3293 3325 qui
3326 3273 3455 3314 con-

1878 3331 2170 3388 turbantur
2196 3333 2400 3391 Christi
2445 3336 2699 3392 adventu.
2751 3337 2905 3396 Unde
2933 3343 3097 3397 etiam
3149 3357 3452 3406 metuentes

193 3400 418 3470 Ἦλθες
435 3397 549 3458 ὧδε
574 3404 689 3473 πρὸ
725 3406 934 3474 καιροῦ
949 3409 1289 3472 βασανίσαι
1319 3413 1496 3484 ἡμᾶς.
1562 3417 1631 3470 Ἦ
1681 3417 1774 3472 es.

1881 3427 2136 3483 dicebant
2167 3445 2180 3481 :
2216 3425 2416 3482 Venisti
2444 3440 2565 3484 ante
2593 3441 2792 3502 tempus
2839 3443 3078 3505 torquere
3112 3453 3204 3491 nos
3229 3438 3294 3494 ".
3355 3439 3450 3498 Vel

195 3497 406 3552 λασσαν
458 3498 555 3569 μὲν
585 3496 650 3550 τὸ
697 3495 897 3568 πλῆθος
953 3499 1110 3552 καλεῖ
1149 3501 1258 3555 τῶν
1296 3506 1570 3575 τυράννων
1598 3507 1685 3561 διὰ
1717 3508 1776 3562 τὸ

197 3586 445 3658 ἁλμυρὸν
469 3587 568 3658 τῆς
591 3585 1034 3661 εἰδωλολατρείας
1054 3589 1255 3654 αὐτῶν,
1286 3593 1450 3663 ἤχους
1496 3596 1552 3648 δὲ
1597 3599 1776 3668 κυμά-

195 3694 305 3733 των
329 3677 434 3742 τὰς
465 3679 606 3732 κατὰ
632 3678 740 3732 τῶν
771 3678 1064 3752 μαρτύρων
1117 3681 1409 3748 ἐπιϐουλάς
1467 3686 1559 3739 καὶ
1610 3686 1777 3756 βασά-

195 3784 344 3834 νους.
379 3771 480 3833 Ἀς
505 3769 589 3833 τίς
611 3769 933 3839 ὑπέμεινεν,
962 3772 1011 3825 sl
1054 3771 1130 3846 μὴ
1165 3775 1229 3846 τῇ
1277 3774 1502 3848 δυνάμει
1535 3777 1772 3852 Χριστοῦ

196 3859 593 3932 ινεδυναμοῦτο
621 3861 716 3915 καὶ
745 3858 1063 3932 ἐστηρίζετο
1085 3880 1102 3932 ;

1878 3526 2024 3575 certe
2052 3533 2200 3572 mare
2229 3519 2450 3588 quidem
2480 3522 2613 3578 dicit
2645 3525 3048 3580 multitudinem
3074 3538 3452 3600 tyrannorum,

1876 3616 2099 3679 prapter
2114 3608 2440 3664 salsedinem
2469 3612 2582 3666 sive
2599 3615 2946 3672 acerbitatem
2967 3618 3285 3678 idololatria:
3309 3623 3454 3695 ipso-

1881 3715 2000 3755 rum
2035 3717 2050 3766 ;
2082 3699 2331 3757 fremitus
2356 3717 2484 3758 vero
2520 3702 2808 3770 ﬂuctuum,
2844 3707 3070 3766 insidias
3105 3723 3159 3768 et
3184 3724 3452 3772 tormenta

1877 3791 2082 3848 sanctis
2115 3793 2440 3864 martyribus
2486 3797 2555 3850 ab
2587 3797 2719 3866 ipsis
2753 3797 2975 3858 inﬂicta.
3012 3802 3143 3869 Quae
3169 3807 3293 3875 quis
3331 3823 3455 3863 sus-

1889 3882 2130 3948 tinuerit,
2166 3884 2271 3939 nisi
2315 3885 2410 3955 qui
2459 3887 2697 3957 potentia
2723 3888 2927 3948 Christi
2970 3895 3256 3952 roboratus
3289 3906 3454 3955 atoue

1890 3977 2141 4035 suﬂ'ultus
2168 3976 2371 4034 fuerit?

835 4101 906 4158 Et
938 4103 1110 4160 adhuc
1138 4104 1193 4160 in
1222 4121 1427 4162 uersum
1454 4119 1748 4180 sequentem
1790 4110 2099 4168 Theodoreti
2125 4113 2471 4184 explicationi
2503 4116 2773 4189 subjungit
2800 4137 2818 4172 :

273 4213 652 4271 Ἄθαναονίου.
705 4217 1065 4289 Παρεδήλωσε
1103 4218 1161 4273 si
1213 4219 1308 4273 καὶ
1354 4218 1416 4276 τὸ
1468 4220 1576 4275 τῶν
1607 4221 1777 4289 ἁγίων

193 4306 516 4362 ἀποστόλων
544 4311 804 4382 κήρυγμα
826 4326 840 4341 ⁸
868 4312 1004 4385 ὅπερ
1025 4311 1116 4367 διὰ
1143 4312 1203 4367 τὸ
1247 4312 1413 4384 ἄηθες
1445 4315 1538 4369 καὶ
1583 4315 1674 4370 διὰ
1715 4317 1777 4372 τὸ

194 4395 568 4452 καταλύεσθαι
589 4397 651 4452 τὸ
683 4399 934 4472 πατρῷον
958 4400 1066 4454 τῶν
1098 4400 1267 4456 ἐθνῶν
1295 4401 1482 4467 σέὸας,
1524 4405 1619 4458 καὶ
1673 4407 1773 4478 τὴν

192 4493 479 4548 πολιτείαν
511 4492 689 4548 αὐτῶν
725 4491 1069 4564 ἀμείϐεσθαι,
1096 4494 1340 4566 ταραχὴν
1370 4495 1531 4559 εὐθὺς
1563 4498 1657 4551 καὶ
1680 4500 1776 4562 ζά-

1947 4226 2245 4283 Athanasii.
2282 4227 2622 4300 Signiﬁcavit
2649 4248 2778 4288 vero
2810 4233 2971 4290 simul
3023 4236 3186 4291 etiam
3218 4245 3442 4294 sancto-

1877 4332 1998 4373 rum
2041 4321 2412 4390 apostolorum
2457 4325 2922 4393 praedicationem,
2968 4343 3090 4398 qua:
3137 4338 3251 4384 tum
3299 4331 3448 4402 quod

1879 4408 2198 4465 inconsueta
2228 4420 2393 4478 esset,
2428 4421 2538 4467 tum
2582 4416 2743 4469 etiam
2781 4417 2926 4486 quod
2958 4418 3311 4475 demoliretur
3333 4420 3449 4476 avi-

1877 4511 1994 4558 tum
2044 4505 2324 4575 gentilium
2387 4505 2618 4571 cultum,
2670 4507 2944 4580 vitamque
2999 4525 3187 4566 eorum
3218 4527 3281 4568 ac
3314 4527 3448 4567 con-

191 4586 291 4659 λην
335 4589 459 4649 τοῖς
513 4585 820 4658 ἀνθρώποις
872 4587 1090 4660 ἐκίνησε
1123 4589 1263 4643 κατὰ
1315 4589 1412 4662 τὴν
1439 4589 1531 4645 τοῦ
1564 4592 1769 4663 Κυρίου

1875 4597 2234 4652 versationem
2313 4598 2644 4669 corrigeret.
2715 4599 2861 4656 illico
2920 4603 3104 4659 turbas
3155 4618 3221 4660 ac
3265 4612 3448 4660 motus

191 4678 406 4750 φωνὴν,
442 4675 673 4747 χωρίξον
701 4677 918 4751 νύμφην
942 4679 1005 4732 ὲκ
1033 4677 1318 4752 πενθερᾶς,
1343 4681 1437 4734 καὶ
1465 4680 1678 4752 πατέρα
1710 4679 1771 4746 ἐξ

1877 4685 2024 4740 dedit
2050 4685 2193 4741 inter
2238 4686 2508 4754 homines,
2558 4703 2624 4744 ac
2674 4691 2970 4746 secundum
3026 4692 3174 4748 illam
3227 4692 3445 4749 Domini

192 4768 331 4822 υἱοῦ.
361 4767 526 4823 Μετὰ
543 4767 599 4822 δὲ
617 4768 716 4840 τὴν
749 4768 917 4839 ζάλην
939 4771 1272 4838 κατέπαυσε,
1302 4774 1396 4827 καὶ
1427 4774 1526 4845 τὴν
1550 4775 1774 4846 εἰρήνην

191 4860 400 4914 ἅπασιν
434 4858 856 4931 ἐπρυτάνευσεν.
883 4862 1010 4916 Ὅτε
1033 4856 1145 4926 οὖν,
1173 4863 1326 4935 φησὶ,
1349 4863 1419 4918 τὰ
1447 4862 1573 4935 ἔθνη
1609 4880 1775 4936 ταρα-

192 4950 514 5024 χθήσονται,
566 4951 812 5006 τουτέστι
866 4952 975 5007 τῶν
1018 4953 1283 5025 δαιμόνων
1334 4955 1402 5010 τὰ
1431 4957 1771 5028 συστήματα,

189 5042 311 5098 τότε
355 5043 424 5114 δὴ
459 5043 582 5096 τότε
633 5046 726 5098 καὶ
750 5047 797 5099 oi
831 5047 888 5100 ἐν
916 5047 1030 5108 τοῖς
1080 5045 1280 5119 πέρασι
1319 5048 1419 5118 τῆς
1450 5047 1774 5119 οἰκουμένης

192 5135 474 5208 ἂνθρωποι
507 5134 903 5208 φοϐηθήσονταί
929 5154 1008 5203 σε,
1051 5138 1120 5193 τὰ
1159 5137 1371 5208 μεγάλα
1413 5141 1612 5210 σημεῖα
1640 5139 1772 5194 θεω-

195 5228 489 5304 ρήσαντες,
516 5227 585 5282 τὰ
617 5227 711 5282 ἐπὶ
736 5231 801 5302 τῇ
838 5233 903 5302 σῇ
932 5231 1205 5305 παρουσίᾳ
1232 5230 1590 5302 γεγενημένα.

1877 4791 2094 4841 vocem,
2121 4793 2318 4834 nurum
2349 4795 2379 4834 a
2429 4794 2613 4844 socru,
2648 4792 2703 4836 et
2737 4783 2906 4836 lilium
2939 4798 2968 4837 a
3010 4792 3162 4853 patre
3195 4799 3448 4856 segrega-

1877 4866 1972 4922 bat
1995 4866 2062 4925 “.
2098 4866 2422 4939 Quanquam
2448 4880 2574 4940 post
2598 4872 2760 4926 etiam
2791 4881 2970 4928 motus
3001 4873 3121 4930 illos
3151 4875 3442 4939 sedaverit,

1876 4967 1931 5013 et
1959 4973 2146 5028 pacem
2175 4960 2391 5016 cunctis
2421 4961 2734 5018 reddiderit.
2767 4963 2992 5030 Quando
3026 4966 3209 5036 igitur,
3241 4966 3437 5036 inquit,

1878 5059 2088 5122 gentes,
2139 5051 2244 5106 hoc
2280 5061 2365 5106 est
2387 5052 2693 5109 daemonum
2738 5057 2990 5112 examina
3020 5056 3445 5112 commovebun-

1879 5148 1987 5205 tur,
2031 5149 2161 5196 tunc
2197 5151 2248 5196 te
2291 5151 2531 5198 metuent
2578 5144 2826 5202 homines
2875 5147 2928 5200 in
2973 5146 3232 5201 extremis
3284 5153 3446 5202 terra:

1881 5232 2086 5286 linibus
2115 5232 2419 5295 constituti,
2456 5234 2717 5290 miracula
2752 5237 2990 5308 ingentia
3024 5236 3444 5309 conspicientes,

1880 5337 2002 5393 qua:
2029 5323 2133 5378 sub
2162 5323 2455 5380 adventum
2491 5333 2640 5380 tuum
2679 5328 2926 5383 edentur.

1472 5459 1609 5516 Item
1638 5461 1691 5516 in
1721 5471 2017 5533 sequentem
2049 5478 2096 5515 υ.
2128 5461 2182 5516 9.

273 5554 654 5618 Ἀθανασιου,
689 5554 983 5609 Εὑσεόίου
1022 5556 1120 5610 καὶ
1151 5556 1474 5628 Κυρίλλου.
1511 5558 1619 5612 Καὶ
1652 5557 1779 5629 μέν·

184 5659 266 5701 τοι
297 5645 431 5699 ὅταν
447 5644 519 5699 τὰ
543 5643 756 5715 μεγάλα
784 5651 982 5718 σημεῖα
1007 5645 1380 5720 θεωρήσαντες
1403 5649 1451 5701 οἱ
1476 5650 1575 5721 τὴν
1592 5650 1773 5702 οἰκου-

1958 5556 2259 5624 Athanasii,
2307 5556 2521 5613 Eusebii
2569 5568 2619 5613 et
2669 5557 2881 5630 Cyrilli.
2939 5557 3005 5614 Et
3048 5558 3267 5629 quidem
3322 5577 3448 5619 cum

1886 5648 2119 5709 viderint
2143 5664 2339 5722 magna
2379 5650 2468 5707 illa
2492 5650 2643 5722 signa
2675 5651 2769 5722 qui
2817 5649 3003 5707 orbem
3052 5659 3329 5707 terrarum
3361 5651 3449 5712 in-

258 5775 348 5830 ⁸³1
374 5776 504 5837 Cor.
538 5779 728 5851 "1,16.
803 5781 848 5816 ”
872 5780 1062 5840 Matth.
1105 5797 1220 5847 vni,
1254 5780 1343 5837 2|.
1422 5782 1465 5815 ⁸⁸
1489 5780 1678 5841 Matth.
1704 5799 1760 5856 ι,
1790 5782 1876 5842 55.
