4126 6496
720 432 824 489 579

1556 426 1610 481 S.
1640 426 2007 481 ATIIANASH
2046 426 2194 483 OPP.
2236 425 2416 481 PARS
2456 422 2546 480 Ill.
2586 451 2654 462 --
2694 420 3100 477 EXEGETICA.

3839 412 3940 465 580

723 550 926 615 colunt,
960 563 1020 602 ac
1050 550 1330 601 timuerint
1369 548 1470 601 sibi
1500 547 1693 600 timore
1720 547 1880 611 bono,
1912 558 2038 599 tunc
2088 546 2275 615 utique

2385 544 2543 613 μένην
2600 540 2870 603 οἰκοῦντες
2902 538 3176 609 φοϐηθῶσι
3226 538 3316 589 τὸν
3368 534 3568 600 ἀγαθὸν
3601 532 3787 602 φόϐον,
3822 530 3940 583 τότε

723 652 833 693 tam
887 638 1168 693 matutinis
1211 651 1371 705 quam
1427 635 1745 705 vespertinis
1777 635 2084 702 egressibus
2133 635 2277 703 (hoc

722 742 822 793 cst,
856 731 1004 785 omni
1036 729 1317 798 tempore)
1368 729 1610 782 laetantes
1650 727 2057 780 oblcctabuntur
2111 728 2161 779 in
2211 727 2277 781 iis

721 837 841 891 qua:
871 821 1074 874 Christi
1107 818 1367 872 adventus
1406 816 1689 886 reparavit.
1717 815 1884 869 Porro
1922 817 2090 885 ipsius
2116 817 2276 871 etiam

720 912 923 967 Christi
974 910 1083 964 duo
1123 920 1248 965 sunt
1296 924 1569 979 egressus,
1618 916 1712 961 aut
1756 924 2111 977 progressus:
2148 910 2279 963 alter

720 1004 939 1075 quidem
974 1017 1153 1067 mane,
1184 1004 1284 1055 hoc
1311 1010 1394 1054 est
1443 1010 1566 1054 ante
1595 1014 1807 1054 omnem
1837 1000 2185 1053 aeternitatem
2213 1016 2279 1055 ex

720 1094 881 1148 Patre
920 1092 1116 1156 factus,
1161 1091 1457 1146 secundum
1509 1088 1681 1144 illud:
1732 1087 2065 1158 Egressiones
2096 1093 2209 1158 ejus
2248 1107 2281 1142 a

720 1185 978 1255 principio
1023 1202 1055 1236 a
1100 1185 1279 1237 diebus
1316 1183 1519 1236 wlernis
1544 1182 1586 1213 δ’
1626 1200 1640 1249 ;
1686 1179 1820 1235 alter
1870 1196 1997 1233 vero
2037 1182 2278 1250 vesperi,

721 1278 812 1331 ille
838 1278 1100 1331 nimirum
1151 1293 1217 1329 ex
1263 1275 1488 1343 virgine,
1522 1274 1616 1344 qui
1649 1274 1875 1343 contigit
1926 1272 1979 1325 in
2024 1288 2280 1327 consum-

720 1370 962 1424 matione
1020 1368 1365 1422 saeculorum.
1417 1365 1655 1436 Uterque
1701 1375 1881 1419 autem
1941 1365 2282 1419 delectationi

718 1474 803 1516 est
825 1470 878 1515 et
908 1461 1123 1531 gaudio.
1160 1458 1518 1529 Symmachus
1545 1457 1761 1526 quidem
1807 1456 2053 1518 reddens,
2096 1458 2281 1509 Acces-

718 1554 893 1607 siones
944 1552 1199 1605 matutini
1245 1560 1292 1604 et
1328 1566 1549 1620 vesperte
1599 1549 1843 1603 laudibus
1891 1550 2130 1617 efferunt,
2182 1550 2283 1603 hoc

719 1644 901 1699 dicere
949 1644 1182 1705 videtur,
1212 1644 1356 1712 quod
1396 1652 1449 1696 et
1480 1642 1757 1695 exoriente
1809 1650 1861 1695 et
1893 1642 2168 1695 desinente
2197 1641 2284 1695 die

719 1744 996 1805 acceptam
1030 1734 1137 1789 Deo
1172 1733 1397 1789 offerent
1428 1733 1639 1786 laudem
1682 1732 1739 1797 ii,
1775 1732 1868 1801 qui
1914 1747 2097 1785 errore
2127 1732 2283 1785 dere-

720 1824 870 1892 licto,
904 1838 1096 1882 natura
1128 1826 1297 1881 Deum
1332 1834 1720 1895 cognoverunt.

2377 637 2441 707 δὴ
2476 638 2565 689 καὶ
2591 638 2669 699 εἰς
2717 637 2813 698 τάς
2840 635 3049 705 πρωῖας
3079 632 3169 685 καὶ
3198 632 3277 692 είς
3302 628 3395 691 τὰς
3429 627 3668 695 ἑσπέρας
3707 623 3940 689 ἐξόδους,

2378 729 2651 781 τουτέστιν
2681 729 2738 780 ἐν
2777 727 2938 779 παντὶ
2958 724 3154 795 καιρῷ,
3184 722 3373 793 τέρψις
3401 721 3549 772 ἔσται
3574 720 3753 779 αὐτοῖς
3776 715 3943 783 ἀγαλ-

2378 820 2677 890 λιωμένοις,
2709 820 2791 888 ἐφ’
2830 812 2910 881 οἷς
2936 815 3298 887 κατώρθωσεν
3330 814 3362 882 ἡ
3387 809 3619 881 Χριστοῦ
3650 808 3941 879 παρουσία.

2378 914 2488 965 Καὶ
2514 913 2675 965 αὑτοῦ
2697 912 2753 965 δὲ
2792 910 2883 963 τοῦ
2912 908 3144 981 Χριστοῦ
3175 907 3267 960 δύο
3284 905 3472 971 ἔξοδοι,
3505 905 3669 972 ῆγουν
3700 898 3941 966 πρόοδοισ

2379 1006 2413 1076 ὴ
2444 1006 2539 1076 μὲν
2578 1004 2786 1076 πρώτας
2810 1042 2826 1069 ,
2872 1002 2976 1073 πρὸ
3008 1003 3221 1054 πάντων
3258 998 3365 1050 τῶν
3394 996 3601 1049 αἰώνων
3636 996 3699 1047 ὲκ
3727 990 3944 1060 Harpe;

2380 1095 2660 1166 γενομένη,
2683 1094 2823 1147 κατά
2851 1093 2911 1145 τό
2935 1111 2949 1123 ο
2985 1094 3052 1144 Al
3079 1089 3274 1153 ἔξοδοι
3306 1084 3491 1141 αὐτοῦ
3516 1086 3614 1138 ἀπ’
3652 1080 3847 1151 ἀρχῆς
3879 1079 3944 1141 ἐξ

2381 1186 2612 1257 ἡμερῶν
2638 1185 2879 1251 αἰῶνος·
2917 1186 2949 1254 ἡ
2974 1184 3029 1236 δὲ
3054 1182 3314 1252 ἑσπέρας,
3342 1182 3374 1249 ὴ
3400 1180 3464 1231 ὲκ
3502 1175 3794 1247 παρθένου,
3828 1173 3946 1241 ῆτις

2382 1284 2473 1335 ἐπὶ
2500 1281 2776 1351 συντελείᾳ
2822 1280 2929 1332 τῶν
2959 1277 3169 1331 αἰώνων
3208 1276 3535 1345 ἀπήντησεν.
3593 1268 3860 1335 Ἐκατέρα
3892 1264 3948 1318 δὲ

2382 1372 2570 1443 τέρψις
2616 1372 2732 1423 ἐστὶ
2787 1370 2879 1423 καὶ
2938 1368 3271 1437 ἀγαλλίασις.
3326 1366 3385 1418 '0
3438 1363 3621 1433 μέντοι
3654 1359 3948 1429 Σύμμαχος

2382 1461 2569 1526 εἰπὼν,
2620 1462 2728 1527 Τὰς
2783 1464 3210 1530 προσελεύσεις
3266 1459 3370 1513 τοῦ
3423 1457 3635 1523 ὄρθρου
3687 1451 3785 1504 καί
3840 1447 3949 1515 τῆς

2383 1553 2643 1622 ἑσπέρας
2668 1554 3091 1623 ὑμνολογυῦσι,
3130 1554 3287 1607 τοῦτο
3312 1553 3459 1605 δοκεῖ
3493 1549 3694 1615 λέγειν.
3736 1548 3819 1598 ὅτι
3858 1544 3947 1595 καὶ

2384 1642 2688 1713 ἀρχομένης
2720 1644 2811 1696 καὶ
2832 1642 3101 1713 ληγούσης
3120 1642 3332 1713 ἡμέρας
3357 1640 3452 1709 τὴν
3475 1634 3710 1708 ἀρεστὴν
3733 1634 3809 1702 τῷ
3831 1632 3949 1701 Θεῷ

2388 1735 2761 1803 προσοίσουσιν
2792 1735 3058 1805 ὑμνῳδίαν
3077 1736 3124 1786 οί
3153 1734 3249 1805 τὴν
3298 1733 3501 1803 πλάνην
3536 1725 3925 1784 καταλιπόντες

2385 1822 2473 1875 τὸν
2504 1822 2558 1875 δὲ
2592 1824 2748 1892 φύσει
2795 1826 3011 1893 γνόντες
3043 1825 3191 1878 Θεὸν.

1065 1940 1135 1992 Et
1172 1941 1225 1993 in
1252 1956 1452 1994 versum
1484 1938 1653 1992 adhuc
1682 1947 1993 2007 sequentem,
2024 1936 2245 1990 litterati
2270 1937 2589 2005 expositione
2617 1954 2681 1992 ea:
2718 1937 3035 1992 Tlteodoreto
3058 1940 3394 2005 prwcedente,
3424 1954 3465 1989 υ.
3505 1937 3569 1989 10
3598 1953 3610 1987 :

794 2055 1135 2108 Athanasius.
1187 2054 1494 2109 Secundum
1531 2053 1860 2108 intellectum
1902 2064 2123 2108 autem:
2176 2053 2281 2107 Ex-
2314 2066 2355 2120 Β

722 2146 1002 2210 saturasti,
1035 2148 1228 2217 inquit,
1272 2156 1469 2201 terram
1499 2148 1807 2201 universam
1850 2146 2006 2201 bonis
2052 2147 2157 2199 tuis
2189 2146 2281 2199 de-

719 2254 962 2303 sursum,
992 2239 1281 2308 implevisti
1311 2239 1497 2308 gratiis
1540 2239 1909 2307 spiritualibus
1950 2253 2138 2293 omnes
2188 2238 2281 2307 qui

719 2330 825 2386 sub
866 2331 1004 2385 caelo
1036 2331 1278 2399 degunt;
1329 2344 1429 2383 nos
1482 2345 1607 2384 vero
1664 2340 1790 2384 tunc
1827 2330 2184 2392 errabundos,
2220 2344 2285 2383 ac

721 2424 895 2479 instar
921 2433 1076 2478 terra:
1105 2423 1268 2477 arida:
1297 2432 1351 2477 et
1371 2424 1647 2492 inaquosze
1684 2423 2030 2484 constitutos,
2062 2421 2282 2487 fertiles,

719 2516 833 2570 toto
864 2512 1281 2571 fecundissimos
1305 2530 1370 2570 ac
1410 2530 1534 2570 vere
1561 2528 1750 2569 sacros
1776 2512 2078 2568 reddidisti.

2466 2054 2823 2121 Ἀθανάσιος.
2884 2054 3026 2126 Πρὸς
3078 2055 3133 2108 δὲ
3177 2054 3443 2107 διάνοιαν
3514 2054 3898 2123 Κατεκόρεσας
3928 2078 3947 2107 ι

2390 2148 2542 2218 φησὶ,
2577 2147 2681 2200 τῶν
2709 2147 2910 2201 ἄνωθεν
2936 2146 3153 2216 ἀγαθῶν
3194 2149 3290 2218 τὴν
3342 2151 3631 2216 σύμπασαν
3682 2145 3819 2214 γῆν·
3857 2159 3946 2194 πε-

2388 2241 2682 2311 πλήρωκας
2711 2240 2818 2293 τῶν
2843 2240 3222 2310 πνευματικῶν
3255 2240 3609 2310 χαρισμάτων
3640 2240 3766 2297 τοὺς
3811 2236 3946 2289 κατά

2390 2334 2568 2385 πᾶσαν
2598 2332 2757 2394 ὄντας
2804 2331 2901 2401 τὴν
2934 2332 3024 2384 ὑπ’
3055 2333 3278 2402 οὐρανόν
3300 2350 3313 2363 ·
3344 2333 3491 2401 ἡμᾶς
3546 2331 3602 2383 δὲ
3661 2332 3787 2392 τοῦς
3831 2326 3945 2380 τότε

2388 2422 2789 2491 πλανωμένους,
2818 2422 2918 2491 γῆν
2942 2422 3127 2492 ῶσπερ
3150 2421 3270 2474 τινὰ
3298 2421 3465 2491 ξηρὰν
3498 2421 3654 2482 δντας
3716 2422 3813 2471 καὶ
3856 2420 3944 2472 ἄν·

2377 2514 2563 2585 ⁸υδρον,
2594 2514 2935 2585 καρποφόρον
2962 2513 3235 2580 ἁνέδειξας
3254 2554 3267 2577 ,
3304 2514 3394 2567 καὶ
3417 2514 3816 2584 γονιμωτάτην,
3857 2510 3947 2564 καὶ

2380 2606 2539 2676 νίεράν
2569 2606 2800 2678 ἀληθῶς.

1730 2714 1758 2767 1
1766 2716 1922 2768 tidem
1953 2725 2001 2768 et
2027 2715 2081 2769 in
2120 2732 2317 2770 versum
2343 2721 2577 2787 proxime
2604 2731 2913 2789 sequentem.

776 2825 1136 2880 Athanasius.
1176 2822 1479 2881 Secundum
1529 2836 1707 2881 autem
1748 2828 2149 2898 intelligentiam
2182 2828 2281 2882 ﬂu-

2465 2831 2824 2895 ’A0ard0’toc.
2865 2830 3006 2903 Πρὸς
3051 2829 3107 2882 δὲ
3149 2828 3273 2882 νοῦν
3317 2828 3560 2899 ποταμὸς
3606 2827 3741 2881 Θεοῦ
3778 2830 3806 2881 ὁ
3838 2831 3947 2883 Mo-

717 2916 849 2973 vius
901 2916 992 2971 Dei
1049 2926 1130 2971 est
1179 2918 1484 2985 unigenitus
1536 2918 1654 2987 ejus
1682 2916 1869 2972 Filius.
1919 2918 2283 2983 Quemadmo-

2385 2922 2624 2991 νογενής.
2668 2920 2753 2984 Ὣς
2775 2920 2879 2991 γὰρ
2898 2920 3003 2973 ἀπὸ
3027 2918 3205 2991 πηγῆς
3234 2918 3447 2989 ἔρχεται
3494 2920 3755 2989 ποταμὸς,
3812 2918 3949 2974 οὕτω

721 3010 851 3065 dum
896 3008 1041 3063 enim
1086 3024 1149 3063 ex
1186 3006 1335 3061 fonte
1368 3008 1587 3077 proﬂuit
1631 3012 1865 3077 ﬂuvius,
1908 3012 1979 3066 ita
2022 3014 2181 3067 etiam
2218 3030 2284 3069 ex

2388 3014 2481 3069 καὶ
2506 3013 2665 3076 αὑτὸς
2688 3016 2751 3066 ὲκ
2780 3013 2877 3083 τῆς
2896 3012 2989 3065 τοῦ
3021 3011 3268 3073 τεκόντος
3291 3010 3497 3073 οὐσίας,
3527 3012 3620 3063 καὶ
3645 3010 3795 3064 ἔστιν
3820 3014 3948 3082 ὁμο·-

721 3101 1026 3157 substantia
1076 3101 1382 3167 generantia
1431 3102 1670 3156 nascitur
1704 3102 1895 3168 Filius,
1946 3114 1999 3160 et
2049 3114 2133 3160 est
2183 3106 2284 3176 ipsi

2388 3102 2567 3165 ούσιος
2600 3102 2773 3170 αὐτῷ·
2800 3101 2857 3163 ὂς
2896 3101 3104 3170 πλήρης
3132 3101 3337 3153 ὑδάτων
3366 3100 3512 3153 ἐστίν
3533 3116 3545 3128 ·
3580 3101 3702 3153 ἐπεὶ
3729 3101 3790 3154 τὸ
3815 3102 3947 3173 πλη-

722 3192 1226 3248 consubstantialis.
1264 3190 1359 3247 Est
1383 3193 1544 3249 etiam
1578 3195 1768 3266 plenus
1794 3198 1971 3266 aquis,
2012 3198 2137 3267 quia
2172 3199 2283 3267 ple-

720 3283 912 3339 nitudo
948 3284 1161 3339 deitatis
1193 3284 1400 3338 habitat
1426 3286 1479 3338 in
1510 3287 1627 3355 ipso
1654 3305 1666 3340 :
1700 3285 1767 3338 Et
1800 3288 2023 3340 vidimus
2064 3289 2286 3357 gloriam

716 3376 853 3445 ejus,
872 3376 962 3445 qui
993 3376 1175 3444 plenus
1205 3385 1317 3427 erat
1358 3376 1533 3445 gratia
1561 3385 1609 3428 et
1634 3377 1846 3429 veritate
1866 3377 1932 3431 ".
1966 3375 2285 3449 Quanquam

721 3468 883 3522 etiam
911 3482 1007 3536 per
1036 3465 1257 3519 ﬂuvium
1294 3466 1466 3535 possit
1495 3467 1719 3537 intelligi
1752 3468 1866 3538 ipse
1896 3466 2129 3539 Spiritus
2157 3486 2286 3525 san-

722 3566 867 3616 ctus,
903 3558 996 3627 qui
1050 3558 1241 3628 plenus
1278 3568 1361 3612 est
1402 3560 1580 3629 aquis,
1636 3562 1740 3616 hoc
1776 3571 1862 3615 est
1906 3562 2069 3616 variis
2105 3564 2288 3633 gratia:

722 3648 903 3704 donis.
936 3648 1280 3719 Praeparatus
1308 3660 1487 3704 autem
1532 3666 1656 3706 esse
1702 3653 1898 3705 dicitur
1943 3653 2094 3707 cibus
2130 3654 2287 3717 spiri-

722 3740 908 3803 tualis,
943 3753 1009 3792 eo
1053 3739 1197 3808 quod
1232 3748 1355 3792 ante
1381 3739 1529 3808 jacta
1564 3740 1747 3793 mundi
1799 3739 2167 3805 fundamenta,
2191 3742 2287 3797 de-

723 3830 937 3885 ﬂuitum
974 3845 1038 3884 ac
1070 3829 1345 3884 decretum
1404 3840 1521 3887 erat
1564 3830 1768 3887 Christi
1818 3834 2155 3903 mysterium,
2192 3835 2285 3905 qui

721 3923 873 3989 panis
902 3932 1002 3985 est,
1037 3923 1127 3993 qui
1152 3922 1214 3976 de
1237 3922 1363 3976 caelo
1388 3922 1670 3987 descendit,
1713 3941 1775 3978 ac
1809 3926 1901 3978 dat
1941 3928 2102 3980 vitam
2134 3943 2285 3981 mun-

720 4013 870 4067 do“.
910 4011 1069 4079 Quia,
1117 4013 1312 4082 inquit,
1359 4016 1472 4069 haec
1512 4026 1595 4071 est
1640 4016 1727 4070 illa
1780 4019 2119 4087 praeparatio,
2174 4018 2285 4072 veri

722 4106 870 4160 cibi:
921 4107 1063 4175 quod
1104 4107 1219 4177 ipse
1263 4122 1387 4161 eum
1432 4109 1742 4177 praeparasti
1770 4150 1785 4174 ,
1842 4118 1895 4162 et
1936 4124 2042 4163 non
2087 4110 2281 4165 aliter:

720 4196 879 4269 quasi
918 4198 1141 4263 diceret,
1171 4214 1383 4253 summa
1419 4198 1750 4267 providentia
1800 4214 1863 4254 ac
1911 4197 2071 4269 digne
2123 4199 2285 4267 maie-

723 4298 863 4345 state
913 4290 1111 4344 divina.
1151 4289 1259 4344 Deo
1296 4290 1439 4343 enim
1486 4292 1737 4345 convenit
1785 4292 1909 4346 talia
1958 4306 2281 4361 praeparare,

723 4394 958 4450 quorum
1005 4381 1097 4451 qui
1142 4380 1276 4436 ﬂunt
1325 4382 1631 4452 participes,
1684 4383 1717 4436 ii
1764 4399 1857 4453 per
1914 4385 2280 4453 pmnitentiatu

725 4476 1095 4530 conscendunt
1128 4476 1196 4529 ad
1226 4475 1463 4529 divinam
1497 4476 1885 4547 dignationem.

2388 3206 2549 3261 ρωμα
2582 3190 2677 3258 τῆς
2703 3188 2951 3258 θεότητος
2980 3192 3036 3241 ὲν
3059 3190 3205 3259 αὑτῷ
3247 3193 3508 3243 κατοικεῖ.
3566 3190 3677 3245 Kal
3706 3192 3949 3246 ἐθεασά-

2383 3282 2534 3349 μεθα
2561 3280 2673 3347 τὴν
2705 3279 2889 3344 δόξαν
2910 3280 3094 3333 αὐτοῦ
3118 3294 3131 3309 ⁸
3159 3280 3393 3347 πλήρης
3411 3281 3647 3351 χάριτος
3668 3284 3771 3338 καί
3804 3287 3949 3351 ὀλη-

2388 3370 2569 3437 Betae.
2602 3370 2834 3441 Νοηθείη
2889 3368 2933 3421 δ’
2961 3368 3026 3422 ἂν
3074 3369 3312 3440 ποταμὸς
3361 3373 3454 3425 καὶ
3496 3374 3556 3425 τὸ
3614 3375 3842 3446 Πνεῦμα
3892 3377 3951 3429 τὸ

2388 3464 2560 3530 ἀγιον,
2615 3462 2817 3534 πλῆρες
2862 3461 3065 3515 ὑδάτων
3096 3462 3202 3515 τῶν
3252 3464 3521 3535 διαφόρων
3573 3470 3947 3538 χαρισμάτων.

2399 3553 2751 3624 Ἠτοιμάσθαι
2777 3553 2833 3608 δέ
2867 3570 2995 3625 φησι
3024 3556 3121 3625 τὴν
3150 3558 3520 3628 πνευματικὴν
3560 3559 3786 3631 τροφὴν,
3815 3560 3943 3614 διότι

2390 3646 2494 3717 πρὸ
2525 3645 2823 3717 καταϐολῆς
2852 3646 3056 3715 κόσμου
3086 3645 3313 3718 ῶρισται
3363 3649 3425 3702 τὸ
3447 3651 3683 3720 Χριστοῦ
3729 3654 3943 3726 μυστή-

2391 3756 2522 3810 ριον,
2554 3739 2611 3803 ὃς
2639 3740 2810 3794 ἐστιν
2841 3741 3019 3811 ἄρτος
3048 3743 3116 3795 ἐκ
3134 3742 3239 3795 τοῦ
3260 3741 3516 3809 οὐρανοῦ
3550 3744 3832 3811 καταϐὰς.
3854 3745 3950 3799 καί

2389 3829 2540 3898 ζωὴν
2558 3830 2760 3897 δτὸοὺς
2794 3832 2873 3897 τῷ
2900 3834 3119 3901 κόσμῳ.
3159 3833 3281 3885 Ὀτι
3304 3831 3493 3897 οὑτως,
3529 3836 3714 3905 φησὶν,
3743 3838 3777 3905 ἡ
3814 3838 3951 3890 ἑτοι-

2389 3922 2559 3991 μασία
2599 3923 2701 3992 τῆς
2744 3923 3000 3996 ἀληθινῆς
3032 3924 3269 3995 τροφῆς,
3300 3924 3375 3989 ώς
3424 3926 3584 3990 αὑτὸς
3630 3928 3950 3998 ἡτοίμασας,

2388 4016 2481 4069 καὶ
2503 4016 2601 4070 οὑκ
2614 4015 2784 4079 ἄλλως
2804 4015 2863 4085 (ι’.
2882 4015 3077 4080 mm
3105 4018 3222 4070 άντῖ⁵
3237 4018 3349 4081 τοῦ,
3370 4019 3847 4090 προνοητικώτατα
3862 4023 3951 4075 καὶ

2387 4104 2720 4177 θεοπρεπῶς.
2744 4106 2863 4177 Θεῷ
2888 4111 2996 4178 γάρ
3022 4107 3217 4178 πρέπει
3244 4108 3465 4161 τοιαῦτα
3491 4108 3803 4179 ἑτοιμάζειν
3827 4153 3842 4173 ,
3874 4106 3945 4165 ῶν

2385 4197 2434 4250 οἳ
2470 4197 2968 4268 μεταλαμϐάνονται
3002 4200 3080 4261 είς
3100 4197 3253 4261 ἀξίαν
3274 4199 3409 4253 Θεοῦ
3423 4200 3509 4253 διά
3538 4202 3634 4273 τῆς
3668 4204 3951 4271 μετανοίας

2386 4286 2781 4343 ἀναϐαίνουσιν.

1251 4588 1433 4641 Adhuc
1461 4589 1514 4641 in
1537 4606 1737 4643 uersum
1771 4602 2083 4657 sequentem,
2112 4598 2384 4661 pramissa
2411 4614 2591 4652 rursus
2626 4597 2933 4655 Theodoreti
2958 4602 3231 4669 sententia,
3260 4621 3307 4659 υ.
3338 4604 3424 4657 Η.

796 4681 1079 4735 Athanasii
1100 4689 1147 4732 et
1173 4678 1403 4734 Eusebii.
1432 4681 1619 4734 Altiori
1652 4698 1776 4736 vero
1794 4686 2279 4753 contemplatione:

2470 4691 2810 4746 Ἀθανασίου
2836 4691 2934 4745 καί
2964 4695 3273 4748 Εὑσεϐίου.
3303 4694 3660 4767 Θεωρητικῶς
3681 4696 3769 4750 δέ·
3812 4697 3951 4751 Ἐπί-

726 4771 938 4827 Morare
968 4772 1167 4835 adhuc,
1212 4772 1405 4841 inquit,
1435 4788 1468 4823 o
1510 4773 1754 4835 Domine,
1805 4789 1867 4827 ac
1908 4775 2019 4843 riga
2058 4777 2281 4845 profun-

722 4863 920 4917 ditates
950 4862 1196 4917 cordium
1239 4862 1599 4917 humanorum
1654 4871 1710 4916 ut
1745 4864 1944 4927 sulcos,
1980 4876 2032 4919 et
2080 4868 2283 4921 inebria

722 4970 817 5009 eas
850 4968 914 5009 ac
948 4955 1111 5009 redde
1152 4954 1376 5018 fertiles,
1416 4964 1471 5009 ut
1502 4956 1922 5025 multiplicemur
1954 4958 2160 5014 fructus
2195 4960 2285 5029 ju-

723 5046 883 5101 stitia
908 5045 1190 5115 ipsorum;
1232 5062 1339 5101 non
1375 5047 1548 5101 solum
1586 5064 1679 5116 per
1730 5048 1951 5103 ﬂuvium
1999 5052 2015 5119 (
2050 5053 2151 5106 hoc
2202 5061 2285 5107 est

723 5151 820 5206 per
846 5137 1069 5206 gratiam
1098 5138 1269 5191 sancti
1302 5136 1579 5209 Spiritus),
1614 5140 1705 5195 sed
1751 5152 1803 5195 et
1842 5158 1937 5212 per
1990 5142 2160 5199 stillas
2194 5158 2282 5198 ro-

726 5235 907 5282 rantes
923 5242 953 5281 a
970 5229 1263 5299 magistris,
1285 5239 1539 5298 tanquam
1570 5246 1635 5285 ex
1665 5232 1897 5288 nubibus
1920 5235 2275 5305 quibusdam:

726 5317 833 5373 hoc
890 5329 973 5373 est
1030 5336 1126 5389 per
1195 5321 1440 5377 notitiam
1487 5332 1541 5377 et
1593 5324 1922 5380 intellectum
1976 5328 2283 5383 divinarum

729 5406 1154 5478 Scripturarum.

2391 4799 2590 4854 μεινον,
2622 4786 2772 4853 φησι,
2801 4783 3060 4849 Δέσποτα,
3096 4784 3164 4838 τά
3188 4784 3323 4855 βάθη
3350 4786 3447 4855 τῆς
3473 4786 3697 4855 καρδίας
3725 4787 3835 4840 τῶν
3861 4788 3948 4842 ἀν-

2388 4873 2618 4944 θρώπιον
2647 4873 2895 4946 καθάπερ
2930 4876 3079 4938 τινάς
3113 4874 3356 4939 αὑλακας
3383 4876 3581 4947 ἄρδων,
3638 4878 3733 4930 καὶ
3785 4878 3945 4949 μεθύ-

2392 4982 2555 5030 σκων,
2584 4968 2679 5019 καὶ
2703 4968 2782 5029 είς
2805 4968 3167 5038 καρπογονίαν
3197 4968 3506 5038 διεγείρωνσ
3540 4967 3681 5022 ὥστε
3719 4971 3945 5041 πληθυν-

2390 5056 2548 5125 θῆναι
2585 5058 2651 5110 τά
2679 5060 2991 5129 γεννήματα
3021 5060 3119 5131 τῆς
3144 5058 3486 5131 δικαιοσύνης
3520 5060 3732 5125 αὑτῶν,
3763 5064 3824 5116 οὑ
3854 5064 3944 5131 μό-

2388 5166 2476 5203 νον
2522 5148 2607 5202 διά
2650 5148 2743 5203 τοῦ
2780 5151 3019 5222 ποταμοῦ
3050 5152 3324 5221 (τουτέστι
3375 5151 3474 5222 τῆς
3511 5151 3605 5206 τοῦ
3637 5152 3946 5223 Πνεῦματος

2384 5242 2646 5313 χάριτος),
2697 5242 2830 5297 ἀλλά
2857 5246 2950 5297 καὶ
2988 5244 3073 5297 διά
3104 5245 3209 5298 τῶν
3239 5245 3551 5317 φερομένων
3572 5244 3845 5314 ψεκάδων,
3880 5244 3946 5305 t'u;

2384 5332 2533 5404 παρά
2556 5351 2714 5386 τινων
2740 5334 2976 5403 νεφελῶν
3022 5336 3129 5387 τῶν
3166 5334 3498 5389 διδασκάλων
3520 5374 3536 5400 ,
3575 5335 3821 5389 τουτέστι
3868 5334 3947 5386 διὰ

2382 5422 2489 5478 τῶν
2514 5426 2795 5496 νοημάτων
2822 5424 2928 5477 τῶν
2956 5425 3112 5479 θείων
3146 5425 3389 5497 Γραφῶν.

1897 5531 1959 5585 Et
1983 5532 2037 5586 in
2069 5536 2303 5605 proxime
2337 5554 2594 5593 annexum
2622 5556 2670 5597 υ.
2706 5538 2785 5594 12.

799 5614 1139 5677 Athanasius.
1194 5621 1348 5689 Quod
1390 5626 1551 5696 igitur
1604 5625 1667 5681 ad
1723 5626 2008 5681 verborum
2060 5642 2280 5683 sensum

724 5709 938 5778 attinet,
986 5728 1185 5771 annum
1223 5718 1565 5787 benignitatis
1598 5720 1939 5775 benedictum
1995 5721 2284 5793 appellavit

796 5822 1021 5880 “Mich.
1062 5844 1111 5892 ν,
1151 5829 1205 5887 2.
1276 5828 1556 5893 "Joan.t,
1600 5834 1679 5887 id.
1756 5834 1799 5867 "
1828 5832 1981 5887 Joan.
2018 5849 2087 5899 νι,
2115 5834 2198 5887 33.

2470 5630 2834 5699 ’Aoara'ovoc.
2889 5633 3045 5688 Κατά
3094 5636 3189 5705 μὲν
3226 5635 3319 5690 οὖν
3372 5637 3432 5691 τὸ
3488 5638 3674 5709 ῥητὸν,
3710 5633 3945 5693 ινιαυτδν

2389 5723 2749 5794 χρηστότητος
2778 5722 3158 5793 εὐλογούμενον
3184 5729 3272 5780 τὸν
3299 5728 3394 5799 τῆς
3442 5729 3697 5801 εὐθηνίας
3738 5728 3945 5802 ὠνόμα-
