4126 6494
207 441 296 496 581
1187 436 1602 492 FRAGMENTA
1643 435 1995 492 COMMENT.
2041 434 2106 489 ιιι
2149 432 2485 490 PSALMOS.

3331 431 3437 484 582

204 574 312 620 ων,
345 559 420 620 ὡς
457 560 523 628 τῇ
554 556 648 610 τοῦ
693 555 826 609 Θεοῦ
865 555 1187 626 χρηστότητι
1222 555 1322 626 τὴν
1358 555 1643 626 εὐετηρίαν
1691 555 1774 608 δε-

1877 570 1996 610 cum
2024 553 2118 623 qui
2150 566 2434 622 prosperos
2472 564 2755 606 successus
2789 549 3002 614 habuit,
3034 560 3093 604 ut
3137 549 3228 619 qui
3260 565 3287 601 a
3344 549 3432 602 Dei

205 647 446 718 χόμενον,
474 648 568 698 καὶ
595 647 838 714 εὐλογίας
871 646 956 698 διὰ
983 646 1079 715 τῆς
1101 646 1349 716 εὐθηνίας
1376 646 1766 718 πληρούμενονο

205 739 340 808 πρὸς
373 737 428 789 δὲ
458 738 605 790 νοῦν.
649 737 929 807 Sequentia
954 737 1144 806 Cyrilli
1168 747 1307 792 sunt.
1344 737 1410 790 Et
1440 739 1598 806 paulo
1632 748 1768 808 post,

208 828 585 896 Θεοδωρήτου
627 829 723 881 καὶ
761 830 1132 883 Ἀθανιισίου.
1165 829 1263 899 Εῖη
1300 829 1343 881 δ’
1378 829 1442 883 ἂν
1470 832 1563 883 καὶ
1594 833 1622 883 ὁ
1644 831 1771 901 μέλ-

209 922 312 975 λων
360 921 494 975 αἰὼν
535 923 793 989 στέφανος
847 923 1231 994 χρηστότητος,
1275 922 1360 976 διὰ
1422 923 1482 976 τὸ
1514 925 1571 978 ἐν
1606 925 1770 998 πολλῇ

209 1015 535 1086 χρηστότητι
561 1016 685 1077 τοὺς
709 1013 891 1084 ἁγίους
921 1015 978 1067 ὲν
997 1014 1144 1085 αὐτῷ
1176 1014 1586 1084 στεφανοῦσθαι.

1872 646 2199 714 benignitate
2227 644 2562 698 commodam
2599 642 2740 697 aeris
2774 644 3082 711 temperiem
3113 642 3338 709 accepit,
3371 655 3436 694 ac

1873 742 2018 794 omni
2037 740 2400 794 benedictione
2412 742 2624 807 propter
2641 750 2946 806 prosperam
2967 751 3142 790 rerum
3159 734 3214 789 f0
3246 745 3434 790 tunam

1873 832 1975 888 fuit
2005 834 2270 903 impletus.
2298 831 2361 884 Et
2383 829 2541 899 paulo
2566 839 2699 898 post,
2729 828 3036 883 Theodoreti
3061 838 3108 882 et
3133 827 3428 880 Athanasii.

1875 924 2060 980 Fuerit
2091 941 2217 981 vero
2256 941 2455 981 corona
2489 925 2829 994 benignitatis
2869 924 3030 978 etiam
3063 921 3300 976 futurum
3333 934 3434 973 saa-

1874 1017 2079 1079 culum,
2118 1031 2182 1070 eo
2211 1016 2355 1086 quod
2385 1016 2438 1070 in
2467 1029 2533 1070 eo
2555 1031 2746 1086 magna
2782 1015 3110 1084 benignitate
3147 1013 3317 1068 sancti
3349 1025 3430 1066 co-

1874 1107 2098 1159 ronandi
2130 1107 2256 1160 sint.

209 1237 340 1292 Item
367 1239 420 1291 in
458 1236 553 1290 illa
578 1253 596 1290 :
628 1258 645 1289 ι
672 1236 733 1291 Et
760 1239 931 1308 campi
955 1240 1034 1291 tui
1055 1240 1448 1308 complebuntur
1475 1240 1804 1310 pinguedine.
1832 1261 1851 1292 θ
1888 1241 2175 1296 Praemisso
2210 1242 2517 1298 Theodoreti
2543 1242 2764 1296 litterali
2791 1240 3138 1309 explicatione
3175 1239 3412 1292 subtexit

289 1354 666 1407 Ἀθανασίου.
714 1353 856 1424 Πρὸς
914 1354 970 1406 δὲ
1019 1353 1142 1407 νοῦν
1201 1354 1404 1417 πεδίοις
1441 1354 1535 1406 καὶ¹
1591 1353 1775 1422 γαίαις

1662 1449 1774 1509 τοῖς

208 1444 530 1514 παρεικάζει
558 1447 656 1509 τὰς
709 1446 816 1498 τῶν
867 1447 1228 1499 πιστευόντων
1276 1446 1470 1516 ψυχάς.
1526 1447 1622 1508 "A;

207 1537 372 1600 θείοις
405 1540 496 1591 καὶ
527 1541 909 1608 πνευματικοῖς
930 1539 1230 1609 χαρίσμασι
1257 1540 1598 1591 καταπιαίνει
1620 1537 1769 1603 Θεὸς,

208 1627 291 1680 ἵνα
310 1629 568 1684 δύνωνται
590 1631 772 1700 φέρειν
800 1632 924 1694 τους
958 1631 1055 1702 τῆς
1092 1630 1370 1694 εὐσεϐείας
1395 1627 1659 1700 καρπούς.

1950 1357 2249 1410 Athanasii.
2279 1354 2449 1411 Sensu
2483 1372 2608 1411 vero
2653 1354 2916 1426 spirituali
2950 1363 3228 1424 comparat
3269 1351 3432 1406 David

1879 1449 2088 1502 animas
2119 1449 2448 1503 credentium
2480 1450 2685 1518 campis
2709 1458 2760 1502 et
2783 1450 2944 1519 agris.
2974 1447 3120 1513 Quas
3153 1445 3293 1500 Deus
3324 1446 3430 1514 spi-

1875 1540 2168 1593 ritualibus
2201 1551 2250 1594 et
2291 1541 2489 1593 divinis
2523 1541 2677 1593 donis
2712 1539 2783 1593 ita
2814 1537 3161 1608 piuguel‘acit,
3201 1546 3261 1591 ut
3306 1551 3432 1606 pro-

1874 1628 2014 1685 ferre
2043 1632 2250 1701 possint
2291 1631 2505 1701 pietatis
2537 1631 2766 1686 fruetus.

1005 1766 1070 1819 Et
1100 1769 1153 1820 in
1175 1765 1324 1820 verba
1348 1781 1367 1819 :
1402 1785 1420 1816 ι
1462 1765 1804 1836 Pinguescent
1835 1770 2067 1836 speciosa
2095 1769 2306 1833 deserti,
2349 1789 2369 1819 ι
2402 1776 2531 1831 etc.,
2566 1783 2615 1821 υ.
2648 1766 2733 1819 15.

274 1887 386 1957 (97)
421 1885 796 1940 Ἀθανασίου.
831 1884 972 1956 Πρὸς
1001 1884 1056 1937 δὲ
1085 1882 1206 1936 νοῦν
1232 1884 1405 1956 ὡραῖα
1431 1886 1555 1950 τοὺς
1587 1887 1772 1951 ἁγίους

1945 1885 2242 1938 Athanasii.
2295 1885 2602 1939 Secundum
2651 1898 2780 1938 vero
2836 1882 3261 1952 intelligentiam,
3312 1898 3434 1952 spe-

203 1978 533 2040 ἀποστόλους
568 1978 660 2030 καὶ
721 1976 1112 2044 εὐαγγελιστάς
1157 1993 1306 2046 φησι,
1331 1979 1456 2039 τοὺς
1487 1979 1772 2047 εὐτραφεῖς

201 2071 596 2141 γεγενημένους
615 2073 726 2132 τοῖς
753 2071 1138 2137 πνευματικοῖς
1160 2069 1489 2138 χαρίσμασιν
1508 2071 1594 2120 ,Ἤ
1605 2087 1772 2141 ρημον

202 2162 260 2216 δὲ
287 2163 384 2233 τὴν
413 2159 733 2229 Ἐκκλησίαν
763 2159 1042 2225 ἀποκαλεῖ,
1065 2160 1162 2232 τὴν
1185 2159 1349 2212 παλαι
1374 2159 1576 2232 ἔρημον
1609 2155 1771 2213 οὗεαν

203 2253 302 2322 τῆς
335 2251 462 2322 περὶ
491 2249 626 2304 Θεοῦ
659 2249 934 2318 γνώσεως.

1877 1977 2024 2033 cinsa
2069 1979 2142 2030 ait
2181 1978 2328 2046 ipsos
2378 1985 2597 2029 sanctos
2637 1974 2912 2044 apostolos
2957 1984 3010 2026 et
3053 1973 3430 2041 evangelistas,

1879 2072 1969 2139 qni
2015 2069 2148 2122 bene
2184 2068 2408 2134 saginati
2456 2067 2668 2119 fuerant
2711 2065 3086 2135 spiritualibus
3116 2066 3289 2119 donis.
3329 2065 3432 2117 De-

1880 2171 2081 2214 sertum
2120 2171 2296 2214 autem
2333 2168 2487 2214 vocat
2519 2158 2831 2223 Ecclesium,
2861 2159 3006 2228 quod
3057 2157 3185 2211 olim
3219 2158 3429 2211 deserta

1879 2267 1944 2306 ac
1979 2269 2145 2305 vacua
2176 2265 2316 2306 esset
2341 2253 2648 2321 cognitione
2675 2249 2787 2306 Dei.

775 2390 846 2446 Et
877 2391 928 2444 in
952 2389 1102 2445 verba
1140 2389 1428 2460 sequentia,
1458 2405 1505 2445 υ.
1534 2388 1586 2442 3.
1620 2386 1928 2441 Theodoreti
1976 2386 2316 2456 explicationi
2354 2387 2705 2455 subjiciuntur
2741 2388 2871 2443 haec.

262 2508 636 2571 Ἀθανασίου,
663 2507 986 2575 Κυρίλλου.
1006 2508 1146 2578 Πρὸς
1163 2506 1218 2560 δὲ
1235 2504 1378 2559 νοῦνο
1394 2505 1504 2576 Τῆς
1524 2504 1616 2558 τοῦ
1633 2502 1765 2557 Θεοῦ

204 2600 470 2670 φανείσης
498 2599 880 2668 χρηστότητος,
905 2601 938 2668 ἠ
974 2599 1138 2651 πάλαι
1181 2598 1385 2668 ἔρημος
1417 2596 1769 2666 καρποφορή-

205 2708 308 2753 σει,
333 2692 426 2744 καὶ
442 2692 490 2742 οἱ
533 2689 730 2758 βουνοί,
764 2691 811 2741 ot
849 2691 968 2750 ταῖς
996 2687 1296 2750 είδωλικαῖς
1327 2687 1536 2750 θυσίαις
1568 2686 1769 2756 μιαινό-

207 2798 378 2852 μενοι,
408 2781 534 2842 τοὺς
561 2781 651 2832 τὸν
683 2778 968 2848 ἁγγελικδν
1017 2778 1367 2850 αἱρουμένους
1400 2777 1510 2846 βίον
1545 2776 1770 2846 δεξάμε-

203 2889 303 2936 νοι,
329 2871 808 2942 εὐφρανθήσονται.
842 2871 910 2924 Ἦ
941 2870 1146 2942 βουνοῖς
1177 2870 1457 2934 ἀπεικάζει
1485 2871 1609 2932 τοὺς
1631 2868 1769 2921 κατὰ

203 2967 429 3036 καιροὺς
453 2965 559 3018 τῶν
577 2965 746 3032 ἁγίων
778 2963 1106 3034 Ἐκκλησιῶν
1133 2964 1266 3034 ήγου
1276 2963 1485 3033 μένους,
1510 2962 1602 3014 καὶ
1629 2959 1770 3012 λαῶν

1947 2501 2250 2563 Athanasii,
2304 2499 2511 2570 Cyr-illi.
2566 2501 2645 2554 Ad
2686 2501 3011 2556 intellectum
3051 2517 3218 2558 vero:
3251 2505 3430 2574 Appa-

1875 2606 2026 2650 rente
2069 2597 2158 2650 Dei
2210 2596 2535 2666 benignitate
2564 2635 2579 2658 ,
2625 2611 2745 2663 qum
2795 2595 2922 2648 olim
2969 2595 3182 2650 deserta
3237 2597 3431 2664 fuerat,

1875 2691 2109 2745 fructum
2144 2685 2298 2748 feret,
2332 2696 2386 2739 et
2415 2687 2580 2740 colles
2620 2686 2882 2738 idolorum
2912 2684 3194 2740 sacriﬁciis
3221 2689 3433 2756 potlot.,

1875 2782 2228 2850 suscipientes
2272 2793 2366 2832 eos
2406 2778 2496 2847 qui
2546 2778 2842 2846 angelicam
2885 2779 3050 2831 vitam
3113 2785 3387 2836 sectantur
3414 2823 3429 2844 ,

1876 2873 2240 2930 exsultabunt.
2284 2869 2378 2924 V'el
2427 2880 2571 2924 certe
2616 2869 2846 2924 collibus
2894 2873 3159 2927 assimilat
3191 2889 3305 2937 eos,
3337 2878 3430 2943 qui

1877 2965 2158 3036 quibusvis
2183 2964 2512 3032 temporibus
2533 2971 2843 3016 sanctarum
2871 2960 3233 3017 Ecclesiarum
3265 2966 3432 3021 duces

205 3058 633 3131 προεστηκότας,
654 3058 770 3126 ητοι
791 3057 1052 3126 ποιμένας
1079 3055 1169 3110 καὶ
1183 3056 1547 3119 διδασκάλους.
1569 3055 1775 3124 Ὠσπερ

1879 3066 2038 3119 sunt,
2091 3070 2155 3109 ac
2207 3054 2526 3128 pupulorum
2579 3052 2876 3122 praesides,
2933 3054 3044 3108 sive
3085 3067 3330 3124 pastores
3382 3069 3436 3113 at

204 3148 311 3217 γὰρ
341 3145 440 3213 τῆς
467 3145 631 3213 ἄλλης
657 3145 873 3214 ἁπάσης
902 3144 1004 3213 γῆς
1031 3145 1423 3216 ὑπερανέχουσι
1452 3146 1519 3198 τὰ
1550 3145 1650 3216 ὄρη
1682 3145 1773 3196 καὶ

205 3239 253 3290 ot
281 3237 461 3307 βουνοί
477 3251 488 3266 ·
526 3236 615 3288 τὸν
636 3236 792 3289 αὑτὸν
825 3235 1024 3306 τρόπον
1049 3237 1140 3289 καὶ
1166 3238 1198 3306 η
1224 3235 1331 3288 τῶν
1370 3237 1538 3303 ἁγίων
1566 3253 1768 3306 μυστα-

205 3327 400 3394 γωγῶν
427 3327 552 3391 ἀξία
581 3327 886 3399 ὑψηλοτέρα
929 3327 1035 3380 τῶν
1087 3326 1258 3382 ἄλλων
1285 3327 1449 3379 ἐστίν.
1480 3320 1636 3378 Οὗτοι
1679 3327 1771 3379 καὶ

205 3418 528 3487 ἀγαλλίασιν
553 3419 992 3491 περιξώννυνται,
1015 3419 1257 3474 τουτέστι
1289 3419 1384 3490 τὴν
1411 3417 1503 3471 τοῦ
1533 3419 1774 3490 πνεύμα-

205 3527 294 3574 τος
330 3527 408 3564 πα
415 3509 691 3582 ράκλησιν.

1877 3149 2142 3202 doctores.
2192 3143 2654 3209 Quemadmodum
2712 3145 2854 3201 enim
2913 3158 3121 3200 montes
3173 3157 3225 3200 et
3270 3148 3435 3202 colles

1877 3246 2097 3291 czeteras
2121 3248 2307 3288 omnes
2338 3242 2491 3285 terrae
2513 3242 2692 3301 partes
2721 3232 3004 3286 altitudine
3025 3234 3315 3302 ext-edunt,
3362 3237 3433 3291 ita

1875 3331 2036 3383 etiam
2100 3326 2257 3379 altior
2320 3335 2402 3380 est
2461 3323 2695 3395 dignitas
2755 3335 3066 3379 sanctorum
3107 3326 3433 3392 doctorum,

1879 3433 2040 3487 quam
2091 3418 2319 3470 aliorum
2367 3415 2666 3469 hominum.
2716 3415 2781 3469 Et
2819 3415 2870 3469 hi
2926 3419 3280 3474 exsultatione
3328 3421 3434 3474 cir-

1878 3508 2312 3577 cumcinguntur,
2349 3505 2452 3560 hoc
2477 3515 2560 3560 est
2582 3506 2951 3561 consolatione
2973 3509 3218 3578 spiritus.

930 3646 1158 3700 Rursum
1190 3647 1243 3699 in
1277 3648 1428 3700 verba
1453 3648 1595 3701 ista:
1639 3665 1658 3697 ι
1695 3643 1766 3698 Et
1795 3645 1952 3700 valles
1987 3643 2322 3698 abundabunt
2349 3643 2633 3713 frumento.
2666 3665 2683 3696 ι

277 3763 610 3831 Γρηγορίου
663 3764 954 3832 Θεολότου
1001 3764 1096 3818 καὶ
1133 3765 1508 3820 Ἀθανασίου.
1570 3767 1633 3818 Δί
1671 3764 1768 3836 μὲν

204 3857 304 3924 τῆς
337 3856 440 3926 γῆς
469 3857 558 3908 τὸν
588 3856 840 3925 αἰσθητὸν
873 3856 967 3910 καὶ
1021 3859 1313 3929 ὲςήμεροψ
1345 3862 1400 3912 αἱ
1435 3860 1491 3912 δὲ
1529 3861 1635 3913 τῶν
1665 3860 1769 3930 ψυ-

207 3950 318 4020 χῶν
343 3947 452 4000 τῶν
484 3946 663 4010 καλῶς
710 3948 786 4017 τῷ
844 3948 985 4020 λόγῳ
1011 3951 1432 4020 γεωργουμένων
1480 3951 1570 4004 τὸν
1617 3969 1776 4005 πνευ-

210 4039 440 4110 ματικὸν
468 4039 562 4090 καὶ
589 4037 820 4093 αἰώνιον.
857 4040 920 4092 Αἱ
970 4039 1078 4111 γὰρ
1120 4041 1306 4105 πάλαι,
1342 4043 1523 4111 φησιν,
1555 4043 1774 4113 ἀπορώ-

203 4145 366 4183 ταται
396 4129 490 4180 καὶ
521 4128 701 4195 ἄγονοι
725 4127 830 4180 τῶν
858 4127 1023 4182 ἐθνῶν
1047 4129 1217 4203 ψυχαὶ
1266 4133 1617 4204 πνευματικῷ
1642 4150 1778 4206 καρ-

208 4220 295 4288 ιιτῴ
330 4219 542 4272 ἔσονται
569 4218 809 4292 πλήρεις.

1947 3762 2183 3833 Gregorii
2216 3759 2480 3830 Theologi,
2509 3773 2554 3814 et
2595 3760 2896 3817 Athanasii.
2941 3760 3247 3816 Terrestrcs
3275 3764 3436 3816 nimi-

1877 3873 1995 3910 rum
2031 3856 2218 3920 valles,
2255 3855 2508 3909 sensibile
2543 3854 2885 3924 diariumque
2936 3853 3264 3907 frumentum
3317 3853 3436 3910 fun-

1878 3950 2041 4014 dent;
2075 3950 2270 4003 animre
2299 3963 2424 4002 vero
2455 3962 2641 4000 eorum
2677 3948 2770 4016 qui
2805 3947 3061 4016 praeclare
3099 3949 3262 4002 verbo
3302 3949 3433 4003 culti

1880 4049 2025 4100 sunt.
2073 4040 2353 4108 spirituale
2387 4041 2515 4094 illud
2550 4052 2712 4109 atque
2745 4050 3025 4096 aeternum.
3078 4040 3433 4096 Ethnicorum

1881 4135 2023 4187 enim
2061 4135 2272 4196 animae,
2313 4135 2506 4203 inquit,
2554 4150 2674 4203 quin
2703 4135 2830 4188 olim
2881 4135 3240 4206 egentissima:
3279 4147 3435 4192 erant

1872 4237 2031 4294 atque
2061 4224 2381 4288 infecunda},
2411 4223 2588 4279 fructu
2624 4223 2887 4294 spirituali
2918 4225 3287 4279 abundabunt.

1150 4355 1218 4411 Et
1246 4358 1298 4411 in
1329 4359 1480 4412 verba
1505 4359 1715 4425 ultima,
1751 4356 2066 4412 Theodoreto
2099 4358 2454 4429 subjungitur.

293 4468 668 4536 Ἀθανάσιος.
737 4468 947 4534 Ἀπλῶς
986 4471 1064 4524 δέ’
1129 4471 1420 4534 Ἅπαντες,
1483 4473 1667 4544 φησὶν,
1722 4473 1768 4524 oi

1943 4469 2288 4524 Athanasius.
2346 4469 2672 4541 Simpliciter
2723 4489 2853 4529 vero
2897 4473 3180 4538 :Omnes,
3235 4476 3428 4546 inquit,

206 4560 601 4630 προλεχθέντες
648 4563 743 4614 σὺν
799 4561 949 4633 πάσῃ
983 4563 1256 4635 προθυμία
1297 4565 1386 4617 τὸν
1427 4563 1556 4616 Θεὸν
1597 4567 1770 4635 ἀνυμ-

205 4660 453 4728 νὴσουσι,
486 4657 584 4728 τὴν
634 4657 890 4730 τοιαύτην
919 4657 1216 4730 μεταϐολὴν
1245 4661 1309 4729 τῇ
1337 4658 1444 4712 τῶν
1473 4658 1773 4731 ἀνθρώπων

204 4747 594 4819 δωρησάμενον
625 4747 806 4816 φύσει.

1875 4564 2116 4634 ρτωάίςιί
2170 4578 2294 4618 cum
2347 4564 2494 4618 omni
2568 4565 2842 4620 alacritate
2896 4567 3190 4622 laudabunt
3244 4569 3429 4634 Deum,

1874 4655 1968 4725 qui
2023 4657 2183 4710 talem
2237 4656 2688 4726 permutationem
2756 4670 2962 4713 natura:
3019 4660 3301 4716 hominum
3333 4663 3432 4718 do-

1870 4748 2035 4803 navit.

741 4887 803 4944 In
828 4890 1018 4959 psalmi
1043 4905 1144 4944 va
1178 4907 1380 4945 versum
1414 4893 1663 4962 primum,
1689 4901 1803 4962 post
1832 4891 2137 4948 Theodoreti
2189 4894 2589 4964 explicationem
2636 4897 2886 4965 sequitur.

307 5004 678 5059 ‘AOaraO'iov.
736 5004 868 5076 (98)
923 5006 1078 5061 Κατὰ
1126 5006 1182 5060 δὲ
1248 5006 1478 5079 θεωρίαν
1506 5049 1519 5072 ,
1569 5009 1771 5062 ἀλαλα-

203 5096 347 5166 γμός
397 5096 546 5150 ἔστιν
612 5097 874 5162 ὲπινίκιος
921 5097 1087 5168 ὕμνος
1141 5099 1232 5154 ἐπὶ
1294 5101 1506 5172 ἐχθροῖς
1554 5119 1770 5156 πεπτω-

202 5190 360 5242 κόσιν
398 5187 674 5258 ᾁδόμενος.
726 5190 809 5252 Ὧς
853 5185 944 5244 οῦν
979 5192 1333 5264 ἀνῃρημένων
1360 5195 1466 5247 τῶν
1498 5196 1776 5266 ἀρχόντων

202 5277 300 5331 τοῦ
361 5277 554 5342 αίῶνος
615 5278 803 5334 τούτου
861 5280 949 5334 διὰ
997 5284 1096 5352 τῆς
1147 5284 1378 5354 Χριστοῦ
1436 5287 1771 5356 παρουσίας,

202 5372 385 5425 πάντα
411 5369 483 5424 τὰ
534 5369 660 5440 ἔθνη
684 5373 810 5436 τοὺς
855 5373 1150 5437 ἐπινικίους
1199 5373 1398 5446 ὕμνους
1428 5377 1773 5446 ἀναπέμπειν

201 5462 641 5534 παρακελεύεται
686 5463 764 5534 τῷ
818 5465 917 5535 τῆς
969 5466 1123 5538 νίκης
1182 5467 1335 5540 αἰτίῳ
1388 5466 1505 5538 Θεῷ
1551 5471 1644 5522 καὶ
1694 5469 1770 5540 τῷ

198 5553 429 5624 ὀνόματι
473 5555 664 5622 αὑτοῦ,
710 5557 950 5610 τουτέστι
1009 5558 1085 5627 τῷ
1143 5558 1274 5629 Υίῷ.

274 5728 390 5800 (97)
423 5729 549 5786 llaec
578 5733 830 5800 superius
857 5750 955 5790 suo
992 5733 1113 5790 loco
1141 5735 1430 5791 habentur.

1947 5008 2246 5064 Athanasii.
2288 5011 2356 5064 At
2382 5010 2677 5066 secundum
2714 5011 2958 5066 altiorem
2988 5010 3429 5083 intelligentiam:

1874 5099 2127 5170 jubilatio
2155 5112 2238 5156 est
2278 5103 2535 5173 hymnus,
2580 5104 2670 5172 qui
2704 5113 2956 5157 cantatur
2988 5113 3206 5174 propter
3250 5106 3434 5162 hostes

1878 5195 2138 5249 devictos.
2189 5193 2326 5260 Quia
2383 5193 2544 5265 igitur
2579 5196 2847 5265 principes
2899 5197 3082 5250 saeculi
3131 5197 3292 5267 hujus
3342 5213 3435 5267 per

1879 5287 2080 5341 Christi
2123 5289 2459 5356 prasentiam
2533 5287 2730 5344 sublati
2798 5299 2924 5342 sunt
2971 5307 2984 5342 :
3031 5289 3230 5346 idcirco
3281 5289 3437 5358 jubet

1881 5393 2069 5432 omnes
2101 5389 2305 5449 gentes,
2336 5388 2394 5433 ιιι
2423 5379 2610 5434 laudes
2650 5378 3001 5448 triumphales
3033 5379 3141 5434 Deo
3184 5378 3434 5448 oil'erant,

1883 5478 1940 5522 ut
1981 5470 2070 5538 qui
2105 5485 2268 5524 causa
2309 5468 2471 5525 fuerit
2503 5469 2738 5525 victoria:
2768 5487 2781 5536 ;
2817 5481 2871 5525 et
2904 5472 3107 5526 nomini
3141 5471 3259 5540 ejus
3282 5509 3298 5533 ,
3333 5471 3436 5528 hoc

1884 5570 1964 5617 est
1989 5561 2141 5617 Filio.
2191 5560 2323 5617 Nam
2348 5563 2799 5634 quemadmodum
2825 5578 2924 5618 nos
2939 5578 3002 5618 ex
3029 5562 3242 5618 nomine
3265 5562 3437 5634 ipsius

273 5798 382 5864 (98)
431 5801 556 5859 Haec
588 5798 855 5860 habentur
899 5807 1145 5871 superius
1172 5824 1272 5864 suo
1319 5809 1456 5876 loco,
1493 5807 1580 5864 sed
1617 5808 1890 5876 pauciora.
