4126 6506
722 423 825 478 583

1563 422 1618 476 S.
1660 422 2028 478 ATHANASII
2068 421 2211 480 OPP.
2266 425 2443 483 PARS
2482 426 2571 482 lll.
2614 459 2679 469 —
2722 428 3133 488 EXECETICA.
3856 445 3946 503 584

720 542 1141 612 cognoscimur,
1192 544 1273 599 sic
1339 546 1687 615 cognoscitur
1734 546 1895 601 etiam
1964 546 2121 602 Pater
2191 564 2251 619 pc

2399 551 2484 615 Ὠς
2516 552 2622 623 γάρ
2650 554 2811 622 ἡμεῖς
2836 553 2921 606 διά
2954 554 3043 606 τοῦ
3072 556 3334 625 ὀνόματος
3374 558 3538 613 αὐτοῦ
3566 563 3941 635 γνωριζόμιθα,

718 633 939 693 Filium.

2390 642 2531 695 οὕτω
2555 645 2648 697 καὶ⁵
2672 647 2698 698 ὁ
2728 646 2915 717 Πατὴρ
2946 646 3033 698 διὰ
3054 646 3146 699 τοῦ
3180 648 3327 704 Υἱοῦ.

1285 795 1515 850 Rursum
1545 796 1595 848 in
1621 808 1911 867 sequentem
1944 813 2144 852 versum
2173 798 2228 852 2.

2358 798 2520 855 εοειιὶι
2568 800 2816 855 similiter
2857 800 3209 860 Tluodoretus
3236 806 3373 878 (99).

788 918 1040 990 Cyrinus,
1085 916 1429 969 Atnanasius.
1478 915 1546 969 At
1593 915 1678 970 hic
1722 917 1939 986 quidem
1990 916 2276 974 verborum

714 1030 907 1071 sensus
955 1021 1038 1067 est
1089 1011 1402 1065 historicus.
1472 1010 1540 1063 At
1591 1012 1887 1064 secundum
1944 1010 2277 1079 spiritualem

713 1107 1112 1176 acceptionem,
1151 1104 1304 1157 valde
1337 1103 1624 1157 metuenda
1660 1114 1787 1159 sunt
1834 1103 2036 1159 Christi
2089 1120 2274 1174 Opera,

710 1199 826 1255 sive
858 1198 1039 1252 divina
1073 1197 1192 1266 ejus
1224 1195 1505 1259 miracula,
1541 1208 1593 1249 et
1621 1195 1766 1266 quod
1798 1195 1864 1251 de
1898 1196 2075 1250 medio
2105 1197 2273 1250 nostri

710 1291 929 1345 sustulit
998 1289 1336 1358 impurorutn
1388 1288 1780 1343 daemoniorum
1843 1289 2267 1343 multitudinem.

707 1382 995 1437 Multitudo
1024 1392 1200 1436 autem
1246 1392 1298 1436 et
1349 1381 1676 1435 abundantia
1709 1382 1980 1451 potentiae,
2030 1395 2273 1435 resurre-

706 1476 816 1533 ctio
847 1476 1015 1545 ipsius
1039 1486 1122 1530 est
1150 1490 1164 1528 :
1196 1491 1316 1546 (lue!
1350 1476 1566 1545 quidem
1617 1477 1882 1530 subvertit
1922 1476 2086 1529 robur
2126 1489 2273 1529 mor-

710 1570 781 1625 tis
811 1588 825 1635 ;
857 1570 1128 1625 revocavit
1154 1585 1282 1623 vero
1327 1570 1391 1624 ad
1446 1570 1907 1639 incorruptionem
1962 1569 2268 1621 universam

708 1662 949 1717 hominis
983 1673 1253 1716 naturam.
1288 1663 1423 1728 Quia
1456 1673 1633 1716 autem
1671 1661 1861 1727 Judaei,
1899 1677 2019 1715 cum
2057 1672 2269 1729 specta-

711 1762 859 1810 tores
906 1764 1088 1810 essent
1145 1757 1535 1809 miraculorum
1596 1755 1842 1817 Christi,
1894 1754 1983 1807 ubi
2053 1764 2268 1822 stupere

711 1845 1013 1915 oportebat,
1042 1846 1144 1915 ipsi
1174 1861 1363 1899 eorum
1398 1854 1673 1900 auctorem
1701 1846 2173 1903 calumniahantur
2206 1860 2267 1899 ac

2428 918 2741 985 Κύριλλος,
2761 919 2819 973 Ἀ
2828 918 3131 986 θανάσιος.
3151 923 3257 976 Καὶ
3273 922 3415 977 οὕτω
3433 924 3531 995 μὲν
3550 925 3681 997 πρὸς
3700 928 3935 1000 ἱστορίαν

2378 1008 2513 1079 πρὸς
2528 1009 2583 1063 δὲ
2600 1012 2968 1082 πνευματικὴν
2995 1012 3219 1083 ἕκληψιν
3248 1014 3368 1068 λίαν
3382 1016 3663 1091 φοϐεράτὰ
3682 1018 3817 1089 ἔργα
3836 1022 3925 1091 Χρι

2379 1101 2527 1164 στοῦ,
2560 1104 2731 1155 εῖτουν
2756 1106 2809 1156 αἱ
2841 1105 3176 1175 θεοσημεῖαι,
3201 1109 3294 1160 καὶ
3322 1109 3404 1171 τὸ,
3436 1110 3682 1163 ἐκποδὼν
3708 1111 3939 1180 γενέσθαι

2374 1193 2483 1244 τῶν
2509 1194 2829 1265 ἀκαθάρτων
2848 1195 3115 1266 δαιμόνων
3133 1199 3198 1249 τά
3221 1198 3421 1269 πλήθη.
3442 1200 3651 1271 Πλῆθος
3677 1202 3731 1255 δὲ
3748 1204 3841 1256 καὶ
3856 1218 3937 1254 τιε-

2380 1288 2590 1358 ριουσία
2618 1288 2897 1357 δυνάμεως
2926 1291 2957 1359 ἡ
2984 1290 3277 1355 ἀνάστασις
3298 1292 3484 1355 αὑτοῦ,
3504 1297 3938 1367 καταστρέψουσσ

2379 1379 2477 1449 μὲν
2506 1378 2596 1431 τοῦ
2629 1377 2857 1433 θανάτου
2892 1379 2953 1432 τὸ
2985 1381 3201 1452 κράτος,
3246 1383 3463 1437 ἅπασαν
3495 1386 3548 1437 δὲ
3599 1388 3700 1457 τὴν
3745 1386 3937 1451 ἀνθρώ-

2377 1489 2478 1525 που
2506 1473 2665 1543 φύσιν
2712 1474 2791 1536 είς
2846 1474 3154 1545 ἀφθαρσίαν
3209 1477 3650 1542 άνακαινίζουσα.
3709 1481 3939 1536 Ἐπεὶδὲ

2388 1564 2648 1627 Ἰουδαῖοι,
2679 1562 2786 1616 τῶν
2806 1565 3041 1636 Χριστοῦ
3075 1565 3366 1637 θαυμάτων
3425 1570 3704 1639 γενόμενοι
3735 1569 3939 1643 θεωροὶ,

2374 1655 2491 1709 δέον
2517 1656 2931 1727 ἐκπλήττεσθαι,
2956 1657 3047 1710 τὸν
3075 1660 3437 1731 τερατουργὸν
3468 1661 3827 1725 ἑνδιέϐαλ).ον,
3856 1665 3941 1715 καὶ

2383 1750 2579 1802 πλάνον
2602 1750 2848 1812 ἐκάλουν,
2876 1749 3217 1821 ἐπιπλήττων
3234 1752 3279 1815 ,ὁ
3309 1751 3522 1819 ψάλλων
3553 1753 3705 1821 φησί’
3730 1753 3937 1805 Παῦσα-

2378 1846 2489 1909 σθε,
2521 1847 2707 1919 εἴπατε
2738 1844 2795 1897 δὲ
2852 1843 3049 1915 μᾶλλον
3097 1842 3267 1913 αὐτῷ,
3317 1844 3397 1896 ὅτι
3447 1844 3655 1915 Φοϐερά
3692 1846 3763 1898 τά
3814 1846 3938 1917 ἔργα

704 1935 1055 2006 impostorem
1091 1937 1375 2002 vocabant,
1425 1938 1626 1993 idcirco
1664 1938 1960 2009 olijurgans
1999 1953 2091 1992 eos
2123 1936 2251 1991 Psal‘

2370 1953 2485 1993 σου.
2523 1933 2655 1991 Εἶτα
2684 1937 2803 1989 ἐπεὶ
2830 1934 3185 1998 ἀπειθοῦντας
3214 1935 3379 2008 ἐώρα,
3410 1937 3566 2005 ἀφεὶς
3592 1936 3651 1989 τὸ
3687 1938 3822 2008 πρὸς
3852 1940 3938 1991 αὐ-

701 2038 784 2084 tes
819 2029 896 2083 ait
923 2049 935 2083 :
968 2028 1239 2095 Desistite,
1271 2048 1333 2087 ac
1367 2034 1545 2099 potius
1586 2032 1748 2086 dicite
1789 2033 1889 2101 ipsi
1919 2050 1931 2086 :
1960 2030 2262 2086 Tremenda

700 2129 826 2175 sunt
852 2137 1015 2192 opera
1047 2132 1158 2178 tua.
1198 2123 1418 2189 Deinde,
1458 2125 1716 2195 quoniam
1769 2124 1988 2179 videbat
2029 2138 2124 2177 eos
2161 2123 2263 2177 sibi

694 2226 905 2266 morem
951 2229 1058 2267 non
1105 2230 1324 2285 gerere,
1381 2231 1574 2269 averso
1622 2216 1691 2273 ab
1733 2216 1865 2285 ipsis
1900 2230 2154 2269 sermone
2196 2215 2263 2270 ad

695 2303 974 2358 Christum
1003 2306 1294 2362 calumniis
1329 2307 1632 2377 impetitum
1670 2325 1724 2363 se.
1752 2310 2015 2363 convertit
2037 2311 2257 2364 dicens:

697 2395 863 2451 Multa
892 2405 974 2452 est
1002 2400 1238 2468 potentia
1286 2408 1396 2461 tua,
1434 2412 1919 2469 quantumcunque
1968 2401 2150 2455 hostes
2182 2400 2260 2454 tui

692 2490 759 2543 de
797 2499 848 2544 te
895 2492 1100 2546 mentiti
1143 2492 1280 2556 sint,
1331 2503 1521 2561 sponte
1570 2508 1666 2546 sua
1706 2493 1895 2546 oculos
1942 2493 2257 2546 claudentes

692 2583 758 2636 ad
806 2583 1050 2638 divinum
1101 2595 1255 2638 tuum
1304 2585 1486 2639 lumen
1526 2585 1669 2654 quod
1723 2586 1925 2639 mundo
1970 2588 2255 2656 apparuit,

691 2675 826 2729 adeo
855 2686 913 2730 ut
949 2691 1016 2729 ne
1062 2676 1278 2744 quidem
1323 2678 1681 2747 praecellentia
1734 2681 2123 2732 miraculorum
2161 2693 2256 2732 eos

689 2765 756 2818 ad
819 2764 1178 2821 obedientiam
1250 2783 1564 2838 permovere
1605 2770 1861 2839 potuerit.
1927 2768 2063 2823 Nam
2128 2785 2253 2824 cum

688 2855 952 2914 Dominus
1008 2868 1192 2914 noster
1258 2860 1601 2917 multitudine
1661 2863 1915 2930 potentia:
1976 2879 2130 2917 suam
2185 2881 2251 2919 cx

2372 2031 2494 2095 τοὺς
2523 2030 2883 2097 διαλέγεσθαι,
2918 2028 2995 2100 τῷ
3021 2030 3504 2100 συκοφαντουμένῳ
3534 2030 3756 2101 Χριστῷ
3780 2048 3937 2101 προσ-

2371 2125 2595 2194 ομιλεῖ,
2649 2123 2843 2191 λέγων’
2909 2121 3083 2192 Πολλὴ
3133 2139 3225 2175 σου
3282 2124 3313 2191 ἡ
3371 2121 3619 2192 δύναμις,
3680 2124 3727 2174 εί
3780 2124 3937 2177 καίοί

2366 2216 2548 2287 ἐχθροί
2575 2232 2667 2267 σου
2690 2214 2983 2284 ὲψεῦσαντό
3014 2230 3093 2276 σε,
3119 2213 3379 2277 ἑκουσίως
3412 2213 3546 2286 πρὸς
3582 2212 3641 2266 τὸ
3671 2215 3839 2282 φανὲν
3867 2215 3937 2285 τῷ

2367 2310 2555 2379 κόσμῳ
2582 2308 2722 2360 θεῖόν
2758 2324 2849 2360 σου
2886 2306 2999 2376 φῶς
3029 2305 3318 2376 μύσαντες,
3368 2308 3463 2358 καὶ
3507 2306 3638 2375 μηδὲ
3667 2306 3775 2357 τῶν
3812 2306 3937 2360 θαυ-

2366 2402 2553 2471 μάτων
2580 2402 2676 2471 τῆς
2721 2398 3024 2470 ὑπερϐολῆς
3049 2402 3494 2468 παρενεγκοῦσης
3546 2397 3743 2460 αὐτοὺς
3770 2400 3847 2459 εἰς
3882 2399 3936 2451 τὸ

2363 2494 2663 2548 πείθεσθαι.
2694 2493 2891 2563 Πλήθει
2938 2492 3045 2563 γὰρ
3073 2491 3349 2562 δυνάμεως
3381 2490 3473 2544 τοῦ
3532 2492 3736 2562 Κυρίου
3787 2490 3937 2561 ἡμῶν

2364 2588 2743 2650 ἐπιτελέσαντος
2767 2585 2863 2657 τὴν
2882 2585 3087 2638 οἰκείαν
3121 2586 3184 2637 ἐκ
3215 2583 3421 2654 νεκρῶν
3478 2583 3775 2638 ἀνάστασιν
3803 2582 3936 2637 κατὰ

2362 2680 2423 2734 τὸ
2476 2678 2813 2751 άνθρῖυπινον
2841 2716 2854 2743 ,
2915 2679 2963 2729 οἱ
3034 2676 3217 2746 ἐχθροὶ
3268 2675 3430 2729 αὑτοῦ
3496 2675 3735 2745 Ἑϐραῖοι
3783 2676 3935 2743 ἐψευ-

2364 2789 2523 2824 σαντο
2590 2769 2783 2824 αὑτὸν·
2850 2767 3155 2831 τουτέστιν,
3228 2765 3563 2819 ἐνδιέϐαλλον
3637 2767 3738 2837 τὴν
3807 2767 3936 2819 avd-

2363 2881 2569 2917 στασιν.

688 2954 919 3010 mortuis
967 2954 1154 3025 (quod
1202 2955 1268 3008 ad
1340 2956 1634 3009 humanam
1705 2966 1956 3011 naturam
2024 2962 2257 3029 attinet,
2311 2958 2775 3016 resurrectionem
2826 2950 3205 3024 perfecisset,
3278 2951 3681 3008 mentiebantur
3761 2950 3829 3007 de
3874 2966 3937 3009 eo

686 3042 896 3101 Hebrei
950 3046 1135 3103 hostes
1169 3047 1288 3116 ejus
1322 3066 1335 3103 :
1377 3047 1480 3105 hoc
1508 3057 1594 3105 est
1642 3050 2111 3108 calumniabantur
2146 3055 2264 3126 ejus
2294 3050 2772 3109 resurrectionem.

1762 3182 1829 3240 Et
1864 3185 1919 3238 in
1942 3202 2143 3241 uersum
2169 3188 2406 3256 proxime
2430 3185 2775 3240 coluerentem
2804 3180 2837 3236 4

754 3299 1099 3362 Athanasius,
1126 3295 1382 3367 Cyrillns,
1427 3297 1707 3370 Gregorius
1753 3298 2046 3369 Nyssenus.
2083 3301 2251 3366 Licet,
2282 3309 2324 3365 (ζ

682 3390 879 3462 inquit,
924 3387 1095 3443 Judaei
1144 3395 1199 3443 te
1232 3389 1475 3459 negaturi
1527 3392 1658 3454 sint,
1713 3391 2033 3460 snbjicietur
2066 3399 2252 3447 tamen

680 3483 777 3538 tibi
810 3496 909 3552 pro
944 3481 1079 3551 ipsis
1113 3488 1165 3535 et
1188 3480 1438 3535 adorabit
1472 3493 1523 3536 te
1556 3482 1736 3537 omnis
1782 3491 1945 3545 terra,
1976 3484 2089 3538 sive
2123 3500 2251 3555 geu-

680 3585 762 3630 tes
801 3589 922 3644 qua:
948 3572 1329 3628 inhabitabant
1367 3582 1587 3628 terram.
1615 3572 1801 3646 Neque
1840 3576 1983 3630 enim
2013 3578 2248 3647 amplius

678 3665 925 3720 adoratio
975 3664 1064 3719 tlet
1093 3662 1485 3735 Jerosolymis:
1519 3679 1641 3720 cum
1671 3664 1782 3735 jam
1831 3665 2018 3736 legalis
2054 3668 2245 3721 umbra

679 3759 977 3815 cessaverit
1000 3758 1299 3814 secundum
1326 3757 1457 3812 illud
1484 3776 1496 3813 :
1532 3758 1841 3812 Adorabunt
1866 3775 1985 3812 eum
2027 3761 2245 3827 quisque

678 3866 743 3905 ea:
772 3850 887 3905 loco
914 3868 1010 3907 suo
1032 3850 1099 3915 “,
1134 3858 1187 3905 et
1216 3850 1461 3905 adoratio
1488 3850 1600 3920 jam
1629 3850 1723 3905 ﬁat
1754 3851 1806 3903 in
1832 3850 2026 3919 spiritu
2076 3861 2129 3904 et
2154 3866 2246 3905 ve-

676 3943 858 4005 ritate,
890 3956 955 3996 eo
981 3939 1126 4012 quod
1170 3940 1526 4008 congruentia
1572 3949 1907 4010 peraguntur
1952 3938 2245 4009 opera'Dei

674 4032 1005 4101 adorationi,
1050 4032 1221 4103 ipsius
1269 4031 1633 4103 appellatione
1674 4031 1783 4087 illis
1829 4032 2100 4103 imposita.
2133 4034 2240 4087 Ista

672 4139 860 4196 porro,
917 4123 1199 4195 praedictio
1241 4133 1371 4179 sunt
1412 4123 1697 4194 praesentis
1740 4124 1905 4193 hujus
1952 4125 2238 4195 temporis,

671 4232 782 4288 quo
812 4218 865 4272 in
896 4216 1150 4272 omnibus
1177 4216 1426 4288 gentibus
1453 4216 1829 4271 universorum
1854 4218 1994 4271 Deus
2024 4218 2241 4287 hymnis

672 4310 996 4375 celebratur,
1028 4326 1093 4365 ac
1128 4309 1393 4365 Dominus
1441 4318 1625 4364 noster
1654 4307 1812 4365 Jesus
1854 4308 2128 4377 Christus,
2163 4310 2239 4365 al-

672 4402 920 4459 tissimus
934 4402 1004 4458 ab
1033 4401 1287 4457 omnibus
1316 4409 1565 4457 vocatur.

2431 3299 2509 3371 (l)
2544 3297 2918 3362 'AOardo'toc,
2958 3295 3275 3363 detJJoc,
3309 3293 3633 3363 Γρηγόριος
3660 3294 3933 3363 Νύσσης.

2357 3393 2419 3446 Εἰ
2462 3392 2555 3443 καὶ
2596 3389 2855 3455 Ἰουδαῖοι,
2889 3388 3074 3458 φησιν,
3100 3383 3423 3456 ἀρνήσονται
3454 3402 3536 3446 σε,
3569 3386 3683 3438 ἀντ’
3712 3386 3937 3441 ἐκείνων

2356 3481 2777 3553 ὐποκλιθήσεταί
2814 3497 2895 3533 σοι
2929 3480 3021 3532 καὶ
3044 3478 3412 3548 προσκυνήσει
3439 3478 3591 3531 πᾶσα
3618 3479 3652 3548 ἡ
3688 3476 3785 3547 γῆ,
3819 3478 3934 3549 ἦτοι

2353 3576 2420 3630 τά
2448 3575 2573 3646 ἔθνη
2610 3574 2676 3627 τά
2705 3571 3062 3627 κατοικοῦντα
3102 3571 3202 3641 τὴν
3226 3570 3347 3640 γῆν.
3374 3569 3571 3623 Οὐκέτι
3602 3569 3709 3641 γάρ
3739 3573 3797 3623 ὲν
3842 3570 3935 3622 Ἰε-

2353 3668 2633 3741 ρουσαλὴμ
2662 3668 2695 3737 ἡ
2726 3665 3112 3737 προσκύνησις,
3139 3663 3239 3732 τῆς
3286 3661 3517 3733 νομικῆς
3571 3661 3934 3732 παυσαμένης

2352 3762 2528 3825 σκιᾶς,
2564 3759 2703 3813 κατὰ
2728 3758 2809 3811 τό·
2860 3755 3411 3825 Προσκυνήσυυσιν
3463 3752 3625 3818 αὑτῷ
3674 3753 3934 3819 ἕκαστος

2346 3854 2414 3907 ἐκ
2441 3852 2545 3906 τοῦ
2580 3852 2766 3904 τόπου
2799 3848 3006 3912 αὐτοῦ,
3034 3847 3125 3900 καὶ
3156 3846 3278 3917 ητῆς
3317 3848 3743 3917 προσκυνήσεως
3773 3862 3931 3914 γενοο

2350 3945 2516 4015 μένης
2539 3943 2594 3996 ὲν
2624 3942 2889 4012 πνεύματι
2919 3940 3011 3993 καὶ
3045 3937 3289 4009 ἀληθεία,
3351 3935 3701 4008 καταλλήλων
3754 3937 3934 4008 ἔργων

2346 4037 2641 4106 γινομένων
2663 4036 2727 4105 τῇ
2764 4032 3128 4105 προσκυνήσει
3153 4029 3309 4084 Θεοῦ.
3336 4028 3436 4100 τῆς
3463 4027 3629 4082 αὑτοῦ
3658 4044 3935 4099 προσηγο-

2351 4129 2471 4200 ρίας
2499 4125 2887 4197 ὲπικληθείσης
2923 4124 3123 4186 αὐτοῖς,
3161 4122 3474 4194 Προρρησις
3519 4120 3578 4174 δὲ
3629 4120 3806 4174 ταῦτα
3834 4119 3930 4173 τοῦ

2351 4219 2611 4289 παρόντος
2636 4215 2847 4287 καιροῦ,
2875 4213 2993 4267 καθ’
3020 4214 3077 4267 ὃν
3107 4214 3163 4265 ὲν
3194 4213 3363 4266 ἆπασι
3391 4214 3502 4275 τοῖς
3532 4210 3744 4265 ἔθνεσιν
3767 4213 3796 4264 ὀ
3820 4210 3932 4264 τῶν

2349 4311 2485 4366 ὅλων
2510 4310 2756 4379 ὑμνεῖται
2773 4307 2925 4371 Θεὸς,
2952 4306 3048 4360 καὶ
3076 4308 3104 4359 ὀ
3133 4305 3407 4373 Δεσπότης
3433 4302 3668 4375 Χριστὸς
3702 4302 3932 4360 ὕψιστο-

2350 4401 2499 4473 παρά
2526 4400 2742 4453 πάντων
2771 4398 3036 4454 καλεῖται.

1364 4538 1593 4593 Rursum
1620 4541 1674 4594 in
1700 4538 1802 4592 ista
1833 4538 1983 4595 verba
2008 4556 2027 4593 .'
2062 4558 2081 4591 ι
2132 4536 2311 4594 Venite
2332 4551 2379 4594 et
2417 4539 2583 4593 videte
2610 4554 2766 4608 opera
2800 4534 2916 4599 Dei,
2952 4553 2969 4585 ι
3002 4544 3122 4600 etc.,
3159 4533 3213 4588 5.

736 4653 1079 4710 Athanasius.
1132 4652 1343 4711 lnducit
1379 4656 1468 4711 hic
1514 4658 1884 4726 apostolorum
1939 4672 2229 4727 personam

2410 4654 2487 4726 (2)
2541 4652 2917 4718 Ἀθανὰσιος.
2949 4650 3070 4704 Τῶν
3105 4648 3418 4704 ἀποστόλων
3441 4644 3678 4703 ἐνταῦθα
3711 4649 3929 4719 εἰσάγει

664 4748 760 4815 qui
788 4746 1020 4802 doceant
1047 4756 1252 4819 gentes,
1282 4748 1427 4820 quod
1464 4747 1567 4805 iste
1590 4748 1681 4819 qui
1719 4749 1770 4802 in
1803 4751 2089 4813 prmsentia
2132 4764 2231 4803 sua

664 4840 964 4897 secundum
1021 4854 1239 4895 carnem
1291 4841 1471 4895 divina
1524 4840 1615 4895 illa
1672 4841 1927 4896 miracula
1975 4850 2232 4910 operatus

662 4941 768 4995 est,
801 4933 917 5003 ipse
946 4931 1088 4986 idem
1120 4931 1211 4995 sit,
1244 4930 1336 4999 qui
1361 4931 1491 4984 olim
1525 4944 1673 4985 mare
1701 4927 1945 4985 Rubrum
1981 4930 2225 4997 arel'ecit,

661 5029 717 5078 et
740 5020 991 5076 Iordanis
1018 5020 1218 5076 ﬂuenta
1242 5019 1445 5085 divisit,
1477 5020 1612 5076 adeo
1647 5028 1706 5075 ut
1734 5021 1865 5090 pede
1887 5036 2012 5075 eum
2046 5019 2228 5076 Israe-

660 5115 771 5170 lita:
820 5114 1132 5169 transirent.
1188 5112 1364 5184 Inquit
1414 5111 1614 5181 igitur:
1665 5112 1995 5185 Cognoscite
2032 5112 2221 5167 animo

658 5215 823 5277 atque
855 5205 1134 5276 intelligite
1164 5220 1229 5259 ex
1255 5204 1488 5275 singulis
1515 5220 1636 5273 qua:
1657 5223 1684 5258 a
1721 5206 1866 5259 bono
1897 5203 2005 5259 Deo
2032 5203 2222 5259 eﬂ‘eeta

658 5306 805 5364 sunt,
839 5311 1003 5366 quam
1042 5297 1087 5351 is
1118 5296 1187 5350 sit
1215 5298 1266 5349 in
1298 5296 1545 5351 consiliis
1590 5297 1705 5352 suis
1749 5296 2217 5368 incomprehensi-

655 5389 820 5445 bilis:
868 5389 1212 5444 admiremini
1258 5390 1419 5443 etiam
1459 5388 1783 5445 ineﬂ‘abilem
1833 5390 1953 5459 ejus
2000 5390 2223 5459 sapien-

655 5480 807 5549 tiam,
837 5498 934 5553 per
966 5497 1129 5554 quam
1168 5481 1466 5537 humanum
1504 5498 1674 5555 genus
1721 5483 1965 5553 perducit
2009 5482 2076 5537 ad
2106 5483 2217 5552 pie-

720 5658 771 5692 “
794 5656 1129 5727 SophonJI,
1158 5661 1209 5715 5.

720 5792 985 5868 (99)__Ha2c
1013 5796 1281 5852 habentur
1311 5798 1556 5868 superius
1584 5798 1648 5853 ad
1684 5800 1827 5854 hunc
1855 5812 2097 5855 versum.

722 5865 953 5936 (illlam
981 5870 1233 5936 superius
1270 5874 1334 5926 ad
1379 5865 1438 5925 ht

2338 4747 2400 4802 τὸ
2433 4747 2742 4819 πρόσωπον,
2761 4744 3117 4798 διδασκόντων
3150 4742 3218 4795 τὰ
3245 4742 3391 4813 ἔθνη,
3408 4742 3483 4807 ὡς
3508 4742 3615 4815 ἄρα
3628 4736 3785 4807 οὗτος
3811 4746 3843 4797 ὁ
3868 4746 3930 4798 ἐν

2339 4844 2404 4913 τῇ
2433 4840 2571 4895 κατὰ
2607 4840 2781 4909 σάρκα
2813 4837 3081 4910 παρουσίᾳ
3118 4835 3216 4901 τὰς
3250 4836 3575 4907 θεοσημείας
3612 4835 3929 4908 ὲργαζόμευ

2339 4950 2447 4996 νος.
2480 4931 2639 4997 αὑτός
2669 4933 2813 4984 ἐστιν
2870 4932 2897 4983 ὁ
2947 4929 3113 4983 πάλαι
3167 4927 3265 5001 τὴν
3333 4926 3600 4999 Ἐρυθρὰν
3641 4928 3929 4984 Θάλασσαν

2340 5024 2600 5097 ξηράνας,
2647 5023 2879 5094 καὶμὴν
2930 5022 3025 5077 καὶ
3078 5022 3170 5075 τοῦ
3214 5020 3479 5092 Ἰορδάνου
3526 5022 3811 5094 ἀνακύψας
3856 5022 3929 5080 τὰ

2340 5117 2608 5189 ῥεύματα,
2651 5116 2728 5178 ὡς
2783 5117 2905 5169 ποδὶ
2939 5114 3225 5186 παρελθεῖν
3286 5113 3410 5177 τοὺς
3465 5115 3615 5178 υἱοὺς
3674 5115 3922 5187 Ἰσραήλ.

2334 5209 2502 5279 Φησὶν
2530 5205 2641 5263 οὖν·
2685 5207 3045 5278 Ἐπιστήσατε
3098 5205 3188 5259 τὸν
3224 5205 3349 5258 νοῦν
3402 5205 3497 5259 καὶ
3539 5210 3922 5280 κατανοήσατε

2332 5299 2441 5351 τῶν
2471 5298 2575 5352 ὑπὸ
2602 5297 2693 5350 τοῦ
2725 5297 2927 5366 ἀγαθοῦ
2963 5296 3097 5351 Θεοῦ
3132 5296 3433 5367 γινομένων
3464 5296 3733 5361 ἑκάστων,
3766 5299 3923 5363 ὅπως

2332 5392 2476 5459 ἐστὶν
2510 5393 2566 5443 ἐν
2594 5391 2805 5461 βουλαῖς
2857 5390 3257 5458 άκατάληπτος·
3288 5391 3383 5443 καὶ
3420 5391 3519 5459 τὴν
3552 5391 3793 5463 ἄρρητον
3822 5394 3924 5446 αὺ-

2330 5483 2421 5536 τοῦ
2451 5485 2640 5553 σοφίαν
2664 5483 3000 5554 θαυμάσατε,
3034 5483 3099 5537 δι’
3120 5476 3186 5554 ἧς
3209 5483 3269 5537 τὸ
3294 5483 3403 5537 τῶν
3432 5482 3740 5556 ἀνθρώπων
3758 5485 3923 5557 γένος

2393 5796 2468 5867 (2)
2511 5797 2631 5855 llaec
2660 5815 2846 5871 supra.
2878 5800 2969 5855 sed
3000 5799 3269 5854 breviora.
