  <div class='ocr_page' id='page_1' title='image "/cluster/home/n/w/nwhite01/storage/ocr_20150623/27/uva.x030474749/302.png"; bbox 0 0 4126 6486; ppageno 0'>
   <div class='ocr_carea' id='block_1_1' title="bbox 216 415 3430 492">
    <p class='ocr_par' dir='ltr' id='par_1_1' title="bbox 216 415 3430 492">
     <span class='ocr_line' id='line_1_1' title="bbox 216 415 3430 492; baseline -0.001 -5"><span class='ocrx_word' id='word_1_1' title='bbox 216 415 323 472; x_wconf 83' lang='lat'><strong>585</strong></span> <span class='ocrx_word' id='word_1_2' title='bbox 1185 431 1609 489; x_wconf 75' lang='lat' dir='ltr'><strong>FRAGMENTA</strong></span> <span class='ocrx_word' id='word_1_3' title='bbox 1647 435 1995 492; x_wconf 75' lang='lat' dir='ltr'><strong>COMMENT.</strong></span> <span class='ocrx_word' id='word_1_4' title='bbox 2037 435 2102 489; x_wconf 77' lang='lat' dir='ltr'><strong>lN</strong></span> <span class='ocrx_word' id='word_1_5' title='bbox 2145 433 2485 491; x_wconf 76' lang='lat' dir='ltr'><strong>PSALMOS.</strong></span> <span class='ocrx_word' id='word_1_6' title='bbox 3326 428 3430 486; x_wconf 84' lang='lat'><strong>586</strong></span> 
     </span>
    </p>
   </div>
   <div class='ocr_carea' id='block_1_2' title="bbox 217 534 1804 621">
    <p class='ocr_par' dir='ltr' id='par_1_2' title="bbox 217 534 1779 621">
     <span class='ocr_line' id='line_1_2' title="bbox 217 534 1779 621; baseline 0.012 -36"><span class='ocrx_word' id='word_1_7' title='bbox 217 534 441 604; x_wconf 86' lang='grc' dir='ltr'>ποδηγεῖ</span> <span class='ocrx_word' id='word_1_8' title='bbox 473 537 607 608; x_wconf 64' lang='grc' dir='ltr'>προς</span> <span class='ocrx_word' id='word_1_9' title='bbox 663 541 959 596; x_wconf 73' lang='grc' dir='ltr'>εὐσέϐειαν.</span> <span class='ocrx_word' id='word_1_10' title='bbox 993 546 1251 619; x_wconf 77' lang='grc' dir='ltr'>Φοϐεραῖς</span> <span class='ocrx_word' id='word_1_11' title='bbox 1285 548 1390 621; x_wconf 72' lang='grc' dir='ltr'><strong>γὰρ</strong></span> <span class='ocrx_word' id='word_1_12' title='bbox 1425 554 1516 602; x_wconf 59' lang='grc' dir='ltr'><strong>και</strong></span> <span class='ocrx_word' id='word_1_13' title='bbox 1569 551 1779 620; x_wconf 87' lang='grc' dir='ltr'>θαυμα-</span> 
     </span>
    </p>
   </div>
   <div class='ocr_carea' id='block_1_3' title="bbox 1867 534 3434 621">
    <p class='ocr_par' dir='ltr' id='par_1_3' title="bbox 1880 543 3434 618">
     <span class='ocr_line' id='line_1_3' title="bbox 1880 543 3434 618; baseline -0.003 -13"><span class='ocrx_word' id='word_1_14' title='bbox 1880 559 2064 605; x_wconf 85' lang='lat' dir='ltr'><strong>tatem.</strong></span> <span class='ocrx_word' id='word_1_15' title='bbox 2102 549 2420 604; x_wconf 85' lang='lat' dir='ltr'><strong>Tremendis</strong></span> <span class='ocrx_word' id='word_1_16' title='bbox 2452 563 2684 618; x_wconf 90' lang='lat' dir='ltr'><strong>namque</strong></span> <span class='ocrx_word' id='word_1_17' title='bbox 2715 557 2769 604; x_wconf 90' lang='lat' dir='ltr'><strong>et</strong></span> <span class='ocrx_word' id='word_1_18' title='bbox 2799 547 3129 602; x_wconf 87' lang='lat' dir='ltr'><strong>admiramhs</strong></span> <span class='ocrx_word' id='word_1_19' title='bbox 3168 543 3434 601; x_wconf 82' lang='lat' dir='ltr'><strong>machinis</strong></span> 
     </span>
    </p>
   </div>
   <div class='ocr_carea' id='block_1_4' title="bbox 216 629 1804 713">
    <p class='ocr_par' dir='ltr' id='par_1_4' title="bbox 216 629 1776 712">
     <span class='ocr_line' id='line_1_4' title="bbox 216 629 1776 712; baseline 0.01 -34"><span class='ocrx_word' id='word_1_20' title='bbox 216 629 367 689; x_wconf 80' lang='grc' dir='ltr'>σταῖς</span> <span class='ocrx_word' id='word_1_21' title='bbox 409 633 680 699; x_wconf 68' lang='grc' dir='ltr'>μηχαναῖς</span> <span class='ocrx_word' id='word_1_22' title='bbox 718 635 856 706; x_wconf 75' lang='grc' dir='ltr'>ὑπὲρ</span> <span class='ocrx_word' id='word_1_23' title='bbox 881 637 978 705; x_wconf 83' lang='grc' dir='ltr'>τῆς</span> <span class='ocrx_word' id='word_1_24' title='bbox 1007 638 1112 691; x_wconf 82' lang='grc' dir='ltr'>τῶν</span> <span class='ocrx_word' id='word_1_25' title='bbox 1165 640 1461 712; x_wconf 82' lang='grc' dir='ltr'>ἀνθρώπων</span> <span class='ocrx_word' id='word_1_26' title='bbox 1514 644 1776 712; x_wconf 80' lang='grc' dir='ltr'>κέχρηται</span> 
     </span>
    </p>
   </div>
   <div class='ocr_carea' id='block_1_5' title="bbox 1867 629 2954 713">
    <p class='ocr_par' dir='ltr' id='par_1_5' title="bbox 1887 641 2954 713">
     <span class='ocr_line' id='line_1_5' title="bbox 1887 641 2954 713; baseline -0.004 -15"><span class='ocrx_word' id='word_1_27' title='bbox 1887 659 2017 698; x_wconf 89' lang='lat' dir='ltr'><strong>usus</strong></span> <span class='ocrx_word' id='word_1_28' title='bbox 2043 653 2122 698; x_wconf 75' lang='lat' dir='ltr'><strong>rsl</strong></span> <span class='ocrx_word' id='word_1_29' title='bbox 2152 653 2369 713; x_wconf 85' lang='lat' dir='ltr'><strong>propter</strong></span> <span class='ocrx_word' id='word_1_30' title='bbox 2398 643 2675 697; x_wconf 88' lang='lat' dir='ltr'><strong>hominum</strong></span> <span class='ocrx_word' id='word_1_31' title='bbox 2707 641 2954 697; x_wconf 80' lang='lat' dir='ltr'><strong>salutem.</strong></span> 
     </span>
    </p>
   </div>
   <div class='ocr_carea' id='block_1_6' title="bbox 215 717 504 787">
    <p class='ocr_par' dir='ltr' id='par_1_6' title="bbox 215 717 504 787">
     <span class='ocr_line' id='line_1_6' title="bbox 215 717 504 787; baseline 0.024 -21"><span class='ocrx_word' id='word_1_32' title='bbox 215 717 504 787; x_wconf 76' lang='grc' dir='ltr'>σωτηρίας.</span> 
     </span>
    </p>
   </div>
   <div class='ocr_carea' id='block_1_7' title="bbox 1109 819 2552 890">
    <p class='ocr_par' dir='ltr' id='par_1_7' title="bbox 1109 819 2552 890">
     <span class='ocr_line' id='line_1_7' title="bbox 1109 819 2552 890; baseline -0.002 -17"><span class='ocrx_word' id='word_1_33' title='bbox 1109 819 1175 873; x_wconf 82' lang='grc' dir='ltr'><strong>1η</strong></span> <span class='ocrx_word' id='word_1_34' title='bbox 1205 822 1355 874; x_wconf 81' lang='lat' dir='ltr'><strong>verba</strong></span> <span class='ocrx_word' id='word_1_35' title='bbox 1381 823 1608 890; x_wconf 85' lang='lat' dir='ltr'><strong>ejusdem</strong></span> <span class='ocrx_word' id='word_1_36' title='bbox 1636 840 1652 877; x_wconf 92' lang='lat'><strong><em>:</em></strong></span> <span class='ocrx_word' id='word_1_37' title='bbox 1684 843 1701 872; x_wconf 74' lang='grc' dir='ltr'><strong>ι</strong></span> <span class='ocrx_word' id='word_1_38' title='bbox 1744 823 1825 876; x_wconf 81' lang='lat' dir='ltr'><strong>Ibi</strong></span> <span class='ocrx_word' id='word_1_39' title='bbox 1863 822 2176 887; x_wconf 63' lang='lat' dir='ltr'><strong>(tutabimur,</strong></span> <span class='ocrx_word' id='word_1_40' title='bbox 2214 843 2230 871; x_wconf 78' lang='grc' dir='ltr'><strong>ι</strong></span> <span class='ocrx_word' id='word_1_41' title='bbox 2266 831 2390 884; x_wconf 86' lang='lat' dir='ltr'><strong>etc.,</strong></span> <span class='ocrx_word' id='word_1_42' title='bbox 2423 837 2468 872; x_wconf 74' lang='grc' dir='ltr'>υ.</span> <span class='ocrx_word' id='word_1_43' title='bbox 2500 819 2552 872; x_wconf 83' lang='grc'><strong>6.</strong></span> 
     </span>
    </p>
   </div>
   <div class='ocr_carea' id='block_1_8' title="bbox 289 922 3428 1009">
    <p class='ocr_par' dir='ltr' id='par_1_8' title="bbox 289 922 3428 1009">
     <span class='ocr_line' id='line_1_8' title="bbox 289 922 3428 1009; baseline 0.003 -33"><span class='ocrx_word' id='word_1_44' title='bbox 289 922 575 981; x_wconf 71' lang='grc' dir='ltr'><strong>Ρνωγηὶεεα</strong></span> <span class='ocrx_word' id='word_1_45' title='bbox 605 931 951 997; x_wconf 75' lang='lat' dir='ltr'><strong>explicatione</strong></span> <span class='ocrx_word' id='word_1_46' title='bbox 970 949 1035 987; x_wconf 72' lang='lat' dir='ltr'><strong>ex</strong></span> <span class='ocrx_word' id='word_1_47' title='bbox 1065 934 1404 1000; x_wconf 85' lang='lat' dir='ltr'><strong>Theodoreto.</strong></span> <span class='ocrx_word' id='word_1_48' title='bbox 1431 940 1776 1009; x_wconf 70' lang='lat' dir='ltr'><strong>sequitnrt&#39;é).</strong></span> <span class='ocrx_word' id='word_1_49' title='bbox 1952 941 2251 993; x_wconf 70' lang='lat' dir='ltr'><strong>Athanasii.</strong></span> <span class='ocrx_word' id='word_1_50' title='bbox 2306 937 2406 992; x_wconf 83' lang='lat' dir='ltr'><strong>Sed</strong></span> <span class='ocrx_word' id='word_1_51' title='bbox 2442 939 2505 992; x_wconf 89' lang='lat' dir='ltr'><strong>ad</strong></span> <span class='ocrx_word' id='word_1_52' title='bbox 2543 937 2869 992; x_wconf 82' lang='lat' dir='ltr'><strong>intellectum</strong></span> <span class='ocrx_word' id='word_1_53' title='bbox 2899 954 2910 989; x_wconf 93' lang='lat'><strong>:</strong></span> <span class='ocrx_word' id='word_1_54' title='bbox 2937 933 3048 990; x_wconf 87' lang='lat' dir='ltr'><strong>Illic</strong></span> <span class='ocrx_word' id='word_1_55' title='bbox 3089 932 3428 1004; x_wconf 83' lang='lat' dir='ltr'><strong>regnabimus</strong></span> 
     </span>
    </p>
   </div>
   <div class='ocr_carea' id='block_1_9' title="bbox 227 1014 1804 1102">
    <p class='ocr_par' dir='ltr' id='par_1_9' title="bbox 227 1014 1783 1102">
     <span class='ocr_line' id='line_1_9' title="bbox 227 1014 1783 1102; baseline 0.012 -35"><span class='ocrx_word' id='word_1_56' title='bbox 227 1014 602 1072; x_wconf 78' lang='grc' dir='ltr'>Ἀθανασίου.</span> <span class='ocrx_word' id='word_1_57' title='bbox 641 1022 782 1092; x_wconf 82' lang='grc' dir='ltr'>Πρὸς</span> <span class='ocrx_word' id='word_1_58' title='bbox 815 1023 870 1076; x_wconf 84' lang='grc' dir='ltr'>δὲ</span> <span class='ocrx_word' id='word_1_59' title='bbox 905 1025 1046 1079; x_wconf 93' lang='grc' dir='ltr'>νοῦν·</span> <span class='ocrx_word' id='word_1_60' title='bbox 1091 1029 1236 1081; x_wconf 84' lang='grc' dir='ltr'>Ἐκεῖ</span> <span class='ocrx_word' id='word_1_61' title='bbox 1278 1031 1374 1083; x_wconf 79' lang='grc' dir='ltr'><strong>σὺν</strong></span> <span class='ocrx_word' id='word_1_62' title='bbox 1430 1031 1648 1102; x_wconf 82' lang='grc' dir='ltr'>Χριστῷ</span> <span class='ocrx_word' id='word_1_63' title='bbox 1689 1031 1783 1102; x_wconf 88' lang='grc' dir='ltr'>βα-</span> 
     </span>
    </p>
   </div>
   <div class='ocr_carea' id='block_1_10' title="bbox 1867 1014 3432 1102">
    <p class='ocr_par' dir='ltr' id='par_1_10' title="bbox 1881 1026 3432 1097">
     <span class='ocr_line' id='line_1_10' title="bbox 1881 1026 3432 1097; baseline -0.006 -9"><span class='ocrx_word' id='word_1_64' title='bbox 1881 1049 2003 1088; x_wconf 88' lang='lat' dir='ltr'><strong>cum</strong></span> <span class='ocrx_word' id='word_1_65' title='bbox 2035 1032 2274 1096; x_wconf 78' lang='lat' dir='ltr'><strong>Christo,</strong></span> <span class='ocrx_word' id='word_1_66' title='bbox 2322 1046 2444 1086; x_wconf 88' lang='lat' dir='ltr'><strong>cum</strong></span> <span class='ocrx_word' id='word_1_67' title='bbox 2476 1045 2616 1084; x_wconf 77' lang='lat' dir='ltr'><strong>novo</strong></span> <span class='ocrx_word' id='word_1_68' title='bbox 2649 1030 2736 1084; x_wconf 91' lang='lat' dir='ltr'><strong>ille</strong></span> <span class='ocrx_word' id='word_1_69' title='bbox 2784 1029 2980 1083; x_wconf 67' lang='lat' dir='ltr'><strong>saeculo</strong></span> <span class='ocrx_word' id='word_1_70' title='bbox 3028 1026 3330 1097; x_wconf 87' lang='lat' dir='ltr'><strong>imperabit,</strong></span> <span class='ocrx_word' id='word_1_71' title='bbox 3377 1029 3432 1079; x_wconf 87' lang='lat' dir='ltr'><strong>et</strong></span> 
     </span>
    </p>
   </div>
   <div class='ocr_carea' id='block_1_11' title="bbox 215 1106 1804 1193">
    <p class='ocr_par' dir='ltr' id='par_1_11' title="bbox 215 1106 1779 1192">
     <span class='ocr_line' id='line_1_11' title="bbox 215 1106 1779 1192; baseline 0.012 -34"><span class='ocrx_word' id='word_1_72' title='bbox 215 1106 554 1178; x_wconf 87' lang='grc' dir='ltr'>σιλεύσομεν,</span> <span class='ocrx_word' id='word_1_73' title='bbox 592 1113 748 1182; x_wconf 78' lang='grc' dir='ltr'>ἡνίκα</span> <span class='ocrx_word' id='word_1_74' title='bbox 776 1115 869 1168; x_wconf 91' lang='grc' dir='ltr'><strong>τοῦ</strong></span> <span class='ocrx_word' id='word_1_75' title='bbox 922 1117 1041 1170; x_wconf 89' lang='grc' dir='ltr'>νέου</span> <span class='ocrx_word' id='word_1_76' title='bbox 1076 1119 1267 1182; x_wconf 82' lang='grc' dir='ltr'>αἰῶνος</span> <span class='ocrx_word' id='word_1_77' title='bbox 1302 1121 1626 1192; x_wconf 83' lang='grc' dir='ltr'>βασιλεύσει,</span> <span class='ocrx_word' id='word_1_78' title='bbox 1685 1125 1779 1177; x_wconf 79' lang='grc' dir='ltr'>καὶ</span> 
     </span>
    </p>
   </div>
   <div class='ocr_carea' id='block_1_12' title="bbox 1867 1106 3430 1193">
    <p class='ocr_par' dir='ltr' id='par_1_12' title="bbox 1880 1115 3430 1193">
     <span class='ocr_line' id='line_1_12' title="bbox 1880 1115 3430 1193; baseline -0.006 -15"><span class='ocrx_word' id='word_1_79' title='bbox 1880 1123 2186 1178; x_wconf 69' lang='grc' dir='ltr'>ιαἰσιιίιηυι·</span> <span class='ocrx_word' id='word_1_80' title='bbox 2211 1119 2378 1193; x_wconf 77' lang='lat' dir='ltr'><strong>super</strong></span> <span class='ocrx_word' id='word_1_81' title='bbox 2409 1122 2545 1192; x_wconf 91' lang='lat' dir='ltr'><strong>ipso.</strong></span> <span class='ocrx_word' id='word_1_82' title='bbox 2596 1120 2924 1175; x_wconf 66' lang='lat' dir='ltr'><strong>Laztahimur</strong></span> <span class='ocrx_word' id='word_1_83' title='bbox 2959 1133 3084 1173; x_wconf 80' lang='lat' dir='ltr'><strong>vero</strong></span> <span class='ocrx_word' id='word_1_84' title='bbox 3133 1119 3186 1172; x_wconf 90' lang='lat' dir='ltr'><strong>in</strong></span> <span class='ocrx_word' id='word_1_85' title='bbox 3219 1132 3304 1183; x_wconf 91' lang='lat' dir='ltr'><strong>eo,</strong></span> <span class='ocrx_word' id='word_1_86' title='bbox 3335 1115 3430 1186; x_wconf 87' lang='lat' dir='ltr'><strong>qui</strong></span> 
     </span>
    </p>
   </div>
   <div class='ocr_carea' id='block_1_13' title="bbox 212 1199 1804 1286">
    <p class='ocr_par' dir='ltr' id='par_1_13' title="bbox 212 1199 1778 1285">
     <span class='ocr_line' id='line_1_13' title="bbox 212 1199 1778 1285; baseline 0.011 -37"><span class='ocrx_word' id='word_1_87' title='bbox 212 1199 697 1272; x_wconf 75' lang='grc' dir='ltr'>εὖφρανθησόμεθα</span> <span class='ocrx_word' id='word_1_88' title='bbox 723 1207 996 1278; x_wconf 80' lang='grc' dir='ltr'>ἐπάύτῷ.</span> <span class='ocrx_word' id='word_1_89' title='bbox 1051 1211 1463 1282; x_wconf 75' lang='grc' dir='ltr'>Εὖφραινόμεθα</span> <span class='ocrx_word' id='word_1_90' title='bbox 1509 1213 1566 1266; x_wconf 78' lang='grc' dir='ltr'>δὲ</span> <span class='ocrx_word' id='word_1_91' title='bbox 1598 1215 1654 1266; x_wconf 85' lang='grc' dir='ltr'><strong>ἐν</strong></span> <span class='ocrx_word' id='word_1_92' title='bbox 1701 1214 1778 1285; x_wconf 83' lang='grc' dir='ltr'>τῷ</span> 
     </span>
    </p>
   </div>
   <div class='ocr_carea' id='block_1_14' title="bbox 1867 1199 2909 1286">
    <p class='ocr_par' dir='ltr' id='par_1_14' title="bbox 1880 1213 2909 1286">
     <span class='ocr_line' id='line_1_14' title="bbox 1880 1213 2909 1286; baseline 0 -17"><span class='ocrx_word' id='word_1_93' title='bbox 1880 1232 2000 1286; x_wconf 71' lang='lat' dir='ltr'><strong>qua:</strong></span> <span class='ocrx_word' id='word_1_94' title='bbox 2028 1215 2258 1269; x_wconf 74' lang='lat' dir='ltr'><strong>difficilia</strong></span> <span class='ocrx_word' id='word_1_95' title='bbox 2288 1225 2464 1278; x_wconf 87' lang='lat' dir='ltr'><strong>erant,</strong></span> <span class='ocrx_word' id='word_1_96' title='bbox 2498 1216 2630 1270; x_wconf 81' lang='lat' dir='ltr'><strong>levia</strong></span> <span class='ocrx_word' id='word_1_97' title='bbox 2660 1213 2909 1269; x_wconf 73' lang='lat' dir='ltr'><strong>reddidit.</strong></span> 
     </span>
    </p>
   </div>
   <div class='ocr_carea' id='block_1_15' title="bbox 213 1293 1054 1370">
    <p class='ocr_par' dir='ltr' id='par_1_15' title="bbox 213 1293 1054 1370">
     <span class='ocr_line' id='line_1_15' title="bbox 213 1293 1054 1370; baseline 0.013 -29"><span class='ocrx_word' id='word_1_98' title='bbox 213 1293 498 1362; x_wconf 83' lang='grc' dir='ltr'>ποιήσαντι</span> <span class='ocrx_word' id='word_1_99' title='bbox 528 1294 595 1347; x_wconf 81' lang='grc' dir='ltr'>τὰ</span> <span class='ocrx_word' id='word_1_100' title='bbox 620 1295 846 1370; x_wconf 85' lang='grc' dir='ltr'><strong>δυσχερῆ</strong></span> <span class='ocrx_word' id='word_1_101' title='bbox 881 1300 1054 1370; x_wconf 77' lang='grc' dir='ltr'>ῥᾴδια.</span> 
     </span>
    </p>
   </div>
   <div class='ocr_carea' id='block_1_16' title="bbox 1344 1393 2298 1465">
    <p class='ocr_par' dir='ltr' id='par_1_16' title="bbox 1344 1393 2298 1465">
     <span class='ocr_line' id='line_1_16' title="bbox 1344 1393 2298 1465; baseline -0.001 -15"><span class='ocrx_word' id='word_1_102' title='bbox 1344 1393 1599 1451; x_wconf 88' lang='lat' dir='ltr'><strong>Similiter</strong></span> <span class='ocrx_word' id='word_1_103' title='bbox 1621 1399 1672 1450; x_wconf 91' lang='lat' dir='ltr'><strong>in</strong></span> <span class='ocrx_word' id='word_1_104' title='bbox 1697 1412 1897 1452; x_wconf 77' lang='lat' dir='ltr'><strong>versum</strong></span> <span class='ocrx_word' id='word_1_105' title='bbox 1927 1404 2222 1465; x_wconf 83' lang='lat' dir='ltr'><strong>sequentem</strong></span> <span class='ocrx_word' id='word_1_106' title='bbox 2250 1393 2298 1449; x_wconf 88' lang='lat'><strong>7.</strong></span> 
     </span>
    </p>
   </div>
   <div class='ocr_carea' id='block_1_17' title="bbox 295 1476 1804 1564">
    <p class='ocr_par' dir='ltr' id='par_1_17' title="bbox 295 1476 1777 1564">
     <span class='ocr_line' id='line_1_17' title="bbox 295 1476 1777 1564; baseline 0.011 -35"><span class='ocrx_word' id='word_1_107' title='bbox 295 1476 654 1546; x_wconf 77' lang='grc' dir='ltr'>Ἄθανὰσιος,</span> <span class='ocrx_word' id='word_1_108' title='bbox 710 1484 1015 1551; x_wconf 72' lang='grc' dir='ltr'>Εὐσέϐιος.</span> <span class='ocrx_word' id='word_1_109' title='bbox 1071 1489 1225 1542; x_wconf 76' lang='grc' dir='ltr'>Κατὰ</span> <span class='ocrx_word' id='word_1_110' title='bbox 1301 1491 1357 1544; x_wconf 82' lang='grc' dir='ltr'>δὲ</span> <span class='ocrx_word' id='word_1_111' title='bbox 1410 1493 1777 1564; x_wconf 77' lang='grc' dir='ltr'>πνευματικὴν</span> 
     </span>
    </p>
   </div>
   <div class='ocr_carea' id='block_1_18' title="bbox 1867 1476 3431 1564">
    <p class='ocr_par' dir='ltr' id='par_1_18' title="bbox 1951 1490 3431 1562">
     <span class='ocr_line' id='line_1_18' title="bbox 1951 1490 3431 1562; baseline -0.001 -16"><span class='ocrx_word' id='word_1_112' title='bbox 1951 1492 2295 1558; x_wconf 76' lang='lat' dir='ltr'><strong>Athanasius,</strong></span> <span class='ocrx_word' id='word_1_113' title='bbox 2330 1491 2606 1548; x_wconf 75' lang='lat' dir='ltr'><strong>Eusebius.</strong></span> <span class='ocrx_word' id='word_1_114' title='bbox 2664 1492 2717 1546; x_wconf 92' lang='lat' dir='ltr'><strong>Si</strong></span> <span class='ocrx_word' id='word_1_115' title='bbox 2766 1508 2891 1547; x_wconf 77' lang='lat' dir='ltr'><strong>vero</strong></span> <span class='ocrx_word' id='word_1_116' title='bbox 2923 1491 3270 1562; x_wconf 86' lang='lat' dir='ltr'><strong>spiritualitcr</strong></span> <span class='ocrx_word' id='word_1_117' title='bbox 3317 1490 3431 1546; x_wconf 64' lang='lat' dir='ltr'><strong>hac</strong></span> 
     </span>
    </p>
   </div>
   <div class='ocr_carea' id='block_1_19' title="bbox 211 1567 1804 1655">
    <p class='ocr_par' dir='ltr' id='par_1_19' title="bbox 211 1567 1773 1655">
     <span class='ocr_line' id='line_1_19' title="bbox 211 1567 1773 1655; baseline 0.012 -36"><span class='ocrx_word' id='word_1_118' title='bbox 211 1567 436 1641; x_wconf 74' lang='grc' dir='ltr'>ἐκδοχὴν</span> <span class='ocrx_word' id='word_1_119' title='bbox 460 1571 764 1643; x_wconf 71' lang='grc' dir='ltr'>ὀφθαλμοὺς</span> <span class='ocrx_word' id='word_1_120' title='bbox 795 1575 928 1630; x_wconf 86' lang='grc' dir='ltr'>Θεοῦ</span> <span class='ocrx_word' id='word_1_121' title='bbox 973 1580 1097 1644; x_wconf 70' lang='grc' dir='ltr'>τοὺς</span> <span class='ocrx_word' id='word_1_122' title='bbox 1138 1582 1462 1646; x_wconf 78' lang='grc' dir='ltr'><strong>ἀποστόλους</strong></span> <span class='ocrx_word' id='word_1_123' title='bbox 1491 1586 1773 1655; x_wconf 76' lang='grc' dir='ltr'>νοὴσομεν·</span> 
     </span>
    </p>
   </div>
   <div class='ocr_carea' id='block_1_20' title="bbox 1867 1567 3432 1655">
    <p class='ocr_par' dir='ltr' id='par_1_20' title="bbox 1877 1584 3432 1655">
     <span class='ocr_line' id='line_1_20' title="bbox 1877 1584 3432 1655; baseline -0.002 -14"><span class='ocrx_word' id='word_1_124' title='bbox 1877 1586 2253 1655; x_wconf 82' lang='lat' dir='ltr'><strong>accipiantur,</strong></span> <span class='ocrx_word' id='word_1_125' title='bbox 2310 1586 2499 1641; x_wconf 90' lang='lat' dir='ltr'><strong>oculos</strong></span> <span class='ocrx_word' id='word_1_126' title='bbox 2547 1585 2638 1641; x_wconf 88' lang='lat' dir='ltr'><strong>Dei</strong></span> <span class='ocrx_word' id='word_1_127' title='bbox 2699 1585 2972 1655; x_wconf 79' lang='lat' dir='ltr'><strong>apostolos</strong></span> <span class='ocrx_word' id='word_1_128' title='bbox 3014 1585 3118 1638; x_wconf 88' lang='lat' dir='ltr'><strong>dici</strong></span> <span class='ocrx_word' id='word_1_129' title='bbox 3166 1584 3432 1654; x_wconf 83' lang='lat' dir='ltr'><strong>intellige-</strong></span> 
     </span>
    </p>
   </div>
   <div class='ocr_carea' id='block_1_21' title="bbox 211 1663 1804 1748">
    <p class='ocr_par' dir='ltr' id='par_1_21' title="bbox 211 1663 1777 1748">
     <span class='ocr_line' id='line_1_21' title="bbox 211 1663 1777 1748; baseline 0.011 -36"><span class='ocrx_word' id='word_1_130' title='bbox 211 1663 745 1735; x_wconf 78' lang='grc' dir='ltr'>παραπικραίνοντας</span> <span class='ocrx_word' id='word_1_131' title='bbox 777 1667 833 1721; x_wconf 81' lang='grc' dir='ltr'>δὲ</span> <span class='ocrx_word' id='word_1_132' title='bbox 861 1671 986 1728; x_wconf 81' lang='grc' dir='ltr'>τοὺς</span> <span class='ocrx_word' id='word_1_133' title='bbox 1015 1671 1318 1736; x_wconf 73' lang='grc' dir='ltr'><strong>Ἰουδαίους,</strong></span> <span class='ocrx_word' id='word_1_134' title='bbox 1345 1673 1434 1738; x_wconf 85' lang='grc' dir='ltr'>οὓς</span> <span class='ocrx_word' id='word_1_135' title='bbox 1468 1677 1561 1728; x_wconf 72' lang='grc' dir='ltr'>καὶ</span> <span class='ocrx_word' id='word_1_136' title='bbox 1583 1678 1628 1728; x_wconf 85' lang='grc' dir='ltr'>οἱ</span> <span class='ocrx_word' id='word_1_137' title='bbox 1653 1693 1777 1748; x_wconf 88' lang='grc' dir='ltr'>προ-</span> 
     </span>
    </p>
   </div>
   <div class='ocr_carea' id='block_1_22' title="bbox 1867 1663 3427 1748">
    <p class='ocr_par' dir='ltr' id='par_1_22' title="bbox 1878 1675 3427 1747">
     <span class='ocr_line' id='line_1_22' title="bbox 1878 1675 3427 1747; baseline -0.001 -16"><span class='ocrx_word' id='word_1_138' title='bbox 1878 1692 2001 1732; x_wconf 88' lang='lat' dir='ltr'><strong>mus</strong></span> <span class='ocrx_word' id='word_1_139' title='bbox 2027 1695 2039 1730; x_wconf 89' lang='lat'><strong>:</strong></span> <span class='ocrx_word' id='word_1_140' title='bbox 2066 1677 2452 1732; x_wconf 73' lang='lat' dir='ltr'><strong>exacerbantes</strong></span> <span class='ocrx_word' id='word_1_141' title='bbox 2479 1692 2625 1741; x_wconf 88' lang='lat' dir='ltr'><strong>vero,</strong></span> <span class='ocrx_word' id='word_1_142' title='bbox 2655 1675 2892 1742; x_wconf 67' lang='lat' dir='ltr'><strong>Iudaeos,</strong></span> <span class='ocrx_word' id='word_1_143' title='bbox 2929 1693 3066 1747; x_wconf 91' lang='lat' dir='ltr'><strong>quos</strong></span> <span class='ocrx_word' id='word_1_144' title='bbox 3093 1676 3255 1731; x_wconf 89' lang='lat' dir='ltr'><strong>etiam</strong></span> <span class='ocrx_word' id='word_1_145' title='bbox 3303 1692 3427 1745; x_wconf 92' lang='lat' dir='ltr'><strong>pro-</strong></span> 
     </span>
    </p>
   </div>
   <div class='ocr_carea' id='block_1_23' title="bbox 211 1750 1804 1860">
    <p class='ocr_par' dir='ltr' id='par_1_23' title="bbox 211 1750 1771 1838">
     <span class='ocr_line' id='line_1_23' title="bbox 211 1750 1771 1838; baseline 0.011 -35"><span class='ocrx_word' id='word_1_146' title='bbox 211 1752 376 1822; x_wconf 76' lang='grc' dir='ltr'>φῆται</span> <span class='ocrx_word' id='word_1_147' title='bbox 419 1750 564 1808; x_wconf 83' lang='grc' dir='ltr'>οἷκον</span> <span class='ocrx_word' id='word_1_148' title='bbox 626 1757 848 1813; x_wconf 83' lang='grc' dir='ltr'><strong>ἐκάλουν</strong></span> <span class='ocrx_word' id='word_1_149' title='bbox 901 1763 1425 1832; x_wconf 72' lang='grc' dir='ltr'>παραπικραίνοντα.</span> <span class='ocrx_word' id='word_1_150' title='bbox 1489 1765 1583 1828; x_wconf 87' lang='grc' dir='ltr'><strong>Τίς</strong></span> <span class='ocrx_word' id='word_1_151' title='bbox 1642 1767 1771 1838; x_wconf 83' lang='grc' dir='ltr'>γὰρ,</span> 
     </span>
    </p>
   </div>
   <div class='ocr_carea' id='block_1_24' title="bbox 1867 1750 3426 1860">
    <p class='ocr_par' dir='ltr' id='par_1_24' title="bbox 1881 1768 3426 1839">
     <span class='ocr_line' id='line_1_24' title="bbox 1881 1768 3426 1839; baseline 0.001 -17"><span class='ocrx_word' id='word_1_152' title='bbox 1881 1769 2058 1839; x_wconf 75' lang='lat' dir='ltr'><strong>phetee</strong></span> <span class='ocrx_word' id='word_1_153' title='bbox 2085 1779 2346 1824; x_wconf 84' lang='lat' dir='ltr'><strong>vocarunt</strong></span> <span class='ocrx_word' id='word_1_154' title='bbox 2363 1771 2581 1826; x_wconf 92' lang='lat' dir='ltr'><strong>domum</strong></span> <span class='ocrx_word' id='word_1_155' title='bbox 2613 1768 3017 1826; x_wconf 79' lang='lat' dir='ltr'><strong>exacerbantem</strong></span> <span class='ocrx_word' id='word_1_156' title='bbox 3039 1772 3099 1825; x_wconf 74' lang='grc'><strong>⁸⁸.</strong></span> <span class='ocrx_word' id='word_1_157' title='bbox 3128 1770 3258 1836; x_wconf 83' lang='lat' dir='ltr'><strong>Quis</strong></span> <span class='ocrx_word' id='word_1_158' title='bbox 3284 1772 3426 1826; x_wconf 88' lang='lat' dir='ltr'><strong>enim</strong></span> 
     </span>
    </p>
   </div>
   <div class='ocr_carea' id='block_1_25' title="bbox 211 1847 1804 1930">
    <p class='ocr_par' dir='ltr' id='par_1_25' title="bbox 211 1847 1776 1930">
     <span class='ocr_line' id='line_1_25' title="bbox 211 1847 1776 1930; baseline 0.008 -33"><span class='ocrx_word' id='word_1_159' title='bbox 211 1847 394 1915; x_wconf 68' lang='grc' dir='ltr'>φησιν,</span> <span class='ocrx_word' id='word_1_160' title='bbox 435 1848 464 1899; x_wconf 81' lang='grc' dir='ltr'><strong>δ</strong></span> <span class='ocrx_word' id='word_1_161' title='bbox 495 1851 944 1921; x_wconf 85' lang='grc' dir='ltr'>παραπικραίνων</span> <span class='ocrx_word' id='word_1_162' title='bbox 973 1853 1142 1926; x_wconf 75' lang='grc' dir='ltr'>ἀλλ’ἢ</span> <span class='ocrx_word' id='word_1_163' title='bbox 1174 1855 1206 1907; x_wconf 79' lang='grc' dir='ltr'>ὁ</span> <span class='ocrx_word' id='word_1_164' title='bbox 1229 1851 1376 1920; x_wconf 81' lang='grc' dir='ltr'>οἶκος</span> <span class='ocrx_word' id='word_1_165' title='bbox 1419 1857 1632 1930; x_wconf 78' lang='grc' dir='ltr'>Ἰσραήλ</span> <span class='ocrx_word' id='word_1_166' title='bbox 1653 1876 1668 1924; x_wconf 87' lang='lat'><strong>;</strong></span> <span class='ocrx_word' id='word_1_167' title='bbox 1687 1858 1776 1929; x_wconf 81' lang='grc' dir='ltr'>Τῷ</span> 
     </span>
    </p>
   </div>
   <div class='ocr_carea' id='block_1_26' title="bbox 1867 1847 3431 1930">
    <p class='ocr_par' dir='ltr' id='par_1_26' title="bbox 1877 1858 3431 1929">
     <span class='ocr_line' id='line_1_26' title="bbox 1877 1858 3431 1929; baseline 0.001 -15"><span class='ocrx_word' id='word_1_168' title='bbox 1877 1867 1981 1925; x_wconf 87' lang='lat' dir='ltr'><strong>est,</strong></span> <span class='ocrx_word' id='word_1_169' title='bbox 2005 1860 2078 1913; x_wconf 85' lang='lat' dir='ltr'><strong>ait</strong></span> <span class='ocrx_word' id='word_1_170' title='bbox 2111 1858 2269 1925; x_wconf 86' lang='lat' dir='ltr'><strong>Deus,</strong></span> <span class='ocrx_word' id='word_1_171' title='bbox 2293 1861 2384 1929; x_wconf 88' lang='lat' dir='ltr'><strong>qui</strong></span> <span class='ocrx_word' id='word_1_172' title='bbox 2413 1876 2498 1915; x_wconf 89' lang='lat' dir='ltr'><strong>me</strong></span> <span class='ocrx_word' id='word_1_173' title='bbox 2521 1862 2824 1926; x_wconf 81' lang='lat' dir='ltr'><strong>exacerbat,</strong></span> <span class='ocrx_word' id='word_1_174' title='bbox 2861 1861 2964 1916; x_wconf 88' lang='lat' dir='ltr'><strong>nisi</strong></span> <span class='ocrx_word' id='word_1_175' title='bbox 2998 1861 3192 1917; x_wconf 89' lang='lat' dir='ltr'><strong>domus</strong></span> <span class='ocrx_word' id='word_1_176' title='bbox 3231 1861 3431 1917; x_wconf 77' lang='lat' dir='ltr'><strong>Israel?</strong></span> 
     </span>
    </p>
   </div>
   <div class='ocr_carea' id='block_1_27' title="bbox 209 1936 1804 2020">
    <p class='ocr_par' dir='ltr' id='par_1_27' title="bbox 209 1936 1777 2020">
     <span class='ocr_line' id='line_1_27' title="bbox 209 1936 1777 2020; baseline 0.01 -32"><span class='ocrx_word' id='word_1_177' title='bbox 209 1936 340 2003; x_wconf 86' lang='grc' dir='ltr'>γοῦν</span> <span class='ocrx_word' id='word_1_178' title='bbox 368 1939 770 2013; x_wconf 82' lang='grc' dir='ltr'><strong>παραπτώματι</strong></span> <span class='ocrx_word' id='word_1_179' title='bbox 801 1943 894 1996; x_wconf 86' lang='grc' dir='ltr'><strong>τοῦ</strong></span> <span class='ocrx_word' id='word_1_180' title='bbox 952 1945 1164 2018; x_wconf 78' lang='grc' dir='ltr'>Ἰσραὴλ</span> <span class='ocrx_word' id='word_1_181' title='bbox 1189 1948 1281 2000; x_wconf 71' lang='grc' dir='ltr'>ἐπὶ</span> <span class='ocrx_word' id='word_1_182' title='bbox 1312 1947 1380 2000; x_wconf 80' lang='grc' dir='ltr'>τὰ</span> <span class='ocrx_word' id='word_1_183' title='bbox 1410 1948 1535 2020; x_wconf 74' lang='grc' dir='ltr'>ἔθνη</span> <span class='ocrx_word' id='word_1_184' title='bbox 1570 1951 1777 2004; x_wconf 83' lang='grc' dir='ltr'><strong>ἐπεῖδεν</strong></span> 
     </span>
    </p>
   </div>
   <div class='ocr_carea' id='block_1_28' title="bbox 1867 1936 3430 2020">
    <p class='ocr_par' dir='ltr' id='par_1_28' title="bbox 1880 1946 3430 2020">
     <span class='ocr_line' id='line_1_28' title="bbox 1880 1946 3430 2020; baseline 0.003 -19"><span class='ocrx_word' id='word_1_185' title='bbox 1880 1946 2016 2002; x_wconf 90' lang='lat' dir='ltr'><strong>Cum</strong></span> <span class='ocrx_word' id='word_1_186' title='bbox 2050 1948 2212 2018; x_wconf 89' lang='lat' dir='ltr'><strong>igitur</strong></span> <span class='ocrx_word' id='word_1_187' title='bbox 2241 1946 2404 2003; x_wconf 87' lang='lat' dir='ltr'><strong>Israel</strong></span> <span class='ocrx_word' id='word_1_188' title='bbox 2430 1950 2738 2013; x_wconf 80' lang='lat' dir='ltr'><strong>excidisset,</strong></span> <span class='ocrx_word' id='word_1_189' title='bbox 2771 1952 3005 2020; x_wconf 81' lang='lat' dir='ltr'><strong>respexit</strong></span> <span class='ocrx_word' id='word_1_190' title='bbox 3035 1950 3178 2006; x_wconf 87' lang='lat' dir='ltr'><strong>Deus</strong></span> <span class='ocrx_word' id='word_1_191' title='bbox 3209 1952 3276 2006; x_wconf 86' lang='lat' dir='ltr'><strong>ad</strong></span> <span class='ocrx_word' id='word_1_192' title='bbox 3302 1968 3430 2020; x_wconf 82' lang='lat' dir='ltr'><strong>gen-</strong></span> 
     </span>
    </p>
   </div>
   <div class='ocr_carea' id='block_1_29' title="bbox 209 2028 1804 2111">
    <p class='ocr_par' dir='ltr' id='par_1_29' title="bbox 209 2028 1778 2106">
     <span class='ocr_line' id='line_1_29' title="bbox 209 2028 1778 2106; baseline 0.011 -25"><span class='ocrx_word' id='word_1_193' title='bbox 209 2029 238 2081; x_wconf 82' lang='grc' dir='ltr'><strong>ὁ</strong></span> <span class='ocrx_word' id='word_1_194' title='bbox 265 2028 486 2100; x_wconf 77' lang='grc' dir='ltr'>Κύριος.</span> <span class='ocrx_word' id='word_1_195' title='bbox 522 2032 677 2086; x_wconf 84' lang='grc' dir='ltr'><strong>Ὅθεν</strong></span> <span class='ocrx_word' id='word_1_196' title='bbox 705 2035 776 2105; x_wconf 82' lang='grc' dir='ltr'>μὴ</span> <span class='ocrx_word' id='word_1_197' title='bbox 803 2035 1152 2104; x_wconf 74' lang='grc' dir='ltr'>ὑψούσθωσαν</span> <span class='ocrx_word' id='word_1_198' title='bbox 1177 2041 1224 2092; x_wconf 79' lang='grc' dir='ltr'>οἱ</span> <span class='ocrx_word' id='word_1_199' title='bbox 1256 2040 1488 2105; x_wconf 77' lang='grc' dir='ltr'>ἀσεϐεῖς,</span> <span class='ocrx_word' id='word_1_200' title='bbox 1515 2042 1589 2106; x_wconf 87' lang='grc' dir='ltr'>ὼς</span> <span class='ocrx_word' id='word_1_201' title='bbox 1622 2042 1778 2097; x_wconf 80' lang='grc' dir='ltr'>δυνάο</span> 
     </span>
    </p>
   </div>
   <div class='ocr_carea' id='block_1_30' title="bbox 1867 2028 3425 2111">
    <p class='ocr_par' dir='ltr' id='par_1_30' title="bbox 1877 2036 3425 2111">
     <span class='ocr_line' id='line_1_30' title="bbox 1877 2036 3425 2111; baseline 0.003 -19"><span class='ocrx_word' id='word_1_202' title='bbox 1877 2046 1979 2092; x_wconf 89' lang='lat' dir='ltr'><strong>tes.</strong></span> <span class='ocrx_word' id='word_1_203' title='bbox 2027 2036 2293 2104; x_wconf 86' lang='lat' dir='ltr'><strong>Quocirca</strong></span> <span class='ocrx_word' id='word_1_204' title='bbox 2352 2053 2458 2092; x_wconf 91' lang='lat' dir='ltr'><strong>non</strong></span> <span class='ocrx_word' id='word_1_205' title='bbox 2508 2048 2590 2094; x_wconf 88' lang='lat' dir='ltr'><strong>est</strong></span> <span class='ocrx_word' id='word_1_206' title='bbox 2639 2056 2738 2094; x_wconf 88' lang='lat' dir='ltr'><strong>cur</strong></span> <span class='ocrx_word' id='word_1_207' title='bbox 2794 2057 2913 2096; x_wconf 76' lang='lat' dir='ltr'><strong>sese</strong></span> <span class='ocrx_word' id='word_1_208' title='bbox 2962 2042 3111 2111; x_wconf 90' lang='lat' dir='ltr'><strong>impii</strong></span> <span class='ocrx_word' id='word_1_209' title='bbox 3155 2042 3425 2111; x_wconf 86' lang='lat' dir='ltr'><strong>jactilent,</strong></span> 
     </span>
    </p>
   </div>
   <div class='ocr_carea' id='block_1_31' title="bbox 212 2122 1804 2206">
    <p class='ocr_par' dir='ltr' id='par_1_31' title="bbox 212 2122 1772 2206">
     <span class='ocr_line' id='line_1_31' title="bbox 212 2122 1772 2206; baseline 0.012 -35"><span class='ocrx_word' id='word_1_210' title='bbox 212 2137 362 2191; x_wconf 88' lang='grc' dir='ltr'>μενοι</span> <span class='ocrx_word' id='word_1_211' title='bbox 386 2122 643 2178; x_wconf 81' lang='grc' dir='ltr'><strong>ἀπολέσαι</strong></span> <span class='ocrx_word' id='word_1_212' title='bbox 671 2127 794 2186; x_wconf 80' lang='grc' dir='ltr'>τοὺς</span> <span class='ocrx_word' id='word_1_213' title='bbox 825 2127 902 2198; x_wconf 81' lang='grc' dir='ltr'>τῷ</span> <span class='ocrx_word' id='word_1_214' title='bbox 944 2130 1256 2202; x_wconf 82' lang='grc' dir='ltr'>Εὑαγγελίῳ</span> <span class='ocrx_word' id='word_1_215' title='bbox 1291 2136 1772 2206; x_wconf 80' lang='grc' dir='ltr'><strong>προσερχομένους·</strong></span> 
     </span>
    </p>
   </div>
   <div class='ocr_carea' id='block_1_32' title="bbox 1867 2122 3428 2206">
    <p class='ocr_par' dir='ltr' id='par_1_32' title="bbox 1877 2131 3428 2206">
     <span class='ocr_line' id='line_1_32' title="bbox 1877 2131 3428 2206; baseline 0.005 -23"><span class='ocrx_word' id='word_1_216' title='bbox 1877 2131 2034 2200; x_wconf 86' lang='lat' dir='ltr'><strong>quasi</strong></span> <span class='ocrx_word' id='word_1_217' title='bbox 2059 2133 2151 2200; x_wconf 90' lang='lat' dir='ltr'><strong>qui</strong></span> <span class='ocrx_word' id='word_1_218' title='bbox 2198 2132 2560 2186; x_wconf 76' lang='lat' dir='ltr'><strong>exterminare</strong></span> <span class='ocrx_word' id='word_1_219' title='bbox 2607 2132 2820 2202; x_wconf 90' lang='lat' dir='ltr'><strong>possint</strong></span> <span class='ocrx_word' id='word_1_220' title='bbox 2849 2149 2942 2188; x_wconf 89' lang='lat' dir='ltr'><strong>eos</strong></span> <span class='ocrx_word' id='word_1_221' title='bbox 2996 2137 3088 2204; x_wconf 89' lang='lat' dir='ltr'><strong>qui</strong></span> <span class='ocrx_word' id='word_1_222' title='bbox 3136 2134 3428 2206; x_wconf 85' lang='lat' dir='ltr'><strong>Evangelio</strong></span> 
     </span>
    </p>
   </div>
   <div class='ocr_carea' id='block_1_33' title="bbox 207 2211 1773 2298">
    <p class='ocr_par' dir='ltr' id='par_1_33' title="bbox 207 2211 1773 2298">
     <span class='ocr_line' id='line_1_33' title="bbox 207 2211 1773 2298; baseline 0.011 -34"><span class='ocrx_word' id='word_1_223' title='bbox 207 2211 344 2266; x_wconf 82' lang='grc' dir='ltr'>ἀλλὰ</span> <span class='ocrx_word' id='word_1_224' title='bbox 374 2216 494 2285; x_wconf 87' lang='grc' dir='ltr'>μηδ’</span> <span class='ocrx_word' id='word_1_225' title='bbox 527 2218 554 2268; x_wconf 87' lang='grc' dir='ltr'>ὁ</span> <span class='ocrx_word' id='word_1_226' title='bbox 587 2217 892 2291; x_wconf 84' lang='grc' dir='ltr'><strong>ὑπερόπτης</strong></span> <span class='ocrx_word' id='word_1_227' title='bbox 925 2221 1069 2285; x_wconf 81' lang='grc' dir='ltr'>λαὸς,</span> <span class='ocrx_word' id='word_1_228' title='bbox 1106 2224 1272 2294; x_wconf 72' lang='grc' dir='ltr'>ἤγουν</span> <span class='ocrx_word' id='word_1_229' title='bbox 1305 2225 1332 2276; x_wconf 86' lang='grc' dir='ltr'>ὁ</span> <span class='ocrx_word' id='word_1_230' title='bbox 1372 2226 1606 2297; x_wconf 84' lang='grc' dir='ltr'>Ἰσραὴλ,</span> <span class='ocrx_word' id='word_1_231' title='bbox 1633 2229 1773 2298; x_wconf 84' lang='grc' dir='ltr'><strong>μέγα</strong></span> 
     </span>
    </p>
   </div>
   <div class='ocr_carea' id='block_1_34' title="bbox 207 2307 1775 2393">
    <p class='ocr_par' dir='ltr' id='par_1_34' title="bbox 207 2307 1775 2393">
     <span class='ocr_line' id='line_1_34' title="bbox 207 2307 1775 2393; baseline 0.011 -36"><span class='ocrx_word' id='word_1_232' title='bbox 207 2307 491 2375; x_wconf 74' lang='grc' dir='ltr'><strong>φρονείτω,</strong></span> <span class='ocrx_word' id='word_1_233' title='bbox 519 2309 652 2380; x_wconf 83' lang='grc' dir='ltr'>μηδὲ</span> <span class='ocrx_word' id='word_1_234' title='bbox 699 2311 839 2365; x_wconf 86' lang='grc' dir='ltr'>κατά</span> <span class='ocrx_word' id='word_1_235' title='bbox 863 2313 962 2382; x_wconf 76' lang='grc' dir='ltr'>τῆς</span> <span class='ocrx_word' id='word_1_236' title='bbox 998 2314 1104 2368; x_wconf 86' lang='grc' dir='ltr'>τῶν</span> <span class='ocrx_word' id='word_1_237' title='bbox 1150 2315 1320 2369; x_wconf 85' lang='grc' dir='ltr'>ἐθνῶν</span> <span class='ocrx_word' id='word_1_238' title='bbox 1373 2319 1607 2388; x_wconf 78' lang='grc' dir='ltr'><strong>πληθύος</strong></span> <span class='ocrx_word' id='word_1_239' title='bbox 1638 2321 1775 2393; x_wconf 79' lang='grc' dir='ltr'><strong>ὑψη-</strong></span> 
     </span>
    </p>
   </div>
   <div class='ocr_carea' id='block_1_35' title="bbox 206 2397 1768 2484">
    <p class='ocr_par' dir='ltr' id='par_1_35' title="bbox 206 2397 1768 2484">
     <span class='ocr_line' id='line_1_35' title="bbox 206 2397 1768 2484; baseline 0.013 -33"><span class='ocrx_word' id='word_1_240' title='bbox 206 2397 303 2470; x_wconf 79' lang='grc' dir='ltr'>λὴν</span> <span class='ocrx_word' id='word_1_241' title='bbox 334 2402 605 2474; x_wconf 87' lang='grc' dir='ltr'>ἐπαιρέτω</span> <span class='ocrx_word' id='word_1_242' title='bbox 643 2405 739 2477; x_wconf 74' lang='grc' dir='ltr'><strong>τὴν</strong></span> <span class='ocrx_word' id='word_1_243' title='bbox 783 2407 970 2480; x_wconf 79' lang='grc' dir='ltr'>ὀφρύν.</span> <span class='ocrx_word' id='word_1_244' title='bbox 1011 2412 1101 2484; x_wconf 87' lang='grc' dir='ltr'><strong>Μὴ</strong></span> <span class='ocrx_word' id='word_1_245' title='bbox 1152 2414 1353 2483; x_wconf 82' lang='grc' dir='ltr'>λεγέτω</span> <span class='ocrx_word' id='word_1_246' title='bbox 1409 2416 1527 2470; x_wconf 80' lang='grc' dir='ltr'>καθ’</span> <span class='ocrx_word' id='word_1_247' title='bbox 1560 2418 1768 2471; x_wconf 77' lang='grc' dir='ltr'>ἑαυτόνο</span> 
     </span>
    </p>
   </div>
   <div class='ocr_carea' id='block_1_36' title="bbox 218 2491 1771 2572">
    <p class='ocr_par' dir='ltr' id='par_1_36' title="bbox 218 2491 1771 2572">
     <span class='ocr_line' id='line_1_36' title="bbox 218 2491 1771 2572; baseline 0.014 -29"><span class='ocrx_word' id='word_1_248' title='bbox 218 2491 359 2560; x_wconf 85' lang='grc' dir='ltr'><strong>Ἐγὼ</strong></span> <span class='ocrx_word' id='word_1_249' title='bbox 390 2494 588 2562; x_wconf 81' lang='grc' dir='ltr'>γέγονα</span> <span class='ocrx_word' id='word_1_250' title='bbox 647 2501 981 2568; x_wconf 86' lang='grc' dir='ltr'>πρωτότοκος</span> <span class='ocrx_word' id='word_1_251' title='bbox 1017 2505 1073 2556; x_wconf 88' lang='grc' dir='ltr'><strong>ἐν</strong></span> <span class='ocrx_word' id='word_1_252' title='bbox 1104 2506 1312 2572; x_wconf 85' lang='grc' dir='ltr'>τέκνοις</span> <span class='ocrx_word' id='word_1_253' title='bbox 1355 2508 1509 2562; x_wconf 87' lang='grc' dir='ltr'>Θεοῦ·</span> <span class='ocrx_word' id='word_1_254' title='bbox 1557 2511 1688 2564; x_wconf 75' lang='grc' dir='ltr'>ἴστω</span> <span class='ocrx_word' id='word_1_255' title='bbox 1715 2512 1771 2565; x_wconf 85' lang='grc' dir='ltr'>δὲ</span> 
     </span>
    </p>
   </div>
   <div class='ocr_carea' id='block_1_37' title="bbox 208 2585 1764 2672">
    <p class='ocr_par' dir='ltr' id='par_1_37' title="bbox 208 2585 1764 2672">
     <span class='ocr_line' id='line_1_37' title="bbox 208 2585 1764 2672; baseline 0.013 -37"><span class='ocrx_word' id='word_1_256' title='bbox 208 2585 426 2654; x_wconf 74' lang='grc' dir='ltr'>μᾶλλον,</span> <span class='ocrx_word' id='word_1_257' title='bbox 450 2587 531 2639; x_wconf 84' lang='grc' dir='ltr'>ὅτι</span> <span class='ocrx_word' id='word_1_258' title='bbox 555 2606 692 2660; x_wconf 88' lang='grc' dir='ltr'>παρε</span> <span class='ocrx_word' id='word_1_259' title='bbox 707 2591 928 2663; x_wconf 80' lang='grc' dir='ltr'>πίκρανε</span> <span class='ocrx_word' id='word_1_260' title='bbox 960 2595 1047 2646; x_wconf 81' lang='grc' dir='ltr'>τὸν</span> <span class='ocrx_word' id='word_1_261' title='bbox 1077 2597 1352 2652; x_wconf 77' lang='grc' dir='ltr'>κτίσαντα.</span> <span class='ocrx_word' id='word_1_262' title='bbox 1397 2603 1487 2654; x_wconf 86' lang='grc' dir='ltr'><strong>Διὸ</strong></span> <span class='ocrx_word' id='word_1_263' title='bbox 1517 2604 1609 2656; x_wconf 72' lang='grc' dir='ltr'>καὶ</span> <span class='ocrx_word' id='word_1_264' title='bbox 1638 2621 1764 2672; x_wconf 85' lang='grc' dir='ltr'>μετ-</span> 
     </span>
    </p>
   </div>
   <div class='ocr_carea' id='block_1_38' title="bbox 203 2673 1245 2761">
    <p class='ocr_par' dir='ltr' id='par_1_38' title="bbox 203 2673 1245 2761">
     <span class='ocr_line' id='line_1_38' title="bbox 203 2673 1245 2761; baseline 0.013 -32"><span class='ocrx_word' id='word_1_265' title='bbox 203 2673 430 2748; x_wconf 82' lang='grc' dir='ltr'>έστησεν</span> <span class='ocrx_word' id='word_1_266' title='bbox 464 2679 555 2732; x_wconf 81' lang='grc' dir='ltr'><strong>ἀπ’</strong></span> <span class='ocrx_word' id='word_1_267' title='bbox 595 2682 757 2735; x_wconf 78' lang='grc' dir='ltr'>αὐτοῦ</span> <span class='ocrx_word' id='word_1_268' title='bbox 797 2684 893 2755; x_wconf 83' lang='grc' dir='ltr'>τὴν</span> <span class='ocrx_word' id='word_1_269' title='bbox 927 2688 1245 2761; x_wconf 70' lang='grc' dir='ltr'>ἐπισκοπὴν.</span> 
     </span>
    </p>
   </div>
   <div class='ocr_carea' id='block_1_39' title="bbox 1876 2219 3425 2294">
    <p class='ocr_par' dir='ltr' id='par_1_39' title="bbox 1876 2219 3425 2294">
     <span class='ocr_line' id='line_1_39' title="bbox 1876 2219 3425 2294; baseline 0.005 -21"><span class='ocrx_word' id='word_1_270' title='bbox 1876 2219 2143 2274; x_wconf 90' lang='lat' dir='ltr'><strong>accedunt</strong></span> <span class='ocrx_word' id='word_1_271' title='bbox 2169 2239 2181 2274; x_wconf 92' lang='lat'>:</span> <span class='ocrx_word' id='word_1_272' title='bbox 2212 2220 2321 2274; x_wconf 93' lang='lat' dir='ltr'><strong>imo</strong></span> <span class='ocrx_word' id='word_1_273' title='bbox 2359 2237 2465 2274; x_wconf 92' lang='lat' dir='ltr'><strong>non</strong></span> <span class='ocrx_word' id='word_1_274' title='bbox 2512 2231 2615 2286; x_wconf 89' lang='lat' dir='ltr'><strong>est,</strong></span> <span class='ocrx_word' id='word_1_275' title='bbox 2652 2230 2709 2275; x_wconf 88' lang='lat' dir='ltr'><strong>ut</strong></span> <span class='ocrx_word' id='word_1_276' title='bbox 2760 2221 3026 2292; x_wconf 72' lang='lat' dir='ltr'><strong>superbus</strong></span> <span class='ocrx_word' id='word_1_277' title='bbox 3060 2223 3147 2278; x_wconf 90' lang='lat' dir='ltr'><strong>ille</strong></span> <span class='ocrx_word' id='word_1_278' title='bbox 3178 2225 3425 2294; x_wconf 90' lang='lat' dir='ltr'><strong>populus,</strong></span> 
     </span>
    </p>
   </div>
   <div class='ocr_carea' id='block_1_40' title="bbox 1878 2309 3426 2384">
    <p class='ocr_par' dir='ltr' id='par_1_40' title="bbox 1878 2309 3426 2384">
     <span class='ocr_line' id='line_1_40' title="bbox 1878 2309 3426 2384; baseline 0.005 -21"><span class='ocrx_word' id='word_1_279' title='bbox 1878 2309 2130 2366; x_wconf 85' lang='lat' dir='ltr'><strong>lsraelem</strong></span> <span class='ocrx_word' id='word_1_280' title='bbox 2164 2312 2306 2375; x_wconf 91' lang='lat' dir='ltr'><strong>dico,</strong></span> <span class='ocrx_word' id='word_1_281' title='bbox 2337 2312 2507 2366; x_wconf 89' lang='lat' dir='ltr'><strong>altum</strong></span> <span class='ocrx_word' id='word_1_282' title='bbox 2563 2315 2756 2384; x_wconf 84' lang='lat' dir='ltr'><strong>sapiat,</strong></span> <span class='ocrx_word' id='word_1_283' title='bbox 2804 2330 2978 2384; x_wconf 89' lang='lat' dir='ltr'><strong>neque</strong></span> <span class='ocrx_word' id='word_1_284' title='bbox 3015 2317 3174 2370; x_wconf 90' lang='lat' dir='ltr'><strong>etiam</strong></span> <span class='ocrx_word' id='word_1_285' title='bbox 3226 2317 3426 2370; x_wconf 86' lang='lat' dir='ltr'><strong>elatum</strong></span> 
     </span>
    </p>
   </div>
   <div class='ocr_carea' id='block_1_41' title="bbox 1879 2403 3424 2475">
    <p class='ocr_par' dir='ltr' id='par_1_41' title="bbox 1879 2403 3424 2475">
     <span class='ocr_line' id='line_1_41' title="bbox 1879 2403 3424 2475; baseline 0.003 -18"><span class='ocrx_word' id='word_1_286' title='bbox 1879 2403 2031 2458; x_wconf 88' lang='lat' dir='ltr'><strong>tollat</strong></span> <span class='ocrx_word' id='word_1_287' title='bbox 2076 2404 2426 2474; x_wconf 90' lang='lat' dir='ltr'><strong>supercilium</strong></span> <span class='ocrx_word' id='word_1_288' title='bbox 2474 2414 2662 2459; x_wconf 88' lang='lat' dir='ltr'><strong>contra</strong></span> <span class='ocrx_word' id='word_1_289' title='bbox 2710 2406 2952 2475; x_wconf 87' lang='lat' dir='ltr'><strong>gentium</strong></span> <span class='ocrx_word' id='word_1_290' title='bbox 3004 2407 3424 2462; x_wconf 87' lang='lat' dir='ltr'><strong>multitudinem.</strong></span> 
     </span>
    </p>
   </div>
   <div class='ocr_carea' id='block_1_42' title="bbox 1876 2493 3428 2570">
    <p class='ocr_par' dir='ltr' id='par_1_42' title="bbox 1876 2493 3428 2570">
     <span class='ocr_line' id='line_1_42' title="bbox 1876 2493 3428 2570; baseline 0.005 -22"><span class='ocrx_word' id='word_1_291' title='bbox 1876 2493 1953 2549; x_wconf 87' lang='lat' dir='ltr'><strong>Ne</strong></span> <span class='ocrx_word' id='word_1_292' title='bbox 1977 2495 2119 2550; x_wconf 86' lang='lat' dir='ltr'><strong>dicat</strong></span> <span class='ocrx_word' id='word_1_293' title='bbox 2149 2497 2287 2566; x_wconf 86' lang='lat' dir='ltr'><strong>apud</strong></span> <span class='ocrx_word' id='word_1_294' title='bbox 2318 2498 2553 2568; x_wconf 88' lang='lat' dir='ltr'><strong>seipsum</strong></span> <span class='ocrx_word' id='word_1_295' title='bbox 2582 2516 2594 2551; x_wconf 90' lang='lat'>:</span> <span class='ocrx_word' id='word_1_296' title='bbox 2628 2498 2738 2567; x_wconf 81' lang='lat' dir='ltr'><strong>Ego</strong></span> <span class='ocrx_word' id='word_1_297' title='bbox 2764 2514 2881 2552; x_wconf 90' lang='lat' dir='ltr'><strong>sum</strong></span> <span class='ocrx_word' id='word_1_298' title='bbox 2917 2501 3304 2570; x_wconf 86' lang='lat' dir='ltr'><strong>primogenitus</strong></span> <span class='ocrx_word' id='word_1_299' title='bbox 3346 2502 3428 2555; x_wconf 83' lang='lat' dir='ltr'><strong>in-</strong></span> 
     </span>
    </p>
   </div>
   <div class='ocr_carea' id='block_1_43' title="bbox 1875 2587 3428 2662">
    <p class='ocr_par' dir='ltr' id='par_1_43' title="bbox 1875 2587 3428 2662">
     <span class='ocr_line' id='line_1_43' title="bbox 1875 2587 3428 2662; baseline 0.005 -23"><span class='ocrx_word' id='word_1_300' title='bbox 1875 2595 1956 2640; x_wconf 89' lang='lat' dir='ltr'><strong>ter</strong></span> <span class='ocrx_word' id='word_1_301' title='bbox 1987 2587 2126 2643; x_wconf 80' lang='lat' dir='ltr'><strong>ﬁlios</strong></span> <span class='ocrx_word' id='word_1_302' title='bbox 2171 2588 2287 2654; x_wconf 90' lang='lat' dir='ltr'><strong>Dei,</strong></span> <span class='ocrx_word' id='word_1_303' title='bbox 2328 2591 2458 2660; x_wconf 92' lang='lat' dir='ltr'><strong>quin</strong></span> <span class='ocrx_word' id='word_1_304' title='bbox 2489 2591 2671 2660; x_wconf 91' lang='lat' dir='ltr'><strong>p0tius</strong></span> <span class='ocrx_word' id='word_1_305' title='bbox 2718 2593 2854 2646; x_wconf 86' lang='lat' dir='ltr'><strong>sciat</strong></span> <span class='ocrx_word' id='word_1_306' title='bbox 2897 2594 3040 2662; x_wconf 90' lang='lat' dir='ltr'><strong>quod</strong></span> <span class='ocrx_word' id='word_1_307' title='bbox 3085 2594 3428 2648; x_wconf 77' lang='lat' dir='ltr'><strong>exacerbavit</strong></span> 
     </span>
    </p>
   </div>
   <div class='ocr_carea' id='block_1_44' title="bbox 1872 2678 3425 2748">
    <p class='ocr_par' dir='ltr' id='par_1_44' title="bbox 1872 2678 3425 2748">
     <span class='ocr_line' id='line_1_44' title="bbox 1872 2678 3425 2748; baseline 0.006 -17"><span class='ocrx_word' id='word_1_308' title='bbox 1872 2678 2183 2734; x_wconf 76' lang='lat' dir='ltr'><strong>Creatorem</strong></span> <span class='ocrx_word' id='word_1_309' title='bbox 2234 2697 2414 2737; x_wconf 93' lang='lat' dir='ltr'><strong>suum.</strong></span> <span class='ocrx_word' id='word_1_310' title='bbox 2459 2681 2818 2748; x_wconf 87' lang='lat' dir='ltr'><strong>Quamobrem</strong></span> <span class='ocrx_word' id='word_1_311' title='bbox 2868 2684 3029 2738; x_wconf 89' lang='lat' dir='ltr'><strong>etiam</strong></span> <span class='ocrx_word' id='word_1_312' title='bbox 3073 2684 3158 2737; x_wconf 91' lang='lat' dir='ltr'><strong>hic</strong></span> <span class='ocrx_word' id='word_1_313' title='bbox 3204 2685 3268 2739; x_wconf 90' lang='lat' dir='ltr'><strong>ad</strong></span> <span class='ocrx_word' id='word_1_314' title='bbox 3300 2700 3425 2740; x_wconf 89' lang='lat' dir='ltr'><strong>eum</strong></span> 
     </span>
    </p>
   </div>
   <div class='ocr_carea' id='block_1_45' title="bbox 1869 2770 2383 2839">
    <p class='ocr_par' dir='ltr' id='par_1_45' title="bbox 1869 2770 2383 2839">
     <span class='ocr_line' id='line_1_45' title="bbox 1869 2770 2383 2839; baseline 0.012 -17"><span class='ocrx_word' id='word_1_315' title='bbox 1869 2770 2139 2839; x_wconf 86' lang='lat' dir='ltr'><strong>respicere</strong></span> <span class='ocrx_word' id='word_1_316' title='bbox 2168 2771 2383 2828; x_wconf 91' lang='lat' dir='ltr'><strong>desinit.</strong></span> 
     </span>
    </p>
   </div>
   <div class='ocr_carea' id='block_1_46' title="bbox 1314 2879 2309 2961">
    <p class='ocr_par' dir='ltr' id='par_1_46' title="bbox 1314 2879 2309 2961">
     <span class='ocr_line' id='line_1_46' title="bbox 1314 2879 2309 2961; baseline 0.013 -28"><span class='ocrx_word' id='word_1_317' title='bbox 1314 2879 1513 2935; x_wconf 76' lang='lat' dir='ltr'><strong>Eadem</strong></span> <span class='ocrx_word' id='word_1_318' title='bbox 1538 2885 1737 2938; x_wconf 86' lang='lat' dir='ltr'><strong>ratione</strong></span> <span class='ocrx_word' id='word_1_319' title='bbox 1764 2887 1814 2938; x_wconf 85' lang='lat' dir='ltr'><strong>in</strong></span> <span class='ocrx_word' id='word_1_320' title='bbox 1845 2887 1997 2941; x_wconf 71' lang='lat' dir='ltr'><strong>verba</strong></span> <span class='ocrx_word' id='word_1_321' title='bbox 2023 2892 2309 2961; x_wconf 83' lang='lat' dir='ltr'><strong>sequentia.</strong></span> 
     </span>
    </p>
   </div>
   <div class='ocr_carea' id='block_1_47' title="bbox 284 2963 1768 3045">
    <p class='ocr_par' dir='ltr' id='par_1_47' title="bbox 284 2963 1768 3045">
     <span class='ocr_line' id='line_1_47' title="bbox 284 2963 1768 3045; baseline 0.011 -27"><span class='ocrx_word' id='word_1_322' title='bbox 284 2963 642 3032; x_wconf 80' lang='grc' dir='ltr'>Ἆθανάσιος.</span> <span class='ocrx_word' id='word_1_323' title='bbox 690 2967 830 3039; x_wconf 87' lang='grc' dir='ltr'>Πρὸς</span> <span class='ocrx_word' id='word_1_324' title='bbox 872 2969 928 3022; x_wconf 80' lang='grc' dir='ltr'>δὲ</span> <span class='ocrx_word' id='word_1_325' title='bbox 977 2970 1098 3022; x_wconf 91' lang='grc' dir='ltr'>νοῦν</span> <span class='ocrx_word' id='word_1_326' title='bbox 1156 2974 1204 3024; x_wconf 85' lang='grc' dir='ltr'>οἱ</span> <span class='ocrx_word' id='word_1_327' title='bbox 1255 2975 1542 3031; x_wconf 76' lang='grc' dir='ltr'>ἀπόστολοι</span> <span class='ocrx_word' id='word_1_328' title='bbox 1572 2985 1682 3043; x_wconf 82' lang='grc' dir='ltr'>τοῖς</span> <span class='ocrx_word' id='word_1_329' title='bbox 1711 2981 1768 3045; x_wconf 81' lang='grc' dir='ltr'>ἐξ</span> 
     </span>
    </p>
   </div>
   <div class='ocr_carea' id='block_1_48' title="bbox 1940 2987 3424 3065">
    <p class='ocr_par' dir='ltr' id='par_1_48' title="bbox 1940 2987 3424 3065">
     <span class='ocr_line' id='line_1_48' title="bbox 1940 2987 3424 3065; baseline 0.008 -28"><span class='ocrx_word' id='word_1_330' title='bbox 1940 2987 2282 3043; x_wconf 77' lang='lat' dir='ltr'><strong>Athanasius.</strong></span> <span class='ocrx_word' id='word_1_331' title='bbox 2341 2987 2648 3044; x_wconf 89' lang='lat' dir='ltr'><strong>Secundum</strong></span> <span class='ocrx_word' id='word_1_332' title='bbox 2704 3001 2935 3046; x_wconf 87' lang='lat' dir='ltr'><strong>mentem</strong></span> <span class='ocrx_word' id='word_1_333' title='bbox 2987 3008 3136 3058; x_wconf 89' lang='lat' dir='ltr'><strong>vero,</strong></span> <span class='ocrx_word' id='word_1_334' title='bbox 3193 2994 3424 3065; x_wconf 84' lang='lat' dir='ltr'><strong>apostoli</strong></span> 
     </span>
    </p>
   </div>
   <div class='ocr_carea' id='block_1_49' title="bbox 199 3049 1804 3152">
    <p class='ocr_par' dir='ltr' id='par_1_49' title="bbox 199 3049 1766 3142">
     <span class='ocr_line' id='line_1_49' title="bbox 199 3049 1766 3142; baseline 0.015 -40"><span class='ocrx_word' id='word_1_335' title='bbox 199 3049 367 3104; x_wconf 80' lang='grc' dir='ltr'>ἐθνῶν</span> <span class='ocrx_word' id='word_1_336' title='bbox 395 3070 576 3120; x_wconf 67' lang='grc' dir='ltr'>φασιν*</span> <span class='ocrx_word' id='word_1_337' title='bbox 597 3055 760 3108; x_wconf 85' lang='grc' dir='ltr'>Ὅταν</span> <span class='ocrx_word' id='word_1_338' title='bbox 786 3057 1049 3129; x_wconf 74' lang='grc' dir='ltr'>ἀκούσητε</span> <span class='ocrx_word' id='word_1_339' title='bbox 1078 3064 1202 3131; x_wconf 82' lang='grc' dir='ltr'>παρ’</span> <span class='ocrx_word' id='word_1_340' title='bbox 1222 3065 1252 3132; x_wconf 80' lang='grc' dir='ltr'>ἡ</span> <span class='ocrx_word' id='word_1_341' title='bbox 1263 3065 1399 3133; x_wconf 83' lang='grc' dir='ltr'>μῶν,</span> <span class='ocrx_word' id='word_1_342' title='bbox 1426 3067 1544 3120; x_wconf 84' lang='grc' dir='ltr'>τίνα</span> <span class='ocrx_word' id='word_1_343' title='bbox 1569 3071 1766 3142; x_wconf 78' lang='grc' dir='ltr'>τρόπον</span> 
     </span>
    </p>
   </div>
   <div class='ocr_carea' id='block_1_50' title="bbox 1867 3049 3421 3152">
    <p class='ocr_par' dir='ltr' id='par_1_50' title="bbox 1867 3049 3421 3152">
     <span class='ocr_line' id='line_1_50' title="bbox 1867 3049 3421 3152; baseline 0.008 -23"><span class='ocrx_word' id='word_1_344' title='bbox 1867 3075 1946 3131; x_wconf 86' lang='lat' dir='ltr'><strong>sic</strong></span> <span class='ocrx_word' id='word_1_345' title='bbox 1969 3079 2318 3148; x_wconf 90' lang='lat' dir='ltr'><strong>alloquuntur</strong></span> <span class='ocrx_word' id='word_1_346' title='bbox 2348 3084 2572 3152; x_wconf 77' lang='lat' dir='ltr'><strong>gentiles</strong></span> <span class='ocrx_word' id='word_1_347' title='bbox 2605 3103 2618 3138; x_wconf 87' lang='lat'><strong>:</strong></span> <span class='ocrx_word' id='word_1_348' title='bbox 2653 3081 2752 3138; x_wconf 91' lang='lat' dir='ltr'><strong>Ubi</strong></span> <span class='ocrx_word' id='word_1_349' title='bbox 2804 3085 3082 3141; x_wconf 89' lang='lat' dir='ltr'><strong>audieritis</strong></span> <span class='ocrx_word' id='word_1_350' title='bbox 3123 3049 3190 3141; x_wconf 75' lang='lat' dir='ltr'><strong>ex</strong></span> <span class='ocrx_word' id='word_1_351' title='bbox 3231 3049 3421 3150; x_wconf 36' lang='lat' dir='ltr'><strong>“uobis,</strong></span> 
     </span>
    </p>
   </div>
   <div class='ocr_carea' id='block_1_51' title="bbox 200 3144 1804 3253">
    <p class='ocr_par' dir='ltr' id='par_1_51' title="bbox 200 3144 1804 3249">
     <span class='ocr_line' id='line_1_51' title="bbox 200 3144 1804 3249; baseline 0.015 -56"><span class='ocrx_word' id='word_1_352' title='bbox 200 3144 467 3214; x_wconf 84' lang='grc' dir='ltr'>προσήκει</span> <span class='ocrx_word' id='word_1_353' title='bbox 518 3145 835 3214; x_wconf 84' lang='grc' dir='ltr'>δοξολογεῖν,</span> <span class='ocrx_word' id='word_1_354' title='bbox 885 3150 1005 3203; x_wconf 86' lang='grc' dir='ltr'>τότε</span> <span class='ocrx_word' id='word_1_355' title='bbox 1056 3153 1170 3222; x_wconf 81' lang='grc' dir='ltr'>μεθ’</span> <span class='ocrx_word' id='word_1_356' title='bbox 1207 3156 1362 3225; x_wconf 78' lang='grc' dir='ltr'>ἡμῶν</span> <span class='ocrx_word' id='word_1_357' title='bbox 1413 3159 1804 3249; x_wconf 60' lang='grc' dir='ltr'><strong>εὐλογήσατε,1</strong></span> 
     </span>
    </p>
   </div>
   <div class='ocr_carea' id='block_1_52' title="bbox 1867 3144 3423 3253">
    <p class='ocr_par' dir='ltr' id='par_1_52' title="bbox 1870 3169 3423 3244">
     <span class='ocr_line' id='line_1_52' title="bbox 1870 3169 3423 3244; baseline 0.01 -25"><span class='ocrx_word' id='word_1_358' title='bbox 1870 3172 2145 3236; x_wconf 84' lang='lat' dir='ltr'><strong>quomodo</strong></span> <span class='ocrx_word' id='word_1_359' title='bbox 2183 3169 2324 3226; x_wconf 88' lang='lat' dir='ltr'><strong>Deus</strong></span> <span class='ocrx_word' id='word_1_360' title='bbox 2351 3174 2419 3226; x_wconf 86' lang='lat' dir='ltr'><strong>sit</strong></span> <span class='ocrx_word' id='word_1_361' title='bbox 2450 3174 2701 3230; x_wconf 90' lang='lat' dir='ltr'><strong>laudibus</strong></span> <span class='ocrx_word' id='word_1_362' title='bbox 2742 3177 3118 3244; x_wconf 89' lang='lat' dir='ltr'><strong>celebrandus,</strong></span> <span class='ocrx_word' id='word_1_363' title='bbox 3150 3189 3279 3233; x_wconf 89' lang='lat' dir='ltr'><strong>tunc</strong></span> <span class='ocrx_word' id='word_1_364' title='bbox 3307 3179 3423 3234; x_wconf 83' lang='lat' dir='ltr'><strong>lau-</strong></span> 
     </span>
    </p>
   </div>
   <div class='ocr_carea' id='block_1_53' title="bbox 197 3234 1804 3336">
    <p class='ocr_par' dir='ltr' id='par_1_53' title="bbox 197 3234 1804 3324">
     <span class='ocr_line' id='line_1_53' title="bbox 197 3234 1804 3324; baseline 0.014 -39"><span class='ocrx_word' id='word_1_365' title='bbox 197 3234 295 3286; x_wconf 75' lang='grc' dir='ltr'>οὐκ</span> <span class='ocrx_word' id='word_1_366' title='bbox 320 3235 400 3287; x_wconf 75' lang='grc' dir='ltr'>ἔτι</span> <span class='ocrx_word' id='word_1_367' title='bbox 427 3238 550 3299; x_wconf 74' lang='grc' dir='ltr'>τοὺς</span> <span class='ocrx_word' id='word_1_368' title='bbox 569 3237 807 3306; x_wconf 69' lang='grc' dir='ltr'>ψευδωνύ</span> <span class='ocrx_word' id='word_1_369' title='bbox 817 3259 948 3310; x_wconf 87' lang='grc' dir='ltr'>μους</span> <span class='ocrx_word' id='word_1_370' title='bbox 975 3242 1147 3307; x_wconf 74' lang='grc' dir='ltr'>θεοὺς,</span> <span class='ocrx_word' id='word_1_371' title='bbox 1175 3246 1309 3301; x_wconf 77' lang='grc' dir='ltr'>ἀλλὰ</span> <span class='ocrx_word' id='word_1_372' title='bbox 1341 3250 1430 3302; x_wconf 86' lang='grc' dir='ltr'>τὸν</span> <span class='ocrx_word' id='word_1_373' title='bbox 1456 3250 1584 3304; x_wconf 86' lang='grc' dir='ltr'>Θεὸν</span> <span class='ocrx_word' id='word_1_374' title='bbox 1613 3255 1766 3324; x_wconf 77' lang='grc' dir='ltr'>ἡμῶν</span> <span class='ocrx_word' id='word_1_375' title='bbox 1795 3234 1804 3249; x_wconf 35' lang='grc'>⁷</span> 
     </span>
    </p>
   </div>
   <div class='ocr_carea' id='block_1_54' title="bbox 1867 3234 3424 3336">
    <p class='ocr_par' dir='ltr' id='par_1_54' title="bbox 1868 3260 3424 3336">
     <span class='ocr_line' id='line_1_54' title="bbox 1868 3260 3424 3336; baseline 0.008 -24"><span class='ocrx_word' id='word_1_376' title='bbox 1868 3260 1989 3313; x_wconf 90' lang='lat' dir='ltr'><strong>date</strong></span> <span class='ocrx_word' id='word_1_377' title='bbox 2024 3262 2330 3327; x_wconf 85' lang='lat' dir='ltr'><strong>nobiscum,</strong></span> <span class='ocrx_word' id='word_1_378' title='bbox 2368 3281 2472 3318; x_wconf 92' lang='lat' dir='ltr'><strong>non</strong></span> <span class='ocrx_word' id='word_1_379' title='bbox 2501 3265 2612 3334; x_wconf 90' lang='lat' dir='ltr'><strong>jam</strong></span> <span class='ocrx_word' id='word_1_380' title='bbox 2662 3269 2893 3336; x_wconf 88' lang='lat' dir='ltr'><strong>amplius</strong></span> <span class='ocrx_word' id='word_1_381' title='bbox 2945 3268 3080 3323; x_wconf 79' lang='lat' dir='ltr'><strong>falso</strong></span> <span class='ocrx_word' id='word_1_382' title='bbox 3130 3270 3208 3325; x_wconf 88' lang='lat' dir='ltr'><strong>sic</strong></span> <span class='ocrx_word' id='word_1_383' title='bbox 3251 3271 3424 3326; x_wconf 88' lang='lat' dir='ltr'><strong>dictos</strong></span> 
     </span>
    </p>
   </div>
   <div class='ocr_carea' id='block_1_55' title="bbox 195 3325 1765 3416">
    <p class='ocr_par' dir='ltr' id='par_1_55' title="bbox 195 3325 1765 3416">
     <span class='ocr_line' id='line_1_55' title="bbox 195 3325 1765 3416; baseline 0.015 -38"><span class='ocrx_word' id='word_1_384' title='bbox 195 3325 286 3380; x_wconf 85' lang='grc' dir='ltr'><strong>τὸν</strong></span> <span class='ocrx_word' id='word_1_385' title='bbox 309 3328 407 3397; x_wconf 84' lang='grc' dir='ltr'>τῆς</span> <span class='ocrx_word' id='word_1_386' title='bbox 428 3326 570 3400; x_wconf 79' lang='grc' dir='ltr'>ζωῆς</span> <span class='ocrx_word' id='word_1_387' title='bbox 591 3329 807 3403; x_wconf 80' lang='grc' dir='ltr'>δοτῆρα,</span> <span class='ocrx_word' id='word_1_388' title='bbox 855 3335 974 3407; x_wconf 85' lang='grc' dir='ltr'><strong>Ζωὴ</strong></span> <span class='ocrx_word' id='word_1_389' title='bbox 1003 3336 1110 3409; x_wconf 81' lang='grc' dir='ltr'><strong>γὰρ</strong></span> <span class='ocrx_word' id='word_1_390' title='bbox 1147 3334 1212 3409; x_wconf 79' lang='grc' dir='ltr'>ἦν</span> <span class='ocrx_word' id='word_1_391' title='bbox 1246 3342 1276 3410; x_wconf 80' lang='grc' dir='ltr'>ἡ</span> <span class='ocrx_word' id='word_1_392' title='bbox 1308 3342 1398 3395; x_wconf 87' lang='grc' dir='ltr'><strong>τοῦ</strong></span> <span class='ocrx_word' id='word_1_393' title='bbox 1445 3348 1765 3416; x_wconf 80' lang='grc' dir='ltr'>παραδείσου</span> 
     </span>
    </p>
   </div>
   <div class='ocr_carea' id='block_1_56' title="bbox 195 3416 1766 3508">
    <p class='ocr_par' dir='ltr' id='par_1_56' title="bbox 195 3416 1766 3508">
     <span class='ocr_line' id='line_1_56' title="bbox 195 3416 1766 3508; baseline 0.015 -38"><span class='ocrx_word' id='word_1_394' title='bbox 195 3419 398 3490; x_wconf 79' lang='grc' dir='ltr'>τρυφὴ,</span> <span class='ocrx_word' id='word_1_395' title='bbox 434 3423 491 3473; x_wconf 83' lang='grc' dir='ltr'><strong>ἐν</strong></span> <span class='ocrx_word' id='word_1_396' title='bbox 523 3416 566 3490; x_wconf 81' lang='grc' dir='ltr'>ᾧ</span> <span class='ocrx_word' id='word_1_397' title='bbox 589 3423 738 3478; x_wconf 76' lang='grc' dir='ltr'>ἔθετο</span> <span class='ocrx_word' id='word_1_398' title='bbox 775 3428 801 3478; x_wconf 86' lang='grc' dir='ltr'>ὁ</span> <span class='ocrx_word' id='word_1_399' title='bbox 828 3426 958 3492; x_wconf 82' lang='grc' dir='ltr'><strong>Θεὸς</strong></span> <span class='ocrx_word' id='word_1_400' title='bbox 997 3430 1086 3482; x_wconf 85' lang='grc' dir='ltr'>τὸν</span> <span class='ocrx_word' id='word_1_401' title='bbox 1132 3431 1416 3503; x_wconf 72' lang='grc' dir='ltr'>ἄνθρωπον</span> <span class='ocrx_word' id='word_1_402' title='bbox 1443 3439 1766 3508; x_wconf 79' lang='grc' dir='ltr'>ἐργάζεσθαι</span> 
     </span>
    </p>
   </div>
   <div class='ocr_carea' id='block_1_57' title="bbox 195 3512 821 3582">
    <p class='ocr_par' dir='ltr' id='par_1_57' title="bbox 195 3512 821 3582">
     <span class='ocr_line' id='line_1_57' title="bbox 195 3512 821 3582; baseline 0.008 -18"><span class='ocrx_word' id='word_1_403' title='bbox 195 3513 288 3565; x_wconf 76' lang='grc' dir='ltr'>καὶ</span> <span class='ocrx_word' id='word_1_404' title='bbox 316 3512 607 3582; x_wconf 74' lang='grc' dir='ltr'>φυλάσσειν</span> <span class='ocrx_word' id='word_1_405' title='bbox 642 3516 821 3570; x_wconf 79' lang='grc' dir='ltr'>αὐτόν.</span> 
     </span>
    </p>
   </div>
   <div class='ocr_carea' id='block_1_58' title="bbox 1868 3352 3426 3430">
    <p class='ocr_par' dir='ltr' id='par_1_58' title="bbox 1868 3352 3426 3430">
     <span class='ocr_line' id='line_1_58' title="bbox 1868 3352 3426 3430; baseline 0.006 -24"><span class='ocrx_word' id='word_1_406' title='bbox 1868 3352 2020 3417; x_wconf 86' lang='lat' dir='ltr'><strong>deos,</strong></span> <span class='ocrx_word' id='word_1_407' title='bbox 2067 3354 2159 3408; x_wconf 90' lang='lat' dir='ltr'><strong>sed</strong></span> <span class='ocrx_word' id='word_1_408' title='bbox 2215 3354 2382 3410; x_wconf 91' lang='lat' dir='ltr'><strong>Deum</strong></span> <span class='ocrx_word' id='word_1_409' title='bbox 2439 3369 2683 3414; x_wconf 88' lang='lat' dir='ltr'><strong>nostrum</strong></span> <span class='ocrx_word' id='word_1_410' title='bbox 2745 3360 2868 3414; x_wconf 71' lang='lat' dir='ltr'><strong>vita:</strong></span> <span class='ocrx_word' id='word_1_411' title='bbox 2918 3360 3247 3430; x_wconf 85' lang='lat' dir='ltr'><strong>largitorem.</strong></span> <span class='ocrx_word' id='word_1_412' title='bbox 3308 3360 3426 3422; x_wconf 76' lang='lat' dir='ltr'><strong>Vita</strong></span> 
     </span>
    </p>
   </div>
   <div class='ocr_carea' id='block_1_59' title="bbox 1871 3450 3425 3524">
    <p class='ocr_par' dir='ltr' id='par_1_59' title="bbox 1871 3450 3425 3524">
     <span class='ocr_line' id='line_1_59' title="bbox 1871 3450 3425 3524; baseline 0.009 -28"><span class='ocrx_word' id='word_1_413' title='bbox 1871 3459 2106 3513; x_wconf 84' lang='lat' dir='ltr'><strong>namque</strong></span> <span class='ocrx_word' id='word_1_414' title='bbox 2142 3456 2260 3500; x_wconf 85' lang='lat' dir='ltr'><strong>erat</strong></span> <span class='ocrx_word' id='word_1_415' title='bbox 2312 3450 2548 3518; x_wconf 88' lang='lat' dir='ltr'><strong>paradisi</strong></span> <span class='ocrx_word' id='word_1_416' title='bbox 2584 3452 2833 3522; x_wconf 76' lang='lat' dir='ltr'><strong>voluptas</strong></span> <span class='ocrx_word' id='word_1_417' title='bbox 2878 3471 2890 3506; x_wconf 90' lang='lat'><strong>:</strong></span> <span class='ocrx_word' id='word_1_418' title='bbox 2928 3453 2982 3506; x_wconf 89' lang='lat' dir='ltr'><strong>in</strong></span> <span class='ocrx_word' id='word_1_419' title='bbox 3035 3469 3144 3522; x_wconf 86' lang='lat' dir='ltr'><strong>quo</strong></span> <span class='ocrx_word' id='word_1_420' title='bbox 3170 3464 3425 3524; x_wconf 78' lang='lat' dir='ltr'><strong>posuerat</strong></span> 
     </span>
    </p>
   </div>
   <div class='ocr_carea' id='block_1_60' title="bbox 1871 3533 3349 3615">
    <p class='ocr_par' dir='ltr' id='par_1_60' title="bbox 1871 3533 3349 3615">
     <span class='ocr_line' id='line_1_60' title="bbox 1871 3533 3349 3615; baseline 0.009 -29"><span class='ocrx_word' id='word_1_421' title='bbox 1871 3533 2014 3589; x_wconf 81' lang='lat' dir='ltr'><strong>Deus</strong></span> <span class='ocrx_word' id='word_1_422' title='bbox 2045 3537 2340 3605; x_wconf 82' lang='lat' dir='ltr'><strong>hominem,</strong></span> <span class='ocrx_word' id='word_1_423' title='bbox 2375 3549 2432 3594; x_wconf 88' lang='lat' dir='ltr'><strong>ut</strong></span> <span class='ocrx_word' id='word_1_424' title='bbox 2457 3557 2580 3596; x_wconf 91' lang='lat' dir='ltr'><strong>eum</strong></span> <span class='ocrx_word' id='word_1_425' title='bbox 2617 3544 2820 3599; x_wconf 82' lang='lat' dir='ltr'><strong>coleret</strong></span> <span class='ocrx_word' id='word_1_426' title='bbox 2846 3553 3010 3615; x_wconf 88' lang='lat' dir='ltr'><strong>atque</strong></span> <span class='ocrx_word' id='word_1_427' title='bbox 3036 3546 3349 3602; x_wconf 86' lang='lat' dir='ltr'><strong>custodiret.</strong></span> 
     </span>
    </p>
   </div>
   <div class='ocr_carea' id='block_1_61' title="bbox 969 3635 2733 3720">
    <p class='ocr_par' dir='ltr' id='par_1_61' title="bbox 969 3635 2733 3720">
     <span class='ocr_line' id='line_1_61' title="bbox 969 3635 2733 3720; baseline 0.013 -32"><span class='ocrx_word' id='word_1_428' title='bbox 969 3635 1166 3691; x_wconf 83' lang='lat' dir='ltr'><strong>Eadem</strong></span> <span class='ocrx_word' id='word_1_429' title='bbox 1195 3641 1345 3693; x_wconf 86' lang='lat' dir='ltr'><strong>modo</strong></span> <span class='ocrx_word' id='word_1_430' title='bbox 1376 3643 1428 3696; x_wconf 87' lang='lat' dir='ltr'><strong>in</strong></span> <span class='ocrx_word' id='word_1_431' title='bbox 1452 3645 1600 3698; x_wconf 83' lang='lat' dir='ltr'><strong>verba</strong></span> <span class='ocrx_word' id='word_1_432' title='bbox 1621 3664 1638 3700; x_wconf 90' lang='lat'><em>:</em></span> <span class='ocrx_word' id='word_1_433' title='bbox 1676 3668 1693 3696; x_wconf 80' lang='grc' dir='ltr'>ε</span> <span class='ocrx_word' id='word_1_434' title='bbox 1734 3652 1981 3704; x_wconf 85' lang='lat' dir='ltr'><strong>Probain</strong></span> <span class='ocrx_word' id='word_1_435' title='bbox 2008 3670 2120 3717; x_wconf 87' lang='lat' dir='ltr'><strong>nos,</strong></span> <span class='ocrx_word' id='word_1_436' title='bbox 2154 3654 2312 3720; x_wconf 87' lang='lat' dir='ltr'><strong>Deus,</strong></span> <span class='ocrx_word' id='word_1_437' title='bbox 2357 3676 2377 3708; x_wconf 74' lang='grc' dir='ltr'><strong>ι</strong></span> <span class='ocrx_word' id='word_1_438' title='bbox 2412 3668 2534 3720; x_wconf 88' lang='lat' dir='ltr'><strong>etc.,</strong></span> <span class='ocrx_word' id='word_1_439' title='bbox 2567 3675 2614 3714; x_wconf 84' lang='grc' dir='ltr'>υ.</span> <span class='ocrx_word' id='word_1_440' title='bbox 2651 3660 2733 3712; x_wconf 77' lang='grc'><strong>10.</strong></span> 
     </span>
    </p>
   </div>
   <div class='ocr_carea' id='block_1_62' title="bbox 279 3723 1764 3806">
    <p class='ocr_par' dir='ltr' id='par_1_62' title="bbox 279 3723 1764 3806">
     <span class='ocr_line' id='line_1_62' title="bbox 279 3723 1764 3806; baseline 0.011 -28"><span class='ocrx_word' id='word_1_441' title='bbox 279 3723 658 3788; x_wconf 78' lang='grc' dir='ltr'>Ἀθανασίου,</span> <span class='ocrx_word' id='word_1_442' title='bbox 710 3724 1030 3796; x_wconf 75' lang='grc' dir='ltr'>Κυρίλλου.</span> <span class='ocrx_word' id='word_1_443' title='bbox 1061 3731 1133 3802; x_wconf 75' lang='grc'><strong>(4)</strong></span> <span class='ocrx_word' id='word_1_444' title='bbox 1194 3735 1336 3802; x_wconf 79' lang='grc' dir='ltr'>Πρὸς</span> <span class='ocrx_word' id='word_1_445' title='bbox 1369 3737 1425 3790; x_wconf 86' lang='grc' dir='ltr'>δὲ</span> <span class='ocrx_word' id='word_1_446' title='bbox 1483 3740 1606 3793; x_wconf 91' lang='grc' dir='ltr'>νοῦν</span> <span class='ocrx_word' id='word_1_447' title='bbox 1665 3741 1764 3806; x_wconf 79' lang='grc' dir='ltr'>τὰς</span> 
     </span>
    </p>
   </div>
   <div class='ocr_carea' id='block_1_63' title="bbox 195 3813 1759 3898">
    <p class='ocr_par' dir='ltr' id='par_1_63' title="bbox 195 3813 1759 3898">
     <span class='ocr_line' id='line_1_63' title="bbox 195 3813 1759 3898; baseline 0.014 -33"><span class='ocrx_word' id='word_1_448' title='bbox 195 3813 402 3884; x_wconf 76' lang='grc' dir='ltr'>θλίψεις</span> <span class='ocrx_word' id='word_1_449' title='bbox 453 3815 549 3879; x_wconf 78' lang='grc' dir='ltr'><strong>τὰς</strong></span> <span class='ocrx_word' id='word_1_450' title='bbox 601 3820 894 3889; x_wconf 84' lang='grc' dir='ltr'>γενομένας</span> <span class='ocrx_word' id='word_1_451' title='bbox 935 3821 1022 3874; x_wconf 77' lang='grc' dir='ltr'><strong>διὰ</strong></span> <span class='ocrx_word' id='word_1_452' title='bbox 1059 3823 1117 3877; x_wconf 81' lang='grc' dir='ltr'>τὸ</span> <span class='ocrx_word' id='word_1_453' title='bbox 1167 3828 1423 3898; x_wconf 78' lang='grc' dir='ltr'>κήρυγμα</span> <span class='ocrx_word' id='word_1_454' title='bbox 1475 3832 1585 3894; x_wconf 83' lang='grc' dir='ltr'>τοῖς</span> <span class='ocrx_word' id='word_1_455' title='bbox 1624 3835 1759 3886; x_wconf 87' lang='grc' dir='ltr'><strong>ἀπο-</strong></span> 
     </span>
    </p>
   </div>
   <div class='ocr_carea' id='block_1_64' title="bbox 193 3906 1760 3992">
    <p class='ocr_par' dir='ltr' id='par_1_64' title="bbox 193 3906 1760 3992">
     <span class='ocr_line' id='line_1_64' title="bbox 193 3906 1760 3992; baseline 0.013 -34"><span class='ocrx_word' id='word_1_456' title='bbox 193 3906 402 3970; x_wconf 84' lang='grc' dir='ltr'>στόλοις</span> <span class='ocrx_word' id='word_1_457' title='bbox 428 3908 486 3961; x_wconf 89' lang='grc' dir='ltr'>τὸ</span> <span class='ocrx_word' id='word_1_458' title='bbox 543 3908 762 3980; x_wconf 80' lang='grc' dir='ltr'>Πνεῦμα</span> <span class='ocrx_word' id='word_1_459' title='bbox 795 3920 1191 3984; x_wconf 64' lang='grc' dir='ltr'>προαναφωνεῖ,</span> <span class='ocrx_word' id='word_1_460' title='bbox 1249 3922 1311 3972; x_wconf 83' lang='grc' dir='ltr'><strong>ἐκ</strong></span> <span class='ocrx_word' id='word_1_461' title='bbox 1341 3922 1628 3992; x_wconf 77' lang='grc' dir='ltr'>προσώπου</span> <span class='ocrx_word' id='word_1_462' title='bbox 1662 3919 1760 3979; x_wconf 86' lang='grc' dir='ltr'>αύ-</span> 
     </span>
    </p>
   </div>
   <div class='ocr_carea' id='block_1_65' title="bbox 190 3999 1759 4089">
    <p class='ocr_par' dir='ltr' id='par_1_65' title="bbox 190 3999 1759 4089">
     <span class='ocr_line' id='line_1_65' title="bbox 190 3999 1759 4089; baseline 0.011 -36"><span class='ocrx_word' id='word_1_463' title='bbox 190 3999 300 4054; x_wconf 82' lang='grc' dir='ltr'>τῶν</span> <span class='ocrx_word' id='word_1_464' title='bbox 329 4000 530 4062; x_wconf 83' lang='grc' dir='ltr'>ταύτας</span> <span class='ocrx_word' id='word_1_465' title='bbox 561 4002 874 4070; x_wconf 81' lang='grc' dir='ltr'>καταλέγον.</span> <span class='ocrx_word' id='word_1_466' title='bbox 907 4006 1114 4080; x_wconf 81' lang='grc' dir='ltr'>’Ὠσπερ</span> <span class='ocrx_word' id='word_1_467' title='bbox 1147 4010 1253 4083; x_wconf 80' lang='grc' dir='ltr'>γὰρ</span> <span class='ocrx_word' id='word_1_468' title='bbox 1304 4015 1331 4066; x_wconf 85' lang='grc' dir='ltr'><strong>ὁ</strong></span> <span class='ocrx_word' id='word_1_469' title='bbox 1363 4013 1598 4086; x_wconf 83' lang='grc' dir='ltr'>ἄργυρος</span> <span class='ocrx_word' id='word_1_470' title='bbox 1629 4019 1759 4089; x_wconf 77' lang='grc' dir='ltr'>πυρὶ</span> 
     </span>
    </p>
   </div>
   <div class='ocr_carea' id='block_1_66' title="bbox 192 4090 1758 4170">
    <p class='ocr_par' dir='ltr' id='par_1_66' title="bbox 192 4090 1758 4170">
     <span class='ocr_line' id='line_1_66' title="bbox 192 4090 1758 4170; baseline 0.011 -25"><span class='ocrx_word' id='word_1_471' title='bbox 192 4092 493 4164; x_wconf 84' lang='grc' dir='ltr'>τηκόμενος</span> <span class='ocrx_word' id='word_1_472' title='bbox 525 4090 580 4146; x_wconf 82' lang='grc' dir='ltr'><strong>εὖ</strong></span> <span class='ocrx_word' id='word_1_473' title='bbox 611 4094 752 4164; x_wconf 89' lang='grc' dir='ltr'>μάλα</span> <span class='ocrx_word' id='word_1_474' title='bbox 783 4096 1210 4170; x_wconf 84' lang='grc' dir='ltr'>διακαθαίρεται,</span> <span class='ocrx_word' id='word_1_475' title='bbox 1244 4104 1383 4159; x_wconf 75' lang='grc' dir='ltr'>οὕτω</span> <span class='ocrx_word' id='word_1_476' title='bbox 1418 4107 1511 4159; x_wconf 72' lang='grc' dir='ltr'>καὶ</span> <span class='ocrx_word' id='word_1_477' title='bbox 1563 4111 1615 4162; x_wconf 85' lang='grc' dir='ltr'>αξ</span> <span class='ocrx_word' id='word_1_478' title='bbox 1650 4110 1758 4163; x_wconf 85' lang='grc' dir='ltr'>τῶν</span> 
     </span>
    </p>
   </div>
   <div class='ocr_carea' id='block_1_67' title="bbox 191 4183 1762 4266">
    <p class='ocr_par' dir='ltr' id='par_1_67' title="bbox 191 4183 1762 4266">
     <span class='ocr_line' id='line_1_67' title="bbox 191 4183 1762 4266; baseline 0.011 -28"><span class='ocrx_word' id='word_1_479' title='bbox 191 4186 366 4254; x_wconf 84' lang='grc' dir='ltr'>ἁγίων</span> <span class='ocrx_word' id='word_1_480' title='bbox 397 4183 565 4257; x_wconf 74' lang='grc' dir='ltr'>ψυχαὶ</span> <span class='ocrx_word' id='word_1_481' title='bbox 592 4187 790 4252; x_wconf 79' lang='grc' dir='ltr'>παντὸς</span> <span class='ocrx_word' id='word_1_482' title='bbox 816 4190 1242 4248; x_wconf 81' lang='grc' dir='ltr'>ἀπαλλάττονται</span> <span class='ocrx_word' id='word_1_483' title='bbox 1273 4195 1464 4266; x_wconf 78' lang='grc' dir='ltr'>ῥύπου,</span> <span class='ocrx_word' id='word_1_484' title='bbox 1499 4204 1619 4263; x_wconf 80' lang='grc' dir='ltr'>ταῖς</span> <span class='ocrx_word' id='word_1_485' title='bbox 1655 4201 1762 4255; x_wconf 86' lang='grc' dir='ltr'>τῶν</span> 
     </span>
    </p>
   </div>
   <div class='ocr_carea' id='block_1_68' title="bbox 191 4277 1761 4366">
    <p class='ocr_par' dir='ltr' id='par_1_68' title="bbox 191 4277 1761 4366">
     <span class='ocr_line' id='line_1_68' title="bbox 191 4277 1761 4366; baseline 0.011 -37"><span class='ocrx_word' id='word_1_486' title='bbox 191 4277 514 4350; x_wconf 83' lang='grc' dir='ltr'>πειρασμῶν</span> <span class='ocrx_word' id='word_1_487' title='bbox 570 4280 776 4347; x_wconf 80' lang='grc' dir='ltr'>ἐφόδοις</span> <span class='ocrx_word' id='word_1_488' title='bbox 820 4281 1246 4354; x_wconf 83' lang='grc' dir='ltr'>προσϐάλλουσαι</span> <span class='ocrx_word' id='word_1_489' title='bbox 1275 4289 1555 4354; x_wconf 84' lang='grc' dir='ltr'>νεανικῶς.</span> <span class='ocrx_word' id='word_1_490' title='bbox 1592 4293 1761 4366; x_wconf 74' lang='grc' dir='ltr'><strong>Καὶή</strong></span> 
     </span>
    </p>
   </div>
   <div class='ocr_carea' id='block_1_69' title="bbox 189 4370 1760 4455">
    <p class='ocr_par' dir='ltr' id='par_1_69' title="bbox 189 4370 1760 4455">
     <span class='ocr_line' id='line_1_69' title="bbox 189 4370 1760 4455; baseline 0.013 -34"><span class='ocrx_word' id='word_1_491' title='bbox 189 4370 372 4423; x_wconf 81' lang='grc' dir='ltr'>αὐτῶν</span> <span class='ocrx_word' id='word_1_492' title='bbox 403 4371 750 4444; x_wconf 80' lang='grc' dir='ltr'>εὐδοκίμησις</span> <span class='ocrx_word' id='word_1_493' title='bbox 797 4374 885 4428; x_wconf 84' lang='grc' dir='ltr'>διὰ</span> <span class='ocrx_word' id='word_1_494' title='bbox 909 4375 1200 4448; x_wconf 87' lang='grc' dir='ltr'>πυρώσεως</span> <span class='ocrx_word' id='word_1_495' title='bbox 1221 4379 1447 4447; x_wconf 86' lang='grc' dir='ltr'>γίνεται,</span> <span class='ocrx_word' id='word_1_496' title='bbox 1477 4382 1760 4455; x_wconf 76' lang='grc' dir='ltr'>δοκιμαζο-</span> 
     </span>
    </p>
   </div>
   <div class='ocr_carea' id='block_1_70' title="bbox 192 4461 1762 4544">
    <p class='ocr_par' dir='ltr' id='par_1_70' title="bbox 192 4461 1762 4544">
     <span class='ocr_line' id='line_1_70' title="bbox 192 4461 1762 4544; baseline 0.012 -32"><span class='ocrx_word' id='word_1_497' title='bbox 192 4461 372 4531; x_wconf 87' lang='grc' dir='ltr'>μένων</span> <span class='ocrx_word' id='word_1_498' title='bbox 400 4462 474 4525; x_wconf 86' lang='grc' dir='ltr'>ὠς</span> <span class='ocrx_word' id='word_1_499' title='bbox 499 4461 585 4516; x_wconf 83' lang='grc' dir='ltr'>διὰ</span> <span class='ocrx_word' id='word_1_500' title='bbox 610 4465 801 4535; x_wconf 87' lang='grc' dir='ltr'>πυρός.</span> <span class='ocrx_word' id='word_1_501' title='bbox 834 4466 1047 4530; x_wconf 85' lang='grc' dir='ltr'>Ταύτας</span> <span class='ocrx_word' id='word_1_502' title='bbox 1091 4467 1188 4532; x_wconf 81' lang='grc' dir='ltr'><strong>τὰς</strong></span> <span class='ocrx_word' id='word_1_503' title='bbox 1231 4472 1412 4538; x_wconf 81' lang='grc' dir='ltr'>φωνὰς</span> <span class='ocrx_word' id='word_1_504' title='bbox 1446 4477 1555 4537; x_wconf 81' lang='grc' dir='ltr'>τοῖς</span> <span class='ocrx_word' id='word_1_505' title='bbox 1585 4476 1762 4544; x_wconf 81' lang='grc' dir='ltr'>ἁγίοις</span> 
     </span>
    </p>
   </div>
   <div class='ocr_carea' id='block_1_71' title="bbox 1937 3749 3426 3828">
    <p class='ocr_par' dir='ltr' id='par_1_71' title="bbox 1937 3749 3426 3828">
     <span class='ocr_line' id='line_1_71' title="bbox 1937 3749 3426 3828; baseline 0.011 -28"><span class='ocrx_word' id='word_1_506' title='bbox 1937 3749 2236 3816; x_wconf 82' lang='lat' dir='ltr'><strong>Athanasii,</strong></span> <span class='ocrx_word' id='word_1_507' title='bbox 2269 3750 2477 3820; x_wconf 77' lang='lat' dir='ltr'><strong>Cyrilli.</strong></span> <span class='ocrx_word' id='word_1_508' title='bbox 2529 3753 2598 3807; x_wconf 83' lang='lat' dir='ltr'><strong>At</strong></span> <span class='ocrx_word' id='word_1_509' title='bbox 2645 3769 2771 3808; x_wconf 89' lang='lat' dir='ltr'><strong>vero</strong></span> <span class='ocrx_word' id='word_1_510' title='bbox 2804 3756 2868 3810; x_wconf 90' lang='lat' dir='ltr'><strong>ad</strong></span> <span class='ocrx_word' id='word_1_511' title='bbox 2903 3756 3255 3823; x_wconf 89' lang='lat' dir='ltr'><strong>intellectum,</strong></span> <span class='ocrx_word' id='word_1_512' title='bbox 3291 3775 3426 3828; x_wconf 66' lang='lat' dir='ltr'><strong>pra-</strong></span> 
     </span>
    </p>
   </div>
   <div class='ocr_carea' id='block_1_72' title="bbox 1868 3840 3423 3919">
    <p class='ocr_par' dir='ltr' id='par_1_72' title="bbox 1868 3840 3423 3919">
     <span class='ocr_line' id='line_1_72' title="bbox 1868 3840 3423 3919; baseline 0.007 -25"><span class='ocrx_word' id='word_1_513' title='bbox 1868 3840 1998 3895; x_wconf 80' lang='lat' dir='ltr'><strong>dicit</strong></span> <span class='ocrx_word' id='word_1_514' title='bbox 2026 3841 2257 3911; x_wconf 85' lang='lat' dir='ltr'><strong>Spiritus</strong></span> <span class='ocrx_word' id='word_1_515' title='bbox 2288 3855 2506 3900; x_wconf 84' lang='lat' dir='ltr'><strong>sanctus</strong></span> <span class='ocrx_word' id='word_1_516' title='bbox 2558 3848 2891 3903; x_wconf 86' lang='lat' dir='ltr'><strong>calamitates</strong></span> <span class='ocrx_word' id='word_1_517' title='bbox 2935 3849 3192 3919; x_wconf 89' lang='lat' dir='ltr'><strong>apostolis</strong></span> <span class='ocrx_word' id='word_1_518' title='bbox 3225 3852 3423 3905; x_wconf 72' lang='lat' dir='ltr'><strong>obven-</strong></span> 
     </span>
    </p>
   </div>
   <div class='ocr_carea' id='block_1_73' title="bbox 1868 3942 3424 4013">
    <p class='ocr_par' dir='ltr' id='par_1_73' title="bbox 1868 3942 3424 4013">
     <span class='ocr_line' id='line_1_73' title="bbox 1868 3942 3424 4013; baseline 0.008 -27"><span class='ocrx_word' id='word_1_519' title='bbox 1868 3943 2018 3990; x_wconf 89' lang='lat' dir='ltr'><strong>turas</strong></span> <span class='ocrx_word' id='word_1_520' title='bbox 2057 3949 2275 4006; x_wconf 88' lang='lat' dir='ltr'><strong>propter</strong></span> <span class='ocrx_word' id='word_1_521' title='bbox 2301 3942 2736 4008; x_wconf 68' lang='lat' dir='ltr'><strong>prasdicationcm</strong></span> <span class='ocrx_word' id='word_1_522' title='bbox 2769 3942 3062 4013; x_wconf 81' lang='lat' dir='ltr'><strong>Evangelii,</strong></span> <span class='ocrx_word' id='word_1_523' title='bbox 3096 3961 3424 4000; x_wconf 89' lang='lat' dir='ltr'><strong>enumerans</strong></span> 
     </span>
    </p>
   </div>
   <div class='ocr_carea' id='block_1_74' title="bbox 1865 4025 3421 4097">
    <p class='ocr_par' dir='ltr' id='par_1_74' title="bbox 1865 4025 3421 4097">
     <span class='ocr_line' id='line_1_74' title="bbox 1865 4025 3421 4097; baseline 0.006 -20"><span class='ocrx_word' id='word_1_524' title='bbox 1865 4039 1957 4078; x_wconf 89' lang='lat' dir='ltr'><strong>eas</strong></span> <span class='ocrx_word' id='word_1_525' title='bbox 1990 4025 2042 4078; x_wconf 93' lang='lat' dir='ltr'><strong>in</strong></span> <span class='ocrx_word' id='word_1_526' title='bbox 2076 4028 2445 4095; x_wconf 90' lang='lat' dir='ltr'><strong>apostolorum</strong></span> <span class='ocrx_word' id='word_1_527' title='bbox 2490 4045 2742 4097; x_wconf 57' lang='lat' dir='ltr'><strong>perstma.</strong></span> <span class='ocrx_word' id='word_1_528' title='bbox 2775 4031 3238 4096; x_wconf 89' lang='lat' dir='ltr'><strong>Quemadmodum</strong></span> <span class='ocrx_word' id='word_1_529' title='bbox 3279 4035 3421 4087; x_wconf 87' lang='lat' dir='ltr'><strong>enim</strong></span> 
     </span>
    </p>
   </div>
   <div class='ocr_carea' id='block_1_75' title="bbox 1867 4116 3424 4195">
    <p class='ocr_par' dir='ltr' id='par_1_75' title="bbox 1867 4116 3424 4195">
     <span class='ocr_line' id='line_1_75' title="bbox 1867 4116 3424 4195; baseline 0.01 -30"><span class='ocrx_word' id='word_1_530' title='bbox 1867 4124 2151 4183; x_wconf 83' lang='lat' dir='ltr'><strong>argentum</strong></span> <span class='ocrx_word' id='word_1_531' title='bbox 2184 4116 2306 4186; x_wconf 81' lang='lat' dir='ltr'><strong>igne</strong></span> <span class='ocrx_word' id='word_1_532' title='bbox 2330 4117 2676 4188; x_wconf 77' lang='lat' dir='ltr'><strong>liquefactum</strong></span> <span class='ocrx_word' id='word_1_533' title='bbox 2705 4123 2906 4190; x_wconf 91' lang='lat' dir='ltr'><strong>optime</strong></span> <span class='ocrx_word' id='word_1_534' title='bbox 2935 4135 3312 4195; x_wconf 75' lang='lat' dir='ltr'><strong>perpurgatur,</strong></span> <span class='ocrx_word' id='word_1_535' title='bbox 3344 4127 3424 4182; x_wconf 84' lang='lat' dir='ltr'><strong>sic</strong></span> 
     </span>
    </p>
   </div>
   <div class='ocr_carea' id='block_1_76' title="bbox 1865 4205 3422 4272">
    <p class='ocr_par' dir='ltr' id='par_1_76' title="bbox 1865 4205 3422 4272">
     <span class='ocr_line' id='line_1_76' title="bbox 1865 4205 3422 4272; baseline 0.008 -14"><span class='ocrx_word' id='word_1_536' title='bbox 1865 4205 2026 4258; x_wconf 87' lang='lat' dir='ltr'><strong>etiam</strong></span> <span class='ocrx_word' id='word_1_537' title='bbox 2085 4218 2393 4264; x_wconf 89' lang='lat' dir='ltr'><strong>sanctorum</strong></span> <span class='ocrx_word' id='word_1_538' title='bbox 2467 4213 2660 4266; x_wconf 68' lang='lat' dir='ltr'><strong>animae</strong></span> <span class='ocrx_word' id='word_1_539' title='bbox 2722 4215 3074 4270; x_wconf 76' lang='lat' dir='ltr'><strong>tentatiomum</strong></span> <span class='ocrx_word' id='word_1_540' title='bbox 3133 4217 3422 4272; x_wconf 84' lang='lat' dir='ltr'><strong>iusultibus</strong></span> 
     </span>
    </p>
   </div>
   <div class='ocr_carea' id='block_1_77' title="bbox 1866 4301 3424 4369">
    <p class='ocr_par' dir='ltr' id='par_1_77' title="bbox 1866 4301 3424 4369">
     <span class='ocr_line' id='line_1_77' title="bbox 1866 4301 3424 4369; baseline 0.011 -20"><span class='ocrx_word' id='word_1_541' title='bbox 1866 4305 2086 4352; x_wconf 87' lang='lat' dir='ltr'><strong>strenue</strong></span> <span class='ocrx_word' id='word_1_542' title='bbox 2129 4301 2462 4369; x_wconf 89' lang='lat' dir='ltr'><strong>resistentes,</strong></span> <span class='ocrx_word' id='word_1_543' title='bbox 2509 4306 2577 4359; x_wconf 91' lang='lat' dir='ltr'><strong>ab</strong></span> <span class='ocrx_word' id='word_1_544' title='bbox 2601 4307 2855 4362; x_wconf 91' lang='lat' dir='ltr'><strong>omnibus</strong></span> <span class='ocrx_word' id='word_1_545' title='bbox 2889 4310 3218 4363; x_wconf 88' lang='lat' dir='ltr'><strong>mundantur</strong></span> <span class='ocrx_word' id='word_1_546' title='bbox 3247 4311 3424 4366; x_wconf 81' lang='lat' dir='ltr'><strong>sordi-</strong></span> 
     </span>
    </p>
   </div>
   <div class='ocr_carea' id='block_1_78' title="bbox 1864 4387 3421 4468">
    <p class='ocr_par' dir='ltr' id='par_1_78' title="bbox 1864 4387 3421 4468">
     <span class='ocr_line' id='line_1_78' title="bbox 1864 4387 3421 4468; baseline 0.011 -27"><span class='ocrx_word' id='word_1_547' title='bbox 1864 4387 1985 4442; x_wconf 88' lang='lat' dir='ltr'><strong>bus.</strong></span> <span class='ocrx_word' id='word_1_548' title='bbox 2020 4389 2219 4445; x_wconf 88' lang='lat' dir='ltr'><strong>Earum</strong></span> <span class='ocrx_word' id='word_1_549' title='bbox 2254 4405 2430 4448; x_wconf 90' lang='lat' dir='ltr'><strong>autem</strong></span> <span class='ocrx_word' id='word_1_550' title='bbox 2454 4397 2701 4465; x_wconf 87' lang='lat' dir='ltr'><strong>probatio</strong></span> <span class='ocrx_word' id='word_1_551' title='bbox 2729 4415 2824 4468; x_wconf 83' lang='lat' dir='ltr'><strong>per</strong></span> <span class='ocrx_word' id='word_1_552' title='bbox 2851 4401 3280 4457; x_wconf 59' lang='lat' dir='ltr'><strong>comliustiouem</strong></span> <span class='ocrx_word' id='word_1_553' title='bbox 3311 4403 3421 4457; x_wconf 76' lang='grc' dir='ltr'><strong>επὶ-</strong></span> 
     </span>
    </p>
   </div>
   <div class='ocr_carea' id='block_1_79' title="bbox 1863 4481 3420 4563">
    <p class='ocr_par' dir='ltr' id='par_1_79' title="bbox 1863 4481 3420 4563">
     <span class='ocr_line' id='line_1_79' title="bbox 1863 4481 3420 4563; baseline 0.01 -29"><span class='ocrx_word' id='word_1_554' title='bbox 1863 4481 2042 4536; x_wconf 88' lang='lat' dir='ltr'><strong>citur:</strong></span> <span class='ocrx_word' id='word_1_555' title='bbox 2079 4499 2202 4538; x_wconf 88' lang='lat' dir='ltr'><strong>nam</strong></span> <span class='ocrx_word' id='word_1_556' title='bbox 2233 4501 2326 4554; x_wconf 90' lang='lat' dir='ltr'><strong>per</strong></span> <span class='ocrx_word' id='word_1_557' title='bbox 2357 4487 2531 4556; x_wconf 80' lang='lat' dir='ltr'><strong>ignem</strong></span> <span class='ocrx_word' id='word_1_558' title='bbox 2571 4491 2888 4558; x_wconf 86' lang='lat' dir='ltr'><strong>probantur.</strong></span> <span class='ocrx_word' id='word_1_559' title='bbox 2921 4491 3028 4548; x_wconf 85' lang='lat' dir='ltr'><strong>Has</strong></span> <span class='ocrx_word' id='word_1_560' title='bbox 3054 4509 3213 4563; x_wconf 90' lang='lat' dir='ltr'><strong>porro</strong></span> <span class='ocrx_word' id='word_1_561' title='bbox 3265 4512 3420 4551; x_wconf 86' lang='lat' dir='ltr'><strong>voces</strong></span> 
     </span>
    </p>
   </div>
   <div class='ocr_carea' id='block_1_80' title="bbox 191 4554 1804 4655">
    <p class='ocr_par' dir='ltr' id='par_1_80' title="bbox 191 4554 1804 4631">
     <span class='ocr_line' id='line_1_80' title="bbox 191 4554 1804 4631; baseline 0.009 -25"><span class='ocrx_word' id='word_1_562' title='bbox 191 4554 464 4625; x_wconf 90' lang='grc' dir='ltr'>μάρτυσιν</span> <span class='ocrx_word' id='word_1_563' title='bbox 498 4557 526 4608; x_wconf 83' lang='grc' dir='ltr'>ὁ</span> <span class='ocrx_word' id='word_1_564' title='bbox 562 4556 769 4620; x_wconf 88' lang='grc' dir='ltr'>Παῦλος</span> <span class='ocrx_word' id='word_1_565' title='bbox 789 4557 1120 4631; x_wconf 85' lang='grc' dir='ltr'>ἀνατίθησιν.</span> <span class='ocrx_word' id='word_1_566' title='bbox 1167 4561 1324 4616; x_wconf 79' lang='grc' dir='ltr'>Ἀλλὰ</span> <span class='ocrx_word' id='word_1_567' title='bbox 1353 4565 1446 4619; x_wconf 77' lang='grc' dir='ltr'>καὶ</span> <span class='ocrx_word' id='word_1_568' title='bbox 1471 4568 1518 4619; x_wconf 87' lang='grc' dir='ltr'>οἱ</span> <span class='ocrx_word' id='word_1_569' title='bbox 1544 4566 1628 4620; x_wconf 83' lang='grc' dir='ltr'><strong>διὰ</strong></span> <span class='ocrx_word' id='word_1_570' title='bbox 1658 4585 1760 4621; x_wconf 90' lang='grc' dir='ltr'>πυ-</span> <span class='ocrx_word' id='word_1_571' title='bbox 1793 4576 1804 4631; x_wconf 85' lang='grc'><strong>1</strong></span> 
     </span>
    </p>
   </div>
   <div class='ocr_carea' id='block_1_81' title="bbox 1867 4554 3418 4655">
    <p class='ocr_par' dir='ltr' id='par_1_81' title="bbox 1867 4554 3418 4655">
     <span class='ocr_line' id='line_1_81' title="bbox 1867 4554 3418 4655; baseline 0.01 -30"><span class='ocrx_word' id='word_1_572' title='bbox 1867 4572 2031 4628; x_wconf 82' lang='lat' dir='ltr'><strong>refert</strong></span> <span class='ocrx_word' id='word_1_573' title='bbox 2053 4575 2208 4630; x_wconf 89' lang='lat' dir='ltr'><strong>divus</strong></span> <span class='ocrx_word' id='word_1_574' title='bbox 2225 4554 2427 4633; x_wconf 84' lang='lat' dir='ltr'><strong>Paulus</strong></span> <span class='ocrx_word' id='word_1_575' title='bbox 2456 4581 2518 4634; x_wconf 90' lang='lat' dir='ltr'><strong>ad</strong></span> <span class='ocrx_word' id='word_1_576' title='bbox 2550 4593 2768 4636; x_wconf 88' lang='lat' dir='ltr'><strong>sanctos</strong></span> <span class='ocrx_word' id='word_1_577' title='bbox 2797 4593 3078 4654; x_wconf 75' lang='lat' dir='ltr'><strong>martyres.</strong></span> <span class='ocrx_word' id='word_1_578' title='bbox 3100 4584 3418 4655; x_wconf 86' lang='lat' dir='ltr'><strong>Quanquam</strong></span> 
     </span>
    </p>
   </div>
   <div class='ocr_carea' id='block_1_82' title="bbox 191 4646 1757 4732">
    <p class='ocr_par' dir='ltr' id='par_1_82' title="bbox 191 4646 1757 4732">
     <span class='ocr_line' id='line_1_82' title="bbox 191 4646 1757 4732; baseline 0.011 -34"><span class='ocrx_word' id='word_1_579' title='bbox 191 4646 284 4717; x_wconf 84' lang='grc' dir='ltr'>ρὸς</span> <span class='ocrx_word' id='word_1_580' title='bbox 308 4648 403 4700; x_wconf 73' lang='grc' dir='ltr'>καὶ</span> <span class='ocrx_word' id='word_1_581' title='bbox 436 4647 622 4709; x_wconf 77' lang='grc' dir='ltr'>ὓδατος</span> <span class='ocrx_word' id='word_1_582' title='bbox 649 4649 742 4702; x_wconf 91' lang='grc' dir='ltr'><strong>τοῦ</strong></span> <span class='ocrx_word' id='word_1_583' title='bbox 776 4650 986 4715; x_wconf 77' lang='grc' dir='ltr'>ζέοντος</span> <span class='ocrx_word' id='word_1_584' title='bbox 1015 4653 1205 4724; x_wconf 88' lang='grc' dir='ltr'>θυμοῦ,</span> <span class='ocrx_word' id='word_1_585' title='bbox 1254 4658 1346 4708; x_wconf 68' lang='grc' dir='ltr'>καὶ</span> <span class='ocrx_word' id='word_1_586' title='bbox 1379 4658 1477 4728; x_wconf 80' lang='grc' dir='ltr'>τῆς</span> <span class='ocrx_word' id='word_1_587' title='bbox 1505 4659 1757 4732; x_wconf 86' lang='grc' dir='ltr'>διακεχυ-</span> 
     </span>
    </p>
   </div>
   <div class='ocr_carea' id='block_1_83' title="bbox 191 4739 1755 4824">
    <p class='ocr_par' dir='ltr' id='par_1_83' title="bbox 191 4739 1755 4824">
     <span class='ocr_line' id='line_1_83' title="bbox 191 4739 1755 4824; baseline 0.009 -33"><span class='ocrx_word' id='word_1_588' title='bbox 191 4739 362 4811; x_wconf 86' lang='grc' dir='ltr'>μένης</span> <span class='ocrx_word' id='word_1_589' title='bbox 419 4740 610 4810; x_wconf 82' lang='grc' dir='ltr'>ἡδονῆς</span> <span class='ocrx_word' id='word_1_590' title='bbox 667 4743 760 4795; x_wconf 73' lang='grc' dir='ltr'>καὶ</span> <span class='ocrx_word' id='word_1_591' title='bbox 819 4742 1108 4815; x_wconf 85' lang='grc' dir='ltr'>ἐπιθυμίας</span> <span class='ocrx_word' id='word_1_592' title='bbox 1154 4745 1476 4811; x_wconf 86' lang='grc' dir='ltr'>διελθόντες,</span> <span class='ocrx_word' id='word_1_593' title='bbox 1535 4752 1628 4804; x_wconf 76' lang='grc' dir='ltr'>καὶ</span> <span class='ocrx_word' id='word_1_594' title='bbox 1681 4753 1755 4824; x_wconf 81' lang='grc' dir='ltr'>μὴ</span> 
     </span>
    </p>
   </div>
   <div class='ocr_carea' id='block_1_84' title="bbox 188 4831 1756 4916">
    <p class='ocr_par' dir='ltr' id='par_1_84' title="bbox 188 4831 1756 4916">
     <span class='ocr_line' id='line_1_84' title="bbox 188 4831 1756 4916; baseline 0.008 -33"><span class='ocrx_word' id='word_1_595' title='bbox 188 4831 641 4900; x_wconf 73' lang='grc' dir='ltr'>ἐναπομείναντες</span> <span class='ocrx_word' id='word_1_596' title='bbox 669 4833 878 4898; x_wconf 85' lang='grc' dir='ltr'>τούτοις</span> <span class='ocrx_word' id='word_1_597' title='bbox 903 4839 1014 4900; x_wconf 87' lang='grc' dir='ltr'>τοῖς</span> <span class='ocrx_word' id='word_1_598' title='bbox 1042 4836 1286 4905; x_wconf 81' lang='grc' dir='ltr'>πάθεσιν,</span> <span class='ocrx_word' id='word_1_599' title='bbox 1319 4842 1630 4913; x_wconf 79' lang='grc' dir='ltr'>εὑρίσκουσι</span> <span class='ocrx_word' id='word_1_600' title='bbox 1660 4846 1756 4916; x_wconf 78' lang='grc' dir='ltr'>τὴν</span> 
     </span>
    </p>
   </div>
   <div class='ocr_carea' id='block_1_85' title="bbox 187 4921 474 4993">
    <p class='ocr_par' dir='ltr' id='par_1_85' title="bbox 187 4921 474 4993">
     <span class='ocr_line' id='line_1_85' title="bbox 187 4921 474 4993; baseline 0 -18"><span class='ocrx_word' id='word_1_601' title='bbox 187 4921 474 4993; x_wconf 74' lang='grc' dir='ltr'>ἀνάψυξιν.</span> 
     </span>
    </p>
   </div>
   <div class='ocr_carea' id='block_1_86' title="bbox 1866 4668 3420 4748">
    <p class='ocr_par' dir='ltr' id='par_1_86' title="bbox 1866 4668 3420 4748">
     <span class='ocr_line' id='line_1_86' title="bbox 1866 4668 3420 4748; baseline 0.01 -30"><span class='ocrx_word' id='word_1_602' title='bbox 1866 4668 2026 4720; x_wconf 89' lang='lat' dir='ltr'><strong>etiam</strong></span> <span class='ocrx_word' id='word_1_603' title='bbox 2079 4668 2114 4721; x_wconf 91' lang='lat' dir='ltr'><strong>ii</strong></span> <span class='ocrx_word' id='word_1_604' title='bbox 2167 4669 2508 4742; x_wconf 81' lang='lat' dir='ltr'><strong>refrigerium</strong></span> <span class='ocrx_word' id='word_1_605' title='bbox 2567 4675 2850 4730; x_wconf 87' lang='lat' dir='ltr'><strong>inveniunt</strong></span> <span class='ocrx_word' id='word_1_606' title='bbox 2873 4677 2961 4746; x_wconf 91' lang='lat' dir='ltr'><strong>qui</strong></span> <span class='ocrx_word' id='word_1_607' title='bbox 3003 4693 3095 4747; x_wconf 86' lang='lat' dir='ltr'><strong>per</strong></span> <span class='ocrx_word' id='word_1_608' title='bbox 3147 4679 3321 4748; x_wconf 76' lang='lat' dir='ltr'><strong>ignem</strong></span> <span class='ocrx_word' id='word_1_609' title='bbox 3368 4690 3420 4734; x_wconf 87' lang='lat' dir='ltr'><strong>ct</strong></span> 
     </span>
    </p>
   </div>
   <div class='ocr_carea' id='block_1_87' title="bbox 1863 4760 3420 4839">
    <p class='ocr_par' dir='ltr' id='par_1_87' title="bbox 1863 4760 3420 4839">
     <span class='ocr_line' id='line_1_87' title="bbox 1863 4760 3420 4839; baseline 0.009 -28"><span class='ocrx_word' id='word_1_610' title='bbox 1863 4773 2060 4828; x_wconf 90' lang='lat' dir='ltr'><strong>aquam</strong></span> <span class='ocrx_word' id='word_1_611' title='bbox 2105 4760 2363 4818; x_wconf 80' lang='lat' dir='ltr'><strong>ferventis</strong></span> <span class='ocrx_word' id='word_1_612' title='bbox 2398 4765 2509 4831; x_wconf 62' lang='lat' dir='ltr'><strong>ire,</strong></span> <span class='ocrx_word' id='word_1_613' title='bbox 2542 4782 2606 4822; x_wconf 92' lang='lat' dir='ltr'><strong>ac</strong></span> <span class='ocrx_word' id='word_1_614' title='bbox 2635 4767 2950 4822; x_wconf 77' lang='lat' dir='ltr'><strong>diffusarutn</strong></span> <span class='ocrx_word' id='word_1_615' title='bbox 2985 4769 3320 4839; x_wconf 76' lang='lat' dir='ltr'><strong>voluptatum</strong></span> <span class='ocrx_word' id='word_1_616' title='bbox 3357 4785 3420 4825; x_wconf 92' lang='lat' dir='ltr'><strong>ac</strong></span> 
     </span>
    </p>
   </div>
   <div class='ocr_carea' id='block_1_88' title="bbox 1863 4852 3418 4925">
    <p class='ocr_par' dir='ltr' id='par_1_88' title="bbox 1863 4852 3418 4925">
     <span class='ocr_line' id='line_1_88' title="bbox 1863 4852 3418 4925; baseline 0.007 -21"><span class='ocrx_word' id='word_1_617' title='bbox 1863 4852 2223 4921; x_wconf 88' lang='lat' dir='ltr'><strong>cupiditatum</strong></span> <span class='ocrx_word' id='word_1_618' title='bbox 2267 4864 2667 4925; x_wconf 84' lang='lat' dir='ltr'><strong>pertranseunt,</strong></span> <span class='ocrx_word' id='word_1_619' title='bbox 2714 4859 2759 4914; x_wconf 90' lang='lat' dir='ltr'><strong>si</strong></span> <span class='ocrx_word' id='word_1_620' title='bbox 2800 4862 2852 4913; x_wconf 90' lang='lat' dir='ltr'><strong>in</strong></span> <span class='ocrx_word' id='word_1_621' title='bbox 2906 4860 3209 4915; x_wconf 84' lang='lat' dir='ltr'><strong>istiusmodi</strong></span> <span class='ocrx_word' id='word_1_622' title='bbox 3252 4861 3418 4915; x_wconf 91' lang='lat' dir='ltr'><strong>animi</strong></span> 
     </span>
    </p>
   </div>
   <div class='ocr_carea' id='block_1_89' title="bbox 1865 4946 2794 5019">
    <p class='ocr_par' dir='ltr' id='par_1_89' title="bbox 1865 4946 2794 5019">
     <span class='ocr_line' id='line_1_89' title="bbox 1865 4946 2794 5019; baseline 0.01 -23"><span class='ocrx_word' id='word_1_623' title='bbox 1865 4946 2213 5012; x_wconf 82' lang='lat' dir='ltr'><strong>passionibus</strong></span> <span class='ocrx_word' id='word_1_624' title='bbox 2237 4963 2343 5002; x_wconf 90' lang='lat' dir='ltr'><strong>non</strong></span> <span class='ocrx_word' id='word_1_625' title='bbox 2376 4951 2794 5019; x_wconf 84' lang='lat' dir='ltr'><strong>permanserint.</strong></span> 
     </span>
    </p>
   </div>
   <div class='ocr_carea' id='block_1_90' title="bbox 953 5045 2644 5130">
    <p class='ocr_par' dir='ltr' id='par_1_90' title="bbox 953 5045 2644 5130">
     <span class='ocr_line' id='line_1_90' title="bbox 953 5045 2644 5130; baseline 0.011 -30"><span class='ocrx_word' id='word_1_626' title='bbox 953 5045 1087 5101; x_wconf 82' lang='lat' dir='ltr'><strong>Item</strong></span> <span class='ocrx_word' id='word_1_627' title='bbox 1117 5051 1170 5103; x_wconf 90' lang='lat' dir='ltr'><strong>in</strong></span> <span class='ocrx_word' id='word_1_628' title='bbox 1200 5051 1384 5104; x_wconf 76' lang='lat' dir='ltr'><strong>verba:</strong></span> <span class='ocrx_word' id='word_1_629' title='bbox 1413 5071 1430 5104; x_wconf 74' lang='grc' dir='ltr'><strong>ι</strong></span> <span class='ocrx_word' id='word_1_630' title='bbox 1466 5050 1703 5108; x_wconf 88' lang='lat' dir='ltr'><strong>Introibo</strong></span> <span class='ocrx_word' id='word_1_631' title='bbox 1735 5056 1789 5110; x_wconf 92' lang='lat' dir='ltr'><strong>in</strong></span> <span class='ocrx_word' id='word_1_632' title='bbox 1821 5058 2034 5114; x_wconf 84' lang='lat' dir='ltr'><strong>domum</strong></span> <span class='ocrx_word' id='word_1_633' title='bbox 2063 5070 2226 5127; x_wconf 70' lang='lat' dir='ltr'><strong>tatam,</strong></span> <span class='ocrx_word' id='word_1_634' title='bbox 2263 5081 2281 5113; x_wconf 71' lang='grc' dir='ltr'><strong>ι</strong></span> <span class='ocrx_word' id='word_1_635' title='bbox 2310 5073 2433 5130; x_wconf 86' lang='lat' dir='ltr'><strong>etc.,</strong></span> <span class='ocrx_word' id='word_1_636' title='bbox 2472 5081 2518 5118; x_wconf 88' lang='grc' dir='ltr'><strong>υ.</strong></span> <span class='ocrx_word' id='word_1_637' title='bbox 2560 5065 2644 5119; x_wconf 83' lang='grc'><strong>15.</strong></span> 
     </span>
    </p>
   </div>
   <div class='ocr_carea' id='block_1_91' title="bbox 259 5157 1752 5233">
    <p class='ocr_par' dir='ltr' id='par_1_91' title="bbox 259 5157 1752 5233">
     <span class='ocr_line' id='line_1_91' title="bbox 259 5157 1752 5233; baseline 0.007 -21"><span class='ocrx_word' id='word_1_638' title='bbox 259 5157 338 5229; x_wconf 90' lang='grc'><strong>(5)</strong></span> <span class='ocrx_word' id='word_1_639' title='bbox 381 5157 748 5225; x_wconf 79' lang='grc' dir='ltr'>Ἀθανάσιος.</span> <span class='ocrx_word' id='word_1_640' title='bbox 784 5159 927 5232; x_wconf 79' lang='grc' dir='ltr'>Πρὸς</span> <span class='ocrx_word' id='word_1_641' title='bbox 988 5161 1111 5216; x_wconf 92' lang='grc' dir='ltr'>νοῦν</span> <span class='ocrx_word' id='word_1_642' title='bbox 1140 5164 1301 5233; x_wconf 77' lang='grc' dir='ltr'>φασὶν</span> <span class='ocrx_word' id='word_1_643' title='bbox 1349 5166 1397 5218; x_wconf 84' lang='grc' dir='ltr'>οἱ</span> <span class='ocrx_word' id='word_1_644' title='bbox 1427 5166 1710 5222; x_wconf 80' lang='grc' dir='ltr'>ἀπόστολοι</span> <span class='ocrx_word' id='word_1_645' title='bbox 1741 5187 1752 5201; x_wconf 87' lang='grc'>·</span> 
     </span>
    </p>
   </div>
   <div class='ocr_carea' id='block_1_92' title="bbox 1925 5175 3414 5248">
    <p class='ocr_par' dir='ltr' id='par_1_92' title="bbox 1925 5175 3414 5248">
     <span class='ocr_line' id='line_1_92' title="bbox 1925 5175 3414 5248; baseline 0.007 -22"><span class='ocrx_word' id='word_1_646' title='bbox 1925 5175 2265 5232; x_wconf 81' lang='lat' dir='ltr'><strong>Athanasius.</strong></span> <span class='ocrx_word' id='word_1_647' title='bbox 2322 5179 2401 5233; x_wconf 80' lang='lat' dir='ltr'><strong>Ad</strong></span> <span class='ocrx_word' id='word_1_648' title='bbox 2453 5180 2781 5242; x_wconf 83' lang='lat' dir='ltr'><strong>intellectum</strong></span> <span class='ocrx_word' id='word_1_649' title='bbox 2838 5197 2965 5236; x_wconf 83' lang='lat' dir='ltr'><strong>vero</strong></span> <span class='ocrx_word' id='word_1_650' title='bbox 3002 5201 3014 5237; x_wconf 89' lang='lat'><strong>:</strong></span> <span class='ocrx_word' id='word_1_651' title='bbox 3045 5181 3369 5237; x_wconf 89' lang='lat' dir='ltr'><strong>lutrabimus</strong></span> <span class='ocrx_word' id='word_1_652' title='bbox 3399 5226 3414 5248; x_wconf 83' lang='lat'><strong>,</strong></span> 
     </span>
    </p>
   </div>
   <div class='ocr_carea' id='block_1_93' title="bbox 186 5249 1804 5341">
    <p class='ocr_par' dir='ltr' id='par_1_93' title="bbox 186 5249 1756 5328">
     <span class='ocr_line' id='line_1_93' title="bbox 186 5249 1756 5328; baseline 0.007 -24"><span class='ocrx_word' id='word_1_653' title='bbox 186 5249 617 5322; x_wconf 80' lang='grc' dir='ltr'>Είσελευσόμεθα</span> <span class='ocrx_word' id='word_1_654' title='bbox 641 5254 719 5316; x_wconf 83' lang='grc' dir='ltr'><strong>είς</strong></span> <span class='ocrx_word' id='word_1_655' title='bbox 747 5252 835 5307; x_wconf 82' lang='grc' dir='ltr'>τὸν</span> <span class='ocrx_word' id='word_1_656' title='bbox 885 5254 1009 5308; x_wconf 85' lang='grc' dir='ltr'>ναὸν</span> <span class='ocrx_word' id='word_1_657' title='bbox 1063 5256 1154 5309; x_wconf 80' lang='grc' dir='ltr'>τὸν</span> <span class='ocrx_word' id='word_1_658' title='bbox 1202 5258 1523 5328; x_wconf 79' lang='grc' dir='ltr'>ἐπουράνιον</span> <span class='ocrx_word' id='word_1_659' title='bbox 1553 5260 1650 5313; x_wconf 84' lang='grc' dir='ltr'>οὑκ</span> <span class='ocrx_word' id='word_1_660' title='bbox 1699 5263 1756 5316; x_wconf 86' lang='grc' dir='ltr'><strong>ἐν</strong></span> 
     </span>
    </p>
   </div>
   <div class='ocr_carea' id='block_1_94' title="bbox 1867 5249 3416 5341">
    <p class='ocr_par' dir='ltr' id='par_1_94' title="bbox 1867 5268 3416 5341">
     <span class='ocr_line' id='line_1_94' title="bbox 1867 5268 3416 5341; baseline 0.005 -22"><span class='ocrx_word' id='word_1_661' title='bbox 1867 5268 2108 5337; x_wconf 77' lang='lat' dir='ltr'><strong>inquiunt</strong></span> <span class='ocrx_word' id='word_1_662' title='bbox 2153 5271 2412 5341; x_wconf 86' lang='lat' dir='ltr'><strong>apostoli,</strong></span> <span class='ocrx_word' id='word_1_663' title='bbox 2470 5271 2522 5326; x_wconf 91' lang='lat' dir='ltr'><strong>in</strong></span> <span class='ocrx_word' id='word_1_664' title='bbox 2573 5273 2792 5326; x_wconf 90' lang='lat' dir='ltr'><strong>domum</strong></span> <span class='ocrx_word' id='word_1_665' title='bbox 2840 5273 3135 5333; x_wconf 71' lang='lat' dir='ltr'><strong>caelestem,</strong></span> <span class='ocrx_word' id='word_1_666' title='bbox 3195 5287 3302 5327; x_wconf 91' lang='lat' dir='ltr'><strong>non</strong></span> <span class='ocrx_word' id='word_1_667' title='bbox 3364 5273 3416 5326; x_wconf 92' lang='lat' dir='ltr'><strong>in</strong></span> 
     </span>
    </p>
   </div>
   <div class='ocr_carea' id='block_1_95' title="bbox 186 5340 1758 5420">
    <p class='ocr_par' dir='ltr' id='par_1_95' title="bbox 186 5340 1758 5420">
     <span class='ocr_line' id='line_1_95' title="bbox 186 5340 1758 5420; baseline 0.006 -24"><span class='ocrx_word' id='word_1_668' title='bbox 186 5340 484 5411; x_wconf 73' lang='grc' dir='ltr'>αἰσθητοῖς,</span> <span class='ocrx_word' id='word_1_669' title='bbox 539 5343 651 5396; x_wconf 77' lang='grc' dir='ltr'>ἀλλ’</span> <span class='ocrx_word' id='word_1_670' title='bbox 685 5345 742 5396; x_wconf 85' lang='grc' dir='ltr'><strong>ἐν</strong></span> <span class='ocrx_word' id='word_1_671' title='bbox 797 5349 1005 5418; x_wconf 80' lang='grc' dir='ltr'>νοητοῖς</span> <span class='ocrx_word' id='word_1_672' title='bbox 1052 5347 1511 5420; x_wconf 82' lang='grc' dir='ltr'>ὁλοκαυτώμασιν.</span> <span class='ocrx_word' id='word_1_673' title='bbox 1569 5351 1758 5416; x_wconf 89' lang='grc' dir='ltr'>Ὅλους</span> 
     </span>
    </p>
   </div>
   <div class='ocr_carea' id='block_1_96' title="bbox 185 5432 1759 5506">
    <p class='ocr_par' dir='ltr' id='par_1_96' title="bbox 185 5432 1759 5506">
     <span class='ocr_line' id='line_1_96' title="bbox 185 5432 1759 5506; baseline 0.008 -20"><span class='ocrx_word' id='word_1_674' title='bbox 185 5434 295 5504; x_wconf 75' lang='grc' dir='ltr'>γὰρ</span> <span class='ocrx_word' id='word_1_675' title='bbox 325 5432 549 5496; x_wconf 74' lang='grc' dir='ltr'>ἑαυτοὺς</span> <span class='ocrx_word' id='word_1_676' title='bbox 606 5433 874 5505; x_wconf 79' lang='grc' dir='ltr'>ἀνέθηκαν</span> <span class='ocrx_word' id='word_1_677' title='bbox 925 5435 1002 5506; x_wconf 82' lang='grc' dir='ltr'>τῷ</span> <span class='ocrx_word' id='word_1_678' title='bbox 1045 5436 1164 5506; x_wconf 86' lang='grc' dir='ltr'><strong>Θεῷ</strong></span> <span class='ocrx_word' id='word_1_679' title='bbox 1201 5440 1256 5493; x_wconf 84' lang='grc' dir='ltr'>ὲν</span> <span class='ocrx_word' id='word_1_680' title='bbox 1282 5438 1430 5504; x_wconf 78' lang='grc' dir='ltr'>τάξει</span> <span class='ocrx_word' id='word_1_681' title='bbox 1459 5441 1759 5498; x_wconf 83' lang='grc' dir='ltr'>ὁλοκαυτω-</span> 
     </span>
    </p>
   </div>
   <div class='ocr_carea' id='block_1_97' title="bbox 189 5526 398 5595">
    <p class='ocr_par' dir='ltr' id='par_1_97' title="bbox 189 5526 398 5595">
     <span class='ocr_line' id='line_1_97' title="bbox 189 5526 398 5595; baseline 0 -17"><span class='ocrx_word' id='word_1_682' title='bbox 189 5526 398 5595; x_wconf 81' lang='grc' dir='ltr'>μάτων.</span> 
     </span>
    </p>
   </div>
   <div class='ocr_carea' id='block_1_98' title="bbox 255 5661 970 5735">
    <p class='ocr_par' dir='ltr' id='par_1_98' title="bbox 255 5661 970 5735">
     <span class='ocr_line' id='line_1_98' title="bbox 255 5661 970 5735; baseline 0.006 -20"><span class='ocrx_word' id='word_1_683' title='bbox 255 5662 302 5694; x_wconf 74' lang='grc' dir='ltr'><strong>δ³</strong></span> <span class='ocrx_word' id='word_1_684' title='bbox 323 5661 518 5718; x_wconf 79' lang='lat' dir='ltr'><strong>Ezech.</strong></span> <span class='ocrx_word' id='word_1_685' title='bbox 557 5679 618 5728; x_wconf 81' lang='grc' dir='ltr'><strong>ιι,</strong></span> <span class='ocrx_word' id='word_1_686' title='bbox 656 5665 689 5718; x_wconf 70' lang='grc' dir='ltr'><strong>δ</strong></span> <span class='ocrx_word' id='word_1_687' title='bbox 736 5673 790 5719; x_wconf 90' lang='lat' dir='ltr'><strong>et</strong></span> <span class='ocrx_word' id='word_1_688' title='bbox 822 5679 970 5735; x_wconf 86' lang='lat' dir='ltr'><strong>seqq.</strong></span> 
     </span>
    </p>
   </div>
   <div class='ocr_carea' id='block_1_99' title="bbox 257 5776 1198 5850">
    <p class='ocr_par' dir='ltr' id='par_1_99' title="bbox 257 5776 1198 5850">
     <span class='ocr_line' id='line_1_99' title="bbox 257 5776 1198 5850; baseline 0.006 -18"><span class='ocrx_word' id='word_1_689' title='bbox 257 5776 333 5850; x_wconf 73' lang='grc' dir='ltr'><strong>(ὅ)</strong></span> <span class='ocrx_word' id='word_1_690' title='bbox 361 5776 488 5850; x_wconf 63' lang='lat' dir='ltr'><strong>ﬂare</strong></span> <span class='ocrx_word' id='word_1_691' title='bbox 519 5779 736 5849; x_wconf 85' lang='lat' dir='ltr'><strong>paulum</strong></span> <span class='ocrx_word' id='word_1_692' title='bbox 767 5779 977 5834; x_wconf 83' lang='lat' dir='ltr'><strong>diversa</strong></span> <span class='ocrx_word' id='word_1_693' title='bbox 1011 5797 1198 5850; x_wconf 88' lang='lat' dir='ltr'><strong>supra.</strong></span> 
     </span>
    </p>
   </div>
   <div class='ocr_carea' id='block_1_100' title="bbox 256 5776 1313 5922">
    <p class='ocr_par' dir='ltr' id='par_1_100' title="bbox 256 5776 1313 5922">
     <span class='ocr_line' id='line_1_100' title="bbox 257 5776 1198 5850; baseline 0.006 -18"><span class='ocrx_word' id='word_1_694' title='bbox 257 5779 312 5846; x_wconf 73' lang='grc' dir='ltr'><strong>(ὅ</strong></span> <span class='ocrx_word' id='word_1_695' title='bbox 361 5776 488 5833; x_wconf 70' lang='lat' dir='ltr'><strong>l&#39;larc</strong></span> <span class='ocrx_word' id='word_1_696' title='bbox 519 5779 736 5849; x_wconf 85' lang='lat' dir='ltr'><strong>paulum</strong></span> <span class='ocrx_word' id='word_1_697' title='bbox 767 5779 977 5834; x_wconf 83' lang='lat' dir='ltr'><strong>diversa</strong></span> <span class='ocrx_word' id='word_1_698' title='bbox 1011 5797 1198 5850; x_wconf 88' lang='lat' dir='ltr'><strong>supra.</strong></span> 
     </span>
     <span class='ocr_line' id='line_1_101' title="bbox 256 5776 1313 5922; baseline 0.006 -18"><span class='ocrx_word' id='word_1_699' title='bbox 256 5776 334 5922; x_wconf 54' lang='grc' dir='ltr'><strong>μί</strong></span> <span class='ocrx_word' id='word_1_700' title='bbox 367 5847 494 5904; x_wconf 63' lang='lat' dir='ltr'><strong>Haec</strong></span> <span class='ocrx_word' id='word_1_701' title='bbox 523 5851 794 5920; x_wconf 81' lang='lat' dir='ltr'><strong>superius,</strong></span> <span class='ocrx_word' id='word_1_702' title='bbox 827 5853 1044 5919; x_wconf 86' lang='lat' dir='ltr'><strong>paulum</strong></span> <span class='ocrx_word' id='word_1_703' title='bbox 1079 5853 1313 5911; x_wconf 82' lang='lat' dir='ltr'><strong>diversa.</strong></span> 
     </span>
    </p>
   </div>
   <div class='ocr_carea' id='block_1_101' title="bbox 504 5947 1224 6010">
    <p class='ocr_par' dir='ltr' id='par_1_101' title="bbox 504 5947 1224 6010">
     <span class='ocr_line' id='line_1_102' title="bbox 504 5947 1224 6010; baseline 0.01 -6"><span class='ocrx_word' id='word_1_704' title='bbox 504 5947 773 6007; x_wconf 72' lang='grc' dir='ltr'><strong>ΡΑτηοι..</strong></span> <span class='ocrx_word' id='word_1_705' title='bbox 807 5947 924 6005; x_wconf 74' lang='lat' dir='ltr'><strong>Gn.</strong></span> <span class='ocrx_word' id='word_1_706' title='bbox 966 5949 1224 6010; x_wconf 81' lang='grc' dir='ltr'>χχνιι.</span> 
     </span>
    </p>
   </div>
   <div class='ocr_carea' id='block_1_102' title="bbox 1859 5361 3463 5434">
    <p class='ocr_par' dir='ltr' id='par_1_102' title="bbox 1859 5361 3463 5434">
     <span class='ocr_line' id='line_1_103' title="bbox 1859 5361 3463 5434; baseline 0.001 -20"><span class='ocrx_word' id='word_1_707' title='bbox 1859 5361 2226 5427; x_wconf 82' lang='lat' dir='ltr'><strong>seusibilihus,</strong></span> <span class='ocrx_word' id='word_1_708' title='bbox 2269 5365 2362 5418; x_wconf 90' lang='lat' dir='ltr'><strong>sed</strong></span> <span class='ocrx_word' id='word_1_709' title='bbox 2395 5368 2448 5420; x_wconf 88' lang='lat' dir='ltr'><strong>in</strong></span> <span class='ocrx_word' id='word_1_710' title='bbox 2483 5364 2911 5434; x_wconf 83' lang='lat' dir='ltr'><strong>intelligibilibus</strong></span> <span class='ocrx_word' id='word_1_711' title='bbox 2941 5365 3413 5422; x_wconf 90' lang='lat' dir='ltr'><strong>holocautomatis.</strong></span> <span class='ocrx_word' id='word_1_712' title='bbox 3443 5393 3463 5408; x_wconf 69' lang='grc' dir='ltr'>ι</span> 
     </span>
    </p>
   </div>
   <div class='ocr_carea' id='block_1_103' title="bbox 1861 5451 3415 5524">
    <p class='ocr_par' dir='ltr' id='par_1_103' title="bbox 1861 5451 3415 5524">
     <span class='ocr_line' id='line_1_104' title="bbox 1861 5451 3415 5524; baseline 0.003 -18"><span class='ocrx_word' id='word_1_713' title='bbox 1861 5451 1930 5506; x_wconf 88' lang='lat' dir='ltr'><strong>Se</strong></span> <span class='ocrx_word' id='word_1_714' title='bbox 1985 5469 2220 5524; x_wconf 89' lang='lat' dir='ltr'><strong>namque</strong></span> <span class='ocrx_word' id='word_1_715' title='bbox 2275 5463 2439 5521; x_wconf 88' lang='lat' dir='ltr'><strong>totos,</strong></span> <span class='ocrx_word' id='word_1_716' title='bbox 2497 5456 2668 5511; x_wconf 87' lang='lat' dir='ltr'><strong>instar</strong></span> <span class='ocrx_word' id='word_1_717' title='bbox 2721 5456 3256 5520; x_wconf 84' lang='lat' dir='ltr'><strong>holocautomatum,</strong></span> <span class='ocrx_word' id='word_1_718' title='bbox 3308 5455 3415 5510; x_wconf 81' lang='lat' dir='ltr'><strong>Deo</strong></span> 
     </span>
    </p>
   </div>
   <div class='ocr_carea' id='block_1_104' title="bbox 1861 5557 2270 5602">
    <p class='ocr_par' dir='ltr' id='par_1_104' title="bbox 1861 5557 2270 5602">
     <span class='ocr_line' id='line_1_105' title="bbox 1861 5557 2270 5602; baseline 0.005 -2"><span class='ocrx_word' id='word_1_719' title='bbox 1861 5557 2270 5602; x_wconf 80' lang='lat' dir='ltr'><strong>consecrarunt.</strong></span> 
     </span>
    </p>
   </div>
   <div class='ocr_carea' id='block_1_105' title="bbox 1930 5788 2879 5862">
    <p class='ocr_par' dir='ltr' id='par_1_105' title="bbox 1930 5788 2879 5862">
     <span class='ocr_line' id='line_1_106' title="bbox 1930 5788 2879 5862; baseline 0.006 -19"><span class='ocrx_word' id='word_1_720' title='bbox 1930 5789 2005 5860; x_wconf 87' lang='lat'><strong>(5)</strong></span> <span class='ocrx_word' id='word_1_721' title='bbox 2037 5788 2158 5846; x_wconf 65' lang='lat' dir='ltr'><strong>Haec</strong></span> <span class='ocrx_word' id='word_1_722' title='bbox 2191 5793 2460 5862; x_wconf 87' lang='lat' dir='ltr'><strong>superius,</strong></span> <span class='ocrx_word' id='word_1_723' title='bbox 2497 5794 2589 5852; x_wconf 86' lang='lat' dir='ltr'><strong>sed</strong></span> <span class='ocrx_word' id='word_1_724' title='bbox 2615 5795 2879 5850; x_wconf 81' lang='lat' dir='ltr'><strong>breviora.</strong></span> 
     </span>
    </p>
   </div>
   <div class='ocr_carea' id='block_1_106' title="bbox 3104 5957 3179 6018">
    <p class='ocr_par' dir='ltr' id='par_1_106' title="bbox 3104 5957 3179 6018">
     <span class='ocr_line' id='line_1_107' title="bbox 3104 5957 3179 6018; baseline 0 0"><span class='ocrx_word' id='word_1_725' title='bbox 3104 5957 3179 6018; x_wconf 78' lang='lat'><strong>19</strong></span> 
     </span>
    </p>
   </div>
  </div>
