4126 6518
743 499 843 554 587

1615 501 1666 554 S.
1711 501 2072 555 ATHANASIl
2115 501 2260 558 OPP.
2304 504 2478 559 PARS
2517 507 2599 561 lll.
2644 541 2707 548 —-
2750 507 3153 566 EXEGETICA.

3856 507 3952 563 588

2059 614 2240 668 Adhuc
2270 618 2321 669 in
2355 623 2634 688 sequentia.

810 726 1145 791 Athanasius,
1196 728 1455 797 Cyrillus,
1501 730 1754 782 Basilius.
1821 729 1942 786 Haec
1998 743 2079 787 est
2132 734 2291 788 altior
2320 744 2361 798 Α

740 821 1047 873 sententia:
1089 819 1279 875 Omnia
1331 832 1457 874 sunt
1501 823 1820 892 spiritualia,
1868 835 1920 877 et
1979 824 2291 878 holocauto—

738 919 904 976 mata,
932 923 984 964 et
1018 917 1201 974 boves,
1250 924 1298 965 et
1335 914 1492 978 hirci,
1523 931 1660 982 quos
1705 915 2011 967 oblaturum
2061 933 2117 968 se
2163 933 2288 984 pro-

738 1003 922 1057 mittit.
958 1005 1297 1058 Sacriﬁcium
1331 1022 1545 1074 quoilue
1575 1008 1797 1060 ollertur
1850 1023 1970 1060 cum
2009 1008 2290 1063 arietibus.

739 1093 876 1150 Sunt
906 1112 1032 1151 vero
1080 1099 1275 1153 arietes
1326 1111 1504 1154 motus
1545 1110 1703 1170 atque
1749 1102 1981 1170 impetus
2014 1103 2179 1155 animi
2228 1103 2294 1155 ab

737 1188 998 1244 irascibili
1027 1193 1142 1261 ejus
1191 1204 1337 1261 parte
1371 1196 1629 1249 excitati:
1677 1207 1768 1250 aut
1805 1206 1948 1250 certe
1997 1198 2288 1251 ratiocina-

735 1283 910 1337 tiones
951 1287 1190 1339 rectricis
1231 1289 1424 1342 animae
1466 1289 1756 1350 facultatis,
1807 1291 2087 1358 passiones
2133 1292 2286 1360 quasi

733 1377 990 1431 cornibus
1030 1389 1270 1445 petentes
1304 1391 1356 1433 et
1390 1381 1785 1449 impugnantes.
1820 1381 2012 1435 Bovem
2048 1398 2173 1434 vero
2201 1401 2287 1435 sa-

732 1470 958 1534 criﬁcat,
994 1474 1079 1540 qui
1113 1475 1352 1542 seipsum
1392 1473 1496 1527 Deo
1523 1475 1670 1526 ollert
1705 1475 1931 1528 hostium
1969 1475 2161 1538 vivam,
2194 1492 2286 1543 per

733 1561 972 1615 actiones
1005 1564 1276 1617 honestas.
1329 1563 1495 1618 Habet
1544 1567 1686 1619 enim
1740 1566 1834 1623 hos
1875 1563 2282 1618 similitudinem

729 1654 1017 1719 quamdam
1063 1671 1184 1708 cum
1252 1671 1473 1724 corpore
1526 1672 1588 1709 ex
1639 1665 1778 1708 terra
1838 1654 2107 1717 formato,
2159 1672 2279 1709 eum

730 1751 884 1796 terra:
932 1746 1166 1801 colendae
1210 1747 1549 1801 adhibeatur.
1599 1745 1739 1800 llirci
1787 1762 1910 1798 vero
1945 1757 2070 1800 sunt
2120 1764 2280 1816 opera

2472 738 2831 803 'A0ardo'toe,
2866 737 3184 805 Κύρινίλος,
3215 738 3547 802 Βασίλειος.
3582 735 3723 805 Πρὸς
3758 735 3813 788 δὲ
3851 734 3954 788 διά.-

2392 844 2553 881 νοιαν’
2587 830 2932 898 Πνευματικὰ
2964 829 3137 881 πάντα
3166 829 3257 880 καὶ
3303 828 3370 880 τὰ
3398 825 3839 894 ὁλοκαυτώματα,
3865 827 3954 878 καὶ

2391 923 2438 972 οἱ
2481 922 2617 992 βόες,
2653 924 2740 974 καὶ
2762 925 2808 974 οί
2836 924 3074 992 χίμαροι,
3100 921 3189 984 οὒς
3222 921 3514 974 ἀποδώσειν
3544 918 3950 987 ἐπαγγέλλεται.

2395 1013 2501 1064 Καὶ
2545 1014 2678 1082 μετὰ
2710 1013 2876 1081 κριῶν
2905 1014 2960 1066 δὲ
3009 1013 3286 1084 προσφορὰ
3331 1013 3551 1080 γίνεται.
3579 1011 3698 1062 Εἰσὶ
3728 1009 3784 1060 δὲ
3817 1009 3955 1079 κριοὶ

2396 1105 2631 1172 κινήσεις
2662 1106 2752 1157 καὶ
2779 1105 2944 1175 ὁρμαὶ
2970 1104 3074 1156 ἀπὸ
3121 1103 3214 1156 τοῦ
3269 1102 3496 1172 θυμικοῦ
3523 1100 3619 1167 τῆς
3657 1099 3834 1169 ψυχῆς
3863 1100 3955 1166 τὴν

2394 1197 2565 1266 ὁρμὴν
2590 1196 2824 1265 ἔχουσαι,
2867 1198 2897 1268 ἢ
2936 1195 3182 1264 λογισμοὶ
3221 1197 3533 1264 ἡγεμονικοὶ
3573 1194 3639 1245 τὰ
3689 1191 3834 1259 πάθη
3869 1208 3956 1241 κε-

2392 1290 2719 1358 ρατίζοντες.
2754 1287 2887 1340 Βοῦν
2919 1287 2975 1340 δὲ
3025 1289 3298 1358 ἱερουργεῖ
3351 1288 3377 1338 ὁ
3427 1284 3716 1354 προσάγων
3770 1282 3954 1333 θυσίαν

2389 1380 2564 1443 ζῶσαν
2594 1381 2782 1432 ἐαυτὸν
2811 1380 2895 1432 διὰ
2920 1379 3187 1450 πράξεως.
3229 1378 3501 1445 Ἀναλογεί
3525 1377 3631 1447 γὰρ
3663 1376 3741 1445 τῷ
3772 1377 3834 1427 ἐκ
3861 1374 3955 1441 τῆς

2388 1474 2486 1541 γῆς
2523 1473 2806 1525 πλασθέντι
2852 1472 3080 1542 σώματι,
3122 1472 3389 1539 γεωπὸνον
3451 1472 3690 1541 ὑπάρχον
3728 1469 3788 1520 τὸ
3824 1466 3953 1530 ζῶον

2385 1567 2411 1616 ό
2445 1564 2587 1633 βοῦς.
2621 1565 2855 1635 Χίμαροι
2897 1564 2951 1616 δὲ
2987 1564 3054 1615 τὰ
3113 1563 3394 1634 μετανοίας
3427 1563 3580 1632 ἔργα·
3615 1561 3743 1630 περὶ
3775 1562 3950 1630 ἀμαρ-

2389 1656 2504 1719 τίας
2543 1657 2650 1728 γὰρ
2696 1657 3111 1728 προσεφέροντο.
3163 1657 3420 1726 Θυμίαμα
3447 1655 3502 1706 δὲ
3555 1651 3956 1723 ήὰποπνέουσα

2387 1749 2491 1800 τῶν
2529 1750 2779 1820 καθαρῶν
2812 1749 2995 1819 ψυχῶν
3032 1748 3245 1801 εὐωδία.

728 1838 1146 1906 resipisceutite:
1182 1843 1254 1896 illi
1297 1858 1530 1911 namque
1586 1857 1681 1910 pro
1731 1851 1944 1910 peccato
1998 1842 2376 1898 offerebantur.
2415 1843 2632 1899 Sumtus
2662 1859 2839 1900 autem
2882 1855 2962 1901 est
3001 1845 3178 1900 bonus
3209 1845 3340 1899 odor
3375 1859 3532 1914 quem
3567 1858 3715 1913 purae
3765 1840 3955 1894 animae

721 1930 992 1986 exhalant.

1723 2026 1789 2080 Et
1813 2031 1864 2081 in
1893 2030 2086 2082 verba:
2123 2047 2138 2078 ι
2187 2027 2383 2094 Venite,
2414 2028 2614 2090 audite,
2654 2047 2670 2077 ι
2705 2038 2827 2089 etc.,
2875 2026 2956 2079 16.

794 2139 1132 2192 Athanasius.
1165 2140 1408 2210 Apostoli
1439 2140 1654 2210 quidem
1688 2154 1791 2194 non
1818 2156 1996 2195 rerum
2030 2141 2277 2210 antiqua-
2313 2151 2352 2204 Β

725 2244 843 2283 rum
887 2243 1147 2284 renovant
1181 2231 1501 2284 memoriam
1533 2248 1545 2283 :
1581 2230 1673 2285 sed
1710 2231 1943 2284 recentia
1985 2229 2278 2284 Salvatoris

725 2324 892 2377 nostri
927 2325 1194 2377 mirantur
1244 2339 1429 2393 opera,
1463 2339 1581 2394 quae
1636 2323 1680 2380 is
1734 2325 1977 2379 omnium
2029 2334 2276 2379 nostrum

722 2416 1008 2471 animabus
1048 2417 1272 2485 largitus
1305 2428 1403 2471 est.

2463 2138 2822 2201 ‘Atiardmoc.
2886 2138 2947 2189 Οἱ
3004 2135 3185 2206 μέντοι
3245 2133 3527 2187 ἀπόστολοι
3576 2133 3673 2184 οὐκ
3713 2132 3955 2202 ἀρχαίων

2383 2233 2731 2306 διηγημάτων
2761 2230 3035 2284 ποιοῦνται
3072 2229 3306 2299 μνήμην·
3343 2227 3476 2280 ἀλλὰ
3501 2226 3567 2279 τὰ
3597 2226 3690 2279 νέα
3715 2224 3812 2279 τοῦ
3853 2225 3955 2277 Σω-

2383 2327 2545 2399 τῆρος
2593 2325 2748 2394 ἡμῶν
2807 2320 3143 2393 θαυμάζουσι
3202 2318 3619 2390 κατορθώματα,
3679 2320 3782 2372 ὅσα
3835 2319 3954 2380 ταῖς

2383 2417 2633 2469 ἁπάντων
2663 2415 2816 2486 ἡμῶν
2845 2415 3038 2484 ψυχαῖς
3070 2409 3378 2484 ἐχαρίσατο.

1336 2534 1467 2588 Item
1494 2537 1544 2588 in
1570 2536 1706 2604 psal.
1731 2551 1875 2588 vau
1909 2536 2097 2588 verba:
2132 2555 2148 2586 ι
2189 2533 2334 2589 Sicut
2359 2535 2532 2603 deﬁcit
2571 2535 2765 2602 fumus,
2797 2532 3065 2601 deﬁciant,
3106 2551 3122 2582 ι
3159 2542 3282 2596 etc.,
3315 2530 3364 2585 3.

793 2653 1093 2706 Athanasii.
1133 2650 1448 2705 Peccatores
1474 2667 1598 2706 vero
1635 2652 1867 2706 fortasse
1895 2652 2151 2705 dicuntur
2178 2653 2278 2722 ipsa

721 2744 996 2798 daemones
1030 2742 1237 2812 peccati
1269 2742 1614 2797 inventores:
1671 2743 1764 2813 qui
1795 2744 1957 2797 etiam
2005 2752 2061 2796 ut
2097 2742 2280 2796 fumus

721 2835 1001 2899 deﬁciunt,
1041 2850 1068 2889 a
1103 2845 1291 2888 sancto
1321 2833 1524 2904 Spiritu
1557 2836 1795 2890 submoti
1822 2852 1884 2890 ae
1911 2837 2142 2905 dispersi
2171 2854 2184 2888 :
2231 2845 2282 2889 et

719 2934 780 2980 ut
827 2942 948 2980 cera
994 2926 1275 2996 liqueﬁunt
1317 2929 1736 2980 suecumbeutes
1767 2929 2015 2981 adventui
2052 2927 2277 2993 Christi,

715 3019 809 3086 qui
844 3019 981 3088 ignis
1013 3019 1212 3070 dicitur
1239 3033 1568 3071 consumens
1603 3019 2024 3086 improbitatem.
2057 3020 2131 3074 De
2171 3036 2278 3074 cae-

718 3119 834 3163 tero
866 3110 1076 3162 sublata
1121 3110 1424 3163 daemonum
1472 3112 1772 3180 tyrannide,
1803 3113 1894 3182 qui
1941 3128 2003 3166 ex
2057 3113 2160 3167 ﬁde
2189 3115 2276 3185 ju-

716 3201 931 3255 stiticati
958 3211 1103 3264 sunt,
1132 3200 1399 3255 laetantur.

2471 2652 2846 2705 'ABaraO'lov.
2883 2650 3031 2718 Τάχα
3053 2648 3107 2701 δὲ
3133 2646 3442 2718 ἁμαρτωλοὶ
3468 2649 3515 2701 οἱ
3548 2645 3647 2715 τῆς
3680 2646 3953 2718 ἁμαρτίας

2386 2744 2600 2814 εὑρεταὶ
2627 2744 2894 2812 δαίμονες
2932 2743 2979 2794 οἳ
3013 2741 3104 2792 καὶ
3158 2741 3231 2802 ὼς
3262 2740 3465 2802 καπνὸς
3507 2738 3840 2802 ἐκλείπουσι,
3878 2745 3951 2808 τῳ

2385 2836 2522 2905 ἁγίῳ
2561 2835 2832 2904 Πνεύματι
2867 2833 3207 2900 ἐλαυνόμενοι
3259 2833 3354 2885 καὶ
3393 2830 3825 2899 σκεδαννύμενοι·
3860 2831 3950 2882 καὶ

2383 2930 2456 2991 ὡς
2487 2930 2651 2998 κηρὸς
2707 2928 2962 2996 τήκονται
3014 2924 3369 2995 ὑπορρέοντες
3429 2926 3492 2993 τῇ
3525 2922 3815 2992 ἐπιφανείᾳ
3860 2921 3949 2975 τοῦ

2382 3018 2634 3090 Χριστοῦ,
2666 3018 2722 3081 ὃς
2758 3017 2866 3087 πῦρ
2914 3016 3126 3084 λεγεται
3187 3013 3573 3067 καταναλίσκον
3613 3013 3711 3083 τὴν
3749 3010 3950 3082 μοχθη-

2384 3110 2523 3181 ρίαν.
2574 3111 2679 3162 Καὶ
2708 3108 2888 3161 λοιπὸν
2910 3108 2957 3159 οἱ
2984 3106 3356 3168 δικαιωθέντες
3395 3107 3455 3158 ἐκ
3489 3104 3740 3166 πίστεως,
3784 3119 3951 3155 κατα-

2381 3201 2628 3271 λυθείσης
2681 3203 2777 3273 τῆς
2835 3199 3140 3271 τυραννίδος
3205 3198 3313 3252 τῶν
3368 3197 3666 3268 δαιμόνων,
3721 3195 3949 3267 εὐφραί-

2382 3312 2576 3346 νονται.

1381 3407 1514 3461 !tem
1543 3409 1596 3460 in
1625 3408 1853 3475 ejusdem
1877 3411 2065 3477 psalmi
2094 3408 2278 3462 verba:
2325 3429 2341 3460 ι
2386 3408 2576 3464 Putate
2608 3413 2743 3464 viam
2769 3411 2837 3474 ei,
2869 3409 2976 3478 qui,
3018 3429 3034 3458 ι
3070 3417 3193 3470 etc.,
3226 3407 3275 3460 5.

784 3517 1018 3580 Eusebii,
1056 3517 1350 3571 Athanasii.
1376 3518 1438 3573 Et
1468 3521 1547 3574 sol
1569 3536 1782 3590 quoque
1815 3521 2140 3590 illejustitire.
2165 3521 2274 3575 for-

2445 3527 2754 3587 Εὐσεϐιόυ,
2801 3522 3176 3577 Ἀθανασίου.
3230 3521 3337 3574 Καὶ
3386 3523 3412 3573 ὁ
3451 3520 3548 3590 τῆς
3601 3518 3951 3588 δικαιοσύνης

715 3623 858 3660 mam
889 3606 1030 3661 servi
1071 3608 1396 3676 suscipiens,
1430 3624 1491 3663 ac
1522 3611 1700 3664 radios
1730 3610 1941 3666 deitatis
1975 3628 2085 3666 suae
2115 3613 2271 3682 quasi

715 3696 1046 3762 subducens,
1093 3697 1266 3767 deque
1315 3698 1453 3752 C(BiO
1499 3698 1856 3764 descendens,
1913 3700 1963 3752 in
2023 3715 2268 3768 corpore,

713 3789 824 3842 imo
858 3803 988 3841 vero
1032 3789 1192 3842 etiam
1247 3788 1297 3841 in
1348 3789 1462 3857 ipsa
1502 3799 1698 3850 morte,
1752 3789 1971 3842 sustulit
2023 3789 2270 3842 tenebras

713 3878 997 3932 hominum
1027 3879 1223 3932 animis
1256 3877 1481 3932 otiosas.
1518 3880 1580 3932 Et
1612 3879 1734 3933 licet
1764 3880 1815 3932 in
1848 3889 2083 3933 hostiam
2113 3894 2271 3932 vene-

713 3976 783 4030 rit
809 3983 1202 4044 paupertatem,
1240 3976 1621 4044 propriamque
1652 3977 1881 4046 gloriam
1930 3992 2021 4032 oer
2051 3989 2271 4030 (necno-

712 4070 877 4123 miam
914 4069 1103 4122 umbra
1131 4067 1531 4137 quodammodo
1558 4069 1879 4134 obscurarit,
1915 4083 2035 4122 cum
2072 4068 2135 4121 ad
2168 4067 2268 4122 ho-

709 4161 885 4217 mines
909 4161 1278 4220 desceuderct,
1314 4175 1374 4214 ac
1406 4176 1625 4214 carnem
1657 4161 1964 4215 inhabitare
1995 4160 2266 4230 coepisset,

708 4253 1067 4308 nihilominus
1100 4263 1276 4306 tamen
1324 4251 1587 4306 Dominus
1628 4263 1709 4306 est
1740 4268 1932 4305 nomen
1983 4253 2103 4321 ipsi.
2135 4250 2266 4305 Nam

708 4345 871 4398 etiam
902 4344 1064 4397 homo
1091 4342 1266 4397 factus
1297 4357 1402 4395 non
1434 4343 1594 4397 desiit
1643 4358 1761 4397 esse
1807 4341 1967 4397 Deus.
2001 4341 2266 4396 .lubentur

707 4436 873 4508 igitur
913 4437 1085 4492 sancti
1118 4437 1343 4507 apostoli
1386 4437 1469 4492 liis
1516 4437 1714 4501 verbis,
1765 4445 1821 4490 ut
1853 4437 2185 4490 exsultantes
2218 4446 2270 4490 et

708 4529 994 4585 laudantes
1024 4529 1180 4600 pleno
1212 4546 1372 4584 cursu
1401 4530 1465 4585 ad
1499 4530 1727 4601 gentiles
1755 4528 2015 4593 ferantur,
2036 4544 2098 4583 ac
2123 4531 2265 4584 viam

706 4622 1014 4676 animarum
1063 4622 1305 4691 ipsorum
1343 4637 1434 4690 per
1467 4622 1907 4690 prtedicationein
1962 4630 2267 4692 praeparent

706 4716 1085 4771 universorum
1116 4713 1267 4786 Regi.
1300 4713 1538 4770 Occasus
1576 4730 1700 4768 vero
1743 4714 1903 4768 etiam
1937 4730 2000 4770 ac
2052 4723 2263 4776 noctes.

704 4809 955 4866 fortassis
979 4819 1105 4865 sunt
1129 4812 1338 4876 animze,
1365 4826 1485 4881 qua:
1507 4826 1570 4864 ex
1600 4810 1711 4865 sole
1737 4810 1960 4880 iustitiae
1983 4810 2261 4865 excident:

2374 3620 2540 3690 ἣλιος,
2572 3619 2781 3690 μορφὴν
2819 3618 3002 3671 δούλου
3067 3614 3262 3678 λαϐὼν,
3315 3615 3408 3667 καὶ
3471 3615 3566 3677 τὰς
3595 3615 3818 3677 ἀκτῖνας
3851 3614 3951 3683 τῆς

2372 3712 2531 3764 αὑτοῦ
2568 3711 2752 3782 ὥσπερ
2780 3709 3055 3771 συστείλας
3085 3708 3351 3776 θεότητος,
3388 3706 3480 3759 καὶ
3509 3706 3740 3768 καταδὺς
3786 3707 3844 3760 ἐν
3873 3705 3949 3774 τῴ

2374 3806 2602 3875 σώματι,
2636 3805 2666 3874 ἦ
2695 3805 2785 3857 καὶ
2804 3807 2863 3858 ἐν
2901 3803 3044 3872 αὐτῷ
3076 3803 3151 3871 τῷ
3187 3803 3418 3870 θανάτῳ,
3460 3802 3518 3853 τὸ
3567 3801 3950 3871 κατακεχυμέο

2372 3915 2458 3949 νον
2495 3897 2598 3949 τῶν
2629 3896 2976 3965 ἀνθρωπείων
3015 3895 3198 3964 ψυχῶν
3245 3894 3430 3956 σκότος
3492 3892 3763 3961 ἀπήλασε.
3799 3892 3948 3962 Πλὴν

2371 3991 2416 4040 εί
2444 3989 2535 4042 καὶ
2566 3989 2662 4058 τῆς
2694 3988 2960 4060 ἡμετέρας
2995 3986 3161 4055 ἐπέϐη
3199 3984 3598 4055 πτωχείας.καὶ
3619 3982 3716 4054 τὴν
3739 3984 3948 4037 οἰκείαν

2368 4080 2718 4150 οἰκονομικῶς
2750 4079 3066 4132 συνεσκίασε
3095 4078 3270 4141 δόξαν,
3329 4076 3426 4148 τὴν
3478 4078 3554 4139 είς
3620 4074 3948 4146 ἀνθρώπους

2371 4171 2733 4240 ποιησάμενος
2778 4168 3005 4240 πάροδον
3047 4169 3140 4221 καὶ
3185 4167 3281 4239 τὴν
3335 4167 3594 4239 ἔνσαρκον
3653 4167 3946 4238 ἐνδημίαν,

2368 4263 2478 4315 ἀλλ’
2511 4259 2602 4315 οὖν
2636 4262 2836 4332 Κύριος
2862 4263 3028 4334 ὄνομα
3051 4262 3212 4332 αὐτῷ.
3249 4263 3355 4315 Kal.
3397 4261 3503 4331 γὰρ
3537 4260 3824 4332 ἅνθρωπος
3857 4276 3951 4329 γε-

2368 4355 2538 4423 γονὼς
2571 4357 2668 4408 οὐκ
2721 4355 2958 4409 ἀπέϐαλε
3010 4356 3068 4408 τὸ
3108 4351 3242 4408 εἶναι
3301 4353 3450 4416 Θεός.
3501 4352 3892 4423 Παρακελευετ
3935 4373 3950 4405 ι

2367 4446 2591 4501 τοίνυνό
2644 4447 2798 4516 λόγος
2826 4451 2937 4511 τοῖς
2991 4448 3151 4518 ἱεροῖς
3195 4447 3510 4506 ἀποστόλοις
3544 4445 3680 4516 μετά
3723 4447 3950 4516 χορείας

2368 4542 2458 4593 καὶ
2489 4541 2758 4611 ὑμνῳδίας
2793 4541 2872 4604 είς
2903 4539 2972 4593 τὰ
2993 4539 3117 4611 ἔθνη
3154 4539 3397 4610 δραμεῖν,
3421 4537 3514 4591 καὶ⁸
3544 4537 3638 4609 τὴν
3668 4538 3788 4590 ὁδὸν
3841 4538 3952 4591 τῶν

2366 4631 2550 4702 ψυχῶν
2579 4631 2756 4685 αὐτῶν
2804 4631 3119 4702 εὐτρεπίσαι
3147 4632 3222 4702 τῷ
3266 4631 3373 4684 τῶν
3421 4630 3555 4683 ὅλων
3601 4628 3954 4699 παμϐασιλεῐ

2365 4723 2453 4777 διὰ
2477 4724 2568 4778 τοῦ
2604 4725 2972 4796 κηρύγματος.
3002 4721 3124 4777 Εἶεν
3153 4724 3196 4777 δ’
3218 4724 3281 4777 ἂν
3315 4723 3515 4793 δυσμαὶ
3543 4723 3720 4775 εἵτουν
3750 4722 3952 4784 νύκτες

2367 4815 2459 4868 καὶ
2485 4817 2539 4868 αί
2570 4815 2663 4869 τοῦ
2693 4816 2790 4886 τῆς
2819 4815 3161 4884 δικαιοσύνης
3204 4814 3354 4886 ἡλίου
3385 4813 3714 4869 ἐκπεσοῦσαι
3751 4812 3949 4884 ψυχαίο

702 4916 735 4956 a
765 4902 962 4972 quibus
991 4901 1241 4963 Christus
1263 4903 1468 4959 erroris
1497 4903 1744 4958 tenebras
1774 4902 2076 4975 depulerat,
2106 4904 2259 4958 inha-

2377 4900 2437 4960 ὧν
2465 4908 2696 4979 Χριστὸς
2723 4908 2814 4961 τὸν
2846 4907 2946 4979 τῆς
2974 4907 3179 4978 πλάνης
3209 4904 3369 4977 ζόφον
3403 4905 3684 4976 ἐξήλασεν,
3726 4907 3954 4976 ἐνοική-

700 4999 881 5054 bitans
906 4998 1038 5068 ipsis
1069 5014 1163 5068 per
1195 4998 1375 5052 tidem.

2366 5014 2463 5062 σας
2492 5000 2675 5063 αὑταῖς
2698 4998 2780 5052 διὰ
2807 5000 3058 5063 πίστεως.

1299 5111 1431 5167 Item
1468 5114 1517 5166 in
1556 5115 1744 5182 psalm.
1772 5130 1918 5168 mm
1955 5114 2105 5168 verba
2130 5131 2146 5167 :
2179 5116 2276 5168 Kal

2377 5115 2607 5170 τὲλαϐων
2635 5115 2729 5168 τοῦ
2762 5115 2982 5178 γνῶναι,
3016 5125 3140 5177 etc..
3173 5132 3217 5168 ιν.
3250 5112 3334 5167 16.

767 5269 831 5326 At
856 5270 1152 5327 secundum
1184 5269 1244 5323 D.
1274 5269 1628 5324 Athanasium
1657 5271 1732 5324 ait
1766 5270 1954 5331 David.
1987 5286 2108 5325 cum
2138 5271 2254 5325 exi-

698 5363 974 5418 stimarem
1018 5378 1178 5433 posse
1229 5379 1313 5418 me
1362 5378 1694 5432 cognoscere
1730 5371 1834 5417 tam
1870 5361 2133 5434 profunda
2166 5373 2254 5417 tua

692 5461 918 5532 judicia,
956 5459 1162 5530 conjeci
1195 5474 1278 5513 me
1306 5460 1357 5512 in
1391 5456 1666 5512 molestias
1699 5475 1709 5509 :
1745 5471 1868 5510 cum
1905 5456 1992 5511 illa
2025 5456 2134 5510 sint
2167 5456 2243 5509 ius

696 5551 1030 5606 scrutabilia.
1079 5551 1144 5605 Et
1182 5560 1358 5604 tamen
1398 5550 1650 5602 idoneum
1696 5561 1884 5600 eorum
1919 5558 2250 5622 cognoscet;-

695 5643 885 5698 dorum
921 5654 1129 5711 tempus
1174 5641 1305 5696 mihi
1339 5639 1624 5709 acquisivi.
1659 5637 1711 5692 Id
1757 5653 1880 5692 vero
1927 5647 2009 5692 est
2037 5647 2246 5706 tempus

697 5725 906 5801 iudicii,
936 5735 1154 5803 quando
1205 5731 1397 5786 reddes
1429 5730 1720 5799 unicuique
1748 5728 2045 5784 secundum
2087 5742 2248 5798 opera

769 5908 841 5980 (6)
864 5907 983 5966 Haec
1009 5911 1280 5981 superius,
1317 5910 1406 5965 sed
1440 5909 1707 5962 breviora.

2437 5269 2507 5338 (6)
2540 5271 2691 5324 Κατὰ
2718 5271 2771 5324 δὲ
2799 5271 2886 5324 τὸν
2909 5270 3046 5324 θεῖον
3074 5259 3405 5330 Ἀθανάσιον,
3434 5269 3762 5340 ὑπονοήσας,
3784 5269 3951 5340 φησι,

2364 5360 2429 5413 τὰ
2459 5360 2600 5413 οὕτω
2634 5360 2801 5430 βαθέα
2840 5359 3042 5428 γνῶναι
3074 5360 3339 5431 κρίματα,
3381 5361 3436 5412 ἐν
3497 5357 3651 5426 κόπῳ
3681 5357 3954 5411 ἐνέϐαλον

2362 5451 2615 5523 ἐμαυτὸν,
2649 5452 2742 5505 ἆτε
2767 5451 3199 5523 ἁνεξερευνήτων
3227 5451 3414 5505 ὄντων.
3461 5447 3606 5520 Πλὴν
3631 5447 3724 5501 τὸν
3753 5448 3953 5503 δέοντα

2361 5545 2438 5606 είς
2469 5543 2566 5614 τὴν
2596 5543 2798 5597 τούτων
2841 5543 3039 5612 γνῶσιν
3101 5542 3319 5614 ἐμαυτῷ
3352 5541 3687 5613 πεπόρισμαι
3726 5542 3950 5612 καιρόν.

2358 5629 2522 5696 Οὗτος
2557 5633 2612 5685 δὲ
2645 5628 2711 5704 ἦν
2734 5635 2760 5686 ὁ
2785 5632 2877 5686 τοῦ
2908 5633 3252 5705 δικαστηρίου
3283 5633 3488 5704 καιρὸς,
3511 5633 3598 5685 ὅτε
3636 5629 3954 5696 ἀποδώσεις

2359 5726 2570 5795 ἑκάστῳ
2606 5726 2746 5779 κατὰ
2773 5725 2838 5780 τὰ
2873 5725 3008 5797 ἔργα
3038 5726 3220 5780 αὑτοῦ.
3267 5725 3398 5779 Τότε
3458 5724 3565 5797 γὰρ
3613 5723 3872 5797 ἀκριεῶς
3903 5725 3955 5780 cl
