4126 6496
235 448 342 504 589

1219 445 1649 502 FRAGMENTA
1687 442 2042 500 COMMENT.
2080 440 2145 495 IN
2191 439 2534 497 PSALMOS.

3407 444 3514 501 590

241 572 562 645 μικρόψυχοι
593 572 850 636 εἴσονται,
909 575 1090 626 ὁποῖον
1121 573 1220 644 μὲν
1250 575 1284 644 ἠ
1331 573 1523 643 ἁρετὴ,
1560 572 1740 624 ὁποῖον
1773 569 1828 620 δὲ

1936 583 2057 620 sua.
2104 565 2258 619 Tunc
2291 565 2434 618 enim
2483 575 2738 618 accurate
2773 574 3127 634 cognoscent,
3179 565 3274 636 qui
3327 564 3514 620 animo

238 664 274 734 ἡ
303 664 489 716 κακία.

1935 657 2158 710 fuerunt
2205 654 2542 717 remissiore,
2591 655 2770 723 qualis
2821 670 2908 708 res
2957 654 3029 708 sit
3067 655 3277 720 virtus,
3332 655 3515 726 qualis

1927 751 2093 802 etiam
2122 746 2351 800 malitia.

851 865 914 920 Et
944 868 998 920 in
1044 867 1180 937 psal.
1208 867 1436 936 ejusdem
1461 867 1612 919 verba
1639 881 1654 916 :
1692 883 1708 913 ι
1747 862 1888 928 Quid
1911 865 2047 917 enim
2079 863 2210 915 mihi
2238 873 2314 916 est
2344 863 2397 914 in
2427 862 2576 926 coelo,
2614 882 2630 910 ι
2659 872 2784 927 etc.,
2812 863 2902 917 25.

316 987 576 1058 (7)](111
607 987 663 1039 δὲ
712 985 802 1038 τὸν
858 987 998 1055 ἱερὸν
1041 986 1378 1039 Ἀθανάσιονο
1428 984 1646 1056 Ἐπειδὴ
1672 982 1825 1036 οὐδέν

244 1100 358 1152 μοι,
393 1083 576 1150 φηςὶν,
611 1079 842 1150 ὑπάρχει
874 1082 930 1132 ἐν
977 1081 1051 1151 τῷ
1089 1079 1304 1150 οὐρανῷ
1342 1080 1480 1150 πλὴν
1517 1079 1609 1132 σοῦ
1640 1079 1824 1148 μόνου,

241 1175 557 1242 ἀναγκαίως
584 1172 704 1225 ουδέ
754 1189 804 1224 τι
844 1171 949 1224 τῶν
989 1173 1078 1223 ἐπὶ
1131 1171 1236 1241 γῆς
1277 1170 1517 1241 ἠθέλησα,
1575 1168 1827 1234 δέξασθαι

244 1267 396 1336 παρὰ
451 1264 564 1328 σοῦ,
597 1265 688 1317 ac:
738 1262 989 1336 φθαρτῶν
1027 1263 1195 1315 ὄντων
1246 1264 1462 1316 πάντων
1514 1264 1624 1315 καὶ’
1657 1279 1827 1331 προσ·

243 1358 472 1427 χαίρωνο
516 1356 634 1419 ἑνὸς
694 1357 749 1408 δὲ
790 1357 951 1425 μόνου
987 1355 1233 1426 ηὐχόμην
1266 1360 1468 1426 τυχεῖν,
1502 1358 1594 1408 καὶ
1617 1355 1694 1426 τῷ
1716 1356 1832 1409 τού-

243 1467 337 1502 του
374 1450 522 1520 πόθῳ
562 1450 890 1520 κατέτρυχον
936 1448 1168 1518 ἐμαυτὸν
1216 1450 1308 1501 ἐπὶ
1355 1448 1454 1520 τῆς
1477 1449 1599 1519 γῆς.
1660 1449 1830 1502 Ῥοὖτο

243 1538 300 1590 δέ
330 1541 444 1590 ἐστι
500 1538 560 1590 τὸ
597 1538 654 1590 σὲ
690 1537 879 1608 μερίδα
908 1555 996 1608 μοι
1046 1541 1140 1592 καὶ
1203 1539 1362 1608 μόνον
1405 1538 1675 1606 γενέσθαι,
1715 1539 1831 1603 Ἐξ-

246 1627 406 1680 έλιπε
436 1629 544 1698 γὰρ
578 1630 610 1698 ἡ
645 1628 841 1698 καρδία
893 1645 1012 1699 μουο
1057 1629 1108 1681 τί
1143 1627 1555 1700 ἐπιζητοῦντος
1588 1629 1686 1691 τὰς
1719 1628 1830 1681 ἄνω

2007 985 2075 1036 At
2105 985 2400 1038 secundum
2434 993 2682 1037 sanctum
2716 983 3074 1038 Athanasium
3103 1003 3116 1038 :
3154 982 3512 1056 Quandoqui-

1938 1076 2086 1141 dem,
2141 1077 2340 1146 inquit,
2385 1091 2510 1129 cum
2547 1076 2599 1129 in
2649 1076 2790 1130 caalo
2827 1086 3020 1146 praeter
3065 1086 3117 1132 te
3149 1078 3326 1132 solum
3372 1079 3511 1135 nihil

1935 1169 2187 1230 habeam.
2219 1185 2328 1222 non
2359 1167 2518 1222 debui
2546 1183 2764 1238 quoque
2797 1169 2932 1222 velle
2971 1168 3213 1238 accipere
3243 1183 3272 1223 a
3300 1178 3350 1224 te
3391 1185 3514 1240 qute

1932 1261 2168 1316 interra
2223 1271 2346 1316 sunt
2416 1260 2582 1330 (cum
2633 1261 2816 1316 omnia
2868 1261 3242 1332 corruptibilia
3287 1261 3397 1316 sint
3460 1272 3514 1318 et

1938 1356 2378 1426 momentauca),
2417 1356 2510 1410 sed
2563 1371 2732 1410 unum
2773 1355 3173 1422 tantummodo,
3212 1362 3272 1409 ut
3319 1371 3510 1412 conse-

1937 1463 2076 1518 quar
2117 1448 2292 1512 oravi,
2325 1448 2482 1518 cujus
2510 1449 2671 1502 etiam
2703 1447 2975 1503 desiderio
3020 1463 3108 1503 me
3154 1449 3333 1519 ipsum
3381 1465 3511 1505 con-

1936 1539 2040 1595 feci
2068 1541 2119 1594 in
2156 1550 2322 1595 terra.
2356 1539 2410 1595 ld
2444 1556 2572 1596 vero
2602 1550 2705 1605 est,
2739 1551 2799 1596 ut
2834 1551 2888 1596 tu
2923 1557 3042 1596 mea
3073 1543 3274 1612 portio,
3310 1553 3364 1599 et
3393 1544 3514 1614 qui-

1937 1633 2057 1688 dem
2093 1634 2243 1689 solus
2294 1635 2392 1689 sis.
2423 1633 2628 1691 Deiecit
2657 1637 2805 1691 enim
2848 1635 3029 1691 anima
3072 1653 3229 1701 mea:
3257 1637 3387 1707 quid
3414 1652 3511 1691 cx-

245 1721 550 1794 διατριϐάς.

1939 1734 2128 1793 pctens
2155 1726 2176 1777 ?
2206 1725 2328 1781 Illas
2369 1728 2704 1791 mansiones,
2735 1744 2855 1799 qua:
2888 1744 3106 1783 sursum
3141 1739 3288 1784 sunt.

321 1882 593 1937 Hactenus
621 1883 915 1953 fragmenta
946 1898 1008 1936 ea:
1037 1894 1224 1936 catena
1268 1881 1497 1948 Nicetaz,
1528 1882 1704 1952 cujus,
1734 1893 1791 1936 ut
1817 1884 1953 1950 dixi,
1992 1884 2219 1946 priorem
2252 1885 2439 1938 saltem
2479 1896 2678 1953 partem
2714 1902 2778 1940 ex
2818 1887 2944 1941 bibl.
2993 1887 3312 1955 archipalat.
3369 1903 3514 1956 nacti

247 1990 454 2028 sumus.
505 1974 657 2041 Quod
707 1977 753 2029 si
805 1977 921 2045 quis
962 1987 1010 2028 et
1059 1974 1319 2044 reliquam
1364 1975 1559 2040 habet,
1623 1977 1815 2044 poterit
1863 1993 1980 2047 qua:
2026 1976 2397 2031 desiderantur
2455 1978 2704 2047 adjicere.
2776 1977 3059 2049 Sequentia
3107 1995 3222 2032 vero
3268 1979 3515 2032 similiter

247 2081 371 2123 sunt
401 2087 465 2124 ex
510 2072 625 2126 cod.
673 2072 990 2140 archipalat.
1045 2070 1286 2126 bibliotlt.
1339 2071 1714 2137 vetustissimo,
1759 2075 2056 2127 continente
2101 2075 2327 2128 similem
2376 2078 2699 2145 συναγωγήν
2742 2077 3173 2144 explanationum
3230 2078 3282 2129 in
3318 2075 3514 2129 Jobum

247 2179 317 2218 ea:
347 2164 544 2218 Grazcis
577 2164 829 2218 Patribus
881 2174 1202 2231 contextam,
1245 2164 1309 2217 ab
1366 2172 1582 2219 auctore
1636 2166 1855 2220 incerto.
1913 2164 1970 2219 Is
2017 2166 2184 2235 igitur
2228 2167 2463 2236 quisquis
2489 2169 2593 2237 fuit
2627 2171 2695 2222 ad
2721 2170 2812 2222 illa
2838 2169 2990 2222 verba
3022 2185 3135 2237 cap.
3164 2168 3227 2222 41
3261 2187 3273 2222 :
3313 2167 3518 2241 Δένδρα

249 2258 623 2329 φθινοπωρινὰ
645 2257 888 2330 ἄκαρπα.
931 2258 1079 2328 παρὰ
1109 2259 1381 2329 πάπυρον,
1421 2256 1515 2310 καὶ
1549 2255 1814 2326 κάλαμον,

1936 2275 1944 2308 ’.
1975 2255 2259 2327 βούτομον,
2292 2258 2566 2326 prwmissu
2591 2259 2701 2312 alia
2727 2259 3078 2328 explicatione
3116 2259 3352 2326 subiicit.
3386 2260 3517 2317 ch

251 2355 660 2410 Felckmannus.

324 2511 732 2586 [Fragmentum
761 2514 1041 2568 Athanasii
1058 2515 1110 2566 in
1133 2512 1373 2567 Psalmos
1397 2521 1452 2566 ut
1474 2513 1730 2568 ineditum
1752 2514 1957 2569 exhibet
1980 2517 2127 2570 card.
2145 2517 2280 2586 Ang.
2302 2516 2412 2571 Mai
2443 2528 2581 2572 tonto
2604 2516 2671 2572 111
2732 2517 3082 2575 Bibliotheca:
3104 2532 3254 2572 novaa
3269 2514 3519 2582 Patrum;

250 2602 684 2675 incipiquitov
713 2607 997 2678 προέκειτο
1023 2605 1253 2676 ζητῆσαι
1281 2605 1334 2658 τι
1361 2605 1440 2678 ,τὸ
1471 2606 1803 2679 Ψαλτήριον,

1936 2651 1939 2662 .
1975 2610 2133 2664 Ἔστι
2172 2610 2371 2678 τοίνυν,
2400 2621 2502 2667 ctc.
2536 2611 2752 2683 Legitur
2789 2629 2949 2682 supra
2978 2615 3059 2666 col
3115 2611 3240 2667 547.
3273 2607 3459 2680 Eum]

325 2905 407 2977 (7)
436 2902 560 2960 Haec
586 2904 860 2973 superius,
886 2901 981 2957 sed
1014 2902 1295 2973 pauciora.
