4126 6486
694 416 792 473 591
1222 386 1226 389 ι
1548 411 1603 467 S.
1648 410 2021 468 ATHANASII
2052 411 2199 467 OPP.
2242 411 2421 467 PARS
2460 413 2547 469 Ill.
2602 446 2649 458 -
2684 414 3092 473 EXEGETICA.
3817 414 3923 468 599.

1407 851 1631 936 ΤΟΥ
1704 853 1847 939 ΕΝ
1920 846 2281 939 ΑΓΙΟΙΣ
2353 849 2780 939 ΠΑΤΡΟΣ
2853 852 3177 939 ΗΜΩΝ

1638 1062 2948 1202 ΑΘΑΝΑΣΙΟΥ

1036 1353 2318 1471 ΑΡΧΙΕΠΙΣΚΟΠΟΥ
2428 1341 3572 1468 ΑΛΕΞΑΝΔΡΕΙΑΣ

1211 1622 2044 1762 ΕΡΜΗΝΕΙΑ
2188 1629 2523 1757 ΤΩΝ
2649 1622 3370 1760 ΨΑΛΜΩΝ

2278 1876 2324 1928 H

1512 2064 1767 2150 ΠΕΡΙ
1854 2063 2476 2150 ΕΠΙΓΡΑΦΗΣ
2546 2064 3058 2154 ΨΑΛΜΩΝ.

1315 2467 1474 2623 S.
1577 2472 1748 2619 P.
1912 2470 2092 2622 N.
2243 2464 3278 2623 ATHANASII

1774 2734 2299 2792 ARCHIEPISCOPI
2338 2733 2805 2790 ALEXANDRIE

1117 2912 2393 3044 INTERPRETATIO
2503 2910 3464 3045 PSALMORUM

2221 3174 2360 3215 ειη

1498 3337 1642 3424 DE
1718 3337 2207 3426 TITULIS
2282 3338 3059 3431 PSALMORUM.

1047 3677 1452 3741 EPISTULA
1509 3678 1903 3741 ΡΒΑΞΕῙΧΑ
1959 3678 2354 3744 EDITIONI
2397 3680 2676 3743 ROMAA

1959 3678 2354 3744 EDITIONI
2397 3680 2775 3743 ROMANzE
2830 3680 3049 3745 ΑΝΝῙ
3094 3681 3550 3746 MDCCXLVI.

1891 4020 2084 4064 SACRO
2140 4020 2215 4063 AC
2269 4019 2639 4065 VENERABILI

790 4120 1037 4167 SANCT£
1089 4120 1361 4168 ROMAN£
1418 4120 1716 4166 ECCLESIE
1770 4120 2191 4166 CARDINALIUM
2220 4122 2536 4180 COLLEGIO,
2594 4120 2921 4178 EPISCOPIS,
2964 4118 3405 4176 PRESBYTERIS,
3466 4119 3777 4166 DIACONIS.

744 4284 967 4354 Magnus
1010 4284 1360 4350 Athanasius,
1394 4300 1554 4356 quem
1591 4284 1814 4340 laudare
1844 4284 2100 4341 virtutem
2155 4285 2381 4341 laudare
2413 4296 2517 4351 est,
2550 4288 2731 4343 aiebat
2767 4286 2823 4342 S.
2869 4287 3162 4357 Gregorius
3190 4285 3565 4343 Nazianzenus
3607 4288 3709 4358 (1),
3742 4294 3897 4347 novis

670 4376 909 4447 quotidie
934 4375 1259 4430 Arianorum
1297 4376 1585 4431 calumniis
1616 4386 1863 4440 vexatus,
1896 4383 1952 4430 et
1988 4391 2280 4446 pravorum
2325 4377 2609 4433 hominum
2646 4378 3053 4433 circumventus
3083 4377 3317 4442 insidiis,
3354 4375 3607 4441 Romam,
3637 4379 3796 4447 quasi
3829 4378 3893 4432 ad

670 4470 999 4526 tutissimum
1029 4470 1428 4526 communionis
1465 4486 1577 4525 suae
1620 4481 1833 4540 portum
1880 4469 2140 4541 confugit,
2178 4482 2236 4525 ut
2272 4486 2411 4541 quos
2462 4488 2563 4527 nec
2601 4472 2880 4526 hominum
2911 4472 3107 4541 pudor,
3141 4486 3239 4525 nec
3285 4469 3373 4525 Dei
3407 4471 3570 4526 timor
3602 4472 3893 4533 retinebat,

667 4567 879 4636 prolato
908 4581 974 4620 ex
1005 4564 1146 4621 Petri
1194 4565 1450 4621 cathedra
1480 4565 1640 4636 justae
1673 4566 2042 4621 damnationis
2068 4566 2307 4630 decreto,
2342 4566 2586 4621 Romana
2621 4560 2893 4623 coerceret
2925 4566 3240 4621 auctoritas.
3282 4564 3648 4637 Posteaquam
3675 4582 3808 4622 vero
3844 4569 3894 4621 in

668 4664 866 4721 Urbem
902 4665 1162 4735 pervenit,
1192 4665 1252 4719 Β.
1292 4664 1491 4730 Julius,
1530 4664 1623 4734 qui
1665 4674 1776 4719 tum
1814 4664 2069 4719 Romana:
2102 4663 2357 4720 Ecclesia
2400 4674 2653 4733 praeerat,
2696 4674 2750 4719 et
2777 4663 3180 4720 ecclesiasticus
3212 4668 3456 4725 senatus,
3488 4660 3583 4730 qui
3623 4660 3726 4730 ipsi
3759 4662 3898 4715 assi-

665 4763 845 4828 debat,
878 4770 1222 4832 peramanter
1258 4776 1381 4815 eum
1411 4759 1857 4830 exceperunt(2),
1882 4758 2136 4813 amictum
2167 4760 2431 4814 consolati
2456 4769 2601 4822 sunt,
2634 4760 2902 4830 dejectum
2928 4758 3303 4819 sublevarunt,
3332 4756 3680 4811 innocentem
3709 4755 3899 4811 defen-

665 4852 881 4914 derunt,
936 4862 1183 4907 sanctum
1228 4859 1282 4903 et
1332 4850 1481 4903 omni
1533 4851 1795 4903 virtutum
1840 4863 2035 4918 genere
2082 4850 2455 4912 cumulatum,
2517 4850 2733 4920 rejectis
2786 4850 3169 4905 haereticorum
3224 4846 3570 4913 criminibus,
3626 4849 3895 4917 prazclaro

664 4949 975 5007 testimonio
1013 4963 1111 5003 suo
1153 4947 1404 5001 universo
1427 4946 1545 5000 orbi
1576 4944 1943 4999 declararunt.
1982 4943 2098 4998 Duo
2139 4955 2318 4999 autem
2350 4960 2416 4999 ex
2455 4944 2703 5001 Romano
2741 4945 3101 5017 presbyterio,
3134 4942 3376 5012 ejusdem
3416 4939 3545 4996 Julii
3588 4942 3891 5006 voluntate.

663 5044 908 5115 Elpidius
947 5053 1001 5096 et
1034 5040 1366 5095 Pliiloxenus
1396 5038 1715 5107 legationem
1742 5048 2099 5106 susceperunt
2130 5036 2195 5090 ad
2232 5036 2568 5093 Eusebianos
2601 5038 2907 5108 episcopos,
2941 5045 2998 5090 ut
3026 5049 3122 5090 eos
3160 5036 3224 5090 ad
3258 5036 3560 5091 Romanam
3596 5039 3891 5109 synodum,

662 5152 831 5206 quam
870 5135 971 5205 ipsi
1012 5134 1437 5203 postulaverant,
1476 5144 1787 5189 evocarent.
1823 5132 1927 5188 Sed
1972 5132 2188 5201 expavit
2217 5132 2282 5187 ad
2328 5132 2602 5189 Romanos
2646 5134 2841 5190 aﬁ'atus
2876 5133 3077 5188 Ariana
3108 5132 3399 5200 calliditas,
3429 5141 3483 5187 et
3510 5130 3890 5189 Romanorum

662 5224 819 5280 ﬁdem
855 5223 1151 5293 pertimuit,
1185 5237 1325 5291 quae,
1364 5222 1626 5292 Apostolo
1668 5223 2013 5291 praedicante,
2045 5222 2261 5277 laudata
2288 5233 2371 5278 est
2407 5241 2420 5287 ;
2464 5236 2517 5279 et
2553 5226 2619 5279 ad
2664 5241 2759 5281 eos
2802 5226 2984 5282 venire
3027 5238 3345 5294 renuerunt,
3384 5231 3451 5285 ad
3484 5245 3624 5299 quos
3666 5232 3891 5301 perﬁdia

663 5316 862 5370 habere
897 5328 1004 5367 non
1039 5320 1218 5381 potest
1246 5326 1549 5367 accessum.
1588 5312 1769 5380 Itaque
1804 5310 2005 5366 frustra
2042 5311 2133 5365 diu
2172 5315 2526 5383 exspectatis,
2557 5330 2681 5369 cum
2713 5316 3038 5373 delictorum
3076 5334 3304 5375 suorum
3343 5320 3685 5376 conscientia
3719 5325 3889 5378 territi

660 5405 726 5460 ad
760 5404 1118 5477 praestitutam
1154 5404 1317 5470 diem,
1358 5404 1539 5459 varias
1579 5405 1933 5459 contumaciae
1984 5420 2096 5461 sure
2134 5414 2489 5473 praetexentes
2531 5423 2747 5474 causas,
2790 5410 3000 5479 judicio
3040 5412 3182 5468 sedis
3225 5412 3537 5482 apostolica:
3570 5430 3628 5469 se
3663 5416 3891 5470 minime

730 5604 807 5669 (l)
850 5606 904 5660 In
934 5603 1084 5661 Orat.
1128 5605 1192 5658 de
1233 5601 1289 5657 S.
1326 5605 1521 5659 Athan.
1560 5602 1775 5659 Hieron.
1822 5605 1874 5658 in
1918 5603 2201 5673 Epitaphio
2239 5605 2527 5663 Marcelle.

728 5675 802 5747 (Ξ)
844 5676 914 5755 De
944 5674 1440 5755 Athanasiiitin'ere
1465 5675 1711 5755 Bomano
1738 5674 2210 5755 c[:_ejus_A£olog._
2243 5678 2716 5755 contra-Arianae,
2751 5690 2883 5755 tom.
2916 5681 2957 5755 l,
2987 5699 3105 5755 pag.
3145 5683 3247 5738 ΗΟ
3268 5726 3281 5749 ,
3315 5694 3369 5739 et
3402 5684 3547 5740 Hist.
3590 5689 3779 5744 Arian.
3821 5689 3888 5740 ad

648 5743 918 5825 ωρὴάεὴη
967 5762 1017 5815 p.
1057 5746 1199 5811 εει-ις
1238 5744 1294 5799 S.
1322 5746 1593 5816 LCyprian.
1628 5760 1714 5815 ep.
1777 5746 1865 5809 55,
1910 5745 1979 5795 ad
2018 5743 2277 5809 Cornel.;
2320 5745 2375 5800 S.
2430 5746 2532 5802 Jul.
2586 5750 2639 5804 in
2678 5743 2830 5820 epist.
2895 5743 2960 5805 ad
2988 5743 3534 5825 'D'cnium'aliosque
3592 5743 3887 5816 Orientales

648 5820 928 5886 episcopos.
