4126 6490
249 453 351 512 395
954 452 1039 507 DE
1081 450 1354 507 TITULIS
1392 451 1831 509 PSALMORUM.
1870 482 1935 490 —
1976 449 2362 506 ANTONELLI
2404 449 2790 508 PREFATIO.
3379 456 3484 514 594

252 576 523 636 sisterent,
551 582 874 641 congregata
905 581 986 625 est
1018 573 1233 625 demum
1265 568 1511 625 Romana
1541 573 1782 642 synodus
1821 574 1874 625 in
1923 588 2026 624 una
2068 588 2130 625 ex
2177 572 2370 625 vestris
2409 571 2720 626 titularibus
2765 572 3032 639 ecclesiis,
3070 574 3161 627 ubi
3197 571 3480 630 Romanus

250 665 533 737 presbyter
575 665 699 719 V'ito
735 673 1033 719 conventus
1079 665 1290 734 agebat.
1334 663 1379 718 fs
1412 665 1555 718 enim
1601 679 1706 718 uua
1751 679 1871 718 cum
1927 663 2210 719 Vincentio
2244 662 2474 718 Nieaanae
2518 665 2728 736 synodo
2766 663 3034 731 interfuit,
3074 675 3126 720 et
3159 667 3285 736 quia
3319 668 3482 720 ambo

251 766 452 810 rectam
504 756 790 810 Athanasii
838 754 997 807 fidem
1048 769 1370 822 morumque
1422 754 1783 823 integritatem
1836 755 2002 823 probe
2049 755 2321 822 cognitam
2372 764 2817 824 perspectamque
2861 756 3150 819 habebant,
3181 760 3479 814 verisimile

248 849 534 901 admodum
563 857 668 912 εει,
693 847 833 900 sicut
871 859 969 912 pro
1005 839 1258 894 Marcello
1287 841 1575 911 Ancyrano
1602 843 1878 911 episcopo,
1912 845 2083 896 multo
2123 844 2294 912 magis
2329 858 2426 910 pro
2460 844 2808 898 sanctissimo
2838 843 3206 902 Alexandrino
3234 850 3476 905 antistite

249 936 618 991 testimonium
646 950 740 989 eos
769 935 974 988 dixisse
1003 932 1055 983 in
1088 945 1245 984 sacro
1275 930 1366 984 illo
1402 943 1694 993 conventu,
1731 933 1824 1002 qui
1869 934 2110 987 unanimi
2157 949 2518 1004 supremoque
2552 935 2761 1003 judicio
2788 935 3068 990 Athanasii
3110 942 3471 994 innocentiam

247 1030 506 1084 adversus
545 1027 870 1081 Arianorum
910 1025 1064 1080 dolos
1092 1040 1157 1080 ac
1190 1024 1408 1080 fraudes
1443 1027 1758 1096 vindicavit,
1800 1042 2033 1098 eamque
2067 1030 2332 1083 sententia
2376 1047 2474 1085 sua
2522 1032 2765 1087 veritatis
2801 1048 2866 1086 ac
2903 1034 3126 1102 justitia:
3177 1035 3474 1104 ponderata

246 1125 552 1188 libramine,
583 1121 919 1177 manifestam
949 1122 1204 1175 omnibus
1234 1137 1298 1176 ac
1341 1129 1587 1176 testatam
1612 1138 1734 1177 esse
1769 1123 1960 1178 voluit.
1991 1123 2356 1189 Quamobrem
2400 1125 2638 1194 pontifex
2662 1124 2856 1186 Julius,
2887 1125 3027 1180 datis
3059 1125 3253 1180 deinde
3283 1125 3474 1180 litteris

246 1220 309 1273 ad
345 1221 550 1272 clerum
600 1225 652 1270 et
699 1215 955 1285 populum
993 1201 1445 1280 Alexandrinum,
1501 1217 1702 1285 quibus
1745 1216 1812 1271 de
1861 1216 2144 1272 Athanasii
2191 1217 2257 1270 ad
2297 1231 2392 1270 eos
2422 1218 2600 1272 reditu
2640 1219 2940 1287 gratulatus
2987 1226 3089 1280 est,
3141 1228 3262 1287 post
3291 1216 3473 1287 plures

247 1312 454 1374 laudes,
485 1310 684 1379 quibus
717 1317 965 1363 sanctum
1001 1308 1312 1377 episc0puni
1344 1310 1538 1363 merito
1567 1312 1719 1364 effert
1752 1330 1762 1364 :
1802 1309 1941 1376 Quid
1974 1321 2177 1374 autem,
2210 1311 2406 1380 inquit,
2435 1321 2586 1367 tanto
2607 1314 2722 1368 viro
2756 1314 2975 1384 dignum
3007 1313 3238 1384 proferri
3275 1325 3470 1383 potest'

245 1405 336 1473 qui
393 1415 489 1464 fol,
542 1411 594 1455 et
637 1402 798 1454 tantis
851 1399 1219 1468 periculorum
1266 1402 1554 1454 exantlatis
1604 1402 1884 1457 laboribus
1941 1402 2184 1456 redditur
2225 1403 2439 1457 tandem
2490 1405 2646 1460 vobis
2689 1405 3000 1471 incolumis,
3058 1420 3167 1460 non
3209 1405 3472 1462 beneficio

247 1495 415 1548 nostri
471 1492 864 1552 tantummodo,
915 1506 1098 1544 verum
1145 1490 1307 1543 etiam
1351 1493 1516 1544 totius
1561 1492 1776 1546 concilii
1821 1491 2028 1560 judicio
2062 1491 2186 1547 talis
2229 1492 2591 1550 declaratus?
2628 1493 2757 1551 Post
2804 1497 2917 1551 haec
2957 1507 3160 1562 autem,
3199 1497 3468 1552 malorum

245 1588 525 1640 hominum
559 1586 683 1639 odio
719 1599 781 1638 ac
825 1579 1022 1636 invidia
1060 1581 1230 1650 magis
1273 1581 1549 1651 magisque
1585 1584 1862 1653 gliscente,
1909 1598 2189 1654 novasque
2237 1599 2450 1654 semper
2483 1586 2709 1642 insidias
2739 1597 2930 1642 contra
2961 1588 3243 1644 Athanasii
3272 1602 3469 1643 nomen

245 1683 590 1736 molientibus
611 1678 847 1743 Arianis,
884 1674 1222 1731 Sardieensis
1247 1679 1583 1732 necumenica
1614 1678 1853 1749 synodus
1885 1689 2179 1734 convocata
2217 1691 2322 1746 est,
2357 1683 2444 1736 cui
2475 1683 2584 1737 duo
2611 1681 2837 1738 Romani
2862 1684 3162 1756 presbyteri
3185 1685 3451 1740 Archida-

244 1796 364 1834 mus
398 1788 452 1833 et
491 1777 816 1831 Philoxenus
877 1789 998 1830 eum
1031 1772 1199 1829 llosio
1231 1775 1567 1829 Cordubensi
1607 1776 1882 1846 episcopo,
1917 1777 2136 1832 nomine
2164 1794 2227 1832 ae
2260 1779 2376 1834 vice
2399 1778 2527 1834 Julii
2574 1778 2842 1850 pontificis
2868 1775 3241 1848 praefuerunt;
3277 1778 3334 1832 in
3365 1777 3470 1831 bac

242 1890 370 1929 vero
421 1871 703 1925 Athanasii
757 1871 876 1924 fidei
927 1871 1207 1940 integritas
1255 1873 1482 1942 vitaeque
1528 1876 1793 1927 sanctitas
1848 1888 2040 1927 rursus
2095 1874 2163 1926 ab
2220 1875 2472 1930 universa
2512 1877 2720 1946 synodo
2767 1875 2946 1945 agnita
2987 1883 3089 1938 est,
3129 1881 3183 1927 et
3219 1871 3464 1927 omnium

241 1965 513 2034 suffragiis
541 1973 728 2019 contra
777 1963 1009 2033 perfidos
1035 1972 1088 2018 et
1119 1964 1395 2019 catholica:
1433 1965 1676 2019 veritatis
1717 1976 1770 2019 et
1812 1965 2095 2021 Athanasii
2127 1968 2448 2022 innocentiw
2473 1969 2724 2023 inimicos
2749 1969 3117 2038 comprobata.
3165 1966 3269 2022 Sed
3294 1980 3466 2037 quor-

241 2074 362 2112 sum
413 2060 526 2111 hzec
575 2067 681 2110 tam
720 2057 876 2125 longe
927 2057 1176 2125 repetita,
1215 2065 1267 2110 et
1312 2057 1380 2110 ab
1431 2056 1556 2111 altis
1606 2065 1856 2110 revocata
1909 2058 2238 2127 principiis?
2274 2057 2558 2117 Nimirum.
2607 2070 2665 2112 ut
2701 2073 2889 2113 omnes
2937 2059 3258 2128 intelligant,
3304 2071 3465 2127 quam

239 2163 663 2208 consentaneum
696 2161 748 2208 et
776 2148 1102 2207 conveniens
1155 2147 1336 2209 fuerit,
1375 2158 1431 2202 ut
1471 2163 1607 2217 opus
1642 2146 1698 2202 S.
1732 2148 2038 2213 Athanasii,
2078 2149 2236 2218 cujus
2281 2149 2340 2204 Β.
2387 2149 2745 2221 Hieronymus
2787 2148 3054 2212 meminit,
3097 2147 3245 2218 quod
3287 2147 3362 2218 pii
3403 2161 3468 2202 ac

237 2245 437 2300 eruditi
475 2247 722 2300 homines
767 2242 1290 2304 diu‘desiderarunt,
1356 2249 1409 2294 et
1449 2239 1647 2295 frustra
1693 2241 2004 2310 quesitum,
2043 2243 2206 2296 veluti
2258 2245 2520 2298 amissum
2564 2259 2627 2298 ac
2661 2244 2996 2314 deperditum
3034 2243 3464 2314 complorarunt,

238 2353 362 2391 cum
409 2353 552 2392 nunc
587 2339 820 2408 primum
860 2338 912 2390 in
941 2338 1115 2391 lucem
1164 2337 1410 2406 prodeat,
1447 2336 1576 2391 illud
1613 2347 1791 2391 vestro
1836 2337 2031 2393 illustri
2076 2338 2297 2393 nomine
2343 2337 2686 2408 inscriptum,
2729 2348 2783 2394 et
2826 2341 3001 2406 vobis,
3046 2339 3465 2395 eminentissimi

239 2429 447 2491 Patres,
481 2431 719 2483 dicatum
752 2429 804 2482 in
831 2429 1105 2498 publicum
1137 2431 1350 2484 edatur.
1388 2428 1495 2484 Vos
1522 2431 1668 2484 enim
1700 2431 1842 2485 sacri
1879 2431 2025 2486 illius
2069 2442 2309 2496 senatus,
2335 2431 2425 2500 qui
2453 2447 2708 2501 magnum
2737 2430 3095 2488 Athanasium
3124 2433 3192 2487 ad
3224 2431 3283 2486 Β.
3322 2430 3465 2486 Petri

236 2521 575 2582 cathedram,
599 2519 664 2574 ad
698 2530 943 2574 centrum
975 2523 1218 2586 unitatis,
1243 2524 1307 2577 ad
1347 2523 1548 2578 fontem
1584 2526 1868 2579 catholica:
1911 2527 2318 2581 communionis
2364 2525 2764 2598 confugientem
2801 2529 3120 2598 complexus
3162 2538 3266 2592 est.
3308 2528 3464 2592 fovit,

235 2627 446 2672 tutatus
479 2630 596 2682 est,
634 2618 778 2673 vices
824 2621 1016 2674 tenetis
1048 2631 1099 2675 et
1134 2621 1483 2690 dignitatem;
1540 2623 1651 2676 imo
1687 2637 1814 2676 vero
1849 2637 1972 2676 cuin
2000 2624 2052 2676 in
2089 2636 2330 2677 veStrum
2363 2623 2731 2678 clarissimum
2760 2633 2960 2680 cretum
3008 2635 3201 2694 prarter
3230 2631 3460 2694 septem.

236 2730 382 2767 nunc
410 2731 538 2767 vero
568 2731 658 2768 sex
693 2715 997 2770 cardinales
1028 2717 1312 2786 episcopos
1350 2718 1587 2771 urbanos
1620 2733 1713 2770 seu
1754 2717 2179 2783 suburhicarios,
2213 2719 2550 2773 seleCtissimi
2591 2734 2656 2773 ex
2692 2728 2806 2773 toto
2840 2718 2971 2772 orbe
3001 2717 3150 2786 juxta
3183 2728 3462 2771 sacrorum

234 2823 507 2862 canonum
536 2809 842 2877 praescripta
867 2807 944 2878 (5)
985 2821 1014 2859 a
1045 2805 1303 2860 Romanis
1335 2806 1681 2875 pontificibus
1710 2808 2000 2876 eooptandi
2031 2808 2159 2873 sint,
2187 2809 2492 2864 admirabili
2521 2811 2718 2864 divina:
2742 2808 3100 2864 Providentia
3136 2808 3190 2862 in
3219 2805 3461 2862 Ecclesia

236 2921 332 2958 sua
369 2905 647 2972 dirigenda
674 2921 736 2957 ac
776 2901 1123 2974 gubernanda
1151 2901 1400 2967 consilio,
1431 2917 1495 2956 eo
1521 2900 1780 2970 perducta
1820 2918 1906 2957 res
1929 2911 2032 2968 est,
2059 2913 2117 2958 ut
2142 2905 2518 2973 amplissimus
2545 2913 2726 2959 vester
2760 2904 2896 2958 ordo
2921 2918 2951 2957 e
2980 2903 3154 2956 tribus
3193 2899 3462 2971 supremis

236 2997 288 3052 in
324 2997 562 3053 Ecclesia
606 2998 907 3063 ordinibus,
942 3013 1133 3066 nempe
1165 2997 1456 3067 episcopis,
1491 2998 1821 3070 presbyteris
1865 3007 1920 3054 et
1959 2999 2280 3054 diaconibus
2318 2998 2377 3053 S.
2420 2999 2484 3054 ῐί.
2519 2998 2987 3055 E.-eardinalibus
3021 2995 3356 3065 compositus
3394 3007 3461 3046 cx

234 3096 492 3148 universo
517 3103 779 3146 terrarum
823 3093 973 3158 orbe,
1015 3103 1073 3148 ut
1105 3103 1307 3148 sancta!
1355 3091 1609 3148 Ecclesiae
1651 3107 1891 3148 canones
1932 3093 2155 3163 provide
2183 3093 2562 3164 sapienterque
2608 3100 3026 3162 consuluerunt,
3057 3095 3273 3152 selectis
3301 3103 3463 3164 atque

233 3190 530 3254 arcessitis,
567 3205 671 3243 non
701 3191 861 3242 modo
888 3189 1171 3258 antiquum
1219 3187 1523 3242 Romanum
1553 3188 1951 3258 presbyterium
1985 3196 2350 3258 repraesentet,
2381 3189 2475 3244 sed
2515 3187 2775 3246 Romanae
2802 3191 3016 3262 synodi,
3043 3205 3165 3261 qua:
3203 3204 3234 3245 a
3270 3188 3460 3260 primis

231 3285 512 3340 catholica:
545 3284 665 3338 fidei
710 3284 1044 3353 temporibus
1085 3282 1329 3338 Romano
1373 3283 1614 3353 pontifici
1645 3284 1987 3352 gravissimis
2020 3285 2088 3339 de
2135 3285 2296 3342 rebus
2330 3286 2648 3342 deliberanti
2693 3303 2908 3359 semper
2946 3288 3153 3353 aderat,
3195 3296 3249 3342 et
3296 3300 3459 3356 quam

231 3381 402 3437 Graeci
434 3378 800 3451 ἐπιδημοῦσαν
835 3395 929 3433 seu
958 3377 1293 3448 ὲνδημοῦσαν
1337 3391 1554 3443 vocant,
1610 3386 1668 3433 et
1702 3395 1802 3452 ego
1848 3397 1860 3428 γ

1848 3380 2111 3436 vocabulo
2144 3380 2376 3438 fortasse
2422 3383 2563 3438 haud
2609 3383 2790 3454 inepto
2832 3391 3139 3450 praesentem
3186 3375 3455 3442 dixerim,

232 3476 409 3529 locum
456 3473 681 3542 adeptus
723 3473 793 3526 sit
833 3481 886 3526 et
929 3470 1302 3526 auctoritatem
1339 3469 1511 3539 :quin
1555 3470 1740 3536 etiam,
1799 3471 1944 3541 quod
1997 3472 2152 3541 longe
2197 3472 2368 3542 magis
2423 3483 2526 3538 est,
2588 3471 2912 3528 universalis
2961 3467 3369 3540 quodamnodo,
3405 3475 3460 3523 et

231 3568 550 3631 domesdei,
591 3577 648 3620 ut
688 3567 788 3620 hoc
836 3566 1050 3619 nomine
1097 3575 1237 3628 utar,
1279 3566 1495 3619 concilii
1542 3565 1785 3620 Romano
1831 3568 2074 3636 pontifici
2118 3569 2371 3622 continue
2414 3568 2707 3623 assidentis
2746 3565 3254 3638 praestantissimam
3299 3563 3458 3619 nobis

233 3661 465 3728 speciem
501 3655 1032 3724 pulcherrimamque
1063 3652 1351 3722 imaginem
1381 3652 1650 3718 exhibeat,
1685 3663 1737 3707 et
1789 3664 2108 3723 potestatem
2137 3654 2298 3708 etiam
2336 3669 2444 3709 non
2476 3656 2699 3710 minima
2740 3672 2805 3710 ex
2847 3664 3000 3726 parte
3036 3655 3459 3724 dignitatemque

231 3751 494 3804 obtineat.
532 3748 611 3801 Ad
641 3747 752 3801 haec
794 3746 1022 3810 accedit,
1057 3743 1201 3813 quod
1231 3743 1410 3798 tenuis
1441 3743 1556 3798 haec
1596 3743 1796 3814 ingenii
1831 3745 1938 3798 mei
1965 3743 2218 3809 facultas,
2255 3753 2310 3799 et
2344 3745 2396 3798 iu
2437 3744 2824 3800 ecclesiasticis
2847 3744 3077 3813 aliisque
3114 3742 3276 3797 rebus
3303 3741 3458 3794 labor

231 3854 283 3900 ct
311 3843 600 3904 industria,
638 3855 975 3911 quaecunque
1017 3853 1078 3892 ea
1125 3839 1216 3905 sit,
1246 3853 1409 3908 quam
1459 3839 1655 3902 sentio,
1691 3855 1856 3908 quam
1907 3840 1980 3894 sit
2025 3842 2244 3912 exigua,
2288 3850 2400 3895 tota
2445 3850 2623 3895 vestra
2671 3849 2773 3896 est.
2826 3847 2943 3893 tum
2994 3837 3207 3892 ratione
3266 3850 3458 3890 mune-

233 3937 328 3995 ris.
381 3949 488 4003 quo
529 3931 740 4004 fungor,
797 3941 910 3984 tum
964 3928 1227 3983 electione
1277 3929 1570 3984 voluntatis
1608 3947 1620 3982 :
1655 3931 1866 3985 ratione
1919 3930 2136 4000 quidem
2171 3933 2432 4000 muneris,
2466 3932 2592 4002 quia
2643 3931 2842 3986 abhinc
2888 3930 3166 3985 biennium
3210 3928 3456 3984 omnium

231 4043 474 4086 vestrum
515 4028 783 4098 suffragiis
830 4041 859 4078 a
904 4025 1130 4079 secretis
1169 4017 1570 4093 praeclarissimi
1605 4024 1816 4093 collegii
1857 4025 2020 4078 vestri
2065 4025 2407 4080 renuntiatus
2448 4041 2592 4090 sum,
2627 4035 2680 4080 et
2715 4023 3110 4080 humanissima
3148 4023 3456 4077 animorum

231 4130 537 4176 vestrorum
585 4113 977 4186 significatione
1019 4122 1276 4181 exceptus
1310 4129 1324 4179 ;
1360 4113 1623 4167 electione
1679 4122 1860 4166 autem
1919 4115 2235 4178 voluntatis,
2263 4117 2386 4183 quia
2431 4132 2531 4187 ego
2576 4131 2789 4185 semper
2817 4113 3328 4186 praestantissimum
3366 4127 3457 4168 ve-

231 4227 403 4270 strum
439 4221 640 4269 emtum
677 4224 890 4264 summo
916 4207 1084 4263 animi
1110 4207 1394 4276 obsequio,
1417 4217 1470 4261 et
1499 4223 1561 4262 ea
1597 4207 1965 4272 veneratione,
2001 4223 2107 4277 qua
2140 4224 2236 4278 par
2262 4219 2401 4275 erat,
2438 4219 2760 4278 prosecutus
2795 4219 2936 4262 sum.
2964 4203 3173 4258 Etenim
3215 4217 3246 4258 a
3278 4201 3455 4272 prima

224 4313 530 4381 juvettlute,
567 4307 815 4378 quamvis
855 4321 920 4361 eo
957 4318 1195 4374 tempore
1236 4303 1513 4358 assiduam
1563 4304 1706 4374 apud
1747 4304 2036 4359 duodecim
2082 4305 2264 4370 viros,
2309 4319 2447 4376 quos
2493 4305 2647 4360 Βοιαὶ
2693 4304 2968 4359 auditores
3001 4309 3234 4364 vocant,
3273 4297 3456 4354 causis

229 4400 620 4472 cognoscendis
649 4413 866 4468 operam
911 4396 1117 4461 darem,
1161 4393 1227 4448 de
1259 4393 1539 4450 titulorum
1566 4395 1797 4464 origine,
1829 4395 1920 4464 qui
1951 4410 1980 4448 a
2010 4403 2199 4448 sancto
2240 4393 2488 4451 Evaristo
2519 4395 2781 4452 Romanis
2811 4394 3138 4467 presbyteris
3176 4389 3454 4448 distributi

228 4504 378 4560 sunt,
426 4495 602 4563 deque
672 4508 824 4547 sacra
860 4491 1102 4559 liturgia,
1130 4499 1184 4546 et
1227 4490 1293 4546 de
1337 4490 1582 4545 collectis
1621 4506 1714 4544 seu
1747 4491 2133 4562 eleemusynis,
2167 4491 2398 4561 aliisque
2421 4494 2603 4558 rebus,
2636 4509 2756 4563 qum
2786 4493 2850 4548 ad
2876 4493 3079 4556 titulos,
3117 4499 3171 4545 et
3196 4488 3455 4544 ecclesias

231 4596 441 4641 vestras
474 4586 837 4654 pertinebant,
867 4584 1107 4638 libellum
1140 4589 1192 4638 in
1227 4584 1498 4654 publicam
1523 4584 1698 4638 lucem
1735 4585 1916 4640 emisi.
1946 4584 2056 4641 Nec
2085 4586 2256 4640 multo
2284 4596 2426 4655 post,
2452 4601 2562 4640 uno
2592 4602 2658 4641 ex
2689 4593 2866 4641 vestro
2895 4584 3124 4654 collegio
3157 4592 3212 4638 et
3240 4582 3455 4653 generis

230 4679 532 4742 nobilitate,
581 4686 635 4732 et
674 4691 887 4730 morum
920 4675 1224 4744 integritate
1269 4675 1494 4738 eximio,
1541 4675 1635 4744 qui
1659 4674 1990 4744 jampridem
2039 4692 2100 4730 ex
2155 4676 2254 4730 hac
2303 4677 2517 4729 mortali
2564 4676 2674 4728 vita
2709 4675 2774 4728 ad
2804 4674 3078 4729 caelestem
3111 4673 3366 4743 patriam,
3395 4681 3457 4727 ut

228 4795 451 4848 sperare
479 4778 559 4833 fas
593 4786 696 4839 est,
731 4777 1000 4843 migravit,
1031 4775 1283 4828 hortante
1309 4790 1372 4828 ac
1400 4774 1683 4840 suadente,
1713 4783 1955 4828 vestrum
1987 4774 2395 4829 sanctissimum
2425 4789 2648 4840 nomen,
2683 4782 3030 4844 vestramque
3052 4771 3451 4835 auctoritatem,

227 4891 350 4946 quze
377 4874 736 4944 quorumdam
785 4869 1154 4940 improborum
1201 4869 1548 4924 sermonibus
1597 4869 1980 4938 impetebatur,
2015 4869 2155 4922 tueri
2187 4869 2373 4921 curavi
2415 4868 2629 4937 prolixo
2670 4881 2834 4938 opere
2868 4865 3093 4934 scripto,
3131 4861 3276 4932 quod
3311 4874 3452 4913 nun-

227 4983 390 5036 quam
427 4967 658 5035 prodivit
693 4966 744 5019 in
793 4965 1088 5034 publicum,
1125 4967 1252 5034 quia
1297 4980 1475 5034 neque
1523 4965 1661 5018 ratio
1698 4973 2026 5032 temporum,
2056 4978 2177 5032 qua:
2202 4973 2389 5032 postea
2419 4965 2714 5019 subsecuta
2762 4969 2910 5024 sunt,
2937 4974 3115 5028 neque
3143 4953 3454 5024 reipublicae

228 5055 460 5118 utilitas,
490 5069 665 5123 neque
698 5054 804 5107 ulla
833 5053 1076 5122 ejusdem
1112 5053 1291 5122 Operis
1322 5053 1640 5121 praestantia
1667 5052 1932 5121 exigebat.
1963 5050 2164 5105 Deinde
2198 5067 2326 5106 vero
2353 5053 2617 5122 singulari
2637 5050 2985 5108 beniflcentia
3012 5057 3218 5105 sancta:
3245 5059 3452 5100 memo-

227 5149 320 5202 riae
350 5146 644 5201 Clementis
681 5143 772 5197 ΧΗ
820 5148 1022 5200 credita
1069 5148 1202 5201 mihi
1235 5157 1319 5202 est
1365 5149 1612 5202 custodia
1659 5147 1951 5202 sanctioris
1990 5148 2197 5202 archivi
2239 5149 2403 5203 castri
2457 5147 2516 5203 S.
2563 5149 2774 5221 Angeli,
2807 5157 2862 5204 et
2890 5148 3053 5220 paulo
3087 5152 3209 5216 post
3251 5157 3454 5197 munus

227 5247 621 5303 abbreviatoris
653 5246 720 5302 de
751 5248 924 5314 curia,
954 5249 1152 5318 quibus
1184 5250 1236 5302 in
1277 5249 1616 5313 muneribus,
1653 5247 1831 5317 quoad
1873 5248 2046 5316 potui,
2091 5263 2154 5301 ea
2201 5263 2332 5302 cura
2377 5261 2440 5300 ac
2479 5247 2759 5316 diligentia
2799 5248 3046 5299 versatus
3091 5251 3237 5300 sum,
3266 5243 3328 5291 ut
3355 5248 3452 5290 vos

227 5340 331 5412 ipsi
353 5339 554 5410 saepius
582 5338 649 5394 de
679 5355 765 5394 me
795 5339 1404 5396 lionorificentissimum
1449 5341 1823 5396 testimonium
1855 5340 2141 5410 perhibere
2172 5357 2279 5396 non
2309 5339 2709 5394 dubitaveritis.
2744 5339 2955 5392 Interea
2989 5347 3120 5389 vero
3148 5332 3214 5388 iis
3241 5337 3452 5399 tempo-

226 5452 348 5493 rum
384 5434 704 5502 intervallis,
732 5452 851 5506 quze
874 5437 1004 5490 mihi
1031 5454 1061 5491 a
1085 5437 1311 5508 reliquis
1339 5437 1792 5508 occupationibus
1821 5436 2286 5501 concedebantur,
2315 5437 2546 5492 multum
2576 5449 2754 5506 opera:
2782 5429 3097 5499 laborisque
3134 5424 3449 5494 consumpsi

229 5530 283 5583 in
315 5527 651 5582 adornandis
683 5528 1176 5594 observationibus,
1206 5527 1672 5598 longioribusque,
1713 5528 1758 5582 si
1791 5527 2010 5595 quando
2052 5542 2191 5596 opus
2230 5526 2355 5590 fuit,
2399 5524 2878 5582 dissertationibus
2907 5521 3047 5592 typis
3073 5520 3236 5574 etiam
3271 5519 3323 5571 in
3351 5531 3452 5588 pu-

227 5621 425 5676 blicum
469 5619 653 5681 editis,
683 5635 780 5688 pro
823 5621 1158 5689 corrigendis
1189 5622 1577 5676 ecclesiasticis
1601 5619 1962 5676 Orientalium
2001 5622 2284 5676 nationum
2326 5623 2503 5686 libris,
2546 5632 2604 5677 ut
2625 5639 2690 5678 ex
2720 5620 2984 5676 sententia
3015 5612 3452 5688 congregationis

228 5716 611 5770 nonnullorum
643 5724 845 5768 sancta:
870 5713 1128 5768 Romana:
1152 5713 1408 5770 Ecclesia:
1445 5713 1826 5776 cardinalium,
1863 5715 2018 5784 cujus
2050 5730 2150 5784 ego
2190 5731 2218 5769 a
2256 5716 2479 5772 secretis
2515 5716 2582 5770 ab
2614 5718 2804 5774 eodem
2841 5715 3116 5772 Clemente
3144 5699 3262 5777 Xll,
3315 5726 3450 5782 pon-

294 5856 367 5925 (δ)
408 5854 617 5910 Concil.
645 5852 884 5911 Trident.
918 5855 988 5911 De
1017 5855 1420 5925 reform.,‘sess.
1445 5872 1590 5922 xxiv,
1615 5871 1733 5926 cap.
1775 5857 1820 5911 ί.
