4126 6492
639 438 743 494 595
1484 436 1539 491 S.
1581 435 1947 493 ATHANASII
1990 441 2138 497 OPP.
2183 442 2358 496 PARS
2397 441 2482 497 lli.
2516 477 2582 485 —
2613 439 3024 498 EXEGETICA.
3776 437 3873 492 596

643 554 881 610 tiﬁcatus
932 553 1018 609 sui
1069 551 1244 618 initio,
1284 553 1354 607 el.
1395 568 1560 607 mem.
1607 554 1870 608 cardinali
1922 555 2215 611 Francisco
2263 557 2561 612 Barherino
2610 556 2921 626 postulante
2965 551 3317 616 constitutus,
3358 556 3412 603 et
3458 564 3486 602 a
3530 547 3876 603 sanctissimo

643 649 867 705 domino
895 657 1084 704 nostro
1121 647 1414 702 Benedicto
1455 647 1568 700 XIV
1594 650 1946 704 conﬁrmatus
1985 649 2082 714 fui,
2119 651 2390 704 emendati
2434 651 2486 704 in
2519 649 2877 720 typographia
2912 661 3081 701 sacra:
3120 644 3557 714 congregationis
3581 645 3648 698 de
3671 643 3874 712 Propa-

644 749 819 816 gauda
850 746 980 800 Fide
1009 745 1075 799 ad
1112 759 1458 799 communem
1483 754 1790 798 exterarum
1829 746 2112 799 nationum
2145 747 2431 800 utilitatem
2465 746 2928 814 imprimerentur.
2958 741 3184 795 Demum
3232 757 3326 810 per
3371 740 3558 796 eadem
3592 740 3708 792 haec
3745 748 3879 791 tem-

643 849 800 905 pora,
843 836 1059 903 quoties
1095 833 1225 886 mihi
1256 833 1641 887 demandatum
1674 843 1777 897 est.
1813 845 1864 888 et
1888 847 2150 904 quantum
2190 836 2388 904 ingenii
2419 838 2522 889 mei
2566 834 2908 888 imbecillitas
2934 833 3159 900 aliaeque
3192 834 3577 902 occupationes
3607 832 3880 893 sinebant,

645 943 755 982 non
787 928 934 982 defui
963 930 1013 980 in
1047 929 1355 982 asserendis
1383 924 1642 981 Romanae
1686 928 1939 984 Ecclesiae
1969 931 2203 999 juribus,
2224 929 2669 998 defendendaque
2699 929 2816 997 ejus
2839 928 3102 997 dignitate
3135 937 3187 981 et
3215 926 3564 987 auctoritate,
3586 935 3640 978 et
3663 922 3882 993 potissi-

648 1036 798 1074 mum
820 1021 872 1073 in
899 1021 1100 1074 tuendo
1118 1019 1238 1086 ejus
1254 1020 1499 1073 dominio
1522 1032 1682 1090 atque
1707 1023 1930 1091 imperio
1951 1024 2000 1076 in
2024 1026 2367 1079 nobilissima
2393 1025 2510 1093 ejus
2529 1025 2840 1095 patrimonii
2861 1033 3028 1092 parte,
3047 1037 3166 1090 quae
3183 1023 3411 1076 aliorum
3429 1021 3596 1074 armis
3622 1029 3884 1087 occupata

649 1118 944 1172 etiamnum
966 1119 1238 1173 immerito
1260 1118 1543 1179 retinetur,
1563 1120 1733 1174 donec
1757 1122 1959 1175 sedatis
1983 1130 2257 1175 tantorum
2278 1122 2539 1175 bellorum
2560 1122 2817 1180 motibus,
2835 1130 2880 1173 et
2906 1119 3107 1188 pacatis
3124 1115 3433 1170 bellantium
3454 1111 3762 1181 principum
3779 1125 3888 1161 aut.

651 1210 772 1274 mis,
793 1225 886 1278 per
903 1227 1048 1276 eum,
1073 1212 1164 1281 qui
1189 1210 1320 1264 mari
1344 1221 1398 1265 et
1426 1216 1600 1269 ventis
1621 1215 1871 1284 imperat,
1891 1232 1952 1270 ac
1979 1218 2420 1286 tranquillitatem
2453 1218 2599 1278 facit,
2623 1232 2745 1286 spes
2772 1216 2964 1268 melior
2987 1213 3214 1282 Europm
3240 1223 3292 1265 et
3332 1209 3592 1263 Romana:
3626 1206 3887 1261 Ecclesia:

651 1302 813 1356 rebus
859 1303 1134 1374 aﬂ‘ulgeat.
1166 1305 1346 1371 Quare
1396 1311 1716 1381 intelligitis,
1766 1313 2184 1367 eminentissimi
2235 1313 2444 1378 Patres,
2495 1330 2612 1367 mea
2649 1313 2853 1376 omnia,
2902 1311 3303 1380 qualiacunque
3341 1307 3470 1368 sint,
3510 1314 3696 1359 vestra
3743 1318 3884 1368 esse,

651 1413 775 1451 cum
811 1414 840 1453 a
870 1403 1062 1470 primis
1084 1405 1386 1472 juventutis
1420 1410 1576 1464 annis
1616 1425 1778 1464 omne
1802 1425 1980 1464 meum
2030 1411 2295 1476 studium,
2335 1411 2633 1480 ingenium,
2667 1425 2914 1478 operam,
2951 1407 3186 1459 laborem
3225 1415 3386 1472 atque
3439 1400 3768 1454 industriam
3803 1414 3891 1452 γε·

653 1501 769 1546 stro
804 1497 1031 1562 nomini,
1064 1510 1116 1552 et
1141 1502 1451 1568 apostolica:
1484 1505 1594 1558 sedi
1639 1504 1852 1574 penitus
1884 1505 2182 1559 addixerim
2224 1522 2287 1560 ac
2318 1506 2634 1560 dicaverim.
2667 1505 2741 1557 Ex
2788 1505 2870 1558 bis
2899 1513 3077 1556 autem
3109 1512 3436 1568 cognoscere
3467 1495 3718 1563 potestis,
3758 1501 3890 1561 quot

658 1585 970 1640 nominibus
1000 1589 1155 1644 vobis
1178 1592 1459 1648 deberetur
1489 1595 1806 1662 praeclarum
1836 1595 1936 1648 hoc
1965 1595 2143 1664 magni
2179 1596 2461 1650 Athanasii
2498 1612 2658 1664 Opus,
2698 1596 2748 1648 in
2798 1610 2908 1661 quo
2941 1610 2970 1646 e
3011 1592 3199 1646 Graeco
3234 1590 3287 1640 in
3321 1586 3574 1639 Latinum
3601 1583 3888 1646 vertendo,

657 1676 926 1742 corruptis
955 1677 1006 1728 in
1038 1678 1193 1742 locis,
1222 1683 1399 1748 quoad
1428 1682 1594 1743 valui,
1629 1682 1988 1747 emendando,
2017 1692 2070 1736 et
2101 1684 2380 1737 nonnullis
2412 1685 2594 1752 parvis
2620 1683 2760 1735 notis
2795 1681 3114 1735 illustrando
3139 1679 3454 1746 auctorique
3475 1692 3574 1730 suo
3599 1675 3894 1729 asserendo

657 1783 762 1821 non
797 1784 984 1837 parum
1020 1773 1336 1827 allaborari.
1380 1773 1447 1826 Ut
1474 1791 1598 1828 vero
1629 1779 2015 1830 munusculum
2047 1779 2170 1842 hoc,
2195 1778 2340 1846 quod
2374 1779 2527 1833 vobis
2563 1778 2866 1831 humillime
2904 1776 3103 1837 offero,
3132 1773 3333 1828 lubenti
3368 1773 3549 1825 animo
3584 1769 3892 1838 excipiatis,

659 1860 792 1913 satis
821 1875 941 1914 esse
971 1874 1098 1930 puto
1127 1864 1405 1918 Athanasii
1440 1882 1633 1920 nomen
1666 1886 1677 1920 :
1724 1869 1824 1921 hac
1857 1885 1963 1922 una
2000 1869 2144 1922 enim
2187 1869 2680 1932 commendatione,
2746 1877 2929 1921 certus
2965 1881 3084 1918 sum
3135 1863 3290 1916 vobis
3337 1861 3454 1913 fore
3488 1860 3894 1927 gratissimum.

660 1948 794 2004 Nam
817 1953 1281 2009 eminentissimus
1310 1955 1597 2020 Baronius.
1645 1975 1901 2028 magnum
1929 1960 2134 2013 ordinis
2161 1961 2323 2013 vestri
2346 1969 2725 2012 ornamentum
2747 1971 2799 2011 et
2818 1959 3006 2020 decus,
3035 1956 3086 2008 in
3114 1957 3227 2010 suis
3252 1953 3640 2006 Errlcsiasticis
3674 1949 3898 2001 Annali-

663 2040 756 2095 bus
773 2043 878 2112 (4)1
907 2063 924 2094 ⁸
950 2046 1116 2110 Adeo,
1155 2049 1350 2118 inquit,
1374 2064 1496 2122 post
1535 2064 1609 2108 tot
1634 2063 1889 2122 tantaque
1919 2055 2037 2122 ejus
2065 2071 2163 2124 pro
2181 2065 2323 2108 recta
2350 2056 2450 2108 fide
2469 2055 2785 2115 certamina,
2807 2052 3295 2105 Athanasiinon'ien
3318 2049 3548 2119 posteris
3564 2046 3826 2100 doctrina:
3849 2051 3901 2096 et

663 2133 971 2190 sanctitatis
996 2136 1297 2205 fulgoribus
1327 2143 1532 2196 clarum
1573 2144 1794 2208 effulsit,
1826 2154 1883 2197 ut
1918 2161 2146 2214 queque
2175 2146 2347 2214 ipsius
2381 2147 2581 2213 scripta
2620 2162 2728 2198 non
2765 2146 2927 2198 modo
2955 2145 3108 2197 avide
3144 2143 3469 2210 legerentur,
3504 2139 3596 2192 sed
3634 2130 3898 2208 singulari

664 2230 896 2296 quadam
932 2233 1235 2287 reverentia
1266 2234 1593 2287 colerentur.
1637 2252 1654 2283 ι
1688 2233 1870 2302 Itaque
1895 2235 2028 2287 nihil
2057 2235 2203 2287 aliud
2243 2236 2376 2289 mihi
2411 2236 2679 2304 reliquum
2712 2244 2818 2295 est,
2853 2235 2954 2286 nisi
2983 2242 3039 2286 ut
3067 2231 3236 2286 Deum
3267 2232 3630 2284 immortalem
3663 2226 3900 2282 submis-

665 2318 741 2372 sis
769 2321 1023 2387 precibus
1052 2337 1223 2388 orem,
1256 2334 1313 2376 ut
1337 2338 1431 2377 vos
1455 2323 1545 2374 diu
1585 2339 1748 2378 sanos
1775 2334 1936 2394 atque
1970 2326 2270 2380 incolumes
2302 2337 2515 2395 pt‘mslel
2553 2343 2676 2380 eum
2722 2343 2978 2394 supremo
3029 2334 3234 2386 nostro,
3274 2333 3436 2388 atque
3483 2319 3732 2372 omnium
3765 2314 3893 2369 fide-

668 2409 799 2464 lium
830 2422 1050 2480 pastore
1075 2413 1365 2471 Benedicto
1388 2418 1526 2485 XIV,
1553 2422 1838 2475 catholicae
1865 2421 2136 2486 Ecclesize,
2162 2424 2543 2492 plaudentibus
2575 2423 2849 2484 omnibus,
2884 2422 3142 2475 divinitus
3183 2419 3330 2480 dato,
3361 2415 3451 2485 qui
3476 2422 3742 2482 quantum
3769 2411 3905 2464 inter

668 2506 905 2577 reliquos
932 2511 1190 2566 mortales
1213 2512 1472 2583 dignitate
1495 2531 1557 2568 ac
1589 2525 1853 2581 potestate
1885 2517 2218 2585 praeeminet,
2254 2525 2461 2569 tantum
2495 2516 2710 2584 ingenio
2740 2530 3032 2583 rerumque
3073 2511 3426 2582 intelligentia
3471 2504 3730 2576 praecellit
3765 2521 3777 2554 :
3813 2500 3902 2568 qui

669 2615 791 2653 cum
825 2604 1108 2670 apostolici
1141 2609 1339 2672 gradus
1380 2604 1709 2659 sublimitate
1756 2622 1919 2675 supra
1955 2621 2142 2660 omnes
2184 2607 2273 2672 sit,
2320 2608 2656 2660 humanitate
2689 2621 2756 2659 ac
2792 2606 3121 2674 benignitate
3153 2603 3292 2657 infra
3343 2615 3534 2655 omnes
3584 2610 3707 2650 esse
3753 2593 3900 2645 vide-

669 2702 756 2748 tur
805 2713 818 2750 :
877 2697 969 2763 qui
1030 2713 1114 2750 me
1165 2698 1342 2752 adhuc
1374 2700 1766 2754 adolescentem
1813 2701 2073 2770 singulari
2125 2701 2496 2755 benevolentia
2531 2701 2846 2768 complexus
2888 2709 2970 2752 est
3002 2718 3013 2751 :
3049 2697 3141 2768 qui
3192 2710 3417 2748 menon
3471 2693 3646 2747 solum
3683 2689 3903 2753 verbis,

671 2790 765 2842 sed
815 2791 978 2845 etiam
1033 2793 1290 2860 praeclaro
1337 2795 1582 2864 exemplo
1632 2812 1754 2859 suo,
1793 2806 1846 2850 et
1898 2797 1962 2850 ad
2013 2797 2154 2864 juris
2205 2806 2311 2849 tam
2369 2795 2561 2864 privati
2625 2810 2787 2862 quam
2843 2792 3041 2862 publici
3095 2789 3342 2844 notitiam
3379 2782 3807 2852 assequendum,
3854 2791 3906 2834 ct

672 2878 740 2932 ad
812 2880 924 2934 haac
985 2881 1090 2934 alia
1148 2883 1418 2936 sanctiora
1479 2886 1688 2944 studia,
1749 2901 1870 2954 quae
1929 2886 1981 2938 in
2053 2895 2251 2939 sortem
2321 2884 2411 2938 Dei
2469 2895 2692 2939 vocatos
2760 2885 2994 2940 maxime
3060 2884 3288 2944 decent,
3363 2878 3541 2932 verbis
3604 2877 3720 2930 suis
3798 2873 3902 2936 iam

672 2975 801 3029 olim
839 2976 1052 3046 impulit
1091 2993 1155 3032 ac
1199 2978 1545 3032 stimulavit:
1583 2978 1676 3047 qui
1742 2993 1990 3032 summus
2048 2977 2303 3033 Ecclesia:
2348 2976 2588 3047 pontifex
2634 2976 3001 3034 renuntiatus.
3056 2986 3272 3043 postero
3331 2970 3619 3026 electionis
3687 2967 3796 3030 die,
3848 2979 3907 3019 ut

674 3069 958 3124 liberiores
981 3071 1112 3124 mihi
1142 3069 1207 3124 ad
1240 3086 1362 3125 eum
1392 3070 1569 3123 aditus
1611 3078 1816 3134 essent,
1862 3070 2001 3123 inter
2043 3069 2359 3133 familiares,
2401 3067 2490 3138 qui
2536 3067 2604 3120 ab
2647 3067 2837 3120 intimo
2863 3065 3117 3118 cubiculo
3166 3071 3313 3127 sunt,
3369 3061 3607 3129 primum
3661 3055 3903 3109 omnium

672 3161 894 3225 ascivit,
919 3173 973 3215 et
1009 3163 1391 3231 trienniopost
1420 3178 1448 3214 a
1502 3163 1721 3216 secretis
1749 3177 1917 3215 sacrae
1953 3159 2388 3230 congregationis
2427 3174 2590 3227 super
2621 3157 2782 3211 rebus
2815 3154 3288 3211 consistorialibus
3326 3149 3621 3206 declaravit
3651 3166 3663 3200 :
3693 3146 3786 3215 qui
3814 3145 3907 3199 de-

678 3266 850 3314 mum,
884 3269 1006 3306 eum
1055 3269 1236 3308 rerum
1279 3254 1770 3307 ecclesiasticarum
1818 3252 2120 3316 scientiam,
2152 3260 2203 3304 et
2235 3265 2510 3304 sacrarum
2567 3249 2867 3303 litterarum
2905 3246 3082 3301 studia
3117 3261 3224 3300 non
3281 3243 3442 3297 modo
3481 3241 3532 3293 in
3567 3254 3624 3294 se
3656 3247 3802 3291 amet
3848 3252 3909 3288 ac

678 3343 885 3412 diligat,
919 3344 1010 3397 sed
1034 3344 1194 3397 etiam
1230 3345 1280 3395 in
1309 3343 1429 3396 aliis
1458 3357 1576 3395 esse
1607 3357 1768 3410 quam
1800 3322 2032 3394 maxime
2058 3341 2263 3408 cupiat,
2307 3355 2527 3408 parvam
2580 3354 2752 3391 meam
2787 3337 3168 3389 bibliothecam
3197 3332 3473 3402 prrerlaris
3507 3328 3624 3383 suis
3655 3324 3907 3395 operibus

683 3430 757 3484 De
808 3432 1192 3500 beati/icatione.
1240 3441 1288 3485 el
1351 3434 1751 3484 canonizatioue
1806 3446 2069 3484 servorum
2124 3429 2257 3492 Dei,
2307 3429 2380 3481 De
2437 3428 2562 3480 Iesu
2613 3427 2808 3481 Christi
2869 3425 3160 3492 Manisque
3210 3425 3322 3492 ejus
3389 3422 3565 3488 festis,
3618 3417 3696 3472 De
3742 3416 3909 3468 misse

680 3525 942 3593 sacriﬁcio
992 3527 1284 3579 liberaliter
1336 3526 1551 3582 donatis
1609 3528 1887 3591 instruxit,
1939 3543 2047 3596 quo
2075 3539 2298 3579 munere
2327 3524 2456 3577 nihil
2488 3524 2617 3577 mihi
2653 3522 2988 3592 splendidius
3019 3514 3558 3588 magnificentiusque
3590 3523 3714 3563 esse
3752 3508 3908 3561 duco.

686 3613 890 3674 Valete.

928 3777 1109 3836 Romae,
1157 3778 1385 3825 Kalendis
1409 3777 1537 3825 Junii
1581 3778 1694 3825 1746

2849 3828 2886 3877 Ν
2897 3830 3076 3877 icolaus
3099 3828 3409 3874 Ameana.th

2260 3923 2488 3984 Ejusdem
2515 3935 2611 3970 sac.
2643 3921 2849 3981 Collegii
2875 3927 2926 3966 et
2946 3932 3040 3966 sae.
3066 3916 3346 3966 Consistorii
3373 3928 3397 3962 a
3424 3912 3638 3961 secretis

758 4057 835 4125 (ι)
868 4056 949 4113 Ad
976 4071 1064 4113 att.
1097 4057 1216 4121 540,
1248 4075 1299 4112 n.
1335 4055 1423 4110 XI.
