4126 6480
226 422 315 480 601
888 428 973 485 DE
1016 432 1288 492 TITULIS
1330 437 1776 496 PSALMORUM.
1815 469 1884 480 —
1919 433 2727 494 ANTONELLILPRA-IFATIO.
3330 428 3436 485 602

221 555 437 607 sequor,
466 557 496 597 a
525 542 813 608 sententia,
839 552 893 597 et
925 557 1104 602 mente
1137 551 1470 607 sanctissimi
1516 553 1759 608 doctoris
1805 552 2158 608 discederem.
2205 550 2457 605 Alhertus
2501 547 2782 602 Fabricius
2813 544 2995 600 scribit
3045 541 3334 614 Hamburgi
3377 544 3434 598 in

221 631 546 688 bibliotheca
574 632 817 688 Joannea
847 645 1058 693 exstare
1089 642 1511 713 manuscriptam
1547 644 1848 699 versionem
1897 642 2142 698 Latinam
2196 640 2252 696 S.
2297 640 2575 695 Athanasii
2620 640 2673 692 in
2711 640 2948 694 Psalmos
3001 640 3326 695 elaboratam
3367 639 3436 694 ab

220 723 334 778 Elia
373 725 665 796 Ehingero,
708 727 800 796 qui
849 728 1036 781 codice
1067 730 1254 786 Greco
1306 733 1644 787 bibliotheca:
1687 735 2014 804 Augustam:
2049 749 2180 786 usus
2212 739 2314 784 est.
2362 731 2444 784 Att
2490 729 2578 783 illa
2614 729 2896 783 translatio
2924 728 2993 782 sit
3025 727 3249 796 hujusce
3288 741 3432 780 com-

220 817 497 883 mentarii,
537 834 630 873 seu
660 819 1039 890 metaphrasis,
1067 840 1227 891 quatn
1262 842 1407 881 nunc
1460 827 1511 879 in
1553 827 1723 881 lucem
1752 828 1969 890 damus,
1998 841 2064 880 an
2091 841 2220 880 vero
2250 824 2471 878 alterius
2499 823 2720 877 omnino
2750 823 2992 885 diverse,
3022 831 3168 875 certo
3201 830 3437 876 statuere

221 928 328 967 non
366 916 568 981 ausim,
600 931 722 970 cum
750 916 814 969 ad
846 930 1040 968 tnanus
1087 932 1234 971 meas
1268 933 1373 970 non
1420 920 1740 986 pervenerit.
1794 916 1894 972 Sed
1933 919 1977 973 si
2008 919 2320 986 conjectura
2355 931 2511 987 agere
2541 916 2681 978 licet,
2723 913 3186 968 verosimillimum
3218 912 3435 982 quidem

220 1017 323 1072 est,
363 1010 668 1078 hujusmodi
699 1010 1147 1064 commentarium
1193 1010 1248 1066 S.
1293 1012 1592 1067 Athanasio
1625 1015 1917 1082 ascriptum
1953 1014 2073 1066 aliis
2096 1013 2204 1083 jam
2234 1014 2284 1066 in
2311 1013 2482 1065 lucem
2509 1011 2666 1066 editis
2695 1009 2915 1063 minime
2937 1023 3055 1063 esse
3084 1008 3434 1072 dissimilem;

221 1117 346 1155 nam
380 1103 425 1157 si
461 1119 616 1159 secus
647 1104 804 1170 foret,
843 1104 894 1158 id
927 1106 1101 1172 ipsum
1128 1103 1580 1167 animadvertere,
1608 1121 1671 1158 ac
1701 1104 1995 1158 lectoribus
2029 1104 2143 1158 suis
2176 1103 2434 1168 indicare,
2468 1113 2528 1157 ut
2553 1105 2603 1155 in
2638 1115 2733 1156 sua
2771 1099 3091 1153 Bibliotheca
3126 1100 3325 1169 passim
3358 1099 3437 1152 fa-

219 1207 341 1247 cere
369 1195 506 1248 solet
529 1195 927 1250 eruditissimus
957 1209 1107 1262 teque
1136 1209 1198 1247 ac
1224 1193 1669 1262 diligentissimus
1703 1197 1805 1258 vir,
1833 1211 1939 1249 non
1975 1197 2402 1265 praetermisisset

287 1288 379 1342 Π.
425 1287 527 1342 Sed
555 1287 812 1358 quoniam
847 1288 985 1342 idem
1022 1289 1279 1342 Albertus
1311 1286 1591 1342 Fabricius
1625 1289 1802 1342 varias
1833 1287 2171 1342 Psalmorum
2207 1289 2592 1358 expositiones,
2627 1302 2746 1356 quae
2788 1284 2844 1339 S.
2871 1284 3169 1338 Athanasio
3194 1285 3437 1339 tribuun-

219 1394 328 1447 tur,
367 1397 611 1438 recenset
638 1385 735 1454 (5),
764 1399 939 1452 opera:
974 1383 1207 1452 pretium
1236 1394 1319 1438 est
1355 1383 1475 1451 ejus
1507 1384 1665 1437 verba
1694 1384 1794 1437 hoc
1819 1384 1937 1438 loco
1973 1383 2170 1438 referre
2198 1401 2210 1435 :
2241 1403 2257 1434 ι
2285 1383 2660 1454 Expositiones
2695 1387 2745 1438 in
2781 1385 3039 1450 Psalmos,
3074 1405 3091 1437 ι
3115 1386 3186 1440 ait
3215 1387 3438 1456 loquens

217 1473 281 1526 de
324 1472 583 1541 operibus
614 1473 784 1526 sancti
814 1473 1117 1539 Athanasii,
1155 1492 1171 1524 t
1198 1490 1430 1542 quarum
1461 1474 1656 1544 exigua
1686 1462 2092 1544 apospasmatia
2127 1476 2370 1542 qua-dam
2403 1485 2633 1530 verterat
2663 1473 2986 1543 Politianus,
3031 1487 3191 1547 atque
3230 1479 3439 1547 priores

215 1567 484 1623 editiones
514 1567 712 1621 Graeca:
737 1577 789 1620 et
823 1565 1025 1622 Latina:
1055 1569 1438 1630 cxhibuerant,
1469 1567 1653 1622 Daniel
1683 1569 1810 1622 item
1841 1568 2113 1623 Barbarus
2148 1570 2404 1622 nonnulla
2438 1579 2490 1622 et
2514 1569 2805 1624 Cortlerins
2835 1572 3175 1640 vulgaverant
3210 1571 3262 1624 itt
3294 1582 3440 1627 cate-

217 1661 302 1714 nis
331 1659 552 1714 Patrum
583 1660 650 1713 ad
676 1659 918 1712 Psalmos
945 1676 962 1712 :
994 1661 1085 1713 sed
1118 1658 1452 1713 Benedielini
1489 1659 1645 1728 longe
1679 1660 2016 1728 copiosiores
2052 1659 2104 1712 in
2139 1668 2310 1712 totum
2349 1657 2702 1722 Psalterium,
2735 1661 2859 1714 licet
2885 1677 2983 1715 nec
3011 1662 3086 1717 ita
3112 1664 3317 1731 plenas,
3346 1673 3440 1718 aut

216 1756 478 1824 integras,
508 1769 537 1808 e
567 1753 841 1808 codicibus
869 1752 1051 1823 Regiis
1076 1761 1128 1807 et
1161 1752 1489 1807 Colbertinis
1520 1763 1856 1816 catenarunt,
1885 1761 1940 1806 et
1965 1753 2365 1823 expositionum
2410 1754 2463 1804 in
2497 1751 2736 1806 Psalmos
2770 1755 3000 1808 oﬂ‘erunt
3031 1771 3082 1825 p.
3112 1756 3436 1811 1009-1359.

215 1844 506 1899 Mediolani
554 1846 607 1898 in
659 1844 981 1899 bibliotheca
1016 1844 1376 1898 Ambrosiana
1408 1852 1704 1898 occurrunt
1756 1845 2147 1898 commentaria
2177 1844 2456 1899 Athanasii
2503 1845 2556 1896 in
2591 1843 2829 1899 l’salmos
2856 1843 3039 1901 Graece
3067 1847 3334 1918 descripta
3373 1866 3441 1904 ex

213 1937 404 1990 codice
436 1936 565 1989 bibl.
600 1934 946 2002 Scorialensi,
985 1947 1037 1990 et
1064 1935 1252 1990 Latine
1281 1927 1487 1989 reddita
1520 1936 1632 1989 sive
1659 1935 1726 1989 ab
1755 1935 1990 1990 Antonio
2013 1936 2233 2006 Giggeo,
2272 1936 2385 1990 sive
2412 1937 2522 1990 alio
2541 1938 2795 2006 quodam.
2824 1937 2899 1992 Ex
2930 1940 3034 1994 illis
3061 1952 3437 2010 argumentum

214 2029 269 2080 in
290 2027 533 2081 Psalmos
555 2029 775 2099 dignum
805 2028 944 2083 lectu
971 2037 1023 2081 et
1051 2030 1422 2096 supplementa
1446 2027 1690 2096 quaedam
1723 2029 2240 2082 commentariorum
2267 2027 2412 2080 dedit
2436 2026 2872 2085 Montfauconius
2901 2031 2953 2084 in
2970 2030 3282 2086 Collectione
3307 2051 3439 2088 nova

218 2117 466 2183 Patrum,
507 2129 637 2173 tom.
673 2117 735 2185 II,
773 2135 894 2190 pag.
927 2119 1149 2173 70-101.
1175 2117 1725 2171 Animadvertendum
1751 2125 1853 2179 est,
1891 2117 2066 2186 inquit
2097 2116 2236 2170 idem
2271 2117 2352 2168 vir
2380 2116 2715 2172 clarissimus
2739 2119 2792 2172 itt
2829 2120 3008 2175 Diario
3034 2121 3243 2187 Italico,
3272 2140 3322 2193 p.
3352 2125 3437 2190 ιε,

213 2212 382 2264 alium
415 2212 577 2265 etiam
613 2211 1066 2266 comntentarium
1099 2209 1151 2262 in
1183 2210 1283 2263 ista
1315 2208 1663 2269 bibliotheca,
1695 2222 1792 2261 nec
1823 2222 1931 2260 non
1962 2208 2014 2260 in
2048 2206 2232 2260 Museo
2265 2206 2603 2262 Justiniatteo
2637 2207 2872 2266 Venetiis
2896 2213 3051 2283 (adde
3080 2231 3200 2286 pag.
3228 2217 3316 2285 69)
3345 2232 3440 2271 oc-

215 2319 457 2366 currere,
484 2303 573 2371 qui
598 2302 882 2358 Athanasii
907 2315 1100 2355 nomen
1127 2298 1362 2370 przefert.
1380 2306 1434 2352 at
1463 2298 1744 2352 Athanasii
1775 2297 1954 2367 magni
1981 2313 2105 2352 esse
2137 2298 2340 2367 nequit.
2372 2296 2532 2353 lstius
2555 2299 2766 2354 initium
2787 2312 2902 2356 est:
2927 2304 3206 2376 Μακάριος
3230 2308 3435 2378 ἀνὴρ...

216 2393 355 2448 αὑτὴ
449 2394 751 2463 προφητεία
785 2393 1081 2466 πληροῦται
1110 2395 1189 2456 εἰς
1217 2393 1307 2446 τὸν
1359 2392 1555 2463 Ἰωσὴφ
1587 2392 1676 2444 τὸν
1713 2393 1845 2463 Ἀριε

1811 2391 2054 2462 ιμαθίας.
2101 2391 2427 2447 Athanasius
2481 2394 2535 2446 in
2570 2394 2809 2450 Psalmoe
2857 2411 2924 2451 ex
2965 2400 3210 2454 versione
3249 2399 3437 2456 Latina

218 2480 348 2535 Elia:
373 2480 649 2550 Ehingeri,
674 2482 765 2550 qui
797 2481 982 2535 codice
1005 2481 1191 2535 Grzeco
1215 2480 1552 2534 bibliotheca:
1594 2481 1922 2550 Augustanae
1946 2496 2078 2536 usus
2109 2479 2228 2547 fuit,
2248 2491 2421 2537 exstat
2449 2499 2549 2537 ms.
2585 2484 2638 2537 itt
2669 2485 2985 2542 bibliotheca
3009 2486 3247 2543 Joannea
3282 2491 3441 2558 hujus

215 2575 367 2629 urbis
397 2573 844 2644 Hamburgensis.
883 2573 1078 2628 Habuit
1114 2573 1277 2628 etiam
1333 2575 1614 2628 Athanasii
1649 2576 1703 2626 in
1738 2573 1978 2626 Psalmos
2017 2579 2470 2629 commentarium
2501 2576 2684 2632 Graece
2710 2578 3036 2650 descriptum
3066 2581 3440 2653 Wagensclius

213 2668 242 2720 6
273 2666 609 2737 μακαρίτης,
644 2666 783 2719 unde
814 2675 1056 2718 asservat
1085 2665 1332 2718 eumdem
1376 2664 1574 2735 Lipsia:
1605 2665 1656 2718 in
1687 2665 1858 2733 patria
1896 2681 2012 2718 mea
2047 2666 2337 2720 thesaurus
2368 2667 2620 2720 librarius
2652 2670 2970 2737 amplissimi
2998 2650 3238 2729 senatus.
3263 2650 3441 2747 Expo-

216 2759 468 2811 sitiouem
499 2757 782 2810 Athanasii
817 2758 866 2808 in
889 2754 1130 2809 Psalmos
1162 2757 1421 2811 Serviana
1458 2759 1638 2827 lingua
1670 2761 1772 2825 (est
1802 2758 1913 2810 haec
1938 2757 2149 2811 Slavica
2180 2758 2465 2827 dialecttts)
2501 2774 2602 2813 ms.
2632 2760 2683 2812 in
2710 2761 3032 2819 bibliotheca
3060 2764 3116 2820 S.
3145 2767 3440 2825 Salvator-is

218 2847 500 2912 Bononiae,
528 2860 690 2918 atque
717 2850 945 2904 Arahice
972 2867 1074 2902 una
1099 2866 1222 2904 cum
1249 2849 1489 2918 Epistola
1522 2851 1590 2903 ad
1621 2850 1989 2905 Marcellinum
2020 2853 2072 2906 in
2101 2852 2422 2907 bibliotheca
2451 2854 2806 2908 Atnhrosiana
2831 2858 3014 2912 codice
3041 2859 3144 2913 500
3174 2877 3440 2918 annorum

218 2952 484 2996 memorat
526 2942 663 2994 idem
701 2940 1136 2995 Montfauconius
1172 2939 1238 2993 ad
1282 2940 1638 2995 Athanasium
1674 2948 1805 2993 tom.
1851 2939 1905 3006 I,
1962 2957 2082 3011 pag.
2119 2941 2255 2996 1005
2297 2953 2347 2995 et
2384 2941 2540 2997 1006.
2575 2941 2895 3015 Fragmenta
2930 2952 3439 3006 commentarioer

215 3036 502 3089 Athanasii
533 3036 585 3086 in
619 3033 860 3087 Paulino:
892 3052 919 3086 a
965 3033 1123 3088 Petro
1151 3034 1516 3090 Felcktnanno
1563 3037 1786 3091 collecta
1819 3053 1848 3091 e
1884 3035 2082 3091 Nicetze
2115 3039 2468 3106 metropolitae
2497 3035 2765 3094 Heraclea:
2791 3038 3084 3112 Συναγωγῇ
3131 3042 3444 3115 ἐξηγήσεων

217 3133 270 3185 in
307 3131 521 3200 priores
557 3129 796 3200 psalmos
825 3130 894 3183 72
926 3141 1290 3202 mattuscrtpta
1317 3132 1370 3186 in
1402 3132 1725 3187 bibliotheca
1759 3132 2023 3199 Palatina,
2061 3148 2181 3202 pag.
2219 3132 2543 3201 1241-1262,
2588 3135 2680 3188 lib.
2710 3150 2782 3200 ll,
2809 3150 2927 3206 pag.
2964 3137 3088 3190 511.
3113 3159 3131 3188 ι
3175 3138 3442 3196 Hactenus

217 3225 519 3281 Fabricius.

288 3323 352 3378 V.
382 3323 768 3389 Quamobrem,
811 3338 936 3379 cum
966 3319 1148 3389 plures
1172 3321 1283 3374 sint
1311 3317 1652 3375 Psalmorum
1678 3321 2066 3390 expositiones,
2094 3337 2215 3392 qua!
2242 3320 2299 3376 S.
2331 3320 2612 3376 Athanasii
2641 3337 2834 3378 nomen
2873 3324 3190 3395 inscriptum
3235 3341 3345 3394 pra;
3385 3341 3445 3381 se

216 3415 421 3478 ferunt,
446 3430 666 3470 necesse
686 3424 767 3470 est
787 3414 1010 3484 paulum
1036 3410 1241 3482 aliquid
1264 3411 1330 3466 de
1364 3411 1472 3466 illis
1498 3412 1786 3473 disserere,
1813 3429 1921 3482 quo
1953 3415 2123 3484 magis
2148 3424 2484 3480 compertum
2512 3415 2623 3481 fiat,
2651 3430 2716 3469 an
2750 3432 2834 3480 ea,
2864 3433 3024 3486 quam
3057 3419 3107 3471 in
3141 3418 3313 3473 lucem
3346 3419 3442 3472 da-

217 3521 361 3563 mus.
392 3515 645 3573 tanquam
673 3505 966 3574 genuinum
1013 3503 1132 3572 ejus
1162 3517 1300 3573 opus
1345 3502 1694 3558 sanctissimo
1726 3501 1947 3557 Doctori
1978 3505 2046 3557 sit
2080 3503 2419 3558 ascrihenda.
2457 3504 2532 3558 Ae
2566 3507 2796 3573 primum
2827 3507 2984 3559 verba
3021 3506 3216 3561 faciant
3258 3507 3323 3562 de
3357 3508 3447 3564 illa

215 3615 336 3668 qua:
366 3596 648 3650 Mediolani
687 3597 738 3650 in
768 3597 1097 3653 bibliotheca
1129 3598 1509 3664 Ambrosiana,
1540 3611 1594 3654 et
1626 3598 1862 3653 Venetiis
1913 3599 1967 3652 in
2012 3599 2335 3652 bibliotheca
2371 3597 2707 3653 Justinianea
2744 3603 3028 3668 reperitur.
3075 3600 3222 3655 lianc
3262 3613 3450 3659 autem

215 3701 408 3750 sancto
435 3692 733 3748 Athanasio
759 3694 1040 3763 abjudicat
1068 3690 1228 3746 Pater
1254 3691 1714 3755 Montfauconius,
1737 3690 2119 3757 existimatque
2145 3689 2225 3741 vel
2262 3687 2397 3742 falso
2426 3689 2705 3744 Athanasii
2729 3705 2923 3743 nomen
2953 3690 3268 3757 inscriptum
3299 3707 3444 3758 esse,

216 3791 301 3844 vel
331 3790 553 3844 alterius
596 3789 878 3844 Athanasii
912 3790 1078 3843 fuisse
1123 3802 1316 3856 magno
1346 3785 1646 3840 Athanasio
1684 3783 2020 3840 recentioris.
2086 3781 2218 3836 Nam
2254 3783 2305 3836 in
2340 3784 2709 3838 admonitione
2738 3802 2857 3855 quae
2885 3785 3158 3855 proposita
3192 3796 3275 3840 est
3312 3803 3444 3858 sup-

217 3883 490 3952 plemento
519 3883 1031 3936 commentariorum
1061 3883 1115 3933 in
1142 3880 1386 3934 Psalmoe
1413 3881 1466 3933 in
1499 3879 1650 3932 Nova
1681 3878 1985 3932 collectione
2017 3874 2239 3930 Patrum
2273 3886 2322 3930 et
2354 3878 2668 3945 scriptorum
2696 3876 3018 3943 ercorum,
3051 3879 3176 3933 talia
3213 3877 3404 3933 scribit
3426 3895 3442 3908 ·

224 3975 538 4029 ιιθειοτεηι
563 3988 779 4027 monere
798 3973 970 4042 juvat,
992 3974 1440 4028 commentarium
1470 3972 1634 4025 alium
1658 3969 1939 4024 Athanasii
1966 3971 2183 4022 nomine
2215 3968 2342 4021 ferri
2381 3968 2432 4020 in
2462 3967 2786 4021 bibliotheca
2817 3965 3154 4022 Justinianea
3185 3965 3443 4034 Venetiis,

217 4068 385 4136 inque
416 4064 771 4119 Ambrosiana
803 4063 1112 4127 Mediolani,
1150 4080 1373 4135 prorsus
1399 4064 1672 4117 diversum
1703 4062 1770 4116 ab
1799 4079 1846 4116 et

1816 4064 1964 4126 :dito,
1998 4062 2153 4130 cujus
2185 4061 2397 4113 initium
2426 4078 2438 4112 :
2481 4060 2543 4111 Ἦ
2570 4061 2665 4130 μὲν
2691 4061 2992 4131 προφητεία
3040 4061 3337 4132 πληροῦται
3364 4062 3445 4124 εις

215 4162 309 4216 ςδν
351 4160 548 4230 Ἰωσὴφ
580 4159 670 4212 τὸν
705 4157 1056 4232 Ἀριμαθαῖον
1081 4177 1094 4190 ·
1131 4161 1223 4216 sed
1256 4177 1378 4214 cum
1411 4178 1439 4214 a
1476 4160 1690 4214 nemine
1715 4159 1844 4227 scril

1813 4159 2045 4227 iptorum
2078 4167 2432 4221 memoretur,
2465 4156 2546 4210 vel
2574 4156 2793 4210 alterius
2837 4165 3024 4210 nostro
3055 4159 3268 4228 gentilis
3307 4173 3442 4223 opus

220 4257 402 4319 fuerit,
432 4256 514 4309 vel
548 4256 897 4310 Athanasium
932 4255 1081 4309 illum
1113 4271 1364 4325 magnum
1397 4254 1704 4309 ementitur.
1730 4272 1747 4303 ιν
1769 4251 1833 4306 Et
1859 4254 1912 4306 in
1948 4251 2132 4305 Diario
2165 4249 2356 4305 Italico
2373 4250 2445 4320 (6)
2475 4266 2761 4305 recensens
2785 4251 2998 4305 codices
3021 4266 3049 4304 a
3082 4267 3138 4305 se
3167 4252 3217 4303 in
3249 4249 3446 4317 biblio-

219 4352 381 4405 theca
412 4351 775 4405 Ambrosiana
807 4351 1079 4421 inspectos
1113 4367 1124 4401 :
1156 4349 1728 4403 «Animadvertendum
1758 4357 1860 4414 est,
1889 4348 2263 4418 inquit,alitnn
2287 4347 2736 4402 commentarium
2769 4347 2821 4399 in
2850 4346 2950 4400 ista
2982 4346 3322 4410 bibliotheca,
3347 4361 3445 4402 nec

219 4460 331 4499 non
363 4445 417 4497 in
445 4443 628 4499 Museo
652 4443 988 4500 Justinianeo
1016 4443 1256 4498 Venetiis
1285 4459 1591 4509 occurrere,
1620 4443 1709 4513 qui
1743 4442 2024 4496 Athanasii
2057 4457 2253 4496 nomen
2281 4444 2409 4494 item
2443 4438 2696 4508 praefert:
2728 4448 2780 4492 at
2801 4439 3083 4492 Athanasii
3123 4440 3297 4507 magni
3324 4454 3445 4495 esse

221 4535 428 4606 nequit.
464 4535 791 4591 Germanum
833 4539 978 4591 enim
1013 4539 1241 4607 singulis
1272 4536 1441 4591 ferme
1473 4537 1684 4606 paginis
1712 4535 1900 4591 tnultis
1940 4543 2062 4604 post
2091 4531 2449 4587 Athanasium
2486 4530 2698 4585 sarculis
2732 4530 3094 4598 patriarcham
3134 4528 3446 4584 Constanti-

221 4633 594 4704 nopolitanum
619 4642 973 4688 memoratum
1005 4635 1274 4688 novimus.
1299 4617 1455 4687 lsiius
1483 4632 1696 4685 initium
1721 4639 1803 4685 est
1828 4646 1840 4680 :
1863 4629 2146 4699 Μακάριος
2179 4627 2368 4698 ἁνήρ,ι
2399 4634 2501 4680 etc.
2530 4624 2594 4678 Et
2626 4623 2678 4676 in
2707 4623 2893 4677 eodem
2915 4621 3352 4691 Diariorloquens
3378 4622 3444 4677 de

219 4727 521 4781 bibiotltcca
547 4725 880 4804 iustinianea
911 4728 984 4781 ait
1010 4743 1023 4778 :
1060 4727 1254 4780 «Adest
1275 4741 1489 4795 quoque
1514 4725 1941 4780 commentarius
1967 4721 2247 4776 Athanasii
2281 4722 2336 4774 in
2367 4718 2626 4784 Psalmos,
2649 4721 2806 4788 cujus
2831 4718 3080 4787 scriptor,
3101 4718 3180 4771 vel
3205 4716 3446 4771 Athana-

219 4824 360 4876 sium
392 4821 715 4888 ementitur,
752 4824 834 4877 vel
865 4823 1004 4878 alius
1034 4821 1320 4893 ὁμώνυμος
1354 4831 1436 4875 est
1465 4821 1654 4875 titulus
1685 4837 1696 4871 :
1732 4819 1848 4872 Βίό)

1810 4821 1916 4883 ὅλος
1949 4817 2042 4871 τοῦ
2080 4817 2527 4888 προρητάνακτος
2561 4814 2741 4875 Aemo,
2772 4812 2864 4864 καὶ
2899 4810 3040 4863 θείου
3073 4809 3439 4879 ὑμνογρᾶφου,

219 4913 376 4967 Liber
427 4916 685 4982 prop/ietw
723 4917 876 4984 regis,
925 4931 986 4968 ac
1024 4913 1187 4966 divini
1220 4916 1527 4982 hymnorum
1554 4913 1823 4982 scriptoris

1813 4930 1823 4965 ι
1853 4911 2086 4964 Davidis.
2125 4909 2253 4965 Post
2285 4912 2396 4964 haec
2425 4926 2437 4960 :
2481 4908 2768 4979 Ἐξὴγησις
2806 4903 2898 4956 τοῦ
2941 4906 2996 4956 ὲν
3025 4903 3197 4970 ἁγίοις
3232 4901 3442 4972 Πατρὸς

217 5003 377 5075 ἡμῶν
435 5005 776 5058 Ἀθανασὶου·
831 5004 1106 5075 Expositio
1148 5004 1204 5059 S.
1231 5005 1412 5060 Patris
1459 5007 1622 5059 nostri
1660 5004 1957 5058 Athanasii.
2003 5001 2144 5056 Idem
2194 5001 2613 5056 commentarius
2655 5008 2768 5063 est,
2800 5007 2959 5066 atque
3005 4998 3091 5049 ille
3134 4996 3200 5049 de
3229 5011 3336 5064 quo
3387 4995 3442 5048 in

219 5095 578 5150 Ambrosiana
606 5112 787 5166 supra.
805 5116 822 5147 ι
851 5095 1192 5167 thuoniam
1215 5098 1318 5150 erit
1346 5095 1573 5150 fortasse
1599 5096 1795 5164 aliquis
1819 5111 1999 5149 rerum
2024 5092 2508 5147 ecclesiasticarum
2535 5089 2829 5149 studiosus,
2848 5087 2938 5156 qui
2968 5085 3440 5148 commentarium,

221 5185 378 5255 cujus
411 5186 546 5242 locis
576 5202 736 5256 supra
775 5188 1004 5244 laudatis
1048 5185 1304 5243 tneminit
1338 5186 1772 5242 Montfauconius
1793 5225 1807 5250 ,
1851 5186 1895 5240 si
1940 5200 2046 5239 n0n
2100 5193 2306 5246 totum,
2343 5189 2487 5236 certe
2513 5197 2575 5236 ex
2609 5193 2759 5248 parte
2791 5182 3053 5252 inspicere
3076 5180 3440 5246 desiderabit;

220 5277 364 5333 haud
398 5280 662 5350 ingratam
691 5297 777 5336 me
821 5283 1011 5338 lectori
1041 5281 1462 5338 rem.facturum
1490 5283 1716 5348 credidi,
1749 5291 1808 5335 ut
1838 5295 1992 5336 suam
2024 5280 2090 5334 de
2120 5296 2186 5333 co
2218 5274 2542 5333 sententiam
2572 5287 2739 5333 tutius
2773 5277 2915 5332 ferre
2945 5276 3134 5347 possit,
3165 5275 3210 5329 si
3244 5290 3307 5330 ex
3343 5289 3439 5328 eo-

219 5371 343 5425 dem
377 5374 769 5429 eommentario
801 5379 1195 5446 expositionem
1225 5379 1279 5433 in
1307 5376 1545 5447 primum
1579 5377 1636 5432 S.
1674 5377 1817 5445 regis
1847 5375 2068 5430 Davidis
2104 5376 2370 5444 psalmum
2409 5376 2510 5429 hoc
2540 5374 2659 5429 loco
2680 5372 3058 5443 ascripserim;
3081 5384 3198 5424 eam
3222 5369 3437 5438 quidem

217 5468 476 5538 scriptam
511 5468 689 5524 inveni
720 5471 770 5524 in
804 5473 1006 5543 pagella
1037 5475 1242 5528 inserta
1275 5474 1328 5527 in
1359 5481 1609 5528 nostrum
1639 5473 1903 5536 codicem,
1927 5481 1980 5526 et
2010 5472 2233 5526 minime
2252 5487 2375 5525 cum
2400 5471 2520 5524 aliis
2546 5468 2750 5524 codicis
2779 5467 2987 5538 paginis
3015 5471 3200 5520 assuta
3233 5471 3287 5518 et
3309 5478 3443 5518 con-

217 5563 502 5630 glutinata.
537 5565 688 5628 Quod
720 5583 784 5622 eo
817 5569 1068 5624 libentius
1103 5571 1264 5631 facio,
1302 5569 1429 5640 quia
1463 5569 1515 5622 in
1547 5571 1904 5639 expositione,
1951 5587 2112 5639 quam
2151 5570 2204 5623 in
2234 5569 2509 5639 publicum
2539 5568 2697 5624 edere
2727 5565 2910 5632 statui,
2941 5579 3132 5620 manca
3161 5572 3244 5619 est
3277 5562 3443 5618 inter-

217 5658 449 5726 pretatio
483 5660 643 5728 primi
679 5664 891 5732 psalmi.
922 5663 1107 5735 Itaque
1137 5665 1282 5719 illius
1316 5665 1435 5719 loco
1462 5667 1820 5736 supplementi
1847 5666 1960 5722 vice
1992 5667 2105 5721 haec,
2135 5666 2255 5730 erit,
2284 5681 2404 5734 qua:
2429 5664 2552 5720 talis
2583 5671 2685 5719 cst.

392 5814 532 5897 Lib.
555 5833 592 5897 Iv
615 5816 756 5872 Bibl.
788 5821 982 5897 Grca,
1019 5841 1135 5897 pag.
1163 5826 1270 5880 504
1303 5825 1428 5896 (vet.
1460 5825 1630 5895 edit.).

284 5883 360 5955 (ὃ)
387 5886 520 5954 Cap.
551 5887 608 5947 2,
638 5902 756 5957 pag.
803 5893 882 5946 12.
