4126 6480
198 401 295 459 805
865 405 955 461 DE
995 405 1270 464 TITULIS
1308 407 1761 465 PSALMORUM.
1803 441 1876 451 —
1913 404 2305 465 ANTONELLI
2338 402 2727 461 PREFATIO.
3342 396 3443 449 606

193 522 605 591 exscripsimus.
638 523 838 596 Estque
863 529 1033 583 codex
1066 531 1151 585 ille
1182 545 1371 586 recens
1397 531 1464 585 ab
1492 531 1791 602 antiquiori
1826 529 2154 586 Seorialensi
2181 530 2525 599 desumptus.
2560 526 2693 581 Nam
2724 534 2785 581 ut
2810 524 2864 579 in
2894 522 3175 579 Athanasii
3210 520 3376 580 edito,
3409 533 3437 570 a

194 613 347 668 nobis
379 614 520 669 haud
570 616 644 670 ita
699 617 907 688 pridem
950 617 1235 685 adornato,
1283 620 1619 686 monuimus,
1662 620 2030 691 expositiones
2058 621 2161 675 illa:
2203 619 2483 674 Athanasii
2514 634 2621 674 non
2651 617 2904 672 omnibus
2935 616 3049 671 suis
3087 610 3357 691 partibus,
3387 618 3440 662 ει

192 704 437 757 numeris
466 704 732 761 absolutae
757 717 906 774 sunt,
947 709 1040 763 sed
1070 711 1484 765 atnanuensium
1514 711 1742 766 ausibus
1772 716 1973 781 passim
2004 721 2283 773 truncata,
2313 723 2365 767 et
2395 713 2445 765 in
2481 711 2858 781 compendium
2888 709 3116 762 redactae
3146 724 3159 759 :
3188 702 3436 773 quaedam

192 794 354 847 etiam
387 811 454 849 ex
488 799 696 853 catenis
726 808 919 855 erutae.
953 797 1095 853 Nihil
1135 818 1319 855 moror
1366 803 1684 872 scriptorem
1715 819 2023 872 nuperum,
2073 804 2166 874 qui
2196 804 2565 873 expositiones
2615 803 2733 858 illas
2781 803 2836 854 in
2886 800 3123 853 Psalmos
3169 811 3276 850 non
3316 805 3436 847 esse

190 886 476 944 Athanasii
506 907 847 962 praepropere
872 898 1281 963 pronuntiavit;
1312 899 1403 952 sed
1440 900 1588 953 nulla
1614 900 1792 954 oblata
1826 901 2054 970 negandi
2083 902 2311 956 ratione.
2341 899 2483 953 Nihil
2526 900 2613 952 ille
2647 896 2877 959 curavit,
2915 895 3025 947 imo
3061 892 3241 963 potius
3273 888 3435 943 dissi-

191 980 446 1043 mulavit,
484 982 585 1036 hoc
618 985 820 1053 operis,
855 987 1111 1041 omnibus
1143 997 1263 1058 post
1293 989 1651 1046 Athanasium
1678 992 1913 1057 saeculis,
1944 993 2227 1047 Athanasii
2260 995 2502 1054 nomine,
2533 991 2710 1045 allatis
2736 990 3052 1059 plerumque
3095 984 3251 1046 locis,
3286 990 3343 1035 ut
3378 980 3431 1034 in

192 1074 460 1130 hodierno
485 1080 877 1134 commentario
905 1092 1141 1146 exstant,
1179 1098 1208 1137 a
1241 1084 1515 1154 plerisque
1549 1087 1906 1156 scriptoribus
1957 1087 2248 1141 memorari
2284 1105 2296 1139 :
2327 1086 2462 1142 nihil
2493 1085 2661 1138 movit
2698 1082 2928 1138 afﬁnitas
2974 1080 3117 1151 styli,
3163 1079 3433 1147 verbaque

192 1163 500 1237 frequentia
532 1168 892 1225 Athanasiani
920 1189 1071 1236 usus,
1104 1176 1236 1229 nihil
1270 1178 1542 1243 codicum,
1575 1179 1715 1233 unde
1738 1179 2077 1247 prodierunt,
2110 1188 2388 1244 vetustas;
2421 1193 2539 1243 quae
2568 1190 2697 1230 sane
2732 1182 2985 1229 accurato
3012 1170 3248 1231 censori,
3281 1176 3434 1221 ante-

189 1270 354 1323 quam
384 1258 704 1312 sententiatn
749 1259 931 1328 ferret,
980 1265 1123 1318 serio
1152 1275 1306 1320 erant
1353 1269 1692 1324 excutienda.
1739 1268 1934 1324 Verum
1980 1271 2069 1323 ille
2100 1272 2275 1324 nasuti
2307 1286 2365 1324 se
2408 1268 2579 1322 Cl‘llICI
2616 1277 2790 1336 partes
2815 1266 2989 1334 egisse
3019 1262 3257 1331 putavit,
3284 1276 3430 1321 cum.

190 1350 361 1404 missa
401 1351 707 1421 importuna
757 1355 845 1408 illa
891 1356 1246 1429 investigandi
1278 1370 1333 1415 et
1361 1362 1697 1433 disquireutli
1747 1380 1932 1434 opera,
1979 1366 2355 1420 incunctanter
2383 1365 2786 1434 pronuntiavit:
2817 1359 2937 1413 Non
2966 1368 3086 1414 sunt
3121 1356 3432 1418 Athanasii;

191 1448 279 1500 cui
311 1463 411 1503 nos
446 1451 558 1517 pari
592 1450 848 1506 facilitate
882 1456 1195 1523 reponimus
1226 1475 1239 1510 :
1268 1457 1399 1511 Sunt
1438 1463 1755 1524 Athanasii;
1800 1478 1829 1515 a
1857 1478 1962 1531 qua
1993 1478 2047 1514 re
2072 1464 2250 1516 denuo
2282 1461 2683 1530 comprobanda
2712 1473 2811 1511 nos
2838 1454 3106 1519 exemisti,
3136 1453 3263 1508 dum
3299 1449 3432 1503 nihil

197 1538 391 1603 affers,
422 1556 529 1608 quo
563 1550 637 1595 tot
668 1543 991 1612 scriptorum
1027 1546 1355 1612 testimonia,
1389 1558 1571 1619 totque
1599 1553 1701 1605 alia
1742 1554 2091 1623 γντμςιὸτητος
2137 1562 2451 1621 argumenta
2480 1552 2771 1606 convcllas.
2800 1548 2968 1601 Nemo
2994 1562 3124 1599 sane
3155 1543 3312 1616 pobis
3352 1541 3435 1594 di-

191 1642 310 1680 cant
342 1628 638 1700 impingat,
674 1634 817 1701 quod
853 1652 917 1688 ex
948 1636 1134 1690 affecta
1186 1640 1265 1692 vel
1303 1641 1650 1709 praejndicata
1686 1645 1942 1713 opinione
1973 1646 2157 1713 spuria
2192 1647 2273 1698 vel
2306 1644 2469 1698 dubia
2503 1658 2666 1712 opera
2695 1657 2791 1711 pro
2826 1639 3100 1709 germanis
3130 1648 3181 1690 et
3210 1633 3433 1688 assertis

188 1718 532 1785 dederimus;
564 1738 685 1775 nam
729 1740 824 1793 pro
853 1728 1015 1788 virili,
1052 1738 1104 1780 ct
1140 1740 1198 1782 ut
1228 1732 1366 1800 aequi
1404 1735 1539 1789 ratio
1569 1737 1816 1805 pestulab

1802 1746 1895 1800 κη,
1928 1736 2136 1800 νοθείας
2156 1776 2170 1797 ,
2207 1736 2288 1788 vel
2315 1736 2666 1804 γνησιότητος
2698 1740 2851 1785 notas
2876 1729 3181 1798 quibusque
3216 1723 3431 1793 praerni-

189 1816 383 1869 simus.
410 1818 489 1873 Ac
521 1818 641 1872 licet
678 1823 875 1893 cuique
908 1825 1136 1880 liberum
1169 1834 1447 1886 sententia
1474 1834 1760 1887 aduersum
1797 1850 1897 1889 nos
1930 1834 2162 1888 ferendae
2197 1832 2481 1886 arbittium
2516 1832 2824 1888 mittamus,
2864 1827 2907 1880 si
2940 1826 3061 1893 quis
3087 1834 3263 1875 tamen
3298 1818 3434 1871 hanc

189 1909 530 1975 prOvinciatn
564 1911 739 1980 adeat,
775 1918 988 1971 nonnisi
1019 1922 1264 1977 excussis
1296 1927 1651 1992 argumentis,
1687 1936 1741 1981 et
1788 1928 1950 1989 notis,
1980 1913 2117 1997 quas
2147 1942 2240 1995 pro
2269 1926 2522 1980 facultate
2558 1922 2875 1976 tractatibus
2908 1916 3135 1987 singulis
3163 1910 3431 1985 pt'aetttisi-

190 2020 333 2069 tuus,
356 2006 559 2074 juilicis
586 2019 639 2063 et
672 2013 916 2067 censoris
952 2026 1134 2082 partes
1169 2030 1417 2089 occupet.
1456 2041 1473 2072 )

263 2099 371 2156 ΠΙ.
414 2102 609 2158 Postea
644 2122 772 2161 vero
806 2112 1133 2166 severiorem
1170 2131 1454 2170 censuram
1505 2120 1556 2171 in
1607 2121 2054 2175 commentarium
2099 2137 2254 2188 super
2294 2118 2557 2178 Psalmos,
2601 2123 2653 2169 ct
2702 2114 2753 2167 in
2804 2108 2906 2162 alia
2940 2119 3101 2173 opera
3131 2103 3183 2155 in
3220 2114 3431 2154 sacram

191 2189 531 2263 Scripturatn
563 2196 847 2253 Athanasii
899 2206 1121 2257 nomine
1158 2220 1187 2257 a
1229 2204 1332 2260 PP.
1364 2207 1725 2264 Bcnedictinis
1759 2227 1851 2264 seu
1888 2211 1943 2265 P.
1980 2211 2363 2266 Montfaucono
2405 2210 2547 2264 edita
2594 2206 2717 2260 tulit
2761 2198 3063 2255 Casimirus
3093 2192 3341 2248 OlItIIltllS
3378 2190 3431 2243 in

193 2283 343 2340 hanc
373 2286 593 2342 modum
633 2292 709 2358 (9)
739 2311 749 2345 :
786 2312 803 2343 ‹
835 2292 969 2358 Quis
1014 2297 1198 2351 credat
1235 2315 1471 2369 unquam
1512 2318 1766 2372 magnum
1795 2304 2174 2368 Athanasium,
2209 2305 2260 2356 in
2296 2304 2441 2356 omni
2472 2302 2577 2353 vita
2615 2306 2693 2351 tot
2729 2291 2955 2349 exsiliis,
2991 2287 3133 2356 fugis
3164 2292 3216 2337 et
3248 2298 3432 2352 persc-

193 2380 509 2437 cutionibtts
540 2386 801 2454 agitatum
830 2428 845 2451 ,
884 2398 1093 2443 tantum
1129 2392 1383 2448 habuisse
1417 2395 1514 2449 otii
1540 2433 1556 2458 ,
1594 2406 1650 2451 ut
1682 2398 2102 2451 commentarios
2138 2398 2190 2449 in
2236 2394 2502 2455 Psalmos,
2535 2390 2750 2446 .lobum,
2809 2381 3054 2439 Cantica,
3088 2374 3433 2445 Εγίιηίόείίιωι

189 2472 450 2540 Matthaei,
486 2487 539 2531 et
568 2479 743 2542 Lucae,
776 2481 1076 2551 Epistolam
1112 2488 1178 2540 ad
1228 2486 1515 2553 Hebraeos,
1548 2498 1601 2545 ct
1627 2493 2017 2560 expositionem
2062 2494 2114 2546 itt
2161 2490 2473 2563 Symbolum
2523 2484 2818 2539 scriberet?
2856 2480 2992 2533 Sunt
3022 2477 3136 2530 hac
3173 2489 3348 2543 nugae,
3382 2480 3437 2527 et

189 2578 500 2622 Commenta
526 2573 846 2627 recentioris
865 2572 1086 2629 Graeciaa
1116 2576 1359 2645 antiquis
1386 2580 1662 2649 incognita
1696 2584 2075 2652 scriptoribus,
2102 2600 2331 2653 quorum
2362 2580 2546 2635 nullus
2571 2587 2810 2630 veterum
2838 2570 3164 2626 mentionem
3195 2577 3433 2633 unquattt

194 2652 345 2747 fecit.
380 2657 547 2713 Miror
577 2659 955 2719 Bcnedictinos
988 2666 1286 2723 monachos
1313 2669 1383 2722 ita
1415 2685 1610 2735 pueros
1648 2671 1837 2737 fuisse,
1868 2684 1926 2729 ut
1956 2652 2224 2742 excerptis
2266 2674 2382 2728 istis
2413 2684 2467 2726 et
2492 2667 2899 2727 commentariis
2930 2663 3217 2719 adhibeant
3253 2658 3435 2717 Iidem,

191 2748 357 2805 dubio
384 2756 594 2823 procul,
624 2766 685 2811 ut
730 2760 785 2813 in
828 2759 932 2814 hac
965 2774 1102 2812 nova
1138 2774 1233 2813 sna
1282 2761 1539 2827 editione,
1570 2779 1771 2820 novum
1815 2767 2015 2837 aliquid
2038 2809 2052 2832 ,
2088 2768 2213 2822 licet
2245 2768 2437 2822 falsum
2485 2767 2665 2835 magni
2698 2757 2976 2814 Athanasii
3010 2752 3330 2825 produxisse
3356 2748 3439 2805 vi-

190 2842 447 2901 deantur.
477 2848 915 2906 Commentarius
942 2852 995 2904 in
1022 2850 1268 2905 Psalmos
1297 2854 1522 2909 eductus
1545 2872 1610 2910 ex
1637 2860 1921 2914 recentiori
1955 2860 2291 2915 bibliothecae
2322 2859 2694 2913 Ambrosinus:
2717 2856 2921 2916 codice,
2950 2853 3042 2921 qui
3072 2859 3435 2903 trecentorum

189 2954 464 2995 annorum
494 2958 602 2997 non
634 2954 737 3010 est,
772 2946 973 3016 quique
1020 2950 1221 3002 rectius
1248 2951 1419 3006 multo
1448 2952 1520 3007 ob
1549 2954 1752 3009 codicis
1797 2957 2089 3011 novitatem
2131 2957 2434 3010 Athanasio
2487 2952 2805 3024 patriarchae
2837 2941 3439 3010 Constantinopolitano

194 3034 555 3100 tribueretur,
588 3039 679 3108 qui
715 3040 817 3094 sub
850 3040 1163 3098 Andronico
1193 3046 1408 3099 seniore
1436 3046 1581 3101 circa
1625 3063 1827 3102 annum
1862 3050 1998 3105 i300
2050 3049 2265 3114 ﬂoruit,
2294 3050 2453 3119 cujus
2487 3057 2699 3104 aetatem
2737 3046 2918 3100 refert.
2972 3043 3084 3096 lmo
3126 3040 3257 3093 alter
3290 3053 3441 3092 com-

194 3129 501 3184 mentarius
532 3131 587 3182 in
611 3130 853 3186 Psalmos
898 3134 949 3187 in
980 3136 1166 3190 eadem
1218 3138 1545 3194 bibliotheca
1576 3141 1735 3212 longe
1762 3143 2024 3212 prolixior
2056 3142 2157 3196 sub
2196 3142 2477 3196 Athanasii
2509 3141 2751 3210 ejusdem
2781 3139 3021 3201 nomine,
3053 3150 3213 3205 quem
3260 3141 3437 3184 tamen

197 3218 373 3289 ipsius
402 3236 511 3275 non
542 3238 663 3277 esse
707 3224 966 3281 evincunt
990 3228 1282 3284 citationes
1315 3229 1538 3285 Patrum
1568 3234 1870 3289 Athanasio
1907 3234 2295 3301 recentiorum,
2335 3235 2411 3288 uti
2448 3232 2645 3288 fatetur
2675 3234 2788 3301 ipse
2819 3228 3127 3283 Bernardus
3160 3226 3227 3279 de
3257 3220 3440 3275 Mont-

193 3312 449 3368 fauconio
486 3316 540 3369 in
593 3316 781 3372 Diario
809 3318 1023 3385 Italico,
1056 3337 1176 3392 cap.
1209 3323 1263 3385 2,
1298 3339 1415 3393 pag.
1458 3324 1546 3390 12,
1578 3326 1667 3380 ubi
1694 3326 2024 3381 Germanum
2059 3328 2245 3381 multis
2277 3336 2395 3396 post
2438 3324 2796 3379 Athanasium
2834 3319 3046 3375 saeculis
3073 3314 3439 3387 patriarchatn

190 3403 857 3478 Constantinopolitanum
895 3424 1255 3469 memoratum
1305 3416 1487 3471 refert.
1526 3438 1543 3468 ι
1575 3416 1700 3473 Haec
1726 3420 1968 3474 convicia
2002 3420 2181 3489 potius
2222 3434 2385 3490 quam
2436 3426 2722 3473 censuram
2766 3413 2960 3469 acriori
3002 3407 3282 3466 stomacho
3310 3420 3442 3460 evo-

194 3499 332 3553 muit
363 3500 445 3552 vir
473 3515 503 3552 a
531 3500 808 3556 catholicae
856 3505 1136 3574 religionis
1170 3509 1366 3563 castris
1403 3510 1684 3581 transfuga
1715 3522 1768 3565 et
1799 3512 2032 3575 rebellis,
2080 3512 2236 3581 cujus
2285 3511 2590 3566 refellenda:
2620 3509 2859 3565 audacia:
2888 3505 3219 3575 provinciam
3272 3499 3443 3553 Bene-

197 3589 419 3642 dictinis
449 3588 698 3646 Patribus
728 3592 998 3663 relinquo.
1030 3593 1225 3650 Verum
1255 3598 1385 3653 illud
1412 3604 1928 3669 praetermittendum
1957 3619 2065 3658 non
2096 3613 2199 3668 est,
2227 3604 2370 3671 quod
2392 3603 2641 3672 superius
2671 3600 2927 3655 admonui
2976 3619 2990 3653 :
3024 3594 3445 3651 commentarios

196 3682 252 3733 in
291 3681 535 3737 Psalmos
568 3684 850 3741 Athanasii
885 3689 1108 3744 nomine
1141 3691 1209 3745 ab
1241 3692 1375 3763 ipsis
1401 3695 1576 3751 editos
1603 3698 1670 3751 ad
1714 3714 1967 3768 magnum
2005 3699 2362 3755 Athanasium
2396 3715 2502 3754 non
2541 3698 2832 3767 pertinere,
2868 3709 2973 3747 non
3004 3692 3123 3761 ejus
3160 3689 3321 3743 unius
3351 3686 3445 3756 ju-

198 3772 404 3827 dicium
432 3783 545 3841 est,
579 3776 674 3831 sed
701 3778 931 3836 aliorum
962 3783 1126 3838 etiam
1169 3784 1451 3842 doctorum
1484 3788 1749 3855 virorum,
1799 3792 1893 3861 qui
1928 3791 1981 3845 in
2014 3792 2257 3862 legendis
2302 3792 2636 3845 sanctissimi
2681 3783 3070 3855 archiepiscopi
3102 3781 3442 3847 aliorumque

198 3874 446 3919 veterum
482 3863 703 3921 Patrum
749 3871 1009 3940 operibus
1042 3877 1241 3930 versati
1274 3888 1419 3933 sunt.
1456 3878 1836 3937 Tillemontius
1856 3922 1871 3946 ,
1902 3892 1959 3937 ut
2004 3884 2140 3937 alios
2170 3884 2415 3937 omittam
2436 3924 2450 3948 ,
2481 3884 2561 3934 vir
2591 3879 2883 3953 singularis
2911 3871 3255 3930 eruditionis,
3301 3870 3445 3921 :illir-

199 3965 314 4010 mat
345 3958 477 4029 (10),
512 3974 571 4013 se
599 3959 653 4013 in
685 3966 1117 4030 commentariis,
1168 3967 1236 4023 de
1267 3970 1468 4039 quibus
1502 3974 1700 4042 agitur,
1737 3975 1916 4043 aliqua
1949 3975 2183 4029 aliorum
2219 3976 2543 4044 scriptorem
2580 3976 2692 4029 loca
2722 4014 2737 4038 ,
2778 3984 2939 4038 quam
2994 3960 3315 4024 Athanasii,
3358 3970 3445 4025 cui

196 4046 541 4116 tribuuntur,
576 4049 917 4107 observasse.
955 4051 1061 4109 Sed
1089 4058 1352 4115 hactenus
1376 4059 1443 4114 de
1464 4063 1874 4117 commentariis
1907 4078 2059 4131 super
2080 4063 2326 4118 Pralmos
2352 4079 2383 4119 a
2411 4062 2515 4117 PP.
2554 4061 2911 4119 Bcnedictinis
2945 4062 2997 4114 in
3035 4059 3306 4130 publicam
3340 4055 3445 4109 uti-

201 4141 415 4196 litatem
453 4141 750 4213 evulgatis;
785 4159 931 4200 nunc
955 4145 1021 4201 de
1048 4146 1259 4205 Slavica
1284 4166 1380 4207 seu
1409 4151 1619 4225 Illyrica
1642 4152 1982 4209 Psalmorum
2013 4156 2478 4226 interpretatione,
2509 4156 2562 4212 in
2585 4171 2692 4226 qua
2722 4154 2908 4209 itidem
2940 4150 3223 4206 Athanasii
3248 4162 3446 4203 nomen

203 4232 534 4303 inscriptum
572 4236 832 4304 occurrit,
871 4238 1078 4309 aliquid
1110 4240 1245 4295 ntihi
1274 4243 1563 4299 dicendum
1601 4254 1869 4315 superest.

280 4326 412 4382 VIII.
458 4328 687 4386 Exhibet
718 4332 772 4387 in
805 4348 905 4389 suo
936 4334 1123 4390 Diario
1156 4334 1354 4392 Italico
1389 4339 1503 4409 (Η)
1531 4340 1665 4396 clar.
1693 4341 1775 4395 vir
1800 4340 1958 4397 Pater
1988 4340 2299 4398 Bernartius
2327 4341 2675 4396 Montfaucon
2708 4348 2893 4395 notam
2928 4335 3175 4393 codicum
3210 4328 3448 4387 ςωιιοιὴἱ

206 4420 611 4475 Canonicorum
644 4422 997 4493 liegularium
1031 4424 1089 4481 S.
1128 4425 1446 4485 Salvatoris.
1483 4429 1629 4487 Inter
1658 4442 1885 4489 caeteros
1918 4442 2099 4489 autem
2132 4436 2582 4490 commentarium
2610 4437 2663 4489 in
2695 4434 2942 4491 Psolmos
2969 4426 3140 4483 Sallcli
3166 4422 3448 4477 Αῑιιθιιόελί

207 4511 423 4568 Slavica
458 4515 643 4586 lingua
677 4518 940 4587 scriptum
980 4519 1065 4576 his
1096 4522 1276 4578 verbis
1308 4524 1594 4580 enuntiat:
1632 4544 1650 4576 ‹
1682 4523 1863 4581 Codex
1912 4541 2020 4581 non
2069 4527 2387 4597 spernendae
2420 4530 2739 4595 vetustatis,
2775 4531 2831 4585 in
2879 4542 2987 4598 quo
3020 4526 3212 4596 psalmi
3258 4524 3451 4577 chara-

203 4623 351 4669 ctere
381 4612 617 4672 Slavica.
652 4634 669 4669 υ
704 4614 761 4670 In
790 4618 1163 4675 admonitione
1192 4629 1398 4688 autem,
1424 4636 1545 4692 quae
1570 4621 1914 4692 praemittitur
1940 4620 2276 4678 Exnositioni
2300 4622 2635 4677 Psalmarum
2662 4625 2834 4679 sancti
2866 4619 3171 4683 Athanasii,
3199 4632 3364 4687 quam
3394 4614 3448 4668 in

203 4720 359 4781 parte
388 4711 624 4766 secunda
656 4712 789 4768 tomi
825 4714 986 4784 primi
1017 4730 1242 4787 operum
1268 4716 1516 4787 ejusdem
1551 4719 1882 4774 sanctissimi
1916 4717 2163 4775 Doctoris
2198 4720 2312 4789 ipse
2352 4720 2541 4783 edidit,
2575 4720 2699 4774 talia
2728 4721 3030 4775 habentur:
3074 4735 3091 4765 ι
3123 4712 3310 4769 Narrat
3345 4710 3451 4765 Ga—

207 4808 345 4863 briel
378 4807 703 4876 Grodccius,
735 4809 1125 4881 Dantzicanus,
1175 4814 1452 4883 professor
1482 4813 1759 4870 Hebraicae
1808 4815 2003 4888 linguae
2036 4815 2089 4869 in
2124 4816 2403 4870 academia
2433 4814 2686 4885 Lipsiana
2709 4859 2724 4881 ,
2759 4818 2839 4868 vir
2867 4813 3083 4873 doctus,
3118 4824 3183 4862 ac
3214 4805 3449 4861 necessi—

204 4900 397 4957 tudine
428 4902 563 4956 mihi
610 4901 963 4972 conjunctus,
991 4912 1207 4960 exstare
1239 4906 1293 4959 in
1326 4905 1652 4960 bibliotheca
1696 4904 1754 4960 S.
1791 4906 2090 4961 Salvatoris
2117 4906 2473 4961 Bononiensis
2506 4907 2558 4960 in
2594 4907 2780 4962 codice
2805 4904 3124 4974 perantiquo
3155 4897 3450 4968 expositio.

208 5010 335 5049 nem
367 4992 648 5048 Athanasii
674 4996 727 5047 in
756 4992 999 5048 Psalmos
1027 4992 1284 5050 Serviano
1318 4995 1524 5067 lingua,
1550 5012 1671 5067 quae
1700 5006 1783 5051 cst
1819 4996 2031 5051 Slavica
2058 4997 2348 5061 dialectus,
2382 5007 2509 5050 sunt
2539 5008 2715 5050 autem
2744 4996 2913 5050 Servii
2941 4995 3123 5066 Mysiae
3143 4991 3446 5062 superioris

208 5085 419 5157 populi,
458 5100 557 5140 nec
586 5085 802 5157 ambigo
836 5101 898 5139 ex
946 5087 1030 5141 his
1060 5088 1262 5143 nostris
1294 5088 1724 5157 expositionibus
1758 5087 1969 5143 Slavice
1994 5104 2210 5144 versam
2241 5087 2429 5143 fuisse.
2466 5108 2486 5139 ο
2518 5087 2622 5141 Sed
2670 5085 2875 5143 fallitur
2916 5090 2997 5140 vir
3023 5086 3270 5140 eruditus
3303 5102 3316 5137 :
3350 5083 3451 5137 iste

209 5181 360 5237 enim
391 5182 822 5238 commentarius
852 5179 1063 5238 Slavica
1093 5200 1185 5238 seu
1222 5182 1453 5257 Illyrica,
1484 5202 1589 5241 non
1620 5194 1799 5240 autem
1836 5183 2095 5241 Serviaea
2120 5187 2305 5258 lingua
2337 5186 2572 5256 scriptus
2600 5194 2719 5251 est;
2759 5195 2932 5252 neque
2968 5188 3051 5233 est
3091 5179 3145 5232 in
3179 5175 3448 5231 Slavicam

209 5274 507 5331 dialectum
544 5274 839 5330 translatus
870 5291 936 5330 ex
980 5273 1185 5329 Graecis
1215 5276 1662 5345 expositionibus,
1698 5288 1837 5346 quas
1880 5274 1996 5345 ipse
2044 5276 2185 5331 inter
2218 5291 2379 5346 opera
2421 5275 2478 5330 S.
2505 5275 2788 5332 Athanasii
2832 5272 3031 5337 edidit,
3063 5270 3156 5327 sed
3202 5268 3341 5323 idem
3370 5275 3452 5320 cst

212 5389 278 5428 ac
307 5372 400 5427 ille
428 5372 522 5443 qui
556 5371 760 5427 Graecis
788 5370 982 5428 litteris
1011 5386 1075 5426 ac
1109 5367 1287 5424 verbis
1331 5370 1565 5439 scriptus
1602 5376 1655 5423 et
1692 5369 2033 5437 compositus
2058 5366 2300 5424 Venetiis
2332 5368 2384 5422 in
2418 5366 2753 5422 Justinianea
2778 5408 2792 5433 ,
2827 5375 2882 5419 et
2910 5362 3195 5419 Mediolani
3241 5360 3294 5412 in
3323 5358 3451 5412 Am-

210 5465 474 5522 brosiana
504 5464 831 5520 bibliotheca
865 5464 1149 5533 reperitur,
1182 5470 1235 5516 et
1264 5476 1460 5530 quem,
1491 5469 1547 5515 ιιι
1579 5461 1740 5529 paulo
1775 5471 1899 5515 ante
1924 5461 2059 5523 dixi,
2094 5476 2201 5515 non
2226 5474 2347 5516 esse
2372 5459 2677 5521 Athanasii,
2715 5456 2777 5513 P.
2812 5454 3158 5511 Montfaucon
3195 5449 3448 5504 aﬂirmat.

212 5559 481 5633 Equidem
507 5558 670 5628 hujus
699 5555 1073 5613 commentarii
1108 5554 1344 5617 initittm,
1385 5568 1576 5622 nempe
1620 5553 1925 5606 orationem
1974 5567 2096 5622 qua
2148 5552 2543 5607 commentario
2572 5550 2927 5621 praeponitur,
2966 5556 3019 5604 et
3048 5543 3447 5615 expositionem

285 5677 607 5752 (inﬁciunt.
645 5678 709 5731 de
731 5676 920 5752 script.
947 5672 1116 5752 E_ct_:_l_.,
1139 5682 1270 5728 tom.
1301 5670 1498 5752 haec.
1531 5685 1605 5737 tv,
1637 5687 1686 5727 c.
1717 5669 1771 5735 8,
1808 5668 1952 5727 Diu.
1986 5669 2050 5728 de
2072 5686 2156 5742 op.
2188 5669 2245 5727 S.
2283 5671 2503 5737 Alliam,
2537 5684 2660 5741 pag.
2692 5668 2814 5725 384.

312 5742 400 5815 Ill)
440 5748 601 5803 Μέρη,
633 5748 785 5810 eccl.,
820 5742 950 5803 tom.
982 5742 1112 5809 VIII,
1143 5759 1262 5815 pag.
1300 5742 1423 5798 257‘.

293 5746 378 5803 ’10
440 5748 601 5803 Mem.
633 5748 785 5810 εισι..
820 5756 950 5803 tom.
982 5746 1011 5799 γ

287 5746 401 5891 illi
435 5822 570 5892 Cap.
599 5818 690 5887 27,
725 5834 844 5888 pag.
884 5817 1011 5875 407.

384 5884 391 5891 α
