4126 6518
652 435 750 491 607
1490 439 1543 494 S.
1589 441 1955 496 A'I'HANASH
1995 443 2144 498 UPP.
2188 445 2368 500 PAIIS
2408 445 2493 502 Ill.
2536 443 3036 499 -—EXI‘IGETICA.
3789 443 3897 499 608

653 570 707 608 In
741 556 976 622 primum
1023 556 1294 625 psalmum
1331 559 1494 621 dabo,
1530 577 1692 628 quam
1732 572 1923 616 nactus
1959 580 2074 616 sum
2134 575 2184 618 et
2226 581 2387 635 Opera
2423 575 2475 619 et
2521 581 2649 619 cura
2698 562 3131 619 reverendissimi
3164 563 3222 616 P.
3258 562 3468 618 abbatis
3523 561 3894 632 Migliavacca,

654 649 913 703 Canonici
945 649 1229 720 Regularis
1260 653 1471 708 ordinis
1503 654 1559 709 S.
1594 657 1920 721 Salvatoris,
1953 661 2044 728 qui
2079 662 2243 714 etiam
2285 678 2340 715 se
2381 661 2449 714 ab
2479 661 2598 715 aliis
2627 661 2902 714 audivisse
2949 659 3081 712 mihi
3138 658 3379 711 narravit
3412 675 3425 712 :
3460 656 3518 712 P.
3557 655 3898 711 Montfauco-

656 755 810 803 nam,
853 756 973 795 cum
1007 757 1103 810 per
1137 742 1437 798 Bononiam
1473 745 1572 798 iter
1600 745 1823 810 laceret,
1863 753 2176 806 monasterii
2213 751 2269 804 ὃ.
2306 752 2604 808 Salvatoris
2636 753 3016 806 bibliothecam
3048 750 3304 813 adivisse,
3338 761 3500 820 atque
3536 750 3590 803 in
3621 765 3687 803 ea
3717 750 3897 819 inspe-

657 830 758 886 ctis
788 831 1024 901 antiquis
1058 835 1342 889 codicibus
1372 839 1786 907 manuscriptis,
1835 842 2036 909 quibus
2086 841 2410 896 bibliotheca
2449 844 2537 896 illa
2593 851 2834 912 prastat,
2883 856 3005 895 cum
3055 843 3198 900 hunc
3233 844 3298 901 de
3346 862 3454 916 quo
3485 845 3667 916 agitur
3698 855 3902 899 attente

657 924 1079 990 considerasset,
1113 928 1356 982 suasisse
1394 927 1827 990 bibliotherariu,
1855 940 1912 983 ut
1940 945 2136 984 nomen
2168 931 2450 986 Athanasii
2482 933 2706 997 deleret,
2739 942 2900 1001 atque
2933 933 2984 986 in
3016 932 3192 990 fronte
3222 937 3425 991 codicis
3457 937 3759 991 ascriberet
3800 952 3900 990 no-

659 1031 780 1070 men
818 1016 873 1070 S.
909 1019 1096 1088 Cyr-illi
1132 1020 1518 1091 Alexandrini;
1552 1033 1606 1078 et
1635 1024 1851 1093 quidem
1897 1035 1953 1078 ut
1984 1026 2050 1078 ab
2080 1027 2256 1080 amico
2288 1027 2391 1080 sibi
2426 1028 2720 1082 novissime
2747 1027 3110 1098 significatum
3161 1045 3281 1083 esse
3324 1029 3621 1093 asserebat,
3659 1043 3808 1082 nunc
3848 1029 3900 1081 in

661 1125 821 1180 parva
857 1112 1076 1176 scheda,
1115 1130 1236 1179 quae
1267 1115 1316 1166 in
1344 1114 1532 1168 eodem
1582 1113 1769 1168 codice
1804 1113 2054 1176 exsistit,
2104 1113 2391 1168 recentiori
2441 1117 2754 1170 charactere
2784 1116 3042 1186 scriptum
3079 1119 3181 1186 legi
3231 1134 3424 1173 nomen
3459 1118 3517 1173 S.
3551 1118 3740 1190 Cyrilli
3792 1118 3907 1188 epi—

661 1208 1220 1276 sCOpiAlexandrini;
1275 1211 1326 1263 in
1364 1210 1601 1281 tegmine
1650 1220 1829 1263 autem
1887 1208 2095 1262 codicis
2139 1208 2318 1263 adhuc
2363 1224 2646 1264 remanere
2696 1225 2890 1265 nomen
2924 1211 3228 1266 Athanasii.
3275 1210 3387 1276 Qua
3420 1211 3484 1265 de
3520 1226 3688 1265 causa
3724 1219 3904 1264 autem

662 1304 907 1359 eruditus
934 1305 1017 1358 vir
1047 1305 1098 1359 id
1130 1305 1435 1362 faciendum
1469 1305 1765 1366 censuerit,
1793 1319 1878 1357 me
1910 1304 2058 1358 latet.
2089 1301 2273 1374 Itaque
2304 1306 2678 1375 cujuscunque
2699 1309 2942 1362 auctoris
2973 1309 3399 1363 commentarius
3436 1308 3521 1362 ille
3552 1307 3644 1373 sit,
3673 1322 3763 1362 me
3793 1322 3905 1359 rem

663 1407 871 1468 gratam
901 1401 1118 1454 curioso
1146 1400 1330 1455 lectori
1386 1398 1650 1452 facturum
1680 1397 1960 1458 existimo,
1989 1396 2033 1450 si
2070 1395 2189 1465 ejus
2229 1397 2441 1451 initium
2491 1397 2733 1469 Illyrica,
2769 1410 2823 1454 et
2850 1399 3042 1456 Latina
3084 1403 3266 1469 lingua
3320 1403 3421 1456 hoc
3454 1401 3596 1466 loco,
3643 1408 3704 1456 ut
3735 1401 3898 1471 paulo

663 1501 786 1545 ante
818 1492 1088 1560 pollicitus
1113 1508 1258 1556 sum,
1290 1491 1573 1546 exhibeam
1607 1490 1735 1560 (l2).

735 1583 841 1640 Ter
877 1597 1064 1642 sancta
1096 1587 1334 1661 Trinitas
1355 1588 1532 1661 totius
1561 1585 1747 1640 mundi
1789 1584 2015 1661 adjuvit.
2062 1585 2231 1661 et
2333 1589 2490 1651 ctari,
2530 1590 2621 1644 sed
2676 1589 2727 1643 in
2769 1590 3078 1659 cognitione
3133 1592 3472 1661 eloquiorum
3539 1593 3799 1661 gaudere,
3858 1601 3912 1647 et

665 1656 778 1725 rige
816 1673 909 1710 cor
935 1674 1112 1712 meum
1141 1660 1207 1712 ad
1262 1659 1630 1727 incipiendum
1689 1671 1812 1710 cum
1847 1656 2225 1725 intelligentia,
2334 1674 2640 1781 praparare
2686 1677 2772 1714 me
2836 1656 2900 1714 ad
2966 1656 3454 1729 facienda'opera,
3502 1656 3624 1732 quae
3667 1663 3824 1717 disco
3858 1672 3911 1716 et

667 1727 1045 1781 etliniendum
1079 1745 1216 1781 onus
1251 1730 1455 1781 bonum
1494 1744 1523 1781 a
1581 1727 1691 1780 Deo
1750 1726 1997 1781 insoirati
2069 1726 2232 1781 huius
2355 1745 2548 1781 enitor.
2624 1739 2682 1781 ut
2742 1733 2898 1781 bonis
2948 1734 3209 1781 oneribus
3271 1733 3634 1781 illuminatns-
3707 1735 3761 1781 in
3816 1742 3911 1781 tuo

667 1727 1045 1800 etliniendum
1079 1745 1216 1800 opus
1251 1726 1455 1800 bonum
1494 1744 1523 1781 a
1581 1727 1691 1780 Deo
1750 1726 1997 1800 inspirati
2069 1726 2232 1794 hujus
2334 1726 2548 1800 loquor,
2624 1739 2682 1784 ut
2742 1733 2898 1786 hortis
2948 1734 3209 1798 Operihus
3271 1726 3635 1798 illuminatus,
3707 1735 3761 1787 in
3816 1742 3912 1786 tuo

667 1797 991 1877 libri,quem
1035 1796 1260 1853 sanctus
1286 1798 1648 1878 Spiritus'per
1689 1811 1781 1878 os.
1819 1796 1986 1850 David
2021 1805 2233 1850 eructa-
2334 1796 2542 1878 judicio
2582 1802 2817 1878 dextera:
2845 1796 3016 1869 partis
3068 1804 3339 1878 particeps
3371 1802 3516 1855 fiam.
3543 1796 3784 1878 Etinunc

669 1868 766 1928 vit,
793 1865 860 1922 et'
892 1886 1053 1948 quem
1102 1865 1419 1948 aggredior_
1447 1870 1695 1922 recitare.
1754 1865 2070 1948 Agnoscens
2104 1881 2234 1920 vero
2336 1865 2498 1933 inine,
2533 1872 2778 1933 benedic,
2807 1865 2863 1925 ut
2897 1889 2962 1925 ex
2987 1865 3150 1926 corde
3173 1865 3437 1943 producto
3486 1876 3754 1945 suspirio,
3806 1876 3908 1927 lin-

672 1954 845 2020 meam
908 1939 1301 2020 ignorantiam,
1347 1939 1525 2020 adoro
1581 1947 1951 2020 tenexoraus,
1983 1945 2036 1989 et
2079 1947 2232 2020 tuum
2340 1956 2442 2009 gua
2467 1958 2691 1995 canam:

670 2007 1178 2070 auxilium’invoco,
1206 2008 1431 2062 Domine
1457 2008 1585 2063 Jesu
1637 2007 1874 2068 Christe.
1922 2008 2054 2061 doce
2084 2007 2240 2061 intel-

2342 2054 2536 2109 Beatus
2577 2059 2656 2110 vir
2684 2058 2774 2127 qui
2798 2074 2898 2110 non
2951 2057 3081 2110 abiit
3107 2058 3157 2110 in
3171 2058 3451 2112 consilium
3479 2059 3792 2129 impiorum,
3810 2066 3914 2112 etc.

672 2230 1005 2272 Ρελιτειιιωι
1046 2234 1203 2272 ωνιι)
1258 2233 1413 2273 REGIS
1459 2232 1673 2272 εΑΝρτλε
1712 2230 1984 2270 CIVIYATIS
2007 2229 2133 2268 FILII
2175 2229 2312 2269 JESSI

2372 2231 2438 2268 ΕΤ
2483 2231 2627 2268 JUDA'Z
2661 2229 2935 2269 SECUNDUI
2990 2229 3288 2271 PROGENIEI
3318 2229 3417 2270 Ριιο
3440 2227 3603 2268 PRIIO
3649 2226 3915 2269 ALLELUIA

1453 2327 1660 2366 INI'I'IUII
1689 2327 1835 2366 PBIII
1863 2325 2028 2374 LIBRI,
2065 2326 2152 2373 QUI
2176 2326 2272 2365 EST
2308 2326 2445 2364 APUD
2481 2325 2690 2366 ,ιυωεοε
2724 2326 2908 2365 ΡεΔιι.
2944 2325 2981 2364 1.

747 2428 798 2484 I.
839 2429 1035 2485 Beatus
1064 2430 1163 2496 vir,
1201 2431 1290 2501 qui
1325 2448 1428 2486 non
1455 2433 1588 2487 abiit
1617 2434 1668 2486 in
1704 2430 1992 2486 consilium
2037 2430 2230 2498 impio-

676 2516 820 2565 rum,
851 2503 975 2554 etin
1008 2503 1090 2554 via
1121 2515 1465 2571 peccatorum
1522 2519 1628 2558 non
1663 2503 1828 2566 stetit,
1879 2510 1932 2555 et
1959 2502 2011 2554 in
2043 2503 2225 2554 cathe-

676 2571 773 2626 dra
804 2573 1117 2640 pestilentiaa
1147 2590 1252 2626 non
1287 2575 1443 2628 sedit.

746 2642 799 2694 2.
840 2640 941 2696 Sed
977 2644 1026 2695 iu
1064 2645 1176 2712 lege
1201 2642 1412 2696 Domini
1446 2644 1698 2697 voluntas
1731 2642 1870 2707 ejus,
1901 2650 1955 2696 et
2011 2640 2066 2694 in
2119 2641 2234 2713 lege

678 2711 797 2780 ejus
825 2711 1169 2766 meditabitur
1190 2715 1276 2766 die
1310 2730 1372 2768 ac
1406 2726 1580 2768 nocte.

752 2783 803 2835 5.
820 2780 894 2854 _Et
913 2787 1015 2835 erit
1053 2791 1311 2851 tauquam
1345 2785 1547 2854 lignum
1569 2783 1710 2854 quod
1737 2783 2040 2852 plautatum
2066 2791 2147 2837 est
2171 2798 2256 2838 se-

684 2869 782 2922 cus
799 2852 1060 2922 decursus
1091 2869 1384 2922 aquarum:

753 2921 804 2976 4.
829 2921 982 2989 Quod
1012 2921 1246 2978 fructum
1286 2941 1444 2980 suum
1493 2924 1646 2978 dabit
1676 2924 1728 2977 in
1753 2935 1996 2992 tempore
2025 2936 2146 2976 suo.

2427 2430 2478 2485 5.
2506 2428 2569 2483 Et
2602 2429 2790 2484 folium
2827 2431 2947 2500 ejus
2978 2446 3083 2485 non
3115 2429 3319 2500 defluet
3343 2471 3356 2493 ,

2422 2501 2476 2554 6.
2508 2501 2570 2571 Et
2587 2504 2768 2555 omnia
2785 2497 3120 2571 quascunque
3137 2499 3340 2559 fecerit.
3366 2497 3832 2571 prosperabuntur
3850 2498 3918 2571 ei.

2429 2571 2478 2624 7.
2517 2569 2632 2624 Non
2687 2573 2764 2626 sic
2788 2573 2960 2641 impii,
2997 2569 3103 2626 non
3133 2574 3230 2637 sic,
3266 2571 3360 2626 sed
3409 2582 3670 2640 tanquam
3723 2569 3920 2638 pulvis,

2357 2643 2985 2713 quem_projicitveutus
3037 2659 3067 2695 a
3119 2642 3256 2697 facie
3303 2652 3478 2696 terrae.

2433 2714 2484 2766 8.
2521 2709 2660 2766 Ideo'
2682 2728 2788 2765 non
2837 2721 3119 2783 resurgent
3175 2713 3326 2781 impii
3378 2713 3434 2766 in
3479 2710 3712 2782 judicio,
3747 2724 3922 2778 neque

2367 2791 2676 2851 peccatores
2702 2783 2753 2834 in
2779 2782 3012 2836 consilio
3033 2782 3326 2851 justorum.

2452 2852 2507 2924 9.
2556 2851 2820 2924 Quoniam
2855 2857 3004 2906 novit
3059 2851 3320 2908 Dominus
3375 2852 3514 2907 viam
3542 2851 3846 2924 justorum,
3872 2859 3922 2902 et

2366 2921 2468 2975 iter
2500 2923 2786 2992 impiorum
2814 2924 3028 2992 peribit.

1493 3053 1908 3109 ATHANASII
1955 3053 2551 3110 COMMENTARIUS
2611 3054 2698 3109 IN
2758 3055 3111 3112 PSALMOS.

1195 3171 1441 3225 Psalmus
1471 3170 1638 3225 David
1691 3189 1730 3228 ι.

759 3306 810 3361 1.
849 3305 1135 3377 Prophetia
1166 3306 1280 3362 ba-c
1312 3306 1634 3375 adimpletur
1659 3306 1710 3360 in
1744 3305 1981 3376 Josepho
2029 3309 2098 3362 ab
2127 3309 2252 3364 Ari-

692 3376 1230 3446 mathaza,’quoniam
1286 3393 1392 3431 non
1433 3378 1692 3447 venit_ad
1760 3377 2001 3443 Judaeos,
2049 3379 2140 3447 qui
2199 3381 2254 3434 in

694 3448 971 3502 Christum
992 3445 1229 3502 insidias
1262 3447 1550 3502 faciebant.
1592 3445 1906 3516 Proprietas
1937 3445 2117 3502 autein
2139 3464 2255 3504 scr-

693 3521 869 3571 mouis
916 3518 1077 3585 hujus
1127 3519 1342 3572 beatum
1369 3517 1503 3588 dicit
1550 3532 1766 3588 omnem
1825 3519 2126 3584 hominem,
2161 3521 2255 3588 qui

691 3601 800 3643 non
827 3589 1215 3651 communicat,
1256 3603 1353 3641 uec
1379 3603 1434 3643 se
1496 3587 1764 3658 immiscet
1821 3589 2004 3658 iniqua
2029 3587 2255 3646 consilia

691 3659 1012 3729 agentibus,
1077 3669 1170 3711 aut
1227 3659 1461 3727 aliquem
1528 3657 1728 3725 injuste
1773 3657 2246 3729 persequentibus.

691 3725 845 3794 Quod
887 3744 1015 3783 vero
1040 3731 1284 3784 additur:
1320 3725 1389 3783 Et
1411 3731 1465 3780 in
1515 3731 1620 3789 via,
1647 3725 1790 3784 viani
1847 3725 1968 3785 esse
2023 3747 2259 3799 praesen-

695 3807 800 3852 tem
833 3800 996 3854 vilam
1029 3801 1251 3866 asserit;
1285 3817 1384 3855 nos
1433 3800 1575 3852 enim
1607 3799 1848 3855 viventes
1875 3801 1942 3854 ad
1977 3801 2258 3855 interitum

695 3867 819 3923 vita:
846 3872 1048 3925 sensim
1083 3872 1411 3926 accedinms.

771 3945 824 3997 2.
860 3943 1024 3994 Διιιει·
1059 3942 1205 3994 enim
1246 3957 1350 3993 non
1379 3943 1678 3997 instruetur
1699 3942 1883 4004 homo,
1945 3950 2004 4006 ut
2040 3941 2259 3996 recedat

697 4034 726 4070 a
759 4013 924 4074 malo,
967 4011 1068 4064 nisi
1096 4027 1154 4065 se
1182 4015 1485 4066 exercuerit
1514 4011 1745 4068 lcetione
1769 4014 2053 4076 librorum,
2078 4027 2142 4068 ac
2171 4014 2263 4068 do-

697 4088 835 4142 trina
867 4083 1187 4152 sapientum.

767 4158 818 4210 5.
858 4151 991 4206 Nam
1046 4163 1200 4221 prout
1261 4154 1402 4224 ligna
1446 4154 1683 4218 plautata
1731 4153 1798 4207 ad
1839 4168 2012 4222 aquas
2053 4169 2264 4224 semper

697 4236 826 4283 sunt
868 4239 1100 4285 alumna,
1166 4225 1238 4278 ita
1273 4226 1579 4278 intellectus
1629 4239 1791 4278 sacra
1844 4224 2106 4281 librorum
2159 4229 2262 4279 do-

698 4300 869 4352 ctriua
894 4296 1151 4364 irrigatus
1182 4296 1398 4364 pulchre
1436 4294 1610 4357 floret,
1643 4304 1696 4348 et
1725 4294 1994 4348 salutares
2046 4309 2264 4360 semper

698 4367 1055 4438 cogitationes
1135 4366 1605 4438 habetaLignum
1677 4365 1835 4438 etiam
1911 4364 2017 4438 hoc
2068 4365 2269 4420 dicitur

698 4435 835 4493 crux
907 4436 1146 4490 fontibus
1211 4436 1623 4504 haptismalibus
1721 4435 2097 4503 circumdata,
2174 4451 2269 4506 per

700 4525 863 4579 quam
919 4521 1017 4561 nos
1074 4506 1411 4561 lietificamur
1444 4522 1507 4561 ac
1540 4506 1934 4562 illuminamur.

2424 3171 2544 3225 ι-δ.
2603 3169 2659 3224 lu
2704 3180 2944 3240 tempore
2981 3187 3082 3225 suo
3119 3169 3461 3226 fructificavit
3493 3186 3630 3226 crux
3683 3181 3925 3226 nostram

2361 3243 2588 3297 salutem
2629 3263 2638 3296 :
2676 3241 2885 3296 fructus
2950 3252 3132 3310 utpote
3181 3242 3415 3306 vivaces,
3475 3250 3529 3296 et
3574 3240 3704 3296 folia
3751 3243 3926 3297 crucis

2357 3323 2488 3368 sunt
2517 3312 2721 3374 fideles,
2756 3313 2850 3380 qui
2894 3328 3010 3382 per,
3042 3313 3188 3365 illam
3247 3313 3464 3375 muniti,
3490 3321 3559 3382 et;
3583 3313 3640 3366 in
3683 3313 3776 3366 illa
3811 3329 3930 3382 per-

2357 3391 2665 3445 manentes,
2710 3379 2815 3435 no'n
2861 3379 3118 3435 decidunt
3172 3397 3265 3435 seu
3318 3397 3423 3434 non
3457 3379 3708 3435 deﬂuunt
3740 3379 3932 3437 ali—ea-

2357 3453 2530 3515 dem;
2606 3452 2788 3506 omnia
2861 3451 3048 3514 enim,
3108 3467 3229 3521 qua:
3281 3462 3494 3521 propter
3559 3468 3779 3507 crucem
3835 3469 3931 3508 seu

2357 3522 2564 3577 Christi
2601 3523 2912 3592 passionem
2971 3522 3135 3587 fiunt,
3168 3538 3423 3592 prospere
3469 3524 3795 3578 succedunt.

2433 3615 2481 3666 7.
2518 3613 2664 3669 Crux
2694 3615 2836 3668 enim
2875 3615 2986 3679 illa,
3021 3631 3142 3686 quae
3171 3617 3239 3670 ab
3286 3615 3574 3678 hatreticis,
3623 3615 3850 3681 Judaeis,
3880 3627 3935 3672 et

2361 3686 2595 3742 ethnicis
2651 3701 2758 3739 non
2818 3688 3056 3749 colitur,
3110 3687 3252 3755 apud
3290 3702 3384 3741 eos
3429 3704 3534 3741 non
3596 3687 3932 3752 fructificat,

2360 3757 2454 3811 sed
2485 3766 2742 3824 tanquam
2780 3758 3054 3823 pulverem
3085 3771 3179 3810 eos
3208 3757 3455 3826 dissipat.
3485 3756 3576 3812 Sic
3601 3756 3775 3813 Judaei
3808 3773 3933 3812 cum

2363 3828 2434 3880 ob
2482 3827 2914 3880 incredulitatem
2978 3841 3040 3879 ac
3101 3827 3467 3895 insipientiam
3520 3829 3857 3883 defecissent
3901 3845 3933 3883 a

2363 3896 2618 3961 Christo,
2657 3896 2886 3964 dispersi
2936 3907 3063 3951 sunt
3101 3911 3194 3965 per
3223 3898 3535 3952 universam
3597 3908 3826 3953 terram.

2455 3987 2506 4042 8.
2546 3986 2678 4042 Nam
2710 3987 2804 4058 qui
2833 3987 3002 4043 Deum
3053 4003 3162 4042 non
3211 4000 3569 4058 agnoverunt,
3621 3993 3706 4045 vel
3764 3993 3935 4047 solam

2367 4061 2507 4114 hanc
2558 4060 2887 4129 impietatem
2912 4075 3094 4114 secum
3122 4059 3375 4126 ferentes,
3425 4073 3548 4130 post
3577 4065 3937 4118 resurrectio-

2368 4145 2490 4185 nem
2522 4131 2587 4184 de
2616 4131 2737 4202 aliis
2763 4131 2946 4185 causis
2977 4147 3084 4184 non
3108 4131 3620 4201 interrogabantur;
3639 4134 3755 4202 jam
3787 4134 3935 4188 enim

2370 4202 2647 4273 habebunt
2677 4201 3077 4273 damnationem
3133 4202 3302 4256 libere
3338 4217 3432 4270 per
3485 4204 3814 4273 semetipsos
3843 4219 3939 4257 vo—

2369 4271 2544 4337 litam,
2574 4287 2673 4326 nec
2713 4271 3022 4327 invenietur
3044 4273 3100 4326 in
3147 4273 3278 4341 ipsis
3319 4273 3486 4327 ullum
3524 4271 3939 4343 opusjustitize.

2458 4363 2510 4431 9.
2536 4361 2723 4418 Nescit
2745 4365 2889 4419 enim
2916 4379 3133 4418 onmem
3161 4364 3299 4418 riam
3321 4375 3431 4418 tam
3463 4365 3740 4434 justorum
3773 4380 3939 4436 quam

2375 4435 2728 4504 injustorum,
2761 4445 2814 4488 et
2848 4436 3054 4504 primos
3102 4437 3319 4504 quidem
3355 4438 3550 4500 salvat,
3585 4435 3940 4492 alterosvero

2375 4507 2620 4572 damnat,
2647 4521 2711 4560 ac
2739 4522 2770 4560 a
2794 4522 2853 4560 se
2882 4505 3076 4575 rejicit,
3106 4515 3295 4577 utpote
3322 4506 3560 4563 inutiles.

782 4663 871 4717 IX.
903 4663 1013 4734 Age
1033 4678 1182 4725 vero,
1201 4662 1460 4733 quoniam
1504 4662 1657 4717 locus
1677 4663 1766 4716 hic
1786 4661 1899 4731 jam
1929 4662 2197 4732 postulat,
2227 4661 2295 4716 de
2326 4672 2551 4717 auctore
2580 4663 2941 4733 expositionis
3000 4679 3163 4734 quam
3202 4664 3507 4720 Athanasio
3534 4665 3588 4720 in
3629 4664 3939 4722 Barberino

697 4760 886 4815 codice
922 4759 1213 4825 ascriptam
1247 4771 1390 4810 nunc
1424 4755 1661 4825 primum
1717 4756 1772 4810 iu
1807 4756 1984 4812 lucem
2026 4760 2215 4824 trado,
2253 4759 2417 4812 verba
2458 4756 2744 4814 faciamus.
2803 4756 3054 4814 Profecto
3108 4767 3165 4813 ut
3209 4775 3329 4815 eam
3389 4777 3586 4832 magno
3635 4761 3942 4818 Athanasio

701 4856 1043 4910 tribuendam
1098 4855 1430 4916 existimem,
1493 4852 1728 4921 primum
1761 4867 1983 4907 moveor
2037 4852 2246 4922 judicio
2303 4853 2538 4907 duorum
2588 4853 3033 4909 doctissimorum
3077 4856 3318 4909 virorum
3345 4854 3576 4909 Andreae
3620 4855 3859 4920 Schotti,
3893 4863 3948 4911 et

701 4947 860 5004 Lucae
891 4947 1178 5010 llolstcuii,
1205 4961 1436 5016 quorum
1465 4946 1599 4999 alter
1625 4962 1688 4998 ex
1717 4945 1944 5014 antiquo
1968 4945 2157 5000 codice
2190 4946 2521 5016 Augustante
2551 4944 2891 5000 bibliothecae
2916 4944 3330 5002 describendam
3360 4949 3572 5003 curavit
3597 4963 3611 5014 ;
3651 4947 3792 5001 alter
3820 4959 3945 5001 vero

700 5061 808 5102 non
866 5047 1041 5102 solum
1081 5043 1473 5115 praefationem,
1523 5044 1740 5098 brevem
1781 5043 2039 5113 quidem,
2097 5045 2190 5099 sed
2252 5043 2547 5098 admodum
2600 5044 2923 5113 elegantem,
2969 5050 3022 5097 et
3062 5050 3212 5096 tanto
3259 5041 3376 5094 viro
3398 5039 3616 5110 dignam
3649 5038 3943 5108 ascripsit,

700 5141 794 5197 sed
833 5143 1058 5195 ulterius
1095 5140 1198 5193 hoc
1234 5137 1516 5191 Athanasii
1549 5152 1687 5206 Opus
1716 5137 1857 5189 inter
1883 5143 2085 5191 uetera
2121 5136 2457 5191 sanctissimi
2498 5135 2741 5189 doctoris
2789 5149 3063 5206 praeeipue
3091 5133 3386 5190 excellens.
3413 5139 3467 5184 et
3500 5131 3769 5185 eximium
3823 5143 3947 5184 esse

701 5239 933 5301 censuit,
986 5247 1038 5292 et
1077 5249 1133 5292 ut
1169 5237 1352 5292 verbis
1387 5233 1726 5288 Tillemontii
1764 5245 1888 5289 utar
1929 5234 2064 5304 (l5),
2106 5251 2304 5288 comme
2353 5235 2399 5288 le
2435 5231 2824 5301 chef—d‘wuvre'
2860 5233 2924 5286 de
2957 5231 3016 5287 S.
3060 5230 3351 5284 Alhanase.
3391 5223 3605 5281 Etenim
3639 5239 3730 5278 an.
3796 5221 3934 5276 I627

701 5347 825 5386 cum
861 5329 1162 5399 accepisset
1195 5344 1392 5384 novam
1431 5345 1657 5400 operum
1697 5328 1754 5383 S.
1791 5319 2086 5385 Athanasii
2104 5331 2397 5386 editionem
2427 5329 2655 5384 Parisiis
2706 5329 2986 5393 adornari,
3046 5339 3252 5399 septem
3285 5324 3539 5380 bomilias
3569 5321 3626 5376 S.
3658 5319 3946 5376 Athanasii

703 5425 920 5478 nomine
955 5425 1269 5491 inscriptas,
1309 5439 1430 5492 qua:
1471 5421 1650 5476 adhuc
1680 5423 1858 5478 lucem
1891 5437 1999 5477 non
2033 5421 2303 5485 viderant,
2350 5422 2416 5476 ad
2489 5421 2890 5492 typographum
2935 5418 3306 5474 Parisiensem
3349 5415 3520 5471 misit.
3565 5413 3664 5486 qui
3696 5428 3760 5467 ea
3791 5413 3858 5466 de
3887 5425 3948 5466 re

703 5517 959 5572 lectorem
992 5518 1206 5573 monuit
1265 5518 1349 5573 his
1380 5518 1561 5573 verbis
1590 5536 1602 5571 :
1638 5536 1656 5570 ι
1685 5516 1973 5572 Postremo
2003 5517 2086 5571 vir
2115 5516 2365 5571 eruditus
2400 5513 2577 5570 Lucas
2624 5513 2961 5578 I‘lolstenius,
3009 5510 3463 5582 Hamburgensis,
3515 5516 3811 5577 postquam
3850 5517 3951 5558 nos

774 5671 886 5741 (I2)
928 5671 1157 5727 Exhibet
1201 5672 1288 5726 ille
1349 5673 1567 5742 quidem
1637 5673 1739 5728 hoc
1782 5675 1903 5728 loco
1961 5671 2175 5726 initium
2249 5672 2628 5742 commentarii
2667 5671 2873 5742 Illyrica
2926 5681 2979 5726 et
3021 5669 3213 5726 Latina
3244 5670 3430 5738 lingua
3457 5682 3609 5742 ;_nos
3647 5663 3951 5742 veroLati-

705 5736 828 5798 nam
865 5736 1097 5814 tantum
1132 5736 1449 5814 versionem
1469 5755 1522 5798 et
1586 5744 2084 5814 interpretationem
2115 5743 2454 5798 exhibemus.
2497 5741 2553 5796 Si
2578 5745 2703 5811 quis
2729 5736 2818 5799 est
2839 5745 3090 5800 curiosus
3127 5736 3350 5808 lector;
3379 5747 3434 5795 et
3463 5737 3694 5794 Slavicae
3758 5736 3952 5807 lingu:

707 5823 935 5885 peritus,
961 5813 1102 5885 illud
1135 5815 1313 5868 videat
1337 5817 1391 5871 iu
1423 5813 1668 5885 Romana
1698 5813 1853 5877 edit.,
1893 5832 1944 5885 p.
1974 5831 2084 5868 xix.

777 5883 888 5954 (l3)
924 5883 1077 5939 Mém.
1117 5887 1241 5939 ceti.
1297 5897 1423 5941 tom.
1459 5884 1590 5950 VIII,
1637 5904 1688 5956 ρ.
1730 5887 1846 5952 I30,
1895 5881 2008 5941 iiut.
2046 5885 2144 5942 110
2191 5903 2284 5940 sur

2363 5883 2384 5938 ἶ.
2414 5881 2699 5936 Athanase.
