4126 6486
207 411 304 470 609
886 415 973 470 DE
1013 415 1292 476 TITULIS
1321 419 1764 481 PSALMORUM.
1801 456 1869 468 —-
1903 423 2294 483 ANTONELLI
2331 429 2726 492 PREFATIO.
3326 448 3436 504 610

202 530 598 596 admonuisset,
653 531 854 588 habere
887 547 946 587 se
977 549 1007 587 e
1043 533 1204 604 Regia
1263 547 1314 591 et
1370 536 1664 595 Oxoniensr
1718 542 2066 608 bibliotheca,
2092 552 2146 599 et
2177 561 2207 600 c
2242 549 2618 619 manuscripto
2645 551 2810 606 etiam
2865 555 3053 611 codice
3087 555 3152 614 Β.
3206 559 3270 614 Ρ.
3305 559 3428 618 Sir-

202 623 387 676 mondi
423 639 454 677 e
495 622 770 680 Societate
823 621 950 680 Jesu
1002 624 1257 682 homilias
1308 644 1540 684 numero
1570 642 1772 702 septem
1799 638 2036 690 nondum
2084 637 2280 701 editas,
2336 655 2475 710 quas
2503 638 2691 695 Latine
2738 647 3113 712 convertisset,
3152 661 3373 722 rogatus
3405 668 3436 707 a

199 718 361 772 nobis
397 718 605 773 lubenti
645 721 830 774 animo
859 723 1150 785 concessit,
1195 731 1254 777 ut
1295 740 1408 792 eas,
1467 729 1594 796 quia
1627 731 1802 786 serius
1837 733 1938 786 hoc
1967 733 2314 799 rescivimus,
2371 736 2535 790 veluti
2574 753 2670 807 per
2734 743 3088 810 appendicem
3147 718 3436 817 posteriori

192 823 348 867 torno
381 817 795 884 subjiceremus.
837 836 856 867 ι
894 814 990 873 His
1029 829 1205 874 autem
1276 831 1481 892 septem
1544 827 1804 893 homiliis,
1846 843 1985 896 quas
2045 830 2126 883 vir
2177 830 2484 887 eruditione
2543 851 2696 904 aeque
2727 851 2789 891 ac
2848 838 3048 907 pietate
3103 814 3341 895 eximius
3381 842 3436 895 in

199 905 457 962 Latinum
491 919 744 976 verterat,
769 909 1053 979 epistolam
1105 910 1171 964 ad
1219 911 1478 968 lectorem
1529 915 1811 985 praemisit,
1867 932 1986 971 eam
2038 932 2267 973 exorsus
2297 919 2349 973 in
2398 921 2544 976 hunc
2608 905 2984 997 modumv(llt)
3022 946 3033 980 :
3078 947 3096 976 c
3131 927 3266 982 Cum
3322 929 3436 987 divi

198 1000 487 1056 Athanasii
515 1003 689 1073 Opera
717 1005 899 1059 recudi
920 1019 950 1057 a
978 1005 1326 1074 typographis
1347 1008 1616 1073 audirem,
1651 1026 1763 1064 rem
1795 1025 1880 1065 me
1906 1009 2176 1066 facturum
2193 1013 2523 1078 existimavi,
2559 1025 2614 1069 et
2649 1017 2861 1086 publice
2887 1019 3096 1084 utilem,
3123 1036 3222 1075 nec
3254 1022 3434 1085 bonis,

195 1091 485 1162 doctisque
514 1095 798 1165 ingratam,
828 1098 870 1151 si
895 1110 1090 1154 extera
1125 1103 1458 1159 sanctissimi
1504 1105 1681 1161 Patris
1731 1107 1995 1162 ἀνέκδοτα
2036 1111 2432 1180 cunquirerem,
2468 1120 2521 1166 et
2548 1112 2601 1165 in
2642 1112 2816 1170 lucem
2853 1115 2953 1171 hac
3000 1117 3286 1173 occasione
3316 1135 3440 1188 pro-

198 1189 483 1244 ducerem.
518 1193 719 1263 Collegi
773 1210 903 1265 ergo
959 1211 1121 1266 opera
1174 1200 1528 1255 tumultuaria
1584 1218 1646 1256 ex
1701 1201 2152 1258 Chrtstiauissimi
2216 1206 2359 1275 regis
2389 1207 2736 1274 bibliotheca,
2788 1218 2952 1278 atque
2980 1225 3047 1264 ex
3080 1212 3214 1264 clar.
3271 1228 3437 1266 mem.

198 1277 266 1335 Β.
322 1280 386 1335 Ρ.
424 1280 721 1350 Sirmondi,
758 1288 999 1358 meisque
1035 1294 1252 1347 sehedis
1285 1296 1536 1352 homilias
1590 1307 1794 1367 septem
1817 1299 2101 1354 Athanasii
2132 1303 2351 1357 nomine
2377 1313 2744 1373 praenotatas:
2778 1323 2954 1376 neque
2982 1309 3126 1363 enim
3153 1309 3436 1363 Athanasii

197 1394 394 1434 omnes
443 1396 563 1435 esse
617 1383 821 1450 credat,
855 1386 940 1439 cui
992 1389 1071 1442 vel
1120 1390 1404 1446 minimum
1460 1395 1513 1448 in
1553 1395 1699 1451 hisce
1745 1399 1940 1452 studiis
1983 1399 2198 1468 judicii,
2249 1401 2459 1470 quique
2516 1402 2601 1455 vel
2633 1401 2807 1456 obiter
2842 1409 3051 1454 tantum
3089 1412 3283 1455 caetera
3318 1400 3441 1470 ejus

199 1471 402 1541 scripta
435 1472 763 1543 inspexerit;
792 1496 808 1526 ι
853 1477 905 1532 in
943 1483 1048 1538 [ine
1093 1493 1274 1540 autem
1305 1489 1548 1558 ejusdem
1575 1492 1823 1561 epistolae

1806 1508 1823 1547 ξ
1854 1493 1920 1548 de
1969 1494 2143 1548 sancti
2193 1495 2480 1550 Athanasii
2514 1497 2916 1551 commentario
2954 1508 3142 1552 nostro
3174 1499 3227 1549 in
3273 1495 3435 1549 Psal-

199 1579 333 1630 mas,
382 1582 566 1634 quem,
619 1579 676 1621 ut
705 1579 855 1635 puto,
921 1572 1149 1637 viderat,
1185 1575 1277 1629 sed
1315 1591 1422 1629 non
1456 1577 1635 1632 adhuc
1665 1579 1731 1634 ab
1792 1579 1996 1634 Andrea
2054 1575 2288 1636 Schotto
2335 1593 2528 1639 nactus
2578 1584 2774 1650 fuerat,
2827 1587 2897 1640 ita
2953 1587 3226 1656 loquitur:
3272 1586 3436 1640 «Ca:-

201 1665 338 1725 tera,
381 1677 501 1728 qua:
526 1663 702 1717 adhuc
732 1670 894 1721 latent
956 1671 1009 1724 in
1065 1668 1228 1724 Italia:
1269 1680 1324 1725 et
1354 1669 1630 1742 Hispaniae
1687 1675 2037 1732 bibliothecis
2071 1677 2164 1732 alit
2198 1679 2426 1740 dabunt,
2477 1682 2778 1749 pra'scrtim
2828 1679 3282 1732 commentarium
3307 1693 3432 1748 per-

200 1762 427 1821 petuum
456 1757 508 1809 in
551 1756 816 1828 Psalmos,
848 1763 992 1831 quod
1018 1777 1118 1833 ego
1178 1762 1504 1832 palmarium
1538 1763 1823 1820 Athanasii
1877 1782 2016 1836 opus
2043 1769 2322 1824 existimo.
2353 1789 2370 1820 ι
2431 1768 2554 1824 Haec
2603 1770 2939 1827 Holstenins.

273 1847 343 1902 Χ.
400 1851 554 1916 Quod
589 1866 768 1910 autem
805 1873 1032 1927 magnus
1063 1858 1396 1916 Athanasius
1421 1861 1701 1930 scripserit
1746 1863 1909 1916 etiam
1942 1881 2100 1933 super
2129 1863 2398 1932 Psalmos,
2449 1882 2608 1921 nemo
2656 1875 2738 1922 cst
2805 1867 2899 1935 qui
2955 1865 3206 1920 dubitare
3240 1864 3435 1934 possit.

205 1942 378 2014 Hujus
402 1950 544 2003 enim
603 1952 678 2004 rei
743 1953 982 2023 locuples
1011 1957 1163 2010 testis
1211 1967 1294 2012 est
1349 1957 1539 2011 beatus
1591 1957 1958 2030 Hieronymus
2011 1961 2064 2014 iu
2092 1961 2230 2016 libro
2265 1961 2340 2015 De
2373 1962 2714 2032 scriptoribus
2759 1959 3292 2030 ecdesiasticis(cap.
3320 1957 3436 2027 87),

203 2037 319 2102 ubi,
361 2045 693 2098 enumeratis
729 2046 1058 2099 sanctissimi
1089 2048 1329 2118 episcopi
1381 2048 1665 2103 Athanasii
1725 2050 2007 2118 operibus,
2042 2052 2184 2106 inter
2223 2053 2329 2106 alia
2379 2064 2624 2107 recenset
2681 2053 2879 2108 librutn
2928 2051 3003 2104 De
3064 2049 3232 2103 titulis
3281 2049 3434 2104 Psal-

201 2150 430 2194 morum.
459 2140 588 2207 Quae
625 2145 919 2198 beatissimi
961 2145 1198 2198 doctoris
1250 2144 1411 2198 verba
1467 2144 1517 2197 in
1564 2143 1808 2199 Grtecam
1854 2146 2094 2216 linguam
2151 2149 2225 2202 ita
2267 2149 2429 2202 vertit
2488 2146 2829 2218 Sophronius
2871 2167 2883 2201 :
2946 2146 3080 2219 Περὶ
3129 2144 3437 2216 ἐπιγραφῆς

199 2232 488 2304 Ψαλμῶν,
567 2233 647 2290 De
720 2239 1056 2306 inscriptione
1128 2237 1466 2291 Psalmorum
1540 2237 1863 2307 Ilujusmodi
1916 2251 2095 2293 autem
2164 2241 2625 2308 nuncupationem
2693 2258 2802 2296 non
2866 2244 3000 2296 bene
3051 2242 3225 2310 aptari
3288 2256 3438 2294 com-

202 2329 470 2382 mentario
500 2329 553 2382 in
584 2328 846 2396 Psalmos,
869 2347 1026 2401 quem
1050 2330 1332 2385 ediderunt
1358 2329 1539 2396 Patres
1581 2331 1937 2394 Benedictini,
1997 2331 2087 2385 ubi
2135 2332 2203 2386 de
2249 2333 2419 2386 titulis
2454 2331 2791 2387 Psalmorum
2848 2350 2914 2388 ne
2949 2336 3172 2389 verbum
3196 2332 3438 2404 quidem,

201 2424 305 2494 ipsi
370 2429 602 2495 ingenue
633 2424 761 2481 fassi
796 2436 941 2481 sunt.
977 2427 1045 2479 At
1075 2440 1204 2479 vero
1254 2426 1306 2478 in
1363 2427 1780 2495 expositionem,
1831 2442 1994 2496 quam
2052 2444 2151 2483 nos
2212 2429 2392 2497 magni
2431 2428 2714 2481 Athanasii
2770 2431 2990 2483 nomine
3025 2431 3343 2499 inscriptam
3381 2431 3435 2484 in

200 2517 376 2573 lucem
410 2519 626 2585 damus,
659 2522 859 2590 optime
893 2522 1208 2584 convenire,
1241 2523 1513 2578 neminem
1549 2539 1670 2578 esse
1694 2532 1825 2593 puto
1849 2525 1942 2593 qui
1978 2525 2190 2579 inﬁcias
2222 2525 2401 2578 iverit.
2431 2522 2709 2593 Siquidem
2750 2525 2905 2578 initio
2931 2505 3199 2594 cujusque
3238 2527 3435 2595 psalmi

201 2611 322 2681 ejus
349 2612 542 2667 titulus
570 2628 662 2666 seu
694 2614 977 2684 inscriptio
1002 2626 1255 2670 accurate
1279 2631 1343 2670 ac
1374 2616 1660 2687 diligenter
1698 2617 2001 2686 explicatur
2041 2635 2053 2670 :
2107 2617 2302 2671 deinde
2358 2617 2766 2684 convenienter,
2814 2628 3318 2687 consequenterque
3367 2617 3434 2672 ad

200 2702 344 2758 tituli
379 2705 788 2773 inscriptionem
820 2706 1048 2778 eiusque
1073 2708 1576 2776 interpretationem
1607 2709 1848 2778 psalmus
1879 2715 2026 2760 tctus
2058 2707 2378 2776 exponitur.

270 2793 364 2848 XI.
400 2795 787 2849 Commentarii
831 2795 888 2850 S.
945 2797 1229 2852 Athanasii
1269 2799 1324 2851 in
1357 2799 1596 2852 Psalmos
1629 2797 1877 2851 meminit
1904 2798 2068 2851 etiam
2097 2795 2310 2853 Nicaeus
2343 2800 2607 2869 synodus,
2648 2809 2702 2854 et
2735 2817 2896 2870 quem
2951 2802 3308 2874 Hieronymus
3364 2803 3435 2858 De

204 2886 370 2941 titulis
455 2885 788 2938 Psalmorum
853 2895 907 2939 et
978 2883 1321 2952 Sophronius
1384 2882 1466 2936 De
1516 2885 1854 2953 inscriptione
1933 2883 2271 2938 Psalmorum
2352 2887 2594 2958 synodus
2655 2902 2810 2942 vocat
2892 2889 3110 2943 Librum
3180 2894 3434 2962 interpre-

202 2978 423 3034 tationis
461 2975 821 3039 Psalmorum,
856 2975 1015 3044 eique
1046 2989 1147 3028 nos
1193 2973 1355 3028 docet
1408 2975 1683 3043 prmiixam
1715 2974 1884 3030 fuisse
1931 2976 2174 3046 ejusdem
2234 2977 2516 3034 Athanasii
2568 2976 2861 3046 Epistolam
2920 2983 2988 3035 ad
3043 2983 3433 3045 Marcellinum.

201 3070 366 3147 Unde.
383 3070 542 3126 etiam
593 3079 949 3147 compertum.
989 3067 1068 3133 ﬁt,
1111 3068 1311 3124 librum
1342 3069 1417 3123 De
1450 3069 1620 3122 titulis
1645 3070 1984 3125 Psalmorum
2036 3088 2142 3126 non
2184 3074 2434 3127 eumdem
2476 3073 2647 3130 fuisse
2680 3091 2744 3130 ac
2797 3075 2990 3129 librum
3017 3092 3110 3130 seu
3145 3077 3433 3146 Epistolam

199 3165 270 3219 ad
293 3136 688 3229 Marcellinum,
717 3136 775 3216 ut
799 3139 1001 3232 aliquis
1031 3162 1344 3232 suspicatus
1382 3172 1483 3217 est.
1514 3163 1686 3216 Verba
1717 3172 1896 3216 autem
1932 3178 2052 3231 quae
2095 3163 2150 3216 in
2203 3164 2415 3218 actione
2456 3167 2648 3235 synodi
2674 3176 2827 3221 sexta
2858 3169 3136 3222 memoriae
3172 3170 3432 3226 traditum

197 3268 284 3316 est
318 3260 456 3315 lecta
487 3258 657 3314 fuisse
705 3259 772 3313 ab
805 3258 1105 3329 Epiphanio
1160 3259 1412 3321 diacono,
1464 3267 1593 3313 sunt
1641 3257 1994 3325 huiusmodi:
2039 3278 2056 3310 ς
2096 3258 2198 3324 Qui
2243 3274 2372 3313 vero
2423 3260 2492 3312 ab
2548 3260 2958 3316 immortalitate
3006 3279 3205 3318 nomen
3266 3265 3433 3320 habet

197 3357 559 3423 Athanasius,
593 3356 896 3412 clarissime
928 3356 1086 3410 nobis
1115 3355 1168 3409 in
1214 3353 1452 3420 Epistola
1499 3355 1569 3408 ad
1603 3354 1971 3409 Marcellinum
2029 3357 2162 3424 (l5),
2193 3372 2355 3427 quam
2409 3357 2708 3426 praeposuit
2766 3358 2906 3412 libro
2965 3359 3432 3428 interpretationis

196 3449 567 3513 Psalmorum,
593 3448 810 3503 disserit
839 3448 918 3503 sic
944 3448 1161 3501 dicens:
1197 3461 1215 3496 ι
1247 3447 1465 3499 Librum
1491 3445 1834 3502 Psalmorum
1870 3449 2069 3518 aliquis
2105 3464 2417 3514 assumens,
2469 3449 2783 3518 prophetias
2822 3450 2888 3502 de
2940 3449 3224 3505 Salvatore
3260 3455 3429 3508 conti-

197 3557 331 3603 nuo,
367 3551 428 3594 ut
472 3541 524 3594 in
571 3541 691 3594 aliis
739 3538 1036 3608 Scripturis
1075 3538 1398 3600 admiratus,
1451 3547 1504 3590 et
1564 3546 1802 3592 adorans
1835 3549 2075 3600 enarrat,
2109 3559 2126 3591 ι
2167 3549 2274 3594 etc.
2308 3539 2460 3594 Hanc
2504 3549 2682 3594 autem
2714 3539 3030 3609 epistolam,
3056 3541 3122 3594 de
3157 3556 3263 3610 qua
3290 3557 3428 3596 men-

197 3637 272 3686 tio
299 3631 445 3686 facta
479 3632 648 3685 estin
681 3629 893 3684 Nieaana
924 3632 1133 3699 synodo
1179 3628 1261 3694 (nt
1316 3631 1605 3683 occasione
1647 3631 1778 3683 mihi
1827 3631 1953 3685 data
2000 3631 2256 3686 lectorem
2316 3633 2660 3694 admoneam,
2703 3631 2943 3700 factique
2994 3632 3095 3686 mei
3157 3633 3424 3689 rationem

195 3723 442 3792 reddam)
475 3721 821 3792 explicationi
861 3720 1407 3789 Psalmorum,quam
1440 3722 1493 3774 in
1521 3722 1802 3791 publicum
1859 3724 2071 3790 emitto,
2122 3723 2435 3795 adjungam,
2469 3735 2528 3779 ut
2560 3725 2831 3796 integrum
2888 3726 3222 3779 sanctissimi
3253 3725 3430 3783 Patris

194 3830 355 3887 opus,
418 3814 872 3884 quemadmodum
928 3813 995 3867 ab
1028 3813 1147 3882 ipso
1203 3813 1406 3866 editum
1438 3828 1557 3866 esse
1612 3813 1864 3881 traditur,
1912 3815 2224 3870 exhibeam.

263 3910 381 3965 XII.
423 3909 798 3980 Eritjfortasse
827 3909 1098 3978 quispiam
1139 3924 1326 3963 eorum
1356 3909 1556 3979 quibus
1585 3910 1781 3980 volupe
1805 3921 1908 3976 est,
1939 3920 1998 3967 ut
2029 3913 2100 3967 ita
2142 3914 2341 3979 dicam,
2385 3913 2600 3986 magnis
2638 3913 2938 3969 clarescere
3003 3915 3325 3982 inimicitiis,
3372 3928 3425 3973 et

190 4018 464 4069 emunctae
489 4009 638 4061 naris
671 4007 914 4062 censoris
954 4021 1152 4060 nomen
1193 4006 1445 4082 adipisci,
1474 4007 1566 4076 qui
1611 4015 1887 4061 contracta
1927 4007 2124 4074 fronte,
2171 4016 2224 4064 et
2271 4010 2458 4080 grandi
2506 4009 2797 4078 supercilio
2824 4009 3149 4078 opusculum
3178 4021 3425 4068 nostrum

194 4121 227 4161 ι
277 4103 629 4158 sanctissimo
647 4099 1061 4168 archiepiscopo
1092 4097 1516 4167 abjudicandum
1545 4115 1667 4155 esse
1711 4101 1982 4165 decernet,
2013 4102 2092 4155 vel
2131 4102 2258 4170 quia
2304 4110 2497 4156 auctor
2544 4100 3009 4169 interpretationis
3062 4099 3439 4168 Psalmorum,

191 4215 359 4269 quam
391 4200 606 4261 damus,
643 4195 943 4268 pueriliter,
975 4204 1031 4250 ut
1055 4194 1195 4249 forte
1216 4195 1317 4251 sibi
1348 4194 1634 4261 videbitur,
1663 4199 1714 4251 in
1743 4197 2081 4266 explicandis
2119 4195 2463 4251 Psalmorum
2500 4196 2667 4250 titulis
2723 4193 3113 4248 Hebraicornm
3147 4197 3428 4251 nominum

191 4289 695 4362 interpretationem
742 4295 1003 4350 sectatur,
1037 4286 1122 4340 vel
1160 4285 1285 4354 quia
1330 4287 1573 4355 psalmos
1624 4304 1816 4344 omnes
1841 4292 1893 4344 in
1940 4289 2288 4359 allegoricum
2347 4305 2568 4345 sensum
2621 4288 2864 4357 exponit.
2916 4285 3029 4355 Ego
3067 4297 3250 4342 autem
3286 4305 3317 4344 e
3345 4292 3427 4345 di-

191 4401 352 4443 verso
407 4394 615 4440 tantum
639 4383 831 4437 abesse
874 4379 1152 4441 existimo,
1201 4387 1261 4432 ut
1310 4379 1460 4435 hisce
1522 4383 1587 4435 de
1626 4384 1808 4440 causis
1860 4383 2143 4438 Athanasii
2196 4399 2390 4438 nomen
2445 4399 2477 4440 e
2533 4382 2708 4436 fronte
2763 4382 3143 4435 commentarii
3192 4400 3424 4459 expungi

185 4484 420 4544 debeat,
467 4478 596 4549 quin
642 4477 822 4548 potius
859 4474 981 4528 inde
1032 4484 1236 4543 putem,
1280 4474 1388 4529 duo
1413 4478 1732 4546 gravissima
1776 4489 2093 4552 argumenta
2135 4490 2442 4550 suppetere,
2474 4480 2676 4549 quibus
2701 4478 2839 4532 liber
2881 4491 3079 4547 magno
3103 4476 3424 4547 Athanasio,

187 4573 352 4644 cujus
401 4586 598 4626 nomen
653 4567 888 4639 praefert,
963 4566 1292 4620 vindicetur.

265 4667 408 4722 χιιι.
459 4665 615 4732 Quod
647 4675 704 4718 ut
727 4663 944 4733 planum
981 4661 1197 4727 faciam,
1258 4675 1393 4731 opus
1428 4668 1511 4714 est
1563 4658 1752 4726 paucis
1792 4659 2082 4725 disserere,
2118 4660 2243 4730 quis
2289 4662 2495 4732 primus
2540 4671 2730 4716 auctor
2779 4663 2962 4730 fuerit,
3010 4664 3101 4735 qui
3160 4663 3423 4722 Hebraica

185 4760 413 4814 nomina
440 4756 593 4826 juxta
627 4769 817 4808 eorum
869 4752 1229 4824 etymologias
1279 4752 1472 4806 ordine
1519 4749 1863 4818 alphabetico
1907 4751 1959 4804 in
1998 4751 2247 4806 Graecum
2298 4754 2540 4822 exposita
2584 4755 2802 4823 publico
2849 4756 2992 4820 usui,
3032 4765 3083 4810 et
3131 4772 3416 4814 sacrarunt

184 4851 489 4907 litterarum
519 4847 886 4901 studiosorum
920 4845 1292 4899 commoditati
1317 4844 1381 4897 ad
1407 4856 1687 4897 sacrarum
1724 4839 2128 4913 Scripturarum
2164 4845 2575 4917 intelligentiam
2601 4846 2818 4901 facilius
2845 4845 3246 4916 assequendam
3279 4863 3416 4917 pro-

183 4945 408 5002 diderit.
437 4941 591 5008 Quod
631 4955 761 4996 sane
780 4939 994 4994 diﬂicile
1022 4939 1162 4993 haud
1191 4950 1306 5002 cst;
1342 4937 1671 5007 posteritatis
1731 4939 1876 4991 enim
1913 4939 2190 4993 memoria:
2238 4939 2287 4994 id
2326 4939 2606 4992 mandavit
2661 4937 3030 5009 Hieranymus
3082 4936 3236 5007 (16):
3272 4958 3290 4988 ι
3317 4938 3419 5006 Qui

180 5038 368 5100 Philo,
426 5035 620 5104 inquit,
671 5033 754 5088 vir
793 5033 1190 5088 disertissimus
1212 5031 1550 5097 Judaeorum,
1602 5029 1853 5100 Origenis
1889 5047 2110 5102 quoque
2153 5033 2467 5089 testimonio
2511 5034 2898 5103 comprobatur
2945 5033 3180 5088 edidisse
3222 5033 3419 5090 librum

185 5133 577 5192 Hebraicornm
610 5130 901 5194 nominum,
933 5144 1236 5199 eorumque
1262 5127 1621 5199 etymologias
1683 5127 1843 5194 juxta
1896 5128 2144 5182 ordinem
2183 5129 2488 5182 litterarum
2520 5143 2551 5182 e
2599 5128 2769 5183 latere
2801 5127 3108 5196 copulasse.
3142 5126 3247 5194 Qui
3291 5146 3416 5184 cum

181 5233 348 5304 vulgo
376 5227 640 5281 habeatur
662 5241 692 5280 a
720 5224 944 5287 Graecis,
977 5234 1029 5278 et
1078 5223 1438 5278 bibliothecas
1467 5223 1620 5277 orbis
1657 5223 1983 5292 impleverit,
2037 5224 2204 5279 studii
2259 5223 2433 5279 nostri
2482 5223 2587 5278 luit
2643 5224 2695 5278 in
2727 5222 2976 5277 Latinam
3015 5223 3259 5290 linguam
3291 5241 3416 5282 eum

180 5339 416 5385 vertere.
445 5345 464 5376 ι
497 5321 563 5376 Ει
589 5331 881 5391 antequam
913 5318 1278 5390 Hieronymus
1313 5319 1385 5372 ita
1415 5319 1701 5385 scriberet,
1733 5317 2005 5374 Eusebius
2035 5319 2390 5375 Caesariensis
2418 5317 2485 5373 de
2521 5318 2710 5372 eodem
2743 5317 2973 5372 Philone
3012 5318 3064 5372 in
3111 5334 3208 5373 sua
3257 5319 3415 5374 eccle-

179 5424 404 5479 siauica
437 5414 678 5471 Historia
707 5414 816 5483 (l7)
858 5413 1053 5468 litteris
1081 5411 1416 5466 tradiderat:
1455 5431 1473 5462 ι
1502 5409 1606 5465 Sed
1640 5419 1697 5466 et
1729 5409 2120 5467 Hebraicornm
2151 5413 2461 5474 nominum,
2512 5426 2634 5480 qua:
2665 5410 2720 5465 in
2767 5411 2884 5482 lege
2924 5421 2978 5465 et
3041 5410 3094 5464 in
3137 5411 3415 5480 prOphetis

176 5523 505 5580 occurrunt,
543 5511 1020 5580 interpretationes
1055 5509 1124 5564 ab
1154 5509 1276 5579 ipso
1307 5509 1622 5580 composita:
1643 5523 1765 5564 esse
1797 5511 2074 5565 dicuntur.
2108 5529 2125 5561 ι
2160 5508 2317 5564 Philo
2344 5519 2548 5572 autem,
2575 5518 2732 5579 gente
2759 5524 2823 5565 ac
2882 5507 3142 5579 religione
3171 5505 3413 5580 Iudaeus,

250 5635 365 5702 (ιε)
389 5632 525 5688 Vide
557 5643 688 5688 tom.
729 5629 792 5683 IV
824 5627 1060 5702 Operam
1089 5626 1145 5682 S.
1175 5627 1459 5702 Athanasii
1489 5638 1690 5684 nostra:
1719 5629 2074 5696 recensionis,
2110 5629 2212 5684 col.
2243 5627 2364 5684 9M.
2409 5627 2565 5684 Eutr.
2597 5624 2764 5681 Pun.

250 5697 364 5771 (15)
404 5703 611 5776 Synod.
637 5702 763 5776 Nic.
789 5717 846 5766 ll,
874 5697 987 5776 act.
1014 5700 1066 5762 6,
1101 5714 1155 5767 p.
1192 5697 1349 5752 1518.

249 5767 357 5842 (Hi
397 5767 612 5829 Prefat.
639 5775 690 5828 in
715 5773 851 5827 libro
872 5770 946 5826 De
971 5771 1240 5824 interoret.
1277 5784 1417 5823 nom.
1449 5767 1608 5824 Hebr.

249 5777 361 5918 (l7;
392 5845 511 5900 Lib.
543 5861 603 5908 ll,
628 5859 745 5913 cap.
778 5841 861 5894 18.

246 5841 360 5916 (l7)
392 5845 511 5900 Lib.
543 5861 603 5908 ll,
628 5859 745 5913 cap.
778 5841 861 5894 18.
