4164 6488
720 439 813 492 Gil
1559 438 1612 491 S.
1656 437 2024 492 ATHANASH
2063 437 2210 491 OPP.
2256 436 2433 490 PARS
2470 435 2558 490 Ill.
2610 467 2668 477 -—
2708 435 3111 489 EXEGETICA.
3850 432 3957 485 612

719 558 893 626 patria
925 556 1142 625 quidem
1175 555 1277 608 fuit
1310 555 1731 609 Alexandrinus.
1756 555 1938 621 Quare
1962 557 2002 609 si
2036 556 2155 624 ejus
2195 555 2331 608 liber
2366 554 2440 607 De
2470 555 2763 606 nominibus
2803 553 3074 607 Hebraicis
3102 553 3237 608 adeo
3274 551 3502 607 celebris
3532 560 3586 606 et
3609 550 3869 620 frequens
3899 551 3961 604 in

718 648 1082 703 litteratorum
1112 651 1365 704 manibus
1391 661 1528 713 erat,
1558 660 1616 703 ut
1649 667 1677 704 a
1711 651 1916 705 Graecis
1946 651 2104 721 vulgo
2135 651 2445 716 haberetur,
2508 659 2560 703 et
2592 650 2738 703 nulla
2794 661 2960 714 esset,
3001 659 3135 704 teste
3168 648 3518 717 Hieronymo,
3570 648 3723 701 orbis
3766 645 3965 700 biblio-

718 746 871 799 theca
907 762 1026 815 quae
1060 748 1236 814 ipsum
1285 762 1390 799 non
1437 757 1705 810 servaret,
1765 746 1888 800 inde
1943 747 2314 814 conjecturam
2356 745 2537 799 facere
2599 745 2724 800 licet
2782 756 2987 813 quanto
3037 744 3088 797 in
3123 745 3296 813 pretio
3355 753 3669 811 quantoque
3736 740 3792 792 in
3858 753 3967 792 usu

718 844 857 905 apud
886 856 1016 894 suos
1047 849 1332 910 populares
1355 841 1777 904 Alexandrinos,
1810 841 2152 896 Christianos
2179 846 2476 911 puescrtim
2515 843 2595 895 vel
2634 841 2908 904 Hebraeos,
2940 853 3106 894 esset.
3141 839 3205 893 Et
3235 840 3450 910 quidem
3510 840 3610 892 hac
3664 835 3733 890 de
3765 852 3824 888 re
3859 848 3966 887 non

721 931 832 985 leve
863 944 1245 1000 argumentum
1275 935 1359 987 vel
1387 934 1510 986 inde.
1535 935 1672 986 sumi
1702 942 1905 1003 potest,
1943 934 2086 1003 quod
2123 934 2437 1002 hujusmodi
2472 934 2607 986 liber
2637 949 2810 1001 neque
2863 934 3008 1001 ipsos
3044 933 3270 1001 gentiles
3301 931 3702 985 Alexandrinos
3734 929 3968 997 scripto-

721 1039 809 1076 res
843 1025 1018 1086 latuit,
1052 1043 1172 1080 cum
1204 1045 1268 1080 ex
1298 1043 1362 1081 eo
1396 1028 1553 1096 plura
1585 1028 1634 1080 in
1660 1044 1818 1081 suum
1852 1044 2010 1082 usum
2037 1030 2428 1096 decerpserint.
2457 1026 2588 1081 Nam
2624 1043 2744 1096 qtne
2784 1025 3084 1097 Hesychius
3115 1026 3507 1096 grammaticus
3554 1023 3968 1077 Alexandrinus

719 1120 785 1174 de
821 1120 1101 1176 Hebraicis
1141 1124 1454 1185 nominibus
1487 1125 1538 1177 in
1570 1123 1830 1177 Lexicum
1862 1141 2020 1178 suum
2057 1125 2288 1190 induxit,
2336 1140 2400 1177 cx
2450 1139 2515 1179 eo
2567 1132 2757 1177 mutuo
2801 1123 3080 1192 accepisse
3138 1122 3436 1175 verisimile
3499 1130 3599 1174 cst.
3658 1119 3714 1172 Id
3784 1128 3966 1172 autem

715 1218 826 1286 jam
861 1230 1017 1273 antea
1049 1223 1501 1276 animadvertisse
1537 1223 1776 1292 comperi
1835 1221 2100 1276 Joannem
2159 1223 2553 1288 Martianzeum,
2599 1219 2692 1290 qui
2741 1220 3007 1291 probabili
3063 1219 3376 1288 conjectura
3405 1218 3517 1271 haec
3547 1218 3773 1272 adnotat
3804 1215 3916 1284 (l8)
3953 1233 3966 1266 :

725 1334 742 1364 ι
785 1313 984 1380 Quarta
1010 1318 1215 1384 species
1275 1319 1562 1371 verborum
1593 1329 1645 1372 et
1687 1319 2191 1388 interpretationum
2240 1318 2484 1371 Philonis
2517 1324 2781 1386 superest,
2839 1317 2889 1368 ni
2929 1315 3104 1380 fallor,
3161 1316 3213 1368 in
3238 1313 3425 1368 Grmco
3454 1312 3656 1366 Lexico
3685 1308 3968 1381 Hesychii,

718 1411 1057 1476 grammatici
1091 1410 1464 1474 Alexandrini,
1500 1413 1592 1481 qui
1630 1429 1737 1466 non
1772 1413 1840 1466 ab
1891 1415 1997 1466 alio
2031 1430 2193 1482 quam
2228 1429 2257 1467 e
2288 1414 2427 1467 libro
2455 1413 2644 1468 Graeco
2677 1411 2989 1465 Judazorum
3025 1409 3372 1465 disertissimi
3411 1406 3744 1470 Hellenistze.
3806 1404 3856 1458 id
3886 1411 3973 1458 est

717 1513 782 1552 ex
819 1502 954 1555 libro
988 1506 1268 1559 nominum
1309 1505 1970 1563 Helu‘aicorummutuari
2023 1511 2198 1579 potuit
2232 1512 2453 1563 nomina
2479 1510 2613 1563 bene
2660 1509 2851 1572 multa,
2894 1523 3016 1578 qua:
3065 1509 3178 1575 ipse
3233 1508 3621 1575 interpretatur
3647 1503 3807 1571 juxta
3845 1517 3971 1568 pro-

719 1593 1002 1658 prietatem
1029 1597 1228 1667 linguae
1263 1600 1563 1657 chraiete.
1599 1603 1730 1658 Nam
1773 1600 2088 1660 undélluxit
2117 1607 2257 1675 apud
2293 1605 2623 1677 Hcsychinm
2661 1615 2806 1660 tanta
2860 1603 3606 1674 copia’nominum,quorum
3647 1599 3790 1652 ratio
3820 1598 3972 1666 igno-

721 1697 838 1738 rata
875 1692 1084 1744 eratab
1109 1695 1366 1748 omnibus
1404 1695 1607 1751 Graecis
1633 1700 1993 1768 scriptoribus
2035 1700 2427 1770 profanis,nisi
2458 1700 2644 1754 abillo
2683 1699 2859 1768 primo
2888 1697 3172 1751 conditore
3213 1693 3507 1748 voluminis
3566 1689 3970 1745 Hebraicarum

719 1793 935 1847 vocum,
983 1784 1096 1837 sive
1122 1784 1306 1840 Lexici
1346 1791 1508 1854 sacri,
1543 1792 1698 1859 cujus
1731 1807 1953 1845 usuram
1979 1793 2231 1845 habuisse
2259 1791 2641 1845 Alexandrinis
2672 1789 2831 1844 facile
2859 1789 3047 1844 licuit?
3079 1807 3096 1839 ι
3129 1787 3186 1840 Si
3210 1797 3390 1841 autem
3416 1784 3761 1838 Alexandriae
3785 1780 3971 1835 Philo-

720 1871 805 1926 nis
837 1874 974 1928 liber
1011 1893 1208 1947 magno
1233 1882 1284 1933 in
1314 1884 1485 1950 pretio
1515 1884 1818 1937 habebatur
1844 1884 1984 1953 apud
2022 1885 2273 1938 homines
2310 1899 2339 1937 a
2374 1881 2601 1937 Iudaica
2653 1882 2917 1952 religione
2971 1889 3023 1935 et
3080 1880 3388 1934 Christiana
3449 1877 3674 1930 veritate
3733 1875 3968 1936 alienos,

724 1966 958 2034 quisque
999 1969 1124 2024 inde
1159 1972 1529 2038 conjecturam
1586 1990 1780 2044 capere
1830 1985 2004 2044 potest
2031 1984 2235 2045 quanta
2288 1972 2429 2044 apud
2483 1954 2832 2029 Christianos
2880 1972 2934 2024 in
2968 1971 3377 2026 existimatione
3413 1976 3736 2037 quantoque
3780 1966 3833 2018 in
3869 1979 3972 2017 usu

723 2059 778 2113 in
811 2063 986 2116 sacris
1025 2061 1324 2132 Scripturis
1343 2067 1677 2134 explicandis
1697 2076 1862 2122 esset.

789 2154 932 2211 XIV.
965 2156 1120 2222 Quod
1150 2159 1193 2213 si
1228 2161 1498 2229 quispiam
1526 2171 1669 2216 esset
1702 2162 1794 2231 qui
1842 2177 1903 2216 ea
1954 2161 2019 2216 de
2063 2176 2122 2215 re
2159 2160 2450 2226 dubitaret,
2490 2159 2648 2216 facile
2711 2163 2891 2216 omnis
2922 2175 2986 2214 ex
3043 2159 3225 2212 animo
3268 2157 3623 2212 dubitationis
3673 2154 3974 2224 scrupulus

717 2251 872 2305 evelli
924 2260 1108 2320 posset
1135 2268 1200 2306 ex
1244 2254 1309 2307 iis
1335 2271 1452 2323 quae
1484 2255 1546 2309 de
1577 2253 1808 2327 Origene
1833 2257 1997 2310 tradit
2022 2255 2423 2327 Hieronymus:
2460 2256 2721 2310 nimirum
2763 2256 2907 2326 quod
2937 2256 2989 2308 in
3044 2253 3329 2308 Hebraicis
3389 2252 3708 2306 nominibus
3755 2249 3973 2306 Veteris

720 2342 1051 2398 Testamenti
1086 2343 1285 2400 fecerat
1316 2345 1490 2413 Philo,
1540 2349 1592 2402 id
1623 2350 1675 2403 in
1707 2350 2022 2404 nominibus
2052 2348 2182 2404 Novi
2213 2349 2548 2405 Testamenti
2607 2352 2927 2420 praestitisse
2998 2349 3310 2419 Origenem,
3353 2363 3414 2402 ea
3464 2347 3623 2401 laude
3657 2357 3822 2415 atque
3850 2363 3972 2401 om-

719 2439 871 2490 nium
908 2438 1194 2493 doctorum
1229 2442 1470 2496 virorum
1507 2443 1918 2513 approbatione,
1973 2452 2031 2497 ut
2065 2459 2188 2497 eum
2221 2456 2406 2513 postea
2441 2446 2555 2514 ipse
2581 2445 2946 2515 Hieronymus
2985 2443 3230 2497 imitatus
3263 2440 3614 2496 sitvertendo
3635 2439 3688 2492 in
3719 2438 3970 2509 linguam

718 2532 991 2597 Latinam,
1023 2551 1145 2604 qua:
1168 2535 1353 2591 Graece
1383 2549 1594 2592 tantum
1624 2539 2168 2605 circumferebantur,
2200 2549 2258 2593 ut
2310 2541 2456 2609 quod
2515 2541 2686 2595 Graeci
2715 2539 2980 2604 Philonis,
3015 2551 3067 2593 et
3113 2537 3366 2610 Origenis
3397 2533 3604 2598 labore,
3668 2543 3838 2601 atque
3881 2531 3969 2583 in-

717 2625 930 2680 dustria
966 2624 1260 2689 habebant,
1307 2625 1361 2680 id
1404 2625 1584 2680 Latini
1623 2627 1873 2683 lectionis
1932 2645 2211 2683 sacrarum
2290 2627 2697 2699 Scripturarum
2741 2631 2971 2685 studiosi
3020 2647 3174 2692 cura,
3207 2641 3370 2698 atque
3427 2643 3591 2698 opera
3635 2623 3976 2682 sanctissimi

722 2715 975 2771 Doetoris
1013 2717 1469 2786 adipiscerentur.
1502 2717 1677 2773 Verba
1721 2719 1782 2774 Β.
1825 2718 2140 2791 Hieronymi
2174 2720 2302 2774 talia
2327 2730 2453 2775 sunt
2489 2719 2634 2790 (l9):
2683 2739 2701 2771 ι
2740 2719 2818 2774 Ac
2846 2735 2914 2774 ne
2942 2719 3084 2773 forte
3109 2727 3492 2773 consummato
3520 2716 3775 2780 adiﬁcio,
3810 2715 3971 2785 quasi

718 2817 964 2861 extrema
995 2809 1209 2863 deesset
1258 2825 1475 2877 manus,
1516 2810 1650 2867 Novi
1683 2813 2018 2868 Testamenti
2047 2815 2206 2868 verba
2257 2823 2308 2868 et
2337 2813 2559 2868 nomina
2598 2814 2988 2883 interpretatus
3036 2828 3192 2878 sum;
3250 2811 3454 2865 imitari
3495 2810 3689 2894 volens
3724 2825 3794 2862 ex
3822 2817 3977 2878 parte

719 2897 1030 2972 Origenem,
1061 2919 1220 2973 quem
1260 2914 1379 2975 post
1412 2909 1715 2976 apostolos,
1747 2909 2117 2963 Ecclesiarum
2176 2908 2518 2977 magistrum,
2567 2923 2749 2974 nemo,
2800 2909 2904 2963 nisi
2961 2908 3248 2976 imperitus
3307 2905 3544 2977 negabit.
3591 2902 3741 2958 lnter
3775 2912 3976 2958 caetera

721 2995 867 3049 enim
899 2996 1100 3067 ingenii
1137 3000 1223 3053 sui
1255 3001 1515 3069 praeclara
1545 3012 1898 3055 monumenta
1936 3003 2102 3055 etiam
2158 3001 2211 3054 in
2246 3003 2349 3056 hoc
2379 3002 2668 3066 laboravit,
2717 3012 2774 3056 ut
2823 3002 2970 3071 quod
3017 3001 3175 3054 Philo
3225 2999 3380 3069 quasi
3419 2997 3639 3052 Judaeus
3686 2996 3974 3058 omiserat,

725 3089 815 3143 hic
841 3099 899 3143 ut
927 3091 1272 3145 Christianus
1305 3092 1571 3161 impleret.
1607 3111 1624 3142 ι
1663 3091 1739 3146 Ex
1774 3093 1859 3149 his
1891 3108 2020 3148 vero
2062 3109 2183 3163 qua:
2235 3092 2598 3164 Hieronymus
2625 3093 2866 3162 scripsit,
2913 3093 3021 3146 duo
3052 3092 3118 3145 ad
3165 3107 3278 3144 rem
3325 3099 3564 3143 nostram
3594 3086 3931 3157 colliguntur
3960 3084 3973 3118 ²

727 3180 1119 3237 Hebraicorum
1158 3186 1444 3238 nominum
1499 3185 2026 3256 interpretationem,
2067 3202 2180 3240 rem
2214 3187 2477 3256 puerilem
2500 3195 2552 3241 et
2589 3186 2792 3240 nullius
2823 3185 3100 3248 utilitatis,
3158 3192 3214 3236 ut
3249 3183 3472 3251 quidam
3518 3189 3834 3242 autumant,
3869 3176 3975 3231 mi-

722 3276 869 3330 nime
919 3278 1250 3332 eenscndam
1311 3294 1455 3341 esse.
1489 3294 1612 3334 cum
1664 3280 1721 3334 in
1762 3296 1822 3335 ea
1876 3282 1980 3335 tria
2032 3281 2452 3350 praeclarissima
2500 3282 2746 3336 omnium
2780 3289 3000 3335 aetatum
3058 3277 3274 3345 ingenia
3318 3275 3742 3336 elaboraverint,
3796 3269 3976 3336 Philo,

721 3364 1006 3438 Origenes,
1038 3367 1436 3441 Hieronymus;
1468 3380 1520 3426 et
1551 3381 1793 3426 nostram
1822 3371 2163 3426 Psalmorum
2197 3373 2570 3441 metaphrasin
2609 3387 2708 3426 seu
2741 3370 3194 3426 commentarium
3241 3370 3293 3422 in
3330 3383 3437 3436 quo
3465 3374 3725 3421 accurate
3767 3372 3824 3418 et
3856 3363 3980 3417 dili-

727 3472 915 3531 genter
949 3464 1110 3518 allata
1169 3462 1563 3520 Hebraicorum
1598 3466 1879 3519 nominum
1910 3465 2391 3534 interpretatione:
2427 3465 2769 3521 Psalmorum
2818 3465 2957 3518 tituli
3017 3471 3382 3532 exponuntur.
3420 3469 3702 3513 auctorem
3772 3471 3965 3527 prese-

723 3557 868 3613 ferre
902 3559 1228 3628 scriptorem
1289 3557 1746 3625 Alexandrinum,
1783 3560 2116 3632 minimeque
2145 3577 2264 3617 eam
2303 3561 2484 3632 magni
2515 3561 2796 3617 Athanasii
2835 3559 2918 3614 vel
2950 3559 3117 3621 tetati,
3145 3557 3228 3612 vel
3286 3555 3494 3626 patriae,
3530 3555 3616 3609 vel
3660 3554 3882 3619 studiis,
3909 3563 3967 3608 et

723 3667 894 3708 sacrre
923 3652 1187 3707 doctrinae
1220 3668 1544 3721 repugnare,
1575 3655 1671 3709 sed
1705 3671 1868 3724 quam
1896 3657 2136 3711 maxime
2178 3657 2489 3711 convenire.

796 3740 911 3796 XV.
945 3741 1102 3797 Nunc
1130 3757 1260 3796 vero
1291 3745 1556 3815 agendum
1594 3755 1676 3800 est
1702 3747 1767 3800 de
1798 3747 2087 3816 allegorica
2114 3748 2585 3816 interpretatione,
2610 3747 2765 3817 juxta
2809 3762 2972 3817 quam
3018 3753 3281 3815 perpetuo
3330 3742 3728 3798 commentario
3777 3741 3982 3797 Psalmi

724 3844 1089 3905 exponuntur.
1112 3833 1353 3890 Primum
1381 3838 1681 3907 allegorica:
1698 3854 1976 3894 sacrarum
2005 3841 2412 3910 Scripturarum
2440 3842 2902 3912 interpretationis
2925 3850 3201 3894 auctorem
3224 3846 3436 3892 veteres
3452 3834 3752 3906 scriptores
3777 3836 3985 3892 faciunt

725 3927 1008 3983 Philonem
1038 3927 1338 3984 Hebraeum.
1374 3928 1573 3984 Scribit
1599 3931 1740 3985 enim
1771 3933 1836 3986 de
1866 3947 1929 3986 eo
1973 3933 2025 3986 in
2067 3948 2165 3987 sua
2206 3933 2533 3989 Bibliotheca
2582 3934 2697 4005 (9.0)
2742 3933 3005 3987 Photius:
3043 3950 3059 3982 ι
3100 3929 3575 3987 Circumfcruntur
3600 3930 3848 4001 ejusdem
3877 3928 3982 3982 alia

725 4036 943 4090 quoque
973 4022 1118 4076 varia
1153 4024 1414 4092 opuscula
1435 4066 1450 4089 ,
1478 4025 1673 4095 quibus
1703 4026 2099 4096 disputationes
2134 4027 2244 4084 fere
2277 4030 2343 4084 de
2371 4029 2618 4083 moribus
2645 4028 3026 4091 continentur,
3055 4025 3377 4096 Veterisqne
3404 4024 3742 4080 Testamenti
3795 4023 3984 4093 expla-

728 4114 976 4168 nationes
1004 4114 1067 4168 ad
1097 4116 1408 4186 allegoriam
1444 4127 1501 4171 ut
1528 4118 1821 4187 plurimum
1859 4120 1971 4189 ipsa
2004 4120 2178 4175 littera
2208 4131 2409 4191 aptata.
2442 4119 2508 4173 Et
2537 4135 2662 4174 vero
2697 4121 2764 4174 ab
2787 4120 2888 4174 hoc
2918 4119 3151 4174 arbitror
3179 4133 3392 4173 omnem
3425 4117 3779 4187 allegoricum
3813 4130 3985 4171 sacra:

731 4204 1024 4274 Scriptura:
1054 4222 1359 4264 sermonem
1398 4211 1452 4264 in
1490 4210 1783 4265 Ecclesiam
1818 4213 2481 4281 promanassealsautem
2514 4212 2887 4278 Alexandriae,
2933 4212 3021 4267 ubi
3062 4221 3222 4265 natus
3259 4221 3409 4273 erat,
3464 4210 3715 4278 scripsit,
3770 4220 3826 4263 et
3876 4223 3984 4262 non

729 4296 902 4349 solum
936 4297 1074 4352 inter
1103 4315 1252 4364 suos,
1279 4302 1368 4354 sed
1403 4302 1565 4356 etiam
1601 4302 1740 4355 inter
1765 4303 2106 4359 Christianos
2135 4303 2329 4358 celebri
2362 4304 2581 4358 nomine
2611 4304 2679 4358 ob
2703 4318 2980 4357 sacrarum
3015 4297 3420 4372 Scripturarum
3450 4301 3760 4365 scientiam,
3782 4311 3836 4356 et
3860 4319 3988 4373 pro.

729 4382 980 4441 fanorum
1014 4391 1380 4446 doctrinarum
1407 4394 1766 4451 eruditionem
1804 4397 1923 4457 fuit,
1959 4398 2070 4452 imo
2099 4397 2262 4451 etiam
2295 4395 2618 4450 Christiana:
2652 4396 2896 4466 religioni
2931 4411 3124 4450 nomen
3161 4394 3408 4460 dedisse,
3453 4409 3481 4448 a
3512 4394 3843 4465 quibusdam
3877 4405 3957 4449 tra

731 4476 903 4533 ditum
939 4492 1041 4535 est.
1079 4483 1221 4539 Sane
1246 4483 1608 4558 Hieronymus
1642 4489 1707 4543 de
1738 4505 1803 4543 eo
1827 4490 2014 4545 scribit
2042 4490 2153 4559 (21)
2175 4532 2188 4554 ,
2221 4489 2419 4543 famam
2454 4488 2619 4544 fuisse
2641 4529 2654 4552 ,
2683 4504 2806 4544 eum
2827 4531 2842 4556 ,
2878 4504 3000 4545 cum
3031 4489 3082 4544 in
3113 4490 3351 4545 secunda
3383 4489 3652 4560 legatione
3692 4489 3761 4543 ad
3791 4489 3984 4544 Caium

735 4570 961 4628 Romam
993 4578 1247 4644 venisset,
1285 4581 1524 4636 locutum
1547 4599 1669 4638 esse
1702 4599 1822 4638 cum
1855 4584 2098 4654 apostolo
2122 4582 2302 4649 Petro,
2334 4569 2561 4654 ejusque
2595 4582 2850 4639 habuisse
2886 4584 3179 4649 amicitias,
3211 4592 3265 4638 et
3295 4583 3364 4638 ob
3394 4584 3535 4638 hanc
3563 4598 3787 4638 causam
3821 4585 3985 4639 etiam

734 4665 898 4722 Marci
926 4669 1174 4741 discipuli
1205 4673 1370 4736 Petri,
1403 4675 1545 4745 apud
1572 4675 1955 4730 Alexandriam
1988 4686 2285 4732 sectatores
2308 4692 2536 4732 ornasse
2564 4676 2849 4742 laudibus;
2874 4685 3066 4733 etante
3089 4677 3477 4751 Hieronymum
3509 4677 3650 4732 idem
3674 4679 3742 4733 de
3757 4676 3989 4734 Philone

738 4761 1031 4819 tradiderat
1067 4763 1332 4821 Eusebius
1359 4767 1729 4832 Caesariensis,
1755 4767 1846 4835 qui
1879 4766 2256 4823 doctissimum
2285 4765 2526 4822 Judazum
2570 4770 2782 4842 magnis
2824 4769 3076 4825 laudibus
3115 4779 3300 4837 ornat;
3353 4770 3494 4824 unde
3532 4779 3750 4826 constat
3786 4781 3990 4842 quanto

738 4856 956 4910 nomine
979 4867 1030 4911 et
1051 4873 1158 4927 quo
1179 4858 1230 4912 in
1266 4861 1470 4914 honore
1496 4861 1583 4915 ille
1605 4871 1746 4916 esset
1770 4859 1987 4915 Eusebii
2007 4875 2224 4931 quoque
2251 4869 2408 4915 aetate
2434 4861 2574 4930 apud
2601 4861 2972 4917 Christianos:
3009 4860 3108 4917 Hic
3138 4877 3327 4932 porro,
3353 4862 3529 4932 inquit
3558 4860 3834 4918 Eusebius
3855 4863 3986 4937 (ξε),

736 4947 818 4998 vir
841 4947 892 5000 in
928 4947 1158 5005 dicendo
1189 4953 1443 5021 copiosus
1464 4993 1477 5016 ,
1512 4951 1564 5004 in
1603 4951 1885 5007 sententiis
1917 4951 2184 5020 locuples,
2220 4951 2272 5004 in
2298 4951 2494 5005 divinze
2519 4948 2813 5022 Scriptura:
2843 4952 3193 5023 intelligentia
3221 4952 3470 5008 sublimis
3506 4963 3670 5023 atque
3703 4957 3988 5012 excelsus.

737 5042 941 5095 variam
968 5057 1030 5096 ac
1067 5043 1414 5110 multiplicem
1440 5059 1720 5099 sacrorum
1753 5044 2088 5098 voluminum
2115 5045 2508 5115 expositionem
2532 5045 2720 5100 edidit.
2752 5046 2793 5100 E
2821 5047 3046 5103 Philone
3071 5049 3263 5119 igitur,
3294 5049 3386 5119 qui
3420 5046 3558 5119 ἀνὴρ
3583 5047 3650 5102 τὰ
3685 5051 3865 5104 πάντα
3903 5050 3990 5104 εὖ·

740 5132 906 5197 δοξος,
935 5134 1010 5187 ait
1030 5132 1297 5202 Iosephus
1330 5136 1464 5203 (‘25).
1501 5151 1606 5189 non
1631 5136 1805 5191 solum
1839 5138 1890 5190 in
1912 5137 2084 5191 sacris
2114 5134 2415 5206 Scripturis
2438 5139 2766 5193 excellenter
2802 5149 3072 5206 versatus,
3101 5142 3193 5196 sed
3221 5141 3384 5195 etiam
3417 5142 3658 5196 externis
3683 5141 3991 5213 disciplinis

739 5227 951 5296 egregie
985 5227 1230 5282 excultus
1265 5228 1520 5297 praeclara
1548 5243 1710 5296 opera
1743 5229 1796 5281 in
1827 5228 2102 5295 publicum
2143 5226 2420 5293 ediderat,
2457 5227 2799 5300 allegoricam
2855 5245 3135 5285 sacrarum
3172 5231 3580 5302 Scripturarum
3619 5234 3988 5303 interpretan-

739 5321 930 5374 darum
969 5319 1227 5372 rationem
1276 5319 1330 5374 ln
1370 5320 1790 5375 Alexandrinam
1825 5318 2256 5374 Christianorum
2301 5320 2545 5374 scholam
2596 5323 2775 5392 aliqua
2811 5338 2876 5377 ex
2915 5332 3102 5393 parte,
3138 5335 3189 5380 et
3243 5325 3646 5395 quadamtenus
3688 5325 3990 5381 derit-stam

740 5409 926 5472 fuisse,
956 5424 1117 5478 quam
1144 5409 1593 5464 verisimillimum
1625 5425 1766 5474 esse,
1799 5425 1981 5476 nemo,
2013 5419 2074 5464 ut
2097 5421 2245 5480 puto,
2278 5413 2515 5483 negabit.

811 5544 1144 5618 (l8)_Tom.
1182 5544 1222 5598 ll
1276 5547 1413 5618 Opp.
1485 5548 1541 5602 S.
1604 5547 1846 5614 Hierom,
1916 5563 1968 5618 p.
2009 5548 2076 5602 90
2109 5547 2234 5602 edit.
2309 5544 2484 5604 Paris.

812 5616 921 5686 (19)
949 5616 1187 5688 ij.nt,
1212 5616 1335 5688 cap.
1359 5619 1412 5681 ὅ,
1452 5637 1508 5673 n.
1539 5620 1591 5673 7.

815 5688 924 5756 (‘20)
961 5686 1158 5740 Codice
1183 5703 1266 5741 cv.

815 5757 924 5820 121)
964 5756 1034 5810 De
1056 5759 1235 5827 script.
1273 5757 1453 5812 ercles.
1486 5773 1537 5809 n.
1570 5757 1654 5810 il.

813 5827 926 5895 (22)
963 5827 1250 5881 Hist.ercl.
1279 5830 1369 5880 ltb.
1405 5845 1462 5889 ll,
1489 5845 1606 5895 cap.
1645 5828 1722 5881 l8.

816 5895 929 5962 (25)
963 5899 1135 5951 Antia.
1168 5899 1383 5953 Judaic.
1411 5914 1526 5953 can.
1559 5898 1607 5951 9.
