4164 6482
267 486 369 539 613
943 483 1029 538 DE
1071 482 1346 537 TITULIS
1387 482 1835 537 PSAIMORUM.
1869 515 1933 521 ——-
1972 482 2361 537 ANTONELLI
2401 484 2796 540 PIL—EFATIO.
3410 490 3517 542 614

337 600 475 655 XVI.
506 600 660 668 Quod
696 608 874 655 autem
908 600 1091 655 schola
1125 600 1485 653 Alexandrina
1518 600 1864 670 allegoricazn
1902 602 2401 670 ittlerpt'elzttitmcm
2430 614 2611 657 secuta
2646 606 2735 665 sit,
2772 612 3095 675 argumento
3131 620 3255 661 esse
3292 619 3525 675 possunt

266 710 430 762 opera
468 692 762 747 Clementis
795 701 846 744 ct
876 688 1122 759 Origenis
1148 731 1161 755 ,
1191 691 1283 759 qui
1316 690 1475 742 ambo
1503 690 1881 742 Alexandrina
1915 691 2113 744 scholm
2144 691 2498 755 prmiuerunt.
2544 692 2786 758 Quorum
2830 694 3040 760 primus
3073 696 3125 747 itt
3162 696 3339 749 sacris
3377 693 3523 750 Scri-

266 786 445 855 pturis
469 783 806 855 explicandis
830 782 1129 851 sepissime
1161 782 1434 853 allegoriis
1463 782 1650 844 utitur,
1676 781 1767 833 sed
1794 782 1845 833 in
1870 781 2021 834 libris
2053 780 2379 835 Slromalum
2405 785 2665 853 mysticos
2693 782 3097 854 Scripturarum
3124 800 3320 839 sensus
3347 782 3522 853 potis-

265 879 465 933 simum
498 879 780 948 amplexus
807 890 879 929 est
907 893 920 938 ;
959 875 1223 942 siquidem
1256 875 1356 926 tria
1390 890 1485 927 sua
1518 875 1773 943 prreclara
1807 888 2004 941 npcra,
2040 872 2403 943 Protrepticon
2427 916 2441 939 ,
2476 874 2809 946 Pa'dagogou
2834 917 2848 940 ,
2902 886 2953 929 ct
2987 876 3315 930 Sliomutunt
3356 876 3526 928 libros

262 986 330 1024 eo
364 971 581 1034 ordine,
620 980 671 1022 ct
694 969 904 1022 ratione
934 966 1165 1019 instituit
1193 964 1325 1033 (24),
1358 975 1417 1018 ιιι
1448 965 1729 1034 gentilium
1761 976 2201 1035 tnystagogorum
2224 1005 2237 1028 ,
2271 981 2334 1018 ac
2367 977 2608 1019 veterum
2642 966 3087 1036 philosophorum
3124 966 3376 1034 exemplo
3413 974 3526 1017 tres

264 1064 467 1132 gradus
488 1102 501 1123 ,
533 1058 904 1128 ἀποκάθαρσιν
927 1097 939 1118 ,
981 1055 1208 1127 μύησιν,
1239 1056 1532 1109 ἐποπτείαν
1566 1055 1819 1109 referret.
1851 1057 1908 1108 ΑΙ

1881 1057 2003 1109 tlter
2030 1072 2157 1110 vero
2194 1057 2247 1111 in
2292 1058 2565 1128 allegoriis
2594 1059 2868 1113 scclandis
2898 1060 3031 1112 adeo
3067 1060 3268 1112 nimius
3296 1059 3431 1123 fuit,
3470 1068 3525 1111 ut

262 1157 429 1209 etiam
462 1155 564 1208 hoc
592 1152 809 1207 nomine
853 1166 881 1203 a
927 1151 1111 1203 multis
1139 1150 1584 1218 reprehendatur.
1637 1149 1818 1215 Quare
1860 1158 1914 1202 et
1945 1160 2200 1204 accurata
2247 1148 2634 1205 llebraicorum
2685 1154 2967 1206 nominum
3021 1154 3431 1221 interpretatio,
3473 1166 3526 1210 et

264 1250 551 1317 allegorica
590 1244 976 1316 interpretandi
1014 1244 1150 1296 ratio
1186 1243 1237 1295 in
1269 1257 1434 1297 causa
1482 1258 1602 1297 esse
1647 1260 1753 1297 non
1804 1253 2072 1313 possunt.
2127 1260 2224 1297 cur
2266 1257 2448 1299 noster
2490 1245 2828 1300 Psalmorum
2868 1249 3293 1301 commentarius
3329 1261 3526 1316 magno

263 1342 569 1396 Athanasio
600 1340 971 1409 abjudicetur,
1003 1338 1095 1391 sed
1132 1338 1311 1406 potius
1344 1349 1663 1407 argumento
1693 1353 1811 1391 esse
1844 1338 2041 1402 debet,
2083 1354 2181 1391 cur
2217 1339 2366 1391 illum
2415 1341 2760 1395 sanctissimo
2796 1342 3087 1410 episcopo,
3127 1340 3283 1409 cujus
3326 1353 3526 1392 nomen

263 1432 516 1502 prafert,
547 1448 878 1487 asseramus.
903 1429 1035 1483 Nam
1065 1437 1289 1499 utraque
1326 1430 1569 1494 intento,
1602 1438 1659 1482 ut
1692 1431 1766 1481 ita
1810 1428 2024 1495 dicam,
2064 1430 2233 1500 digito
2268 1431 2508 1485 iudieare
2544 1432 2783 1497 videtur,
2826 1441 3105 1485 auctorem
3146 1427 3525 1484 commentarii

263 1532 585 1596 scriptorem
616 1527 1039 1580 Alexandrinum
1075 1524 1275 1586 fuisse,
1308 1523 1649 1577 Alexandria:
1682 1536 1867 1577 natum
1892 1565 1905 1586 ,
1957 1532 2009 1577 et
2040 1524 2094 1577 in
2140 1524 2509 1577 Alexandrina
2554 1526 2739 1578 schola
2769 1526 3081 1579 educatum.
3116 1522 3370 1577 Profecto
3416 1537 3525 1576 non

261 1620 518 1674 diSsitnili
548 1623 775 1681 ratione,
809 1634 910 1687 qua
938 1618 1266 1671 Athanasius
1301 1616 1351 1668 in
1388 1632 1488 1670 suo
1516 1616 1910 1670 commentario
1940 1615 2219 1670 titulorum
2252 1616 2757 1685 interpretationem
2798 1626 3118 1687 prosecutus
3149 1625 3250 1680 est,
3285 1615 3525 1669 nonnul-

262 1714 439 1766 lorutn
467 1713 802 1781 psalmmum
835 1712 1022 1765 titulos
1050 1708 1337 1779 Origenem
1362 1724 1580 1779 quoque
1608 1710 1939 1779 cxplicasse,
2001 1709 2160 1762 [idem
2203 1708 2332 1764 facit
2364 1708 2730 1780 fragmentum
2766 1709 3145 1763 commentarii
3188 1706 3438 1777 Origenis
3473 1706 3527 1759 in

262 1802 538 1867 Psalmos,
562 1802 708 1873 quod
734 1817 797 1855 ex
825 1801 1009 1856 codice
1039 1798 1302 1852 Vaticano
1328 1814 1451 1852 cum
1486 1799 1608 1854 aliis
1636 1800 1689 1853 in
1722 1801 1897 1853 lucem
1931 1798 2099 1855 edidit
2126 1798 2188 1853 P.
2222 1798 2686 1867 Montfauconius,
2706 1810 2757 1854 et
2781 1817 2893 1857 sua:
2913 1799 3276 1870 Hexuplorum
3304 1798 3527 1853 editioni

262 1894 529 1964 praemisit
556 1894 704 1963 (25);
736 1909 797 1947 ac
828 1893 1053 1962 proinde
1075 1891 1143 1947 de
1164 1890 1488 1959 antiquitate
1519 1905 1678 1955 usus,
1710 1906 1774 1945 ac
1799 1891 2100 1961 disciplina:
2130 1891 2520 1963 interpretandi
2548 1894 2599 1947 in
2633 1893 2982 1964 allegoricum
3010 1908 3231 1949 sensum
3284 1891 3526 1962 psalmos

262 1984 709 2055 psalmorumque
739 1983 924 2037 titulos
955 1983 1009 2036 in
1038 1981 1223 2036 schola
1251 1980 1615 2034 Alexandrina
1648 1980 1885 2034 dubitari
1913 1982 2120 2052 nequit.

336 2074 497 2131 XVII.
532 2074 671 2141 Quin
702 2076 811 2128 imo
843 2074 999 2143 longe
1021 2080 1146 2126 ante
1173 2070 1411 2123 Pantaeni
1438 2109 1451 2132 ,
1491 2069 1785 2124 Clementis
1813 2079 1863 2123 et
1892 2064 2142 2140 Or'igenis
2169 2082 2381 2127 aetatem
2402 2114 2415 2137 ,
2445 2074 2537 2142 qui
2568 2075 2895 2129 succcssivis
2928 2074 3264 2145 temporibus
3296 2073 3517 2127 Alexan-

261 2166 476 2221 drinam
502 2164 745 2221 scholam
779 2169 1071 2227 rexerunt,
1102 2158 1420 2229 allegoricas
1449 2172 1502 2213 et
1534 2161 1792 2230 mysticus
1818 2159 2226 2230 Scripturarum
2267 2166 2638 2233 expositiones
2687 2180 2788 2219 usu
2837 2167 2980 2235 apud
3022 2166 3369 2221 Christianos
3407 2166 3532 2219 Αιυ-

263 2258 561 2314 xandrinos
590 2268 833 2327 receptas
861 2253 1051 2319 fuisse,
1080 2251 1393 2307 testimonio
1416 2266 1535 2306 esse
1569 2258 1819 2320 possunt,
1841 2267 1961 2320 quae
1991 2254 2270 2309 memoriae
2299 2254 2639 2324 posteritatis
2661 2255 2860 2309 tradita
2889 2264 3016 2311 sunt
3045 2256 3112 2311 de
3141 2255 3525 2324 Therapeutis.

261 2366 497 2420 quorum
525 2349 745 2403 nomine
769 2356 975 2402 veteres
1002 2346 1122 2399 illos
1144 2342 1490 2398 Christianos
1514 2343 1675 2397 Marci
1697 2346 2043 2414 evangelistzn
2064 2345 2367 2417 discipulos
2393 2347 2728 2419 signiﬁcatos
2757 2348 2927 2403 fuisse
2946 2350 3153 2420 antiqui
3178 2348 3369 2403 Patres
3389 2346 3525 2417 (9.6).

262 2455 317 2497 et
347 2445 530 2514 plures
565 2458 627 2496 ex
661 2439 1057 2495 recentioribus
1082 2438 1440 2507 scriptoribus
1470 2438 1875 2491 existimarunt.
1912 2437 2090 2495 Mores
2129 2442 2272 2495 enim
2295 2482 2310 2507 ,
2360 2452 2411 2495 et
2464 2442 2711 2496 instituta
2763 2441 3229 2512 Therapeutarum
3285 2442 3527 2496 referens

262 2537 420 2591 Philo
452 2537 595 2605 (27):
636 2556 652 2583 ε
682 2533 875 2586 Totum
904 2545 1064 2595 vero,
1092 2529 1297 2598 inquit,
1329 2528 1434 2582 diei
1465 2529 1734 2599 spatium,
1762 2530 1906 2599 quod
1939 2532 2008 2585 ab
2032 2540 2151 2585 ortu
2181 2533 2310 2587 solis
2341 2532 2408 2586 ad
2440 2548 2721 2602 vesperum
2757 2536 3061 2604 interjacet,
3098 2536 3151 2589 in
3186 2534 3530 2591 meditatione

262 2632 623 2701 philosophiae
655 2628 963 2681 traducunt.
1001 2624 1165 2677 Sacra
1193 2624 1336 2677 enim
1371 2624 1647 2677 volumina
1678 2624 1983 2678 lectitantes
2020 2625 2482 2695 philosophantur
2506 2641 2657 2681 more
2690 2628 2863 2696 patrio
2894 2638 3157 2697 praecepta
3194 2628 3473 2696 sapientia:
3499 2640 3527 2677 a

261 2724 565 2793 majoribus
597 2721 792 2776 tradita
819 2718 1107 2789 allegorice
1130 2717 1472 2787 explicando.
1508 2716 1717 2784 Quippe
1748 2714 2061 2770 existimant
2089 2718 2248 2771 verba
2286 2719 2400 2788 ipsa
2433 2720 2568 2773 nihil
2612 2720 2758 2774 aliud
2805 2736 2927 2775 esse
2974 2736 3137 2790 quam
3170 2720 3433 2787 imagines
3474 2734 3529 2782 et

260 2819 416 2889 signa
454 2832 637 2871 rerum
668 2815 972 2869 abditarutn
1000 2853 1014 2876 ,
1048 2826 1169 2881 qua:
1204 2825 1297 2880 per
1336 2809 1620 2879 allegorias
1647 2804 1987 2862 dec'aranda:
2021 2819 2167 2862 sunt.
2209 2809 2347 2862 Sunt
2378 2811 2541 2865 etiam
2574 2811 2718 2880 apud
2743 2827 2839 2866 eos
2867 2813 3246 2867 commentarii
3282 2822 3527 2867 veterum

258 2913 650 2983 quorumdam,
679 2911 768 2979 qui
796 2918 957 2963 secta:
986 2908 1129 2960 illius
1153 2913 1406 2958 auctores
1430 2901 1832 2971 quamplurima
1860 2902 1940 2955 eis
1966 2914 2318 2957 monumenta
2347 2905 2611 2959 doc-trime
2643 2905 2807 2970 illius,
2836 2920 2957 2975 quae
2985 2906 3036 2959 in
3064 2906 3334 2976 allegoriis
3356 2907 3529 2976 posita

258 3020 363 3068 esr,
399 3004 754 3073 reliquerunt.
784 3000 995 3067 Quibus
1019 2997 1106 3052 isti
1143 3007 1404 3064 tanquam
1434 2994 1839 3061 exemplaribus
1872 3002 2084 3049 utentes
2116 3011 2321 3050 morem
2347 2998 2487 3052 hunc
2508 2999 3281 3069 institutumqueimitantur.i
3312 2999 3390 3052 Ad
3416 2999 3530 3054 haec

258 3108 442 3153 autem
470 3096 710 3151 Philonis
735 3095 899 3149 verba
926 3092 1052 3147 talia
1077 3084 1256 3146 subdit
1274 3087 1545 3143 Eusebius
1564 3086 1707 3159 (28):
1737 3105 1753 3137 ι
1782 3085 1905 3142 Hac
1930 3099 2071 3143 certe
2097 3089 2165 3143 ab
2186 3106 2250 3143 co
2271 3091 2490 3145 homine
2513 3091 2654 3146 dicta
2676 3092 2950 3156 videntur,
2982 3093 3074 3163 qui
3099 3100 3313 3147 nostras
3345 3108 3532 3148 sacras

260 3189 472 3244 litteras
505 3196 835 3258 exponentes
868 3184 1156 3241 audiverit.
1185 3181 1335 3249 Quos
1375 3193 1557 3235 autem
1582 3218 1595 3242 ,
1637 3180 1742 3245 ait,
1779 3195 1945 3249 penes
1994 3181 2117 3237 illos
2158 3182 2326 3237 fuisse
2372 3194 2614 3239 veterum
2657 3185 3022 3255 quorumdam
3072 3186 3527 3241 commentarios.

259 3280 559 3336 verisimile
590 3289 705 3343 est,
732 3279 845 3349 ipsa
877 3292 998 3333 esse
1032 3274 1357 3345 Evangelia,
1392 3280 1445 3327 et
1469 3272 1839 3342 apostolorum
1876 3272 2079 3343 scripta
2101 3312 2116 3337 ,
2153 3285 2204 3328 et
2232 3276 2603 3345 expositiones
2635 3278 2900 3347 quasdam
2944 3287 3186 3332 veterum
3236 3276 3527 3346 prOpheta'

256 3391 417 3431 rum:
453 3373 758 3446 cujusmodi
790 3373 973 3443 plures
1001 3380 1111 3424 tum
1142 3369 1195 3422 in
1232 3368 1353 3422 aliis
1382 3364 1539 3419 Pauli
1574 3363 1857 3435 Epistolis,
1890 3376 2007 3421 tum
2038 3368 2091 3422 in
2123 3366 2210 3419 illa
2235 3384 2356 3435 quae
2386 3368 2449 3421 ad
2475 3367 2730 3422 Hebraeos
2759 3372 2957 3437 scripta
2981 3377 3082 3434 est,
3114 3369 3478 3423 continentur.
3506 3388 3523 3419 ι

256 3467 325 3522 At
353 3468 496 3522 enim
527 3465 793 3521 Henricus
821 3462 1069 3517 Valesius
1094 3470 1277 3515 censet
1307 3459 1477 3513 libros
1506 3454 1641 3511 Novi
1670 3455 2007 3511 Testamenti
2043 3471 2072 3510 a
2105 3456 2332 3511 Philone
2372 3458 2516 3512 haud
2550 3458 2846 3529 signiﬁcari
2893 3462 3139 3531 p0tuisse
3161 3502 3175 3524 ,
3212 3472 3337 3513 cum
3385 3458 3529 3513 dicat

260 3562 667 3633 συγγράμματα
700 3557 942 3613 παλαιῶν
974 3553 1201 3625 ἀνδρῶν,
1226 3552 1416 3621 quales
1448 3566 1551 3605 non
1584 3560 1738 3603 erant
1767 3548 1904 3602 Phili

1882 3548 2011 3603 onis
2040 3556 2199 3603 :etate
2226 3550 2459 3617 apostoli
2480 3559 2533 3606 et
2563 3552 2929 3622 evangelista.
2956 3552 3069 3624 Ego
3094 3562 3273 3608 autem
3308 3552 3526 3607 Eusebii

258 3658 587 3714 sententiam
619 3654 761 3707 haud
786 3666 1010 3722 prorsus
1037 3634 1389 3720 rcjicicndam
1416 3664 1534 3704 esse
1563 3658 1721 3719 puto:
1758 3664 1880 3701 nam
1917 3664 2059 3718 szepe
2082 3649 2347 3716 παλαιῶν,
2374 3666 2466 3705 seu
2501 3660 2727 3705 veterum
2758 3654 2981 3707 nomine
3012 3652 3406 3723 intelliguntur,
3435 3652 3527 3723 qui

258 3768 368 3807 una
397 3762 605 3806 tantum
631 3759 786 3806 aetate
815 3760 909 3802 seu
949 3746 1297 3815 generatione
1325 3742 1436 3815 (29)
1471 3759 1567 3797 uos
1601 3755 2030 3811 pra-cesserunt:
2068 3744 2362 3815 etquidem
2385 3784 2399 3808 ,
2448 3745 2494 3799 si
2539 3746 2592 3798 in
2627 3761 2686 3800 re
2727 3746 2886 3817 longe
2924 3746 3097 3816 posita
3130 3763 3159 3801 a
3193 3756 3377 3802 nostra
3412 3763 3525 3800 me-

259 3848 437 3902 moria
468 3856 630 3915 atque
660 3852 836 3904 aetate,
870 3843 944 3894 uti
984 3840 1293 3910 conjectura
1330 3842 1473 3901 licet,
1509 3853 1707 3893 censeo
1776 3836 2058 3893 Philonem
2090 3838 2608 3893 commentariorum
2649 3839 2871 3895 nomine
2906 3842 3048 3896 inter
3071 3842 3207 3897 alios
3239 3841 3406 3895 libtos
3442 3840 3526 3893 in-

258 3943 445 3997 dicare
471 3938 708 3992 voluisse
737 3935 1085 4004 Evangelium
1116 3932 1413 3986 secundum
1446 3928 1749 4000 IEgyptios.
1782 3928 1915 3983 Nam
1944 3932 1996 3982 in
2025 3945 2091 3984 eo
2117 3931 2393 3999 peculiare
2432 3930 2706 4002 quoddam
2743 3931 2913 3989 fuisse
2944 3933 3157 3988 dicendi
3188 3949 3358 4004 genus
3392 3934 3527 3988 alle-

258 4030 431 4102 goriis
464 4039 517 4082 et
540 4024 811 4080 abstrusis
844 4038 906 4076 ac
936 4020 1180 4091 mysticis
1210 4019 1461 4073 sensibus
1494 4020 1708 4087 plenum
1731 4056 1744 4079 ,
1776 4019 1930 4071 tidem
1967 4017 2172 4073 faciunt
2209 4019 2510 4091 fragmenta
2543 4039 2663 4093 qua:
2697 4024 2765 4077 ab
2791 4024 3031 4094 antiquis
3058 4026 3418 4096 scriptoribus
3458 4029 3525 4081 ad

258 4132 503 4177 nostram
534 4133 707 4188 usque
735 4126 948 4171 teta'em
981 4123 1192 4166 servata
1226 4122 1373 4166 sunt.
1406 4109 1777 4180 Ainigmatnm
1808 4110 1952 4163 enim
1979 4112 2150 4165 instar
2182 4112 2270 4167 illa
2301 4124 2430 4169 sunt
2465 4130 2585 4185 quae
2609 4131 2675 4169 ex
2704 4115 2795 4168 illo
2830 4117 3119 4187 Evangelio
3156 4116 3447 4173 laudantur
3473 4120 3524 4175 in

258 4214 489 4281 cpistola
516 4210 753 4267 secunda
790 4210 847 4264 S.
881 4206 1176 4262 Clementis
1214 4204 1483 4275 pontiﬁcis
1509 4200 1775 4268 Romani,
1800 4212 1855 4257 et
1886 4203 1941 4257 in
1976 4204 2115 4259 libro
2169 4207 2328 4262 tertio
2359 4205 2686 4261 Slromatum
2720 4207 2945 4264 alterius
2985 4207 3284 4267 Clementis
3318 4225 3537 4282 cogno-

260 4308 429 4363 minis
453 4307 751 4378 presbyteri
777 4303 1150 4365 Alcxandrini,
1184 4317 1247 4355 ex
1270 4314 1505 4369 quorum
1534 4298 1750 4368 scriptis
1774 4301 2120 4375 aliorumque
2151 4312 2391 4357 veterum
2427 4302 2647 4357 Patrum
2679 4303 2840 4359 nobis
2872 4314 3210 4375 compertum
3238 4306 3315 4368 llt,
3347 4300 3527 4358 Evan-

260 4399 402 4470 gelio
438 4398 560 4461 illo,
592 4398 970 4466 qualecunque
1001 4392 1194 4455 fuerit,
1233 4391 1488 4459 antiquos
1521 4390 1641 4443 illos
1668 4389 1872 4445 Christi
1900 4408 1955 4447 tn
1994 4391 2229 4464 JEgypto
2258 4395 2496 4449 asseclas
2522 4410 2651 4451 usos
2679 4394 2867 4451 fuisse.
2914 4395 3115 4453 Verum
3159 4396 3302 4450 enim
3339 4405 3523 4467 postea

262 4491 548 4561 temporis,
578 4505 700 4543 cum
737 4488 787 4541 in
817 4488 1073 4540 universo
1098 4496 1373 4539 terrarum
1401 4482 1532 4536 orbe
1557 4482 1667 4537 l'et'c
1689 4484 1753 4537 ad
1778 4500 2025 4539 omnium
2052 4486 2290 4541 ﬁdelium
2316 4502 2509 4543 manus
2533 4489 2909 4557 pervenissent
2956 4500 3189 4560 quatuor
3212 4487 3522 4558 Evangelia,

260 4581 491 4649 aliaeque
518 4578 795 4633 canonica:
826 4576 1137 4645 Scriptum,
1170 4589 1291 4640 qua:
1321 4588 1351 4627 a
1379 4573 1550 4628 sacris
1584 4574 1959 4643 evangelistis,
1992 4588 2044 4630 et
2075 4577 2282 4632 sanctis
2316 4580 2579 4647 apostolis
2606 4580 3003 4647 θεοπνεύστοις,
3031 4599 3062 4636 a
3086 4581 3194 4636 Deo
3228 4582 3523 4651 inspirans,

262 4676 319 4729 in
346 4672 520 4728 lldelis
550 4670 731 4741 populi
762 4668 1086 4729 utilitatem,
1124 4675 1177 4719 et
1211 4666 1463 4721 Ecclesiae
1493 4666 1913 4721 aediﬁcationem
1942 4669 2101 4724 nobis
2128 4668 2299 4723 divini
2342 4670 2698 4730 benellcentia
2729 4674 2924 4730 tradita
2957 4684 3117 4743 sunt;
3167 4673 3522 4746 Evangelium

263 4767 396 4824 illud
426 4764 774 4833 allegoricum
799 4801 812 4825 ,
839 4769 891 4815 et
925 4758 1033 4814 fere
1058 4757 1496 4825 amigmaticum,
1530 4758 1607 4814 uti
1634 4768 1825 4813 exorto
1851 4771 1899 4813 et
1939 4760 2284 4818 illucescente
2319 4764 2434 4821 sole
2464 4766 2675 4822 nebulae
2719 4768 3116 4839 dispelluntur,
3166 4768 3425 4840 paulatim
3470 4771 3522 4825 in

262 4860 678 4920 desuetudinem
710 4854 875 4912 abiit.
904 4862 958 4909 et
990 4869 1019 4909 e
1049 4853 1286 4909 ﬁdelium
1319 4853 1571 4909 manibus
1596 4868 1889 4907 excussum
1921 4864 2023 4909 est.
2062 4852 2447 4915 Verumtamen
2476 4872 2833 4935 posteaquam
2866 4881 2932 4921 ex
2977 4864 3221 4922 Ecclesia
3256 4869 3525 4925 catholica

261 4955 619 5026 Evangelium
645 4948 942 5008 secundum
968 4948 1248 5020 Egyptios
1268 4948 1607 5003 eliminatum
1630 4954 1734 5013 est,
1763 4948 2029 5019 benignos
2046 4963 2353 5021 receptores
2379 4954 2569 5011 habuit
2596 4956 2914 5027 haereticos;
2938 4960 3063 5030 quia
3087 4974 3210 5015 cum
3241 4962 3523 5018 abstrusus

263 5058 320 5105 et
346 5044 631 5111 ambiguos
665 5056 859 5096 sensus
890 5039 1227 5102 contineret,
1260 5036 1326 5091 ad
1351 5052 1481 5093 suos
1506 5037 1828 5092 astruendos
1854 5054 2073 5096 errores
2106 5042 2673 5118 obtenebrandamque
2706 5050 3029 5115 veritatem,
3080 5052 3327 5122 pluribus
3359 5055 3520 5109 etiam

264 5142 333 5199 de
355 5154 457 5196 suo
481 5135 707 5206 adjectis
741 5134 1163 5205 suppositisque,
1202 5142 1506 5203 Opportune
1526 5147 1591 5186 eo
1624 5131 1698 5185 uti
1727 5145 1888 5201 posse
1915 5146 2269 5193 censuerunt.
2299 5137 2550 5197 Profecto
2589 5141 2883 5201 Sabelliani
2918 5146 3119 5217 aliique
3150 5146 3364 5201 ﬁrmum
3401 5148 3525 5206 inde

342 5372 453 5442 (Ἠ)
475 5368 616 5442 l_)_an.
647 5364 831 5442 licius.
852 5378 915 5442 1n
944 5358 1201 5442 prgel‘._ad_
1221 5356 1575 5442 Clem‘hdlex.

346 5427 460 5507 325')
488 5439 620 5493 Vide
649 5436 811 5507 hujus
843 5427 1161 5507 Patrologiw
1191 5440 1326 5507 tom.
1349 5427 1468 5507 ‘XVI.

348 5498 456 5581 αδῇ
494 5510 689 5565 Euseb.
723 5498 881 5561 'Ilist.
911 5504 1037 5581 ραις
1064 5498 1109 5556 Ἰ.
1148 5517 1197 5553 v.
1233 5517 1281 5556 c.
1314 5500 1407 5563 l0;
1447 5498 1483 5551 l.
1517 5514 1589 5566 vt,
1614 5515 1660 5554 c.
1691 5500 1776 5561 ιιι,
1816 5501 1905 5557 15.
1942 5499 2162 5558 Hieron.
2198 5502 2273 5558 De
2306 5505 2402 5560 vir.
2452 5506 2667 5563 illustr'

351 5569 455 5650 Ῐῖη
488 5581 559 5633 De
624 5581 715 5635 vit.
771 5574 1049 5650 contempt.

499 5642 1438 5797 £3;{xiii}Iggtnépglgnafyia,
1486 5712 1722 5797 Atr-ignita
1764 5728 2038 5797 fanorum
2099 5722 2247 5797 tetris.
2288 5710 2707 5797 lll1pll‘l:pllyul‘.i.lls
2754 5721 2903 5766 notat
2948 5710 3014 5797 in.
3039 5707 3338 5797 ﬂ'pntct'icis
3380 5724 3525 5797 9pc-

271 5778 555 5853 ιιιόἶιίὀυε.
581 5778 749 5843 Aulus
794 5787 997 5841 Gellius
1028 5778 1157 5851 (lib.
1189 5800 1220 5835 ll
1276 5780 1432 5836 Noct.
1470 5784 1653 5842 Attia.
1683 5797 1730 5837 η.
1764 5782 1843 5845 ὅ).
1887 5784 2125 5839 codicem
2150 5782 2409 5837 Aiueidos
2437 5778 2682 5853 Virgilii,
2746 5798 2903 5851 quem
2950 5781 3051 5837 sibi
3084 5779 3269 5834 Retine
3302 5778 3522 5853 qpidatn

274 5848 666 5937 grammaticus
695 5856 1013 5937 ριιιιιιιιιιιοξιι
1040 5848 1344 5937 ἰξιβίιιιιιοίἰδ
1402 5869 1467 5933 κῃ
1498 5853 1697 5934 ⁸ιιιιιτὶε
1768 5853 2080 5935 ostenderat
2111 5896 2124 5910 .
2158 5855 2417 5908 miranda:
2466 5848 2739 5907 t'et'uslatis
2766 5848 2960 5919 'vocat,
2992 5861 3043 5906 ct
3093 5864 3271 5907 tamen
3326 5848 3527 5904 Gellius

274 5924 383 5995 non
414 5936 551 5991 adeo
588 5931 742 6004 longe
769 5924 885 5998 post
919 5924 1126 5995 Virgilii
1159 5935 1369 5977 atatem
1404 5924 1553 5976 vixit.
1886 5924 1893 5935 '
