4164 6482
700 416 804 472 615
1532 414 1587 469 S.
1637 413 2004 469 ATIIANASII
2045 414 2195 470 OPP.
2229 414 2417 470 ‘PARS
2456 414 2541 470 Ill.
2581 446 2647 454 —
2686 414 3096 470 EXEGETICA.
3831 416 3933 472 6I6

702 539 1085 608 patrocinium,
1126 549 1184 591 ut
1213 537 1313 606 ipsi
1345 539 1722 602 autumabant,
1756 538 1837 591 vel
1870 538 1933 591 ad
1961 537 2244 592 Trinitatis
2278 538 2592 609 mysterium
2619 537 3067 602 subvertendum,
3093 535 3174 589 vel
3209 535 3274 589 ad
3302 533 3570 606 legitimas
3601 534 3821 605 nuptias
3854 550 3937 587 re-

701 630 963 700 jicieudas
987 630 1088 685 sibi
1119 637 1525 699 compararunt.
1559 627 1746 699 Itaque
1774 629 1899 684 hinc
1922 628 2124 683 factum
2155 641 2255 696 est,
2286 638 2345 683 ut
2376 639 2561 698 postea
2589 628 2749 697 hujus
2780 626 3058 697 Evangelii
3088 642 3116 679 a
3146 625 3392 681 sectariis
3414 624 3657 693 corrupti
3682 633 3738 677 et
3766 623 3937 678 inter-

704 721 865 791 polati
888 762 902 787 ,
939 721 991 775 in
1027 736 1330 791 pravosque
1363 735 1558 775 sensus
1586 720 1705 790 ejus
1733 722 1909 775 verbis
1934 722 2219 791 expositis,
2251 729 2509 790 tanquam
2524 718 2664 774 .libri
2700 720 3016 790 apocryphi,
3048 729 3101 774 et
3126 717 3289 773 veluti
3327 717 3525 787 putida:
3556 716 3937 771 haereticorum

703 816 901 868 mercis
930 814 1271 868 meminerint
1300 812 1356 869 S.
1387 813 1748 883 Epiphanius,
1778 812 1835 867 S.
1861 813 2252 885 Hieronymus,
2278 813 2569 884 Origenes,
2597 810 2751 868 Titus
2787 812 3122 879 Bostrensis,
3168 809 3605 881 Theophylactns
3640 809 3777 879 (50).
3834 806 3940 861 Sed

699 920 762 959 eo
793 917 1053 969 revertor,
1097 907 1237 961 unde
1266 908 1429 975 paulo
1455 914 1580 959 ante
1611 905 1887 975 digressus
1917 922 2059 958 sum.

770 996 956 1050 XVIII.
989 998 1280 1053 Enimvero
1312 1015 1418 1051 non
1443 998 1618 1052 solum
1645 999 2005 1063 Alexandria},
2040 998 2133 1053 sed
2165 997 2326 1052 etiam
2355 998 2554 1067 ubique
2586 996 2949 1052 Ecclesiarum
2978 994 3215 1051 Orientis
3249 994 3441 1066 primis
3468 994 3796 1049 Christianae
3820 990 3941 1045 fidei

701 1090 916 1144 saeculis
945 1092 1236 1161 allegorica
1268 1107 1547 1146 sacrarum
1580 1090 1981 1159 Scripturarum
2018 1091 2387 1160 interpretatio
2414 1091 2667 1146 obtinuit.
2701 1090 2764 1144 Et
2800 1090 3018 1161 quidem
3052 1088 3509 1159 quemadmodum
3542 1088 3748 1143 nimius
3779 1098 3945 1156 atque

703 1182 1097 1237 immoderatus
1126 1183 1439 1253 huiusmodi
1469 1182 1929 1251 interpretationis
1953 1198 2106 1245 usus,
2141 1197 2263 1236 cum
2291 1183 2494 1237 scilicet
2518 1182 2714 1236 abditis
2749 1180 3154 1251 Scripturarum
3186 1181 3437 1237 sensibus
3461 1180 3799 1250 explicandis
3836 1181 3943 1233 mi-

701 1274 846 1329 nime
878 1275 1135 1340 inservit,
1171 1275 1262 1330 sed
1290 1291 1356 1330 ea
1382 1276 1615 1344 scriptor
1638 1276 1703 1329 ad
1739 1290 1840 1328 suo
1877 1273 2261 1342 indulgendum
2291 1274 2505 1344 ingenio
2533 1274 2811 1337 abutitur,
2843 1276 3268 1344 reprehensione
3294 1274 3491 1344 dignus
3523 1273 3773 1327 videtur:
3810 1273 3882 1326 ita
3914 1286 3944 1325 e

700 1367 916 1422 diverso
948 1368 1105 1423 laude
1129 1369 1480 1439 excipiendus
1504 1379 1618 1436 est,
1647 1386 1771 1424 cum
1817 1367 2044 1437 receptis
2068 1378 2308 1422 veterum
2349 1366 2570 1421 Patrum
2606 1368 2808 1436 regulis
2837 1384 2899 1422 ac
2940 1368 3221 1438 praeceptis
3252 1367 3482 1430 insistit,
3529 1373 3583 1419 et
3633 1365 3777 1418 intra
3814 1377 3944 1417 suos

698 1458 900 1514 limites
930 1475 988 1514 se
1021 1462 1279 1515 continet.
1316 1463 1495 1531 Itaque
1526 1464 1633 1514 duo
1669 1462 1721 1515 in
1760 1462 1859 1515 hac
1895 1476 1951 1515 re
1986 1462 2193 1530 scopuli
2222 1476 2568 1531 summopere
2597 1462 2797 1515 vitandi
2831 1471 2991 1526 sunt,
3026 1461 3079 1515 in
3119 1477 3351 1531 quorum
3385 1460 3614 1515 alterum
3649 1457 3943 1527 impegisse

700 1552 980 1617 videntur,
1006 1555 1096 1622 qui
1129 1564 1415 1622 sequentes
1447 1534 1702 1625 mysticos
1732 1569 1927 1608 sensus
1950 1595 1963 1619 ,
1995 1564 2048 1608 et
2077 1553 2399 1623 allegorieas
2424 1554 2894 1624 interpretationes
2927 1554 2994 1608 ab
3025 1554 3282 1607 historica
3317 1566 3597 1607 sacrarum
3634 1549 3941 1602 litterarum

699 1642 925 1697 veritate
958 1644 1364 1709 discesserunt;
1398 1648 1537 1715 apud
1572 1646 1800 1699 alterum
1831 1661 1958 1699 vero
1993 1647 2187 1700 misere
2220 1644 2561 1714 naufragium
2589 1646 2804 1710 fecisse,
2840 1648 2932 1717 qui
2961 1647 3233 1701 mordicus
3257 1643 3471 1699 litterati
3506 1640 3941 1710 interpretationi

698 1732 1053 1803 inhaerentes,
1079 1739 1281 1791 relictis
1312 1748 1551 1791 veterum
1579 1747 1891 1792 sanctorum
1921 1737 2141 1791 Patrum
2172 1738 2411 1806 vestigiis
2432 1780 2446 1803 ,
2483 1739 2539 1793 in
2586 1738 2738 1793 devia
2766 1754 2829 1793 ac
2873 1748 3144 1809 praerupta
3182 1738 3443 1793 abeuntes
3492 1735 3546 1789 in
3592 1735 3713 1789 luce
3745 1733 3942 1787 divinae

695 1847 882 1884 eorum
907 1834 1184 1902 sapientiae
1208 1849 1271 1888 ac
1303 1834 1541 1888 cmlestis
1562 1835 1823 1889 doctrina:
1853 1834 2238 1906 caligaverunt.
2275 1833 2452 1905 Atque
2476 1834 2547 1889 ita
2568 1877 2583 1902 ,
2614 1835 2814 1891 clausis
2849 1832 2917 1887 ad
2957 1832 3324 1901 evangelicum
3361 1831 3542 1885 lumen
3594 1827 3803 1891 oculis,
3850 1839 3943 1893 per

698 1921 926 1976 humilia
962 1935 1259 1993 reptantes,
1290 1926 1463 1979 solum
1493 1926 1729 1979 humana
1758 1940 1822 1979 ac
1851 1934 2063 1980 terrena
2093 1924 2474 1995 percipientes,
2504 1926 2839 1995 majestatem
2871 1922 2964 1977 Dei
2999 1923 3052 1977 in
3080 1923 3298 1977 Christo
3325 1922 3554 1975 Domino
3576 1919 3763 1974 animo
3794 1933 3946 1971 com-

697 2013 1030 2080 prehendere
1054 2017 1413 2085 nequiverunt
1433 2059 1447 2081 ,
1483 2017 1602 2072 ideo
1628 2033 1825 2088 negare
1852 2019 1967 2073 ausi
1998 2030 2126 2072 sunt
2152 2035 2165 2083 ;
2194 2027 2245 2072 et
2276 2027 2546 2073 sectantes
2578 2018 2935 2072 humilitatem
2965 2016 3155 2071 littera:
3180 2030 3211 2069 a
3237 2013 3570 2069 sublimitate
3618 2011 3945 2066 exciderunt

699 2104 1025 2162 Divinitatis.
1068 2107 1143 2161 Ex
1188 2109 1385 2163 horum
1418 2125 1646 2163 numero
1682 2108 1903 2163 fuerunt
1938 2109 2179 2163 Ebionazi
2207 2149 2220 2173 ,
2268 2107 2649 2175 Panlianistre,
2686 2108 3064 2163 Socinianista:
3091 2149 3104 2174 ,
3139 2106 3338 2178 aliique
3383 2104 3611 2159 istorum
3654 2116 3941 2185 sequaces.

697 2196 1057 2265 Quamobrem
1095 2216 1161 2254 ne
1186 2211 1331 2255 recto
1364 2202 1555 2255 itinere
1584 2201 1772 2254 relicto
1794 2241 1808 2262 ,
1846 2202 1896 2253 in
1935 2202 2112 2255 brevia
2145 2217 2207 2255 ac
2239 2210 2413 2271 syrtes
2443 2202 2791 2266 aberremus,
2828 2200 2881 2254 in
2914 2216 2972 2254 re
3008 2209 3113 2253 tam
3146 2198 3343 2253 difficili
3365 2237 3378 2260 ,
3408 2197 3652 2264 tantique
3679 2191 3943 2246 momentl

698 2293 921 2345 omnino
949 2295 1211 2348 servanda
1242 2310 1272 2347 a
1300 2294 1456 2347 nobis
1484 2302 1567 2348 est
1599 2294 1803 2363 regula,
1833 2309 1995 2363 quam
2026 2295 2125 2347 sibi
2159 2295 2496 2364 sequendam
2530 2292 2815 2362 proposuit
2841 2300 3066 2346 sanctus
3093 2290 3385 2361 Gregorius
3416 2286 3818 2350 Nazianzenus,
3850 2284 3943 2353 qui

697 2385 751 2437 in
777 2386 1022 2438 oratione
1051 2386 1464 2456 quadragesima
1489 2387 1761 2441 secunda:
1799 2406 1815 2436 ι
1842 2384 1971 2451 Nos,
1993 2386 2187 2455 inquit,
2216 2387 2389 2441 media
2418 2386 2651 2455 quadam
2680 2384 2766 2437 via
2792 2384 2932 2437 inter
2956 2398 3051 2438 eos
3068 2385 3159 2454 qui
3188 2383 3455 2438 crassiore
3476 2381 3702 2434 omnino
3728 2378 3946 2448 ingenio

696 2484 844 2539 sunt,
880 2486 932 2529 et
962 2490 1055 2530 eos
1082 2478 1172 2546 qui
1206 2478 1370 2531 niutio
1398 2478 1873 2547 contemplationis
1899 2488 1950 2531 et
1981 2479 2259 2547 anagogia:
2295 2479 2474 2532 studio
2505 2479 2800 2543 ducuntur,
2835 2476 3164 2539 incedentes,
3192 2486 3251 2531 ut
3276 2490 3374 2530 nec
3402 2488 3627 2544 prorsus
3653 2472 3859 2525 inertes
3884 2485 3945 2524 ac

697 2569 892 2638 torpidi
932 2586 1249 2626 maneamus
1271 2612 1286 2634 ,
1321 2588 1420 2627 nec
1450 2588 1644 2627 rursus
1676 2571 2007 2626 curiosiores
2034 2573 2205 2626 simus
2235 2588 2396 2640 quam
2428 2589 2524 2643 par
2553 2573 2657 2639 sit,
2693 2581 2854 2643 atque
2886 2587 2915 2625 a
2953 2572 3229 2642 proposito
3257 2578 3576 2640 argumento
3624 2565 3944 2619 excidamus

696 2672 747 2716 et
776 2678 1065 2734 evagemur
1094 2666 1345 2734 (alterum
1377 2666 1520 2720 enim
1545 2664 1830 2721 Judaicum
1862 2666 2263 2736 quodammodo
2290 2676 2341 2721 et
2368 2668 2637 2736 ahjectum
2662 2707 2676 2731 ,
2713 2666 2944 2720 alterum
2980 2665 3216 2733 ineptum
3240 2705 3253 2730 ,
3290 2678 3352 2717 ac
3384 2648 3722 2716 somnidrum
3756 2656 3942 2725 conje-

692 2768 845 2815 ctore
876 2761 1097 2829 dignum
1118 2802 1132 2820 .
1160 2775 1449 2831 paremque
1478 2772 1771 2833 utrumque
1799 2762 2272 2831 reprehensionem
2310 2766 2568 2830 meretur)
2594 2804 2607 2825 ,
2634 2762 2698 2814 ad
2733 2761 2877 2814 hunc
2907 2758 3126 2812 modum
3160 2760 3226 2809 de
3268 2755 3353 2808 his
3398 2753 3561 2806 rebus
3594 2764 3695 2819 pro
3745 2749 3941 2802 virium

697 2865 1007 2909 nostrarum
1039 2855 1258 2909 modulo
1292 2872 1397 2909 non
1432 2856 1595 2910 nimis
1623 2857 1857 2910 absurde
1880 2871 1977 2909 nec
2013 2854 2239 2908 ridicule
2262 2855 2648 2907 disseremus.)
2686 2851 2957 2907 Teneatur
2986 2851 3148 2904 etiam
3187 2841 3943 2914 alterainterpretationislex

696 2965 726 3003 a
753 2963 947 3018 magno
981 2948 1284 3018 Augustino
1317 2949 1547 3017 aliisque
1578 2945 1831 3000 Patrihus
1860 2946 2055 2999 tradita
2076 2985 2089 3007 ,
2126 2954 2182 2999 ut
2231 2953 2341 2998 tum
2373 2944 2545 2999 solum
2580 2943 2882 3013 proprietas
2915 2944 3104 2996 littera:
3134 2940 3506 3008 relinquatur,
3540 2936 3585 2989 si
3619 2950 3687 2989 ex
3720 2934 3944 2990 litterati

694 3043 1045 3113 intelligentia
1069 3043 1340 3097 absurdus
1372 3042 1668 3111 Scriptura:
1697 3054 1918 3105 sensus,
1958 3040 2039 3093 vel
2072 3039 2354 3094 catholicae
2378 3038 2633 3094 Ecclesiae
2662 3038 2923 3093 doctrina:
2947 3048 2998 3092 et
3023 3034 3297 3091 traditioni
3330 3031 3639 3088 contrarius
3666 3029 3939 3084 eliciatur.

696 3138 793 3191 Sin
819 3152 1012 3202 secus,
1040 3138 1112 3190 ita
1149 3137 1435 3207 mysticum
1465 3145 1517 3191 et
1546 3136 1893 3206 allegoricum
1926 3151 2144 3190 sensum
2176 3152 2205 3189 a
2238 3134 2490 3190 Patribus
2516 3135 2801 3205 probatum
2837 3133 2991 3203 sequi
3025 3132 3234 3202 placeat
3260 3168 3275 3192 ,
3308 3139 3365 3184 ut
3404 3128 3704 3198 proprietas
3750 3126 3945 3179 litterae

695 3241 804 3280 non
834 3227 1164 3296 repudietur.
1203 3225 1374 3280 Verba
1409 3226 1697 3296 Augustini
1731 3226 1783 3279 in
1819 3226 1958 3280 libro
2002 3243 2121 3289 vni,
2150 3241 2270 3295 cap.
2316 3226 2338 3279 I
2392 3225 2467 3279 De
2506 3226 2687 3279 Genesi
2727 3226 2794 3278 ad
2830 3226 3097 3287 litteram,
3128 3223 3217 3276 ubi
3259 3222 3500 3291 loquitur
3540 3219 3606 3273 de
3649 3219 3940 3288 paradiso,

696 3317 822 3371 talia
852 3326 1011 3371 sunt:
1058 3336 1072 3367 ι
1102 3316 1242 3370 Sane
1270 3316 1314 3369 si
1348 3315 1495 3369 nullo
1530 3315 1693 3368 modo
1724 3328 1945 3383 possent
1968 3316 2115 3369 salva
2148 3317 2248 3368 fide
2278 3316 2521 3369 veritatis
2542 3332 2604 3369 ea
2625 3356 2639 3380 ,
2670 3331 2790 3384 quae
2821 3314 3175 3384 corporaliter
3200 3314 3286 3366 hic
3321 3313 3597 3365 nominata
3631 3320 3797 3373 sunt,
3826 3325 3944 3364 cor-

693 3410 957 3481 poraliter
977 3410 1141 3464 etiam
1167 3407 1363 3477 accipi,
1395 3407 1524 3476 quid
1556 3407 1701 3460 aliud
1733 3415 2068 3467 remaneret,
2101 3408 2203 3459 nisi
2241 3415 2383 3460 utea
2408 3409 2586 3476 potius
2619 3409 2843 3475 figurate
2878 3407 3022 3461 dicta
3072 3404 3498 3474 intelligeremus
3519 3443 3533 3464 ,
3584 3418 3749 3471 quam
3799 3401 3943 3454 Scri-

692 3510 909 3569 pturam
942 3510 1187 3554 sanctam
1220 3498 1383 3567 impie
1408 3498 1791 3567 culpat-emus?
1823 3497 1990 3552 Porro
2010 3509 2189 3552 autem
2224 3497 2269 3552 si
2306 3514 2409 3551 non
2442 3498 2617 3553 solum
2655 3515 2759 3552 non
2788 3499 3125 3569 impediunt,
3161 3512 3349 3551 verum
3384 3497 3546 3550 etiam
3591 3495 3827 3550 solidius
3859 3509 3944 3548 as-

694 3603 884 3649 serunt
911 3592 1079 3647 divini
1113 3591 1314 3660 eloquii
1342 3593 1706 3646 narrationem
1740 3592 1853 3645 haec
1885 3591 2044 3645 etiam
2077 3590 2431 3659 corporaliter
2460 3592 2729 3647 intellecta
2752 3635 2766 3658 ,
2798 3608 2959 3647 nemo
2982 3593 3086 3647 erit
3107 3632 3120 3655 ,
3158 3600 3215 3645 ut
3244 3592 3436 3660 opinor
3457 3630 3470 3654 ,
3509 3602 3616 3645 tam
3654 3592 3943 3646 infideliter

694 3686 963 3757 pertinax,
999 3684 1113 3754 qui,
1145 3699 1266 3737 cum
1301 3698 1363 3737 ea
1398 3683 1695 3739 secundum
1728 3682 1967 3751 regulam
1998 3681 2119 3735 fidei
2141 3683 2385 3750 exposita
2411 3685 2625 3752 proprie
2652 3684 2866 3749 viderit,
2893 3684 3045 3737 malit
3081 3684 3134 3737 in
3168 3684 3383 3753 propria
3411 3698 3692 3738 remanere
3718 3694 3941 3738 senten-

692 3782 796 3845 tia,
828 3778 871 3835 si
902 3775 1041 3832 forte
1075 3777 1150 3831 illi
1181 3778 1293 3831 visa
1324 3777 1573 3837 fuerant,
1612 3774 1831 3827 nonnisi
1865 3773 2089 3841 figurate
2120 3787 2277 3839 posse
2305 3772 2496 3841 accipi.
2527 3794 2544 3825 ι
2602 3774 2825 3829 Demum
2861 3776 2927 3828 ad
2980 3776 3094 3829 haec
3137 3785 3189 3828 et
3242 3776 3371 3827 illud
3423 3776 3729 3830 addendum
3774 3785 3941 3846 puto,

690 3875 835 3945 quod
866 3873 1021 3928 docet
1057 3874 1245 3926 beatus
1272 3868 1508 3923 Joannes
1532 3867 1953 3938 Chrysostomus
1978 3907 1991 3930 ,
2030 3867 2272 3919 omnium
2306 3866 2397 3933 qui
2445 3883 2682 3936 unquam
2734 3868 2953 3922 fuerunt
3005 3877 3097 3921 aut
3144 3881 3270 3923 sunt
3319 3869 3723 3939 Scripturarum
3773 3871 3942 3925 inter—

692 3980 891 4039 pretes,
923 3966 1427 4038 praestantissimus,
1458 3973 1509 4017 et
1536 3962 1680 4033 quod
1715 3977 1905 4016 omnes
1947 3976 2058 4029 pra:
2085 3960 2257 4014 oculis
2295 3960 2491 4015 habere
2521 3963 2738 4028 debent,
2777 3964 2868 4033 qui
2902 3980 3088 4019 sacras
3120 3963 3430 4035 Scripturas
3461 3964 3814 4033 interpretari
3848 3979 3941 4020 aut

691 4063 868 4132 legere
894 4061 1311 4132 aggrediuntur:
1349 4076 1365 4106 ι
1392 4056 1575 4125 Neque
1618 4053 1800 4121 enim,
1851 4055 2028 4124 inquit
2070 4055 2211 4125 (5f),
2258 4056 2521 4124 sapientia
2579 4056 2815 4111 humana
2868 4074 3006 4128 opus
3039 4058 3200 4113 habet
3226 4059 3404 4113 divina
3443 4058 3757 4128 Scriptura,
3793 4070 3853 4113 ut
3878 4075 3937 4113 ea

691 4171 813 4227 quae
843 4155 1041 4224 scripta
1070 4163 1217 4213 sunt,
1252 4149 1639 4217 intelligantur,
1676 4145 1767 4199 sed
1795 4145 2122 4200 revelatione
2151 4141 2407 4214 Spiritus,
2438 4155 2497 4199 ut
2522 4161 2706 4200 verum
2738 4162 2959 4201 sensum
2983 4163 3172 4203 eorum
3203 4165 3324 4220 qua:
3349 4150 3402 4204 in
3430 4150 3536 4206 illis
3565 4153 3935 4208 continenturv

692 4250 1071 4321 percipientes,
1106 4258 1356 4315 magnam
1390 4242 1511 4295 inde
1542 4239 1840 4295 referamus
1874 4238 2180 4292 utilitatem.
2208 4258 2225 4287 ι

763 4342 902 4396 XIX.
937 4340 1202 4395 Caaterum
1254 4336 1515 4407 mysticus
1562 4350 1655 4389 seu
1698 4331 2020 4402 allegoricus
2058 4328 2463 4399 Scripturarum
2494 4346 2688 4387 sensus
2739 4335 3064 4389 auctoritate
3099 4332 3232 4387 Novi
3285 4333 3616 4388 Testamenti
3660 4336 3931 4392 innititur.

691 4441 904 4497 Passim
929 4440 1073 4493 enim
1100 4444 1394 4491 occurrunt
1420 4435 1471 4485 in
1511 4430 1821 4502 Evangeliis
1853 4436 1905 4481 et
1930 4426 2205 4481 canonicis
2237 4426 2491 4498 Epistolis
2523 4427 2734 4499 mystici
2768 4445 2937 4483 sacrae
2969 4428 3263 4498 Scriptura:
3289 4445 3483 4483 sensus
3530 4439 3583 4483 et
3631 4430 3936 4503 allegorica:

690 4536 1099 4609 explicationes.
1122 4530 1299 4598 Quare
1333 4541 1561 4596 magnus
1587 4522 1881 4593 Gregorius
1907 4536 2187 4592 exponens
2216 4519 2465 4577 Romano
2492 4522 2694 4593 popqu
2726 4523 3037 4593 parabolam
3062 4522 3209 4577 illam
3240 4523 3304 4578 de
3334 4523 3550 4577 homine
3578 4523 3670 4591 qui
3694 4524 3932 4583 exiverat

690 4628 755 4682 ad
781 4624 1155 4682 seminandum
1174 4661 1188 4683 ,
1220 4628 1361 4674 recte
1394 4617 1605 4670 aiebat:
1635 4636 1651 4665 ι
1684 4613 1741 4668 Si
1775 4628 1872 4667 nos
1896 4612 2049 4667 vobis
2074 4627 2259 4667 semen
2285 4612 2509 4668 verbum
2534 4652 2550 4676 ,
2583 4630 2773 4683 agrum
2808 4614 3070 4669 mundum
3089 4653 3105 4678 ,
3135 4616 3382 4669 volucres
3409 4614 3675 4668 daemonia
3703 4654 3718 4679 ,
3750 4617 3933 4685 spinas

688 4718 908 4775 divitias
934 4715 1241 4787 significare
1269 4712 1607 4771 diceremus,
1636 4708 1701 4761 ad
1727 4706 2058 4760 credendum
2098 4705 2255 4759 nobis
2298 4722 2449 4762 mens
2486 4705 2712 4761 forsitan
2748 4717 2926 4762 vestra
2962 4708 3267 4774 dubitaret;
3301 4709 3441 4763 unde
3473 4718 3526 4763 et
3559 4707 3700 4763 idem
3746 4708 3931 4764 Domi-

690 4824 794 4863 nus
821 4823 914 4878 per
953 4802 1302 4871 semetipsum
1334 4798 1585 4867 dignatus
1612 4804 1695 4850 est
1728 4810 1997 4864 exponere
2029 4793 2173 4863 quod
2207 4795 2455 4862 dicebat,
2487 4806 2546 4849 ut
2580 4797 2768 4853 sciatis
2801 4813 2982 4853 rerum
3024 4800 3449 4870 significationes
3475 4814 3719 4868 quaerere
3766 4801 3820 4856 in
3866 4804 3931 4857 iis

687 4904 851 4957 etiam
884 4914 1005 4968 qua:
1032 4914 1125 4967 per
1155 4894 1504 4963 semetipsum
1535 4887 1710 4943 noluit
1734 4886 2029 4955 explicare.
2060 4885 2391 4955 Exponendo
2423 4904 2550 4960 ergo
2578 4891 2721 4961 quod
2758 4891 2928 4957 dixit,
2960 4892 3187 4962 figurate
3219 4907 3276 4947 se
3310 4892 3456 4961 loqui
3491 4891 3727 4946 innotuit
3750 4932 3765 4956 ,
3801 4909 3934 4964 qua-

689 5008 846 5050 tenus
875 5000 1054 5047 certos
1080 5003 1177 5043 vos
1209 4987 1486 5047 redderet,
1522 4997 1643 5037 cum
1674 4979 1825 5035 vobis
1864 4986 2047 5032 nostra
2076 4976 2341 5048 fragilitas
2373 4981 2659 5034 verborum
2698 4982 2843 5037 illius
2875 4983 3074 5054 figuras
3103 4986 3356 5054 aperiret.
3386 5005 3403 5035 ι
3450 4984 3516 5039 Et
3541 4987 3760 5056 quidem
3811 4997 3931 5056 quis

691 5099 927 5155 unquam
964 5081 1067 5137 sibi
1095 5078 1439 5149 persuaderet
1468 5089 1562 5143 per
1588 5073 1726 5126 duos
1762 5069 1993 5123 Abrahae
2025 5069 2165 5123 filios
2187 5111 2201 5133 ,
2231 5085 2465 5140 quorum
2502 5088 2641 5126 unus
2668 5086 2828 5128 natus
2849 5085 2932 5129 est
2956 5076 3021 5129 de
3049 5076 3243 5131 ancilla
3265 5118 3280 5144 ,
3312 5077 3446 5131 alter
3480 5077 3546 5132 de
3586 5077 3755 5131 libera
3783 5120 3798 5142 ,
3827 5078 3931 5132 duo

689 5177 1032 5233 Testamenta
1056 5169 1385 5241 significari,
1419 5181 1585 5221 unum
1614 5164 1833 5234 quidem
1868 5177 1918 5214 tn
1946 5170 2128 5216 monte
2158 5159 2287 5215 Sina
2317 5161 2367 5214 in
2403 5164 2720 5217 servitutem
2770 5180 3037 5236 generans
3064 5183 3078 5232 ;
3110 5167 3337 5223 alterum
3364 5183 3493 5223 vero
3526 5168 3578 5221 in
3624 5168 3926 5225 libertatem

688 5272 922 5325 filiorum
957 5265 1047 5320 Dei
1071 5306 1085 5331 ,
1120 5279 1225 5333 qua
1254 5261 1508 5317 Christus
1540 5273 1639 5312 nos
1667 5255 1890 5309 donavit
1916 5254 1970 5307 ‘?
1998 5252 2134 5320 Quis
2158 5255 2401 5309 crederet
2428 5271 2523 5325 per
2550 5255 2885 5313 sacerdotem
2911 5258 3302 5315 Melchisedech
3330 5270 3591 5315 aeternum
3622 5263 3927 5329 pontificem

685 5362 963 5415 Christum
993 5356 1338 5417 Dominnni',
1368 5368 1463 5423 per
1484 5346 1894 5403 tabernaculum
1928 5346 2127 5399 caelum
2148 5346 2186 5411 ³,
2214 5360 2307 5414 per
2336 5346 2655 5416 sanguinem
2694 5351 2995 5415 hircorum,
3029 5359 3083 5404 et
3114 5349 3407 5403 vitulorum
3439 5350 3762 5421 sanguinem
3790 5351 3929 5421 ejus-

684 5451 808 5506 dem
842 5446 1047 5502 Christi
1069 5444 1315 5504 Domini,
1348 5456 1437 5511 per
1473 5438 1673 5493 Sancta
1705 5443 2021 5489 sanctorum
2051 5433 2278 5489 interius
2306 5435 2427 5489 cmli
2470 5435 2675 5492 aditum
2709 5440 3093 5495 adumbratum’
3132 5438 3376 5495 fuisse“?
3420 5439 3553 5506 Quis
3604 5440 3658 5494 in
3688 5442 3927 5495 animum

756 5568 774 5599 ⁸
802 5565 975 5622 Galat.
1014 5580 1085 5626 tv,
1120 5562 1210 5622 22,
1240 5560 1333 5623 23,
1369 5575 1520 5630 seqq.
1596 5557 1616 5587 ’
1643 5553 1806 5609 Hebr.
1846 5568 1964 5616 vni,
1996 5552 2021 5605 I
2061 5566 2213 5622 seqq.
2313 5552 2332 5583 ³
2360 5552 2523 5608 Hebr.
2551 5571 2664 5621 vm,
2694 5556 2728 5609 5
2754 5572 2905 5628 seqq.
2985 5558 3006 5588 δ
3036 5555 3198 5612 Hebr.
3226 5573 3300 5623 ix,
3328 5556 3383 5620 5,
3409 5556 3468 5609 II
3511 5572 3664 5628 seqq.

757 5681 869 5754 (30)
894 5680 1089 5754 Epiph.
1118 5680 1247 5735 hair.
1283 5694 1430 5732 LX‘XII
1460 5719 1475 5743 ,
1507 5691 1625 5746 cap.
1658 5674 1692 5728 2
1717 5692 1732 5740 ;
1762 5672 1906 5727 Hier.
1933 5670 2084 5740 praef.
2120 5672 2267 5726 hom.
2290 5672 2342 5725 in
2369 5673 2595 5738 Matth;
2622 5674 2769 5746 Orig.
2802 5678 2947 5733 hom.
2974 5678 3025 5732 in
3058 5676 3183 5732 Luc.
3208 5694 3226 5742 ;
3248 5676 3353 5731 Tit.
3380 5674 3657 5743 Bostren.,
3685 5674 3926 5748 Theoph.

683 5755 753 5807 ad
768 5751 858 5822 'pr.
883 5751 1013 5805 Luc.

758 5818 872 5893 (3i)
900 5822 1053 5878 Hom.
1090 5822 1143 5875 in
1175 5818 1357 5875 Cenes.
