4164 6482
251 437 348 489 617
949 431 1034 486 DE
1075 429 1351 486 TITULIS
1389 428 1836 486 PSALM‘ORUM.
1873 459 1942 468 —
1983 428 2365 484 ANTONELLI
2407 427 2795 484 PILEFATIO.
3359 430 3459 483 (118

250 568 406 609 suum
442 551 719 606 induceret
750 567 842 620 per
877 553 1125 606 animalia
1149 594 1163 616 ,
1197 567 1423 620 quorum
1457 551 1676 621 sanguis
1704 550 2029 606 inferebatur
2058 567 2155 620 pro
2179 560 2402 620 peccato
2433 550 2484 603 in
2519 548 2713 604 Sancta
2746 565 2840 620 per
2863 550 3164 619 pontiﬁcem
3190 588 3204 613 ,
3236 564 3458 618 corpora

247 652 424 696 autem
453 642 828 697 cremabantur
851 653 1000 696 extra
1034 652 1210 696 castra
1239 686 1252 708 ,
1285 643 1574 695 indicatum
1603 657 1722 696 esse
1750 641 1954 705 Jesutu,
1989 650 2046 695 ut
2069 641 2429 696 sanctiﬁcaret
2474 657 2568 712 per
2593 658 2749 696 suum
2803 641 3118 710 sanguinem
3155 640 3412 710 populum
3442 680 3457 703 ,

245 747 396 789 extra
441 747 648 805 portam
682 736 913 791 civitatis
939 735 1234 791 Jerusalem
1278 753 1564 807 passurum
1609 752 1760 800 esse;
1825 737 1926 790 nisi
1973 738 2086 791 haec
2111 737 2290 790 divina
2321 746 2373 791 et
2396 737 2708 791 admiranda
2735 737 2985 807 mysteria
3009 737 3162 790 nobis
3184 736 3458 805 apostolus

245 825 449 882 Paulus
478 829 781 896 aperiret“?
814 828 979 898 Cujus
1010 829 1060 882 in
1093 839 1324 884 mentem
1361 844 1598 898 unquam
1631 829 1881 892 venisset,
1910 844 2002 897 per
2027 828 2228 892 Adam,
2263 828 2355 898 qui
2383 829 2626 882 immisso
2666 843 2694 881 a
2728 826 2952 880 Domino
2994 841 3186 896 sopore
3208 867 3223 890 ,
3261 834 3314 879 et
3361 834 3447 892 pcl

246 919 447 985 Evam,
474 937 635 990 quam
666 936 730 975 ex
775 922 1091 976 dormientis
1122 930 1272 976 costa
1309 921 1362 974 in
1388 922 1666 976 mulierem
1698 921 1840 977 Deus
1867 922 2207 985 aediﬁcavit“,
2239 930 2294 976 et
2322 923 2388 974 de
2420 935 2524 990 qua
2564 919 2767 974 dictum
2800 921 2915 973 est'
2946 938 2957 972 :
2993 918 3340 985 Quamobrem
3370 933 3454 969 re-

247 1016 446 1082 linquet
477 1016 628 1067 homo
652 1024 848 1083 patrem
890 1032 1041 1068 suum
1062 1056 1077 1080 ,
1101 1025 1150 1068 et
1179 1026 1392 1068 matrem
1415 1055 1429 1078 ,
1456 1025 1503 1068 et
1532 1016 1815 1069 adlta’rebit
1839 1018 1992 1070 uxori
2013 1031 2142 1081 suta,
2163 1024 2210 1069 et
2241 1023 2391 1068 erunt
2417 1015 2518 1066 duo
2553 1013 2606 1065 in
2634 1029 2790 1066 carne
2812 1029 2914 1065 una
2939 1028 2956 1064 :
2981 1012 3257 1067 Christum
3289 1008 3453 1079 signi-

247 1107 391 1158 licari
416 1114 471 1158 et
497 1104 811 1169 Ecclesiam,
843 1121 964 1176 qua:
993 1121 1059 1161 ex
1090 1106 1254 1160 latere
1275 1105 1479 1160 Christi
1503 1107 1712 1161 Domini
1739 1109 2004 1179 sanguine
2032 1117 2084 1163 et
2112 1123 2248 1177 aqua
2273 1107 2468 1162 ﬂuente
2498 1105 2888 1160 obdormientis
2921 1106 2971 1158 in
2994 1120 3174 1168 cruce,
3209 1102 3453 1156 immisso

247 1201 572 1255 voluntariae
605 1201 794 1256 mortis
820 1215 1014 1270 sopore
1035 1241 1050 1266 ,
1081 1201 1356 1256 ell'ormata
1381 1212 1465 1257 est
1486 1242 1501 1269 ,
1531 1212 1585 1257 et
1617 1205 1878 1274 sanguine
1906 1205 2074 1273 ipsius
2107 1204 2377 1268 redempta
2396 1243 2410 1264 ,
2439 1208 2492 1255 et
2524 1216 2662 1270 aqua
2691 1200 2937 1268 baptismi
2971 1197 3301 1254 sanctiﬁcata
3325 1236 3339 1260 ,
3385 1197 3457 1249 ob

248 1310 411 1362 quam
451 1295 666 1363 reliquit
697 1294 807 1364 (52)
844 1305 1102 1349 aeternum
1142 1311 1301 1349 suum
1337 1295 1546 1350 Patrem
1574 1338 1588 1361 ,
1624 1295 1957 1351 deserndens
1987 1297 2099 1365 ipse
2127 1298 2192 1351 de
2215 1296 2371 1355 cado,
2403 1305 2461 1349 ut
2486 1296 2774 1349 humanam
2803 1307 3018 1348 carnem
3064 1290 3378 1359 susciperet,
3405 1296 3456 1340 t-t

244 1389 482 1444 deseruit
515 1399 762 1456 matrem,
786 1406 976 1460 nempe
1007 1390 1269 1460 ingratam
1293 1403 1346 1446 et
1373 1392 1702 1446 iucredulam
1731 1390 2089 1461 Synagogam,
2113 1392 2252 1447 unde
2275 1391 2557 1460 originem,
2585 1401 2644 1444 ut
2673 1391 2856 1453 homo,
2885 1388 3134 1447 ducebat,
3169 1394 3227 1438 ut
3253 1384 3453 1439 scilicet

245 1482 543 1537 adhaereret
576 1481 828 1538 Ecclesia:
856 1481 1088 1536 ﬁdelium
1111 1523 1126 1547 ,
1159 1492 1214 1538 et
1237 1484 1356 1553 ejus
1390 1494 1551 1553 caput
1577 1485 1844 1538 exsistens
1877 1483 2160 1553 mysticum
2198 1483 2326 1538 illud
2354 1499 2549 1553 corpus
2573 1481 2913 1545 eﬁ‘ormarct;
2959 1478 3061 1532 nisi
3097 1479 3234 1531 idem
3266 1476 3454 1530 beatus

245 1579 524 1647 apostolus
552 1576 905 1632 admiratione
940 1576 1348 1646 obstupefactus
1377 1578 1440 1630 ad
1470 1578 1560 1630 illa
1589 1577 1748 1632 verba
1783 1577 2024 1632 clamans
2057 1577 2300 1631 diceret:
2343 1575 2742 1630 Sacramcntum
2781 1575 2875 1626 Itoc
2919 1588 3164 1641 magnum
3193 1581 3311 1633 est;
3364 1585 3454 1640 ego

246 1681 421 1723 autem
442 1671 561 1722 dico
589 1670 641 1722 in
666 1666 894 1733 Christo,
924 1676 971 1720 et
1005 1670 1061 1721 in
1095 1669 1324 1722 Ecclesia
1344 1671 1386 1724 ⁸.
1415 1669 1547 1735 Quis
1569 1669 1703 1729 lucc,
1727 1677 1783 1721 et
1811 1668 2040 1737 plurima
2070 1667 2195 1733 alia,
2229 1684 2348 1738 qua:
2379 1669 2431 1721 in
2457 1668 2654 1722 divinis
2673 1666 2822 1720 Pauli
2859 1666 3050 1720 litteris
3086 1665 3452 1730 continentur,

245 1780 484 1835 unquam
515 1764 784 1821 crederet.
815 1764 919 1818 nisi
947 1779 1012 1819 ea
1042 1780 1140 1819 nos
1169 1765 1354 1818 beatus
1380 1765 1656 1833 apostolus
1687 1764 1973 1818 edoceret?
1997 1763 2179 1834 Neque
2213 1763 2331 1817 ideo
2357 1760 2610 1832 Origenes
2643 1761 3052 1831 reprehenditur
3076 1759 3142 1812 ab
3172 1758 3454 1812 Eustatbio

245 1869 481 1928 martyre
506 1858 839 1913 Antiocheno
873 1859 981 1928 (53)
1005 1898 1019 1921 ,
1049 1874 1078 1912 a
1110 1874 1304 1926 magno
1333 1857 1530 1913 Basilio
1553 1859 1664 1928 (34)
1685 1899 1699 1919 ,
1728 1858 1934 1913 Joanne
1964 1858 2350 1930 Chrysostomo
2378 1859 2486 1927 (55)
2509 1897 2523 1919 ,
2555 1857 2883 1927 Epiphanio,
2918 1855 3236 1924 ThCOpbilo,
3268 1853 3456 1908 Hiero-

245 1967 408 2022 nymo
435 1950 546 2021 (56)
570 1989 584 2014 ,
612 1951 859 2020 aliisque,
894 1950 1036 2018 quod
1063 1949 1357 2018 spiritalem
1392 1949 1793 2019 Scripturarum
1827 1965 2044 2005 sensum
2068 1949 2400 2018 exposuerit,
2437 1949 2516 2002 vel
2539 1948 2681 2018 quod
2714 1947 2912 2017 ingenii
2941 1946 3157 2000 solertia
3197 1945 3452 2008 caruerit,

245 2059 353 2115 qua
379 2044 658 2114 mysticus,
693 2057 838 2112 quos
866 2057 1051 2097 revera
1085 2042 1456 2111 complectitur
1492 2042 1769 2112 Scriptura
1796 2057 2007 2106 sensus,
2037 2041 2414 2110 investigaret;
2448 2041 2540 2095 sed
2565 2040 2706 2109 quod
2731 2054 2792 2093 ea
2819 2040 2871 2091 in
2902 2052 2960 2092 re
2987 2037 3211 2090 nimium
3241 2036 3455 2104 ingenio

245 2151 348 2190 suo
378 2136 677 2198 indulserit,
707 2143 761 2190 et
798 2143 978 2204 spreto
1002 2135 1214 2188 litterati
1242 2149 1402 2190 sensu
1433 2136 1713 2204 allegorias
1739 2134 2008 2204 quaesierit
2040 2133 2172 2188 locis
2193 2134 2574 2203 propemodum
2599 2131 2916 2195 innumeris,
2951 2145 2981 2183 a
3013 2129 3207 2197 quibus
3233 2143 3451 2197 prorsus

245 2228 438 2282 aliena:
467 2234 613 2281 sunt.

314 2317 432 2372 XX.
458 2316 517 2372 Et
546 2315 760 2388 quidem
791 2325 998 2373 veteres
1036 2315 1288 2372 Ecclesiae
1326 2315 1577 2372 doctores
1604 2317 1765 2371 etiam
1792 2317 1884 2372 ubi
1918 2317 2088 2372 sacris
2120 2316 2413 2387 Scripturis
2441 2316 2770 2385 explicandis
2802 2315 3083 2369 litteralem
3111 2314 3290 2384 potius
3328 2327 3452 2368 sen-

244 2427 365 2469 tum
395 2428 558 2483 quam
591 2412 936 2483 allegorieum
962 2413 1131 2467 secuti
1167 2418 1322 2476 sunt,
1355 2411 1649 2480 spiritalem
1681 2420 1858 2467 tamen
1882 2427 1946 2466 ae
1976 2412 2259 2482 mysticum
2297 2422 2595 2480 agnoscunt
2619 2428 2681 2465 ac
2708 2413 2954 2479 probant,
2979 2423 3032 2466 et
3062 2411 3293 2480 primum
3331 2424 3452 2464 cor-

245 2505 387 2575 pori,
417 2505 646 2558 alterum
680 2519 805 2558 vero
832 2503 1024 2558 animae
1040 2511 1374 2571 comparant.
1396 2502 1760 2559 Tertullianus
1786 2519 1948 2574 agens
1964 2505 2030 2559 de
2057 2502 2311 2557 Oratione
2339 2502 2616 2558 Dominica
2645 2503 2757 2572 (57)
2782 2523 2793 2558 :
2831 2524 2846 2555 ς
2873 2503 3217 2573 Quanquam,
3250 2502 3448 2573 inquit.

244 2599 446 2652 Panem
497 2608 733 2653 nostrum
780 2600 1141 2667 quotidianum
1193 2599 1263 2652 da
1313 2600 1459 2654 nobis
1511 2599 1684 2664 hodie,
1740 2600 2054 2670 spiritaliter
2103 2599 2282 2667 potius
2354 2599 2735 2668 intelligamus.
2789 2599 3037 2653 Christus
3093 2599 3236 2651 enim
3291 2597 3446 2665 panis

245 2700 427 2746 noster
457 2700 558 2753 est,
592 2690 717 2760 quia
754 2690 856 2744 vita
880 2688 1150 2755 Christus,
1180 2700 1233 2746 et
1260 2692 1364 2746 vita
1389 2692 1560 2761 panis,
1584 2699 1685 2744 etc.
1715 2688 1898 2758 Itaque
1924 2691 2150 2758 petendo
2175 2705 2364 2759 panem
2393 2691 2788 2759 quotidianum,
2827 2690 3231 2759 perpetuitatem
3263 2699 3450 2757 postu-

245 2782 422 2838 lamus
451 2784 504 2838 in
537 2782 775 2851 Christo,
808 2795 859 2839 et
889 2785 1314 2840 individnitatem
1345 2801 1376 2840 a
1408 2800 1632 2854 corpore
1654 2784 1792 2855 ejus.
1828 2783 1933 2838 Sed
1977 2795 2030 2839 et
2063 2786 2186 2853 quia
2229 2786 2515 2840 carnaliter
2546 2786 2850 2839 admittitur
2881 2784 2982 2839 ista
3039 2800 3165 2844 vox.
3194 2799 3300 2838 non
3335 2783 3453 2838 sine

245 2880 504 2951 religione
527 2888 700 2950 potest
725 2879 839 2934 ﬁeri
866 2889 920 2934 et
951 2879 1207 2947 spiritalis
1233 2880 1548 2950 disciplinae.
1585 2879 1784 2933 Panem
1813 2879 1956 2934 enim
1987 2881 2095 2934 neti
2132 2880 2368 2944 mandat,
2403 2880 2547 2949 quod
2588 2879 2762 2935 solum
2811 2879 3056 2934 ﬁdelibus
3083 2880 3447 2934 necessarium

244 2983 358 3037 est;
380 2981 572 3028 cratera
604 2972 747 3027 enim
779 2973 1023 3026 nationes
1053 2972 1354 3042 requirunt.
1392 2972 1493 3028 Ubi
1531 2974 1765 3030 dictione
1794 2975 1883 3028 illa
1915 2976 2226 3044 spiritaliter
2255 2975 2602 3046 allegoricum
2630 2983 2682 3030 et
2706 2976 2988 3046 mysticum
3011 2975 3294 3029 verborum
3324 2990 3447 3029 seu-

249 3084 392 3130 sum,
430 3067 520 3121 illa
549 3081 676 3122 vero
706 3067 987 3121 carnaliter
1015 3066 1292 3123 litteralem
1335 3069 1618 3139 signiﬁcat.
1651 3088 1669 3122 ι
1708 3068 1817 3124 Nec
1847 3070 2177 3124 dissimiliter
2205 3072 2578 3126 sanctissimus
2618 3081 2818 3142 martyr
2848 3070 3145 3141 Cyprianus
3168 3070 3451 3125 Tertullia-

250 3179 402 3229 num,
436 3177 595 3233 quem
644 3163 960 3233 magistrum
989 3164 1232 3230 vocabat,
1266 3175 1506 3231 secutus,
1541 3165 1766 3234 loquens
1791 3164 1857 3218 de
1885 3165 2070 3218 eadem
2105 3163 2378 3220 Orationis
2419 3165 2712 3221 Dominica;
2743 3167 2999 3236 petitione
3042 3167 3154 3236 (38)
3192 3186 3205 3220 :
3246 3186 3264 3218 σ
3296 3169 3449 3233 Quod

248 3264 448 3329 potest,
473 3257 567 3322 ait,
601 3265 654 3312 et
684 3258 1016 3327 spiritaliter,
1064 3267 1117 3312 et
1146 3258 1462 3327 simpliciter
1494 3260 1716 3330 intelligi
1754 3277 1767 3314 :
1799 3260 1926 3329 quia
1957 3269 2010 3315 et
2039 3269 2263 3330 uterque
2313 3261 2619 3317 intellectus
2652 3262 2882 3317 utilitate
2917 3263 3096 3317 divina
3146 3262 3355 3332 proﬁcit
3382 3264 3448 3317 ad

247 3354 496 3409 salutem.
529 3351 661 3407 Nam
691 3354 844 3422 panis
870 3354 989 3407 vitae
1032 3351 1283 3408 Christus
1319 3363 1420 3417 est,
1467 3364 1520 3409 et
1550 3355 1705 3424 panis
1744 3355 1831 3410 hic
1865 3356 2107 3410 omnium
2141 3372 2249 3410 non
2273 3364 2376 3422 est,
2411 3357 2502 3412 sed
2534 3364 2717 3411 noster
2746 3365 2848 3420 est,
2883 3365 2985 3412 etc.
3018 3355 3198 3412 Potest
3234 3370 3360 3411 vero
3397 3366 3450 3410 et

247 3449 327 3504 sic
354 3447 596 3518 intelligi,
631 3459 686 3502 ut
714 3449 802 3518 qui
835 3447 1031 3503 saeculo
1064 3450 1511 3516 renuntiavimus,
1547 3458 1601 3506 et
1639 3452 1856 3507 divitias
1885 3453 2024 3523 ejus,
2071 3461 2126 3508 et
2157 3467 2379 3522 pompas
2429 3451 2530 3507 ﬁde
2576 3452 2759 3523 gratia:
2793 3453 3087 3523 spiritualis
3131 3453 3446 3521 abjecimus,

245 3543 424 3597 cibum
459 3541 616 3596 nobis
648 3551 851 3596 tantum
894 3552 1140 3612 petamus
1171 3553 1226 3599 et
1264 3545 1486 3602 victum.
1526 3546 1899 3614 sQuibuscum
1936 3548 2203 3603 consentit
2236 3548 2422 3602 beatus
2450 3548 2780 3618 Augustinus
2805 3547 2938 3620 (59),
2971 3548 3064 3618 qui
3113 3548 3336 3618 loquens
3382 3549 3448 3604 de

247 3634 502 3704 paradiso
529 3635 597 3688 ab
625 3632 851 3704 Origene
875 3636 1099 3706 ejusque
1127 3636 1404 3706 discipulis
1434 3655 1539 3693 non
1563 3640 1797 3709 pr0prie,
1832 3640 1924 3695 sed
1948 3641 2170 3708 ﬁgurate
2201 3639 2470 3694 intellecto
2500 3657 2512 3693 :
2550 3658 2568 3690 ‹
2604 3639 2768 3705 Quasi
2788 3650 3090 3710 propterea,
3121 3641 3314 3711 inquit,
3338 3655 3448 3694 non

246 3726 617 3795 potueritesse
646 3729 925 3796 paradisus
949 3729 1265 3797 corporalis,
1287 3728 1411 3797 quia
1446 3739 1622 3799 potest
1665 3729 1828 3784 etiam
1876 3729 2133 3798 spiritalis
2163 3729 2425 3800 intelligi?
2455 3728 2735 3799 Tanquam
2778 3730 2900 3785 ideo
2942 3745 3050 3785 non
3101 3729 3301 3785 fuerint
3329 3731 3449 3786 duae

248 3817 522 3882 mulieres,
567 3817 709 3888 Agar
746 3827 797 3872 et
825 3816 979 3884 Sara,
1007 3827 1058 3873 et
1090 3834 1154 3874 ex
1187 3819 1292 3873 illis
1333 3820 1440 3875 duo
1472 3820 1566 3874 ﬁlii
1605 3818 1853 3884 Abrahre,
1886 3835 2027 3876 unus
2056 3820 2122 3875 de
2161 3821 2377 3884 ancilla,
2407 3830 2461 3877 et
2489 3820 2629 3876 alius
2659 3821 2725 3876 de
2751 3821 2952 3885 libera;
2989 3821 3116 3891 quia
3145 3821 3254 3874 duo
3284 3829 3449 3875 testa-

247 3923 427 3968 menta
463 3915 518 3968 in
554 3914 634 3968 eis
665 3913 888 3984 ﬁgurata
926 3914 1055 3968 dicit
1085 3916 1524 3984 Apostolus;aut
1571 3917 1689 3972 ideo
1715 3917 1780 3972 de
1811 3918 1954 3971 nulla
1996 3925 2167 3987 petra,
2195 3917 2376 3988 Moyse
2421 3917 2772 3983 percutiente,
2806 3931 2942 3986 aqua
2973 3914 3274 3977 deﬂuxerit,
3320 3915 3446 3983 quia

247 4014 422 4073 potest
463 4005 570 4060 illic
631 4003 852 4075 ﬁgurata
897 4005 1286 4076 signiﬁcatione
1318 4007 1478 4061 etiam
1523 4007 1770 4062 Christus
1806 4007 2049 4077 intelligi,
2101 4008 2288 4061 eodem
2335 4007 2595 4076 Apostolo
2639 4008 2889 4062 dicente:
2923 4005 3080 4058 Petra
3129 4015 3302 4058 autem
3334 4013 3447 4057 erat

248 4101 566 4157 Christus".
598 4099 765 4156 Nemo
791 4102 968 4170 itaque
1011 4103 1254 4172 prohibet
1288 4103 1578 4174 intelligere
1607 4104 1938 4172 paradisum,
1975 4101 2137 4156 vitam
2172 4102 2489 4166 beatorum;
2522 4110 2754 4171 quatuor
2785 4101 2902 4169 ejus
2936 4099 3176 4165 ﬁumina,
3214 4105 3445 4168 quatuor

249 4199 495 4260 virtutes,
531 4204 632 4251 etc.
665 4194 788 4250 Haec
829 4205 884 4250 et
914 4196 960 4250 si
1005 4211 1111 4264 qua
1161 4197 1264 4250 alia
1310 4197 1648 4252 commodius
1695 4196 1800 4252 dici
1830 4207 2057 4266 possunt
2087 4195 2152 4249 de
2201 4195 2546 4266 intelligendo
2595 4194 2902 4264 spiritaliter
2926 4193 3197 4262 paradiso,
3232 4190 3446 4245 nemine

249 4293 584 4365 prohibente,
619 4290 868 4345 dicantur
896 4309 910 4347 :
936 4292 1065 4346 dum
1092 4301 1267 4345 tamen
1300 4292 1444 4347 illius
1478 4292 1714 4346 historiae
1739 4294 1932 4347 veritas
1967 4290 2277 4346 ﬁdelissima
2314 4306 2491 4345 rerum
2524 4299 2795 4362 gestarum
2828 4289 3136 4343 narratione
3175 4299 3446 4341 commen-

247 4391 370 4446 data
401 4398 665 4444 teneatur.
700 4407 719 4440 ι
740 4387 834 4444 llis
857 4397 1033 4444 autem
1065 4389 1184 4443 addi
1221 4397 1447 4458 possunt
1472 4389 1650 4444 caeteri
1674 4405 1862 4444 omnes
1882 4387 2067 4443 Patres
2094 4396 2357 4457 quotquot
2380 4388 2433 4440 in
2461 4387 2694 4442 Ecclesia
2729 4385 2822 4442 Dei
2838 4384 3133 4440 ﬂoruerunt
3162 4383 3229 4438 ab
3252 4387 3444 4438 exortu

248 4481 568 4536 Christiana:
589 4479 711 4534 ﬁdei
738 4479 802 4534 ad
823 4489 1090 4549 postrema
1114 4494 1283 4548 usque
1316 4487 1370 4532 et
1389 4480 1533 4534 aetati
1568 4487 1767 4533 nostra:
1795 4482 2046 4548 propiora
2081 4478 2291 4532 sacula.
2323 4478 2683 4544 Quamobrem
2717 4487 2926 4531 tantum
2967 4479 3138 4543 abest,
3174 4485 3233 4532 ut
3259 4483 3446 4531 nostra

251 4572 581 4627 Psalmorum
609 4571 907 4635 translatio,
936 4586 1031 4626 seu
1057 4571 1446 4640 interpretatio,
1477 4585 1584 4641 qua
1614 4569 1952 4626 Psalmorum
2009 4570 2168 4624 verba
2203 4569 2270 4624 de
2299 4570 2520 4625 Christo
2545 4578 2598 4624 et
2620 4569 2860 4624 Ecclesia
2893 4569 3251 4638 explicantur,
3273 4569 3442 4622 Atha-

250 4669 424 4734 nasio,
452 4669 609 4738 cujus
633 4682 829 4724 nomen
870 4667 1183 4736 inscriptum
1222 4677 1325 4729 est,
1375 4667 1539 4723 adimi
1580 4669 1790 4734 debeat,
1835 4669 1919 4722 vel
1954 4674 2212 4736 tanquam
2253 4666 2429 4735 inepta
2467 4679 2530 4720 ac
2567 4666 2792 4735 puerilis
2830 4680 2860 4719 a
2893 4666 3123 4721 sensatis
3151 4664 3279 4720 viris
3304 4672 3358 4719 et
3392 4663 3444 4716 in

320 4829 522 4884 'Hebr.
555 4843 669 4894 χιιι,
702 4827 782 4891 11,
813 4825 898 4880 12.
972 4828 992 4857 ⁸
1018 4825 1213 4882 Geues.
1243 4843 1301 4892 ll,
1327 4828 1413 4882 2|.
1487 4830 1507 4859 τ
1537 4828 1663 4882 ibid.
1686 4826 1776 4879 21.
1849 4825 1870 4857 ⁸
1901 4827 1964 4897 Et

1134 4841 1213 4881 es.
1243 4843 1301 4892 ιι,
1327 4828 1413 4882 21.
1487 4830 1507 4859 ⁷
1537 4828 1663 4882 ibid.
1686 4826 1776 4879 21.
1849 4825 1870 4857 ⁸
1901 4827 2096 4897 Ephes.
2127 4843 2180 4892 v,
2201 4829 2284 4883 32.
2362 4827 2404 4859 ⁸⁵
2433 4825 2450 4878 l
2480 4825 2607 4879 Cor.
2641 4843 2694 4890 ι,
2726 4826 2776 4880 4.

310 4975 425 5049 (52)
463 4972 522 5049 Si
541 4988 667 5049 ergo
711 4970 949 5049 Christus
1013 4972 1230 5049 adlimsit
1291 4969 1556 5049 Ecclesia,
1585 4979 1641 5022 ut
1681 4976 1847 5049 essent
1883 4967 1988 5049 duo
2008 4970 2059 5020 in
2082 4985 2236 5022 carne
2257 4987 2378 5049 una,
2401 4969 2654 5049 quomodo
2687 4968 2890 5049 reliquit
2915 4964 3169 5019 Patrem?
3192 4970 3446 5049 quomodo

246 5037 510 5102 matrem?
533 5037 757 5110 Reliquit
806 5040 1034 5098 Patrem,
1075 5043 1195 5109 quia
1236 5059 1253 5090 ‹
1285 5058 1396 5094 cum
1445 5042 1498 5092 in
1530 5041 1699 5108 forata
1735 5038 1824 5090 Dei
1863 5048 2012 5110 esset,
2042 5055 2140 5091 non
2166 5037 2418 5110 rapinam:
2458 5038 2742 5110 arbitratus
2769 5047 2842 5090 est
2892 5054 3000 5090 esse
3035 5037 3282 5110 arqualem
3319 5037 3442 5110 l_)eo.

244 5119 333 5172 sed
386 5106 709 5175 semetipsum
751 5112 1030 5164 exinanirit
1060 5106 1281 5178 formam
1330 5112 1459 5163 servi
1492 5106 1764 5176 accipiens.
1800 5125 1817 5157 ι
1862 5106 1974 5161 Hoc
2031 5117 2103 5161 est
2153 5106 2308 5172 enim,
2342 5109 2548 5175 reliquit
2582 5108 2827 5178 Patrem,
2843 5124 2942 5160 non
2987 5109 3109 5178 quia
3140 5108 3361 5178 deseruit
3399 5119 3445 5161 et

246 5188 454 5242 recessit
488 5201 520 5236 a
556 5181 713 5233 Patre
734 5196 749 5238 ;
774 5183 860 5233 sed
899 5183 1019 5250 quia
1058 5175 1184 5250 :nou
1218 5197 1278 5232 ca
1340 5175 1857 5250 informaapparuit
1897 5178 2208 5250 hominibus,
2235 5181 2286 5232 in
2320 5196 2422 5247 qua
2453 5177 2669 5248 (aqualis
2698 5188 2772 5230 est
2804 5177 2975 5229 Patri.
3002 5175 3274 5250 Quomodo
3322 5179 3444 5250 re_li-

245 5221 607 5323 ίιζᾶῗῖιιαιηηι
633 5253 656 5304 .9
684 5221 1014 5318 relinqueiido
1043 5249 1368 5323 Synagogam
1395 5221 1810 5323 ,ίιιάῳοτιέίιζηάε
1848 5264 1950 5316 qua
2007 5221 2285 5323 secuturum
2325 5221 2532 5323 caruerit
2598 5256 2751 5300 natus
2777 5258 2893 5323 est;
2922 5257 2970 5300 et
3003 5221 3298 5299 iitlucrendo
3345 5245 3448 5300 Ec—

245 5316 439 5387 clesia',
460 5339 614 5388 quam
638 5336 699 5374 ea:
720 5316 952 5374 omnibus
969 5316 1201 5388 gentibus
1216 5321 1558 5387 congregarit.
1617 5316 1675 5370 S.
1721 5316 1856 5387 Aug.
1898 5327 2051 5372 tract.
2079 5335 2150 5381 ix,
2181 5321 2235 5372 in
2265 5335 2376 5386 cap.
2405 5334 2440 5372 ιι
2472 5317 2657 5384 Joan.,
2683 5334 2738 5370 ιι.
2769 5319 2853 5370 10.

319 5342 439 5387 τινα,
495 5341 614 5375 nam
638 5341 699 5374 ex
720 5341 952 5374 omuwus
969 5341 1199 5388 gcutwus
1216 5341 1558 5387 congregant.
1619 5341 1665 5370 ο.

319 5397 432 5464 (33)
460 5341 521 5446 ἵει
553 5406 715 5464 serm.
747 5389 818 5464 De
837 5391 1157 5464 reatriloqua
1214 5405 1302 5441 seu
1334 5388 1665 5464 Pythonissa.

321 5459 433 5536 (54)
465 5464 619 5536 |_l_om.
652 5463 716 5536 δὲ
741 5461 794 5536 in
831 5459 1228 5536 I_I_e.raenieron.,
1261 5475 1314 5511 η.
1349 5461 1401 5512 9,

466 5531 628 5607 ﬂom.
657 5533 721 5584 l5
755 5530 1090 5607 iityenesigt.

343 5595 441 5725 ἐξ)
466 5603 678 5725 ῗέἒιιοὲ.
712 5616 792 5668 ep.
823 5600 888 5653 58
912 5599 978 5650 ad
1004 5597 1350 5659 Pammach.;
1386 5597 1436 5651 in
1472 5598 1623 5668 przef.
1648 5598 1738 5652 lib.
1769 5613 1800 5652 v
1837 5595 2136 5653 Comment.
2165 5599 2217 5651 in
2250 5598 2466 5663 Isaiam,
2494 5607 2548 5652 et
2581 5597 2786 5669 ρτωῐει,
2821 5598 2874 5650 in
2910 5595 3137 5650 Malam.

347 5672 441 5730 37)
471 5679 594 5730 Cat).
627 5672 678 5722 6.

348 5683 441 5740 37)
471 5683 594 5742 Cap.
627 5683 678 5722 υ.

348 5735 438 5811 38)
472 5743 525 5796 1η
553 5741 694 5810 expl.
727 5737 875 5811 Orat.
905 5738 1059 5811 Dom.

343 5807 434 5885 39)
460 5814 575 5868 ιλιι.
604 5807 695 5865 ιιίιι
727 5809 800 5863 De
829 5811 968 5862 civit.
1008 5807 1121 5868 Dei,
1149 5823 1198 5862 c.
1232 5809 1316 5864 21.

571 5906 838 5965 ΡΑτιιοι..
881 5903 997 5963 Gn.
1049 5903 1308 5965 XXVII.

3081 5898 3157 5959 20
