4164 6484
714 438 816 488 619
1537 435 1590 488 S.
1635 431 2001 487 ATIIANASH
2039 431 2190 486 OPP.
2233 430 2410 487 PARS
2451 432 2535 488 lll.
2578 463 2636 472 —-
2686 432 3074 491 EXEGETICA
3831 438 3933 496 620

713 556 1094 611 ecclesiasticis
1125 553 1318 609 studiis
1347 563 1398 608 et
1427 554 1730 609 Christiana
1775 556 1969 624 pictate
2006 553 2236 608 excultis
2280 553 2467 608 eadem
2515 555 2808 620 contemni,
2842 555 2972 626 quin
3005 553 3186 624 potius
3239 569 3359 610 reor
3390 561 3777 626 argumentum
3811 555 3938 609 hinc

714 657 857 702 recte
881 646 1020 700 sumi
1050 661 1207 714 posse
1240 654 1296 698 nt
1324 646 1672 700 sanctissimo
1699 644 1914 699 Doctori
1945 645 2306 714 adjudicctur.

783 740 924 796 XXI.
974 740 1275 796 Cardinalis
1309 741 1655 806 Thomasins,
1684 741 1765 794 vir
1794 751 1846 795 et
1881 741 2184 795 eruditione
2208 747 2262 794 et
2315 755 2526 794 morum
2570 740 2858 796 sanctitate
2919 742 3164 810 illustris,
3225 744 3542 813 allegoricos
3591 740 3934 795 Psalmorum

713 858 906 897 sensus
933 841 1269 896 Christianos
1300 855 1494 893 sensus
1519 846 1673 890 vocat
1700 837 1752 889 in
1779 836 2091 905 prafalione
2121 836 2185 890 ad
2221 835 2565 900 Psalterium,
2589 836 2733 905 quod
2768 852 2890 890 cum
2941 836 3126 892 Latina
3173 839 3614 908 interpretatione
3641 837 3710 890 ab
3732 851 3798 889 eo
3825 833 3936 887 cla-

710 936 893 989 borata
940 935 990 987 in
1028 934 1293 1003 publicam
1322 932 1604 986 utilitatem
1647 929 1826 984 emisit
1858 947 1870 982 :
1905 947 1924 979 ‹
1961 927 2152 993 Porro,
2191 927 2383 997 inquit,
2422 943 2488 982 ne
2532 928 2714 997 aliqua
2754 929 2941 982 saltem
2991 930 3202 984 deesset
3235 931 3314 984 vel
3357 929 3536 984 brevis
3581 923 3936 981 manutluctio

711 1028 776 1081 ad
812 1027 1099 1083 secretiora
1134 1026 1406 1095 mysteria,
1437 1037 1701 1091 sensaque
1724 1019 2061 1076 Psalmorum
2102 1031 2216 1075 tum
2247 1022 2312 1075 de
2332 1021 2549 1075 Christo
2578 1031 2632 1075 et
2657 1021 2827 1091 ipsius
2861 1038 3085 1090 corpore
3119 1022 3354 1077 Ecclesia
3384 1023 3656 1087 universa,
3684 1031 3738 1075 et
3765 1018 3934 1090 parti-

710 1120 984 1174 cularibus
1013 1119 1169 1188 hujus
1193 1119 1455 1188 corporis,
1485 1118 1598 1172 sive
1626 1117 1834 1187 collegii
1871 1116 2149 1179 membris,
2183 1116 2232 1170 id
2259 1124 2341 1170 est
2369 1115 2636 1181 ﬁdelibus,
2668 1125 2780 1170 tum
2812 1117 2972 1171 etiam
3006 1118 3070 1171 de
3102 1117 3305 1172 caelesti
3340 1117 3533 1187 patria,
3563 1130 3704 1186 quos
3735 1126 3931 1168 sensus

711 1220 855 1267 recte
888 1210 1238 1281 appellaveris
1271 1225 1463 1264 sensus
1509 1208 1868 1274 Christianos,
1914 1207 2213 1278 patefactos
2253 1207 2430 1272 nobis,
2472 1217 2730 1278 tanquam
2780 1211 2952 1264 scisso
2981 1210 3162 1279 templi
3195 1211 3331 1274 velo,
3365 1219 3539 1263 morte
3568 1207 3795 1269 Christi,
3835 1191 3928 1276 qui

711 1301 964 1371 apostolis
994 1302 1202 1370 aperuit
1227 1315 1466 1364 sensum,
1495 1308 1553 1352 ut
1577 1299 1932 1369 intelligerent
1963 1296 2293 1367 Scripturas,
2325 1306 2379 1350 et
2413 1312 2534 1365 qua
2571 1297 2769 1367 scripta
2800 1308 2928 1352 sunt
2970 1298 3020 1351 in
3070 1298 3210 1369 Lege
3241 1298 3432 1368 Moysi,
3461 1308 3514 1353 et
3539 1297 3848 1366 Prophetis,
3875 1301 3932 1348 ct

708 1393 938 1450 Psalmis
968 1393 1033 1448 de
1063 1394 1200 1463 ipso,
1238 1413 1255 1445 ι
1289 1402 1390 1446 etc.
1436 1391 1508 1445 lta
1544 1401 1686 1445 recte
1719 1406 1782 1445 ac
1814 1391 2082 1460 sapienter
2116 1390 2251 1459 pius.
2275 1400 2324 1444 et
2354 1389 2546 1444 doctus
2577 1392 2872 1447 cardinalis
2915 1407 2978 1445 ex
3027 1401 3262 1446 veterum
3296 1391 3513 1445 Patrum
3565 1390 3813 1446 doctrina
3862 1389 3930 1442 de

709 1486 996 1555 allegorice
1017 1497 1070 1540 et
1099 1485 1328 1554 spiritali
1363 1482 1702 1538 Psalmorum
1733 1494 1786 1538 et
1825 1498 1992 1538 sacra
2023 1482 2315 1551 Scriptura
2348 1496 2512 1536 sensu
2547 1482 2759 1538 locutus
2788 1492 2889 1538 est.
2921 1482 3054 1538 Nam
3089 1482 3344 1554 Origenes
3388 1484 3440 1537 in
3484 1483 3621 1537 libro
3659 1481 3737 1535 De
3779 1482 3928 1551 prin-

712 1581 864 1651 cipiis
900 1579 1007 1650 (40)
1039 1595 1271 1650 arguens
1300 1594 1393 1632 eos
1417 1579 1508 1647 qui
1537 1594 1604 1633 ex
1636 1577 2049 1633 circumcisione
2079 1585 2251 1642 erant,
2278 1576 2423 1647 quod
2463 1578 2517 1632 in
2548 1577 2878 1632 Salvatorem
2913 1589 3158 1634 nostrum
3191 1596 3296 1634 non
3332 1578 3696 1642 crediderunt,
3727 1578 3822 1633 sed
3870 1578 3924 1630 in

705 1673 888 1728 varios
911 1689 1122 1727 errores
1155 1673 1283 1743 lapsi
1309 1683 1456 1738 sunt,
1480 1673 1605 1742 quia
1636 1687 1817 1727 sacras
1848 1671 2156 1742 Scripturas
2183 1687 2290 1726 non
2325 1671 2618 1727 secundum
2664 1673 2957 1743 spiritalem
2987 1691 3227 1740 sensum,
3270 1675 3361 1729 sed
3401 1673 3700 1729 secundum
3734 1673 3927 1726 littera:

706 1781 901 1820 sonum
929 1768 1336 1836 interpretantes
1363 1767 1416 1820 in
1451 1768 1534 1821 via
1564 1767 1802 1821 veritatis
1837 1767 2142 1822 voluntario
2171 1782 2300 1821 casu
2356 1767 2707 1822 cacutierunt
2740 1787 2752 1822 :
2798 1788 2816 1819 ι
2860 1769 2928 1825 lis
2972 1779 3152 1825 autem
3206 1770 3458 1824 omnibus
3516 1768 3687 1835 nulla,
3726 1767 3922 1837 inquit,

707 1860 962 1916 falsarum
997 1862 1331 1930 opinionum,
1362 1863 1506 1916 nulla
1541 1861 1825 1932 impietatis
1850 1870 1902 1916 et
1930 1862 2252 1916 stolidarum
2281 1862 2346 1915 de
2373 1860 2480 1916 Deo
2514 1878 2828 1919 sermonum
2857 1879 3021 1919 causa
3047 1880 3169 1919 esse
3193 1864 3297 1918 alia
3323 1863 3554 1926 videtur,
3577 1877 3744 1932 quam
3774 1856 3925 1916 Scri-

703 1963 858 2021 ptura
890 1969 995 2008 non
1024 1953 1319 2009 secundum
1337 1953 1680 2024 ’spiritualem
1712 1970 1929 2010 sensum
1959 1954 2249 2018 intellecta,
2285 1954 2378 2008 sed
2421 1955 2719 2010 secundum
2748 1957 3037 2012 litteralem
3076 1967 3312 2026 accepta.
3349 1955 3689 2024 Quapropter
3724 1953 3794 2006 iis
3828 1952 3920 2021 qui

706 2065 1021 2120 persuasum
1058 2051 1254 2104 habent
1278 2065 1463 2104 sacros
1491 2050 1655 2105 libros
1703 2032 1808 2104 non
1851 2050 2128 2104 hominum
2160 2065 2280 2105 esse
2323 2052 2763 2117 commentarios,
2793 2054 2885 2108 sed
2918 2054 3090 2108 sancti
3128 2051 3361 2123 Spiritus
3411 2050 3619 2116 afﬂatu,
3642 2051 3923 2105 voluntate

709 2143 796 2198 Dei
832 2142 1069 2212 parentis
1116 2142 1488 2196 universorum
1530 2157 1625 2211 per
1661 2140 1844 2197 Jesum
1879 2142 2154 2197 Christum
2184 2143 2416 2212 scriptos
2443 2159 2564 2199 esse
2600 2154 2653 2199 et
2693 2148 2758 2199 ad
2791 2162 2887 2201 nos
2914 2148 3246 2216 pervenisse,
3273 2164 3378 2218 qua
3405 2149 3489 2202 via
3530 2151 3583 2201 in
3618 2163 3811 2203 eorum
3848 2147 3924 2202 le-

703 2236 880 2290 ctione
904 2235 1256 2290 insistendum
1292 2250 1410 2289 esse
1442 2234 1597 2289 nobis
1641 2234 1906 2298 videatur,
1952 2235 2193 2290 indicare
2249 2237 2588 2303 conabimur,
2631 2247 2842 2293 servata
2898 2239 3136 2295 caelestis
3181 2241 3476 2295 secundum
3515 2238 3919 2294 successionem

704 2330 1070 2400 apostolorum
1104 2328 1352 2383 Ecclesia:
1400 2328 1524 2384 Jesu
1567 2329 1768 2385 Christi
1815 2331 2018 2400 regula.
2062 2329 2126 2384 Et
2153 2345 2272 2385 esse
2304 2331 2520 2401 quidem
2564 2333 2823 2404 mysticas
2853 2334 3116 2403 quasdam
3155 2333 3606 2402 dispensationes,
3647 2348 3786 2388 uuas
3837 2331 3920 2384 di-

703 2426 840 2480 vina
871 2424 1162 2494 Scriptura
1189 2425 1442 2488 indicant,
1477 2425 1636 2479 etiam
1670 2426 2027 2496 simpliciores
2075 2427 2310 2483 fidelium
2361 2428 2604 2483 credunt.
2644 2449 2662 2480 ›
2713 2430 2792 2483 Ad
2825 2431 2939 2487 hac
2971 2439 3149 2486 autem
3193 2431 3443 2503 Origenis
3476 2429 3639 2484 verba
3676 2427 3922 2499 apposite

705 2522 924 2586 subiicit
954 2520 1180 2575 Carolus
1206 2521 1270 2574 de
1311 2521 1484 2575 Lai-ue
1513 2521 1621 2590 (41)
1659 2540 1671 2574 :
1710 2541 1728 2572 ι
1769 2521 1912 2575 Nihil
1945 2523 2029 2575 his
2065 2523 2242 2577 verbis
2275 2524 2600 2579 accuratius.
2640 2523 2898 2580 Generale
2935 2527 3064 2583 illud
3093 2527 3436 2598 principium,
3470 2524 3617 2597 quod
3661 2524 3921 2596 mysticos

704 2613 760 2666 in
793 2610 973 2666 Veteri
1006 2609 1350 2665 Testamento
1390 2625 1582 2665 sensus
1615 2610 1785 2679 ponit,
1821 2610 2127 2680 apostolica
2149 2610 2405 2666 doctrina
2431 2628 2558 2684 pars
2587 2622 2689 2676 est,
2719 2621 2772 2667 et
2810 2614 3006 2671 veritas
3039 2626 3205 2682 certa,
3241 2631 3360 2688 qua
3401 2615 3704 2670 ministerio
3737 2622 3922 2684 pasto-

703 2724 822 2763 rum
858 2707 924 2761 ad
951 2721 1051 2761 nos
1078 2723 1247 2778 usque
1276 2705 1536 2776 pervenit.
1566 2725 1583 2758 ι

767 2803 931 2858 XXII.
976 2803 1224 2860 Profecto
1270 2803 1504 2858 dubitari
1554 2804 1740 2875 nequit
1783 2804 1960 2859 omnia
2017 2820 2136 2874 qua
2189 2805 2243 2858 in
2278 2803 2458 2860 Veteri
2491 2805 2838 2861 Testamento
2874 2807 2956 2861 vel
3004 2805 3226 2876 scripta,
3260 2804 3344 2860 vel
3390 2811 3540 2874 gesta
3591 2801 3834 2868 fuerunt,
3864 2802 3915 2855 in

699 2898 868 2966 figura
900 2897 1067 2953 fuisse
1094 2911 1272 2953 rerum
1295 2913 1414 2968 qna
1445 2899 1496 2952 in
1523 2895 1671 2952 Novo
1700 2898 1812 2953 (leri
1843 2907 1937 2952 aut
1967 2899 2278 2967 contingere
2300 2899 2587 2964 debebant,
2625 2914 2797 2970 eaque
2826 2900 3094 2970 respicere
3117 2912 3405 2969 personam
3437 2894 3666 2960 Messia,
3692 2893 3918 2962 ejusque

698 2988 1033 3054 Passionem,
1059 2988 1551 3053 Resurrectionem,
1578 2997 1628 3040 et
1653 2987 1869 3040 humani
1903 2987 2114 3057 generis
2147 2986 2592 3058 redemptionem,
2619 2990 2938 3060 evangelica
2967 2990 3226 3043 doctrina
3256 2987 3720 3058 propagationem,
3747 2981 3919 3053 genti-

697 3081 829 3134 lium
864 3080 1290 3144 conversionem,
1321 3088 1375 3133 et
1394 3094 1728 3150 quacunque
1753 3079 1876 3146 alia,
1903 3095 2024 3150 qua
2049 3079 2116 3134 ad
2157 3080 2275 3150 ejus
2304 3081 2538 3135 divinam
2567 3095 2856 3152 personam
2894 3091 2947 3135 et
2980 3081 3438 3151 dispensationem
3473 3094 3568 3134 seu
3603 3073 3918 3144 οἰκονομίαν

697 3172 986 3242 pertinent.
1017 3170 1194 3237 Quare
1225 3173 1268 3226 si
1301 3171 1353 3226 in
1382 3171 1712 3242 explicandis
1736 3168 2028 3242 Scripturis
2057 3171 2236 3226 omnia
2274 3171 2339 3224 ad
2373 3169 2645 3225 Christum
2674 3171 2901 3241 ejusque
2930 3169 3226 3226 Ecclesium
3256 3168 3550 3240 prudenter
3582 3166 3911 3226 referantur,

699 3280 872 3337 neque
904 3265 1126 3330 erroris,
1159 3280 1332 3336 neque
1362 3266 1574 3335 ineptia
1595 3266 1647 3320 id
1679 3265 1921 3322 accusari
1954 3264 2131 3327 debet,
2167 3277 2292 3317 cum
2322 3262 2411 3316 illa
2451 3262 2555 3318 hoc
2585 3263 2833 3327 consilio,
2870 3271 2924 3317 et
2967 3263 3066 3318 hac
3108 3271 3303 3326 mente,
3350 3260 3553 3332 Spiritu
3607 3269 3802 3315 sancto
3832 3259 3914 3313 di-

695 3370 896 3422 ctante,
929 3360 1126 3428 scripta
1153 3359 1278 3412 sint.
1306 3357 1371 3411 Et
1396 3359 1613 3428 quidem
1644 3360 1747 3414 huc
1788 3358 2056 3428 pertinere
2097 3357 2348 3410 videntur
2386 3356 2546 3410 verba
2582 3356 2672 3410 illa
2704 3356 2933 3425 apostoli
2969 3354 3144 3419 Pauli,
3190 3353 3369 3409 omnia
3405 3353 3605 3422 scripta
3646 3350 3821 3406 fuissa
3851 3352 3914 3404 ail

698 3466 937 3511 nostram
969 3454 1358 3509 institutionem
1392 3473 1404 3508 :
1439 3454 1768 3524 Quacunque
1798 3453 1956 3516 enim,
2004 3451 2096 3517 ait,
2128 3451 2322 3520 scripta
2365 3462 2510 3514 sunt,
2546 3451 2613 3504 ad
2660 3460 2893 3503 nostram
2940 3451 3234 3503 doctrinam
3273 3449 3470 3517 scripta
3508 3456 3630 3500 sunt
3679 3447 3722 3500 ’.
3757 3446 3823 3500 Et
3851 3448 3916 3501 de

696 3546 921 3619 spiritali
971 3562 1034 3601 ac
1088 3545 1388 3599 suhlimiori
1449 3545 1849 3615 Scripturarum
1905 3543 2259 3613 intelligentia
2316 3555 2425 3595 non
2471 3541 2899 3611 improbabiliter
2927 3541 2995 3596 ab
3043 3541 3314 3610 aliquibus
3359 3538 3700 3609 accipiuntur
3754 3539 3913 3592 verba

697 3642 754 3698 S.
781 3643 959 3707 Luca,
989 3643 1187 3713 quibus
1215 3640 1378 3696 refert
1418 3639 1695 3696 Christum
1729 3640 2015 3695 Dominum
2041 3646 2160 3707 post
2193 3637 2644 3692 resurrectionem
2676 3652 2831 3692 suam
2862 3637 3135 3707 apostolos
3165 3637 3230 3691 ad
3265 3635 3577 3705 Scripturas
3606 3632 3913 3705 intelligen-

693 3735 790 3789 das
817 3733 1113 3787 instituisse
1147 3749 1158 3785 :
1196 3730 1338 3784 Tunc
1366 3732 1566 3800 aperuit
1602 3732 1709 3784 illis
1756 3745 1983 3794 sensum,
2021 3740 2074 3781 ut
2106 3727 2455 3796 intelligerent
2483 3727 2788 3796 Scripturas
2817 3727 2880 3781 ὀ.
2909 3728 2990 3783 Ad
3025 3728 3141 3783 hac
3185 3728 3326 3780 enim
3377 3725 3722 3797 evangelista
3751 3727 3910 3780 verba

696 3829 989 3899 respiciens
1020 3826 1077 3881 S.
1107 3825 1214 3880 Leo
1244 3827 1513 3881 scribebat
1541 3827 1606 3879 ad
1637 3824 1952 3878 Flavianum
1997 3824 2048 3876 in
2079 3821 2334 3892 praeclara
2377 3821 2467 3875 illa
2500 3821 2729 3891 epistola
2767 3831 2951 3877 contra
2995 3822 3346 3892 Eutychetem
3376 3837 3389 3875 :
3420 3839 3438 3872 ‹
3476 3821 3683 3878 Donato
3717 3821 3914 3877 intelli-

694 3925 886 3994 gentia
916 3924 1138 3988 lumine,
1166 3937 1443 3976 sacrarum
1472 3919 1871 3989 Scripturarum
1907 3918 2112 3973 occulta
2151 3917 2438 3987 pandebat.
2471 3936 2490 3969 ι
2519 3916 2777 3988 Origenes
2815 3927 2993 3974 autem
3025 3919 3078 3972 in
3118 3919 3364 3973 eumdem
3399 3933 3618 3974 sensum
3649 3919 3912 3990 interpre-

694 4029 837 4075 tatur
859 4019 1018 4073 verba
1046 4017 1133 4071 illa
1162 4015 1385 4071 Joannis
1414 4036 1424 4068 :
1460 4017 1639 4070 Adhuc
1667 4015 1833 4068 multa
1864 4014 2024 4067 habeo
2063 4013 2201 4067 vobis
2231 4012 2422 4076 dicere,
2447 4013 2536 4067 sed
2580 4030 2679 4066 non
2717 4015 2930 4083 potestis
2963 4025 3175 4083 portare
3208 4014 3378 4068 modo.
3420 4013 3554 4069 Cum
3602 4025 3783 4070 autem
3825 4031 3911 4069 ve-

689 4113 825 4166 nerit
854 4112 941 4165 ille
975 4110 1205 4180 Spiritus
1233 4111 1487 4172 veritatis,
1511 4111 1710 4163 docebit
1742 4127 1828 4163 vos
1868 4125 2066 4162 omnem
2109 4110 2377 4162 veritatem
2414 4109 2477 4162 “.
2515 4107 2863 4178 Respondeas
2889 4110 3030 4163 enim
3069 4109 3330 4165 conviciis
3357 4124 3420 4164 ac
3452 4110 3745 4167 calumniis
3770 4110 3908 4168 Celsi

691 4204 841 4275 impii
881 4204 1205 4275 philosophi,
1241 4214 1547 4272 sanctaque
1591 4212 1788 4257 nostra
1820 4201 2096 4268 religionis
2129 4201 2389 4266 irrisoris,
2433 4200 2500 4254 ad
2551 4201 2729 4255 locum
2772 4201 2920 4255 illum
2955 4202 3298 4271 evangelista
3327 4202 3441 4256 hac
3488 4201 3713 4271 subjicit
3740 4203 3854 4273 (ιὲ)
3892 4223 3906 4259 :

696 4315 714 4347 ι
755 4296 853 4350 lflc
881 4299 1172 4367 quaerimus
1207 4312 1450 4366 quanam
1481 4295 1678 4349 fuerint
1717 4294 1882 4348 multa
1911 4294 2017 4360 illa,
2044 4308 2163 4364 qua
2191 4291 2349 4348 Jesus
2379 4293 2659 4362 discipulis
2686 4295 2800 4348 suis
2831 4295 3011 4349 dicere
3039 4295 3290 4357 habebat,
3319 4304 3373 4350 et
3395 4309 3516 4364 qua
3549 4303 3664 4349 tum
3691 4304 3908 4364 portare

690 4405 797 4445 non
828 4400 1096 4460 poterant.
1127 4390 1192 4444 Et
1221 4392 1342 4446 dico
1376 4409 1388 4445 :
1426 4389 1584 4444 Forte
1614 4390 1736 4460 quia
1764 4388 1931 4445 Judai
1962 4397 2115 4445 erant
2135 4389 2383 4459 apostoli,
2413 4398 2466 4443 et
2494 4388 2726 4444 Mosaica
2765 4391 2879 4460 lege
2909 4393 3206 4446 secundum
3233 4392 3462 4446 litteram
3492 4400 3712 4460 accepta
3749 4391 3907 4447 innu-

695 4484 831 4550 triti,
862 4485 976 4541 hac
1014 4484 1252 4548 fuerunt,
1287 4502 1406 4555 qua
1449 4485 1554 4540 illis
1583 4485 1759 4540 dicere
1797 4485 2027 4540 habebat
2063 4504 2077 4539 :
2109 4484 2364 4551 Quaenam
2391 4493 2534 4541 esset
2565 4501 2691 4540 vera
2739 4486 2842 4549 lex,
2873 4502 3102 4557 quarum
3139 4503 3316 4542 rerum
3359 4487 3660 4543 caelestium
3691 4488 3902 4554 umbra,

686 4576 965 4647 signisque
1000 4580 1178 4635 cultus
1203 4578 1460 4634 Judaicus
1497 4587 1802 4644 constaret;
1836 4594 1953 4648 qua
1983 4578 2160 4634 futura
2192 4579 2332 4633 bona
2359 4578 2657 4648 prascripti
2696 4579 2763 4634 de
2793 4580 2933 4646 cibo,
2967 4590 3020 4635 et
3049 4588 3198 4651 potu,
3232 4581 3297 4636 de
3319 4579 3491 4648 festis,
3519 4583 3822 4638 neomeniis
3853 4590 3906 4636 rt

696 4667 947 4726 Sabbatis
974 4671 1115 4726 ritus
1154 4671 1561 4726 adumbrarent.
1606 4689 1623 4721 ι
1659 4669 1725 4724 Et
1751 4672 2005 4739 quoniam
2035 4669 2256 4726 furcifer
2293 4671 2380 4725 ille
2409 4669 2706 4725 affirmabat
2746 4671 3054 4743 Scripturas
3093 4683 3309 4729 nostras
3357 4689 3465 4728 non
3513 4689 3675 4743 posse
3706 4675 3904 4746 allego-

686 4764 820 4819 riam
848 4763 978 4834 pati,
1005 4766 1215 4835 reponit
1242 4763 1500 4836 Origenes
1532 4766 1642 4839 (45)
1678 4785 1692 4820 :
1729 4784 1748 4816 ι
1781 4763 2032 4821 Fortasse
2059 4765 2335 4836 probabile
2362 4766 2488 4835 quid
2522 4766 2630 4821 dici
2673 4767 2742 4821 ab
2781 4782 2846 4822 eo
2878 4768 3169 4832 videretur,
3211 4768 3256 4823 si
3289 4766 3598 4838 Scripturas
3630 4767 3901 4840 allegoriis

684 4859 1022 4929 interpretari
1048 4860 1321 4914 inventum
1349 4867 1493 4915 esset
1521 4876 1727 4916 recens.
1758 4859 1892 4913 Cum
1927 4869 2106 4915 autem
2133 4860 2184 4914 id
2218 4859 2441 4915 fecerint
2471 4860 2550 4915 vel
2580 4861 2681 4930 ipsi
2717 4862 3026 4932 dogmatum
3058 4873 3304 4933 parentes
3331 4871 3385 4917 et
3413 4863 3729 4932 scriptores,
3772 4865 3899 4934 quid

680 4955 828 5009 aliud
855 4956 1199 5026 cogitandum
1229 4965 1330 5020 est,
1357 4972 1517 5026 quam
1543 4956 1632 5010 illa
1658 4955 1829 5010 fuisse
1863 4955 2060 5025 scripta
2092 4955 2191 5021 sic,
2220 4965 2277 5009 ut
2308 4970 2498 5010 eorum
2526 4956 2794 5027 pracipua
2830 4971 2984 5012 mens
3008 4958 3060 5011 in
3095 4957 3365 5027 allegoriis
3397 4958 3767 5014 contineatur.
3808 4979 3827 5012 ι

753 5045 936 5103 XXlll.
967 5047 1116 5114 Quod
1149 5065 1275 5103 vero
1300 5049 1517 5120 propius
1547 5065 1657 5103 rem
1686 5057 1929 5104 nostram
1958 5048 2193 5118 attingit,
2227 5063 2416 5118 nempe
2447 5049 2711 5102 rationem
2751 5049 3137 5120 interpretandi
3169 5048 3411 5103 Psalmos
3437 5047 3505 5104 de
3544 5046 3766 5103 Christo
3790 5049 3894 5103 Do.

683 5144 831 5199 mino
851 5153 904 5198 et
937 5142 1192 5207 Ecclesia,
1222 5144 1408 5214 primis
1432 5144 1752 5200 Christiana
1783 5144 1903 5198 ﬁdei
1938 5143 2271 5214 temporibus
2312 5144 2508 5213 ubique
2560 5153 2851 5214 receptam,
2884 5155 2938 5200 et
2989 5146 3267 5216 probatam
3310 5144 3500 5209 fuisse,
3537 5145 3892 5217 locupletissi-

680 5251 830 5292 mum
857 5237 1011 5294 nobis
1035 5238 1402 5294 testimonium
1428 5238 1708 5308 perhibent
1737 5253 1842 5293 non
1884 5237 2056 5293 solum
2083 5236 2337 5293 Ecclesia
2357 5236 2645 5294 Orientalis
2673 5241 3001 5312 scriptores;
3031 5256 3215 5296 verum
3245 5242 3404 5296 etiam
3439 5241 3594 5296 multi
3622 5242 3764 5298 inter
3793 5241 3889 5299 0c-

743 5449 764 5479 ν
788 5445 947 5500 Rom.
980 5462 1069 5512 xv,
1102 5447 1153 5502 4.
1235 5450 1278 5479 ¹⁹
1305 5447 1432 5504 Luc.
1468 5465 1612 5514 xxiv,
1640 5449 1729 5502 59.
1807 5450 1847 5480 ¹¹
1880 5449 2038 5506 Joan.
2075 5465 2184 5514 xvi,
2224 5448 2311 5504 12.

749 5606 862 5676 (40)
891 5605 1007 5676 Lib.
1036 5624 1107 5672 tv,
1141 5626 1193 5665 ιι.
1223 5609 1274 5662 9.

746 5677 859 5744 (41)
895 5675 1104 5731 Prasfat.
1138 5679 1188 5731 in
1222 5687 1350 5731 tom.
1386 5678 1428 5732 ll
1452 5679 1621 5745 Orig.,
1653 5691 1756 5736 art.
1788 5682 1846 5738 5.

748 5745 862 5812 (η)
897 5745 1090 5800 Contra
1118 5748 1254 5800 Cels.
1287 5749 1321 5801 Ι.
1363 5764 1421 5810 ll,
1453 5765 1505 5802 η.
1541 5749 1590 5802 Ξ.

748 5815 863 5886 (ιὸ)
895 5816 1050 5882 lbid.,
1081 5818 1173 5873 lib.
1207 5834 1279 5880 tv,
1306 5835 1359 5872 n.
1385 5819 1471 5872 49.
