4164 6478
737 417 840 471 6‘25
1575 420 1628 472 S.
1673 415 2033 469 ATIIANASII
2073 415 2220 469 OPP.
2262 415 2438 468 PARS
2475 416 2557 470 lll.
2603 447 2666 457 -
2710 416 3114 472 EXECETICA.
3843 419 3946 474 624

735 536 916 606 Moyse
952 553 1002 589 ιιι
1042 537 1152 590 lncc
1184 552 1353 605 usque
1389 547 1627 605 tempora
1686 535 2065 595 successione;
2119 535 2275 586 tertio
2326 534 2523 587 lialuila
2579 535 2773 588 dicitur
2825 534 3071 588 doctrina
3128 536 3373 603 qumdam
3431 535 3655 605 mystica
3686 550 3749 588 ελ
3783 537 3947 591 variis

735 626 1012 682 nominum
1087 629 1392 681 divinorum
1454 626 1949 682 cmubinatiombus
1994 635 2045 678 et
2099 625 2518 679 resolutionilars
2591 626 2887 680 litterarum
2939 626 3202 695 alphabeti
3263 627 3412 680 vario
3467 629 3616 689 situ,
3673 639 3948 696 permuta-

734 725 875 780 tione
902 764 915 786 ,
979 725 1374 785 decussationc,
1434 725 1615 777 dorem
1667 721 1949 790 Sephiroth
1981 761 1993 783 ,
2045 720 2157 773 sive
2210 719 2299 772 Dei
2344 721 2614 774 attributis
2681 722 2824 773 varie
2865 722 3003 775 inter
3045 736 3103 775 se
3149 722 3497 790 comparatis,
3529 721 3758 791 aliisque
3797 721 3948 791 ejus—

731 817 872 869 modi
921 816 1111 870 nazniis
1163 827 1274 867 orta
1338 825 1388 868 et
1447 822 1620 866 eruta.
1673 809 1744 863 lla
1805 808 2064 862 Morinus.
2129 807 2191 861 Et
2230 810 2482 874 quoniam
2538 807 2752 862 liabala:
2801 824 3018 873 norncn,
3070 818 3128 862 ut
3186 810 3387 862 dictum
3424 818 3549 869 est,
3610 809 3827 878 proprie
3876 808 3950 864 si-

727 909 945 977 gnificat
1004 909 1171 978 legem
1230 923 1319 960 seu
1376 908 1676 960 doctrinam
1710 920 1737 957 a
1772 903 2071 971 majoribus
2094 920 2186 956 ore
2211 905 2485 962 traditam.
2521 904 2779 973 distingui
2831 904 2992 957 etiam
3036 921 3095 958 ea
3138 905 3276 958 solet
3308 905 3358 956 in
3390 913 3622 957 veterem
3651 920 3714 957 ac
3751 919 3944 958 recen-

731 999 939 1052 liul‘ctll.
977 998 1260 1053 Rcccntior
1286 1000 1525 1068 quidem,
1561 1012 1679 1065 qua:
1717 997 1767 1049 in
1807 995 2004 1065 priscis
2039 995 2391 1048 rabbinorum
2435 995 2637 1049 scholis
2660 1004 2838 1047 ortum
2893 1005 2944 1048 et
2990 995 3314 1063 principium
3358 995 3568 1057 habuit,
3607 994 3744 1048 nihil
3792 995 3942 1047 aliud

728 1099 829 1147 est,
857 1099 912 1141 ut
960 1089 1124 1159 aliqui
1164 1098 1373 1158 putant,
1399 1105 1558 1156 quam
1589 1086 1931 1156 philosophia
1962 1084 2349 1155 Pythagorica,
2376 1095 2646 1153 quatenus
2677 1085 2990 1153 Pythagora:
3014 1085 3264 1153 dogmata
3301 1084 3603 1152 posteritati
3634 1084 3942 1146 innotuere,

728 1185 837 1238 sive
863 1183 1150 1238 Platonica
1187 1185 1252 1238 de
1279 1185 1384 1238 Deo
1414 1195 1462 1237 ct
1491 1184 1650 1237 rebus
1700 1181 2032 1251 spiritalibus
2056 1197 2118 1232 ex
2145 1179 2422 1249 Scriptura
2453 1180 2740 1242 illustrata,
2771 1190 2822 1232 et
2847 1181 3182 1247 :cnigmatice
3218 1194 3280 1233 ac
3297 1180 3592 1251 symbolice
3619 1182 3897 1248 proposita
3926 1197 3941 1244 ;

735 1275 815 1328 vel
849 1277 1028 1344 potius
1058 1286 1364 1328 sanctarum
1393 1273 1798 1344 Scripturarum
1833 1272 2097 1339 theologia
2124 1272 2382 1341 symbolis
2433 1269 2833 1324 Platonicorum
2883 1279 2936 1323 et
2997 1268 3484 1339 l’ythagoricorum
3535 1270 3943 1339 :enigmatibus,

723 1381 774 1423 ct
812 1371 1158 1424 rabbiuornm
1191 1370 1387 1424 fabulis
1423 1386 1483 1423 ac
1521 1369 1817 1438 puerilibus
1844 1366 1992 1420 tricis
2019 1367 2327 1420 obscurata.
2381 1365 2502 1419 llaec
2531 1364 2930 1418 Kabalistarum
2987 1365 3140 1417 libris
3190 1365 3519 1422 continetur,
3548 1373 3600 1417 ct
3629 1364 3695 1416 ad
3726 1378 3846 1415 eam
3875 1362 3942 1414 il-

734 1463 1069 1518 lustrandam
1102 1465 1464 1519 incubuerunt
1490 1464 1725 1517 Joannes
1759 1463 1984 1516 Carolus
2012 1461 2338 1526 Saracenos,
2389 1461 2549 1516 Picus
2597 1460 3025 1524 Mirandulanus,
3066 1458 3301 1513 Joannes
3344 1458 3698 1522 Reuchlinus,
3739 1456 3944 1511 Paulus

723 1558 937 1613 Riccius
968 1569 1020 1612 et
1051 1568 1240 1611 auctor
1270 1572 1569 1627 anonymus
1595 1555 1855 1608 librorum
1882 1552 2106 1606 Kabnlte
2132 1554 2445 1616 denudatar;
2476 1554 2564 1607 cui
2588 1562 2641 1606 et
2667 1553 2770 1606 alia
2798 1551 3014 1606 Kabalaa
3045 1552 3250 1621 species
3283 1550 3651 1618 posteriorum
3679 1551 3940 1604 rabbino-

720 1666 838 1702 rum
889 1651 1104 1718 propria
1137 1650 1476 1719 atljungenda
1507 1649 1739 1710 viletur,
1771 1651 1814 1703 si
1845 1666 1952 1703 non
1975 1659 2213 1718 tempore
2253 1650 2502 1717 aequalis,
2537 1659 2681 1703 certe
2741 1664 2845 1701 non
2895 1648 3064 1702 multo
3096 1647 3185 1701 illa
3234 1645 3485 1709 inferior,
3517 1646 3582 1698 de
3608 1660 3714 1713 qua
3747 1653 3943 1714 printer

719 1741 985 1794 Morinum
1021 1759 1047 1794 a
1075 1758 1158 1796 me
1187 1758 1354 1811 nuper
1374 1745 1670 1808 laudatum,
1700 1744 1946 1812 aliosque
1964 1743 2252 1811 scriptores
2281 1743 2647 1796 Bartoloccius
2671 1742 2918 1810 pluribus
2952 1742 3004 1794 in
3031 1741 3164 1795 locis
3203 1755 3314 1793 suae
3338 1737 3682 1792 Bibliotheca:
3745 1735 3943 1789 Rabbi-

717 1833 847 1886 nij
879 1831 1138 1895 meminit,
1169 1846 1396 1900 eamque
1429 1832 1723 1885 detestatur
1769 1831 1852 1885 his
1883 1831 2092 1884 verbis:
2145 1850 2162 1881 ι
2194 1832 2456 1886 Auctores
2488 1830 2709 1886 infamis
2745 1829 2886 1884 illius
2937 1830 3070 1884 artis
3123 1845 3286 1899 quam
3322 1827 3700 1882 kabalisticam
3754 1827 3941 1896 appel-o

716 1921 858 1988 lant,
893 1932 945 1977 et
977 1939 1072 1992 per
1122 1939 1284 1991 quam
1337 1922 1549 1992 prolani
1578 1924 1846 1985 homines,
1888 1924 1980 1993 qui
2010 1924 2289 1978 kabalista:
2323 1925 2461 1978 inter
2487 1922 2702 1978 Judaeos
2726 1924 2831 1977 diei
2861 1924 3099 1988 voluere,
3133 1932 3297 1979 totam
3339 1936 3549 1975 Sacram
3599 1919 3940 1989 Scripturam

714 2015 1015 2067 litterarum
1094 2015 1622 2082 pcrmutationibus,
1677 2015 1954 2068 valoribus
2010 2015 2305 2069 numericis
2357 2030 2453 2084 pro
2505 2015 2787 2069 elementis
2839 2014 3229 2083 alphabetariis
3289 2012 3548 2080 acceptis,
3604 2010 3943 2066 dictionibus

716 2105 940 2175 integris
975 2105 1027 2158 iu
1054 2119 1311 2158 numeros
1352 2106 1626 2172 resolutis,
1652 2116 1704 2160 ct
1735 2108 1785 2160 in
1820 2107 1984 2160 alium
2012 2108 2236 2161 omnino
2272 2123 2426 2160 usum
2459 2108 2756 2172 diversum,
2781 2117 2833 2161 et
2876 2107 3204 2177 quandoque
3254 2103 3610 2167 contrarium,
3643 2113 3698 2158 et
3728 2103 3941 2157 diame-

716 2195 846 2249 trice
876 2195 1180 2265 oppositum
1209 2195 1308 2264 ipsi
1341 2212 1508 2251 sacra:
1528 2198 1845 2269 Scriptum,
1877 2215 2012 2253 ausu
2043 2214 2293 2267 prorsum
2331 2200 2619 2253 temerario
2666 2208 2720 2252 et
2750 2199 2974 2252 omnino
3035 2197 3367 2254 damnando.
3417 2193 3666 2250 eamdem
3723 2209 3938 2249 sacram

714 2289 963 2358 paginam
1003 2290 1290 2358 detnrpare
1320 2291 1500 2344 conati
1535 2300 1679 2346 sunt.
1709 2312 1726 2343 ι
1757 2291 1939 2346 Altera
1976 2308 2106 2346 vero
2132 2293 2407 2362 antiquior
2434 2303 2538 2358 est,
2575 2309 2695 2362 qua:
2749 2303 2872 2348 ante
2905 2294 3184 2348 Christum
3231 2303 3416 2345 uatum
3456 2292 3598 2344 inter
3632 2291 3784 2344 viros
3812 2304 3939 2343 vera

718 2376 1120 2446 Scripturarum
1157 2381 1385 2434 scientia
1423 2381 1719 2436 instructos
1750 2383 1987 2436 obtinuit
2009 2385 2144 2453 (fit),
2180 2399 2408 2453 qumque
2441 2386 2759 2439 versabatur
2790 2386 2842 2438 in
2868 2385 3217 2454 intelligendo
3267 2383 3492 2454 mystico
3521 2382 3935 2452 Scripturarum

715 2484 900 2529 sensu.
941 2479 992 2523 et
1021 2470 1179 2540 longe
1219 2472 1523 2525 sublimiori
1563 2474 1674 2538 illo,
1707 2477 1797 2544 qui
1827 2476 2127 2528 exlitterali
2153 2485 2205 2529 et
2241 2478 2471 2530 naturali
2503 2477 2794 2531 verborum
2832 2478 3106 2532 intellectu
3133 2478 3324 2544 legenti
3373 2476 3647 2530 occurrit:
3681 2484 3737 2528 et
3796 2475 3938 2529 hanc

711 2561 925 2629 quidem
961 2562 1241 2616 scientiam
1270 2563 1457 2627 fuisse,
1492 2565 1662 2628 aiunt,
1718 2567 2100 2636 prophetarum
2147 2577 2199 2622 et
2231 2580 2539 2623 sanctorum
2566 2568 2772 2623 Veteris
2814 2569 3145 2624 Testatncuti
3204 2587 3233 2623 a
3293 2567 3494 2639 Moyse,
3523 2578 3575 2622 et
3602 2583 3631 2620 a
3678 2565 3792 2621 Dco
3817 2566 3936 2637 ipso

708 2653 881 2706 servis
908 2653 1020 2705 suis
1052 2654 1322 2715 traditam,
1355 2671 1474 2722 qum
1500 2671 1605 2708 non
1637 2659 1811 2711 solum
1841 2660 2160 2713 versabatur
2212 2660 2358 2714 circa
2413 2661 2734 2728 allegoricos
2768 2671 2821 2715 et
2878 2662 3136 2732 mysticos
3184 2675 3466 2715 sacrarum
3516 2659 3933 2728 Scripturarum

707 2762 920 2808 sensus,
951 2747 1041 2799 sed
1071 2747 1230 2799 etiam
1268 2750 1726 2817 complectebatur
1752 2752 2009 2820 dogmata
2048 2752 2315 2820 principua
2370 2751 2489 2804 fidei
2520 2750 2756 2804 Judaica:
2810 2753 2874 2805 de
2907 2752 3212 2806 veneramla
3258 2753 3310 2804 in
3372 2751 3480 2805 Deo
3535 2749 3830 2816 Trinitate,
3866 2753 3933 2805 de

710 2839 938 2893 adventu
969 2839 1195 2903 Messiaz,
1228 2852 1388 2910 atque
1412 2845 1630 2897 humani
1669 2846 1882 2912 generis
1910 2847 2298 2914 redemptione,
2333 2848 2636 2900 animarum
2675 2847 3084 2902 immortalitate
3113 2857 3273 2916 atque
3290 2847 3411 2900 aliis
3444 2846 3782 2915 hujusmodi,
3811 2863 3932 2916 qua:

707 2930 920 2983 tlillicile
948 2946 1013 2984 ex
1043 2934 1206 2984 verbo
1245 2933 1430 2986 divino
1466 2950 1571 2988 non
1606 2936 1782 2990 adhuc
1812 2947 1994 3005 aperte
2026 2937 2243 3002 tradito,
2274 2937 2493 3007 intelligi
2525 2948 2793 3008 poterant.

795 3042 965 3097 XXV.
1009 3043 1256 3100 Profecto
1290 3047 1537 3104 Christus
1580 3050 1842 3107 Dominus
1883 3061 1935 3106 et
1977 3053 2206 3122 apostoli
2241 3055 2562 3122 quibusdam
2593 3054 2798 3110 Veteris
2830 3054 3159 3109 Testamcnti
3195 3054 3329 3109 locis
3366 3054 3446 3108 usi
3476 3063 3604 3108 sunt
3633 3055 3699 3109 ad
3731 3056 3928 3110 confiro

708 3135 961 3190 mandant
992 3137 1296 3198 veritatem,
1327 3139 1441 3206 qui,
1470 3141 1676 3195 licetex
1715 3145 1932 3212 preprio
1959 3144 2174 3198 litterali
2205 3160 2364 3198 sensu
2402 3147 2465 3197 ad
2498 3147 2832 3213 probandum
2859 3147 2907 3200 id
2938 3146 3080 3214 quod
3108 3133 3476 3210 intendebant,
3508 3162 3663 3200 suam
3697 3147 3807 3200 vim
3833 3147 3928 3200 ba-

703 3234 892 3290 berent
917 3247 1078 3307 atque
1105 3240 1502 3300 auctoritatem,
1535 3237 1692 3308 longe
1716 3247 1892 3292 tamen
1925 3241 2102 3307 majus
2136 3237 2220 3292 eis
2270 3239 2480 3308 pondus
2503 3241 2789 3296 accedebat
2819 3256 2883 3296 ex
2911 3240 3198 3295 traditione
3221 3241 3600 3308 prophetarum
3625 3247 3682 3294 et
3711 3249 3929 3295 sancto-

703 3341 824 3382 rum
851 3336 1116 3392 veterum,
1152 3329 1291 3385 unde
1324 3329 1607 3384 constabat
1636 3329 1756 3381 illos
1779 3330 1842 3383 ad
1873 3329 2121 3383 Messiam
2158 3330 2446 3396 rcSpicere,
2485 3341 2646 3400 atque
2683 3334 2732 3385 in
2765 3333 2868 3387 illis
2900 3333 2964 3386 de
2995 3330 3353 3400 Redemptore
3380 3331 3487 3401 agi.
3517 3330 3651 3396 Quae
3681 3332 3922 3402 quidem,

705 3417 989 3471 traditione
1036 3421 1266 3483 seclusa,
1303 3421 1531 3474 minOris
1564 3421 1816 3489 ponderis
1851 3431 1901 3474 et
1930 3420 2148 3475 levioris
2196 3423 2536 3478 auctoritatis
2573 3425 2713 3493 apud
2755 3441 2848 3479 eos
2893 3424 3142 3489 fuissent,
3179 3433 3232 3478 et
3265 3440 3409 3479 nunc
3442 3424 3758 3493 hujusmodi
3803 3440 3925 3482 esse

704 3509 842 3562 forte
868 3511 1195 3578 quibusdam
1227 3512 1392 3564 videri
1424 3519 1701 3580 poterunt,
1728 3513 1819 3580 qui
1854 3526 1957 3563 non
1995 3511 2127 3564 satis
2156 3512 2398 3565 animum
2424 3515 2710 3568 intendunt
2740 3516 2801 3568 ad
2838 3526 3070 3584 tempus,
3098 3525 3149 3569 et
3172 3515 3373 3577 locum,
3404 3525 3456 3569 et
3479 3531 3767 3585 personas,
3802 3518 3924 3587 qui.

700 3601 802 3656 bus
830 3603 917 3655 illa
953 3604 1156 3672 prolata
1193 3615 1341 3658 sunt.
1369 3603 1636 3667 Profecto,
1674 3620 1794 3674 qua:
1823 3603 1889 3658 de
1920 3606 2150 3674 mystico
2183 3613 2233 3658 et
2263 3605 2550 3678 allegorice
2584 3607 2986 3678 Seripturarum
3021 3624 3185 3664 sensu
3221 3619 3274 3664 et
3304 3609 3551 3664 doctrina
3583 3609 3725 3680 apud
3760 3607 3921 3664 Vete-

704 3692 776 3745 ris
809 3692 1142 3749 Testamcttti
1174 3696 1354 3751 Patres
1384 3713 1475 3766 per
1499 3712 1711 3760 manus,
1741 3707 1798 3750 ut
1829 3698 1900 3751 ita
1925 3697 2124 3762 dicam,
2153 3698 2348 3751 tradita
2374 3699 2512 3754 dicta
2546 3710 2692 3765 sunt,
2721 3701 2878 3756 fidem
2909 3717 2971 3757 ac
2998 3703 3368 3772 probationem
3400 3703 3644 3772 accipere
3669 3702 3922 3757 videntur

702 3799 768 3838 ex
790 3787 971 3840 verbis
1003 3785 1190 3839 llilarii
1220 3787 1330 3857 (δαὶ)
1357 3807 1369 3840 :
1407 3806 1422 3837 ι
1455 3788 1558 3854 Qui
1591 3787 1826 3857 Moyses,
1859 3789 1954 3849 ait,
1987 3787 2237 3855 quamvis
2261 3786 2474 3844 Veteris
2502 3791 2831 3845 Testamenti
2865 3792 3023 3844 verba
3051 3793 3102 3846 in
3135 3793 3327 3847 litteris
3357 3792 3710 3856 condidisset,
3741 3801 3918 3846 tamen

699 3878 991 3942 separatim
1042 3878 1285 3946 quzedam
1332 3894 1395 3932 ex
1444 3879 1668 3934 occultis
1701 3878 1834 3948 legis
1859 3879 2150 3933 secretiora
2192 3882 2446 3948 mysteria
2497 3882 2846 3952 Septuaginta
2881 3883 3208 3948 senioribus,
3255 3883 3347 3952 qui
3381 3882 3632 3938 doctores
3664 3882 3921 3951 deinceps

701 3979 1001 4034 manerent,
1031 3970 1391 4024 intimaverat.
1413 3970 1582 4041 Cujus
1606 3971 1867 4026 doctrinae
1909 3972 2070 4025 etiam
2104 3969 2365 4026 Dominus
2414 3973 2466 4025 in
2525 3974 2828 4044 Evangeliis
2866 3976 3109 4031 meminit
3149 3977 3335 4031 dicens
3365 3994 3377 4029 :
3417 3973 3582 4044 Super
3607 3975 3919 4029 cathedram

701 4064 873 4134 Moysi
918 4066 1159 4118 sederunt
1211 4062 1406 4116 Scriba:
1441 4076 1487 4116 ct
1524 4065 1782 4118 Pharisaei
1815 4065 2031 4116 :omnia
2073 4080 2388 4134 quaecunque
2426 4065 2656 4118 dixerint
2709 4068 2846 4120 vobis
2897 4079 3095 4122 servate
3151 4078 3200 4122 ct
3243 4067 3423 4136 facite,
3472 4067 3781 4138 secundum]
3804 4086 3918 4122 vero

704 4164 848 4231 facta
891 4175 1066 4213 eorum
1117 4160 1274 4213 nolite
1315 4161 1504 4229 facere.
1533 4159 1784 4213 Doctrina
1826 4173 1954 4228 ergo
2014 4160 2204 4212 horum
2235 4161 2435 4214 mansit
2455 4161 2508 4216 in
2539 4171 2836 4230 posterum,
2865 4179 2985 4233 quae
3011 4164 3077 4217 ab
3107 4163 3225 4232 ipso
3253 4163 3512 4232 scriptore
3536 4163 3670 4233 legis
3696 4175 3914 4234 accepta

700 4257 757 4308 in
797 4253 899 4306 hoc
928 4251 1203 4305 seniorum
1236 4251 1410 4306 oflicio
1441 4261 1492 4304 et
1522 4266 1748 4305 numero
1779 4259 2096 4306 conservata
2133 4259 2216 4304 est
2247 4250 2359 4321 (55)
2398 4269 2415 4302 ι

697 4411 989 4466 nentur.Ex
1011 4411 1265 4466 Ghemara
1293 4409 1665 4472 autemjuncta
1689 4391 2115 4472 Miscnw'n-D'm,
2143 4406 2386 4472 Talmud,
2406 4423 2524 4477 quae
2548 4425 2647 4462 vox
2679 4409 2972 4462 doctrinam
2997 4407 3278 4474 significat,
3308 4406 3674 4461 constituitur.
3687 4408 3913 4461 Talmud

697 4497 822 4536 vero
855 4483 1046 4549 duplex
1079 4492 1179 4545 est,
1209 4482 1434 4535 alterum
1465 4489 1546 4532 est
1588 4477 1990 4547 Babylonicum,
2023 4481 2248 4532 alterum
2288 4493 2416 4531 vero
2457 4477 3018 4548 llierosolymitanum.
3064 4477 3368 4549 Babylonici
3421 4486 3608 4531 auctor
3634 4477 3762 4549 fuit
3797 4477 3912 4532 Rau

696 4552 850 4615 Asce,
884 4546 1271 4622 Babylonicus,
1307 4561 1358 4604 et
1395 4550 1522 4622 quia
1559 4546 1727 4622 morte
1763 4559 2061 4622 prazventus
2094 4546 2842 4622 opusperlicere“nequivit,
2899 4557 3081 4622 postea
3119 4547 3424 4601 absolutum
3472 4557 3605 4622 esta
3630 4546 3911 4614 Marimar,

696 4631 749 4675 et
782 4639 810 4674 a
843 4622 953 4676 Mar
998 4617 1119 4676 'lilio
1192 4621 1304 4675 Rau
1345 4617 1499 4679 Asce,
1544 4620 1686 4672 circa
1732 4633 1930 4671 annum
1968 4617 2173 4671 Domini
2203 4618 2303 4670 500
2344 4629 2436 4670 aut
2471 4619 2615 4683 505;
2668 4617 3208 4686 llierosolymitanum
3251 4632 3409 4681 vero,
3445 4618 3587 4684 quod
3638 4628 3722 4672 est
3765 4634 3912 4672 com-

698 4695 1021 4745 mentarium
1046 4708 1207 4760 super
1235 4691 1538 4760 nonnullos,
1573 4703 1679 4760 non
1713 4700 1889 4760 autem
1926 4703 2086 4752 super
2145 4703 2331 4760 omnes
2360 4687 2576 4760 Miscnd’
2642 4689 2854 4760 libros,
2904 4703 2982 4760 es
3012 4687 3240 4741 diversis
3286 4687 3636 4740 rabbinorum
3692 4697 3905 4760 sentem

696 4764 783 4815 tiis
817 4765 1096 4816 collectum
1118 4757 1175 4814 in
1205 4772 1342 4815 terra
1379 4759 1664 4811 Israelitica
1699 4773 1794 4825 pro
1827 4759 1890 4810 iis
1921 4759 2236 4825 pnesertim,
2279 4759 2369 4826 qui
2396 4774 2513 4812 eam
2545 4761 2814 4826 regionem
2846 4758 3171 4813 incolebant.
3206 4759 3350 4810 circa
3415 4772 3618 4810 annum
3687 4757 3907 4812 Domini

694 4831 796 4886 568
839 4834 1054 4902 scripsit
1122 4831 1289 4886 Rabbi
1348 4827 1623 4902 Jochauau
1675 4829 1901 4881 dialecto
1960 4826 2479 4902 l'lierusolymitana;
2550 4841 2602 4902 et
2652 4831 2770 4882 ideo
2820 4827 3645 4902 llrcrosolymi[anum_dictum_
3684 4837 3788 4902 est.
3838 4828 3909 4880 De

694 4895 1208 4972 utroqtre'Talmud
1262 4902 1414 4970 plura
1462 4899 1625 4950 videri
1688 4906 1937 4972 poterunt
1963 4898 2100 4965 apud
2136 4895 2525 4953 Bari-tuloccium
2571 4901 2622 4952 in
2663 4915 2760 4953 sua
2809 4895 3130 4952 Bibliotheca
3181 4897 3492 4958 Rabbinica,
3557 4897 3648 4950 ubi
3701 4896 3824 4953 fuse
3857 4908 3909 4953 et

694 4970 986 5026 multifaria
1019 4973 1317 5026 eruditione
1352 4972 1496 5022 hisce
1528 4973 1591 5018 de
1625 4970 1782 5020 rebus
1819 4977 2131 5035 pertractat.

764 5043 872 5109 (5-1)
922 5043 1076 5096 Rich.
1125 5043 1257 5094 Sim.
1311 5038 1443 5092 Crit.
1504 5038 1608 5088 ιιι-τ.
1648 5031 1899 5102 Τεδιαήι.,
1927 5047 1980 5090 et
2025 5038 2076 5087 in
2141 5036 2268 5089 Litt.
2341 5053 2474 5104 resp.
2509 5039 2574 5087 ad
2605 5034 2950 5088 animadvers.
3006 5033 3197 5088 Claud.
3251 5033 3312 5086 de
3346 5031 3505 5096 Veil.;
3536 5032 3776 5089 Cumcus
3821 5034 3893 5090 De

691 5110 907 5178 Republ.
942 5112 1120 5172 llebr.,
1148 5113 1238 5163 lib.
1270 5126 1347 5169 Ill,
1381 5125 1497 5176 cap.
1534 5110 1584 5158 ὃ.

805 5183 869 5234 i‘2l
896 5187 1045 5234 Corn.
1075 5186 1124 5234 in
1152 5181 1297 5233 Psal.
1327 5196 1383 5234 It.
1410 5197 1460 5230 ιι.
1494 5179 1547 5230 9..

805 5184 834 5211 ’⁵
918 5187 969 5234 Lo
1033 5221 1045 5234 .
1082 5186 1092 5193 ’
1200 5201 1254 5232 sa
1286 5223 1297 5233 .
1327 5196 1360 5231 It
1410 5197 1460 5230 ιι.
1494 5181 1547 5230 ‘2.

896 5181 1284 5305 (\ycllfilnt‘ngrinli
1333 5219 1701 5322 summopere
1728 5247 2054 5322 cavendum“
2080 5255 2161 5322 cst
2199 5262 2228 5298 a
2263 5241 2632 5322 recentiorum
2668 5234 3384 5322 rabbinorunrcommfeptis
3407 5233 3556 5322 ,‘qui
3582 5233 3898 5322 ‘hujusmodi

693 5303 912 5377 his‘to-ria
957 5303 1351 5380 cliti-inlinitur,
1389 5303 1735 5388 quum'nobis
1775 5319 1948 5388 prodit
1981 5315 2229 5378 Hilarius,
2272 5316 2580 5388 abutuntur
2608 5309 2675 5388 ,ιιι
2719 5323 2856 5388 suas
2905 5309 3189 5388 nwniasnct
3230 5303 3439 5384 fabulas
3473 5305 3896 5388 colitir_tiiandas,

691 5372 1428 5460 casisi-mphcioribus
1465 5372 1848 5441 obtrudcinlas.
1896 5372 2227 5439 Fal-ulantur
2266 5386 2419 5460 enim
2471 5374 3260 5460 rabbiniei-doctor-espDeutn
3290 5375 3347 5453 in
3390 5383 3571 5425 monte
3590 5372 3734 5460 'Sina
3765 5390 3896 5442 pra:-

691 5472 770 5514 ιρι*
830 5467 999 5528 legem
1059 5444 1309 5528 εςῖ·ὶ,›ι;ιιει
1356 5462 1455 5511 alia
1519 5459 1668 5526 plura
1713 5467 1965 5510 oretenus
2013 5457 2176 5526 Moysi
2227 5455 2335 5528 trad

2251 5453 2535 5508 radidisse,
2592 5465 2711 5516 quin
2739 5447 2888 5514 chis
2943 5446 3104 5498 oralis
3158 5445 3375 5528 nomine
3428 5444 3889 5528 complectuntur

691 5515 907 5596 Moysen
935 5515 1111 5585 autem
1139 5515 1321 5591 ,Ιίιειιιι³
1350 5515 1658 5582 ,Ιιιειιι-’γε-ιη)
1683 5529 2014 5595 septuaginta
2045 5518 2368 5596 senioribus,
2416 5515 2658 5574 seniores
2714 5518 3008 5596 prophetis,
3071 5515 3357 5594 prophetas
3415 5515 3543 5596 viris
3603 5515 3886 5596 Synagoga

690 5593 915 5672 ιιιςιξςιιςιι,
967 5620 1194 5669 quoium
1259 5581 1502 5654 ultimum
1554 5581 1899 5658 Simeonem?
1941 5605 2297 5665 COgIIOIIIt-IHO
2336 5581 2570 5672 J'ustutn,
2600 5581 2918 5672 llf)llI-l:l'lll(:t‘t
2950 5581 3119 5665 illum,
3148 5581 3237 5672 qm
3267 5581 3700 5672 [uterunt‘Jesuin
3735 5584 3790 5672 iul
3818 5581 3889 5636 nl-

690 5654 1165 5740 nisZUsci-p'it,seil
1200 5679 1359 5723 $.lltiltt
1398 5671 1563 5722 i....lto
1592 5654 1972 5735 antiquiorem,
1998 5654 2237 5734 tempore
2277 5659 2830 5740 ΛιρςςιιιιιιήηἱιιειξξιιιΓ
2884 5659 3154 5740 flii-tigouo
3189 5655 3433 5732 Sor-luco,
3472 5663 3521 5706 et
3554 5655 3675 5734 aliis
3711 5654 3894 5740 subsie-

689 5724 1156 5810 qtrenti—li—usiiiis
1195 5742 1423 5810 synCJrii
1457 5739 1656 5807 magni,
1694 5724 1744 5792 et
1801 5739 1877 5790 sic
1945 5724 2194 5805 deinceps
2263 5732 2543 5810 usque-nd
2583 5724 2835 5810 Rabbenii
2883 5725 3338 5810 llakl‘r‘adosctqui
3386 5725 3718 5810 ncmomnilno
3762 5724 3892 5775 obli-

689 5793 1320 5880 {-1aliiiiilicreuil..i,‘ad
1369 5793 1952 5882 perireiitpschcdulas
2004 5793 2307 5878 priscorum
2348 5793 2671 5875 sapientum,
2723 5810 2779 5854 ut
2824 5799 2924 5870 ipsi
2975 5797 3260 5856 atlirmant,
3299 5795 3404 5849 huc
3447 5793 3576 5848 illuc
3621 5795 3889 5864 dispersas
