4164 6492
210 440 317 497 625
914 441 999 495 DE
1045 442 1321 499 TITULIS
1361 445 1815 503 PSALMDRUM.
1856 480 1925 489 ———
1965 450 2350 508 ANTONELLI
2393 453 2786 511 PREFATIO.
3315 455 3417 511 626

277 554 464 609 XXVI.
498 555 570 611 At
618 572 746 613 vero
794 559 838 614 si
888 577 1001 616 rem
1050 573 1215 618 totam
1250 579 1359 632 pra:
1396 564 1569 620 oculis
1603 566 1832 635 pesitant
1870 572 2127 625 attentius
2162 572 2487 638 intueamur,
2529 582 2582 628 et
2611 588 2732 643 qum
2761 573 2813 627 in
2860 570 3031 624 Veteri
3069 568 3421 626 Testamento

208 646 406 713 scripta
437 654 490 700 et
523 662 644 714 qua:
671 649 722 701 in
745 647 914 717 Novo,
937 661 991 706 et
1014 669 1135 723 qua:
1159 671 1192 708 a
1226 655 1525 724 majoribus
1547 667 1765 727 accepta
1793 659 2058 731 nobisque
2089 664 2280 718 tradita
2310 666 2439 729 sint,
2471 664 2783 733 diligentius
2805 664 3234 726 consideremus,
3264 677 3422 721 ttctno

208 739 327 805 erit,
345 748 402 793 ut
430 751 577 810 puto,
596 745 687 811 qui
717 745 874 801 facile
902 749 1143 802 animum
1175 762 1332 804 suum
1363 750 1602 818 inducat,
1629 761 1689 805 ut
1718 754 1924 820 rretlat,
1962 755 2198 827 Moysen,
2224 760 2538 827 prophetas,
2564 770 2724 828 atque
2751 759 2889 814 alios
2916 759 3109 813 veteris
3137 759 3267 826 legis
3306 775 3422 813 ma-

209 828 406 898 gistros
435 840 489 885 et
520 834 805 891 sanctitate
837 847 891 892 et
921 840 1145 894 scicntia
1192 849 1510 909 praestantes
1552 843 1786 911 aliquam
1818 856 2021 899 certam
2072 845 2385 917 Scripturas
2416 849 2701 919 allegorice
2736 849 3122 918 iutcrpretamli
3156 848 3419 902 rationem

209 936 300 1011 seu
337 925 633 981 doctrinam
668 943 699 982 a
729 928 835 980 Deo
864 932 1155 1001 accepisse,
1184 949 1305 1003 qua:
1334 932 1545 988 Kabala
1576 937 1908 992 nominanda
1945 939 2054 1005 sit;
2099 939 2191 994 sed
2215 941 2393 1009 potius
2417 942 2712 1011 generatim
2750 941 2829 995 cis
2872 953 3204 1011 compertum
3256 941 3421 995 fuisse

210 1010 261 1064 in
303 1014 727 1084 simplicioribus
770 1037 1049 1077 sacrarum
1094 1024 1501 1095 Scripturarum
1537 1028 1718 1081 verbis
1751 1044 1980 1085 arcanos
2024 1038 2078 1085 et
2120 1030 2466 1087 sublimiores
2511 1047 2704 1087 sensus
2738 1034 3044 1087 reconditos
3081 1048 3222 1096 esse,
3258 1047 3418 1100 quos,

208 1118 468 1174 quantttm
501 1110 555 1165 in
584 1127 645 1167 se
672 1124 806 1179 erat,
838 1116 1016 1170 rimati
1044 1127 1170 1171 sunt
1213 1127 1377 1189 atque
1419 1120 1895 1191 investigaverant.
1942 1122 2054 1178 Illis
2086 1134 2264 1179 autem
2305 1141 2414 1180 non
2447 1135 2554 1180 tant
2589 1140 2689 1180 suo
2717 1126 2901 1180 labore
2928 1138 3090 1195 atque
3135 1125 3419 1190 industria,

208 1213 368 1265 quam
407 1216 618 1257 summa
651 1207 1034 1274 omnipotentis
1072 1207 1162 1263 Dei
1205 1210 1532 1280 benignitate
1560 1212 1753 1283 magis,
1791 1212 2079 1283 minusque
2115 1228 2212 1282 pro
2245 1228 2597 1282 personarum
2628 1214 2962 1276 conditione,
2994 1212 3199 1283 Spiritu
3233 1222 3422 1269 sancto

210 1291 486 1357 edocente,
518 1295 611 1363 qui
644 1296 816 1365 spirat
842 1297 931 1350 ubi
966 1298 1098 1359 vult,
1130 1298 1309 1367 aliqua
1338 1300 1569 1354 revelata
1601 1300 1787 1362 fuisse.
1820 1301 1925 1355 alia
1959 1316 2088 1355 vero
2122 1316 2216 1370 per
2250 1317 2447 1355 manus
2480 1302 2883 1371 quodammodo
2914 1304 3189 1371 accepisse
3218 1317 3282 1355 ex
3312 1312 3422 1356 tra-

217 1383 421 1440 ditione
451 1388 738 1457 majorum,
764 1392 856 1460 qui
888 1392 1135 1446 similiter
1158 1394 1394 1449 caelestia
1446 1395 1701 1466 mysteria
1745 1394 2009 1449 velamine
2053 1394 2339 1448 verborum
2383 1395 2651 1448 occultata
2685 1409 2747 1447 ex
2786 1403 2936 1463 parte
2970 1395 3148 1464 aliqua
3185 1394 3417 1447 assecuti

212 1486 357 1530 sunt.
384 1477 652 1533 Caeterum
679 1480 899 1543 intueri.
934 1483 1149 1537 sublato
1176 1484 1463 1550 velamine,
1492 1486 1671 1539 divina
1714 1494 1768 1540 et
1794 1500 2026 1554 superna
2055 1485 2333 1555 mysteria,
2359 1495 2409 1539 et
2434 1485 2690 1555 dispulsis
2721 1486 3011 1553 figurarum
3049 1485 3308 1551 tenebris,
3331 1501 3420 1538 ar-

211 1583 377 1623 canos
416 1568 816 1640 Scripturarum
848 1589 1041 1629 sensus
1069 1576 1441 1645 introspicere,
1477 1577 1543 1630 ad
1580 1575 1630 1629 id
1662 1586 1873 1645 tempus
1899 1584 2171 1631 servatum
2201 1584 2305 1643 est,
2337 1592 2445 1645 quo
2476 1575 2729 1646 splendor
2755 1575 2951 1641 Patris,
2984 1577 3076 1630 lux
3110 1576 3296 1630 mundi
3319 1589 3417 1645 po-

206 1659 348 1727 pulis
375 1660 679 1728 jacentihus
707 1663 759 1717 in
801 1665 1036 1719 tenebris
1062 1675 1114 1719 et
1138 1666 1329 1720 umbra
1354 1667 1547 1721 mortis
1566 1667 1871 1721 exoriretur
1901 1667 1953 1719 in
1980 1667 2160 1720 terris.
2188 1664 2305 1719 IIue
2332 1675 2511 1719 autem
2544 1675 2789 1734 spectare
2814 1666 3064 1721 videntur
3094 1667 3256 1719 verba
3277 1663 3419 1734 Apo-

208 1754 331 1809 stoli
363 1755 416 1808 in
448 1752 688 1825 Epistola
722 1758 788 1811 ad
815 1758 1162 1814 Corinthios:
1197 1756 1318 1812 Non
1348 1758 1485 1829 quod
1511 1759 1815 1828 suﬂicientes
1840 1757 2001 1811 simus
2032 1758 2262 1824 cogitare
2294 1755 2495 1825 aliquid
2526 1771 2589 1809 ea:
2624 1755 2790 1819 nobis,
2827 1758 2980 1825 quasi
3012 1771 3077 1809 ea:
3114 1756 3297 1818 nobis;
3332 1755 3421 1808 sed

204 1851 515 1918 suﬁcientia
544 1862 723 1906 nostra
767 1868 831 1905 ea:
864 1852 968 1905 Deo
998 1862 1099 1915 est,
1133 1855 1221 1922 qui
1250 1868 1301 1907 et
1328 1854 1535 1907 idoneos
1560 1869 1651 1907 nos
1687 1854 1807 1923 fecit
1850 1853 2118 1905 ministros
2148 1849 2286 1902 Novi
2319 1848 2654 1905 Testamenti.
2690 1864 2789 1900 non
2839 1846 3049 1911 littera,
3077 1846 3165 1900 sed
3191 1846 3418 1915 spiritu:

207 1939 382 1995 littera
404 1943 540 1997 enim
569 1944 778 2009 occidit,
810 1948 1027 2013 spiritus
1057 1963 1231 2003 autem
1263 1950 1487 2017 vivi/icat
1518 1949 1595 2014 “;
1622 1957 1677 2003 et
1708 1948 1867 2018 paulo
1886 1945 2111 2000 inferius
2137 1964 2150 2000 :
2181 1943 2249 1997 Et
2277 1960 2378 1997 non
2404 1945 2540 1997 sicut
2578 1942 2782 2012 Moyses
2813 1942 3032 2011 ponebat
3071 1942 3303 1996 velamen
3327 1958 3420 1994 su-

205 2044 298 2097 per
322 2031 511 2100 facient
532 2050 702 2101 suam,
728 2045 784 2089 ut
814 2054 917 2093 non
950 2040 1270 2093 intenderent
1300 2040 1399 2109 ﬁlii
1444 2038 1615 2095 Israel
1639 2042 1691 2094 in
1718 2039 1906 2107 [aciem
1947 2037 2081 2106 ejus,
2109 2037 2249 2106 quod
2292 2047 2577 2089 evacuatur
2599 2051 2617 2087 :
2644 2036 2734 2089 sed
2764 2034 2935 2087 obtusi
2963 2042 3083 2086 sunt
3121 2050 3301 2087 sensus
3332 2049 3424 2087 eo-

207 2140 346 2179 rum.
382 2125 553 2197 Usque
591 2129 647 2183 in
678 2130 983 2187 hodiernum
1019 2136 1157 2188 enim
1198 2134 1332 2189 diem
1365 2136 1418 2189 id
1452 2137 1620 2205 ipsum
1646 2134 1871 2187 velamen
1897 2134 1952 2185 in
1981 2132 2197 2186 lectione
2232 2129 2429 2184 Veteris
2457 2127 2775 2181 Testamenti
2803 2134 2976 2177 manet
3008 2141 3111 2178 non
3140 2125 3422 2179 revelatum

209 2215 477 2284 (quoniam
500 2218 554 2271 in
576 2217 784 2274 Christo
802 2222 1128 2295 evacuatur),
1152 2225 1241 2277 sed
1270 2240 1428 2293 usque
1457 2225 1509 2277 in
1533 2223 1839 2276 hodiernum
1864 2223 2023 2286 diem,
2052 2237 2168 2274 cum
2194 2221 2389 2289 legitur
2412 2218 2640 2288 Moyses,
2664 2217 2891 2271 velamen
2918 2219 3145 2287 positum
3167 2227 3242 2271 est
3270 2232 3424 2285 super

208 2323 301 2359 cor
324 2323 571 2365 eorum...
610 2312 722 2366 Nos
751 2330 868 2372 vero
893 2331 1069 2369 omnes
1096 2316 1322 2370 revelata
1350 2316 1483 2384 [acie
1505 2316 1726 2385 gloriam
1754 2314 1965 2368 Domini
1995 2314 2318 2383 speculantes
2343 2315 2396 2366 in
2423 2313 2657 2368 eamdem
2680 2312 2957 2383 imaginem
2984 2312 3426 2382 transformamur

208 2415 242 2453 ο
266 2398 511 2456 claritate
534 2404 587 2456 in
618 2403 935 2470 claritatem,
967 2416 1216 2478 tanquam
1237 2424 1269 2461 a
1306 2406 1520 2461 Domini
1550 2404 1749 2475 Spiritu
1774 2388 1837 2459 “1
1868 2404 1950 2459 Ad
1986 2404 2075 2458 illa
2102 2413 2281 2459 autem
2316 2404 2552 2472 Apostoli
2584 2404 2744 2457 verba
2764 2403 2831 2458 de
2861 2403 3123 2457 velamine
3148 2418 3309 2474 super
3332 2419 3427 2459 cor

208 2492 538 2558 Judaeorum,
566 2509 687 2548 cum
715 2496 907 2566 legitur
921 2497 1154 2568 Moyses,
1176 2500 1248 2553 ita
1272 2508 1667 2554 commentatur
1682 2498 1942 2567 Origenes
1965 2496 2216 2552 refellens
2236 2496 2450 2551 Celsum
2472 2495 2606 2563 (54),
2624 2495 2739 2563 qui,
2762 2491 3071 2547 Judzcorum
3090 2507 3285 2547 sensus
3304 2509 3425 2552 eos-

209 2585 331 2640 dem
360 2600 479 2640 esse
508 2602 570 2641 ac
594 2585 1026 2645 Christianorum
1059 2590 1115 2645 in
1150 2591 1353 2646 sanctis
1381 2590 1675 2661 Scripturis
1706 2588 2145 2656 interpretandis,
2176 2598 2377 2642 temere
2404 2585 2722 2641 allirmabat.
2775 2601 2792 2635 ι
2824 2582 3096 2649 Dicemus,
3128 2587 3322 2657 ittquit,
3364 2585 3420 2639 in

210 2677 462 2735 confesso
493 2696 612 2736 esse
631 2682 772 2752 apud
805 2692 1085 2755 utrosque,
1122 2685 1289 2741 libros
1317 2685 1499 2739 divino
1531 2682 1730 2752 Spiritu
1756 2682 1925 2736 fuisse
1965 2681 2231 2751 scriptos;
2262 2682 2327 2737 de
2364 2682 2574 2736 illorum
2602 2692 2780 2738 autem
2819 2683 3075 2738 lilirorum
3106 2684 3424 2753 interpreta-

212 2769 361 2824 tione
386 2785 487 2826 nos
512 2786 636 2825 cum
665 2770 866 2829 Iudaeis
889 2773 1199 2830 dissentire.
1229 2775 1436 2843 Quippe
1461 2788 1567 2826 non
1595 2782 1650 2826 ut
1669 2770 1837 2827 Judaei
1864 2773 2112 2838 vivimus,
2146 2788 2509 2842 negatuusque
2540 2784 2769 2828 mentem
2790 2775 2922 2844 legis
2946 2775 3209 2831 contineri
3239 2790 3423 2843 sensu,

212 2877 371 2933 quem
393 2863 569 2933 legum
600 2864 773 2919 littera
800 2881 909 2935 prae
930 2867 1123 2922 sefert.
1146 2866 1400 2932 Quinimo
1432 2866 1782 2928 allirmamus,
1803 2882 1925 2921 cum
1956 2867 2150 2937 legitur
2175 2865 2405 2938 Moyses,
2433 2866 2675 2921 velamen
2711 2870 2946 2937 positum
2984 2884 3103 2924 esse
3137 2885 3299 2939 super
3332 2885 3428 2923 cor

214 2970 425 3019 eorum,
451 2970 571 3009 eam
600 2954 670 3009 ob
693 2970 939 3019 causam,
967 2957 1095 3025 quia
1123 2957 1257 3027 legis
1290 2956 1539 3012 Mosaicae
1574 2973 1726 3013 mens
1752 2957 2056 3011 occultatur
2090 2957 2176 3023 iis,
2207 2959 2299 3027 qui
2324 2959 2461 3011 viam
2494 2975 2522 3012 a
2552 2957 2677 3014 Jesu
2717 2958 2937 3015 Christo
2966 2970 3317 3015 monstratam
3341 2960 3429 3014 in-

214 3047 360 3119 gredi
390 3056 731 3102 recusarunt.
761 3046 973 3102 Scimus
1001 3056 1203 3111 autent,
1234 3050 1450 3119 quando
1489 3066 1547 3105 se
1586 3050 1707 3120 quis
1732 3050 1798 3103 ad
1829 3049 2135 3114 Dominum,
2160 3052 2249 3117 qtti
2284 3049 2518 3118 Spiritus
2554 3060 2659 3113 est,
2687 3054 3036 3121 converterit,
3060 3054 3301 3107 velatncn
3331 3067 3425 3105 au-

215 3140 364 3204 ferri,
394 3154 628 3208 eumque
650 3149 841 3193 retecta
868 3140 1002 3209 [acie
1029 3141 1242 3196 Domini
1271 3144 1516 3213 gloriam,
1545 3142 1678 3197 velut
1705 3143 1759 3195 in
1782 3140 2011 3209 speculo,
2042 3141 2236 3193 intueri
2262 3140 2315 3194 in
2346 3142 2452 3197 illis
2485 3144 2757 3204 sensibus,
2785 3158 2923 3213 quos
2954 3144 3127 3198 littera
3147 3144 3279 3213 legis
3297 3144 3425 3198 abs-

215 3230 499 3293 condebat,
522 3230 642 3285 etin
664 3246 815 3287 suam
839 3233 1009 3303 ipsius
1027 3235 1252 3306 gloriam
1268 3236 1450 3306 gloriae
1470 3236 1666 3291 divinae
1690 3233 2003 3303 participem
2027 3231 2164 3287 fieri.
2191 3231 2322 3289 Nam
2352 3234 2426 3300 id,
2450 3236 2593 3306 quod
2618 3237 2703 3290 hic
2728 3252 2822 3306 per
2840 3238 3063 3305 figuram
3092 3244 3317 3289 vocatur
3347 3235 3428 3304 fa-

214 3326 316 3378 cies
336 3363 352 3387 ,
383 3330 568 3392 aperte
595 3322 833 3393 loquenti
867 3335 949 3381 est
972 3328 1296 3393 intellectus,
1325 3328 1377 3380 in
1412 3343 1521 3397 quo
1554 3334 1637 3382 est
1658 3326 1933 3381 interioris
1965 3324 2200 3382 hominis
2222 3328 2409 3393 iacies,
2430 3344 2570 3397 quae,
2596 3338 2880 3399 perspecto
2902 3344 3030 3383 vero
3048 3328 3221 3399 legum
3240 3343 3426 3392 sensu,

216 3425 326 3471 tota
360 3416 566 3469 lumine
601 3424 657 3469 et
696 3415 864 3485 gloria
891 3410 1213 3488 resplendet.
1248 3441 1266 3472 ι
1321 3419 1684 3487 Quamobrem
1713 3420 1869 3491 juxta
1911 3418 2072 3474 verba
2105 3423 2245 3477 beati
2279 3423 2527 3492 Apostoli
2560 3424 2823 3493 spiritalis
2856 3440 3133 3481 sacrarum
3186 3422 3430 3491 Scriptu-

216 3528 401 3569 rarum
439 3514 805 3584 intelligentia,
840 3522 893 3567 et
925 3512 1258 3568 sublimioris
1298 3513 1512 3568 illarum
1537 3529 1733 3569 sensus
1761 3515 1997 3585 perfecta
2043 3530 2269 3587 prorsus
2302 3526 2463 3584 atque
2504 3515 2750 3571 absoluta
2794 3516 3027 3587 cognitio
3072 3529 3258 3569 revera
3297 3514 3428 3570 solis

219 3608 504 3675 apostolis,
529 3608 842 3677 sanctisque
868 3605 1140 3671 Patribus,
1169 3614 1223 3660 et
1251 3604 1505 3661 Ecclesia:
1534 3605 1626 3662 Dei
1663 3608 1791 3672 vivi,
1820 3623 1941 3676 qua:
1970 3616 2054 3661 est
2080 3608 2358 3669 columna,
2390 3618 2439 3660 et
2470 3607 2868 3662 firmamentum
2902 3608 3145 3662 veritatis
3171 3606 3235 3671 ⁸³,
3265 3616 3319 3661 et
3361 3605 3429 3659 ad

219 3714 383 3769 quam
416 3716 484 3755 ex
518 3702 814 3769 apostolica
844 3701 1135 3755 traditione
1168 3700 1486 3760 dimanavit,
1520 3700 1683 3753 tribui
1716 3700 1890 3754 debet.
1922 3700 2053 3753 Nam
2093 3715 2160 3754 ex
2191 3700 2259 3755 iis
2283 3716 2405 3769 qua:
2441 3702 2586 3755 circa
2626 3700 2902 3756 Christum
2937 3702 3225 3756 Dominum
3256 3698 3432 3754 conti-

222 3800 438 3860 gerunt.
471 3806 668 3862 magna
696 3792 788 3847 lux
817 3806 985 3847 sacrae
1015 3789 1329 3860 Scriptum,
1362 3799 1415 3843 et
1439 3790 1707 3859 praecipue
1734 3791 2068 3861 propheticis
2093 3793 2327 3847 oraculis
2354 3792 2513 3847 allata
2548 3805 2647 3848 est.
2687 3791 2948 3849 Praeterea
2992 3794 3243 3850 Christus
3277 3802 3428 3863 post-

220 3900 380 3954 quam
411 3884 465 3938 in
496 3884 690 3939 coelum
723 3883 984 3943 ascendit,
1014 3880 1271 3952 Spiritum
1309 3890 1577 3942 sanctum.
1601 3896 1760 3951 quem
1808 3882 2131 3951 promiserat
2173 3883 2432 3952 apostolis
2453 3923 2468 3946 ,
2502 3884 2667 3948 misit,
2701 3884 2793 3954 qui
2840 3884 3056 3938 doceret
3082 3899 3178 3938 eos
3212 3897 3428 3938 onmem

222 3979 533 4043 veritatem;
560 3977 679 4031 ideo
700 3976 927 4031 docente
951 3975 1153 4043 Spiritu
1185 3976 1429 4031 veritatis
1452 3977 1734 4044 pervenire
1758 3975 1984 4047 apostoli
2010 3986 2301 4046 potuerunt
2330 3976 2396 4031 ad
2426 3978 2771 4047 allegoricum
2803 3993 2898 4032 seu
2930 3976 3225 4047 spiritalem
3248 3990 3429 4031 sacra-

220 4085 339 4123 rum
382 4067 790 4137 Scripturarum
837 4084 1057 4124 sensum
1094 4068 1522 4139 percipiendum,
1554 4078 1608 4121 et
1647 4083 1714 4122 eo
1762 4070 2065 4139 pertingere
2108 4083 2219 4138 quo
2259 4070 2514 4123 Patribus
2540 4069 2750 4126 \etcris
2784 4069 3109 4125 Testamenti
3135 4075 3188 4122 et
3221 4067 3431 4136 magnis

222 4159 501 4229 prophetis
528 4168 806 4228 penetrare
839 4177 945 4216 non
978 4161 1153 4215 licuit.

292 4248 514 4304 XXVII.
548 4252 927 4320 Apostolorum
962 4254 1127 4323 igitur
1156 4252 1403 4321 extemplo
1427 4252 1711 4313 excitatos,
1734 4268 2032 4321 eorumque
2063 4253 2299 4323 vestigiis
2318 4262 2371 4307 et
2399 4251 2657 4307 doctrinae
2682 4250 3006 4305 inhaerentes
3033 4249 3431 4307 vetustissimos

225 4341 506 4397 orientalis
535 4341 792 4400 Ecclesia:
826 4344 1014 4401 Patres
1050 4348 1276 4416 mystico
1321 4345 1743 4415 Scripturarum,
1791 4345 1972 4400 sensui
2000 4347 2285 4415 aperiendo
2309 4344 2645 4415 potissimum
2687 4343 2981 4405 studuisse,
3016 4341 3172 4395 fidem
3204 4339 3428 4405 faciunt,

226 4442 283 4486 ut
310 4436 565 4504 superius
595 4437 728 4503 dixi,
762 4446 956 4507 praeter
999 4438 1281 4510 Origenem
1313 4448 1365 4494 et
1395 4440 1723 4494 Clementem
1749 4439 2172 4493 Alexandrinum
2210 4440 2439 4510 epistola
2487 4454 2606 4509 qua:
2638 4438 2896 4493 Barnabas
2920 4437 3243 4499 ascribitur;
3272 4433 3429 4489 Com~

226 4527 491 4580 mentaria
526 4527 579 4581 in
599 4540 826 4599 quatuor
848 4529 1135 4600 Evangelia
1163 4532 1446 4603 Theophili
1479 4534 1716 4602 episcopi
1750 4532 2091 4594 Antiocheni,
2139 4533 2219 4586 vel
2254 4531 2476 4588 alterius
2505 4532 2710 4601 antiqui
2750 4530 3051 4599 scriptoris,
3080 4529 3170 4597 qui
3196 4526 3432 4595 Evange-

227 4614 356 4669 lium
393 4617 624 4688 mystica
658 4617 1101 4688 interpretatione
1127 4623 1381 4691 explicat,
1415 4633 1527 4678 tum
1574 4626 1735 4677 etiam
1764 4622 2022 4678 Ilebraica
2054 4625 2273 4680 nomina
2300 4641 2420 4693 qua:
2449 4626 2501 4677 in
2534 4621 2683 4675 Novo
2717 4620 3063 4675 Testamento
3089 4620 3432 4674 continentur

227 4707 510 4779 diligenter
533 4709 934 4780 interpretatur,
965 4724 1021 4767 et
1048 4711 1395 4781 allegoricum
1428 4729 1646 4768 sensum
1679 4714 1763 4783 pie
1795 4731 1857 4769 ac
1898 4717 2123 4769 solerter
2151 4716 2406 4785 exponit;
2436 4723 2546 4768 tum
2586 4714 2687 4767 alia
2718 4714 2959 4783 ejusdem
2986 4710 3265 4781 Theophili
3300 4710 3433 4764 alio-

227 4816 458 4871 rumque
496 4808 738 4857 veterum
768 4804 1021 4861 Ecclesia:
1046 4805 1267 4861 Patrum
1292 4809 1553 4877 opuscula
1585 4824 1703 4877 quae
1732 4808 1797 4861 ad
1834 4825 1934 4865 nos
1962 4816 2337 4879 pervenerunt.
2373 4806 2484 4861 Cur
2517 4814 2693 4859 autem
2740 4805 2945 4874 antiqui
2974 4801 3211 4857 Orientis
3250 4801 3433 4857 Patres

229 4891 280 4945 iu
308 4893 702 4961 perscrutando
748 4899 975 4965 mystico
1009 4914 1104 4951 Sen
1149 4900 1375 4969 spiritali
1422 4900 1824 4968 Scripturarutn
1875 4916 2036 4955 sensu
2071 4901 2204 4953 adeo
2231 4899 2512 4967 diligentes
2542 4906 2597 4950 et
2633 4897 2832 4952 assidui
2874 4896 3093 4959 fuerint,
3124 4894 3322 4963 duplici
3368 4910 3431 4948 ex

228 4998 386 5039 causa
422 4985 693 5048 evenisse,
721 4988 973 5057 quisque,
1010 5000 1232 5049 utreor.
1259 4990 1541 5059 jutlicahit.
1583 4990 1784 5054 Prima,
1825 4993 1952 5062 quia
1987 4992 2295 5060 hujusmodi
2328 4990 2823 5061 interpretationem
2860 4988 3120 5057 aptiorem
3160 4986 3437 5047 existima-

312 5149 349 5180 “
373 5150 418 5204 II
447 5148 578 5204 Cor.
604 5166 688 5216 ttt,
712 5150 765 5219 3,
794 5150 845 5207 6.
925 5153 966 5183 ¹¹
998 5153 1126 5206 ibid.
1156 5152 1335 5207 1548.
1416 5153 1458 5183 ¹³
1498 5153 1513 5206 I
1538 5150 1676 5205 Tim.
1705 5151 1891 5217 ttt,15.

233 5285 466 5353 collegit,
500 5284 813 5353 librumque
838 5283 1040 5337 Μεδεηό
1060 5284 1312 5353 confecit,
1332 5299 1361 5337 a
1407 5300 1516 5352 quo
1554 5299 1675 5338 cum
1732 5282 1987 5337 Ghemara
2010 5285 2299 5353 conjuncto
2358 5282 2581 5337 Talmnd
2619 5285 2978 5353 componitur.
3008 5281 3234 5353 Talmud
3261 5290 3439 5353 autem

236 5351 436 5409 Hebraei
485 5369 647 5424 atque
692 5351 756 5409 ac
784 5370 1017 5424 sacram
1052 5352 1382 5423 Scripturam
1415 5351 1847 5423 magnifaciunt;
1891 5356 1999 5408 imo
2025 5351 2188 5408 etiam
2228 5353 2537 5424 pra'ferunt.
2580 5353 2673 5407 Est
2708 5351 2882 5409 autem
2921 5354 3056 5408 liber
3087 5351 3277 5424 plenus
3314 5352 3435 5424 ridi-

236 5426 367 5479 rulis
413 5432 467 5493 ct
532 5421 733 5493 putidis
774 5422 993 5485 fabulis,
1037 5421 1554 5492 superstitionibus,
1598 5424 1946 5492 blﬂSpItCIlllIS
1987 5435 2038 5477 et
2081 5421 2446 5493 impietatibus
2491 5427 2742 5489 refertus,
2789 5436 2845 5478 ut
2873 5424 3064 5478 merito
3093 5422 3294 5493 pl_ut'ies
3322 5421 3442 5493 fuco

236 5497 301 5566 rit
362 5511 391 5548 a
435 5490 700 5566 Romanis
750 5490 1121 5566 pontificibus—
1150 5494 1505 5566 proscriptus,
1573 5504 1625 5566 et
1660 5490 2205 5566 igni_tlatntta_ttts_,_et
2254 5495 2407 5566 longe
2456 5509 2611 5547 antea
2650 5496 2720 5566 ah
2764 5490 3444 5566 imperatore.Ittstittiano

236 5564 349 5631 ejus
372 5564 531 5617 lectio
554 5561 791 5617 Hebraeis
815 5564 1096 5617 interdicta
1115 5565 1325 5617 videtur
1355 5565 1405 5615 in
1448 5565 1653 5617 novella
1686 5561 1828 5626 'IiG,
1872 5564 1951 5617 tit.
1986 5564 2059 5616 De
2093 5561 2365 5625 Ilebrwis.’
2399 5566 2575 5619 verbis
2608 5565 2745 5618 illis:
2777 5583 2794 5614 ι
2829 5561 2957 5630 Qua:
2997 5578 3123 5617 vero
3183 5561 3442 5615 Deutcro-

240 5638 333 5693 sis.
364 5634 522 5704 quasi
562 5634 880 5687 secttndaria
926 5634 1156 5687 eruditio
1200 5635 1266 5686 ab
1311 5633 1442 5701 ipsis
1474 5634 1690 5697 dicitur,
1733 5632 1783 5684 in
1826 5634 2135 5704 universum
2182 5634 2573 5698 interdicimus,
2606 5647 2663 5686 ut
2703 5634 2794 5703 qui
2845 5634 3015 5689 sacris
3083 5632 3235 5685 libris
3290 5647 3440 5704 comj

241 5703 499 5771 prehensa
524 5718 632 5756 non
660 5704 751 5767 sit,
781 5719 953 5771 neque
1002 5705 1231 5772 desuper
1290 5704 1483 5757 tradita
1536 5719 1628 5772 per
1686 5703 1991 5772 prophetas.
2021 5706 2113 5757 sed
2148 5714 2395 5772 excerpta
2444 5706 2687 5772 quaedam
2738 5704 2973 5760 virorum
3021 5704 3319 5768 contineat,
3355 5703 3445 5769 qui

246 5782 453 5844 terrena
469 5774 738 5844 duntaxat
772 5774 1079 5839 loquantur,
1118 5775 1608 5844 nequeqnidqttam
1645 5775 1695 5828 itt
1727 5790 1783 5828 se
1821 5773 1986 5828 divini
2020 5774 2245 5830 habeant
2274 5772 2539 5837 Numinis,
2572 5783 2674 5828 etc.

322 5842 441 5913 (54),
454 5843 601 5913 Orig.
628 5854 809 5897 contra
836 5843 969 5897 Cels.
1002 5844 1091 5899 lib.
1118 5860 1169 5907 v,
1203 5862 1253 5897 ιι.
1279 5843 1365 5896 60.
