4164 6482
710 427 814 482 627
1563 431 1618 484 S.
1662 429 2029 484 ATHANASII
2064 430 2213 486 OPP.
2259 430 2434 485 PARS
2476 427 2558 482 Ill.
2599 460 2664 469 --
2701 428 3104 484 EXEGETICA.
3828 423 3926 479 6â€˜28

712 540 840 593 bant
869 542 933 594 ad
957 543 1202 598 alendam
1235 545 1467 598 fidelium
1514 546 1763 614 pietatem
1808 555 1862 600 et
1890 547 2058 615 magis
2112 545 2574 599 accommodatam
2607 546 2927 600 Christiana:
2959 546 3237 615 religioni,
3275 561 3393 614 qua:
3431 546 3744 600 adoratores
3767 543 3928 610 exigit

709 631 762 683 in
800 632 990 700 spiritu
1027 645 1078 688 et
1111 637 1362 698 veritate;
1395 646 1505 689 tum
1531 637 1692 690 etiam
1715 637 1840 705 quia
1875 637 2100 689 omnino
2143 637 2504 690 necessariam
2551 651 2671 689 esse
2717 637 3006 690 censebant
3038 645 3241 690 rectam
3288 634 3689 706 Scripturarum
3731 633 3927 688 intelli-

707 727 963 797 gentiam,
1010 745 1131 786 cum
1165 732 1412 799 quaedam
1466 733 1520 786 in
1564 730 1740 785 Veteri
1775 731 2125 785 Testamento
2161 740 2474 792 occurrant,
2504 746 2625 799 qua:
2663 729 2764 784 nisi
2815 730 3074 797 spiritalis
3117 729 3487 797 interpretatio
3514 729 3840 782 adhibeatur
3871 729 3924 780 in

710 821 1002 875 absurdum
1039 839 1259 877 sensum
1287 826 1454 895 accipi
1487 835 1733 894 possunt.
1768 825 1946 878 Altera
1986 835 2164 878 autem
2197 825 2337 877 haud
2366 824 2526 876 dubie
2564 839 2626 876 ea
2655 831 2756 884 est,
2793 824 2918 890 quia
2955 838 3047 889 per
3079 822 3128 875 id
3157 831 3368 890 tempus
3395 829 3578 874 exorta
3605 828 3722 873 erat
3753 821 3919 872 haere-

706 909 784 967 sis
815 912 1216 978 Gnosticorum,
1254 917 1346 984 qui
1378 917 1766 970 catholicorum
1805 915 2093 984 magistros
2126 924 2178 968 et
2205 915 2473 970 doctores.
2505 915 2664 965 veluti
2707 914 2867 966 rudes
2901 921 3060 977 atque
3094 911 3370 980 imperitos
3406 910 3772 976 traducentes,
3805 925 3926 979 spe-

708 1006 788 1060 cie
804 1007 1034 1076 quadam
1066 1009 1397 1062 sublimioris
1427 1009 1666 1062 scientia:
1697 1008 1763 1061 ad
1795 1023 1852 1061 se
1883 1007 2190 1060 alliciebant
2215 1005 2581 1068 Christianos,
2618 1015 2670 1058 et
2693 1003 2847 1056 novis
2877 1003 3184 1070 allegoricis
3217 1003 3752 1072 interpretationibus
3775 1004 3925 1057 adul-

707 1105 946 1152 terantes
970 1097 1302 1165 Scripturas,
1329 1095 1540 1151 fabulas
1575 1112 1703 1150 suas
1751 1112 1848 1164 pro
1885 1110 2021 1148 nova
2060 1095 2295 1162 quadam
2335 1093 2723 1162 reconditaque
2762 1093 3009 1146 doctrina
3051 1093 3424 1155 venditabant,
3453 1102 3507 1146 et
3542 1109 3648 1148 non
3682 1111 3838 1150 secus
3863 1111 3928 1150 ac

710 1190 965 1246 Pharisaai
993 1193 1044 1244 in
1083 1192 1248 1245 veteri
1289 1191 1403 1260 lege
1446 1205 1659 1244 errores
1701 1206 1829 1244 suos
1873 1204 1936 1242 ac
1968 1189 2320 1242 deliramenta
2370 1187 2792 1255 simplicioribus
2830 1186 3208 1240 obtrudebant.
3241 1185 3488 1240 Profecto
3529 1185 3912 1241 Gnosncorum

707 1282 929 1337 hatresis
956 1296 986 1335 a
1015 1280 1412 1336 Pharisaeorum
1439 1279 1723 1343 fermento,
1757 1296 1784 1333 a
1817 1295 1926 1348 quo
1951 1287 2008 1332 ut
2040 1287 2311 1340 caverent,
2342 1279 2613 1346 apostolos
2645 1279 2857 1332 monuit
2881 1278 3128 1332 Christus
3151 1277 3432 1343 Dominus,
3467 1279 3734 1350 originem
3761 1295 3920 1334 suam

706 1373 954 1429 dUCebat.
1001 1374 1181 1442 Neque
1203 1375 1345 1426 enim
1390 1373 1768 1428 Gnosticorum
1806 1371 2305 1440 pseudo-theologia
2345 1370 2490 1423 aliud
2518 1379 2653 1436 erat,
2679 1381 2736 1424 ut
2762 1372 2924 1425 etiam
2965 1371 3052 1424 alii
3085 1371 3458 1434 observarunt,
3493 1387 3658 1440 quam
3688 1372 3926 1440 philoso-

708 1468 829 1536 phia
860 1466 1237 1536 Pythagorica,
1263 1477 1422 1533 atque
1448 1464 1609 1518 etiam
1634 1463 1928 1527 Platonica,
1955 1473 2013 1516 ut
2046 1463 2112 1514 ab
2145 1461 2382 1516 Hebraeis
2422 1461 2704 1515 kabalistis
2751 1463 2997 1530 exposita
3018 1471 3072 1515 et
3103 1462 3418 1530 interpolata
3448 1472 3552 1529 est,
3589 1472 3642 1517 et
3678 1464 3927 1532 pluribus

710 1561 927 1623 additis,
955 1560 1202 1619 inversis,
1229 1559 1542 1626 amputatis,
1579 1574 1683 1611 non
1717 1572 1907 1626 parum
1944 1557 2244 1609 immutata.
2283 1555 2415 1609 Nam
2463 1555 2775 1610 Iudaeorum
2816 1554 3038 1620 Kabala,
3067 1555 3135 1609 de
3170 1570 3276 1625 qua
3313 1555 3466 1625 plura
3493 1555 3746 1625 superius
3781 1556 3920 1622 dixi,

703 1651 1158 1720 quemadmodum
1184 1658 1238 1704 et
1270 1649 1460 1718 primis
1491 1648 1748 1703 Ecclesia:
1777 1648 1990 1702 sazculis
2015 1664 2043 1700 a
2077 1647 2318 1700 rabbiuis
2361 1648 2692 1712 tradebatur,
2730 1655 2889 1716 atque
2919 1648 3210 1700 etiamnum
3242 1661 3273 1699 a
3307 1647 3582 1702 nonnullis
3617 1650 3928 1703 rabhinica-

704 1758 821 1797 rum
852 1742 1202 1796 traditionum
1233 1740 1506 1810 magistris
1541 1740 1770 1792 traditur
1801 1740 1936 1809 (55),
1971 1740 2083 1806 agit
2128 1740 2469 1808 potissimum
2513 1741 2578 1794 de
2617 1755 2798 1794 rerum
2835 1739 3046 1808 origine
3074 1748 3128 1794 et
3163 1740 3391 1801 ratione,
3419 1754 3482 1794 ac
3516 1741 3676 1794 modo
3703 1756 3928 1811 genera-

703 1835 866 1889 tionis
890 1849 982 1888 seu
1011 1833 1412 1903 progressionis
1446 1841 1498 1885 et
1533 1831 1710 1884 fliixus
1741 1847 1922 1883 rerum
1967 1846 1995 1884 a
2026 1832 2200 1898 primo
2244 1845 2381 1896 ante,
2412 1845 2463 1888 et
2500 1835 2566 1888 de
2605 1834 2916 1889 earumdem
2955 1849 3135 1887 rerum
3180 1834 3435 1903 gradibus
3474 1833 3852 1905 descensuque
3896 1853 3928 1891 a

703 1928 934 1983 summis
957 1929 1020 1980 ad
1049 1928 1176 1980 ima.
1211 1925 1328 1980 Non
1363 1935 1541 1978 autem
1571 1923 1836 1978 dissimile
1865 1923 1965 1977 fuit
2006 1924 2278 1980 Gnostica:
2321 1927 2831 1996 pseudo-theologia:
2869 1935 3270 1997 argumentum,
3305 1935 3364 1978 ut
3391 1926 3572 1980 videre
3620 1926 3748 1980 licet
3788 1928 3929 1997 apud

704 2023 964 2074 Irenaeum
994 2027 1047 2073 et
1077 2018 1218 2087 apud
1247 2016 1632 2086 Epiphanium,
1664 2015 1911 2084 aliosque
1959 2024 2170 2071 veteres
2203 2017 2456 2072 Ecclesia:
2494 2019 2815 2087 'scriptores.
2861 2016 2977 2070 Non
3018 2027 3125 2071 tam
3175 2015 3464 2072 Gnostieos
3508 2032 3673 2087 quam
3718 2027 3927 2074 veteres

700 2112 1006 2167 Kabalistas
1031 2111 1176 2166 circa
1208 2110 1344 2163 duos
1377 2107 1720 2177 potissimum
1753 2114 1998 2161 versatos
2023 2107 2190 2161 fuisse
2212 2108 2345 2177 (56),
2378 2124 2442 2162 ex
2477 2119 2715 2163 veterum
2753 2109 3126 2178 scriptis,qua:
3151 2108 3217 2161 ad
3241 2121 3340 2161 nos
3363 2117 3745 2177 pervenerunt,
3777 2126 3920 2164 com-

702 2209 926 2278 peritur.
954 2205 1215 2268 Primum,
1242 2213 1302 2257 ut
1330 2201 1593 2255 fabulosis
1624 2199 1738 2254 suis
1765 2200 2088 2254 commentis
2119 2210 2470 2269 exponerent,
2503 2217 2612 2270 quo
2643 2201 2850 2263 ordine,
2886 2209 2939 2255 et
2969 2217 3076 2270 qua
3107 2201 3246 2255 serie
3272 2214 3357 2254 res
3384 2214 3574 2255 omnes
3600 2216 3631 2254 a
3661 2201 3774 2255 Deo
3795 2202 3923 2267 sint,

700 2312 962 2373 tanquam
990 2317 1019 2354 a
1051 2299 1225 2371 prima
1257 2311 1443 2356 causa.
1482 2309 1602 2362 qua:
1638 2292 1945 2346 necessario
1973 2291 2214 2356 exsistit;
2242 2292 2561 2358 secundum,
2587 2303 2644 2346 ut
2687 2293 3034 2348 ostenderent
3059 2306 3279 2346 causam
3312 2291 3538 2360 primam
3571 2302 3626 2345 et
3653 2293 3919 2363 originem

701 2396 852 2449 mali.
882 2393 1036 2459 Quod
1071 2393 1137 2446 de
1161 2387 1436 2446 Gnosticis
1463 2384 1751 2438 manifesto
1802 2391 2014 2437 constat
2040 2399 2103 2437 ex
2133 2383 2375 2452 ejusdem
2405 2385 2576 2438 sancti
2607 2382 2791 2438 lrcna2i
2824 2383 2976 2438 libris
3013 2382 3272 2436 Adversus
3325 2382 3565 2448 luereses,
3625 2383 3716 2437 ubi
3764 2383 3932 2438 refert

701 2484 851 2553 impii
883 2482 1152 2537 Valentini
1187 2496 1426 2537 errores.
1465 2481 1538 2535 De
1563 2479 1854 2534 Kabalistis
1886 2493 2016 2532 vero
2046 2494 2109 2532 ex
2141 2495 2329 2533 eorum
2363 2481 2515 2534 libris
2553 2481 2647 2548 qui
2683 2480 2748 2534 ad
2780 2497 2882 2534 nos
2913 2490 3293 2549 pervenerunt,
3323 2489 3376 2535 et
3409 2481 3609 2549 quibus
3651 2481 3931 2550 explicanâ€”

699 2572 784 2627 dis
810 2587 916 2626 non
945 2573 1120 2628 solum
1158 2573 1258 2641 ipsi
1290 2569 1482 2633 Judaei,
1509 2570 1601 2625 sed
1635 2569 1796 2623 etiam
1835 2568 2002 2638 aliqui
2049 2569 2247 2622 eruditi
2279 2569 2379 2623 viri
2424 2586 2490 2625 ex
2532 2569 2861 2625 Christianis
2889 2571 3144 2626 inanibus
3178 2573 3340 2626 variae
3374 2574 3614 2629 scientia:
3641 2575 3932 2643 promissis

698 2669 930 2737 decepti,
954 2685 1020 2722 ex
1065 2667 1420 2737 aanigmaticis
1467 2665 1718 2721 sensibus
1752 2680 1815 2718 ac
1857 2664 2141 2734 praestigiis
2181 2665 2328 2719 illusi
2367 2665 2754 2720 allaborarunt.
2789 2664 3038 2720 Profecto
3076 2667 3236 2735 primi
3279 2667 3661 2724 Gnosticorum
3705 2668 3932 2724 haeresis

700 2770 952 2815 auctores
993 2759 1164 2814 Judaei
1203 2759 1440 2825 fuerunt,
1474 2775 1538 2814 ac
1571 2759 1798 2828 proinde
1831 2757 1884 2811 in
1915 2757 2251 2812 kabalisticis
2283 2757 2482 2812 fabulis
2519 2768 2574 2812 et
2608 2757 2990 2826 aanigmatibus
3032 2760 3250 2813 versati.
3279 2760 3464 2828 Itaque
3502 2761 3576 2812 nil
3617 2761 3818 2814 mirum
3845 2773 3930 2817 est

700 2855 747 2908 si
769 2852 1035 2918 Gnostici,
1065 2867 1287 2907 suorum
1312 2853 1693 2922 magistrorum
1721 2852 2060 2920 aenigmatica
2093 2851 2341 2904 doctrina
2375 2850 2589 2913 imbuti,
2633 2864 2818 2903 sacras
2861 2849 3170 2919 Scripturas
3197 2850 3577 2920 aenigmatihus
3612 2859 3780 2920 atque
3811 2867 3928 2905 am-

703 2947 926 3016 bagibus
969 2947 1279 3010 verborum,
1318 2945 1562 3015 mysticis
1609 2953 1771 3013 atque
1809 2944 1998 2998 alienis
2026 2944 2277 2999 sensibus
2323 2943 2823 3012 interpretarentur,
2849 2950 2902 2996 et
2942 2943 3031 2997 Dei
3060 2943 3295 2999 Verbum
3339 2943 3603 3000 fabulosis
3633 2946 3753 3000 suis
3785 2958 3930 2999 com-

703 3041 900 3096 mentis
924 3051 1356 3110 corrumperent.
1397 3041 1758 3107 Quamobrem
1790 3038 2001 3108 antiqui
2032 3038 2107 3092 illi
2137 3040 2435 3108 primorum
2471 3040 2792 3094 saeculorum
2831 3038 3034 3104 Patres,
3063 3048 3122 3092 ut
3166 3038 3548 3094 Gnosticorum
3592 3040 3924 3110 impietatem

700 3145 755 3188 et
779 3133 1064 3188 audaciam
1097 3134 1150 3189 in
1174 3133 1477 3188 adulterina
1503 3147 1566 3187 ac
1599 3146 1853 3200 perversa
1892 3129 2050 3183 Verbi
2086 3128 2179 3183 Dei
2215 3130 2656 3198 interpretatione
2687 3129 2914 3184 rudibus
2943 3145 3006 3184 ac
3039 3130 3376 3198 simplicibus
3401 3133 3740 3187 obtrudenda
3767 3145 3922 3186 coer-

700 3233 906 3292 cerent,
941 3234 997 3281 et
1022 3225 1293 3296 pestifera:
1317 3239 1507 3279 eorum
1536 3221 1797 3276 doctrinae
1822 3219 2130 3273 clanculum
2165 3217 2402 3286 serpenti
2434 3219 2648 3273 obviam
2683 3220 2844 3282 irent,
2879 3219 3250 3289 investigando
3278 3221 3618 3290 potissimum
3646 3236 3926 3276 sacrarum

704 3321 1111 3388 Scripturarum
1163 3317 1394 3388 mystico
1441 3313 1624 3370 sensui
1653 3313 1893 3368 studium
1925 3327 2085 3366 omne
2130 3326 2193 3364 ac
2238 3310 2568 3380 diligentiam
2604 3311 2967 3366 adhibuerunt
3002 3320 3055 3365 et
3093 3327 3434 3382 summopere
3464 3323 3749 3376 curarunt,
3779 3312 3923 3382 quod

701 3411 988 3480 pastoralis
1007 3424 1197 3465 eorum
1222 3407 1464 3462 muneris
1494 3404 1824 3475 praecipuum
1858 3411 1995 3467 erat,
2029 3410 2087 3455 ut
2123 3400 2524 3469 Scripturarum
2564 3401 2852 3471 allegorico
2889 3416 3051 3456 sensu
3087 3401 3241 3470 juxta
3279 3401 3528 3458 Ecclesia:
3556 3403 3625 3456 ab
3653 3402 3918 3472 apostolis

703 3513 974 3574 acceptam
1003 3503 1328 3568 doctrinam,
1360 3511 1412 3555 et
1436 3499 1891 3569 prmdecessorum
1929 3496 2142 3564 regulas
2175 3495 2445 3563 exposito,
2484 3494 2866 3549 Gnostieorum
2895 3495 3216 3549 commentis
3245 3511 3308 3550 ac
3328 3494 3528 3550 fabulis
3549 3497 3814 3565 spiritalis
3843 3499 3928 3552 in-

705 3595 1108 3667 terpretationis
1127 3593 1409 3648 veritatem
1439 3597 1792 3659 opponerent.
1823 3586 1954 3652 Qua:
1978 3600 2102 3640 cum
2131 3587 2202 3638 ita
2228 3585 2359 3648 sint,
2392 3595 2449 3638 ut
2478 3587 2666 3654 paucis
2702 3585 3046 3649 concludam,
3075 3589 3345 3641 neminem
3379 3603 3499 3643 esse
3522 3597 3674 3657 puto,
3697 3591 3792 3659 qui
3822 3603 3930 3645 non

705 3688 989 3759 intelligat,
1017 3686 1434 3756 explicationem
1469 3681 1857 3737 llebraicorum
1896 3679 2180 3734 nominum
2219 3688 2273 3733 et
2305 3680 2649 3748 allegoricam
2684 3678 3084 3749 Scripturarum
3124 3681 3618 3752 interpretationem
3654 3693 3709 3738 et
3734 3687 3923 3754 patriae

702 3791 865 3849 atque
909 3776 1159 3831 instituto
1207 3773 1513 3839 Athanasii,
1549 3783 1662 3826 tum
1712 3772 1874 3826 etiam
1908 3771 2026 3840 ejus
2060 3769 2206 3823 aetati
2235 3784 2298 3822 ac
2321 3768 2582 3822 doctrinae
2624 3770 2916 3823 admodum
2963 3783 3382 3827 consentaneam
3415 3789 3554 3837 esse,
3594 3778 3931 3848 minimeque

702 3871 1002 3926 adversari.

773 3963 1005 4018 XXVIII.
1051 3962 1248 4018 Verum
1294 3977 1389 4030 per
1427 3959 1613 4013 eadem
1655 3967 1919 4026 tempora,
1976 3955 2176 4025 quibus
2217 3954 2414 4010 claruit
2455 3954 2811 4019 Athanasius,
2862 3967 3049 4012 exorta
3105 3960 3258 4029 impii
3303 3962 3414 4016 Arii
3453 3962 3671 4029 haeresi,
3715 3980 3940 4022 necesse

703 4062 807 4116 fuit
841 4060 1152 4116 accuratius
1195 4056 1482 4111 litteralcm
1540 4053 1946 4124 Scripturarum
1993 4067 2214 4107 sensum
2259 4059 2513 4106 excutere
2562 4059 2723 4120 atque
2766 4052 3079 4122 explicare;
3109 4057 3364 4124 quoniam
3397 4057 3580 4111 Ariani
3617 4069 3937 4113 contextum

703 4156 1109 4222 Scripturarum
1164 4152 1386 4206 subdole
1439 4152 1911 4221 interpungentes,
1965 4150 2048 4204 vel
2093 4149 2199 4203 vim
2257 4149 2547 4203 verborum
2605 4157 2781 4204 astute
2832 4164 2895 4202 ac
2939 4150 3206 4205 subtiliter
3249 4161 3605 4220 exponentes,
3650 4169 3937 4208 sacrarum

704 4246 1109 4316 Scripturarum
1143 4246 1466 4300 auctoritate
1496 4245 1560 4298 ad
1591 4259 1702 4297 sua:
1735 4243 2025 4312 impietatis
2065 4243 2532 4296 conlirmationem
2582 4242 2966 4296 abutebantur.
3006 4242 3191 4312 Itaque
3223 4246 3374 4298 novis
3412 4245 3643 4299 subinde
3671 4261 3940 4300 enascen-

704 4339 849 4392 tibus
876 4337 1176 4401 erroribus,
1227 4345 1282 4388 et
1314 4336 1452 4388 inter
1507 4334 1850 4388 Christianos
1904 4333 2286 4387 eflervcscente
2344 4333 2732 4402 disputatione,
2817 4347 2939 4386 cum
2994 4334 3084 4386 alii
3137 4348 3236 4402 pro
3295 4336 3537 4398 veritate,
3591 4335 3682 4388 alii
3748 4347 3938 4390 contra

702 4437 930 4492 starent,
972 4438 1024 4480 et
1072 4427 1284 4495 utrique
1339 4428 1390 4479 in
1445 4425 1695 4478 humanis
1738 4425 2076 4495 disciplinis,
2120 4435 2174 4479 et
2227 4426 2507 4480 dialectiCa
2557 4425 2845 4492 facultate,
2883 4437 2936 4481 et
2986 4425 3388 4496 Scripturarum
3421 4428 3652 4482 lectione
3690 4431 3939 4498 apprime

703 4522 901 4576 versati
944 4528 1146 4582 essent,
1193 4528 1554 4587 accurateque
1600 4518 1876 4586 proprium
1929 4516 2332 4588 Scripturarum
2373 4535 2596 4574 sensum
2649 4521 2713 4573 ad
2763 4522 3131 4590 grammaticae
3173 4523 3316 4591 leges
3354 4523 3719 4592 expenderent
3774 4535 3938 4594 atque

703 4616 1000 4684 exigerent,
1032 4614 1086 4666 in
1113 4628 1276 4667 causa
1315 4610 1419 4666 fuit
1458 4627 1556 4666 cur
1593 4610 1808 4674 deinde,
1849 4610 2234 4678 disputationis
2286 4611 2609 4665 necessitate
2642 4613 2923 4679 suadente,
2957 4614 3204 4668 Iitteralis
3232 4613 3638 4684 Scripturarum
3663 4617 3936 4683 expositio

705 4725 803 4761 usu
833 4716 1045 4774 recepta
1081 4706 1135 4758 in
1165 4704 1384 4759 Oriente
1416 4705 1506 4769 sit,
1535 4704 1587 4756 in
1620 4718 1725 4772 qua
1752 4702 1889 4756 inter
1927 4702 2225 4758 Â«tholicos
2273 4703 2522 4758 doctores
2547 4704 2888 4760 excelluitS.
2925 4704 3162 4761 Joannes
3189 4707 3636 4778 Clirysostomns.
3674 4705 3837 4767 Nam.
3873 4718 3935 4760 ut

702 4799 980 4854 memoriae
1015 4799 1269 4853 traditum
1298 4808 1380 4852 est
1413 4799 1547 4867 (57),
1580 4809 1632 4852 et
1656 4798 1876 4850 Patrum
1903 4798 2104 4866 scripta
2133 4812 2255 4866 quae
2279 4797 2345 4850 ad
2379 4815 2476 4854 nos
2515 4801 2837 4856 transmissa
2873 4813 3020 4866 sunt,
3049 4803 3360 4868 ostendunt,
3395 4805 3446 4858 in
3486 4805 3701 4857 litterali
3741 4820 3923 4859 sacraâ€˜

712 4908 832 4946 rum
863 4889 1266 4959 Scripturarum
1310 4891 1749 4958 interpretatione
1777 4889 2012 4943 maxime
2040 4889 2224 4942 floruit
2253 4890 2440 4944 schola
2467 4890 2824 4946 Autiochena.
2865 4892 3141 4964 Siquidem
3175 4893 3438 4949 Eusebius
3486 4894 3793 4957 Emisenns.
3831 4899 3922 4966 qui

705 4987 991 5057 magistros
1024 4985 1210 5038 habuit
1249 4983 1617 5052 PatrOpIiilum
1664 4982 2172 5052 Scythopolitanum
2200 4993 2250 5036 et
2293 4983 2585 5038 Eusebium
2630 4984 3039 5051 Czcsariensem,
3069 4989 3366 5042 Antiochia:
3406 4990 3497 5043 diu
3547 5003 3791 5046 versatus
3825 5001 3928 5056 est,

704 5085 885 5153 ibique
958 5087 1142 5147 etiam,
1192 5093 1250 5134 ut
1298 5092 1445 5150 puto,
1487 5079 1694 5143 docuit,
1747 5077 2087 5132 familiariter
2128 5094 2260 5133 usus
2314 5078 2627 5149 Euphronio
2651 5095 2704 5135 et
2749 5081 2971 5138 Flacillo
3013 5083 3256 5153 ejusdem
3305 5085 3454 5139 urbis
3494 5087 3768 5156 episcopis
3796 5087 3928 5156 (58).

708 5175 965 5242 Exemplo
995 5184 1173 5227 autem
1209 5183 1261 5226 et
1293 5172 1634 5226 institutione
1667 5169 1884 5224 Eusebii
1914 5170 2221 5233 historiam,
2245 5171 2350 5224 hoc
2385 5187 2469 5226 e5t
2501 5188 2718 5227 sensum
2753 5175 3039 5229 litteralcm
3072 5177 3165 5245 (ita
3196 5177 3337 5230 enim
3372 5177 3712 5247 intelligenda
3745 5177 3928 5232 viden-

709 5277 798 5319 tur
843 5266 1006 5319 verba
1056 5265 1388 5336 Hieronymi,
1437 5283 1557 5334 qua:
1591 5264 1816 5320 inferius
1857 5265 2124 5336 all'eram),
2170 5266 2414 5321 studiose
2451 5277 2772 5336 prosccutus
2802 5278 2886 5324 est
2925 5268 3189 5324 Diodorus
3231 5268 3537 5337 Tarsensis,
3571 5271 3826 5339 magister
3867 5269 3925 5323 S.

713 5358 940 5414 Joannis
969 5361 1366 5430 Chrysostomi,
1403 5360 1673 5415 Theodori
1695 5359 2083 5431 MOpsuesteni,
2114 5361 2332 5414 Maximi
2359 5363 2742 5428 Seleuciensis,
2779 5374 2830 5418 ct
2854 5363 3084 5419 Nestorii
3118 5363 3523 5434 (59â€”60),quem
3544 5372 3724 5417 tamen
3754 5363 3930 5434 potius

775 5544 888 5612 (55)
922 5544 1144 5598 Burnct.
1177 5544 1502 5612 Î‘Î½Î´Î™Î¹Î¹Î¹Î¹Î¿Î¹Î¿Ï.
1535 5544 1724 5612 philos.
1756 5559 1803 5597 c.
1835 5544 1886 5597 7.

773 5614 884 5678 (56)
911 5613 1119 5683 Vitring
1170 5615 1380 5668 Observ.
1413 5632 1572 5680 sana,
1597 5618 1816 5669 dissert.
1847 5632 1906 5678 It,
1939 5614 2029 5666 llll.
2063 5631 2098 5676 I,
2139 5613 2260 5675 c.2,
2307 5614 2358 5666 in
2394 5623 2504 5664 not.

775 5685 889 5753 (3)7)
921 5683 1074 5738 Socr.
1111 5684 1247 5737 Hist.
1289 5687 1413 5738 ÎµÎµÎ¹-Î¹.
1453 5687 1541 5738 lib.
1577 5702 1637 5749 Î¹Î¹,
1669 5703 1716 5738 c.
1751 5685 1801 5737 9.

775 5751 886 5823 (58)
921 5756 1135 5809 Sozom.
1177 5756 1316 5808 llist.
1351 5755 1500 5816 eccl.,
1535 5757 1626 5809 lib.
1657 5771 1738 5817 Î¹Î¹Î¹,
1763 5773 1810 5808 c.
1837 5754 1901 5820 6;
1937 5754 2083 5807 Socr.
2121 5752 2262 5808 llist.
2295 5752 2418 5806 sccl.

1177 5756 1316 5808 llist.
1351 5755 1500 5816 eccl.,
1535 5757 1626 5809 lib.
1657 5771 1738 5817 Î¹Î¹Î¹,
1763 5773 1810 5808 c.
1837 5754 1901 5820 6;
1937 5754 2083 5807 Socr.
2121 5752 2262 5808 llist.
2295 5752 2442 5813 ÎµÎ´ÎµÎ¹,
2481 5751 2554 5803 lih
2587 5766 2664 5823 vi.
2689 5767 2733 5801 c.
2774 5751 2805 5803 5

779 5821 992 5894 (59460)
1021 5829 1236 5880 Sozom.
1271 5826 1410 5879 Hist.
1451 5827 1601 5889 eccl.,
1643 5826 1735 5880 lib.
1771 5842 1890 5890 vm,
1917 5842 1966 5879 c.
2001 5825 2067 5888 2;
2109 5824 2263 5877 Sorr.
2301 5825 2393 5876 lib.
2434 5839 2529 5883 vn,
2566 5838 2612 5873 r.
2639 5821 2726 5874 :29.
