4164 6488
250 416 359 474 629
956 420 1041 476 DE
1081 420 1355 478 TlTULlS
1392 418 1845 477 PSALMORUM.
1886 449 1957 460 —
1988 418 2375 477 ANTONELLI
2415 420 2798 477 PREFATIO.
3361 426 3464 481 630

248 532 619 601 Theodorum,
646 551 676 590 a
704 552 812 601 quo
835 538 995 592 etiam
1022 554 1266 595 errorum
1292 555 1515 595 suorum
1556 542 1708 595 virus
1755 539 1958 603 hausit,
1991 540 2072 595 vel
2106 547 2251 595 certe
2286 549 2575 611 utrumque
2614 542 2887 597 audivisse
2916 542 3262 599 crediderim.
3299 545 3464 601 Joan-

246 641 345 682 nes
392 627 614 694 quidem
671 628 1093 699 Chrysostomus
1135 648 1165 686 a
1216 631 1276 687 Β.
1309 630 1638 703 Hieronymo
1685 641 1915 686 vocatur
1973 631 2083 702 (61)
2136 649 2154 683 ι
2197 630 2412 687 Eusebii
2468 632 2728 696 Emiseni,
2769 631 3097 703 Diodorique
3141 644 3398 690 sectator.
3440 654 3462 689 ι

245 716 595 774 Theodorum
629 736 756 777 vero
787 721 1220 791 Mopsuestenum
1264 725 1600 795 inauspicato
1648 725 1971 795 magistrum
2016 725 2207 780 habuit
2250 724 2621 782 Theodoretus
2659 726 2945 796 episcopus
2973 726 3120 797 Cyri.
3162 727 3254 797 qui
3307 738 3360 783 et
3407 726 3463 783 S.

244 807 510 865 Joannem
544 812 991 883 Chrysostomum
1023 815 1249 877 audivit,
1281 816 1507 883 ejusque
1538 814 1900 884 eloquentiam
1934 816 2175 871 imitatus
2198 826 2282 871 est
2317 834 2332 882 ;
2360 817 2641 872 amborum
2683 826 2860 872 autem
2906 819 3219 874 meminisse
3260 820 3470 875 videtur

245 908 301 960 in
328 907 645 976 praefatione
674 924 895 965 suorum
930 912 1443 966 commentariorum
1476 914 1543 965 ad
1570 911 1836 982 Epistolas
1860 911 2039 976 Pauli,
2068 913 2159 967 uhi
2187 913 2260 967 ait
2294 933 2306 968 :
2345 934 2361 961 ε
2388 912 2491 969 Sed
2522 915 2752 970 fortasse
2772 930 2857 970 me
2886 917 3205 983 arrogauliw
3226 927 3278 971 et
3303 928 3471 974 teme-

246 1003 425 1057 ritatis
448 1004 803 1069 accusabunt,
835 1006 979 1076 quod
1008 1016 1126 1076 post
1154 1008 1299 1062 hunc
1326 1016 1379 1061 et
1410 1006 1583 1071 illum,
1613 1008 1707 1076 qui
1737 1008 1908 1063 totius
1949 1007 2098 1062 orbis
2130 1017 2259 1063 sunt
2304 1008 2534 1071 lumina,
2569 1009 2799 1063 audeam
2827 1010 3179 1079 apostolicam
3206 1010 3471 1081 interpre-

244 1099 503 1152 tationem
537 1100 770 1169 aggredi.
812 1101 951 1154 Ἀλλ’
972 1102 1257 1166 αὐθαδείας
1295 1119 1360 1173 με
1389 1103 1569 1172 τυχὸν,
1600 1102 1693 1157 καὶ
1725 1101 2060 1175 θρασύτητος
2085 1104 2407 1175 γράφονται,
2440 1104 2574 1173 μετὰ
2596 1104 2685 1156 τὸν
2703 1104 2849 1157 δεῖνα
2880 1106 3003 1167 τοὺς
3027 1105 3125 1173 τῆς
3150 1104 3473 1175 οἰκουμένης

244 1191 558 1261 φωπῆρας,
586 1193 685 1263 τῆς
704 1192 1063 1265 ἀποπολικῆς
1092 1196 1385 1265 ἑρμηνείας
1415 1196 1857 1266 κατατολμῶντα.

1827 1214 1857 1249 ι.
1896 1195 1961 1251 Et
2008 1195 2278 1251 Theodori
2324 1196 2541 1265 quidem
2584 1195 2927 1265 Mopsuestia:
2958 1196 3216 1265 episcopi,
3262 1205 3317 1251 et
3350 1212 3471 1254 ma-

244 1281 400 1350 gistri
440 1283 524 1336 sui
558 1298 771 1339 errores
793 1285 955 1338 etiam
991 1286 1210 1356 scriptis
1232 1287 1493 1341 adversus
1520 1286 1576 1341 S.
1607 1288 1871 1359 Cyrillum
1907 1288 2103 1342 lihellis
2146 1286 2431 1343 infeliciter
2463 1296 2668 1342 tutatus
2691 1296 2795 1347 est,
2826 1286 3188 1353 laudibusque
3216 1286 3466 1341 immodi-

244 1372 324 1428 cis
348 1374 400 1427 in
430 1390 529 1429 sua
564 1374 935 1431 Ecclesiastica
958 1378 1180 1432 historia
1205 1379 1418 1433 ornavit
1443 1378 1578 1447 (62).
1612 1379 1684 1433 De
1718 1379 1951 1435 Diodoro
1982 1390 2159 1434 autem
2197 1379 2452 1435 Tarsensi
2483 1381 2598 1434 haec
2631 1380 2907 1434 memoria:
2948 1380 3166 1434 tradidit
3202 1378 3467 1451 Hierony-

247 1479 369 1521 mus
406 1466 519 1537 (65)
549 1486 561 1521 :
606 1488 624 1519 ι
668 1468 895 1525 Exstant
933 1470 1051 1540 ejus
1081 1471 1133 1525 in
1159 1472 1470 1541 Apostolum
1495 1473 1894 1533 commentarii.
1926 1484 1978 1528 et
2003 1472 2171 1527 multa
2200 1472 2302 1526 alia
2341 1472 2406 1525 ad
2445 1471 2661 1527 Eusebii
2704 1472 2876 1541 magis
2910 1469 3145 1525 Emiseni
3191 1472 3471 1526 characte-

242 1575 353 1614 rem
379 1561 701 1628 pertinentia
735 1585 746 1618 :
776 1564 934 1633 cujus
981 1580 1105 1619 cum
1150 1581 1368 1620 sensum
1412 1575 1629 1620 secutus
1673 1566 1763 1627 sit,
1800 1566 2163 1636 eloquentiam
2210 1564 2409 1617 imitari
2456 1579 2564 1617 non
2608 1565 2779 1634 potuit
2819 1576 3040 1634 propter
3095 1562 3462 1633 ignorantiam

240 1655 586 1711 saecularium
634 1657 957 1713 litterarum.
997 1678 1014 1710 ι
1048 1658 1183 1713 Cum
1215 1659 1539 1731 Hieronymo
1576 1663 1923 1715 consentiunt
1954 1660 2207 1715 Socrates
2253 1660 2389 1729 (Gl),
2444 1676 2508 1715 ac
2556 1659 2893 1716 Sozomenus
2940 1662 3074 1731 (65),
3102 1676 3335 1731 quorum
3359 1660 3472 1729 pri-

241 1762 364 1801 mus
402 1764 416 1799 :
462 1764 483 1797 t
532 1746 819 1814 Diodorus,
862 1768 880 1801 ι
918 1751 1110 1819 inquit,
1144 1770 1162 1801 ι
1190 1751 1255 1805 ad
1290 1752 1655 1820 episcopatum
1681 1750 1834 1806 Tarsi
1867 1761 2148 1820 promotus
2175 1751 2372 1805 multos
2406 1752 2733 1820 conscripsit
2761 1753 2950 1814 libros,
2988 1750 3289 1820 simplicem
3330 1749 3470 1803 dun-

240 1846 407 1904 taxat,
437 1848 601 1909 atque
628 1840 846 1895 obvium
873 1841 1274 1912 Scripturarum
1298 1860 1515 1900 sensum
1543 1845 1843 1913 inquirens,
1873 1846 2218 1912 allegoricam
2238 1859 2367 1898 vero
2385 1859 2571 1897 earum
2597 1844 3095 1912 interpretationem
3120 1842 3413 1913 refugiens.
3446 1860 3465 1894 ι

238 1934 499 2006 Διόδωρος
521 1936 577 1989 δὲ
600 1936 892 2001 ἐπίσκοπος
924 1940 1137 2011 Ταρσοῦ
1164 1940 1452 2010 γενόμενος
1482 1940 1650 1994 πολλὰ
1686 1940 1862 2009 βιϐλία
1898 1940 2221 2012 συνέγραψε,
2250 1938 2390 2008 ψιλῷ
2432 1938 2510 2007 τῷ
2547 1938 2831 2009 γράμματι
2858 1939 2965 1991 τῶν
2996 1939 3153 1991 Θείων
3188 1938 3468 2009 προσέχων

238 2027 492 2097 Γραςρῶν,
520 2030 619 2094 τὰς
642 2032 870 2103 Θεωρίας
888 2035 1065 2089 αὐτῶν
1092 2036 1511 2105 ἐκτρεπόμενος.
1547 2035 1697 2089 Alter
1724 2051 1854 2090 vero
1878 2053 1882 2088 ι

1824 2053 1854 2090 u
1878 2050 1983 2089 non
2017 2034 2288 2091 ahsimilia
2312 2034 2533 2090 tradidit
2560 2035 2805 2090 scribens
2838 2052 2852 2089 :
2883 2053 2901 2086 ι
2935 2034 3252 2097 Diodorum,
3282 2034 3375 2103 qui
3414 2041 3468 2087 et

242 2118 530 2176 Tarsensis
572 2123 828 2179 Ecclesiae
872 2124 1159 2195 epiScopus
1202 2126 1323 2190 fuit,
1371 2128 1592 2190 multos,
1630 2126 1835 2192 audivi,
1885 2127 2049 2183 libros
2090 2127 2324 2197 posteris
2370 2128 2603 2197 scriptos
2649 2128 2969 2197 reliquisse,
3014 2139 3069 2182 et
3111 2142 3265 2183 sacra
3313 2127 3467 2181 volu-

238 2217 387 2270 mina
409 2218 475 2271 ad
504 2218 736 2275 litteram
760 2222 1103 2291 exposuisse,
1126 2224 1421 2293 repudiatis
1442 2223 1738 2291 allegoriis.
1769 2223 1882 2276 Διόὸ

1826 2223 2031 2294 ,όδωρον
2050 2224 2139 2277 τὸν
2166 2224 2510 2294 ἡγησάμενον
2533 2224 2630 2292 τῆς
2652 2225 2709 2276 ὲν
2733 2223 2930 2295 Ταρσῷ
2952 2223 3245 2292 ἐκκλησίας
3260 2238 3275 2254 '
3298 2222 3325 2275 ὃ
3347 2224 3470 2276 ὲπυυ

237 2310 410 2381 Θόμην
444 2312 588 2366 ίδίων
620 2314 1063 2386 συγγραμμάτων
1095 2316 1296 2380 πολλὰς
1329 2316 1647 2370 καταλιπεῖν
1697 2315 1909 2385 βίϐλους
1929 2333 1941 2346 ·
1978 2317 2104 2387 περὶ
2147 2315 2203 2368 δὲ
2255 2316 2315 2369 τὸ
2346 2316 2505 2387 ῥητὸν
2538 2315 2643 2369 τῶν
2676 2314 2835 2387 ιερῶν
2864 2316 3037 2386 λόγων
3065 2317 3161 2380 τὰς
3184 2316 3471 2388 ἐξηγήσεις

236 2403 586 2473 ποιήσασθαι,
604 2404 702 2467 τὰς
728 2406 959 2477 Θεωρίας
987 2408 1381 2478 ἀποφεύγοντα.
1406 2408 1548 2474 Quin
1580 2409 1742 2463 etiam
1770 2424 1880 2463 eun

1823 2410 2021 2463 imdem
2070 2408 2364 2463 Diodorum
2394 2408 2558 2465 refert
2590 2407 2783 2464 Suidas
2813 2408 2925 2480 (66)
2957 2409 3096 2465 inter
3123 2409 3259 2464 alios
3288 2410 3467 2478 plures

235 2493 435 2548 librum
458 2496 851 2565 composuisse,
884 2499 971 2553 cui
1004 2500 1148 2553 hunc
1180 2501 1391 2554 titulum
1430 2499 1594 2555 fecit:
1628 2501 1725 2564 Τίς
1752 2501 1879 2569 διαφ

1826 2500 1987 2572 ιφορὰ
2018 2500 2250 2572 Θεωρίας
2286 2501 2381 2554 καὶ
2411 2501 2777 2573 ἁλληγορίαςς
2811 2519 2829 2552 t
2866 2499 2997 2566 Quae
3050 2499 3352 2555 dierrentia
3398 2501 3470 2556 sit

234 2590 379 2644 inter
412 2591 679 2647 theoriam
719 2602 775 2648 et
809 2595 1121 2666 allegoriam
1153 2598 1176 2651 ?
1215 2616 1232 2648 ι
1268 2595 1552 2666 Ludolpho
1589 2595 1843 2659 Kustero,
1884 2597 1978 2666 qui
2012 2596 2395 2651 nitidissimam
2453 2594 2634 2650 Suidte
2660 2597 2954 2653 editionem
2984 2596 3289 2662 adornavit,
3324 2609 3468 2666 aqua

236 2686 424 2751 haeret,
456 2702 557 2742 nec
599 2687 755 2744 facile
784 2704 843 2744 se
870 2690 1085 2759 expedit
1113 2691 1166 2744 in
1199 2690 1533 2754 assignando
1560 2687 1878 2743 discrimine
1909 2689 2052 2743 inter
2094 2688 2360 2743 theoriam
2403 2695 2459 2740 et
2488 2688 2822 2758 allegoriam.
2862 2687 2920 2743 In
2961 2690 3106 2746 notis
3139 2691 3307 2755 enim,
3343 2692 3470 2759 qui-

235 2777 341 2833 bus
380 2777 560 2835 Suida:
593 2796 732 2851 opus
763 2783 1073 2845 illustravit,
1114 2783 1177 2837 ad
1209 2782 1369 2836 verba
1412 2782 1500 2836 illa
1552 2780 1732 2836 Suidaa
1780 2780 1907 2835 talia
1950 2780 2183 2835 scribit:
2236 2799 2253 2830 ι
2291 2780 2522 2853 Θεωρία,
2559 2783 2765 2837 theoria
2800 2782 2962 2851 igitur
3007 2784 3135 2850 quid
3169 2784 3458 2854 significet,

234 2872 364 2927 hinc
398 2882 564 2942 patet.
600 2876 683 2930 Ab
711 2891 774 2931 ea
814 2876 993 2930 differt
1026 2876 1302 2946 allegoria,
1345 2874 1490 2945 quod
1528 2875 1643 2930 haec
1683 2876 1736 2929 in
1782 2874 2133 2929 inferioribus
2178 2874 2462 2938 subsistat,
2501 2892 2602 2931 nec
2632 2877 2685 2929 in
2730 2885 2838 2929 tam
2880 2876 3100 2930 sublimi
3147 2886 3469 2948 argumento

232 2981 484 3026 versetur
515 2986 679 3042 quam
713 2973 921 3027 theoria
959 2992 971 3028 :
1007 2988 1129 3043 qure
1170 2974 1314 3029 ratio
1340 2982 1443 3037 est,
1485 2988 1656 3043 quare
1686 2974 1978 3036 Diodorus,
2022 2979 2083 3025 ut
2118 2972 2320 3028 Suidas
2351 2974 2439 3027 hic
2473 2981 2722 3038 testatur,
2746 2973 2813 3026 de
2847 2972 3148 3028 differentia
3174 2974 3395 3029 theorite
3416 2983 3470 3028 et

233 3064 507 3135 allegoriae
538 3065 838 3134 scripserit.
880 3084 897 3117 ι
935 3064 1048 3136 Ego
1090 3080 1219 3121 vero
1256 3068 1509 3123 mendum
1541 3077 1669 3138 puto
1708 3082 1828 3122 esse
1858 3067 1872 3120 i

1820 3067 1910 3121 :in
1957 3074 2127 3127 textu,
2164 3072 2217 3117 et
2250 3079 2348 3133 pro
2382 3064 2611 3134 Θεωρίας
2653 3079 2746 3119 seu
2796 3064 3133 3134 ἀλληγορίας
3182 3066 3464 3134 legendum

235 3157 496 3229 ἱστορίας,
529 3156 663 3212 adeo
690 3165 750 3211 ut
800 3157 988 3213 titulus
1042 3159 1163 3213 libri
1211 3157 1417 3214 fuerit:
1470 3161 1565 3223 Τίς
1600 3157 1830 3229 διαφορὰ
1872 3161 1879 3206 l

1817 3176 1830 3210 ι
1872 3156 2101 3227 Θεωρίας
2138 3156 2232 3208 καὶ
2267 3156 2524 3226 ἱστορίας,
2560 3155 2643 3209 vel
2683 3155 2766 3217 τίς
2790 3154 3022 3225 διαφορὰ
3070 3157 3308 3227 ἱστορίας
3369 3159 3461 3211 καὶ

232 3250 584 3321 ἀλληγορίας.
634 3269 652 3301 ι
695 3250 770 3306 De
801 3252 1103 3307 differentia
1132 3268 1327 3308 sensus
1356 3252 1650 3322 allegorici,
1691 3264 1743 3306 et
1782 3250 2048 3307 litteralis.
2102 3269 2121 3303 ι
2162 3249 2295 3305 Nam
2327 3250 2468 3319 apud
2498 3248 2714 3304 Graecos
2742 3250 3143 3306 ecclesiasticos
3170 3252 3465 3322 scriptores

236 3346 462 3399 theoriae
506 3345 728 3401 nomine
753 3346 1046 3416 significari
1082 3346 1434 3400 consuevisse
1469 3360 1690 3399 sensum
1745 3345 2043 3416 spiritalem
2080 3354 2134 3399 et
2178 3344 2526 3415 allegoricum
2567 3342 2915 3399 manifestum
2956 3344 3012 3398 fit
3053 3352 3165 3397 tum
3191 3357 3257 3397 ex
3289 3343 3467 3399 allatis

231 3437 418 3493 verbis
482 3438 727 3493 Socratis
790 3448 841 3493 et
892 3437 1201 3502 Sozomeni,
1267 3437 1606 3507 aliorumque
1667 3437 2024 3507 plurimorum
2097 3436 2455 3506 scriptorum‘,
2502 3444 2615 3489 tum
2656 3452 2719 3489 ex
2791 3436 2976 3492 multis
3013 3436 3147 3491 locis
3193 3436 3467 3507 hujusmet

231 3530 613 3585 commentarii
665 3528 722 3583 S.
763 3529 1066 3583 Athanasii.
1102 3528 1141 3582 E
1165 3530 1381 3585 diverso
1410 3530 1646 3601 ἱστορίας
1681 3546 1775 3584 seu
1807 3530 2047 3585 historia:
2073 3529 2293 3582 nomine
2328 3544 2547 3583 sensum
2575 3528 2861 3581 litteralem
2887 3536 2939 3580 et
2972 3529 3288 3583 historicum
3316 3529 3465 3583 Gra—

230 3641 328 3683 cos
358 3627 653 3693 scriptores
678 3640 1041 3693 nuncupasse,
1083 3642 1169 3681 res
1215 3625 1392 3679 notior
1421 3634 1523 3685 est,
1558 3640 1722 3694 quam
1768 3623 1874 3677 ulla
1920 3622 2238 3691 probatione
2271 3621 2534 3689 indigeat,
2564 3636 2687 3675 cum
2732 3622 2883 3689 plura
2907 3630 3149 3675 veterum
3177 3632 3460 3677 auctorum

230 3718 351 3772 loca
387 3717 455 3771 ad
485 3716 537 3770 id
576 3716 915 3785 probandum
962 3716 1216 3771 omnibus
1266 3716 1317 3768 in
1353 3724 1603 3785 promptu
1654 3715 1763 3769 sint
1793 3714 1928 3781 (67).
1961 3712 2065 3767 Sed
2113 3711 2275 3767 redeo
2322 3712 2389 3766 ad
2442 3710 2856 3783 Hieronymum,
2907 3711 3133 3781 ejusque
3185 3712 3344 3765 verha
3397 3711 3465 3769 de

232 3808 468 3864 Eusebio
510 3807 763 3864 Emiseno
792 3808 1032 3863 afferam.
1061 3808 1453 3863 Sanctissimus
1494 3807 1659 3878 igitur
1682 3808 1872 3863 doctor
1902 3808 1954 3861 in
1980 3804 2235 3875 Catalago
2262 3803 2490 3858 virorum
2533 3804 2820 3858 illustrium
2846 3802 2956 3873 (68)
2981 3804 3046 3857 de
3073 3802 3262 3858 eodem
3299 3802 3464 3857 Euse-

233 3902 343 3967 bio,
372 3917 533 3972 quem
558 3901 824 3956 Diodorus
852 3902 953 3955 sibi
982 3899 1318 3971 sequendum
1361 3900 1793 3969 imitandumque
1841 3897 2148 3969 proposuit,
2179 3896 2296 3951 haec
2325 3896 2517 3951 litteris
2555 3896 2833 3951 mandavit
2860 3915 2872 3950 :
2903 3915 2920 3946 ι
2953 3895 3221 3949 Eusebius
3257 3893 3461 3948 Emise-

232 4014 335 4053 nus
357 3999 646 4068 episcopus
678 3997 936 4066 elegantis
965 4006 1017 4050 et
1048 3996 1302 4051 rhetorici
1337 3995 1559 4065 ingenii,
1595 3994 2039 4054 innumerabiles,
2065 4001 2120 4048 et
2146 3992 2237 4061 qui
2277 3991 2342 4045 ad
2380 3991 2631 4061 plausum
2665 3992 2846 4061 populi
2891 3991 3181 4061 pertinent,
3224 3987 3463 4044 confecit

238 4089 432 4149 libros.
467 4090 750 4160 magisque
781 4090 1061 4144 historiam
1096 4098 1337 4153 secutus,
1368 4087 1437 4141 ah
1466 4086 1551 4141 his
1573 4085 1666 4154 qui
1694 4085 1999 4139 declamare
2033 4083 2242 4148 volunt,
2279 4084 2682 4140 studiosissime
2723 4084 2936 4153 legitur.
2980 4102 2997 4134 ι
3034 4082 3229 4137 Verum
3259 4084 3359 4138 hac
3392 4081 3461 4137 de

231 4200 293 4242 re
338 4183 484 4238 haud
514 4184 690 4254 plura,
721 4200 843 4240 cum
873 4184 937 4238 ad
973 4201 1085 4239 rem
1120 4181 1453 4253 propositam
1486 4195 1675 4249 parum
1704 4179 1973 4248 pertinere
2005 4178 2260 4246 cuiquam
2294 4176 2462 4231 videri
2496 4177 2724 4246 possint.
2755 4176 2828 4230 Ac
2859 4192 2985 4230 vero
3014 4194 3042 4231 a
3076 4190 3161 4229 me
3196 4177 3308 4229 haec
3343 4190 3461 4229 om-

232 4278 321 4329 nia
358 4276 622 4330 hactenus
653 4290 718 4329 eo
760 4275 988 4329 consilio
1020 4274 1293 4343 disputata
1326 4279 1451 4323 sunt
1482 4278 1539 4323 ut
1564 4268 1927 4330 ostenderem,
1970 4267 2189 4321 modum
2246 4282 2310 4322 ae
2341 4267 2607 4321 rationem
2671 4282 2853 4321 sacras
2880 4265 3189 4335 Seripturas
3238 4268 3291 4321 in
3330 4268 3458 4323 alle—

231 4370 481 4437 goricnm
510 4365 815 4437 exponendi
844 4357 1084 4430 sensum,
1114 4380 1223 4419 non
1256 4363 1431 4417 solum
1475 4361 1775 4415 Athanasio
1820 4360 2105 4429 :equalem,
2146 4360 2239 4415 sed
2279 4360 2442 4413 etiam
2481 4360 2599 4428 ejus
2641 4370 2799 4415 aetate
2844 4362 3205 4431 antiquiorem
3266 4360 3455 4417 fuisse.

228 4458 520 4525 Praeterea,
557 4466 617 4514 ut
645 4457 987 4513 manifestum
1035 4457 1264 4512 facerem
1303 4454 1499 4524 quibus
1531 4452 1848 4506 auctoribus
1888 4459 1941 4505 et
1989 4466 2099 4521 quo
2138 4460 2381 4521 tempore
2427 4451 2658 4521 intraque
2706 4468 2895 4509 sacros
2931 4454 3098 4509 libros
3157 4454 3458 4523 explicandi

230 4554 373 4609 ratio
409 4561 521 4605 tum
560 4552 842 4622 allegorica
887 4567 981 4606 seu
1031 4549 1278 4621 mystica,
1322 4557 1434 4602 tum
1472 4544 1725 4599 historica
1773 4558 1867 4598 seu
1909 4542 2158 4596 litteralis
2209 4542 2432 4611 coeperit
2471 4558 2534 4597 ac
2568 4542 2828 4599 floruerit.
2871 4544 3003 4599 Nam
3044 4546 3096 4600 id
3133 4561 3457 4618 magnopere

229 4644 513 4709 intererat,
566 4649 625 4697 ut
658 4652 900 4696 nostrum
930 4641 1391 4695 (Iommentarium
1450 4640 1572 4710 jure
1622 4638 1817 4692 merito
1868 4644 2055 4691 saneto
2107 4634 2425 4701 Athanasio,
2462 4634 2621 4701 cuius
2693 4651 2887 4691 nomen
2934 4637 3166 4708 praefert,
3222 4639 3458 4695 vindica-

230 4752 441 4793 remus.

298 4844 494 4901 XXIX.
526 4841 775 4898 Profecto
800 4840 939 4894 inter
964 4848 1155 4894 caetera
1195 4851 1470 4891 sacrarum
1503 4833 1906 4906 Scripturarum
1944 4841 2218 4895 volumina
2252 4843 2598 4912 potissimum
2653 4843 2991 4900 Psalmorum
3035 4842 3174 4897 libro
3203 4843 3455 4911 allegori-

228 4954 354 4996 eum
383 4934 676 4990 convenire
704 4944 923 4986 sensum
964 4926 1278 4983 testimonio
1312 4935 1555 4979 veterum
1592 4924 1837 4989 Patrum,
1873 4929 1966 4997 qui
2009 4929 2061 4983 in
2089 4945 2154 4984 eo
2178 4932 2469 5000 aperiendo
2497 4949 2716 5003 operam
2754 4950 2909 4989 suam
2937 4934 3270 4989 collocarunt
3320 4934 3455 4986 alla-

228 5037 301 5093 tis
331 5030 521 5087 llilarii
562 5039 615 5085 et
654 5025 936 5097 Augustini
971 5024 1171 5087 verbis,
1205 5037 1235 5077 a
1267 5022 1421 5076 nobis
1466 5036 1628 5090 supra
1659 5029 1941 5077 ostensum
1987 5034 2093 5089 est,
2146 5034 2201 5079 et
2242 5026 2401 5081 latius
2438 5028 2482 5081 si
2527 5044 2662 5098 Opus
2701 5038 2866 5092 esset,
2906 5027 3063 5083 facile
3094 5027 3454 5082 demonstrari

227 5136 417 5200 posset
451 5143 466 5193 ;
497 5124 590 5180 sed
621 5123 780 5177 inane
802 5136 865 5175 ae
892 5116 1221 5188 superfluum
1256 5125 1338 5172 est
1368 5117 1420 5169 in
1445 5132 1502 5170 re
1530 5117 1755 5171 minime
1797 5116 1961 5172 dubia
2000 5119 2227 5174 testibus
2272 5120 2351 5175 uti
2391 5136 2497 5176 non
2533 5122 2878 5178 necessariis.
2913 5121 3090 5178 Clavis
3116 5131 3291 5177 autem
3323 5136 3422 5193 ape

303 5303 418 5370 (fil)
450 5303 507 5355 in
541 5300 718 5370 Calal.
746 5300 840 5352 vir.
875 5298 1063 5370 illast;
1104 5294 1337 5370 Niceph.‘
1359 5293 1452 5348 lib.
1480 5310 1552 5356 Iv,
1584 5309 1631 5348 c.
1659 5292 1748 5347 54.

301 5364 412 5440 (62)
438 5371 642 5425 Thcod.
674 5369 816 5440 llisl.
843 5368 967 5440 eccl.
1004 5368 1095 5440 lilr.
1124 5382 1174 5426 ν,
1196 5382 1243 5419 c.
1275 5364 1362 5440 40.

302 5432 412 5507 (65)
444 5441 661 5495 llicron.
704 5438 877 5493 Catal.
914 5439 1008 5491 vir.
1032 5436 1225 5490 illustr.
1254 5448 1302 5488 c.
1335 5432 1455 5487 ‘Il9.

301 5514 411 5580 (ίῖιι)
451 5510 571 5563 Lih.
600 5507 817 5563 \‘l'ﬂisl.
840 5513 991 5571 eccl.,
1025 5526 1070 5561 (ξ.
1105 5507 1154 5559 5.

301 5583 414 5649 (65)
448 5581 567 5634 Lib.
602 5595 719 5638 vm,
757 5595 805 5631 ιε.
841 5580 895 5630 9..

324 5652 412 5716 66)
442 5653 496 5706 ln
538 5666 666 5719 voce
699 5649 972 5719 Διόδωρος.
1056 5716 1065 5719 Α
1104 5716 1113 5719 _
1284 5715 1329 5719 Α-
1401 5716 1417 5719 _
1559 5712 1567 5719 ι
1660 5712 1694 5719 __
1840 5710 1851 5719 I
1934 5699 1968 5719 ,,

700 5649 972 5719 Διόδωρος·
1056 5716 1113 5719 Α,
1284 5715 1329 5719 Α,
1401 5716 1417 5719 _
1559 5712 1567 5719 ,
1660 5712 1694 5719 ,,
1840 5710 1851 5719 .
2271 5697 2344 5719 ..ι

436 5700 833 5776 Videliesicun
864 5700 1069 5773 Stticeri
1104 5716 1153 5769 in
1188 5715 1360 5770 verbis
1394 5712 1627 5782 Θεωρία,
1660 5710 1910 5783 ’ῐστορίαι
1934 5700 1965 5753 Ἴ

821 5738 833 5773 l
864 5700 1069 5773 Stticeri
1104 5716 1153 5769 in
1188 5715 1360 5770 verbis
1394 5712 1627 5782 Θεωρία,
1660 5710 1910 5783 Ἱστορίας
1934 5700 2231 5767 Ἀἠγτυίῆ·
2260 5700 2465 5751 ’δ’ἀνθη
