4164 6488
722 415 811 470 631
1533 412 1588 466 S.
1630 411 1990 466 ATllANASlI
2033 410 2177 465 Oi’P.
2219 412 2366 464 PAll‘.

2286 413 2391 468 ηις
2433 414 2515 468 Ill.
2551 445 2618 453 -—-
2658 414 3062 471 EXEGETICA.
3825 410 3930 467 632

722 529 891 583 riendi
925 526 1179 596 mysticos
1205 541 1481 580 sacrorum
1511 528 1845 581 canticorum
1879 543 2093 590 sensus.
2121 538 2172 581 et
2201 529 2368 598 janua
2395 529 2706 597 penetrandi
2733 545 2928 583 arcana
2968 529 3347 583 Davidieorum
3377 529 3711 599 psalmorum
3743 526 3926 594 adyta,

720 634 805 679 est
835 623 1022 677 titulus
1045 621 1307 691 cujusque
1338 622 1548 691 psalmi,
1583 631 1714 676 teste
1753 623 1918 676 veteri
1958 626 2244 693 scriptore,
2278 625 2433 693 cujus
2477 626 2851 679 commentarii
2880 629 2931 679 in
2965 625 3204 679 Psalmos
3231 626 3332 681 sub
3365 627 3583 680 nomine
3612 624 3928 694 llieronymi

719 722 847 774 editi
877 729 1001 774 sunt
1031 738 1042 772 :
1081 738 1098 768 ι
1136 718 1275 784 Quid
1303 729 1385 773 est
1409 719 1618 780 titulus,
1655 719 1848 788 inquit,
1877 720 1981 774 nisi
2018 720 2220 775 clavis?
2245 718 2311 774 Ut
2341 722 2412 774 ita
2440 720 2691 783 dixerim,
2729 723 2781 776 iu
2809 725 3028 776 domum
3065 737 3170 774 non
3205 722 3518 792 ingreditur,
3556 721 3657 774 nisi
3687 735 3782 789 per
3811 719 3925 772 cla-

721 830 836 868 vem
865 832 879 867 :
911 815 981 867 ita
1023 823 1078 867 et
1116 812 1540 883 uniuscujusque
1587 813 1778 883 psalmi
1825 816 2146 876 intellectus,
2199 832 2291 884 per
2327 817 2554 878 clavem,
2609 817 2710 870 hoc
2758 826 2840 870 est
2887 834 2978 885 per
3028 817 3239 872 titulum
3291 817 3622 887 intelligitur,
3661 817 3713 868 in
3767 813 3929 883 cujus

723 919 952 973 persona
1031 914 1310 968 cantatur,
1379 913 1472 957 aut
1543 904 1595 956 in
1671 921 1898 972 persona
1971 907 2206 967 Christi,
2280 917 2372 960 aut
2426 907 2477 960 in
2553 923 2778 976 persona
2845 905 3142 972 Ecclesia),
3207 915 3297 960 aut
3360 906 3410 959 in
3477 920 3708 974 persona
3777 902 3901 955 Pro-

721 997 910 1065 phetze.
967 1015 984 1047 ›
1043 994 1107 1049 Et
1152 994 1207 1048 S.
1269 997 1552 1066 Augustini
1609 997 1820 1050 titulum
1881 999 2072 1066 psalmi
2139 1014 2434 1066 praeconem
2489 1001 2653 1053 totius
2715 999 2903 1068 psalmi
2959 1011 3108 1053 vocat
3172 1000 3222 1052 ia
3296 999 3645 1067 evpositione
3731 995 3919 1064 psalmi

720 1104 936 1150 cxxxtv,
989 1097 1042 1141 et
1089 1088 1229 1142 idem
1262 1089 1597 1156 Augustinus
1639 1089 1706 1144 de
1756 1090 1913 1143 titulo
1972 1091 2162 1160 psalmi
2191 1107 2306 1153 Llll,
2359 1107 2516 1160 quem
2572 1093 2622 1145 in
2668 1093 3012 1161 allegoricuat
3048 1107 3266 1147 sensqu
3306 1092 3372 1146 de
3399 1091 3616 1145 Christo
3645 1089 3913 1156 exponit:

724 1203 743 1236 ι
775 1185 900 1240 lnde
924 1187 1089 1253 enim,
1113 1186 1308 1255 inquit,
1326 1186 1518 1254 pendet
1542 1187 1726 1241 omnis
1757 1202 1948 1240 versus
1973 1188 2063 1256 qui
2083 1197 2352 1240 cantatur.
2379 1186 2433 1241 Si
2454 1189 2577 1258 quis
2603 1189 2782 1257 itaque
2807 1198 3083 1257 agnoscat,
3111 1189 3252 1256 quod
3275 1188 3328 1241 in
3353 1187 3545 1242 domus
3572 1186 3750 1239 fronte
3781 1200 3918 1253 prat-

720 1283 884 1336 tixum
915 1289 1019 1347 est,
1042 1297 1269 1336 securus
1298 1282 1539 1346 intrabit,
1575 1297 1672 1336 nec
1712 1298 1833 1337 cum
1870 1282 2169 1346 intraverit,
2199 1284 2400 1337 errabit
2431 1302 2444 1348 ;
2477 1284 2578 1337 hoc
2615 1284 2756 1337 enim
2796 1285 2848 1337 in
2900 1285 3014 1352 ipso
3058 1293 3207 1350 poste
3245 1292 3595 1353 przenotatum
3630 1290 3733 1345 est,
3774 1293 3916 1349 quo-

723 1375 881 1428 modo
904 1374 1131 1428 interius
1161 1389 1267 1428 non
1291 1383 1506 1428 erretur
1545 1395 1556 1428 :
1602 1394 1620 1426 ι
1649 1374 1711 1429 Et
1743 1391 1930 1431 rursus
1965 1376 2017 1428 in
2054 1379 2442 1431 commentario
2471 1377 2538 1430 ad
2588 1377 2847 1446 psalmum
2874 1393 3017 1442 LXlV,
3042 1378 3197 1447 cujus
3226 1379 3435 1432 titulum
3470 1377 3522 1429 in
3560 1375 3913 1445 allegoricum

722 1480 936 1522 sensum
965 1466 1342 1521 sanctissimus
1384 1466 1577 1519 Doctor
1625 1468 2047 1536 interpretatur:
2088 1486 2106 1517 ι
2142 1468 2493 1536 Aguoscenda
2520 1477 2620 1532 est,
2665 1469 2759 1531 ait,
2806 1484 2906 1523 vos
2953 1479 3151 1524 sancte
3189 1469 3477 1538 pI'OpIIclltB
3497 1484 3563 1522 ex
3600 1469 3715 1537 ipso
3759 1466 3915 1520 titulo

721 1560 938 1630 psalmi.
974 1579 991 1610 ι
1020 1558 1230 1613 Titulos
1263 1568 1440 1612 autem
1478 1560 1770 1628 inscriptos
1801 1560 1963 1614 fuisse
2007 1561 2182 1629 potius
2223 1561 2288 1614 ad
2323 1561 2723 1631 intelligendum
2769 1562 3272 1630 percipiendumque
3321 1560 3650 1630 psalmorum
3702 1572 3924 1613 sensum

719 1655 1064 1724 allegoricum
1105 1665 1156 1706 et
1200 1653 1518 1722 spiritalem,
1570 1669 1732 1722 quam
1771 1653 2056 1707 litteralem
2098 1664 2152 1708 ct
2200 1655 2538 1719 historicum,
2578 1657 2804 1724 ideoque
2853 1658 2917 1709 ad
2950 1672 3073 1710 eum
3101 1656 3441 1726 potissimum
3477 1655 3745 1723 reSpicere
3773 1661 3828 1704 et
3858 1652 3921 1704 ad

720 1752 866 1805 illum
899 1750 1180 1819 pertinere,
1218 1741 1528 1804 testimonio
1560 1759 1684 1803 sunt
1714 1766 1833 1819 qua:
1861 1750 2045 1804 scribit
2072 1751 2209 1804 idern
2242 1753 2574 1822 Augustinus
2606 1753 2658 1805 in
2692 1752 2827 1807 locis
2876 1768 3044 1821 nuper
3074 1768 3103 1805 a
3142 1768 3226 1806 me
3259 1751 3507 1812 laudatis,
3540 1760 3652 1803 tum
3675 1747 3841 1802 etiam
3869 1746 3918 1798 iu

717 1847 1052 1915 expositione
1076 1847 1267 1915 psalmi
1305 1863 1413 1910 Liv,
1442 1846 1528 1899 ubi
1572 1856 1751 1900 monet
1784 1863 1890 1916 qua
1920 1855 2097 1901 mente
2135 1856 2186 1900 et
2226 1848 2471 1913 consilio,
2507 1847 2709 1916 Spiritu
2747 1858 2936 1903 sancto
2961 1849 3212 1910 dictante,
3247 1847 3383 1901 tituli
3412 1844 3634 1914 psalmis
3666 1842 3912 1909 inscripti

717 1936 867 1989 sitit:
910 1955 928 1987 ι
975 1934 1350 1991 Verumtamen
1399 1936 1537 1991 sicut
1589 1939 1722 1990 solet
1766 1939 2107 2006 propheticus
2153 1939 2376 2004 spiritus
2432 1940 2484 1992 in
2529 1940 2859 2006 psalmorum
2912 1939 3080 1993 titulis
3114 1937 3358 1992 recedere
3396 1934 3791 2006 aliquantulum
3843 1932 3910 1984 ab

717 2029 1063 2096 expressione
1093 2045 1268 2083 rerum
1302 2038 1595 2098 gestarum,
1641 2039 1694 2082 et
1727 2030 1926 2099 aliquid
1961 2031 2138 2085 dicere
2167 2032 2310 2099 quod
2347 2032 2398 2082 in
2438 2031 2661 2082 historia
2713 2047 2814 2082 non
2849 2032 3135 2091 invenitur,
3161 2040 3215 2084 et
3253 2031 3373 2083 hinc
3406 2030 3583 2097 potius
3627 2027 3923 2079 admonere

717 2137 822 2175 non
857 2134 1070 2193 propter
1097 2123 1497 2192 cognoscendas
1521 2139 1603 2177 res
1633 2135 1808 2193 gestas
1835 2139 1950 2178 esse
1987 2126 2295 2193 hujusnodi
2332 2126 2518 2179 titulos
2550 2128 2858 2194 inscriptos,
2883 2127 2973 2180 sed
3002 2137 3215 2195 propter
3241 2123 3415 2178 futura
3449 2117 3867 2192 prwfiguranda,
3899 2135 3916 2166 ι

715 2225 819 2271 etc.
891 2215 1193 2285 Augustino
1261 2217 1313 2270 in
1396 2219 1496 2272 hac
1563 2217 1744 2269 eadem
1819 2219 2084 2270 sententia
2167 2218 2232 2271 de
2308 2218 2474 2271 titulis
2546 2220 2876 2286 psalmorum
2945 2219 3148 2286 pl'iClVll
3205 2218 3260 2271 S.
3330 2217 3584 2275 llilarius,
3665 2212 3760 2282 qui
3845 2208 3910 2261 ad

715 2308 982 2377 psalmum
1039 2323 1170 2359 unt
1204 2323 1218 2359 :
1257 2326 1274 2356 ι
1342 2305 1564 2370 Psalmi,
1609 2307 1704 2367 ait,
1775 2307 2161 2374 superscriptio
2232 2306 2508 2360 historiam
2582 2323 2687 2358 non
2758 2307 3028 2367 continet,
3083 2307 3303 2375 sitttplex
3355 2315 3455 2362 est.
3509 2315 3563 2358 et
3609 2297 3906 2371 prophetali

718 2397 910 2466 spiritu
975 2399 1218 2451 editus...
1275 2414 1397 2452 cum
1459 2399 1603 2452 enim
1673 2397 1748 2450 illi
1795 2398 1896 2466 ipsi
1955 2399 2170 2466 psalmi,
2226 2399 2317 2464 qui
2352 2399 2649 2453 secundum
2686 2397 2964 2452 titulorum
3013 2399 3388 2468 inscriptiones
3429 2415 3515 2454 res
3550 2410 3730 2468 gestas
3784 2415 3916 2454 eon—

717 2486 888 2540 u'ncre
912 2486 1228 2548 creduntur,
1274 2486 1326 2539 in
1361 2485 1609 2554 plurimis
1652 2500 1679 2538 a
1712 2484 1852 2538 tituli
1902 2485 1984 2538 sui
2034 2495 2086 2538 ct
2134 2500 2334 2551 rerum,
2384 2500 2445 2540 ac
2488 2501 2839 2554 personarum
2891 2487 3215 2555 proprietate
3271 2490 3609 2554 dissentiant,
3647 2489 3927 2558 magisque

716 2593 810 2647 per
834 2579 1096 2633 editiones
1126 2581 1425 2643 nominum,
1457 2587 1617 2644 atque
1658 2589 1951 2648 gestorum,
2001 2578 2357 2642 spiritualium
2401 2581 2770 2648 operationqu
2804 2581 3106 2651 significent
3138 2583 3376 2638 effectus.
3417 2601 3435 2633 ι
3470 2580 3564 2636 llis
3590 2590 3773 2635 autem
3807 2580 3927 2634 addi

717 2669 876 2723 debet
901 2668 1277 2734 Cassiodorus,
1308 2671 1400 2739 qui
1436 2671 1488 2723 in
1519 2668 1840 2723 Praefatione
1889 2669 1954 2721 ad
1989 2667 2228 2722 Psalmos
2270 2671 2591 2724 sententiam
2637 2671 2818 2740 magni
2865 2672 3149 2739 Augustini
3197 2687 3345 2725 more
3391 2686 3492 2724 suo
3539 2680 3781 2730 secutus,
3817 2670 3929 2723 haec

720 2761 882 2814 habet
913 2779 925 2814 :
963 2780 980 2811 ι
1023 2762 1295 2828 Quasdam
1327 2761 1818 2831 superscriptiones
1852 2761 2186 2829 psalmorum
2216 2777 2311 2829 per
2349 2761 2668 2816 allusionem
2705 2761 3043 2816 consimilem
3078 2771 3290 2816 constat
3321 2761 3677 2831 spiritualiter
3709 2761 3925 2814 intuen-

718 2854 855 2910 das:
885 2857 1010 2926 quia
1045 2859 1088 2912 si
1111 2858 1339 2912 litteram
1378 2858 1691 2912 consideras
1745 2865 2063 2909 extraneum
2091 2864 2196 2921 est,
2230 2871 2350 2910 cum
2407 2873 2512 2910 tton
2562 2871 2624 2910 ea
2661 2857 2904 2911 invenias
2946 2857 2999 2911 in
3047 2857 3272 2926 psalmis
3323 2871 3442 2924 quze
3482 2854 3835 2908 continentur
3877 2852 3926 2904 in

718 2948 888 3002 titulis
917 2967 932 3016 ;
965 2950 1009 3004 si
1042 2965 1168 3004 vero
1190 2951 1476 3002 trahantur
1507 2948 1571 3000 ad
1601 2947 1868 3014 tropicum
1889 2947 2240 3009 intellectum,
2263 2949 2425 3002 nimis
2447 2948 2696 3002 videnlur
2722 2949 3118 3002 accommode.»
3140 2948 3317 3014 Quare
3346 2945 3696 3018 paraphrasis
3721 2954 3926 3008 nostra,

721 3040 774 3095 in
808 3056 913 3109 qua
961 3039 1292 3108 psalmorum
1324 3037 1587 3107 cujusque
1617 3038 1803 3090 titulus
1831 3037 1883 3090 in
1920 3037 2266 3106 allegoricum
2309 3055 2530 3093 sensum
2561 3041 2872 3108 exponitur,
2907 3056 2970 3092 ac
3003 3040 3195 3092 deinde
3234 3050 3377 3093 totus
3415 3039 3656 3107 psalmus
3691 3037 3746 3090 in
3781 3053 3931 3092 eum-

719 3133 840 3184 dem
885 3145 1102 3185 sensum
1125 3129 1468 3199 allegoricum
1505 3145 1598 3184 seu
1627 3131 1912 3198 mysticum
1945 3130 2010 3184 de
2039 3131 2275 3196 Christo,
2319 3142 2372 3185 et
2427 3131 2688 3196 Ecclesia,
2725 3135 2950 3202 ejusque
2987 3133 3242 3186 membris
3287 3133 3419 3185 mira
3457 3133 3718 3186 brevitate
3764 3132 3933 3202 expli-

720 3235 894 3288 catur,
936 3224 1277 3280 sanctissimo
1319 3224 1573 3291 episCOpo
1619 3222 1934 3280 Athanasio.
1964 3225 2120 3289 cujus
2153 3238 2346 3277 nomen
2384 3226 2705 3294 inscriptum
2774 3224 3006 3294 praefert,
3057 3241 3161 3277 non
3207 3224 3378 3277 solum
3422 3223 3582 3292 digna
3635 3225 3930 3292 reputanda

720 3330 821 3383 cst.
853 3320 945 3377 sed
973 3321 1133 3374 etiam
1170 3319 1338 3372 multo
1362 3318 1415 3371 in
1444 3318 1619 3386 pretio
1641 3327 1800 3385 atque
1834 3319 2230 3371 existimatione
2270 3321 2337 3372 ab
2366 3321 2620 3375 omnibus
2659 3323 2902 3374 habenla
2944 3322 3172 3382 videtur,
3215 3336 3335 3374 eum
3382 3331 3623 3373 veterum
3679 3318 3932 3375 Ecclesiae

723 3414 942 3469 l’atrum
973 3415 1139 3468 menti
1171 3428 1234 3466 ac
1267 3411 1546 3465 sententiae
1582 3411 1634 3464 in
1661 3422 1805 3465 recte
1834 3413 2169 3480 exponendis
2204 3413 2676 3483 intelligendisquc
2712 3415 2932 3483 psalmis
2962 3415 3194 3467 maxime
3235 3413 3560 3468 conveniens
3587 3413 3679 3476 sit,
3716 3423 3771 3467 et
3800 3431 3949 3478 ωηο.

723 3517 997 3562 sentanea.

790 3600 958 3656 XXX.
1007 3598 1269 3654 Caeterum
1305 3596 1443 3650 inter
1474 3593 1578 3648 alia
1622 3602 1937 3662 argumenta
1993 3609 2113 3663 qua:
2169 3593 2234 3647 ad
2290 3600 2610 3648 vetustatem
2667 3603 2867 3648 nostra:
2917 3593 3291 3649 translation‘s
3343 3608 3437 3647 seu
3475 3594 3935 3665 interpretationis

724 3694 1179 3766 cotnprobandam
1221 3691 1398 3745 afferri
1431 3698 1679 3759 possunt,
1731 3687 1859 3742 illud
1906 3703 2015 3742 non
2045 3689 2255 3742 minimi
2296 3689 2552 3758 ponderis
2587 3700 2690 3754 est,
2719 3690 2866 3758 quod
2908 3689 3278 3758 interpretatio
3307 3691 3589 3745 versiculis
3620 3694 3932 3763 respondet,

731 3793 785 3844 in
817 3803 960 3859 quos
995 3783 1334 3840 membratim
1372 3781 1612 3834 distincti
1644 3796 1737 3850 per
1761 3779 1879 3834 cola
1907 3791 1959 3832 et
1987 3789 2256 3833 commata
2296 3780 2488 3848 psalmi
2516 3781 2818 3849 antiquitus
2847 3782 3009 3836 scribi
3047 3781 3312 3842 solebant,
3347 3796 3452 3836 non
3479 3793 3660 3838 autem
3694 3801 3793 3854 per
3817 3802 3935 3841 ver-

725 3898 819 3936 sus
849 3879 1139 3949 longiores,
1181 3886 1238 3931 ut
1268 3876 1322 3929 in
1351 3873 1741 3929 recentioribus
1771 3873 2050 3927 codicibus
2087 3875 2448 3943 reperiuntur,
2502 3885 2556 3929 et
2589 3875 2642 3928 in
2693 3875 2855 3931 editis
2904 3876 3079 3939 libris,
3119 3876 3320 3945 quibus
3369 3875 3609 3932 Ecclesia
3641 3889 3696 3933 et
3745 3896 3935 3936 omnes

726 3975 885 4044 vulgo
914 3987 1056 4027 nunc
1086 3979 1327 4032 utuntur,
1368 3968 1686 4022 retinentur.
1747 3966 1990 4022 Profecto
2042 3969 2107 4022 de
2161 3969 2428 4023 divisione
2479 3968 2743 4022 librorum
2781 3984 2949 4023 sacra:
3003 3968 3295 4038 Scripturte
3331 3986 3424 4040 per
3459 3972 3783 4036 versiculos,
3835 3989 3928 4030 seu

729 4063 1038 4138 στιχηροῦς,
1063 4077 1163 4116 nos
1190 4062 1346 4115 docet
1375 4057 1674 4129 Hesychius
1706 4055 2246 4128 llierosolymitanus,
2266 4058 2457 4128 qui,ut
2483 4058 2698 4127 quidam
2730 4066 2939 4127 putant,
2971 4058 3167 4113 satculo
3197 4069 3353 4112 sexto
3373 4060 3523 4125 vixit,
3551 4061 3602 4115 id
3635 4062 3933 4125 inventum,

729 4177 892 4232 atque
923 4161 1226 4214 institutum
1261 4157 1427 4211 fuisse
1471 4171 1500 4208 a
1553 4155 1757 4210 sanctis
1813 4153 2064 4209 Patribus
2109 4154 2330 4224 majoris
2383 4155 2780 4226 perspicuitatis
2813 4154 3003 4222 gratia,
3036 4163 3094 4207 ut
3129 4153 3309 4224 legens
3365 4157 3642 4224 periodum
3695 4173 3794 4227 per
3840 4175 3934 4215 sua

728 4259 966 4312 membra
993 4258 1299 4311 distinctam
1341 4252 1555 4307 facilius
1581 4250 1844 4306 orationis
1875 4250 2202 4305 intellectum
2233 4265 2607 4318 assequeretur
2653 4248 2785 4319 (69).
2838 4248 2950 4302 lmo
2991 4263 3118 4303 vero
3166 4248 3276 4318 jam
3305 4259 3430 4305 ante
3470 4251 3668 4306 Christi
3711 4251 3926 4307 Domini

727 4355 1014 4407 adventum
1070 4349 1421 4419 ctllllperllur,
1486 4361 1587 4399 usu
1637 4356 1911 4415 receptum
1967 4345 2135 4400 fuisse
2192 4346 2332 4416 apud
2372 4344 2646 4411 Hebraeos,
2691 4355 2750 4400 ut
2799 4343 3136 4400 Psalmorum
3183 4343 3381 4413 aliique
3432 4359 3600 4398 sacrae
3646 4341 3937 4414 Scriptum

727 4447 851 4502 libri
887 4445 1171 4501 versiculis
1219 4441 1458 4497 diStincti
1496 4439 1894 4506 scriberentur;
1943 4449 1996 4494 et
2029 4438 2258 4494 fortasse
2310 4441 2433 4495 inde
2475 4456 2592 4495 mos
2634 4441 2735 4495 iste
2777 4440 2842 4496 ad
2879 4439 3213 4494 Christianos
3263 4437 3496 4492 devenit.
3540 4437 3787 4491 Veterem
3818 4454 3935 4492 ver-

725 4557 883 4596 suum
916 4541 1313 4595 distinctionem
1345 4541 1563 4591 secutus
1596 4542 1679 4587 est
1710 4532 1967 4603 Origenes
1999 4535 2052 4587 in
2079 4537 2192 4588 suis
2226 4531 2500 4603 Ilexaplis,
2535 4551 2693 4604 quem
2729 4536 2968 4589 imitatus
2997 4543 3080 4589 est
3106 4531 3465 4604 Hieronymus
3495 4531 3626 4601 (70),
3664 4536 3756 4602 qui
3791 4533 3934 4588 Psal-

726 4634 917 4688 terium
950 4635 1190 4703 aliosque
1245 4647 1411 4688 sacrae
1447 4630 1740 4698 Scripturae
1771 4631 1940 4684 libros
1975 4648 2066 4699 per
2100 4646 2292 4685 versus
2321 4631 2597 4686 breviores
2636 4632 2925 4701 disposuit,
2983 4630 3289 4700 providens,
3323 4639 3380 4684 ut
3429 4631 3546 4699 ipse
3591 4632 3934 4699 inquit,utili-

726 4726 822 4779 tati
881 4726 1214 4793 legentium;
1277 4742 1399 4780 nam
1456 4743 1550 4796 per
1599 4726 1716 4780 cola
1762 4727 1981 4795 scripti,
2033 4738 2086 4780 et
2121 4740 2383 4782 commata
2424 4727 2840 4784 tnanifestiorem
2877 4729 3175 4795 legentibus
3218 4741 3434 4781 sensum
3473 4727 3737 4780 tribuunt.
3795 4729 3938 4783 Anti-

725 4816 944 4883 quiores
976 4816 1159 4885 utique
1191 4815 1400 4869 codices
1448 4814 1616 4868 Graeci
1665 4815 1808 4868 mille
1853 4825 1906 4868 et
1937 4816 2058 4883 plus
2111 4831 2282 4868 annos
2329 4827 2453 4869 ante
2503 4816 2688 4883 scripti
2728 4831 2978 4870 versuum
3009 4817 3403 4874 distinctionem
3437 4821 3706 4886 retinent;
3747 4831 3936 4877 etnon

725 4908 899 4960 solutn
937 4906 1143 4967 Graeca.
1179 4909 1269 4962 sed
1307 4909 1465 4961 etiam
1498 4910 1790 4964 vetustiora
1829 4909 2019 4964 Latina
2047 4911 2377 4977 exetnplaria
2413 4912 2724 4979 hujusmodi
2754 4912 3167 4982 descriptionem
3203 4929 3296 4983 per
3323 4916 3437 4970 cola
3466 4929 3516 4971 et
3539 4929 3815 4974 commata
3845 4922 3936 4975 ha-

725 5002 870 5052 bent.
904 4998 965 5051 Et
999 5001 1217 5068 quidem
1262 4999 1582 5054 Psalterium
1647 5016 1711 5052 ex
1755 5001 1983 5069 antiquo
2008 5001 2195 5054 codice
2230 4998 2490 5054 Vaticano
2521 5003 2802 5054 versiculis
2840 5005 3180 5061 brevioribus
3223 5009 3536 5063 distinctum
3571 5011 3636 5064 ad
3666 5013 3935 5081 publicam

727 5090 1008 5144 utilitatem
1040 5102 1093 5144 et
1123 5093 1357 5146 fidelium
1393 5095 1606 5162 pietatis
1661 5095 2055 5149 incrementum
2087 5095 2137 5146 in
2176 5097 2347 5148 lucem
2380 5096 2546 5149 edidit
2589 5111 2711 5150 ven.
2765 5114 2926 5152 mem.
2961 5101 3249 5156 cardinalis
3277 5100 3624 5172 Thomasius,
3652 5107 3744 5176 qui
3775 5109 3934 5163 etiam

727 5197 790 5232 ex
827 5181 954 5235 divo
996 5183 1297 5251 Augustino
1332 5185 1382 5237 in
1414 5183 1767 5238 Enarratioue
1819 5188 2052 5239 secunda
2103 5187 2153 5238 in
2214 5187 2477 5254 psalmum
2543 5204 2628 5240 ut
2662 5190 2931 5254 observat,
2964 5194 3205 5248 eamdem
3244 5212 3497 5252 versuum
3531 5201 3934 5258 distinctionem

731 5271 1022 5329 adhibitam
1059 5271 1227 5327 fuisse
1282 5276 1332 5329 in
1365 5276 1627 5343 Ecclesia,
1660 5281 1786 5334 dmn
1823 5291 2013 5335 cautor
2044 5299 2107 5334 ex
2159 5285 2389 5336 amboue
2438 5286 2700 5351 psalmum
2747 5289 3103 5354 particulatim
3154 5296 3509 5363 prwciuebat;
3560 5301 3705 5367 quod
3760 5313 3932 5357 autem

727 5364 837 5429 ipse
873 5367 1276 5431 pronuntiabat.
1308 5371 1628 5426 reddebatur
1658 5392 1684 5426 a
1711 5373 1798 5427 Dei
1828 5376 1997 5443 plebe.
2024 5375 2194 5429 Verba
2223 5379 2507 5447 Augustini
2541 5379 2661 5432 talia
2696 5392 2820 5434 sunt
2861 5401 2872 5435 :
2913 5403 2928 5432 ι
2959 5382 3118 5440 Putas
3159 5389 3228 5440 ibi
3268 5401 3471 5456 ponunt
3511 5364 3692 5458 aures,
3723 5396 3935 5463 quando

782 5561 902 5639 '(09)
934 5561 1084 5612 Ἔστι
1134 5564 1230 5630 μὲν
1266 5564 1486 5646 ᾁρχαῖον
1520 5566 1674 5617 τοῦτο
1716 5571 1824 5628 τοῖς
1865 5569 2147 5637 (9303:6901;
2187 5570 2244 5620 τὸ
2286 5571 2420 5622 σπθύ

2289 5571 2634 5652 σπρύδῆςςμᾳ)
2685 5581 2925 5652 sumain;
2981 5585 3054 5647 ὡς
3116 5588 3179 5639 τὶι
3205 5587 3390 5650 πσλλὰ,
3426 5589 3557 5652 πρὸς
3589 5591 3686 5652 τὶν
3719 5591 3933 5652 μελετω-

728 5638 900 5696 μένων
936 5647 1226 5698 σαεξ-’,νεᾶν
1250 5638 1342 5702 τὴς
1377 5638 1707 5705 προξεητείας
1739 5638 2057 5692 ἐκτίθεσθαι.
2087 5639 2314 5693 llt.‘s\ctt.
2357 5643 2370 5694 i

728 5715 854 5759 sua,
883 5716 999 5768 pag.
1029 5703 1115 5755 215.

2285 5656 2314 5692 ι.
2357 5643 2408 5696 in
2455 5649 2545 5701 lib.
2584 5638 2843 5721 Σῖεχῃρὖξι
2892 5671 2964 5706 χιι
3015 5638 3418 5724 l’r0p/icluruni,
3455 5645 3583 5713 toni.
3639 5639 3748 5714 Vill
3803 5660 3929 5715 Crit.

727 5715 854 5759 sua,
883 5716 999 5768 pag.
1029 5715 1115 5755 :‘o.

795 5797 900 5860 (70;
937 5797 1089 5851 l-‘tml'.
1128 5818 1176 5852 ιη
1219 5800 1473 5856 Evr/iiut.
