4164 6484
207 440 308 494 (37.5
893 426 978 479 DE
1017 419 1289 478 TITULIS
1323 415 1766 474 PSALMORUM.
1806 447 1873 456 -—
1911 407 2304 466 ANTONELLI
2347 399 2734 460 PRJ‘IFATIO.
3318 390 3422 449 634

211 559 379 610 lector
436 556 682 622 ipsorum
742 544 916 601 dicit:
960 536 1536 600 Commeinorabuntur,
1571 545 1619 586 et
1649 537 2010 586 convertentur
2047 526 2112 580 ab
2161 523 2443 578 Dominum
2483 515 2706 622 unitierlsi
2730 508 3122 622 .finesuterlrte?
3152 505 3245 608 Eia
3287 504 3424 622 forte

386 598 579 698 vagus
611 648 693 695 est
725 657 737 692 :
766 633 982 692 aliunde
1009 630 1305 699 cogitabas,
1333 643 1456 682 cum
1498 598 1662 680 fratre
1695 635 1792 679 tuo
1835 618 2185 680 fabulabaris,
2214 615 2431 686 quando
2464 610 2592 664 illud
2635 605 2770 661 dixit
2799 621 2812 656 :
2843 601 3073 662 attende,
3106 598 3229 668 quia
3266 610 3420 664 repe-

207 739 286 798 tit,
320 742 376 789 et
402 735 603 788 surdos
657 732 868 800 pulsat:
897 729 960 784 Et
1000 727 1294 783 adorabunt
1349 728 1402 779 in
1452 735 1725 794 conspectu
1756 723 1867 793 ejus
1902 721 2155 775 universa:
2176 716 2362 785 patrita
2399 712 2645 782 gentium.
2677 703 2869 756 Adhuc
2910 699 3120 800 surdus
3158 704 3261 758 εει.
3313 709 3423 746 ιιοη

203 794 397 890 audit;
438 794 682 894 pulsrtur
722 823 914 876 iterum
951 839 962 873 :
1000 820 1260 882 Quoniam
1290 816 1496 869 Domini
1555 825 1631 868 est
1683 829 1914 882 regnum,
1969 819 2014 862 et
2079 810 2188 875 ipse
2235 803 2592 856 dominabitur
2627 800 2870 867 gentium.
2910 795 3042 848 Tres
3077 794 3208 846 istos
3233 803 3426 894 versus

207 929 406 986 tenete,
444 918 661 982 fratres,
681 925 785 971 etc.
825 934 845 968 ι
871 915 1080 980 Quibus
1112 914 1446 969 clarissimus
1473 911 1764 966 cardinalis
1791 909 1905 963 haec
1931 904 2150 974 suhjicit
2186 921 2199 956 :
2236 919 2258 952 ι
2295 899 2368 952 Ex
2403 913 2510 968 quo
2547 898 2662 950 loco
2699 901 2915 963 apparet
2946 893 2997 944 in
3025 900 3187 944 cantu
3231 885 3420 954 psalmi

203 1010 533 1081 responsorii
566 1010 695 1064 olhn
723 1017 836 1062 tum
877 1009 930 1061 in
954 1006 1192 1072 Oriente,
1225 1016 1337 1058 tum
1369 1006 1420 1058 in
1449 1003 1737 1058 Occidente
1767 999 2065 1065 usitatiore,
2098 996 2152 1049 in
2197 1007 2306 1064 quo
2333 993 2497 1045 lector
2539 987 2860 1058 praecinebat
2899 998 3108 1045 versus,
3167 989 3219 1033 et
3249 993 3420 1049 popu-

203 1107 285 1161 lus
319 1107 543 1161 eosdem
579 1107 722 1176 ipsos
766 1103 1136 1174 respondendo
1165 1102 1453 1171 repetebat,
1491 1109 1804 1170 usurpatam
1847 1097 2015 1151 fuisse
2059 1095 2338 1162 antiquam
2372 1089 2518 1144 illam
2557 1102 2812 1142 versuum
2859 1083 3278 1144 distinctionem,
3303 1081 3422 1176 qui

203 1198 481 1253 breviores
510 1168 838 1261 eraht;non
884 1195 1101 1248 alteram
1134 1193 1410 1261 sequentis
1462 1191 1560 1246 aevi
1615 1168 1861 1245 versuum
1912 1189 2070 1258 paulo
2117 1183 2540 1254 prolixior-um...
2587 1177 2719 1232 Nam
2769 1187 3122 1247 praeterquam
3173 1171 3315 1240 quod
3351 1168 3423 1261 id

202 1290 510 1360 postulabat
538 1286 977 1356 ratioejusmodi
1017 1260 1390 1347 institutionis,
1437 1297 1629 1351 nempe
1668 1291 1725 1335 ut
1765 1279 1916 1333 rudis
1965 1276 2192 1347 populus
2240 1275 2478 1343 psalmos
2509 1284 2748 1334 caneret,
2785 1273 2924 1339 q‘uos
2955 1283 3052 1322 nec
3083 1266 3146 1318 de
3178 1264 3312 1360 libro
3347 1260 3424 1313 le-

202 1395 365 1455 geret,
403 1400 505 1439 nec
527 1385 783 1439 memoria
813 1392 1055 1446 teneret;
1093 1381 1234 1434 unde
1277 1388 1331 1433 et
1358 1393 1577 1433 necesse
1606 1388 1718 1432 erat
1755 1377 1915 1430 verba
1941 1375 1988 1428 ei
2027 1387 2196 1443 pauca
2242 1368 2467 1440 praeberi
2516 1364 2822 1436 repetenda.
2850 1371 2910 1414 ut
2949 1354 3283 1414 nlenlbl‘alilll
3315 1366 3421 1406 CIB-
3486 1405 3494 1412 .

202 1452 412 1551 simque
446 1491 616 1536 totum
652 1481 916 1551 psalmum
959 1484 1315 1548 percurreret.
1353 1494 1372 1526 ι
1402 1473 1507 1530 Sed
1537 1475 1602 1529 de
1628 1471 1936 1543 hujusmodi
1965 1469 2231 1525 divisione
2262 1483 2356 1536 per
2383 1464 2595 1533 στίχους
2626 1461 2869 1530 pluribus
2917 1456 3123 1551 erudite
3153 1452 3425 1551 disserunt

201 1547 337 1632 idem
365 1547 668 1633 cardinalis'
691 1547 1045 1641 Thomasius,
1082 1585 1135 1628 et
1160 1572 1427 1628 Henricus
1458 1571 1702 1626 Valesius
1728 1580 1781 1624 et
1807 1569 1969 1624 Pater
1999 1566 2264 1621 Martiane
2297 1564 2430 1634 (7|),
2460 1562 2679 1628 aliique,
2726 1569 2864 1626 quos
2897 1547 3181 1641 consulere
3205 1547 3422 1612 poterit,

202 1668 289 1737 qui
339 1671 440 1724 hac
471 1670 538 1724 de
567 1685 623 1724 re
653 1669 807 1739 plura
841 1669 982 1723 scire
1007 1639 1294 1721 desiderat.
1342 1664 1499 1731 Quod
1546 1664 1688 1718 enim
1721 1662 1949 1731 pertinet
1981 1659 2047 1713 ad
2083 1674 2218 1724 rem,
2267 1657 2334 1711 de
2364 1669 2469 1724 qua
2505 1653 2702 1724 agitur,
2736 1647 2865 1703 illud
2891 1655 2994 1710 est,
3043 1639 3214 1739 quodI
3237 1641 3423 1739 prxler

205 1732 986 1832 antiquissimum-Vaticanum
1027 1760 1290 1825 codicem,
1320 1775 1429 1828 quo
1459 1757 1708 1812 laudatus
1755 1755 2050 1810 cardinalis
2083 1751 2414 1806 Thomasius
2463 1763 2595 1804 usus
2625 1755 2729 1808 est,
2765 1743 2924 1796 etiam
2971 1734 3140 1792 codex
3189 1732 3426 1786 Alexan-

201 1831 389 1908 drinus
418 1854 609 1908 eodem
659 1855 822 1909 modo
850 1851 1008 1907 habet
1051 1849 1373 1906 Psalterium
1406 1849 1688 1904 versiculis
1719 1847 2064 1902 distinctum.
2093 1844 2275 1900 Codex
2311 1851 2490 1898 autem
2521 1835 2920 1894 Alexandrinus
2950 1831 3188 1898 scriptus
3233 1833 3336 1890 est,
3369 1831 3427 1876 ut

203 1943 369 2001 fertur
400 1945 539 2017 (72),
571 1963 733 2000 manu
779 1947 993 2003 Thecla:
1044 1949 1243 2002 nobilis
1287 1947 1502 2001 femina:
1533 1945 1797 2018 Egyptia:
1826 1945 1986 2016 paulo
2018 1953 2138 2014 post
2169 1943 2460 1998 concilium
2500 1939 2803 2000 Niczenum,
2835 1941 2990 1988 aetate
3023 1928 3230 1985 scilicet
3257 1924 3426 1979 Atha-

203 2036 360 2100 nasii,
394 2051 556 2103 quiem
614 2037 962 2102 Alexandria,
1016 2039 1157 2092 unde
1212 2037 1612 2091 Alexandrinus
1645 2037 1843 2103 dictus,
1911 2051 2094 2090 secum
2151 2031 2677 2101 Constantinopolim
2707 2029 2896 2083 detulit
2931 2025 3164 2096 Cyrillus
3192 2021 3424 2090 Lucary,

200 2125 429 2195 primum
455 2127 510 2181 in
537 2125 642 2190 illa,
675 2139 793 2195 post
817 2129 870 2181 in
899 2129 1000 2184 hac
1033 2130 1165 2184 urbe
1191 2128 1500 2185 Graecorum
1549 2129 2019 2184 schismaticorum
2051 2127 2382 2196 patriarcha,
2419 2140 2449 2179 a
2480 2139 2589 2194 quo
2618 2122 2813 2177 deinde
2840 2117 3081 2174 Carolol
3121 2112 3424 2182 Anglorum

203 2222 310 2290 regi
343 2224 494 2277 dono
530 2225 730 2279 missus
757 2234 858 2278 est.
917 2223 1103 2290 Quare
1144 2239 1267 2279 cum
1322 2224 1606 2278 translatio
1658 2233 1838 2278 nostra
1873 2239 2129 2278 versuum
2178 2220 2512 2276 distinctioni
2548 2215 2752 2273 codicis
2798 2209 3145 2268 Alexandrini
3183 2207 3428 2277 apprime

203 2312 544 2379 respondeat,
581 2321 633 2366 et
668 2323 1007 2377 vetustatem,
1037 2323 1090 2368 et
1117 2322 1395 2367 auctorem
1426 2327 1548 2367 esse
1579 2313 1959 2380 Athanasium,
1986 2313 2145 2382 cujus
2187 2327 2382 2366 nomen
2428 2308 2660 2380 przefert,
2686 2309 2848 2364 etiam
2876 2323 2941 2361 ex
2970 2306 3072 2359 hac
3109 2310 3260 2373 parte
3285 2315 3423 2368 quo-

202 2401 490 2457 dammodo
518 2405 872 2460 demonstrat.
906 2404 1022 2460 Non
1055 2416 1236 2460 autem
1266 2409 1418 2474 parvi
1454 2406 1657 2461 laboris
1688 2405 1809 2473 fuit,
1838 2423 1962 2462 cum
2008 2409 2058 2463 id
2098 2407 2626 2470 animadvertissem,
2669 2407 2741 2460 ita
2773 2405 3065 2474 disponere
3095 2393 3425 2455 sanctissimi

202 2497 432 2569 episcopi
467 2501 898 2566 translationem,
945 2511 1006 2555 ut
1058 2501 1288 2571 singulis
1339 2501 1675 2571 psalmorum
1713 2503 1996 2557 versiculis
2046 2501 2293 2570 subjecta
2341 2499 2586 2568 ejusdem
2617 2495 2900 2552 Athanasii
2938 2487 3311 2560 interpretatio
3340 2500 3427 2540 1-8-

205 2594 512 2658 sponderet.
551 2592 680 2647 Erat
705 2595 851 2648 enim
883 2593 1110 2649 confuse
1142 2596 1366 2662 scripta,
1403 2609 1544 2663 saepe
1577 2593 1878 2648 commistis
1910 2591 2250 2645 Psalmorum
2282 2606 2408 2644 cum
2442 2590 2615 2660 ipsius
2645 2584 2996 2658 expositionis
3029 2582 3228 2644 verbis,
3267 2589 3322 2633 et
3353 2578 3426 2631 ita

204 2685 456 2754 disposita
484 2728 499 2750 ,
539 2698 598 2742 ut
625 2689 803 2757 potius
831 2705 954 2744 cum
995 2689 1280 2745 recentiori
1317 2689 1622 2756 longiorum
1652 2701 1904 2739 versuum
1932 2685 2296 2746 distinctione,
2324 2698 2444 2752 qua:
2471 2698 2614 2736 nunc
2639 2683 2691 2735 in
2719 2696 2818 2734 usu
2853 2676 2993 2746 apud
3021 2688 3211 2729 omnes
3240 2669 3426 2724 Eccle-

203 2777 306 2831 sias
333 2788 434 2843 est,
463 2779 794 2836 conveniret.
830 2779 989 2836 Plura
1026 2793 1278 2852 praeterea
1313 2781 1557 2843 aderant,
1597 2787 1655 2831 ut
1693 2778 1806 2846 jam
1834 2793 1863 2829 a
1910 2774 2176 2844 principio
2221 2773 2430 2838 monui,
2462 2771 2654 2826 menda
2695 2780 2748 2822 et
2779 2775 2990 2831 errata;
3042 2762 3136 2818 sed
3165 2762 3231 2816 de
3275 2769 3426 2813 textu

201 2874 410 2940 quidem
442 2877 576 2929 nihil
611 2877 898 2930 immutare
938 2893 1104 2932 ausus
1131 2893 1292 2945 sum;
1334 2889 1482 2929 meas
1517 2888 1643 2928 vero
1675 2871 2039 2941 conjecturas,
2072 2868 2286 2926 notulas
2330 2877 2385 2923 et
2412 2865 2820 2922 emendationes
2868 2865 2922 2918 in
2955 2863 3220 2932 margine,
3249 2871 3423 2929 appo-

200 2970 301 3023 sito
349 2971 613 3025 asterisco
653 2987 746 3025 seu
805 2969 1062 3030 litterula,
1115 2967 1364 3036 ascripsi.

266 3061 452 3115 XXXI.
514 3061 581 3116 Ut
613 3077 742 3117 vero
769 3079 882 3117 rem
915 3061 1048 3116 mihi
1074 3060 1408 3130 propositam
1439 3072 1755 3128 prosequar,
1804 3055 1944 3109 hanc
1986 3053 2488 3124 interpretationem
2516 3061 2610 3107 aut
2639 3051 2884 3108 Graecum
2917 3049 3251 3106 Psalmorum
3273 3063 3426 3104 com-

201 3156 544 3217 mentarium,
582 3171 742 3224 quem
777 3156 828 3208 in
861 3157 1037 3211 lucem
1073 3157 1290 3217 damus,
1331 3153 1648 3210 recentioris
1681 3165 1813 3206 usus
1841 3159 1936 3203 aut
1966 3150 2226 3219 temporis
2258 3148 2400 3203 haud
2449 3148 2736 3218 quisquam
2769 3149 2938 3204 fuisse
2984 3156 3248 3210 autumet,
3299 3147 3426 3216 quia

201 3246 254 3302 in
288 3265 352 3303 eo
383 3251 580 3321 legitur
619 3253 994 3323 inscriptiones
1035 3270 1127 3309 seu
1179 3253 1364 3308 titulos
1396 3253 1725 3321 psalmorum
1763 3249 1928 3303 rubro
1985 3249 2166 3304 colore
2195 3264 2289 3304 seu
2322 3249 2603 3304 cinnabari
2655 3248 2886 3316 scriptos
2924 3245 3111 3299 fuisse.
3147 3241 3424 3311 Siquidem

200 3360 399 3401 morem
431 3347 716 3402 adhibendi
754 3365 1081 3419 purpureum
1116 3348 1350 3401 colorem
1386 3345 1553 3399 minio
1580 3344 1661 3398 vel
1708 3342 1988 3398 cinnabari
2036 3341 2338 3397 confectum
2387 3343 2439 3397 in
2469 3341 2772 3398 scribendis
2807 3341 3090 3405 librorum,
3130 3353 3226 3393 seu
3272 3335 3422 3406 capi-

200 3455 328 3507 tum,
381 3456 475 3499 aut
509 3447 799 3500 lectionum
843 3444 1016 3498 titulis
1052 3444 1210 3511 longe
1254 3452 1377 3496 ante
1407 3441 1688 3496 Athanasii
1733 3448 1946 3494 aetatem
1995 3450 2271 3508 receptum
2305 3437 2472 3494 fuisse
2505 3450 2619 3494 tum
2671 3437 2811 3506 apud
2863 3433 3107 3496 Latinos,
3139 3444 3249 3487 tum
3284 3432 3427 3500 apud

203 3539 430 3606 Graecos,
462 3553 514 3596 et
545 3544 774 3612 probant
800 3539 1154 3594 vetustissimi
1203 3539 1439 3604 codices,
1484 3548 1538 3592 et
1569 3537 1815 3608 pluribus
1853 3536 2150 3590 ostendunt
2207 3537 2316 3590 duo
2371 3536 2725 3591 eruditissimi
2761 3535 2859 3589 viri
2909 3533 3152 3603 ejusdem
3201 3530 3430 3585 Benedi-

199 3637 352 3690 c1ina:
390 3635 823 3706 congregationis
867 3633 1204 3689 Mabillonius
1233 3644 1284 3688 et
1345 3633 1758 3686 Montfaueonus
1792 3630 1935 3700 (75).
1972 3629 2038 3684 Et
2103 3631 2320 3700 quidem
2358 3631 2411 3684 in
2461 3632 2576 3700 ipso
2611 3629 2971 3685 Alexandrino
3001 3629 3186 3682 codice
3232 3626 3418 3682 titulos

205 3731 530 3799 psalmorum
557 3731 723 3786 rubro
744 3730 927 3785 colore
954 3731 1246 3798 inscriptos
1277 3743 1396 3783 esse
1422 3737 1650 3782 testatur
1679 3726 1911 3782 Joannes
1939 3726 2202 3782 Ernestus
2237 3725 2416 3781 Grabc
2439 3728 2523 3781 his
2557 3727 2734 3781 verbis
2765 3743 2778 3780 :
2816 3745 2834 3777 ι
2896 3723 3153 3795 Sequitur
3183 3724 3307 3778 inde
3343 3723 3426 3792 ip~

204 3837 318 3877 sum
343 3820 690 3888 Psalterium,
731 3823 785 3877 in
809 3837 919 3892 quo
941 3821 1232 3890 cujuslibet
1251 3821 1443 3891 psalmi
1480 3820 1780 3889 inscriptio,
1813 3828 1904 3874 aut
1939 3820 2033 3874 ubi
2061 3819 2209 3874 nulla
2235 3819 2416 3883 datur,
2445 3819 2606 3874 veluti
2641 3820 2832 3888 psalmi
2863 3818 3044 3888 primi,
3079 3817 3252 3887 prima
3286 3815 3427 3869 linea

205 3917 368 3974 minio
398 3921 602 3990 scripta
628 3927 730 3983 est,
777 3933 877 3973 nec
903 3931 1010 3971 non
1043 3931 1145 3972 vox
1175 3916 1472 3989 διάψαλμα,
1500 3919 1935 3988 quandocunque
1965 3915 2222 3983 occurrit,
2269 3917 2344 3984 id,
2410 3917 2556 3987 quod
2598 3918 2761 3972 etiam
2794 3918 2860 3972 de
2883 3918 3055 3972 titulis
3084 3917 3332 3980 odarum,
3374 3927 3430 3972 et

204 4013 505 4068 orationum
541 4014 764 4082 psalmis
794 4013 1162 4068 subnexarum
1200 4013 1486 4067 dicendum
1524 4023 1625 4068 est.
1667 4032 1684 4064 ι
1729 4011 2001 4066 Encausto
2045 4022 2246 4076 autem,
2283 4013 2428 4083 quod
2469 4030 2639 4084 genus
2671 4015 2961 4068 atramenti
2992 4023 3111 4068 erat
3169 4015 3425 4083 purpurei

204 4102 394 4157 coloris
428 4119 493 4157 ex
522 4105 663 4158 coeti
689 4104 932 4167 muricis,
963 4103 1043 4157 vel
1089 4104 1200 4157 triti
1243 4103 1513 4172 conchylii
1544 4118 1737 4156 cruore
1773 4101 2106 4167 confectum,
2142 4112 2202 4157 ut
2232 4105 2437 4159 nemini
2470 4113 2664 4174 praeter
2700 4105 3080 4174 imperatorem
3115 4107 3190 4160 uti
3217 4105 3425 4184 liceret,

204 4188 433 4261 illudque
462 4194 680 4258 habere.
725 4205 820 4252 aut
859 4216 1122 4268 quaerere,
1159 4202 1274 4271 lege
1322 4211 1540 4254 cautum
1567 4211 1649 4256 est
1675 4217 1704 4255 a
1741 4200 1922 4256 Leone
1949 4201 2278 4271 imperatore
2324 4204 2378 4258 in
2430 4203 2813 4262 constitutione
2846 4207 3122 4261 Hilariano
3165 4205 3429 4276 magistro

205 4286 520 4358 olllciorum,
553 4302 606 4345 et
632 4295 861 4363 patricio
893 4298 1151 4367 inscripta
1180 4298 1315 4366 (74).
1344 4298 1563 4352 Exstant
1591 4299 1887 4352 etiamnum
1917 4298 1970 4352 in
2012 4299 2237 4354 archiva
2259 4302 2422 4355 castri
2467 4299 2650 4354 Sancti
2690 4299 2876 4368 Angeli
2912 4298 3277 4366 professiones
3303 4295 3424 4350 fidei

205 4379 508 4442 Graecorum
559 4389 947 4459 imperatorum
998 4391 1185 4447 Graece
1214 4402 1448 4457 tantum,
1479 4393 1562 4447 vel
1588 4392 1774 4451 Grarce
1825 4403 1880 4447 et
1935 4391 2125 4448 Latine
2161 4395 2214 4449 in
2242 4394 2429 4448 charta
2469 4409 2791 4464 pergamena
2841 4393 3072 4461 scriptae,
3129 4404 3427 4460 eorumque

207 4494 359 4535 manu
393 4494 656 4538 encausto
691 4488 1028 4557 subscripta,
1078 4505 1213 4558 quas
1261 4488 1326 4542 ad
1357 4487 1658 4542 Romanam
1691 4489 1898 4558 sedem,
1939 4502 2200 4561 tanquam
2229 4490 2296 4544 ad
2331 4498 2491 4559 caput
2535 4491 2695 4544 totius
2735 4487 3012 4543 catholica:
3041 4484 3293 4541 Ecclesiae
3325 4485 3428 4539 mi-

207 4590 384 4635 serunt
417 4603 430 4638 :
472 4583 566 4637 sed
613 4598 678 4638 eo
711 4595 967 4650 revertor,
999 4586 1140 4640 unde
1176 4585 1450 4654 digressus
1487 4602 1630 4641 sum.

269 4669 476 4726 XXXII.
525 4671 806 4730 Neminem
842 4677 908 4731 ad
941 4690 1140 4732 temere
1166 4675 1579 4745 abjudicandam
1611 4692 1805 4746 magno
1848 4678 2153 4733 Athanasio
2184 4686 2424 4731 nostram
2459 4677 2864 4748 metaphrasim,
2895 4691 2990 4730 seu
3017 4676 3431 4732 translationem

206 4774 264 4812 ex
293 4778 354 4816 eo
379 4767 708 4820 commoveri
737 4767 921 4830 velim,
955 4765 1100 4836 quod
1132 4763 1184 4818 in
1217 4779 1279 4817 ea
1312 4781 1417 4818 non
1470 4766 1720 4834 leguntur
1761 4781 1882 4831 qua:
1910 4782 1973 4819 ex
2023 4765 2081 4820 S.
2129 4766 2433 4820 Athanasio
2475 4766 2657 4820 laudat
2689 4763 2746 4818 S.
2780 4764 3084 4818 Germanus
3119 4765 3428 4833 patriarcha

207 4854 716 4932 llierosolymitanus
755 4864 808 4917 in
837 4863 1068 4934 epistola
1099 4862 1164 4916 ad
1200 4859 1464 4914 Thomam
1497 4862 1550 4915 in
1574 4862 1718 4915 hunc
1745 4862 1964 4915 modum
1995 4862 2108 4932 (75)
2139 4881 2150 4916 ε
2194 4881 2212 4914 ι
2253 4861 2452 4917 Beatus
2477 4861 2808 4916 Athanasius
2832 4861 2960 4915 illud
2999 4861 3190 4930 psalmi
3219 4859 3423 4916 dictum

205 4949 558 5022 interpretans
613 4976 625 5011 :
674 4957 777 5022 Qui
831 4958 974 5012 sedes
1045 4973 1199 5025 super
1249 4955 1553 5021 cherubim,
1609 4971 1844 5025 appara,
1900 4958 2061 5013 talem
2137 4957 2204 5013 de
2265 4959 2372 5013 illis
2421 4958 2642 5012 tradidit
2688 4957 3116 5027 intelligentiam.
3168 4955 3234 5010 Et
3281 4966 3427 5012 certe

206 5042 410 5100 illorum
441 5049 728 5104 cherubim
762 5051 1081 5122 principalia
1108 5050 1390 5122 ἀρχέτυπα
1416 5049 1596 5119 ignota
1622 5059 1749 5104 sunt
1781 5051 2110 5106 omnimodis
2154 5061 2348 5106 natura
2386 5051 2697 5106 hominibus
2731 5071 2742 5105 :
2781 5051 3000 5121 Spiritus
3038 5051 3181 5105 enim
3213 5059 3265 5103 et
3287 5048 3426 5119 ignis

205 5138 487 5205 exsistunt,
522 5151 576 5195 et
599 5144 667 5196 ab
698 5145 844 5198 omni
884 5143 1148 5212 corporali
1177 5141 1500 5197 formatione
1530 5152 1691 5213 atque
1719 5155 1911 5198 natura
1944 5154 2224 5199 extranea.
2265 5165 2284 5198 ι
2317 5145 2372 5198 Si
2404 5154 2584 5199 autem
2626 5144 2739 5200 haec
2765 5144 3014 5200 Germani
3051 5143 3208 5198 verba
3238 5145 3422 5200 consi~

208 5231 472 5300 durentur,
510 5238 732 5294 evidens
760 5249 863 5305 est,
905 5255 1028 5294 eum
1068 5238 1290 5291 minime
1319 5238 1603 5301 atlirmare,
1635 5253 1754 5308 qum
1785 5254 1848 5293 ex
1886 5237 1942 5293 S.
1980 5240 2278 5294 Athanasio
2311 5240 2515 5306 laudat,
2561 5239 2629 5293 ab
2665 5256 2729 5294 eo
2765 5242 2818 5294 in
2859 5241 3246 5294 commentario
3273 5257 3426 5313 super

274 5461 380 5543 (ll)
414 5461 948 5543 Gartl:.Tli0Iiias.__in
977 5464 1128 5534 pricf.
1157 5464 1393 5543 atldPsal.
1421 5482 1556 5521 vers.
1595 5467 1753 5532 dist.;
1797 5465 1918 5523 Mart

1797 5465 1951 5523 Mart.
1990 5468 2200 5540 Proleg.
2234 5472 2386 5535 tv,in
2421 5471 2561 5524 Bibl.
2610 5471 2667 5524 S.
2741 5469 2926 5537 llicr.;
2971 5469 3144 5525 Vales.
3210 5471 3262 5524 in
3309 5481 3419 5526 not.

208 5525 488 5585 td‘Euseh.
530 5533 668 5585 Hist.
698 5534 847 5590 (να-Ι..
875 5525 1072 5599 Ιίι).’νι,
1107 5552 1153 5588 c.
1191 5539 1270 5588 lli.
1461 5569 1467 5577 -

273 5599 380 5677 (ἒξ)
410 5601 605 5677 ditauit.
640 5602 764 5677 Ern.
798 5603 959 5677 Grab.
995 5605 1138 5677 l'rol.
1165 5607 1232 5657 ad
1267 5605 1372 5677 νει.
1403 5606 1533 5677 Test.
1588 5605 1723 5677 LXX
1768 5605 1992 5677 Iutcl'pr.
2022 5625 2083 5660 ex
2119 5605 2247 5659 Cod.
2274 5609 2426 5664 Alex.
2453 5623 2503 5662 C.
2541 5609 2582 5666 Ι,
2617 5607 2644 5677 ς
2675 5608 2722 5662 l.

411 5671 612 5750 _Mahill.._
649 5676 725 5750 l)e_
755 5675 992 5750 regrliplq
1151 5690 1262 5750 |,_\C.
1296 5676 1381 5750 I0,
1418 5694 1471 5731 ιι.
1503 5676 1574 5738 5;
1613 5668 2296 5748 Montfauc.'I’ala'ograplt.
2327 5680 2418 5733 lib.
2459 5694 2494 5743 ι,
2537 5696 2583 5732 c.
2619 5668 2668 5731 ἶ.

411 5739 536 5809 Leg.
575 5742 725 5814 Sacri
761 5739 980 5812 affatus,
1012 5745 1142 5798 Cod.
1177 5745 1246 5797 De
1272 5747 1457 5798 dirers.
1496 5761 1728 5814 rescript.

275 5807 380 5879 (75)
409 5807 519 5869 Act.
563 5830 610 5866 Iv
640 5807 948 5870 Concfh’ic.
970 5807 1042 5880 in,
1071 5825 1198 5869 tom.
1233 5814 1295 5868 IV
1327 5815 1524 5870 Conril.
1557 5807 1885 5888 llard.,pag.
1907 5813 2028 5869 258.
