4164 6496
740 416 843 470 655
1569 414 1621 468 S.
1668 415 2035 472 ATIIANASII
2077 417 2224 474 OPP.
2263 419 2438 473 PARS
2480 419 2562 473 III.
2599 451 2666 459 ——
2706 419 3110 476 EXICGETICA.
3854 429 3952 483 656

743 533 980 586 Psamios
1012 543 1207 603 scripta
1242 534 1428 590 fuisse.
1457 536 1637 604 Itaque
1669 539 2068 607 lieripotest,nt
2093 542 2254 594 verba
2296 542 2385 594 illa
2430 541 2676 596 Davidiea
2719 562 2730 594 :
2781 542 2884 607 Qui
2934 544 3076 597 sedes
3129 561 3282 613 super
3323 547 3586 600 cherubim
3637 548 3720 604 ’δε
3771 550 3825 603 in
3849 551 3951 603 alio

738 623 1078 694 0pcre,quod
1112 624 1620 694 B.archiepiscopus
1652 628 1961 695 scripserat,
1982 631 2376 697 explanaverit,
2402 640 2454 684 et
2485 632 2627 701 quod
2661 632 2787 685 illud
2817 634 2881 686 ad
2909 646 3146 688 nostram
3163 645 3371 690 aetatem
3391 638 3943 708 minimepervenerit;

737 719 890 787 plura
934 718 1076 771 enim
1116 727 1308 786 przeter
1337 732 1399 771 ea
1430 733 1549 786 qua:
1587 721 1724 788 typis
1751 720 2012 789 impressa
2047 730 2193 784 sunt,
2229 721 2285 774 S.
2317 722 2672 777 Athanasium
2720 726 3149 792 scripsisse,tnm
3184 742 3247 781 ex
3285 730 3552 784 veteribus
3575 731 3947 799 scriptoribus,

739 821 849 865 tum
888 827 953 866 ex
985 811 1221 880 antiquis
1251 810 1452 867 Grzecis
1485 813 1762 868 codicibus
1809 815 2153 869 manifestum
2188 825 2290 881 est,
2319 825 2373 871 et
2407 818 2748 885 potissimum
2779 834 2843 872 ex
2881 821 3245 876 vetustissima
3277 831 3461 877 eatena
3492 823 3802 880 Graecorum
3848 825 3946 878 Pa-

738 913 902 966 trum,
929 920 1089 974 quam
1120 905 1228 959 fere
1275 915 1435 959 totam
1472 923 1587 960 mea
1620 924 1778 961 manu
1805 909 2064 978 descripsi
2091 927 2155 964 ex
2196 913 2302 965 alio
2334 913 2625 981 antiquiori
2654 914 2840 968 codice
2886 915 3043 969 annis
3077 916 3145 969 ab
3195 917 3322 972 hinc
3354 920 3680 988 octingentis
3726 921 3950 989 scripta,

737 1002 823 1053 ubi
854 1001 1152 1072 fragmenta
1184 1002 1477 1056 alit-runtur
1504 1019 1566 1058 ex
1613 1006 1733 1058 aliis
1763 1007 2090 1060 sanctissimi
2125 1009 2364 1078 episcopi
2412 1009 2686 1077 Operibus,
2743 1020 2933 1077 praeter
2979 1026 3040 1064 ea
3090 1027 3211 1080 qu2e
3258 1029 3286 1066 a
3326 1013 3482 1068 Patre
3528 1013 3948 1081 Montl'aucono,

734 1093 1022 1149 Guillelmo
1048 1095 1242 1158 Caveo,
1273 1094 1576 1159 Lambecio,
1627 1096 1893 1160 Fabricio,
1938 1099 2151 1152 Oudino
2181 1102 2411 1169 aliisque
2456 1111 2844 1154 memorantur.
2887 1103 3158 1158 Adrianus
3190 1106 3351 1158 etiam
3389 1121 3524 1175 papa
3575 1109 3678 1162 hoc
3729 1109 3954 1161 nomine

733 1189 941 1258 primus
983 1191 1033 1242 in
1060 1190 1285 1258 epistola
1315 1192 1380 1243 ad
1414 1190 1667 1245 Carolum
1703 1191 1954 1263 Magnum
2003 1195 2374 1249 anctoritatem
2404 1195 2558 1248 atiert
2595 1212 2659 1250 ex
2692 1198 3082 1252 commentario
3114 1199 3168 1252 S.
3200 1201 3481 1255 Athanasii
3507 1218 3660 1271 super
3707 1202 3952 1257 Psalmos

733 1286 819 1340 his
855 1287 1029 1341 verbis
1061 1305 1073 1341 τ
1105 1305 1122 1336 ι
1160 1287 1286 1340 Item
1343 1285 1397 1340 S.
1444 1288 1724 1344 Athanasii
1749 1292 1815 1344 de
1857 1292 2301 1359 interpretatione
2335 1293 2664 1361 psalmorum
2698 1295 2834 1346 inter
2877 1304 3064 1347 cetera
3100 1312 3112 1347 :
3146 1293 3346 1350 Civitas
3372 1295 3514 1350 enim
3566 1297 3805 1361 Domini,
3833 1314 3954 1367 qua:

731 1395 951 1434 sursum
980 1379 1276 1435 Jerusalem
1324 1382 1366 1412 ’⁸
1408 1401 1420 1434 :
1455 1382 1630 1452 imago
1666 1395 1842 1439 autem
1872 1401 2060 1438 eorum
2105 1389 2395 1441 terrestris.
2441 1386 2591 1452 Quod
2633 1387 2776 1440 enim
2812 1387 2963 1451 dicit,
3022 1388 3125 1442 tale
3154 1397 3282 1441 est:
3334 1385 3599 1450 Quoniam
3651 1388 3950 1450 terrestris,

731 1478 929 1548 inquit,
960 1479 1129 1532 induti
1164 1490 1289 1531 sunt
1330 1477 1639 1545 imaginem,
1674 1485 1725 1527 rt
1759 1493 1862 1528 non
1903 1478 2158 1541 cmlestis,
2205 1488 2420 1547 propter
2469 1479 2571 1530 hoc
2610 1477 2674 1530 ad
2727 1479 2953 1532 nihilum
3007 1479 3333 1546 redigentur.
3386 1477 3622 1530 Audient
3674 1478 3821 1530 enim
3859 1479 3952 1531 illo

730 1581 1014 1641 tempore:
1067 1569 1256 1624 Nescio
1309 1585 1403 1623 ros‘
1454 1571 1545 1623 16:
1598 1579 1778 1638 utpote
1809 1585 1913 1622 non
1966 1570 2184 1623 indutos
2223 1570 2408 1624 eadem
2456 1569 2666 1622 Domini
2725 1569 2975 1640 imagine.
3014 1590 3032 1621 ι
3096 1570 3332 1624 Adriano
3389 1571 3605 1624 additur
3653 1570 3952 1625 Chronicon

729 1667 1164 1728 Alexandrinum,
1195 1665 1351 1734 cujus
1383 1665 1566 1727 verba,
1598 1673 1709 1716 tum
1739 1665 1899 1718 etiam
1935 1665 2158 1718 Adriani
2189 1680 2294 1718 non
2336 1665 2586 1734 leguntur
2620 1664 2672 1716 in
2711 1673 2894 1719 nostra
2926 1664 3299 1728 translatione,
3341 1665 3433 1719 sed
3464 1666 3517 1717 in
3553 1665 3952 1718 commentario

727 1781 880 1833 super
909 1762 1150 1816 Psalmos
1182 1763 1550 1825 inveniuntur,
1592 1762 1731 1830 quod
1764 1761 1971 1814 editum
2006 1773 2087 1816 est
2120 1763 2259 1816 inter
2285 1762 2388 1815 alia
2420 1778 2582 1831 opera
2616 1778 2644 1815 a
2673 1759 2732 1815 Ρ.
2767 1760 3148 1816 Montfaucono
3189 1763 3414 1831 ejusque
3445 1762 3628 1815 sociis.
3665 1759 3772 1814 Sed
3807 1761 3951 1813 haud

726 1860 938 1913 diﬂicile
967 1867 1051 1913 est
1089 1861 1410 1927 respondere
1441 1868 1632 1925 praeter
1665 1857 2074 1910 translationem
2119 1874 2214 1911 seu
2250 1857 2587 1927 μετάφρασιν
2636 1873 2798 1926 quam
2843 1857 3074 1920 edimus,
3112 1855 3167 1909 S.
3205 1857 3559 1910 Athanasium
3594 1856 3758 1910 etiam
3797 1856 3951 1908 illum

726 1950 1199 2011 commentarium,
1235 1949 1278 2002 si
1318 1949 1388 2000 ita
1434 1947 1704 2014 aliquibus
1735 1947 1928 2015 placet,
1972 1949 2374 2014 composuisse;
2413 1948 2494 1999 vel
2536 1956 2698 2007 certe,
2750 1946 2893 2014 quod
2943 1946 3032 1999 ille
3063 1954 3203 2000 esset
3253 1945 3557 2008 Athanasii,
3603 1959 3728 1999 cum
3778 1945 3954 2014 ipsius

726 2061 919 2099 nomen
950 2043 1223 2112 praeferret
1267 2042 1619 2110 inscriptione
1645 2040 1926 2109 deceptum
1959 2039 2257 2092 Adrianum
2303 2054 2517 2107 papam,
2562 2049 2621 2092 ut
2651 2040 2710 2092 Ρ.
2751 2038 3136 2092 Montfaucono
3167 2038 3397 2107 aliisque
3427 2038 3545 2107 ejus
3577 2039 3744 2092 sociis
3775 2040 3954 2092 conti-

726 2139 866 2208 gisse
889 2137 1120 2203 videtur,
1164 2135 1470 2191 crediderit.
1509 2135 1661 2200 Quod
1695 2150 1843 2199 sane,
1879 2143 1936 2188 ut
1980 2135 2113 2187 mihi
2158 2134 2534 2202 persuadeam,
2563 2149 2627 2187 eo
2659 2134 2829 2202 magis
2865 2134 3089 2187 inducor
3119 2135 3242 2202 quia
3279 2133 3331 2186 in
3363 2134 3549 2187 eadem
3579 2133 3809 2201 epistola
3843 2134 3954 2187 alia

725 2243 850 2288 sunt
881 2248 999 2303 qua:
1023 2248 1208 2286 eorum
1237 2238 1546 2285 sanctorum
1575 2247 1715 2291 esse,
1746 2246 1979 2298 quorum
2007 2229 2319 2282 nominibus
2353 2229 2720 2293 ascribuntur,
2745 2243 2904 2281 nemo
2937 2237 3085 2282 certo
3107 2243 3351 2283 asserere
3380 2241 3444 2281 ac
3474 2235 3737 2296 prmstare
3761 2228 3954 2282 voluc-

724 2324 814 2377 rit.
864 2323 994 2388 Quae
1037 2337 1163 2375 vero
1189 2323 1240 2374 in
1277 2322 1532 2374 Chronico
1566 2321 1924 2372 .-llcxuntlrino
1974 2321 2260 2382 habentur,
2292 2329 2351 2373 ut
2387 2320 2548 2374 etiam
2574 2319 2640 2373 de
2683 2319 2775 2372 illo
2808 2319 3009 2387 aliquid
3041 2319 3239 2382 dicam,
3280 2321 3482 2389 integra
3511 2335 3617 2373 non
3651 2327 3866 2374 exstant
3897 2319 3953 2371 in

723 2423 1120 2474 commentario
1155 2420 1375 2475 Patrum
1403 2419 1895 2484 Benedictinm-nm,
1923 2429 1977 2472 et
2017 2420 2238 2486 insuper
2273 2417 2566 2471 Chronicon
2604 2417 2732 2469 illud
2779 2419 2932 2485 plura
2975 2417 3284 2488 apocrypha
3317 2430 3368 2470 et
3402 2417 3744 2487 supposititia
3773 2416 3956 2470 conti-

723 2521 831 2566 net.
864 2511 1089 2566 Demum
1121 2514 1656 2568 animadvertendum
1689 2523 1792 2577 est,
1825 2529 1946 2582 qua:
1980 2512 2288 2566 referuntur
2324 2513 2482 2565 veluti
2511 2528 2573 2563 ex
2603 2512 2660 2564 ὃ.
2701 2512 2998 2565 Athanasio
3029 2528 3057 2565 a
3088 2512 3146 2568 S.
3187 2511 3476 2578 Germano,
3502 2522 3555 2567 et
3585 2513 3654 2566 ab
3683 2510 3951 2566 Adriano-

722 2609 1033 2677 hnjnsmodi
1066 2619 1210 2672 sunt,
1257 2620 1314 2665 ut
1353 2612 1692 2666 translationi
1730 2627 1824 2666 seu
1859 2612 2186 2681 μετάφρασι,
2218 2626 2405 2680 parum
2455 2619 2577 2678 apta
2611 2626 2730 2664 esse
2761 2610 3063 2674 videantur,
3096 2612 3186 2665 sed
3238 2607 3628 2664 commentario
3681 2608 3866 2676 potius
3893 2615 3950 2659 et

722 2703 914 2759 iusiori
951 2705 1289 2758 Psalmorum
1332 2707 1655 2775 expositioni
1703 2707 1875 2775 magis
1907 2706 2252 2766 conveniant,
2290 2720 2352 2758 ac
2392 2704 2618 2772 proinde
2650 2703 2886 2757 validum
2933 2704 3054 2756 inde
3081 2713 3457 2772 argumentum
3489 2701 3630 2755 sumi
3665 2701 3851 2769 nequit
3876 2700 3945 2752 ad

720 2797 1072 2864 questionem
1102 2796 1416 2851 movendam
1462 2797 1527 2850 de
1559 2806 1778 2850 auctore
1809 2804 2006 2848 nostrze
2037 2795 2434 2857 translationis,
2471 2795 2516 2848 si
2572 2794 2624 2846 in
2663 2809 2725 2846 ea
2759 2811 2863 2848 non
2913 2794 3253 2862 reperiantur
3283 2811 3401 2862 quae
3446 2792 3788 2846 translationi
3839 2791 3946 2844 mi-

723 2893 867 2946 nime
901 2902 1236 2963 congruunt;
1273 2893 1382 2946 imo
1426 2893 1606 2962 potius
1656 2892 1723 2944 ab
1772 2889 2087 2959 hujusmodi
2125 2889 2376 2943 brevibus
2427 2899 2480 2942 et
2517 2889 2917 2957 compendiosis
2955 2888 3388 2958 expositionibus
3445 2889 3620 2940 aliena
3671 2887 3946 2945 videntur,

721 2984 843 3036 ideo
867 2984 944 3036 vel
975 2984 1253 3038 Athanasii
1297 3000 1402 3036 non
1436 2993 1581 3046 sunt,
1625 2983 1715 3037 sed
1760 2999 1853 3051 per
1881 2998 2120 3037 errorem
2153 2982 2202 3036 ei
2234 2984 2488 3052 ascripta,
2525 2983 2604 3036 vel
2643 2984 2696 3035 in
2727 2982 3132 3036 commentariis
3177 2981 3364 3036 fusiori
3399 2983 3537 3050 stylo
3570 2981 3808 3049 scriptis,
3847 2978 3947 3047 qui

722 3083 1023 3143 temporum
1061 3074 1195 3129 forte
1219 3076 1439 3145 injuria,
1472 3087 1529 3130 ut
1566 3077 1719 3145 plura
1764 3077 1866 3128 ala
1900 3077 2263 3145 deperierant,
2299 3078 2585 3145 quaerenda
2619 3088 2766 3131 sunt.
2809 3079 2938 3142 Qua:
2977 3079 3193 3147 quidem
3224 3088 3366 3133 recte
3399 3092 3515 3130 mea
3544 3075 3810 3129 sententia
3837 3074 3944 3127 dici

722 3178 952 3239 possunt
977 3170 1042 3224 de
1067 3171 1322 3225 omnibus
1343 3171 1463 3226 aliis
1493 3188 1612 3240 qua:
1637 3174 1736 3225 sub
1773 3172 1988 3226 nomine
2019 3172 2301 3226 Athanasii
2337 3173 2585 3240 leguntur
2614 3172 2664 3224 in
2695 3174 2902 3226 catenis
2925 3172 3141 3226 Patrum
3180 3173 3337 3226 editis
3367 3189 3395 3224 a
3433 3169 3782 3223 Balthazarre
3811 3167 3948 3220 Cor-

720 3263 869 3317 derio
897 3263 1142 3331 aliisque.
1175 3263 1435 3318 Przeterea
1468 3281 1562 3333 pro
1595 3266 1985 3319 commentario
2016 3275 2199 3319 nostro
2226 3282 2320 3319 seu
2364 3267 2808 3334 interpretatione
2844 3265 3044 3319 tuenda
3085 3274 3232 3318 certe
3281 3264 3411 3318 illud
3449 3263 3666 3316 silentio
3719 3269 3946 3330 praeter-

722 3358 1042 3413 mittendum
1074 3375 1179 3413 non
1220 3367 1336 3423 est,
1372 3362 1512 3429 quod
1548 3361 1634 3425 iis,
1671 3377 1789 3429 qua:
1819 3376 1846 3413 a
1882 3361 1938 3413 S.
1971 3359 2241 3415 Germano
2273 3371 2527 3430 tanquam
2569 3376 2633 3414 ex
2680 3362 2960 3415 Athanasii
3017 3360 3233 3430 scriptis
3281 3359 3597 3426 allegantur,
3649 3355 3945 3409 admodum

719 3463 1080 3506 consentanea
1111 3462 1382 3522 suntquae
1417 3455 1664 3523 leguntur
1699 3455 1749 3507 in
1786 3465 1972 3509 nostra
2018 3456 2347 3524 metaphrasi
2387 3457 2450 3508 ad
2492 3458 2758 3524 psalmum
2800 3473 2892 3510 cm
2917 3498 2930 3520 ,
2979 3457 3066 3510 ubi
3114 3457 3181 3510 ad
3212 3457 3372 3510 verba
3399 3456 3488 3508 illa
3521 3454 3560 3483 "’
3600 3471 3612 3505 :
3664 3450 3768 3514 Qui
3813 3449 3944 3517 facit

721 3544 931 3613 angelos
971 3561 1090 3597 suos
1118 3547 1353 3612 spiritus,
1390 3557 1437 3598 et
1471 3548 1736 3599 ministros
1761 3565 1880 3600 suos
1911 3549 2047 3617 ignis
2084 3549 2373 3616 ﬂammam,
2404 3549 2517 3604 hzec
2541 3550 2827 3618 subjicitur
2859 3550 3228 3619 interpretatio
3258 3569 3270 3603 :
3301 3570 3317 3600 ι
3347 3546 3689 3602 Manifestum
3720 3543 3938 3611 quidem

720 3646 822 3700 est,
850 3637 990 3706 quod
1026 3640 1193 3691 sancti
1223 3639 1339 3708 ejus
1364 3641 1574 3708 (nempe
1609 3641 1804 3710 angeli)
1849 3642 2070 3709 spiritus
2107 3652 2250 3704 sunt,
2290 3651 2343 3695 et
2377 3643 2603 3697 virtutes
2639 3645 3008 3697 ministrantes
3041 3643 3089 3695 ei
3122 3650 3246 3696 sunt
3274 3642 3432 3711 ignis.
3488 3659 3505 3688 ι
3561 3637 3719 3689 Levis
3774 3639 3940 3685 etiam

722 3732 983 3784 momenti
1027 3740 1172 3796 sunt,
1205 3743 1256 3786 et
1295 3735 1496 3787 nullius
1540 3734 1648 3787 fere
1683 3736 1955 3803 ponderis,
1984 3752 2103 3804 quur
2136 3737 2188 3788 in
2231 3735 2452 3800 Monito,
2485 3738 2627 3805 quod
2659 3739 3002 3806 prmmittitur
3032 3735 3418 3791 commentario
3453 3731 3732 3785 Athanasii
3765 3725 3938 3781 nomi-

721 3839 788 3876 ne
818 3823 1096 3891 inscripto,
1135 3825 1202 3876 ab
1235 3826 1419 3879 iisdem
1461 3825 1714 3880 Patrihus
1740 3827 2101 3882 Benedictinis
2134 3840 2390 3896 tanquam
2414 3846 2476 3883 ex
2508 3830 2848 3885 Theodoreto
2882 3832 3198 3884 afferuntur.
3233 3828 3470 3882 Primum
3511 3825 3639 3894 quia
3675 3839 3783 3874 non
3816 3827 3947 3874 sunt

721 3914 1068 3981 Theodoreti,
1097 3927 1154 3971 ttt
1185 3918 1283 3985 ipsi
1317 3919 1564 3981 innuuut,
1599 3921 1690 3972 sed
1724 3921 1954 3988 alicujus
1992 3920 2343 3975 amanuensis
2376 3923 2541 3990 ignoti
2580 3923 2836 3984 nominis,
2867 3939 2918 3977 et
2961 3924 3178 3975 incertae
3206 3921 3400 3984 aetatis,
3447 3934 3510 3971 ac
3540 3914 3768 3985 proinde
3823 3908 3947 3963 nul-

721 4011 827 4065 lius
861 4013 1195 4067 auctoritatis
1227 4033 1239 4067 :
1270 4014 1479 4077 deinde,
1515 4017 1640 4084 quia
1682 4017 1769 4068 illa
1821 4018 2002 4069 omnia
2035 4058 2049 4081 ,
2101 4034 2220 4085 quae
2269 4019 2336 4072 de
2365 4019 2487 4072 aliis
2520 4021 2657 4071 dicta
2693 4031 2837 4080 sunt.
2879 4020 2944 4073 de
2995 4021 3156 4088 hujus
3187 4018 3466 4087 scriptoris
3517 4015 3818 4082 fragmento
3845 4021 3942 4060 seu

720 4104 1031 4158 testimonio
1061 4106 1164 4158 dici
1197 4116 1424 4174 possunt
1454 4125 1465 4159 :
1509 4108 1724 4160 demum
1760 4120 1817 4160 ut
1851 4110 2145 4176 generatim
2189 4125 2253 4162 ac
2298 4106 2534 4164 breviter
2576 4113 2954 4180 respondeam,
2992 4123 3044 4164 et
3072 4112 3258 4180 paucis
3284 4108 3562 4164 ostendam
3598 4120 3762 4175 quam
3792 4104 3945 4156 inﬁr-

720 4209 869 4248 mum
903 4199 970 4250 sit
1001 4208 1374 4266 argumentum
1406 4199 1547 4264 quod
1593 4201 1715 4252 inde
1749 4216 1776 4251 a
1808 4201 2126 4255 clarissimis
2173 4201 2421 4256 Patribus
2470 4201 2832 4257 Benedictinis
2879 4204 3114 4266 ducitur,
3162 4212 3220 4256 ut
3247 4200 3698 4256 commentarium
3733 4198 3800 4251 de
3831 4209 3942 4265 quo

720 4288 901 4354 agitur
935 4288 990 4341 S.
1019 4288 1316 4342 Athanasio
1352 4292 1677 4355 ascribatur,
1707 4308 1771 4344 ex
1806 4308 1871 4345 eo
1901 4295 2042 4360 quod
2078 4311 2217 4348 unus
2244 4295 2324 4348 vel
2351 4296 2486 4348 alter
2521 4297 2671 4350 locus
2698 4307 2935 4351 veterum
2964 4300 3286 4365 scriptorum
3315 4297 3406 4365 qui
3431 4293 3712 4347 Athanasii
3739 4291 3940 4356 scripta

720 4379 1027 4443 laudarunt,
1056 4380 1106 4433 in
1141 4396 1206 4434 eo
1239 4381 1582 4446 inveniatur;
1621 4383 1867 4451 ext-inple
1897 4394 2016 4436 utar
2062 4387 2572 4440 commentariormn
2605 4389 2655 4438 in
2691 4387 2953 4450 Psalmos,
3003 4390 3094 4457 qui
3143 4388 3447 4457 llieronvtni
3504 4400 3702 4439 nomen
3749 4381 3943 4435 inscri-

719 4477 870 4538 ptmn
897 4470 1114 4532 habent,
1153 4470 1203 4523 in
1233 4472 1428 4538 quibus
1462 4475 1560 4526 etsi
1589 4490 1648 4527 ea
1683 4491 1804 4542 quae
1833 4474 1889 4529 S.
1920 4477 2257 4545 Augustinus
2283 4489 2336 4533 et
2372 4480 2428 4532 S.
2462 4482 2756 4549 Gregorius
2791 4481 2871 4534 \'|l
2912 4492 2964 4535 et
2997 4484 3109 4550 ipse
3152 4480 3511 4549 Hieronymus
3540 4494 3604 4530 ex
3645 4476 3764 4530 suis
3793 4489 3942 4528 eom-

720 4560 996 4614 mentariis
1026 4561 1078 4612 in
1102 4556 1420 4614 Psalterium
1460 4564 1669 4632 allegat,
1717 4566 2102 4630 inveniantur;
2139 4577 2316 4619 tamen
2367 4585 2511 4622 nunc
2544 4586 2735 4623 omnes
2780 4570 2890 4624 fere
2931 4569 3127 4624 eruditi
3166 4566 3404 4621 unanimi
3434 4579 3707 4619 consensu
3743 4577 3941 4616 conve-

719 4651 894 4712 niunt,
925 4666 1028 4702 non
1072 4666 1191 4704 esse
1223 4651 1343 4705 illos
1372 4651 1431 4704 Β.
1468 4650 1795 4720 Hieronymo
1831 4655 2207 4722 ascribendos,
2252 4657 2342 4710 sed
2378 4658 2531 4712 alteri
2564 4660 2836 4728 scriptori,
2885 4660 2975 4728 qui
3017 4660 3295 4729 aliquanto
3332 4668 3451 4726 post
3489 4656 3660 4711 sancti
3699 4655 3941 4709 doctoris

717 4750 930 4796 aetatem
964 4743 1200 4810 scripsit.

795 4888 1029 4942 XXXIII.
1072 4891 1139 4943 At
1169 4905 1295 4944 vero
1324 4891 1465 4945 alius
1490 4894 1758 4960 quispiam
1791 4891 2024 4949 fortasse
2053 4897 2156 4949 erit
2191 4897 2282 4965 qui
2312 4897 2376 4951 ad
2409 4897 2778 4966 denegandam
2807 4914 3003 4967 magno
3037 4899 3330 4952 Athanasio
3360 4906 3599 4951 nOstt‘am
3633 4897 3938 4965 metaphra-

719 4989 843 5052 sim,
869 4988 991 5040 inde
1026 4988 1126 5040 sibi
1159 5004 1264 5040 non
1297 4988 1465 5041 levem
1509 4991 1878 5058 conjecturam
1915 5001 1968 5044 et
2001 5003 2375 5056 argumentum
2411 5006 2695 5064 suppetere
2740 4999 2964 5064 putabit,
3011 4998 3152 5064 quod
3198 5005 3386 5049 auctor
3413 4994 3656 5061 ejusdem
3704 4993 3936 5046 transla-

719 5079 884 5132 tionis
911 5079 1120 5130 beatam
1155 5076 1423 5147 Virginem
1458 5079 1734 5146 Θεοτὸκον,
1766 5082 1867 5133 hoc
1894 5091 1993 5144 est,
2044 5082 2346 5150 Deiparum,
2395 5094 2690 5154 nuncupat.
2726 5104 2846 5139 cum
2877 5086 3111 5140 Joannes
3140 5085 3404 5139 Meursius
3439 5086 3489 5136 in
3535 5101 3636 5137 suo
3667 5082 3938 5138 Glossario

721 5169 965 5232 aIIirmet,
1006 5187 1023 5217 i
1065 5169 1285 5223 inditmn
1325 5187 1446 5225 esse
1486 5173 1587 5225 hoc
1613 5191 1806 5227 nomen
1837 5174 1988 5228 Matri
2025 5175 2235 5229 Domini
2277 5193 2337 5230 ac
2373 5175 2668 5232 Salvatoris
2703 5181 2869 5234 nostri
2903 5179 3027 5232 .Icsu
3067 5180 3267 5234 Christi
3306 5195 3335 5232 a
3371 5177 3576 5248 synodo
3609 5193 3638 5229 ν
3669 5177 3934 5230 Constan-

723 5262 1074 5330 tinopolitana
1105 5273 1342 5332 tempore
1365 5264 1676 5320 .lustiniani.
1711 5289 1728 5317 ι
1763 5268 2051 5323 Enimvero
2077 5271 2120 5324 si
2155 5272 2276 5340 quis
2311 5272 2380 5324 ita
2411 5273 2510 5325 sibi
2559 5274 2925 5339 persuaderet,
2952 5275 3108 5342 longe
3143 5292 3169 5325 a
3195 5275 3417 5326 veritate
3441 5273 3734 5327 aberraret.
3771 5271 3935 5340 Quip-

723 5366 784 5414 pe.
818 5354 982 5405 multo
1013 5365 1135 5408 ante
1175 5357 1457 5411 Athanasii
1495 5373 1702 5415 :etatem
1747 5381 1808 5417 ca
1852 5381 1978 5418 \‘ot'e.
2024 5382 2152 5420 usos
2183 5387 2302 5422 esse
2335 5378 2538 5422 veteres
2571 5369 2775 5431 l’atrcs,
2814 5371 3169 5424 indubitatum
3206 5380 3304 5424 est.
3338 5371 3517 5434 Quare
3547 5370 3800 5424 Socrates
3823 5368 3930 5435 (76)

789 5579 831 5610 ’⁸
865 5580 1003 5634 Psal.
1039 5598 1217 5646 vau,
1249 5584 1302 5635 ‘2.
1381 5585 1422 5614 ⁸⁵
1461 5585 1632 5639 Galat.
1669 5605 1742 5652 tv,
1797 5589 1879 5641 ἐϋ.
1989 5591 2026 5617 ’δ
2094 5591 2280 5644 Matth.
2333 5606 2431 5644 xxv

1381 5585 1422 5614 ⁸⁵
1461 5585 1632 5639 Galat.
1669 5605 1742 5652 tv,
1797 5589 1879 5641 ἐϋ.
1989 5591 2026 5617 ’θ
2094 5591 2280 5644 Matth.
2333 5606 2453 5656 uti,
2529 5590 2612 5642 12.
2693 5590 2727 5620 ⁸⁷
2760 5589 2907 5649 Vet‘s.
2947 5592 2985 5644 ι.

795 5763 903 5827 (76»
941 5765 1076 5821 Hist.
1112 5771 1232 5823 cui.
1271 5771 1358 5823 lib.
1400 5787 1488 5828 vtt.
1525 5789 1570 5824 ι’.
1607 5773 1687 5826 3:2.
