4164 6482
731 414 834 466 639
1499 412 1555 468 S.
1598 411 1957 465 ATHANASII
1999 412 2144 465 UPP.
2211 411 2375 466 PARS

2300 411 2384 466 RS
2416 412 2500 466 ΙΙΙ.
2546 443 2609 456 -—
2642 414 3041 474 EXEGETICA.
3849 419 3944 472 640

731 527 943 596 posuit,
981 527 1369 591 interprotatos
1402 528 1452 579 in
1485 527 1730 580 Graecum
1767 543 1823 580 se
1856 527 2081 595 legisse.
2115 537 2404 592 testatum;
2440 529 2578 581 unde
2608 540 2818 584 constat
2862 548 2984 585 eum
3033 533 3306 602 ignorasse
3345 535 3438 590 illo
3483 547 3722 606 tempore
3759 536 3945 604 Syram

730 615 966 685 linguam
1001 615 1083 670 vel
1111 615 1345 673 litteras.
1377 616 1442 671 Et
1477 618 1594 688 ideo
1626 619 1801 682 hunc,
1832 620 1923 686 qui
1960 619 2183 672 necdum
2218 619 2269 672 in
2301 620 2460 673 aliam
2506 636 2694 675 versus
2733 633 2815 676 est
2845 625 3114 694 linguam.
3159 628 3397 683 nescisse
3444 630 3780 698 scriptorem.
3819 645 3836 677 ι
3875 627 3946 680 Ita

731 709 1064 768 Gennadius.
1094 711 1172 769 At
1205 731 1333 769 vero
1365 730 1472 783 quo
1505 723 1742 782 tempore
1771 712 2128 784 Hieronymus
2167 715 2362 769 librum
2391 714 2465 768 De
2493 717 2854 770 ecclesiasticis
2885 720 3220 788 scriptoribus
3249 724 3578 792 composuit,
3607 723 3810 789 optime
3836 721 3946 790 jam

730 807 956 861 callebat
987 805 1232 873 lingUam
1268 807 1567 877 Syriacam.
1598 805 1873 873 Siquidem
1909 821 2029 859 eum
2073 806 2265 858 librum
2301 806 2564 869 absolvit,
2592 818 2649 860 ut
2676 809 2789 877 ipse
2821 818 3073 873 testatur,
3111 826 3252 864 anno
3278 812 3488 867 decimo
3512 824 3708 882 quarto
3738 812 3944 880 imperii

733 897 1024 952 Theodosii
1055 900 1174 970 (86)
1199 942 1213 964 ,
1249 902 1349 952 hoc
1380 909 1462 952 est
1495 912 1638 951 anno
1667 897 1877 950 Domini
1911 896 2016 950 592
2047 897 2099 948 in
2153 894 2598 951 Betltlebemitico
2639 914 2858 954 secessu
2879 941 2894 967 ,
2945 917 3066 954 cum
3096 903 3206 971 jam
3253 912 3395 957 esset
3440 915 3726 972 provectus
3758 913 3944 968 mtate,

732 1009 935 1049 annum
965 1009 1133 1067 agens
1165 993 1557 1063 sexagesimum
1592 992 1825 1046 circiter.
1859 991 2041 1058 Itaque
2076 999 2186 1044 tum
2221 991 2300 1044 vel
2330 991 2567 1060 linguam
2605 990 2863 1062 Syrorum
2891 993 3170 1057 didicerat,
3194 996 3277 1049 vel
3305 1011 3600 1064 nunquam,
3632 996 3778 1065 quod
3804 1005 3946 1050 certe

733 1091 929 1145 falsum
958 1103 1064 1155 est,
1093 1090 1300 1144 didicit.
1331 1089 1408 1142 Ad
1438 1088 1550 1142 hac
1577 1088 1801 1150 accedit,
1833 1086 1970 1154 quod
1999 1086 2178 1154 plures
2206 1102 2379 1141 annos
2411 1097 2699 1156 antequam
2731 1105 2865 1158 opus
2903 1089 2973 1142 De
3005 1090 3368 1145 ecclesiasticis
3402 1092 3743 1160 scriptoribus
3767 1093 3948 1147 absol-

731 1193 896 1247 veret,
933 1201 1060 1242 cum
1087 1184 1364 1239 Hebraicze
1398 1183 1593 1251 lingua:
1619 1183 1860 1236 notitiam
1895 1183 2120 1250 adeptus
2143 1191 2305 1246 esset,
2337 1182 2709 1236 Cltaldzeorum
2741 1199 2960 1253 quoque
2984 1185 3282 1239 ediscenda:
3308 1201 3524 1256 operam
3555 1185 3743 1240 sedulo
3776 1185 3943 1242 dedit.

731 1274 939 1348 Lingua
967 1288 1144 1334 autem
1174 1278 1464 1334 Cltaldaica
1487 1285 1540 1330 et
1575 1274 1815 1346 Syriaca,
1843 1274 2006 1328 veluti
2040 1275 2276 1343 ejusdem
2310 1275 2504 1344 linguae
2529 1277 2753 1330 diversa:
2787 1277 3021 1343 dialecti,
3053 1279 3184 1332 adeo
3220 1279 3359 1332 inter
3386 1293 3443 1332 se
3476 1277 3660 1331 amnes
3695 1289 3853 1340 sunt,
3891 1284 3947 1327 ut

731 1371 779 1427 si
809 1371 1184 1427 cbaracterum
1213 1370 1580 1424 diversitatem
1603 1409 1618 1433 ,
1650 1383 1742 1421 seu
1781 1367 2081 1420 litterarum
2119 1368 2347 1420 formam
2379 1375 2432 1420 et
2478 1367 2701 1436 liguram
2725 1408 2740 1429 ,
2781 1368 2976 1436 quibus
3007 1370 3061 1423 in
3107 1370 3390 1424 scribendo
3433 1369 3664 1423 Chaldaei
3711 1378 3765 1422 et
3827 1368 3946 1439 Syri

735 1469 961 1516 utuntur
985 1501 1000 1525 ,
1037 1470 1092 1515 et
1121 1459 1408 1516 nonnullas
1442 1473 1631 1514 vocum
1659 1457 2068 1510 terminatiOnes
2087 1496 2100 1520 ,
2125 1467 2177 1509 et
2206 1473 2376 1526 pauca
2411 1458 2653 1526 quaedam
2684 1460 2784 1511 alia
2819 1461 2966 1529 parvi
2995 1462 3250 1515 momenti
3279 1462 3514 1531 excipias
3535 1503 3548 1525 ,
3579 1463 3779 1516 eaedem
3813 1477 3947 1529 pene

734 1554 863 1617 sint,
890 1555 1026 1608 adeo
1053 1563 1111 1607 ut
1131 1553 1223 1621 qui
1255 1552 1479 1606 alteram
1505 1565 1569 1605 ex
1600 1550 1685 1603 bis
1710 1550 1878 1611 novit,
1911 1546 2068 1602 facile
2096 1557 2378 1618 utramque
2403 1549 2680 1618 intelligat.
2713 1549 2936 1620 insuper
2964 1553 3138 1621 posito
3157 1554 3316 1607 etiam
3341 1555 3479 1622 quod
3504 1555 3742 1625 linguam
3768 1553 3950 1622 Syria-

732 1664 851 1703 cam
879 1647 1238 1717 llieronymus
1264 1645 1566 1714 ignoraret,
1599 1653 1774 1697 tamen
1803 1643 1854 1695 id
1890 1643 2109 1695 minime
2137 1642 2519 1711 impedimento
2541 1660 2660 1698 esse
2693 1655 2936 1714 poterat,
2970 1649 3260 1714 quominus
3293 1649 3358 1703 de
3380 1649 3633 1718 operibus
3667 1649 3725 1704 S.
3761 1650 3946 1706 Jacobi

732 1737 973 1793 Nisibeni
1001 1737 1198 1806 aliquid
1234 1735 1425 1789 litteris
1454 1732 1718 1796 traderet,
1754 1732 2205 1802 quemadmodum
2231 1733 2296 1786 de
2324 1731 2380 1787 S.
2410 1733 2660 1803 Ephrem,
2691 1737 2915 1805 ejusque
2947 1737 3096 1791 libris
3129 1737 3346 1808 Syriace
3383 1740 3596 1808 scriptis
3642 1741 3694 1793 in
3730 1742 3950 1795 laudato

733 1833 984 1904 Catalogo
1023 1833 1312 1886 illustrium
1340 1831 1570 1884 virorum
1605 1831 1930 1884 mentionem
1991 1829 2117 1884 fecit
2157 1830 2209 1883 in
2259 1830 2402 1885 hunc
2431 1833 2673 1886 modum.
2712 1850 2730 1881 ι
2773 1831 2952 1897 Multa,
3000 1833 3214 1902 inquit,
3260 1833 3394 1904 Syro
3435 1850 3686 1889 sermone
3711 1850 3936 1904 compo-

733 1929 859 1983 suit.
885 1947 904 1979 ι
939 1925 1122 1994 Neque
1149 1926 1292 1981 enim
1323 1941 1447 1980 cum
1475 1925 1614 1980 inter
1647 1923 1813 1995 Syros
1838 1925 2083 1995 degeret,
2111 1937 2270 1993 Opera
2304 1925 2362 1979 S.
2386 1924 2570 1980 Jacobi
2598 1926 2857 1988 Nisibeni,
2887 1929 2931 1981 si
2965 1929 3143 1998 lingua
3175 1927 3430 2000 Syrorum
3462 1931 3661 1999 scripta
3690 1929 3943 1993 fuissent,

730 2034 794 2073 ac
825 2018 1049 2088 proinde
1079 2017 1148 2068 ob
1177 2015 1414 2069 auctoris
1440 2014 1803 2070 celebritatem
1839 2013 2093 2068 omnibus
2120 2014 2278 2083 vulgo
2305 2026 2429 2069 nota
2451 2025 2661 2080 essent,
2685 2017 2932 2086 ignorare
2957 2033 3076 2072 eum
3107 2019 3346 2088 potuisse
3370 2062 3384 2083 ,
3417 2021 3710 2074 verisimile
3742 2029 3846 2075 est.
3878 2021 3946 2074 At

732 2126 862 2165 vero
896 2126 1001 2165 non
1026 2111 1199 2165 solum
1231 2108 1541 2178 llicronymi
1565 2117 1718 2162 aetate
1739 2151 1753 2173 ,
1779 2108 1870 2163 sed
1898 2111 2058 2164 etiam
2086 2119 2269 2179 postea
2304 2110 2564 2178 temporis
2595 2111 2735 2178 apud
2785 2109 2948 2182 Syros
2979 2122 3033 2166 et
3065 2112 3406 2182 Syriacarum
3443 2128 3620 2166 rerum
3651 2114 3944 2182 scriptores

731 2205 875 2259 nulla
903 2204 1105 2258 mentio
1129 2212 1212 2257 est
1234 2203 1300 2257 de
1329 2200 1386 2255 S.
1417 2200 1601 2256 Jacobi
1627 2200 1863 2257 Nisibeni
1893 2203 2166 2271 operibus,
2197 2203 2393 2272 quippe
2415 2219 2535 2272 quze
2564 2204 2630 2257 ab
2664 2205 2778 2272 ipso
2803 2219 2910 2258 non
2944 2203 3185 2275 Syriaca,
3219 2208 3310 2261 sed
3342 2209 3572 2260 Armeua
3597 2207 3806 2275 lingua,
3839 2224 3944 2277 qua

730 2301 981 2355 utebatur
1017 2300 1073 2353 S.
1107 2299 1402 2368 Gregorius
1426 2297 1790 2361 llluminator,
1815 2315 1844 2352 a
1873 2313 1984 2367 quo
2011 2308 2230 2367 rogatus
2253 2314 2316 2352 ea
2343 2298 2668 2368 composuit,
2698 2299 2899 2368 scripta
2933 2297 3170 2353 fuerunt.
3197 2299 3380 2369 Itaque
3406 2303 3485 2356 vel
3515 2301 3769 2356 mendum
3813 2303 3950 2356 irre-

732 2393 838 2461 psit
865 2392 919 2445 in
945 2400 1148 2445 textum
1186 2390 1450 2445 Gennadii
1473 2431 1488 2456 ,
1517 2399 1568 2444 et
1597 2405 1692 2459 pro
1717 2389 1852 2457 Syro
1881 2407 2112 2444 sermone
2154 2390 2438 2458 legendum
2472 2400 2554 2442 est
2586 2391 2810 2444 Armeno
2829 2430 2843 2453 ,
2869 2392 2951 2445 vel
2996 2393 3174 2460 potius
3201 2432 3215 2457 ,
3249 2403 3304 2445 ut
3354 2409 3506 2458 reor,
3536 2403 3589 2446 ct
3613 2392 3949 2461 probabilius

728 2486 888 2540 etiam
922 2483 1165 2546 videtur,
1198 2483 1460 2537 memoria
1487 2481 1670 2551 lapsus
1699 2491 1781 2535 est
1803 2480 2113 2535 Gennadius
2144 2480 2388 2533 scribens
2425 2480 2644 2550 Syriaca
2677 2481 2856 2549 lingua
2878 2523 2892 2545 ,
2923 2498 3027 2535 non
3069 2493 3246 2538 autem
3278 2485 3509 2536 Armena
3546 2499 3710 2551 opera
3759 2483 3816 2538 S.
3862 2483 3949 2539 Ja-

727 2578 848 2634 cobi
871 2578 1067 2645 scripta
1094 2576 1259 2630 fuisse
1280 2617 1296 2641 ,
1332 2585 1427 2630 aut
1455 2575 1824 2644 conjecturam
1860 2573 2062 2629 faciens
2081 2589 2144 2628 ex
2171 2574 2342 2643 patria
2376 2572 2594 2640 Jacobi,
2627 2591 2748 2645 qua!
2777 2576 3034 2646 Syrorum
3069 2579 3197 2633 urbs
3218 2589 3333 2632 erat
3357 2618 3370 2640 ,
3397 2594 3502 2648 qua
3539 2579 3720 2648 lingua
3749 2581 3948 2648 scripta

730 2666 960 2721 fuissent
989 2680 1152 2734 opera
1174 2706 1190 2731 ,
1218 2679 1450 2734 quorum
1476 2703 1492 2729 ,
1521 2673 1579 2718 ut
1609 2665 1898 2720 verisimile
1929 2674 2044 2728 est,
2076 2665 2131 2718 in
2154 2664 2477 2720 Massiliensi
2510 2667 2842 2720 monasterio
2880 2668 2958 2722 vel
2991 2670 3161 2722 solam
3214 2670 3516 2724 versionem
3552 2668 3801 2724 Latinam
3826 2712 3841 2734 ,
3871 2671 3948 2724 vel

731 2761 912 2830 aliqua
938 2770 1188 2830 excerpta
1209 2800 1223 2824 ,
1255 2760 1337 2815 vel
1364 2761 1664 2831 catalogum
1693 2775 1788 2816 seu
1822 2760 2114 2815 indiculum
2143 2760 2406 2814 duntaxat
2439 2760 2690 2815 habebat.
2723 2761 2902 2816 Locus
2936 2773 3114 2817 autem
3148 2762 3204 2817 S.
3235 2763 3421 2819 Jacobi
3447 2763 3686 2820 Nisibeni
3715 2809 3729 2830 ,
3757 2766 3851 2835 qui
3884 2766 3946 2819 ad

733 2867 880 2918 rem,
902 2852 1077 2921 quade
1105 2853 1314 2922 agitur,
1347 2851 1611 2921 pertinet,
1644 2851 1698 2904 in
1729 2865 1996 2917 sermone
2030 2849 2266 2904 secundo
2295 2849 2371 2902 De
2401 2848 2704 2917 dilectione,
2752 2851 2842 2905 ubi
2881 2851 3038 2906 verba
3078 2851 3206 2906 facit
3232 2854 3297 2906 de
3337 2865 3604 2921 postrema
3647 2852 3946 2910 Jerusalem

729 2950 1075 3004 eversioneet
1099 2949 1430 3017 captivitate,
1462 2948 1586 3002 talis
1606 2956 1689 3002 est
1719 2964 1732 3001 :
1768 2965 1786 2998 ι
1813 2944 1931 3000 Non
1958 2945 2242 3001 videantur
2269 2946 2362 3001 tibi
2394 2945 2646 3012 diﬂicilia,
2677 2947 3017 3012 cbarissime,
3054 2965 3174 3018 quae
3205 2951 3431 3020 scripsi,
3463 2951 3607 3020 quod
3635 2951 3688 3004 in
3720 2952 3948 3005 dimidio

731 3045 838 3100 diei
874 3061 985 3100 suae
1021 3045 1228 3098 dimisit
1254 3044 1393 3098 Deus
1439 3042 1770 3107 Jerusalem,
1799 3043 1927 3113 quia
1964 3042 2037 3098 ita
2074 3043 2261 3098 scribit
2290 3043 2452 3097 David
2494 3043 2547 3097 in
2582 3044 2792 3113 psalmo
2829 3047 3155 3114 octogesimo
3194 3061 3335 3100 nono
3385 3066 3397 3100 :
3462 3046 3608 3100 Mille
3655 3049 3783 3101 anni
3831 3059 3948 3103 ante

730 3135 908 3190 oculos
927 3136 1134 3189 Domini
1150 3145 1398 3206 tanquam
1413 3137 1522 3190 dies
1545 3136 1803 3202 hesterna,
1827 3153 1942 3207 qua:
1957 3137 2208 3206 praeteriit
2225 3135 2295 3202 ¹⁸;
2331 3151 2492 3206 quam
2527 3137 2846 3191 sententiam
2869 3139 3197 3206 esplicantes
3214 3140 3464 3195 doctores
3482 3143 3652 3195 nostri
3673 3144 3947 3211 sapientes

730 3230 940 3296 dicunt,
969 3228 1113 3300 quod
1146 3228 1201 3282 in
1232 3229 1582 3283 similitudine
1608 3237 1810 3297 septem
1836 3227 2045 3282 dierum
2075 3228 2287 3296 positus
2309 3236 2393 3280 est
2422 3225 2510 3281 hic
2542 3228 2772 3281 mundus
2800 3242 2830 3280 a
2858 3227 2986 3293 Deo,
3023 3236 3076 3282 et
3101 3227 3152 3280 in
3183 3231 3648 3284 consummatione
3673 3247 3766 3286 sex
3802 3233 3945 3286 mille

733 3341 1000 3382 annorum
1033 3325 1272 3380 solvetur
1297 3326 1533 3380 mundus
1564 3325 1670 3391 hic,
1702 3331 1756 3377 et
1780 3322 1884 3376 erit
1913 3320 2206 3376 Sabbatum
2237 3320 2330 3375 Dei
2367 3323 2419 3375 in
2448 3321 2854 3376 similitudinem
2882 3323 3092 3382 dierum
3123 3322 3339 3377 Sabbati
3362 3363 3376 3387 ,
3408 3324 3551 3392 quod
3580 3334 3664 3378 est
3699 3337 3822 3392 post
3857 3343 3946 3380 sex

733 3423 869 3474 dies.
896 3438 914 3470 ι
947 3417 1060 3471 Ιιηο
1084 3433 1210 3472 vero
1235 3417 1544 3486 hnjusmodi
1572 3415 1854 3485 persuasio
1888 3414 1954 3468 de
1981 3414 2266 3468 duratione
2296 3415 2480 3467 mundi
2521 3424 2574 3467 et
2610 3412 2972 3478 Sabbatisrro,
3009 3415 3240 3469 laudatis
3287 3431 3447 3484 supra
3491 3430 3521 3468 a
3568 3431 3654 3469 me
3696 3415 3946 3474 l’atribus

734 3518 1006 3586 antiquior
1032 3527 1150 3584 est,
1177 3529 1404 3584 eamque
1429 3529 1494 3568 ex
1525 3513 1689 3566 veteri
1720 3509 2063 3565 Hebraeorum
2095 3509 2384 3564 traditione
2425 3509 2688 3578 originem
2721 3508 3019 3577 sumpsisse
3067 3509 3406 3563 crediderim.
3461 3509 3736 3578 Siquidem
3774 3525 3838 3564 ex
3881 3511 3944 3566 iis

733 3624 854 3678 quas
884 3624 1002 3677 cap.
1031 3625 1136 3662 xxv
1170 3606 1394 3660 Levitici
1427 3605 1810 3674 przecipiuotur
1836 3603 1901 3657 de
1925 3601 2312 3657 sabbatizando
2336 3599 2592 3665 Sabbalo,
2629 3600 2889 3666 colligunt
2917 3610 3122 3656 veteres
3152 3601 3358 3654 rabbini
3389 3601 3647 3654 mundum
3679 3599 3944 3656 duntaxat

734 3717 828 3770 per
861 3717 952 3756 sex
981 3701 1146 3755 millia
1176 3715 1442 3754 annorum
1471 3699 1812 3762 duraturum,
1834 3705 1887 3750 et
1908 3694 2054 3764 quod
2087 3695 2348 3762 septimus
2378 3695 2710 3747 tuillenarius
2742 3692 2956 3748 futurus
2977 3694 3046 3748 sit
3083 3693 3377 3748 Sabbatutn
3409 3692 3644 3746 Domini.
3674 3691 3820 3746 Mille
3851 3706 3944 3747 au'

733 3805 839 3850 tem
866 3811 1038 3852 annos
1062 3804 1350 3850 numerant
1382 3809 1478 3863 pro
1511 3807 1620 3847 uno
1649 3792 1756 3854 die,
1785 3791 1910 3859 quia
1941 3791 1994 3842 itt
2025 3789 2230 3857 psalmo
2251 3788 2456 3842 dictum
2486 3797 2569 3842 est
2613 3807 2625 3841 :
2662 3788 2809 3842 Mille
2835 3790 2960 3840 anni
3003 3797 3120 3840 ante
3157 3788 3332 3841 oculos
3370 3798 3506 3852 tuos,
3549 3797 3800 3856 tanquam
3837 3790 3942 3841 dies

737 3890 998 3955 hesterna,
1053 3905 1168 3958 quae
1223 3889 1502 3957 prwteriit.
1533 3886 1599 3940 Et
1626 3886 1842 3956 quidem
1873 3886 1926 3938 in
1959 3883 2260 3938 Sanhedrin
2286 3884 2356 3937 ita
2392 3884 2650 3952 scriptum
2677 3885 2936 3938 habetur:
2982 3903 2999 3934 t
3030 3883 3133 3938 Sex
3164 3885 3398 3939 millibus
3427 3899 3694 3937 annorum
3728 3883 3944 3937 durabit

739 3983 1008 4050 mundus,
1034 3993 1088 4038 et
1118 3998 1226 4038 uno
1255 3983 1557 4037 millenario
1579 3981 1848 4036 desolatus
1889 3981 2010 4035 erit.
2044 3979 2259 4034 Duobus
2292 3979 2527 4034 millibus
2569 3981 2782 4034 durabit
2816 3981 3113 4035 devastatto
3162 3981 3281 4050 ejus
3317 3980 3386 4050 (id
3417 3989 3501 4034 est
3531 3979 3736 4034 inculta
3777 3979 3944 4033 homi-

738 4096 867 4135 num
892 4081 1044 4150 vita),
1074 4088 1127 4136 et
1157 4080 1368 4134 duobus
1391 4078 1628 4133 millibus
1661 4076 1766 4138 lex,
1802 4084 1960 4144 atque
1987 4074 2198 4127 duobus
2231 4073 2466 4127 millibus
2493 4073 2609 4127 dies
2643 4072 2868 4128 Messian.
2895 4093 2913 4124 ›
2947 4071 3096 4126 Unde
3111 4074 3219 4126 duo
3243 4072 3568 4134 inferuntur,
3607 4084 3664 4128 ut
3691 4074 3742 4127 id
3772 4074 3944 4128 obiter

737 4190 984 4229 moneam
1005 4215 1020 4238 ,
1051 4184 1238 4228 contra
1261 4174 1405 4243 ipsos
1438 4171 1719 4226 Hebraeos:
1751 4185 1942 4238 nempe
1966 4170 2077 4237 jam
2107 4167 2309 4237 pridem
2344 4167 2596 4222 Messium
2624 4170 2837 4223 venisse
2860 4208 2874 4230 ,
2909 4179 2960 4223 et
2982 4169 3149 4238 legem
3183 4168 3467 4223 Mosaicam
3490 4169 3808 4222 duraturam
3839 4184 3941 4223 non

740 4268 937 4330 fuisse,
967 4266 1068 4322 nisi
1096 4281 1267 4336 usque
1296 4266 1371 4320 ad
1393 4265 1678 4320 adventum
1711 4264 1879 4333 ipsius
1909 4261 2136 4316 Messina.
2176 4257 2282 4314 Sed
2309 4260 2512 4315 relictis
2545 4261 2834 4316 rabbinicis
2879 4261 3261 4317 traditionibus
3305 4263 3532 4316 reditum
3573 4259 3841 4316 faciamus
3877 4261 3941 4315 ad

736 4357 1108 4413 Athanasium.

808 4448 1019 4504 XXXV.
1052 4449 1251 4503 Praeter
1281 4449 1541 4502 hactenus
1574 4461 1604 4501 a
1635 4461 1720 4501 me
1742 4446 1902 4500 allata
1921 4484 1936 4508 ,
1970 4445 2378 4516 archiepiscopo
2401 4444 2766 4499 Alexandrino
2797 4443 3184 4514 Expositionem
3207 4443 3543 4498 Psalmorum
3566 4486 3579 4507 ,
3607 4461 3772 4514 quam
3801 4461 3941 4502 nunc

738 4541 970 4610 primum
1002 4540 1055 4593 in
1082 4539 1356 4608 publicum
1385 4537 1598 4591 edimus
1617 4576 1631 4599 ,
1662 4536 1767 4590 alia
1792 4551 2008 4606 quoque
2034 4549 2141 4588 non
2174 4537 2324 4603 parvi
2355 4537 2612 4590 momenti
2645 4535 2939 4590 vindicant.
2964 4541 3038 4592 Ac
3065 4539 3298 4606 primum
3319 4545 3637 4592 vetustatem
3664 4539 3942 4608 scriptoris

738 4635 1149 4698 commentarii,
1171 4633 1398 4702 ejusque
1425 4630 1599 4684 natale
1625 4629 1797 4684 solum
1821 4669 1835 4692 ,
1867 4629 1951 4684 vel
1982 4627 2316 4682 domicilium
2351 4627 2688 4681 Alexandria:
2719 4628 2916 4688 fuisse.
2943 4639 3035 4683 aut
3073 4640 3220 4685 certe
3258 4645 3361 4685 non
3389 4630 3574 4699 procul
3612 4631 3681 4684 ab
3711 4648 3775 4686 ea
3813 4634 3940 4687 urbe

739 4727 1044 4791 manifesto,
1076 4735 1136 4781 ut
1167 4725 1295 4779 tnihi
1327 4724 1558 4784 videtur,
1593 4721 1854 4784 indicant,
1886 4735 2006 4789 qua:
2030 4721 2082 4773 in
2113 4719 2447 4790 expositione
2473 4721 2538 4774 ad
2563 4721 2827 4788 psalmum
2850 4739 2988 4777 cxxv
3021 4721 3296 4792 leguntur:
3340 4726 3410 4779 ibi
3438 4726 3583 4778 enim
3615 4726 3855 4797 loquitur
3877 4731 3939 4785 de

736 4821 1139 4883 Rhinocurura,
1171 4835 1265 4874 seu
1293 4817 1658 4874 Rhinocolura
1688 4815 1799 4884 (87)
1837 4825 2090 4882 tanquam
2124 4815 2190 4868 de
2224 4814 2355 4868 urbe
2383 4830 2503 4884 quae
2536 4816 2753 4885 propius
2779 4816 2964 4871 aberat
2985 4834 3014 4872 e
3039 4818 3158 4873 loco
3185 4819 3324 4873 unde
3349 4819 3462 4887 ipse
3495 4820 3785 4875 scribebat.
3817 4821 3938 4876 Erat

739 4923 916 4970 autem
947 4913 1312 4968 Rhinocolura
1349 4911 1477 4966 urbs
1509 4910 1563 4963 in
1594 4909 1790 4963 linibus
1821 4905 2035 4978 Egypti
2066 4907 2240 4975 posita
2265 4947 2278 4971 ,
2315 4908 2419 4961 hoc
2443 4908 2660 4962 nomine
2692 4921 3029 4980 nuncupata,
3065 4923 3123 4966 ut
3153 4913 3325 4982 inquit
3359 4912 3582 4967 Strabo:
3619 4932 3637 4964 ι
3659 4915 3727 4968 ab
3757 4915 3823 4969 iis
3845 4914 3935 4984 qui

739 5018 897 5060 nares
925 5001 1155 5057 truncati
1186 5013 1252 5054 eo
1281 4999 1429 5056 fuere
1462 4999 1738 5053 translati:
1773 5012 1897 5052 nam
1931 4995 2243 5064 Ethiopum
2275 4997 2492 5066 quidam
2521 4997 2811 5069 Egyptum
2843 5002 3100 5057 invadens
3129 5018 3232 5057 non
3264 5019 3409 5069 nece,
3442 5007 3537 5060 sed
3569 5006 3688 5060 nasi
3718 5009 3934 5063 mutila-

812 5191 853 5221 “
878 5189 1017 5244 Psal.
1037 5204 1258 5254 Lxxxtx,
1290 5188 1339 5241 4.

805 5345 918 5416 (86)
951 5346 1182 5400 Marcell.
1214 5347 1266 5400 in
1293 5346 1548 5400 Chronico

809 5414 919 5488 (87)
955 5417 1344 5486 Ῥινοκόλουρα,
1371 5417 1730 5488 Rhinocolura
1753 5417 1948 5488 dicitur
1973 5431 2001 5469 a
2033 5414 2292 5471 Strabone
2331 5419 2381 5472 in
2410 5417 2698 5485 Ceograph.
2749 5417 2855 5488 lib.
2877 5433 2988 5488 xvi,
3053 5425 3110 5488 et
3141 5416 3372 5488 alibi,_ct
3404 5434 3430 5470 a
3466 5416 3766 5488 Pliniolib.
3803 5435 3854 5485 v,
3876 5433 3909 5488 7c.

739 5485 828 5550 13,
864 5485 908 5541 av
952 5485 1267 5542 l'tolotttteo’
1301 5488 1351 5539 itt
1383 5489 1670 5557 Geograplt.
1719 5487 2144 5557 Ῥινοκούρουρα.
2179 5488 2383 5541 Βιιίιιορ

2288 5505 2550 5541 nocurura
2593 5500 2768 5539 autern
2815 5487 2881 5539 ab
2915 5487 3151 5557 Eusebio
3190 5494 3243 5538 et
3293 5485 3624 5557 Hieronymo
3648 5487 3700 5540 in
3737 5489 3830 5544 lib.
3861 5487 3924 5540 οι

738 5562 844 5612 situ
869 5570 915 5610 et
941 5560 1146 5610 nomine
1181 5558 1410 5610 locorum
1450 5556 1714 5616 lfebraic..
1775 5569 1826 5609 et
1883 5556 2182 5611 abeodcm
2248 5558 2460 5612 llicrott.
2527 5559 2578 5610 in
2619 5573 2735 5624 cap.
2789 5573 2852 5609 xx
2901 5556 3112 5617 Haecin,
3153 5571 3262 5608 ttttn
3287 5571 3502 5625 quoque
3539 5573 3567 5610 λ
3607 5556 3918 5613 Sozomeno.

740 5629 834 5682 lib.
864 5644 913 5679 Vl
965 5627 1255 5680 Ilist.eccl.
1297 5645 1412 5696 tap.
1441 5628 1852 5696 2|,qniietiam
1901 5627 2062 5680 refert
2109 5629 2287 5696 plures
2326 5630 2395 5681 ibi
2452 5636 2692 5687 ascetas,
2738 5642 2829 5680 Seu
2877 5629 3186 5679 monasticae
3244 5627 3596 5694 professionis
3638 5628 3785 5681 viros
3832 5629 3912 5682 llo-

739 5699 914 5753 ruisse
971 5708 1026 5753 et
1091 5699 1290 5752 clerum
1355 5695 1603 5750 Ecclesia:
1659 5695 2142 5752 thinocerurensis
2170 5713 2506 5752 communem
2537 5699 2752 5750 domum
2783 5707 2835 5750 et
2865 5712 3126 5752 mensam.
3155 5703 3206 5748 et
3240 5697 3442 5764 reliqua
3475 5696 3657 5748 omnia
3688 5713 3896 5750 commu

737 5769 831 5822 nia
872 5768 1143 5823 habuisse.
1188 5767 1430 5821 Torrcnti
1484 5778 1681 5831 autem,
1719 5769 1808 5836 qui
1856 5766 2279 5823 Rhinoculuram
2321 5769 2570 5832 alluebat,
2634 5781 2826 5821 nomen
2856 5765 3022 5821 fuisse
3047 5765 3254 5820 videtur
3304 5765 3520 5820 Torrens
3545 5766 3783 5837 εἰρεσία
3809 5767 3923 5829 Reg.

739 5854 864 5904 xxx,
901 5839 1003 5909 l0),
1033 5839 1144 5894 sive
1167 5838 1386 5893 Torrens
1411 5839 1620 5892 deserti.
1651 5838 1827 5906 (Amos
1849 5853 1922 5904 vr,
1951 5837 2063 5906 li.)
