4164 6492
233 461 327 514 6M
897 459 980 511 DE
1020 453 1292 509 TITULIS
1335 450 1773 506 PSAIMORUM.
1815 483 1882 490 —
1919 449 2306 506 ANTONELLI
2349 452 2735 508 PREFATIO.
3332 453 3435 508 6‘2

235 576 378 630 tione
403 573 664 628 maleticia
699 586 951 626 coercens
978 584 1073 624 eos
1108 568 1176 621 ibi
1210 568 1523 626 collocavit,
1560 575 1616 620 ut
1659 576 1872 634 propter
1906 565 2017 619 oris
2060 565 2452 621 deformitatem
2489 569 2663 624 redire
2717 570 2935 622 domum
2967 583 3074 623 non
3109 571 3385 624 auderent.
3418 591 3436 623 ι

234 671 532 726 Saracenos
559 678 737 722 autem
763 666 923 736 (quos
944 664 1148 718 Arabas
1174 662 1409 716 scenitas
1443 659 1634 723 fuisse,
1663 660 1743 713 vel
1772 675 1836 714 ex
1869 661 1968 714 hoc
1984 663 2354 716 commentarii
2385 664 2500 718 loco
2527 664 2740 733 probari
2767 665 2964 734 potest)
2995 666 3046 718 in
3069 665 3436 720 tabernaculis

230 777 323 817 seu
355 760 619 824 tentoriis,
644 759 722 814 vel
747 757 848 812 sub
877 755 1104 826 pellibus
1126 754 1302 807 adhuc
1329 753 1649 816 habitantes,
1672 759 1725 805 et
1753 751 1989 807 nondum
2017 753 2240 808 urbibus
2275 754 2490 822 potitos,
2515 754 2607 809 sed
2627 755 2895 809 latronum
2922 755 3092 808 instar
3120 755 3172 809 in
3195 757 3440 825 proxima

227 853 440 924 Egypti
467 853 582 907 loca
614 861 667 907 et
695 851 854 906 urbes
886 858 1069 905 suetos
1089 861 1405 910 excurrere,
1441 844 1755 915 praedasque
1783 843 1907 900 inde
1935 854 2211 914 avertere,
2247 861 2356 901 non
2388 847 2679 904 dissimiles
2722 863 2910 902 eorum
2940 847 3007 902 de
3051 846 3249 918 quibus
3286 855 3440 917 poeta

230 958 456 1003 cecinit:

460 1081 473 1094 .
552 1080 566 1094 .
645 1080 659 1094 .
738 1081 752 1096 .
830 1079 843 1092 .
921 1079 936 1093 .
1013 1075 1029 1089 .
1103 1051 1399 1104 semperque
1430 1044 1653 1087 recentes

435 1132 742 1188 Conrcctare
759 1135 906 1203 juvat
927 1130 1132 1198 pra'das
1161 1143 1204 1182 et
1235 1131 1397 1180 vivere
1427 1139 1575 1195 rapto
1607 1127 1716 1198 (88)
1741 1145 1754 1180 :

231 1223 383 1280 Tales
406 1241 500 1280 eos
529 1227 678 1281 nobis
706 1226 922 1278 exhibet
945 1233 1132 1277 auctor
1165 1221 1573 1284 commentarii,
1608 1221 1794 1289 quales
1842 1229 1996 1275 aetate
2024 1237 2118 1275 sua
2152 1221 2318 1277 fuisse
2343 1232 2692 1292 reprasentat
2727 1222 3049 1278 Ammianus
3093 1221 3436 1276 Marcellinus

227 1315 359 1405 (89).
385 1317 476 1384 qui
500 1333 512 1367 :
544 1335 562 1366 ι
589 1313 840 1368 Saraceni
865 1324 1040 1367 tamen
1065 1327 1161 1366 nec
1180 1311 1361 1376 amici,
1398 1312 1491 1374 ait,
1534 1311 1689 1365 nobis
1714 1327 1972 1380 unquam,
2001 1328 2097 1367 nec
2122 1314 2300 1368 hostes
2320 1315 2563 1383 Optandi,
2609 1316 2750 1369 ultro
2773 1315 3013 1384 citroque
3047 1316 3432 1378 discursantes,

225 1403 486 1476 quidquid
519 1409 757 1460 invenire
791 1414 1058 1474 poterant,
1097 1413 1371 1457 momento
1399 1403 1656 1471 temporis
1689 1403 1835 1470 parvi
1871 1404 2174 1469 vastabant,
2205 1405 2506 1459 milviorum
2536 1407 2809 1475 rapacium
2841 1406 3063 1471 similes,
3101 1407 3191 1475 qui
3224 1405 3268 1459 si
3299 1420 3436 1474 prae-

221 1505 344 1557 dam
368 1504 708 1573 d-spexerint
736 1503 955 1562 celsius,
983 1501 1162 1554 volatu
1194 1503 1410 1568 rapiunt
1435 1497 1620 1563 celeri,
1649 1507 1740 1552 aut
1776 1499 1878 1551 nisi
1910 1499 2334 1568 impetraverint,
2364 1515 2469 1554 non
2501 1501 2876 1555 immorantur.
2905 1521 2923 1552 ι
2952 1500 3228 1569 QuiSpiam
3253 1509 3434 1554 autem

222 1595 612 1650 Saracenorum
641 1609 835 1647 nomen
871 1593 1098 1646 audiens
1119 1631 1133 1655 ,
1172 1591 1338 1644 nolim
1367 1605 1489 1643 eum
1526 1589 1578 1642 in
1608 1589 1968 1657 suspicionem
2007 1589 2237 1652 adduci,
2270 1599 2330 1644 ut
2356 1591 2662 1655 existimet,
2700 1591 3144 1645 commentarium
3177 1592 3432 1660 scriptum

221 1692 388 1747 fuisse
416 1691 697 1760 posteriori
723 1699 983 1759 tempore,
1011 1703 1118 1757 quo
1151 1685 1547 1740 Saracenorum
1583 1699 1776 1738 nomen
1802 1701 1924 1738 cum
1948 1701 2134 1738 eorum
2169 1685 2394 1754 imperio
2417 1687 2519 1740 late
2541 1696 2885 1756 propagatum
2916 1697 3019 1751 est,
3051 1689 3192 1758 quod
3227 1688 3433 1759 utique.

218 1789 476 1852 rogitante
499 1779 742 1834 Heraclio
780 1779 1135 1848 imperatore,
1165 1785 1219 1829 et
1242 1783 1361 1844 post
1384 1773 1502 1841 ejus
1525 1773 1730 1827 obitum
1770 1774 2014 1828 volvente
2051 1775 2248 1828 six-culo
2278 1776 2508 1840 septimo
2547 1779 2790 1848 contigit.
2830 1778 3104 1848 Siquidem
3139 1780 3436 1835 Saraceno-

217 1891 338 1936 rum
375 1874 572 1928 mentio
604 1872 838 1926 occurrit
857 1880 911 1924 et
936 1867 1073 1938 apud
1101 1867 1440 1920 Aminianum
1471 1865 1836 1919 Marcellinum
1858 1907 1872 1929 ,
1913 1881 2072 1934 quem
2108 1881 2269 1935 supra
2303 1867 2510 1920 laudavi
2537 1907 2551 1929 .
2583 1878 2635 1923 et
2663 1870 2804 1938 apud
2841 1870 3042 1924 ASIium
3075 1869 3424 1941 Spartianum

216 1969 270 2020 in
299 1967 582 2020 Pescennio
608 1965 774 2036 Nigro
795 2004 810 2028 ,
850 1973 904 2018 et
935 1961 1076 2032 apud
1102 1960 1346 2014 Flavium
1385 1958 1674 2028 Vopiscum
1709 1957 1761 2012 in
1792 1959 2074 2012 Aureliano
2098 1998 2113 2024 ,
2141 1967 2195 2011 et
2224 1960 2362 2028 apud
2395 1959 2716 2031 Pri-coliium
2742 1962 2817 2016 De
2861 1963 2992 2016 bello
3023 1961 3237 2017 Persico
3275 1963 3387 2035 (90)
3415 1980 3429 2018 :

217 2060 613 2118 Saracenorum
652 2062 1010 2115 meminerunt
1045 2058 1205 2112 etiam
1227 2055 1478 2110 Julianus
1507 2055 1560 2109 in
1587 2054 1813 2124 epistola
1839 2055 1904 2109 ad
1931 2053 1986 2108 S.
2020 2053 2299 2121 Basiliam,
2324 2054 2382 2110 S.
2412 2055 2747 2126 Augustinus
2777 2059 3077 2127 quastione
3103 2058 3354 2113 vicesima
3380 2060 3435 2112 in

216 2153 501 2218 Numeros,
539 2154 785 2209 Socrates
808 2152 918 2222 (91)
945 2158 998 2204 et
1021 2151 1356 2204 Sozomenus
1385 2147 1497 2218 (92)
1531 2147 1584 2201 in
1618 2146 1858 2200 Historia
1887 2146 2242 2200 ecclesiastica
2262 2189 2277 2213 ,
2307 2146 2508 2217 aliique
2538 2149 2859 2218 scriptores,
2885 2149 3020 2203 adeo
3049 2160 3107 2204 ut
3139 2149 3283 2203 nulla
3311 2149 3434 2204 inde

213 2246 344 2299 oriri
380 2248 550 2314 possit
575 2243 862 2298 dubitatio.

282 2332 522 2388 XXXVI.
562 2333 656 2389 His
682 2344 860 2388 autem
889 2331 954 2386 ad
980 2331 1429 2386 commentarium
1465 2337 1708 2384 nostrum
1736 2343 1932 2399 magno
1965 2330 2265 2384 Athanasio
2289 2332 2640 2386 asserendum
2671 2331 2938 2388 addantur
2967 2333 3059 2388 illa
3085 2348 3206 2404 qua
3235 2333 3434 2405 scripta

211 2431 462 2502 leguntur
487 2429 539 2483 in
565 2429 898 2499 expositione
923 2428 1113 2497 psalmi
1139 2441 1378 2492 cxxxiii,
1405 2426 1494 2480 ubi
1525 2434 1716 2480 auctor
1761 2435 1915 2480 notos
1945 2440 2074 2480 suos
2105 2441 2169 2480 ac
2198 2425 2484 2496 populares
2528 2427 2810 2497 alloquens
2860 2447 2872 2483 :
2927 2448 2944 2479 ι
2969 2427 3084 2483 Νοη
3133 2429 3393 2500 ignoratis
3414 2470 3431 2497 ,

210 2526 410 2596 inquit,
448 2523 649 2587 dilecti,
676 2523 818 2591 quod
845 2537 968 2575 eum
1018 2536 1124 2575 nox
1151 2522 1217 2576 ad
1245 2537 1519 2576 summum
1548 2521 1748 2585 deﬁcit,
1777 2521 1892 2575 dies
1915 2531 1998 2575 est
2017 2521 2323 2590 quindecim
2353 2522 2627 2576 horarum.
2651 2541 2669 2574 ι
2699 2523 2885 2578 Nonne
2911 2523 3023 2578 haec
3044 2525 3198 2594 quasi
3229 2528 3438 2580 intento

209 2615 379 2685 digito
409 2624 590 2684 aperte
641 2613 1019 2667 demonstrant
1059 2613 1376 2682 scriptorem
1399 2610 1754 2680 expositionis
1779 2624 1900 2664 esse
1930 2610 2010 2662 vel
2038 2611 2210 2664 civem
2246 2611 2327 2664 vel
2362 2612 2592 2666 incolam
2623 2612 3087 2680 Alexandrinum?
3126 2611 3261 2668 Nam
3309 2614 3434 2669 Ale-

210 2709 453 2763 xandria
476 2707 688 2778 Egypti
722 2707 949 2759 latitudo
981 2713 1064 2759 est
1087 2705 1352 2774 graduum
1390 2704 1487 2769 3|,
1515 2701 1848 2756 minutorum
1882 2701 2181 2771 primorum
2217 2701 2272 2754 Η
2330 2701 2442 2771 (93)
2467 2743 2482 2766 ,
2523 2703 2886 2760 secundorum
2913 2707 3016 2772 20;
3056 2709 3108 2762 in
3152 2725 3214 2763 ea
3254 2716 3433 2763 autem

210 2797 493 2856 latitudine
514 2803 628 2856 dies
656 2799 1002 2870 longissimus
1029 2839 1043 2863 ,
1069 2799 1397 2868 computatis
1426 2797 1576 2852 horis
1601 2811 1631 2850 a
1667 2797 1797 2852 solis
1820 2805 1941 2850 ortu
1983 2795 2047 2848 ad
2071 2795 2311 2864 ejusdem
2343 2811 2594 2850 occasum
2617 2835 2632 2860 ,
2659 2807 2743 2852 est
2765 2800 3020 2856 horarum
3055 2803 3120 2855 M
3146 2843 3160 2866 ,
3192 2804 3431 2857 minuto-

209 2910 327 2949 rum
358 2893 420 2956 4,
463 2892 664 2962 quibus
696 2890 741 2944 si
767 2890 899 2947 hora
935 2903 1040 2941 una
1073 2888 1302 2942 addatur
1331 2896 1546 2957 propter
1581 2885 1931 2954 crepuscula,
1957 2885 2242 2939 habebitur
2275 2885 2392 2940 dies
2425 2886 2773 2957 longissimus
2800 2890 3054 2946 horarum
3092 2892 3186 2957 15,
3217 2895 3430 2963 qualem

210 2988 366 3044 nobis
392 2985 645 3054 exprimit
677 2997 739 3036 ac
776 2982 1023 3050 designat
1045 2991 1237 3035 auctor
1261 2978 1636 3050 expositionis.

280 3076 542 3133 XXXVII.
569 3076 830 3130 Praeterea
855 3074 1021 3128 multa
1049 3073 1150 3128 alia
1173 3081 1487 3134 occurrunt,
1516 3071 1713 3140 quibus
1735 3078 1992 3138 tanquam
2025 3069 2167 3124 notis
2185 3077 2240 3124 et
2271 3069 2511 3139 vestigiis
2530 3071 2860 3129 Athanasius
2891 3077 3072 3146 operis
3096 3089 3286 3134 auctor
3313 3094 3434 3136 esse

206 3169 647 3241 deprehenditur.
681 3166 746 3221 Et
775 3167 988 3236 quidem
1027 3166 1118 3220 ubi
1143 3165 1360 3221 occasio
1386 3181 1506 3221 sese
1537 3163 1691 3218 oﬂ‘ert
1726 3172 1782 3217 ut
1810 3161 2012 3216 Christi
2053 3161 2388 3216 divinitatem
2429 3165 2773 3232 comprobet,
2809 3169 3162 3239 ostendatque
3199 3169 3434 3228 Verbum

207 3267 276 3320 ab
296 3275 500 3320 sterno
521 3263 708 3325 fuisse,
734 3269 786 3315 et
809 3259 952 3314 Patri
980 3260 1459 3323 consubstantiale,
1483 3269 1728 3312 astruere
1751 3273 1857 3310 non
1881 3256 2259 3326 praetermittit,
2282 3265 2336 3310 et
2362 3256 2580 3312 disertis
2608 3259 2785 3314 verbis
2807 3272 3120 3318 constanter
3146 3279 3430 3332 asserere;

208 3361 350 3416 unde
382 3360 524 3414 haud
548 3360 775 3414 obscnre
805 3360 1046 3413 innuitur
1074 3372 1139 3412 eo
1171 3367 1413 3428 tempore
1435 3357 1548 3412 haec
1575 3357 1775 3426 scripta
1805 3355 1992 3420 fuisse,
2015 3373 2125 3427 quo
2150 3357 2459 3428 hujusmodi
2490 3359 2870 3416 controversia
2895 3359 3260 3429 agitabantur.
3291 3358 3432 3427 Quin

206 3456 367 3508 etiam
397 3453 643 3507 assiduas
673 3453 879 3507 auctori
914 3451 1082 3506 fuisse
1108 3467 1230 3507 cum
1263 3450 1529 3506 luereticis
1562 3465 1770 3520 pugnas
1793 3491 1808 3514 ,
1839 3460 1892 3503 et
1921 3450 2236 3518 quotidiana
2265 3453 2592 3518 certamina,
2627 3453 2810 3522 qualia
2832 3468 2954 3508 cum
2998 3454 3215 3508 Arianis
3245 3454 3434 3509 habuit

207 3547 536 3602 Athanasius
555 3587 570 3611 ,
602 3556 782 3616 aperte
805 3562 905 3602 nos
929 3547 1124 3601 docent
1152 3561 1272 3615 qure
1304 3547 1554 3614 leguntur
1579 3545 1631 3597 in
1657 3543 1996 3612 expositione
2024 3545 2214 3612 psalmi
2241 3562 2405 3601 cxvnt
2428 3586 2442 3608 ,
2471 3555 2524 3600 et
2557 3547 2681 3601 alibi
2720 3547 2938 3616 saepius.
2963 3545 3103 3612 Quid
3141 3561 3266 3600 vero
3302 3545 3389 3599 illa
3412 3584 3430 3612 ,

203 3655 322 3710 qua‘
348 3647 566 3693 exstant
592 3641 644 3692 in
671 3637 1057 3691 commentario
1081 3636 1270 3704 psalmi
1308 3652 1418 3700 xxi,
1444 3636 1533 3689 ubi
1564 3636 1628 3688 ad
1653 3650 1714 3688 ea
1763 3636 1925 3688 verba
1949 3637 2010 3688 ηε
2051 3635 2126 3688 Tu
2157 3647 2353 3699 autem,
2387 3636 2628 3699 Domine,
2695 3655 2753 3692 ne
2805 3637 3126 3708 elongaveris
3169 3635 3431 3688 auxilium

206 3744 352 3786 tuum
394 3749 428 3784 a
459 3747 537 3784 me
567 3745 586 3783 :
616 3731 684 3783 ad
736 3729 1085 3798 defensionem
1129 3743 1295 3780 meum
1325 3726 1582 3794 conspice,
1639 3725 1741 3778 alia
1791 3725 2146 3794 explicatione
2186 3728 2500 3780 eorumdem
2537 3725 2826 3779 verborum
2861 3728 3094 3794 primum
3123 3724 3428 3794 proposita,

203 3827 402 3881 deinde
431 3825 542 3878 hac
571 3824 789 3892 insuper
815 3821 1154 3893 adjungitur:
1190 3838 1209 3871 ι
1234 3818 1466 3873 Possunt
1489 3819 1651 3871 etiam
1681 3818 1792 3872 haec
1819 3817 1923 3872 dici
1952 3832 2018 3870 ex
2046 3832 2274 3886 persona
2298 3817 2470 3887 ipsius
2510 3816 2760 3879 Domini,
2796 3816 2888 3886 qui
2937 3805 3240 3885 exemplum
3274 3816 3432 3872 nobis

203 3922 434 3992 praebuit
479 3920 658 3974 utendi
687 3919 768 3972 his
793 3917 970 3974 verbis
998 3925 1236 3985 tempore
1270 3913 1548 3984 martyrii?
1572 3933 1588 3964 ι
1622 3910 1761 3978 Quid
1793 3927 1922 3967 vero
1957 3912 2045 3966 illa
2073 3912 2200 3977 alia,
2232 3928 2353 3982 qua:
2378 3913 2444 3967 ad
2468 3911 2798 3967 versiculum
2826 3910 3020 3981 psalmi
3052 3910 3388 3979 sequentis“
3413 3928 3427 3964 :

209 4015 367 4080 Nam,
407 4017 506 4070 etsi
553 4014 886 4068 ambulavero
922 4013 975 4065 in
1006 4012 1173 4065 medio
1203 4009 1402 4063 umbra
1429 4009 1634 4070 mortis,
1686 4007 1978 4060 nontimebo
2039 4007 2204 4069 mala,
2238 4008 2484 4075 quoniam
2535 4016 2590 4058 tu
2627 4022 2829 4060 mecum
2860 4021 2933 4066 es,
2964 4003 3328 4074 subjiciuntur
3374 4003 3428 4057 in

203 4113 346 4169 hunc
375 4111 600 4165 modum
624 4127 637 4163 :
677 4126 692 4159 ι
716 4108 850 4162 Cum
872 4123 972 4178 ego
1001 4114 1267 4161 tormenta
1293 4119 1391 4174 pro
1419 4112 1469 4158 te
1497 4104 1831 4163 sustinuero,
1861 4102 2045 4157 nullus
2068 4117 2154 4156 me
2177 4102 2455 4168 cruciatus
2483 4101 2728 4164 terrebit,
2764 4099 3021 4168 quoniam
3044 4107 3098 4153 tu
3127 4100 3271 4154 vires
3297 4098 3426 4153 mihi

204 4210 446 4279 praebes,
475 4215 533 4260 ut
567 4206 686 4260 illos
725 4201 1026 4274 perferam?
1055 4200 1246 4256 Nonne
1284 4198 1571 4254 manifesto
1608 4198 1851 4252 indicant
1905 4206 2181 4254 auctorem
2228 4191 2308 4251 vel
2373 4197 2558 4253 eodem
2610 4205 2882 4266 tempore,
2928 4209 3038 4265 quo
3075 4203 3428 4265 tyrannorum

203 4305 511 4377 persecutio
539 4303 716 4358 adhuc
741 4302 794 4355 in
823 4299 1162 4355 Christianos
1187 4297 1460 4361 saeviebat,
1495 4295 1578 4350 vel
1601 4310 1705 4348 non
1738 4293 1895 4364 longe
1928 4293 1996 4348 ab
2019 4307 2085 4348 eo
2115 4291 2323 4348 fuisse?

270 4397 564 4456 XXXVI".
599 4400 666 4450 At
696 4399 837 4451 enim
867 4393 1095 4465 agedum
1119 4435 1133 4458 ,
1166 4407 1286 4462 qua:
1311 4391 1364 4444 in
1395 4401 1582 4446 nostro
1613 4389 2007 4445 commentario
2037 4388 2237 4457 scripta
2265 4395 2394 4442 sunt
2423 4401 2544 4441 cum
2571 4385 2638 4440 iis
2661 4400 2782 4456 qua:
2813 4383 2866 4438 in
2895 4382 3016 4438 aliis
3064 4381 3248 4450 libris,
3291 4395 3428 4452 quos

204 4514 360 4554 nemo
382 4495 598 4552 dubitat
632 4494 810 4563 magni
838 4489 1121 4544 Athanasii
1149 4502 1290 4552 esse,
1339 4485 1708 4550 conferamus,
1741 4494 1799 4540 ut
1823 4499 1888 4540 ex
1915 4483 2226 4554 hujusmodi
2250 4481 2678 4552 comparatione.
2703 4480 2747 4535 si
2775 4477 3062 4547 utrobique
3085 4475 3424 4532 Psalmorum

203 4597 362 4650 verba
399 4593 591 4648 eodem
623 4591 784 4644 modo
805 4629 819 4655 ,
847 4595 900 4642 et
926 4585 976 4638 in
1005 4585 1253 4639 eumdem
1281 4597 1500 4637 sensum
1535 4581 1803 4636 intellecta
1831 4589 1993 4650 atque
2024 4579 2291 4649 explicata
2331 4577 2732 4646 comperiantur
2752 4615 2768 4642 ,
2799 4576 2998 4630 certius
3027 4589 3091 4628 ac
3135 4571 3426 4627 dilucidius

204 4695 492 4756 appareat,
522 4683 804 4746 eumdem,
840 4694 946 4732 non
976 4686 1155 4730 autem
1196 4675 1471 4728 diversum
1503 4681 1554 4726 et
1581 4673 1958 4728 commentarii
1991 4671 2202 4736 nostri,
2234 4679 2288 4724 et
2333 4669 2560 4722 aliorum
2603 4682 2859 4736 operum,
2891 4681 3012 4736 qua:
3035 4663 3092 4720 S.
3129 4663 3425 4720 Athanasio

204 4783 268 4834 ab
291 4781 552 4834 omnibus
583 4775 834 4831 concordi
861 4771 1116 4841 sulfragio
1149 4768 1523 4831 ascribuntur,
1557 4774 1835 4822 auctorem
1866 4781 2006 4821 esse.
2053 4763 2185 4820 Rem
2212 4761 2541 4834 propositam
2571 4760 2821 4824 brevius,
2849 4760 3024 4830 quoad
3065 4759 3177 4814 ﬁeri
3211 4766 3419 4828 potest,

202 4873 510 4943 expediam.

274 5059 316 5090 "
339 5056 499 5113 Vers.
536 5054 625 5109 20.
703 5053 747 5085 '°
782 5051 932 5108 Vers.
961 5050 1014 5104 4.

275 5216 385 5283 (88)
414 5213 615 5286 iVirgil.
644 5214 737 5267 lib.
781 5228 831 5286 rx
865 5210 1104 5272 Eneid.,
1138 5222 1260 5264 vers
1285 5205 1388 5262 612
1421 5215 1476 5261 et
1497 5204 1616 5260 6|3.

272 5290 385 5357 (89)
411 5284 544 5357 [.th
569 5300 678 5346 xlv,
714 5301 764 5357 c._
796 5284 849 5337 5.

273 5354 384 5422 (⁷91))
423 5356 543 5409 Lih.
575 5371 611 5417 ι,
637 5371 684 5408 c.
716 5354 801 5406 l9.

272 5428 378 5496 (9|)
412 5427 531 5479 Lib.
569 5440 641 5486 tv,
671 5441 717 5479 c.
745 5423 830 5496 ὄρ.

276 5495 387 5562 (9'2)
423 5496 544 5549 Lib.
583 5511 654 5558 \'l,
691 5509 736 5548 c.
771 5495 856 5546 58.
1110 5557 1136 5562 _
1289 5559 1297 5562 Α
1529 5556 1538 5562 _
1901 5547 1912 5562 ,

1529 5556 1538 5562 .
1901 5547 1912 5562 ι
1937 5547 1998 5562 1³1
2072 5561 2103 5562 ,,
2139 5561 2144 5562 ,
2174 5542 2355 5562 μ--..Ι---
2391 5537 2447 5562 Δ-
2485 5534 2795 5562 ’δερκλλκιῖιι
2824 5533 2908 5562 Α..
2950 5531 3019 5562 an;

423 5522 1066 5637 Exulibizofen‘iotitulus:
1097 5557 1478 5637 Corinaissa_nce
1505 5556 1592 5610 des
1625 5563 1785 5624 temps
1822 5547 2025 5619 publiée
2050 5561 2146 5615 par
2168 5542 2356 5597 l‘ordre
2385 5537 2447 5594 de
2480 5534 2795 5590 l'Académie
2822 5533 2908 5586 des
2946 5531 3164 5586 sciences
3226 5535 3274 5580 et
3299 5522 3413 5605 gal-

207 5628 346 5694 culée
369 5628 479 5692 'oar
503 5635 579 5691 Μ.
610 5634 832 5688 Meraldi
860 5633 921 5685 de
958 5632 1011 5686 la
1040 5630 1197 5685 mente
1220 5628 1516 5684 Académie.
