4164 6478
739 440 845 497 645

1569 440 1622 496 5.
1663 435 2029 494 ΑτιιΑΝΑδιι
2070 436 2218 491 OPP.
2260 434 2441 490 PARS
2478 433 2564 488 Ill.
2606 464 2672 474 —
2710 431 3115 488 EXEGETICA.

3862 435 3966 493 αι

816 559 984 615 Verba
1025 561 1220 631 psalmi
1269 575 1398 615 χχιιι
1446 560 1610 629 (vers.
1654 557 1758 623 20,
1791 558 1944 627 juxta
1988 556 2297 625 antiquam,
2328 560 2373 614 Α
2402 553 2527 607 item
2563 562 2690 606 sunt
2726 553 2975 608 caelestes
3006 554 3251 607 virtutes.
3287 552 3421 607 Nam
3458 554 3663 624 inquit:
3702 555 3967 613 Dominus

738 666 898 721 quam
926 660 1146 706 secutus
1176 666 1324 715 sum,
1363 646 1738 716 divisionem):
1783 664 1800 696 ‹
1825 644 2066 699 Attollite
2091 652 2293 713 portas,

738 744 1028 813 principes,
1061 749 1300 796 vestras:
1326 760 1343 791 ι
1376 742 1429 795 in
1465 740 1603 793 libro
1625 738 1698 791 De
1734 735 2107 790 Incarnatione
2148 731 2297 785 Verbi

736 835 836 891 Dei
861 836 923 904 (t.
965 835 1017 899 l,
1064 851 1115 904 p.
1155 835 1267 900 55),
1300 833 1358 887 S.
1386 832 1715 886 Athanasius
1745 830 2126 898 interpretatur
2156 825 2297 879 dicta

737 929 906 984 fuisse
934 928 997 982 de
1018 929 1189 982 reditu
1207 927 1409 981 Christi
1435 926 1486 978 in
1510 924 1704 979 coelum
1724 923 1808 977 his
1826 920 2034 975 verbis:
2062 937 2079 969 ι
2099 918 2299 984 Quem-

737 1022 1024 1077 admodum
1058 1038 1154 1091 pro
1203 1021 1453 1075 omnibus
1488 1034 1685 1088 corpus
1731 1015 1890 1070 morti
1934 1013 2180 1077 tradidit,
2220 1011 2297 1065 sic

736 1115 897 1168 etiam
940 1130 1032 1184 per
1066 1113 1203 1167 idem
1242 1110 1372 1165 illud
1408 1112 1506 1167 iter
1542 1112 1596 1165 in
1625 1109 1820 1165 caelum
1855 1107 2086 1177 aperuit.
2115 1124 2132 1156 ι
2166 1104 2293 1157 —ln

734 1218 923 1262 nostro
948 1219 1126 1262 autem
1157 1208 1547 1262 commentario
1590 1205 1655 1259 ad
1686 1203 1933 1259 eumdem
1968 1199 2293 1254 versiculum

734 1295 805 1348 20
830 1304 883 1349 et
914 1306 1200 1366 sequentes
1239 1297 1374 1367 psal.
1422 1312 1554 1349 χχιιι
1591 1294 1703 1347 haec
1754 1293 2081 1347 adnotantur
2116 1308 2128 1343 :
2176 1308 2192 1339 ι
2220 1287 2295 1342 De

737 1388 907 1457 ipsius
937 1389 1107 1443 reditu
1131 1390 1257 1461 (hoc
1287 1398 1369 1445 est
1393 1388 1613 1458 Christi)
1664 1387 1929 1457 loquitur,
1977 1398 2137 1455 quem
2170 1381 2294 1436 fecit

734 1479 787 1534 in
820 1482 1003 1535 caelos.
1044 1502 1061 1532 ι

802 1571 857 1626 ιιι
892 1574 1078 1628 eodem
1136 1575 1273 1628 libro
1326 1574 1400 1627 De
1450 1572 1823 1627 Incarnatione
1874 1571 1948 1638 (p.
1993 1568 2083 1640 26)
2129 1568 2291 1622 verba

732 1666 925 1736 psalmi
955 1684 1063 1733 cvi,
1095 1684 1238 1723 vers.
1268 1668 1335 1722 59
1362 1710 1377 1733 ,
1413 1687 1430 1718 ι
1457 1667 1602 1721 Misit
1624 1664 1860 1719 Verbum
1895 1680 2087 1727 suum,
2114 1673 2169 1717 ct
2203 1679 2292 1717 sa-

733 1758 882 1812 navit
904 1774 1018 1823 eos,
1042 1778 1059 1811 ›
1088 1770 1139 1814 et
1160 1760 1293 1829 psal.
1322 1776 1485 1823 cxvu,
1510 1774 1650 1812 vers.
1675 1759 1762 1817 52.
1797 1777 1815 1809 ι
1842 1756 1983 1811 Deus
2010 1756 2287 1818 Dominus,

732 1857 787 1902 et
816 1849 991 1902 illuxit
1013 1851 1189 1915 nobis,
1221 1870 1238 1901 ι
1272 1852 1505 1920 explicat
1536 1851 1601 1905 de
1643 1850 1873 1903 adventu
1908 1848 2069 1903 Verbi
2102 1848 2194 1903 Dei
2236 1849 2289 1901 in

733 1941 994 1995 mundum
1021 1944 1072 1995 in
1106 1944 1248 1997 hunc
1278 1944 1526 1998 modum:
1562 1964 1580 1994 ι
1600 1941 1889 2013 Negligunt
1909 1942 2091 1997 videre
2114 1939 2294 1995 Domi-

733 2049 895 2097 num,
927 2051 1086 2105 quem
1134 2035 1428 2106 Scriptura:
1465 2038 1830 2107 prazdixerunt
1867 2036 1984 2091 orbi
2025 2045 2291 2089 terrarum

732 2125 998 2193 illuxisse,
1026 2137 1078 2183 et
1100 2145 1323 2197 corpore
1349 2130 1596 2183 indutum
1628 2130 1965 2198 apparuisse.
1991 2147 2009 2179 ι
2035 2127 2113 2182 lta
2130 2129 2291 2182 etiam

732 2217 786 2273 in
817 2218 1067 2274 Oratione
1095 2223 1320 2275 secunda
1364 2233 1547 2275 contra
1586 2223 1812 2275 Artanos
1839 2265 1853 2287 ,
1902 2238 2024 2293 pag.
2070 2222 2193 2277 ⁸595.
2225 2252 2296 2263 -

732 2311 788 2366 In
815 2312 1001 2368 nostro
1040 2326 1219 2370 autem
1250 2318 1641 2372 commentario
1677 2318 1742 2370 ad
1788 2332 2003 2371 versum
2045 2316 2291 2371 eumdem

734 2401 804 2455 39
832 2404 969 2472 psal.
1003 2421 1086 2459 cvi
1121 2406 1234 2461 hmc
1275 2408 1530 2479 leguntur
1564 2427 1576 2462 :
1627 2428 1645 2460 ι
1674 2407 1819 2463 Misit
1860 2407 2028 2461 Deum
2060 2408 2293 2461 Verbum

733 2492 921 2558 Pater,
955 2507 1009 2552 et
1037 2500 1297 2556 transﬁxo
1322 2502 1440 2571 ejus
1460 2503 1626 2557 latere
1655 2517 1755 2555 nos
1781 2516 1971 2554 omnes
2002 2501 2176 2554 sanati
2204 2515 2297 2555 su-

730 2602 883 2649 mus,
908 2606 925 2639 ι
956 2596 1010 2643 et
1036 2590 1101 2643 ad
1135 2607 1275 2646 vers.
1304 2593 1372 2646 52
1398 2593 1589 2660 psalmi
1608 2607 1773 2653 cxvii,
1802 2609 1819 2641 ι
1844 2591 2292 2660 Quandoquidem

730 2694 854 2733 cum
890 2678 1031 2734 Deus
1053 2693 1197 2737 esset
1224 2682 1383 2739 Jesus
1409 2683 1671 2738 Dominus
1698 2685 1949 2755 apparuit
1978 2685 2031 2738 in
2061 2692 2224 2739 terra.
2270 2703 2288 2735 ι

800 2773 879 2827 Ad
908 2775 1067 2829 verba
1097 2776 1184 2829 illa
1214 2777 1405 2846 psalmi
1437 2794 1562 2831 uxr
1587 2820 1602 2845 ,
1633 2794 1775 2831 vers.
1816 2778 1867 2842 l,
1908 2797 1925 2828 ι
1952 2776 2113 2843 Deus,
2145 2778 2293 2847 judi—

729 2864 872 2921 cium
896 2875 1043 2921 tuum
1061 2870 1171 2939 regi
1190 2869 1258 2924 da
1295 2889 1306 2923 :
1334 2889 1457 2922 ι--ι
1483 2868 1815 2939 Supplicant,
1838 2872 1931 2933 ait,
1956 2871 2292 2940 utjudicium

729 2960 919 3012 mortis
941 2970 1126 3015 contra
1158 2976 1255 3015 nos
1285 2962 1552 3030 prolatum
1593 2961 1729 3016 Filio
1767 2962 1944 3017 detur.
1969 2981 1988 3015 ι
2041 2963 2098 3017 lu
2134 2973 2289 3020 tract.

729 3054 788 3110 in
821 3052 986 3109 illud:
1026 3074 1044 3105 ι
1070 3055 1265 3110 Omnia
1293 3057 1422 3110 mihi
1454 3057 1647 3111 tradita
1680 3066 1835 3122 sunt,
1862 3077 1879 3109 ι
1918 3074 1974 3129 p.
2015 3059 2104 3114 85.
2138 3090 2209 3100 -
2233 3062 2291 3115 In

729 3150 1122 3203 commentario
1163 3151 1228 3205 ad
1265 3151 1427 3205 verba
1458 3150 1701 3221 ejusdem
1739 3152 1934 3222 psalmi
1977 3153 2091 3209 hac
2123 3155 2293 3225 subji-

729 3240 979 3293 ciuntur:
1016 3259 1033 3292 ι
1058 3240 1193 3295 Filio
1220 3250 1335 3294 tuo.
1361 3259 1379 3291 ι

801 3328 857 3383 In
905 3330 1143 3400 Epistola
1193 3332 1256 3386 de
1300 3331 1517 3387 decretis
1573 3331 1809 3389 Nicwna:
1844 3335 2057 3404 synodi,
2101 3344 2290 3391 contra

730 3422 960 3478 Arianos
996 3425 1155 3480 verba
1193 3425 1401 3481 faciens
1442 3444 1454 3479 :
1483 3446 1500 3478 ι
1526 3425 1744 3492 Verum,
1784 3428 1978 3497 inquit,
2014 3427 2149 3483 falsa
2178 3429 2293 3485 haec

730 3522 876 3578 sunt,
908 3530 1026 3585 qua:
1051 3516 1440 3587 propugnatis:
1474 3516 1742 3586 siquidem
1776 3518 1889 3586 ipse
1927 3518 2053 3572 fecit
2086 3533 2205 3585 nos,
2238 3528 2292 3574 et

730 3620 837 3657 non
866 3606 964 3675 ipsi
993 3621 1112 3661 nos.
1145 3608 1267 3675 lpsc
1294 3614 1397 3670 est,
1427 3606 1517 3676 qui
1545 3622 1639 3677 per
1659 3623 1817 3663 suum
1848 3608 2084 3665 Verbum
2107 3613 2289 3667 omnia

729 3706 784 3751 et
811 3712 969 3766 parva
996 3738 1010 3759 ,
1041 3708 1093 3752 et
1129 3714 1319 3769 magna
1364 3700 1509 3755 fecit.
1540 3720 1559 3752 ι
1591 3732 1660 3743 -
1691 3700 1747 3755 1η
1794 3711 1983 3757 nostro
2013 3720 2292 3759 commcn-

730 3792 867 3845 tario
892 3792 955 3845 ad
993 3791 1179 3845 eadem
1207 3792 1366 3845 verba
1400 3793 1589 3862 psalmi
1624 3810 1745 3849 xcrx
1783 3796 2096 3863 hujusmodi
2126 3811 2291 3866 appo-

729 3883 878 3938 nitur
902 3883 1176 3937 adnotatio
1209 3902 1221 3935 :
1263 3903 1281 3934 ι
1306 3883 1422 3953 Ipse
1462 3900 1561 3941 nos
1599 3885 1755 3953 fecit,
1787 3895 1842 3941 et
1885 3904 1993 3943 non
2033 3905 2097 3945 ex
2134 3891 2290 3947 nobis

730 3989 939 4039 sumus,
972 3983 1031 4027 ut
1056 3974 1227 4044 aliqui
1245 3976 1452 4030 dicunt.
1476 3996 1493 4028 ι

800 4062 973 4119 Verba
996 4067 1186 4135 psalmi
1219 4083 1278 4128 ιι.
1312 4084 1454 4124 vers.
1490 4070 1576 4134 15,
1608 4089 1625 4122 ι
1650 4070 1763 4142 Ego
1799 4073 1957 4130 hodie
1987 4078 2145 4147 genui
2170 4087 2241 4141 te,
2264 4097 2282 4129 ι

726 4163 782 4212 et
812 4155 901 4211 illa
921 4157 1025 4212 alia
1049 4160 1237 4228 psalmi
1267 4176 1355 4216 cux
1377 4203 1393 4226 ,
1415 4177 1557 4217 vers.
1587 4163 1641 4227 7,
1690 4184 1708 4213 ι
1738 4162 1814 4217 Ex
1849 4174 2003 4221 utero
2036 4177 2160 4223 ante
2184 4168 2290 4224 Lu-

728 4246 954 4303 ciferum
1008 4250 1165 4320 genui
1210 4261 1335 4315 te,»
1374 4252 1441 4307 de
1493 4262 1693 4308 aeterna
1736 4253 1894 4310 Verbi
1945 4261 2290 4328 generatione

728 4348 915 4393 contra
953 4339 1185 4396 Arianos
1214 4344 1447 4408 explicat
1482 4345 1535 4399 in
1576 4345 1677 4415 Ep.
1727 4348 1789 4402 de
1820 4349 2015 4406 decret.
2054 4350 2289 4408 Nicena:

728 4428 935 4498 synodi,
962 4445 1084 4501 pag.
1120 4431 1255 4496 {72;
1288 4434 1415 4488 item
1442 4452 1564 4507 pag.
1596 4438 1726 4503 178,
1758 4450 1810 4495 et
1837 4441 1889 4495 in
1934 4440 2033 4512 Ep.
2070 4445 2133 4498 de
2166 4462 2285 4500 sen-

729 4522 890 4575 tentia
916 4521 1175 4595 Dionysii,
1209 4542 1328 4595 p32.
1354 4529 1477 4593 192,
1502 4538 1555 4584 et
1578 4531 1627 4585 in
1655 4530 1805 4586 Orat.
1838 4551 1874 4589 ιι
1921 4545 2107 4590 contra
2129 4538 2287 4594 Aria-

2398 647 2655 699 virtutum
2680 646 2981 700 nobiscum.
3015 665 3033 697 ι
3057 645 3198 700 Psal.
3222 662 3346 713 va,
3370 663 3510 703 vers.
3540 650 3704 703 15.-
3724 649 3780 703 lu
3815 666 3968 705 com-

2399 738 2665 793 mentario
2710 744 2775 792 ad
2808 739 3057 792 eumdem
3089 738 3279 807 psalmi
3314 740 3639 795 versiculum
3672 761 3685 794 :
3728 760 3746 791 ι
3776 742 3966 795 Domi-

2398 847 2530 895 nus,
2578 833 2685 897 ait,
2740 833 2918 887 omnis
2968 832 3371 902 supercmlestis
3428 834 3639 888 militiae
3675 834 3964 889 nobiscum

2397 932 2497 977 est.
2526 942 2544 975 ι
3016 922 3023 927 ’

2468 1018 2525 1070 ln
2556 1016 2793 1087 Epistola
2816 1017 2878 1069 de
2902 1018 3157 1070 sententia
3185 1017 3461 1086 Dionysii,
3492 1032 3545 1087 p.
3572 1018 3673 1072 197
3699 1060 3715 1084 ,
3743 1018 3961 1074 scribit:

2403 1129 2420 1161 ι
2443 1109 2554 1166 Nos
2574 1110 2718 1165 enim
2746 1120 3007 1181 quantum
3041 1112 3104 1165 ad
3139 1127 3336 1181 corpus
3364 1110 3603 1179 ejusdem
3624 1112 3842 1179 generis
3874 1127 3964 1164 su-

2396 1216 2519 1255 mus
2544 1216 2605 1255 ac
2636 1200 2914 1267 Dominus,
2947 1214 3224 1271 propterea
3254 1202 3370 1271 ipse
3396 1200 3561 1254 dixit:
3591 1198 3839 1254 Narrabo
3864 1215 3963 1253 no-

2398 1308 2517 1348 men
2550 1302 2701 1347 tuum
2722 1292 2977 1349 fratribus
3003 1294 3192 1348 meis.c
3217 1291 3416 1347 Psalm.
3453 1309 3566 1356 xxi,
3596 1307 3741 1347 vers.
3773 1292 3865 1345 45.
3900 1320 3968 1331 -

2395 1387 2453 1438 ln
2500 1388 2890 1441 commentario
2929 1387 3115 1441 eadem
3152 1386 3344 1455 psalmi
3386 1385 3549 1439 verba
3590 1384 3664 1438 ita
3708 1385 3963 1453 exponit:

2400 1496 2418 1528 ι
2456 1477 2683 1549 Populo,
2723 1480 2921 1549 inquit,
2970 1480 3204 1535 narrabo
3248 1493 3441 1533 nomen
3481 1489 3668 1532 tuum:
3702 1478 3968 1547 quemad-

2395 1571 2611 1624 modum
2634 1571 2770 1625 dixit
2792 1572 2845 1625 in
2873 1571 3194 1643 Evangelio:
3220 1570 3555 1626 Mauifestavi
3580 1585 3777 1625 nomen
3814 1581 3966 1624 tuum

2394 1662 2785 1718 hominibus“.
2813 1684 2832 1716 ι

2463 1758 2519 1811 In
2557 1756 2809 1812 Oratione
2829 1758 3002 1827 prima
3030 1770 3209 1811 contra
3233 1759 3480 1823 Arianae,
3505 1769 3545 1815 t.
3578 1758 3643 1825 11,
3679 1774 3804 1829 pag.
3839 1755 3964 1820 328,

2394 1849 2459 1901 ad
2493 1848 2825 1919 probandam
2868 1849 3224 1905 aeternitatem
3270 1848 3392 1904 Filii
3428 1866 3552 1905 cum
3596 1849 3759 1904 Patre
3792 1849 3968 1903 utitur

2395 1944 2573 1999 verbis
2606 1945 2798 2013 psalmi
2841 1961 2987 1999 xxxv
3029 1945 3280 2000 versiculi
3321 1946 3425 2011 20,
3483 1965 3500 1997 ι
3527 1945 3584 1999 In
3628 1945 3838 1999 lumine
3874 1954 3968 1998 tuo

2399 2037 2696 2092 videbimus
2722 2038 2936 2104 lumen;
2963 2057 2981 2091 ι
3009 2048 3063 2093 et
3083 2038 3275 2107 psalmi
3307 2053 3507 2092 Lxxxlx
3531 2039 3729 2092 versic.
3756 2037 3845 2099 t7,
3875 2056 3892 2088 ι
3914 2046 3968 2090 et

2393 2129 2464 2183 sit
2508 2128 2763 2197 splendor
2802 2130 3013 2185 Domini
3055 2146 3218 2201 super
3259 2146 3391 2197 nos;
3420 2151 3438 2184 ι
3476 2140 3528 2187 et
3568 2131 3762 2199 psalmi
3806 2146 3967 2185 cxuv

2395 2220 2647 2275 versiculi
2670 2220 2760 2283 20,
2785 2240 2802 2273 ι
2829 2219 3073 2291 Regnum
3092 2232 3241 2276 tuum
3268 2239 3491 2293 regnum
3510 2225 3759 2279 omnium
3793 2240 3967 2279 saecu-

2394 2313 2593 2367 lorum.
2618 2330 2637 2363 ι
2670 2342 2739 2351 ——
2771 2314 2829 2366 In
2854 2315 3248 2368 commentario
3276 2316 3341 2369 ad
3358 2316 3607 2370 eumdem
3635 2318 3963 2371 versiculum

2394 2404 2588 2473 psalmi
2618 2420 2759 2457 xxxv
2790 2405 3116 2473 subjicitur:
3158 2423 3177 2455 ι
3204 2404 3261 2459 ln
3298 2406 3416 2475 ipso
3447 2407 3586 2461 Filio
3629 2417 3728 2461 tuo
3759 2410 3967 2463 videbi-

2396 2512 2518 2551 mus
2536 2496 2711 2551 lucem
2732 2514 2780 2549 ε»
2812 2498 2878 2551 ad
2896 2514 2949 2551 ν.
2981 2498 3043 2551 17
3066 2498 3197 2567 psal.
3224 2514 3445 2564 Lxxxix,
3479 2499 3695 2554 «Gratia
3720 2500 3959 2571 ipsiusp

2394 2590 2460 2645 ad
2493 2605 2543 2643 v.
2579 2588 2649 2642 20
2693 2590 2831 2659 psal.
2879 2605 3070 2655 cxuv,
3118 2588 3403 2661 «Regnum
3447 2593 3841 2661 sempiternum
3866 2634 3881 2658 ,
3913 2601 3965 2646 et

2392 2683 2690 2737 dominatio
2722 2693 2812 2736 tua
2843 2697 3005 2752 super
3046 2683 3328 2738 credentes
3360 2684 3527 2738 verbo
3565 2682 3850 2755 Evangelii
3871 2725 3885 2748 ,
3912 2692 3963 2739 et

2394 2790 2555 2845 super
2583 2790 2689 2828 non
2720 2776 3020 2829 credentes.
3042 2792 3061 2825 ι

2461 2867 2517 2921 ln
2548 2869 2733 2923 eadem
2766 2869 3009 2923 oratione
3036 2869 3211 2938 prima
3241 2869 3305 2923 ad
3334 2868 3667 2939 probandam
3704 2868 3962 2923 immuta-

2394 2962 2653 3015 bilitatem
2687 2960 2847 3014 Verbi
2882 2960 3038 3015 atl'ert
3088 2962 3420 3015 Athanasius
3467 2976 3590 3031 qua:
3626 2961 3891 3016 dicuntur
3931 2976 3960 3015 a

2394 3062 2583 3107 sancto
2610 3052 2811 3107 Davide
2844 3052 2897 3105 in
2939 3052 3148 3121 psalmo
3181 3068 3267 3118 cr,
3295 3069 3432 3109 vers.
3476 3054 3575 3120 L8,
3624 3072 3642 3106 ι
3668 3053 3833 3112 initio
3871 3066 3959 3121 tu,

2394 3145 2653 3212 Domine,
2677 3165 2695 3197 ι
2730 3153 2861 3211 etc.,
2887 3155 2941 3200 et
2974 3160 3117 3201 vers.
3151 3146 3254 3213 55,
3300 3166 3318 3198 ι
3342 3146 3421 3202 Tu
3455 3157 3636 3203 autem
3666 3149 3810 3203 idem
3851 3150 3962 3220 ipse

2392 3253 2480 3303 es,
2509 3246 2565 3293 et
2590 3239 2715 3294 anni
2766 3239 2844 3294 tui
2879 3254 2988 3293 non
3026 3239 3293 3294 deticient.
3318 3259 3336 3291 ι
3372 3272 3441 3284 —
3470 3241 3527 3295 In
3563 3244 3961 3298 commentario

2394 3332 2459 3385 ad
2492 3332 2653 3386 verba
2686 3332 2774 3385 illa
2803 3347 2946 3387 vers.
2981 3332 3050 3385 53
3078 3332 3194 3387 haec
3225 3334 3584 3387 adnotantur:
3625 3353 3645 3385 ι
3666 3332 3746 3387 Tu
3778 3344 3958 3390 autem

2392 3434 2447 3478 et
2496 3423 2670 3478 iactus
2727 3424 2891 3477 homo
2945 3424 3089 3478 idem
3137 3438 3198 3479 es
3256 3425 3434 3493 qualis
3497 3440 3658 3491 eras,
3712 3435 3770 3479 et
3822 3428 3961 3481 sicut

2391 3516 2603 3571 dierum
2645 3516 2970 3589 principium
3020 3532 3129 3573 non
3175 3518 3373 3583 habes,
3415 3518 3487 3572 ita
3531 3533 3707 3588 neque
3742 3518 3869 3573 vita:
3903 3518 3961 3573 ti-

2392 3623 2533 3664 nem.
2560 3628 2580 3663 ι

2461 3703 2519 3755 ιιι
2570 3700 2757 3757 eadem
2813 3701 3015 3771 pariter
3047 3702 3292 3758 oratione
3329 3703 3507 3759 allatis
3547 3704 3732 3759 verbis
3766 3706 3958 3776 psalmi

2391 3808 2651 3858 Lxxxvm,
2675 3809 2815 3847 vers.
2841 3793 2928 3853 32.
2954 3794 3043 3854 35,
3084 3812 3101 3844 ι
3122 3803 3174 3847 et
3204 3794 3257 3846 iu
3284 3794 3494 3863 justitia
3520 3803 3611 3850 tua
3640 3796 3958 3852 exaltabun-

2390 3895 2497 3949 tur,
2523 3886 2779 3956 quoniam
2804 3885 2972 3955 gloria
2994 3885 3208 3939 virtutis
3230 3900 3419 3940 eorum
3444 3896 3501 3940 tu
3524 3902 3605 3954 es,
3631 3908 3650 3939 ο
3682 3889 3813 3943 talia
3836 3891 3961 3946 sub-

2382 3977 2502 4045 jicit
2533 3996 2546 4032 :
2574 3996 2592 4029 ι
2622 3976 2679 4031 Si
2732 3993 2895 4047 porro
2925 3977 3095 4033 Filius
3122 3980 3337 4049 justitia
3378 3988 3497 4047 est,
3557 3996 3664 4035 non
3705 3996 3841 4053 ergo
3875 3984 3957 4037 ille

2389 4070 2719 4124 exaltatione
2750 4086 2889 4139 opus
2912 4070 3109 4136 habet;
3137 4071 3231 4125 sed
3279 4086 3380 4127 nos
3410 4087 3635 4137 sumus,
3669 4075 3765 4143 qui
3796 4074 3852 4128 in
3874 4075 3958 4145 ju-

2389 4160 2535 4214 stitia
2563 4160 2886 4221 exaltamur,
2916 4176 3035 4229 qua:
3050 4176 3242 4231 nempe
3266 4162 3380 4232 ipse
3394 4172 3496 4217 est.
3528 4183 3547 4215 ι
3575 4162 3707 4235 Pag.
3738 4164 3866 4219 552.
3893 4195 3957 4207 —

2388 4247 2445 4303 ιιι
2477 4251 2869 4305 commentario
2904 4251 3205 4306 versiculus
3247 4252 3336 4306 ille
3371 4253 3440 4306 52
3475 4253 3723 4323 ejusdem
3765 4255 3957 4325 psalmi

2390 4344 2462 4398 ita
2486 4343 2809 4413 exponitur:
2848 4362 2865 4393 ι
2891 4342 2956 4396 Et
2980 4343 3031 4396 in
3060 4341 3197 4397 Filio
3230 4352 3324 4397 tuo
3351 4343 3829 4415 gloriﬁcabuntur;
3855 4366 3874 4400 ι
3906 4354 3957 4401 ω

2388 4436 2723 4506 subsequens
2740 4436 3040 4491 versiculus
3058 4436 3148 4502 33,
3176 4455 3193 4488 ι
3219 4434 3488 4503 Quoniam
3508 4438 3562 4492 in
3586 4447 3636 4493 te
3656 4438 3955 4509 gloriantur

2388 4537 2441 4581 et
2471 4529 2912 4583 corroborentur.
2947 4547 2966 4579 ι

728 4629 820 4668 nos
842 4654 856 4678 ,
897 4624 933 4668 t.
964 4614 1005 4668 ll
1027 4658 1042 4681 ,
1072 4632 1192 4688 pag.
1222 4620 1325 4675 M5
1348 4662 1363 4685 ,
1391 4630 1445 4676 ei
1480 4622 1533 4676 in
1578 4622 1730 4677 0mg,
1766 4641 1816 4679 ιν
1858 4638 2041 4683 conm,
2068 4631 2283 4696 Ανξαηη
2318 4615 2363 4671 D
2459 4618 2518 4671 In
2540 4618 2723 4672 eadem
2751 4618 3000 4673 similiter
3023 4616 3272 4673 Oratione
3302 4622 3472 4687 prima
3503 4630 3686 4673 contra
3704 4622 3951 4688 Arianae,

727 4719 850 4777 pag.
910 4706 1032 4760 ὅθι.
1068 4708 1220 4763 —|n
1276 4714 1666 4767 commentario
1708 4717 1776 4770 ad
1827 4734 1968 4773 vers.
2024 4721 2092 4776 l5
2122 4733 2174 4776 et
2219 4724 2285 4778 M

727 4796 968 4866 ejusdem
997 4801 1188 4869 psalmi
1226 4818 1261 4855 ιι
1288 4803 1398 4857 haec
1439 4803 1735 4863 habentur:
1778 4828 1795 4860 ι
1825 4808 1889 4865 Et
1916 4813 2067 4867 cmlis
2097 4816 2285 4871 audire

727 4886 855 4943 fecit
890 4906 1070 4946 vocem
1117 4909 1271 4948 suam
1320 4895 1562 4951 clamans
1592 4899 1657 4951 ad
1686 4915 1770 4953 me
1806 4919 1818 4954 :
1850 4921 1867 4951 ι
1905 4902 1983 4957 Tu
2015 4920 2073 4959 es
2114 4906 2284 4964 Filius

732 4999 750 5031 ι
773 4996 924 5035 meus
939 4982 1193 5047 dilectus;
1220 5003 1238 5035 ι
1258 4993 1313 5039 et
1332 4985 1397 5038 ad
1416 4997 1726 5056 sequentem
1742 5005 1885 5048 vers.
1906 4994 1991 5055 15.
2012 4996 2125 5050 Ιιιιιο
2145 4998 2247 5051 alia
2266 5018 2279 5055 :

730 5072 885 5138 «Qua
919 5074 1005 5128 die
1027 5082 1078 5129 te
1107 5075 1621 5135 manifestavi.Nam
1657 5093 1781 5137 ante
1816 5087 2011 5141 stecula
2046 5090 2281 5146 abscon-

724 5166 869 5221 ditus
892 5182 1015 5222 eras
1044 5169 1097 5222 in
1129 5186 1215 5224 me
1243 5169 1399 5226 Patre
1438 5182 1531 5227 tuo
1550 5214 1564 5237 ,
1596 5178 2049 5244 quemadmodum
2072 5182 2138 5237 de
2165 5184 2283 5253 ipso

725 5256 982 5327 scriptum
1022 5268 1137 5315 est:
1180 5260 1459 5320 Exsistens
1497 5266 1549 5318 in
1581 5267 1701 5321 sinu
1735 5268 1930 5325 Patris.
1955 5292 1972 5324 ι
2020 5273 2100 5327 Ad
2140 5291 2278 5331 vers.

724 5365 851 5403 vero
874 5350 903 5401 7
928 5352 1061 5419 psal.
1094 5368 1181 5407 cux
1204 5355 1329 5409 talia
1359 5357 1639 5427 leguntur:
1680 5381 1697 5411 ι
1720 5360 1773 5415 1η
1798 5378 1884 5417 me
1909 5380 2029 5421 eras
2048 5381 2279 5437 semper,

724 5460 788 5497 ex
820 5460 930 5511 quo
954 5446 1092 5513 ccepi
1122 5461 1305 5502 creare
1340 5450 1521 5504 omnia
1561 5466 1654 5520 per
1690 5464 1768 5517 te,
1815 5456 2155 5513 rnanil’estavi
2200 5469 2278 5524 te,

723 5539 866 5606 quod
896 5540 1178 5603 habebam.
1210 5552 1261 5597 et
1291 5544 1463 5600 habeo
1486 5544 1683 5601 Filium
1711 5549 1763 5601 in
1790 5563 1876 5603 me
1905 5550 2041 5619 ipso.
2069 5572 2087 5603 ι

792 5629 849 5681 lu
871 5632 1056 5686 eadem
1090 5634 1311 5703 epistola
1335 5680 1349 5702 ,
1386 5646 1425 5691 t.
1463 5635 1513 5701 l,
1548 5653 1669 5709 pag.
1706 5640 1839 5705 I77,
1870 5643 2059 5697 scribit
2086 5659 2280 5699 nomen

722 5718 933 5774 virtutis
962 5721 1188 5778 diversis
1221 5725 1381 5783 rebus
1417 5728 1615 5797 tribui,
1657 5730 1851 5788 deinde
1889 5732 2065 5790 addit:
2108 5754 2125 5788 ι
2151 5734 2283 5791 Alite

790 5851 831 5883 "
877 5849 1032 5909 Joan.
1069 5871 1199 5925 xvu,
1225 5859 1277 5915 6.

2384 4726 2506 4781 pag.
2536 4710 2685 4765 355:
2739 4730 2757 4762 ι
2798 4712 2949 4777 Haec,
2991 4712 3188 4780 inquit,
3235 4714 3399 4767 verba
3447 4715 3588 4767 sacri
3656 4716 3897 4770 cantoris
3935 4732 3947 4746 ·

2390 4820 2408 4852 ι
2444 4801 2608 4857 Sedes
2644 4811 2755 4860 tua.
2808 4801 2969 4868 Deus,
3019 4804 3073 4857 in
3108 4803 3365 4858 smeulum
3401 4806 3583 4859 sa-culi
3639 4806 3856 4874 (versic.
3890 4808 3950 4863 i5

2388 4912 2407 4944 ι
2440 4894 2577 4965 psal.
2603 4894 2770 4964 thv).
2812 4893 2968 4966 Virga
2998 4895 3311 4950 directionis
3338 4897 3488 4965 virga
3514 4898 3663 4967 regni
3681 4900 3782 4953 tui.
3813 4898 3949 4954 Dile-

2388 5006 2407 5038 ι
2440 4986 2564 5041 xisti
2600 4987 2886 5057 justitiam,
2938 4997 2994 5041 et
3032 4987 3197 5042 odisti
3248 4987 3613 5057 iniquitatem.
3659 4988 3948 5062 Propterea

2387 5096 2405 5129 ι
2444 5080 2595 5133 unxit
2627 5088 2678 5133 te
2700 5078 2861 5143 Deus,
2898 5079 3039 5133 Deus
3056 5087 3180 5135 tuus
3199 5080 3318 5136 oleo
3346 5080 3541 5137 laetitia:
3556 5098 3667 5153 prae
3685 5086 3949 5140 consorti-

2389 5190 2406 5222 ι
2439 5172 2537 5226 bus
2571 5172 2699 5226 tuis.
2722 5191 2739 5222 ι
2775 5170 2978 5226 Deinde
3012 5172 3084 5225 ita
3114 5174 3463 5244 prosequitur
3496 5193 3511 5230 :
3545 5195 3564 5227 ‹
3586 5177 3881 5242 Attendite,
3914 5193 3945 5231 ο

2382 5262 2604 5325 Ariani,
2633 5262 2934 5332 saltemque
2962 5279 3027 5317 ex
3057 5264 3161 5319 hoc
3180 5265 3300 5320 loco
3328 5268 3607 5336 agnoscite
3642 5272 3941 5328 veritatem.

2380 5351 2671 5407 Consortes
2714 5351 2929 5405 Domini
2976 5367 3076 5408 nos
3117 5368 3307 5409 omnes
3355 5354 3643 5411 Psalmista
3694 5359 3941 5429 appellat.

2380 5443 2535 5510 Quod
2562 5444 2605 5498 si
2629 5460 2693 5499 ex
2720 5445 2891 5499 nihilo
2916 5454 2969 5499 et
2995 5461 3099 5499 una
3124 5461 3154 5500 e
3181 5447 3342 5503 rebus
3372 5447 3530 5504 factis
3558 5461 3704 5505 esset
3746 5451 3943 5520 Filius,

2381 5540 2496 5608 ipse
2525 5552 2742 5609 quoque
2777 5540 2915 5593 inter
2937 5550 3221 5597 consortes
3255 5554 3659 5599 numeraretur.
3686 5546 3827 5601 Cum
3850 5564 3943 5602 au-

2382 5644 2485 5689 tem
2512 5634 2661 5688 illum
2693 5634 2861 5689 Deum
2884 5636 3245 5692 mternumbis
3274 5637 3453 5692 verbis
3475 5640 3736 5694 cecinerit
3790 5660 3804 5696 :
3848 5641 3945 5699 Ro-

2382 5744 2545 5799 gnum
2586 5737 2739 5784 tuum
2790 5726 2995 5797 Deus,»
3036 5741 3139 5787 etc.
3174 5761 3245 5771 —
3272 5732 3328 5787 lu
3375 5738 3774 5793 commentario
3808 5739 3944 5809 ejus.-
