4164 6488
199 464 300 522 643

820 462 905 518 DE
937 460 1206 517 TITULIS
1247 461 1683 519 PSALIIDRUM.
1729 492 1797 501 —
1835 461 2220 517 ANTONELLI
2264 460 2652 518 PRzEFATIO.

3305 460 3411 516 646

198 580 315 636 dem
346 579 536 650 psalmi
565 593 688 633 xuv
721 577 1032 647 hujusmodi
1058 577 1232 632 brevis
1265 578 1533 646 expositio
1558 583 1743 631 contra
1777 580 1820 638 Α
1849 574 2015 632 fuisse
2047 577 2112 632 iis
2142 593 2263 648 qua:
2291 578 2345 632 in
2386 577 2540 632 Orat.
2574 593 2627 630 tv
2656 586 2842 629 contra
2866 575 3090 629 Arianos
3121 575 3376 632 dicuntur
3396 619 3412 640 ,

195 671 506 725 earumdem
530 669 853 724 Arianorum
880 670 1201 723 sententiam
1245 671 1564 724 ascribitur:
1607 690 1625 722 ι
1649 669 1752 723 Re-

199 778 360 832 gnum
410 771 563 816 tuum
615 761 999 830 sempiternum
1035 761 1124 824 (ad
1173 776 1310 815 vers.
1366 761 1474 827 16).
1511 760 1753 815 Potestas

198 864 393 910 eterna
425 871 646 926 regnum
681 865 830 909 tuum
873 856 959 921 (ad
992 855 1184 909 versic.
1215 855 1324 922 l7).
1357 854 1597 908 Dilexisti
1627 869 1754 909 san«

197 957 312 1002 ctos
345 958 496 1012 tuos,
519 956 574 1000 et
599 947 757 1002 odisti
794 947 1098 1000 inventores
1121 946 1452 1014 iniquitatis,
1479 945 1752 1000 diabolum

201 1060 388 1113 nempe
413 1053 466 1098 et
489 1043 708 1113 angelos
739 1042 857 1111 ejus
883 1041 970 1108 (ad
997 1056 1136 1096 vers.
1167 1041 1265 1108 18,
1301 1043 1409 1112 l9).
1463 1041 1752 1112 Propterea

200 1139 529 1196 renuntiavit
560 1147 607 1192 te
638 1137 795 1192 Pater
833 1152 926 1206 per
953 1134 1212 1204 Spiritum
1253 1145 1498 1190 sanctum
1525 1178 1539 1201 ,
1573 1151 1750 1206 regem

195 1232 303 1303 jam
340 1231 729 1285 exsistentem:
770 1225 1206 1296 quandoquidem
1246 1241 1458 1295 semper
1497 1226 1752 1281 exstitisti

200 1339 291 1378 rex
323 1337 486 1390 supra
518 1335 610 1374 eos
633 1317 724 1388 qui
761 1316 1046 1386 participes
1080 1314 1295 1369 luerunt
1325 1316 1508 1386 gratiae
1537 1326 1661 1370 tum.
1685 1335 1702 1366 ι

268 1415 325 1470 In
357 1413 609 1468 Oratione
631 1418 819 1482 quarta
843 1408 1072 1462 Arianos
1111 1416 1313 1460 temere
1355 1415 1657 1460 asserentes
1699 1407 1752 1459 in

204 1506 378 1562 Veteri
397 1505 741 1558 Testamento
762 1501 961 1555 nullam
986 1499 1126 1563 Filii,
1149 1499 1241 1553 sed
1267 1499 1435 1552 solius
1459 1497 1619 1552 Verbi
1639 1497 1754 1553 fieri

202 1599 526 1653 mentionem
555 1592 747 1648 refellit
771 1593 852 1646 his
881 1593 1082 1646 verbis;
1115 1609 1133 1642 ι
1158 1589 1262 1646 Sed
1291 1591 1450 1644 ctiam
1488 1605 1669 1644 revera
1701 1591 1752 1644 in

199 1689 377 1743 Veteri
411 1686 752 1740 Testamento
778 1681 942 1736 multa
977 1681 1040 1736 de
1074 1680 1210 1735 Filio
1238 1690 1565 1746 occurrunt,
1606 1690 1663 1735 ut
1700 1681 1754 1735 in

198 1781 408 1850 psalmo
435 1776 706 1832 secundo:
745 1792 865 1826 ι-‹
886 1772 1054 1828 Filius
1087 1787 1238 1827 meus
1267 1789 1326 1827 es
1360 1783 1451 1827 tu:
1480 1787 1579 1841 ego
1597 1772 1757 1828 hodie

205 1891 222 1924 ι
245 1870 406 1941 genui
439 1877 510 1924 te.
533 1887 552 1921 ι
577 1867 639 1922 Et
669 1869 721 1920 in
747 1882 890 1920 nono
922 1866 1214 1934 inscripto:
1241 1884 1258 1915 ι
1283 1862 1339 1922 1η
1367 1865 1526 1918 finem
1552 1880 1648 1934 pro
1669 1879 1756 1919 oc-

203 1981 223 2015 ι
251 1963 412 2017 cultis
449 1960 596 2020 Filii,
627 1957 872 2013 Psalmus
907 1955 1092 2010 David.
1121 1975 1139 2006 ι
1159 1955 1223 2008 Ει
1251 1956 1304 2009 in
1338 1955 1753 2027 quadragesimo

197 2065 420 2126 quarto:
450 2073 468 2105 ι
492 2052 545 2108 1η
571 2052 729 2106 linem
757 2065 854 2120 pro
898 2049 964 2103 iis
983 2049 1074 2118 qui
1100 2049 1597 2110 commutabantur,
1627 2046 1750 2100 filiis

203 2166 220 2198 ι
243 2147 404 2209 Core,
429 2145 496 2200 ad
515 2144 862 2205 intellectum,
891 2141 1159 2194 canticum
1187 2155 1282 2208 pro
1307 2138 1524 2201 dilecto,
1553 2156 1569 2188 ι
1592 2147 1747 2191 etc...

196 2237 328 2305 Quis
345 2246 523 2290 autem
547 2234 775 2288 dilectus
794 2241 874 2285 est
904 2239 1090 2299 praeter
1119 2228 1308 2283 Filium
1334 2227 1701 2299 Unigenitum,
1724 2243 1743 2276 ι

196 2339 299 2384 etc.
331 2357 400 2369 -—
430 2327 484 2380 In
529 2323 949 2384 commentario,
1004 2337 1122 2391 quae
1172 2321 1436 2375 habentur
1485 2319 1553 2373 ad
1585 2318 1750 2372 verba

197 2422 330 2493 psal.
368 2437 404 2474 ιι
435 2433 596 2490 supra
626 2417 798 2472 attuli.
836 2413 1032 2470 Psalmi
1079 2424 1256 2468 autem
1293 2412 1422 2467 noni
1467 2410 1750 2480 inscriptio

197 2515 270 2570 ita
297 2513 626 2582 explicatur:
663 2527 681 2560 ‹
708 2507 762 2561 In
789 2505 1081 2560 novissimo
1107 2505 1192 2559 die
1217 2520 1312 2574 pro
1338 2501 1747 2572 incomprehen-

198 2604 445 2660 sibilibus
493 2599 762 2672 mysteriis
809 2595 928 2650 Filii
988 2595 1100 2649 Dei.
1129 2614 1147 2646 ι
1200 2593 1573 2664 lnterpretatio
1606 2590 1746 2646 tituli

197 2694 390 2765 psalmi
419 2709 541 2747 xuv
577 2691 727 2746 deest
753 2689 806 2742 in
831 2685 1034 2751 codice,
1063 2687 1155 2742 sed
1183 2701 1302 2741 eam
1324 2694 1744 2742 consentaneam

1854 683 2045 738 nempe
2074 669 2477 738 inscriptionem
2504 669 2575 724 ibi
2610 683 2830 739 quoque
2855 668 2921 723 de
2950 667 3125 724 Verbo
3156 667 3249 724 Dei
3276 669 3415 724 Filio

1851 761 2150 831 expositam
2203 761 2404 828 fuisse,
2447 771 2630 832 aperte
2672 761 2873 816 indicat
2913 761 3200 831 explicatio
3246 762 3416 818 totius

1851 855 2067 924 psalmi,
2095 855 2250 925 cujus
2271 859 2444 926 prima
2469 857 2628 910 verba
2658 865 2815 910 sunt:
2852 873 2869 905 ‹
2894 853 3052 910 Pater
3079 856 3210 911 dicit
3235 859 3412 910 mani-

1855 944 2080 1002 festasse
2108 946 2302 1001 Filium
2333 963 2491 1002 suum
2518 946 2687 1001 Deum
2718 945 2974 1001 Verbum.
3009 967 3024 997 ι

1923 1085 1977 1137 In
2018 1083 2256 1154 Epistola
2280 1085 2450 1151 prima
2471 1083 2540 1137 ad
2565 1085 2922 1152 Serapionem,
2961 1091 3000 1137 t.
3038 1085 3105 1150 ll,
3133 1101 3254 1155 pag.
3286 1084 3412 1147 539,

1860 1175 2137 1247 «Spiritus
2191 1176 2403 1231 Domini
2456 1178 2771 1231 universum
2824 1178 3004 1232 orbem
3057 1177 3300 1245 replevit.
3336 1175 3412 1231 lla

1853 1269 1994 1322 enim
2013 1268 2177 1323 David
2202 1269 2428 1324 cecinit:
2461 1288 2477 1321 ι
2503 1269 2619 1336 Quo
2637 1269 2725 1323 ibo
2748 1285 2777 1323 a
2809 1269 3012 1339 Spiritu
3044 1270 3174 1323 tuo?
3197 1289 3214 1322 ι
3236 1269 3414 1340 (Psal-

1854 1376 1944 1414 mo
1968 1377 2227 1424 cxxxvm,
2263 1377 2404 1417 vers.
2434 1361 2618 1431 ll.)-—
2651 1361 2706 1415 ln
2744 1362 3136 1416 commentario
3159 1363 3225 1417 ad
3254 1377 3413 1417 eum-

1854 1452 1974 1506 dcm
2025 1453 2348 1506 versiculum
2386 1452 2578 1522 psalmi
2623 1469 2899 1516 cxxxvm,
2930 1472 2947 1504 ι
2978 1451 3075 1507 Ubi
3111 1455 3254 1508 enim
3289 1453 3415 1508 abs-

1855 1544 2084 1598 condere
2125 1560 2211 1598 me
2241 1559 2461 1614 possum
2506 1561 2535 1599 a
2567 1555 2757 1600 sancto
2791 1557 2882 1602 tuo
2911 1545 3115 1617 Spiritu
3137 1587 3152 1611 ,
3192 1548 3287 1618 qui
3315 1564 3415 1602 no-

1856 1635 1957 1689 scit
1983 1634 2234 1688 omnia?»

1925 1776 1980 1830 In
2015 1775 2254 1845 Epistola
2280 1775 2342 1828 de
2373 1775 2583 1844 synodis
2605 1816 2619 1840 ,
2654 1791 2775 1846 pag.
2813 1773 2954 1840 609,
3001 1791 3019 1825 t
3043 1773 3110 1828 Et
3147 1774 3214 1830 de
3253 1773 3412 1830 Patre

1857 1868 2071 1938 quidem
2118 1868 2378 1934 scriptum
2431 1874 2542 1919 est:
2593 1864 2894 1919 «Dominus
2928 1864 3070 1920 Deus
3104 1875 3226 1920 tuus
3272 1882 3413 1921 unus

1862 1979 1880 2011 ι
1903 1959 2269 2014 Dominusest.
2285 1977 2301 2008 ι
2322 1957 2499 2028 (Deut.
2516 1957 2680 2027 vi,4.)
2705 1977 2722 2007 ι
2746 1957 2820 2012 De
2837 1957 2972 2011 Filio
2994 1967 3174 2012 autem
3194 1976 3206 2011 :
3225 1975 3245 2009 ι
3271 1956 3413 2013 Deus

1863 2070 1881 2102 σ
1907 2050 2168 2105 Dominus
2205 2059 2258 2104 et
2285 2049 2458 2104 illuxit
2489 2049 2642 2103 nobis
2664 2049 2834 2119 (Psal.
2857 2065 3024 2114 cxvn,
3057 2065 3196 2104 vers.
3217 2050 3330 2118 ΒΩ),
3358 2058 3414 2106 et

1860 2161 1879 2192 ‹
1907 2143 2175 2196 videbitur
2219 2141 2358 2194 Deus
2389 2141 2611 2195 deorum
2662 2142 2714 2194 in
2769 2140 2894 2197 Sion
2935 2142 3108 2210 (Psaf.
3172 2160 3409 2210 Lxxxm,

1855 2250 1996 2289 vers.
2051 2234 2160 2303 Η).
2199 2253 2217 2285 ι
2241 2263 2302 2274 -
2337 2231 2393 2285 In
2444 2234 2834 2288 commentario
2860 2235 3106 2290 similiter
3130 2237 3413 2308 utriusque

1855 2326 2046 2397 psalmi
2083 2325 2242 2379 verba
2276 2324 2342 2379 de
2372 2323 2507 2379 Filio
2534 2327 2605 2379 ita
2631 2336 2975 2395 exponuntur
3007 2325 3176 2395 (Paul.
3212 2328 3407 2396 cxvu):

1861 2436 1879 2469 ι
1905 2416 2346 2486 Quandoquidem
2375 2431 2496 2470 cum
2525 2415 2668 2471 Deus
2690 2426 2831 2471 esset
2857 2416 3014 2472 Jesus
3039 2417 3298 2474 Dominus
3318 2434 3414 2488 ap-

1850 2508 2029 2578 paruit
2050 2507 2104 2561 in
2128 2517 2290 2561 terra.
2314 2523 2331 2556 ι
2369 2504 2431 2559 Ει
2459 2506 2650 2575 psalm.
2679 2523 2890 2562 Lxxxm
2913 2527 2925 2562 :
2951 2527 2968 2560 ι
2999 2507 3279 2562 Videbitur
3314 2506 3407 2563 Dei

1851 2593 2024 2649 Filius
2048 2593 2189 2650 Deus
2216 2595 2436 2650 deorum
2465 2635 2480 2660 ,
2507 2595 2599 2664 qui
2637 2596 2770 2652 tales
2804 2596 2975 2667 gratia
3020 2606 3186 2663 sunt,
3225 2597 3278 2652 in
3310 2599 3408 2653 ad-

1852 2699 1949 2740 ven
1959 2692 2013 2738 ιιι
2040 2698 2159 2738 SUO.
2186 2701 2204 2734 ι

265 2875 516 2932 Restaret
547 2873 740 2936 modo,
773 2879 832 2926 ut
862 2868 1311 2925 commentarium
1331 2909 1346 2934 ,
1382 2882 1477 2924 seu
1512 2866 1898 2938 metaphrasim
1927 2875 2165 2920 nostram
2193 2879 2316 2918 cum
2356 2861 2595 2925 Epistola
2619 2863 2686 2916 ad
2720 2863 3085 2918 Marcellinum
3125 2880 3409 2936 compara-

198 2991 330 3032 rem.
356 2972 490 3042 Qua:
513 2971 657 3026 enim
690 2969 743 3023 in
772 2983 835 3023 ea
855 2969 1046 3022 beatus
1074 2964 1402 3020 Athanasius
1438 2963 1666 3018 aﬂirmat
1697 2979 1728 3017 a
1762 2971 1954 3018 sancto
1980 2959 2248 3031 Propheta
2271 2960 2413 3016 dicta
2442 2959 2609 3016 fuisse
2642 2961 2695 3015 in
2733 2963 2961 3018 Psalmis
3004 2963 3070 3018 de
3113 2961 3410 3020 Salvatoris

195 3067 427 3120 adventu
449 3102 463 3124 ,
496 3071 550 3116 et
581 3061 648 3116 de
675 3059 795 3129 ejus
816 3069 1016 3115 asterna
1042 3061 1386 3131 generatione
1413 3075 1442 3112 a
1471 3058 1662 3124 Patre,
1694 3073 1927 3128 eumque
1957 3057 2134 3112 Patris
2163 3055 2396 3111 Verbum
2430 3073 2549 3112 esse
2569 3098 2584 3122 ,
2609 3068 2662 3113 et
2693 3059 3023 3130 Sapientiam
3055 3060 3107 3132 (ᾗ
3149 3062 3242 3132 5);
3290 3079 3411 3134 qua:

193 3162 258 3218 de
278 3158 473 3215 Messia
505 3158 730 3228 ejusque
757 3165 957 3212 :eterno
984 3172 1150 3228 regno
1177 3156 1225 3228 (§
1249 3157 1338 3225 6),
1373 3156 1440 3211 de
1469 3154 1778 3210 Judaeorum
1807 3154 2020 3210 insidiis
2040 3197 2054 3221 ,
2081 3154 2370 3224 pravisque
2395 3155 2635 3210 consiliis
2677 3157 2935 3211 adversus
2966 3159 3213 3214 eumdem
3249 3159 3409 3215 Chri-

193 3263 334 3309 stum
366 3249 687 3315 Dominum,
719 3249 891 3320 deque
912 3247 1030 3318 ejus
1066 3249 1414 3304 acerbissima
1450 3247 1704 3317 passione
1730 3245 1783 3316 (ς
1814 3245 1903 3316 7);
1938 3246 2064 3300 item
2095 3245 2160 3299 de
2199 3243 2430 3315 gloriosa
2459 3245 2700 3316 ejusdem
2737 3246 2790 3300 in
2825 3247 3019 3302 caelum
3058 3249 3408 3314 ascensione,

194 3358 304 3403 tum
335 3347 500 3403 etiam
525 3344 767 3400 sessione
789 3342 856 3397 ad
884 3343 1158 3398 dexteram
1195 3342 1388 3410 Patris,
1419 3344 1485 3399 de
1520 3342 1691 3414 pcenis
1714 3356 1776 3396 ac
1801 3339 2078 3410 punitione
2107 3337 2309 3393 diaboli
2341 3335 2392 3408 (§
2425 3337 2507 3407 8):
2538 3337 2754 3392 demum
2779 3339 2844 3393 de
2876 3337 3059 3392 futuro
3081 3341 3308 3409 judicio,
3342 3341 3410 3398 de

193 3439 478 3494 vocatione
506 3433 748 3490 omnium
775 3432 1010 3502 gentium
1031 3474 1046 3498 ,
1074 3444 1128 3489 et
1153 3434 1207 3487 in
1228 3433 1331 3489 line
1363 3433 1523 3488 etiam
1546 3433 1783 3502 ipsorum
1803 3430 2146 3486 Judzeorum:
2188 3429 2301 3484 hac
2328 3444 2544 3500 quoque
2573 3430 2624 3482 in
2658 3440 2844 3484 nostro
2866 3437 3259 3490 commentario
3285 3453 3408 3492 cum

191 3529 245 3585 in
276 3529 529 3586 eumdem
558 3541 776 3583 sensum
806 3523 1048 3596 exposita
1079 3522 1343 3591 legantur,
1377 3522 1501 3577 inde
1526 3522 1698 3592 magis
1727 3521 2006 3591 magisque
2027 3519 2434 3587 comprobatur,
2459 3519 2709 3574 eumdem
2733 3519 3089 3576 Athanasium
3127 3540 3410 3582 commen-

192 3627 310 3680 tarii
331 3623 543 3686 nostri,
577 3636 672 3677 seu
703 3618 1059 3688 metaphrasis
1082 3625 1355 3670 auctorem
1385 3614 1575 3681 fuisse,
1605 3630 1758 3685 asque
1788 3630 1852 3669 ac
1877 3613 2130 3682 Epistola:
2158 3613 2226 3664 ad
2249 3612 2614 3668 Marcellinum
2635 3657 2650 3680 ,
2682 3633 2843 3686 quam
2875 3618 2932 3672 S.
2972 3620 3254 3676 Athanasii
3288 3638 3412 3678 esse

191 3729 348 3770 nemo
370 3711 619 3776 dubitat,
649 3722 875 3778 eamque
903 3717 1150 3761 sanctum
1185 3705 1464 3760 Ductorem
1495 3705 1644 3774 operi
1671 3719 1772 3758 suo
1797 3703 1870 3759 De
1898 3705 2067 3758 titulis
2104 3703 2443 3758 Psalmorum
2484 3710 2719 3778 praeponi
2769 3711 3040 3780 voluisse,
3079 3717 3410 3783 posteritatis

192 3805 467 3862 memoria:
491 3801 747 3858 traditum
778 3808 880 3855 est.
914 3797 1040 3862 Sed,
1065 3799 1322 3868 quoniam
1349 3813 1434 3854 res
1466 3797 1678 3867 longius
1722 3795 2035 3866 procederet
2074 3813 2236 3866 quam
2271 3807 2516 3868 oportet,
2547 3809 2600 3853 et
2634 3801 2914 3870 epistolam
2951 3808 3280 3864 sanctissimi
3317 3827 3405 3867 ar-

191 3897 519 3968 chiepiscopi
546 3896 808 3966 integram
826 3891 1066 3956 exhibui,
1095 3892 1146 3946 id
1171 3893 1415 3948 studioso
1439 3892 1624 3948 lectori
1652 3891 1952 3947 faciendum
1981 3892 2248 3962 relinquo.

253 3987 499 4043 ΧΧΧΙΚ.
524 3986 755 4049 Etenim,
785 3999 852 4038 ne
878 3983 1068 4052 majori
1093 3983 1249 4038 taedio
1272 3983 1531 4052 legentem
1562 3983 1810 4046 afﬁciam,
1841 3982 1905 4037 ad
1937 3983 2095 4038 tinem
2127 3982 2339 4038 dicendi
2363 4000 2621 4054 propero;
2653 3987 2744 4042 sed
2769 3989 3084 4060 priusquam
3115 3992 3166 4048 id
3188 3993 3407 4065 faciam,

187 4090 235 4136 et
268 4083 579 4140 institutum
607 4095 911 4137 sermonem
936 4079 1209 4133 absolvam
1229 4122 1244 4145 ,
1278 4079 1409 4133 illud
1439 4094 1467 4132 a
1494 4093 1581 4133 me
1612 4077 1968 4133 omittendum
2001 4092 2108 4132 non
2137 4086 2249 4146 est,
2277 4093 2402 4134 cum
2435 4079 2679 4135 Latinam
2714 4083 2878 4153 hujus
2920 4090 3281 4158 metaphrasis
3311 4109 3408 4150 seu

187 4179 564 4237 commentarii
595 4178 895 4233 versionem
938 4185 1173 4246 quatuor
1209 4185 1304 4230 aut
1353 4175 1594 4245 quinque
1633 4177 1702 4228 ab
1747 4173 1874 4228 hinc
1915 4173 2073 4228 annis
2108 4188 2231 4228 cum
2267 4174 2639 4230 eruditissimo
2672 4176 2732 4231 P.
2771 4177 3069 4237 Blanchino
3107 4201 3407 4259 congrega-

189 4272 347 4327 tionis
375 4269 612 4326 Oratorii
637 4269 949 4341 presbytero
969 4309 984 4334 ,
1007 4270 1100 4340 qui
1124 4271 1226 4324 alia
1253 4269 1420 4324 etiam
1447 4282 1759 4325 sanctorum
1788 4267 2006 4322 Patrum
2037 4268 2299 4338 opuscula
2325 4269 2378 4323 in
2409 4270 2584 4325 lucem
2619 4273 2777 4328 edere
2807 4275 3066 4345 parabat,
3098 4281 3408 4336 communi-

186 4383 390 4425 cassem
413 4409 430 4436 ,
457 4367 572 4437 ipse
605 4367 658 4422 in
685 4367 958 4437 publicum
989 4366 1267 4422 emittendi
1301 4381 1487 4421 curam
1521 4367 1574 4420 in
1622 4381 1680 4422 se
1720 4365 1996 4434 suscepit,
2038 4364 2398 4435 promisitque
2429 4366 2482 4420 in
2512 4381 2704 4436 opere,
2737 4371 2824 4424 cui
2868 4372 3057 4429 titulus
3093 4394 3106 4429 :
3155 4374 3409 4433 Vindicio:

184 4461 557 4517 scaenicorum
605 4459 1016 4527 Scripturarum.
1045 4457 1236 4514 Postea
1266 4465 1445 4511 autem
1469 4472 1592 4512 cum
1642 4457 1693 4511 ei
1750 4455 2049 4510 scribenda:
2073 4455 2456 4510 ecclesiasticae
2489 4457 2731 4512 historia:
2758 4474 2954 4518 munus
2981 4479 3010 4517 a
3042 4480 3155 4519 suae
3177 4481 3410 4538 congre-

184 4558 411 4625 gationis
440 4555 720 4612 sodalibus
747 4554 981 4609 delatum
1014 4552 1207 4608 fuisset
1228 4593 1244 4618 ,
1277 4552 1616 4608 clarissimus
1646 4549 1728 4604 vir
1754 4553 1936 4621 (quem
1969 4565 2070 4620 ego
2118 4549 2366 4620 pluribus
2396 4549 2497 4604 hoc
2539 4549 2660 4604 1000
2690 4550 2810 4620 iure
2852 4556 3045 4610 ωθνίιο
3090 4557 3404 4627 bimarem.

181 4660 377 4718 easque
399 4645 659 4702 referrem
691 4643 908 4710 laudes,
937 4658 1074 4715 quas
1097 4643 1366 4699 immerito
1407 4643 1461 4696 in
1503 4656 1588 4696 me
1620 4641 1880 4705 contulit,
1913 4642 1967 4695 ni
2013 4654 2228 4695 vererer
2265 4640 2384 4709 ejus
2416 4641 2736 4698 modestiam
2775 4643 3078 4714 olfendere,
3113 4661 3168 4706 et
3213 4655 3407 4710 merito

183 4743 421 4808 censeri,
455 4740 591 4794 alios
621 4739 925 4807 importune
951 4734 1218 4791 laudando
1269 4735 1537 4790 indebitas
1573 4733 1706 4788 mihi
1737 4735 1924 4789 laudes
1967 4733 2100 4786 velle
2143 4732 2425 4801 aucupari}
2464 4732 2619 4787 fidem
2657 4735 2870 4802 publico
2903 4737 3081 4794 datam
3126 4744 3406 4801 exsolvere

182 4836 437 4908 nequivit.
470 4834 652 4904 Itaque
682 4847 750 4886 ne
773 4831 1173 4901 exspectatione
1198 4846 1295 4884 sua
1332 4829 1714 4884 fraudarentur
1737 4844 1918 4882 rerum
1946 4824 2438 4882 ecclesiasticarum
2476 4837 2746 4882 amatores
2767 4868 2784 4891 ,
2810 4839 2862 4883 et
2896 4831 3100 4887 diutius
3127 4833 3400 4894 desidera-

183 4938 298 4984 rent
321 4925 644 4999 pmclarum
668 4937 804 4992 opus
825 4919 1152 4976 sanctissimi
1183 4918 1380 4982 Patris,
1416 4921 1482 4974 de
1514 4919 1671 4989 cujus
1704 4919 1959 4988 operibus
1992 4926 2135 4972 recte
2158 4917 2334 4973 aiebat
2369 4918 2536 4974 abbas
2567 4919 2656 4974 ille
2681 4920 2909 4976 Cosmas
2941 4924 3096 4996 (93'),
3119 4938 3171 4982 et
3197 4934 3400 4988 sancti-

184 5028 288 5074 tate
314 5031 530 5073 morum
555 5023 610 5070 et
631 5011 928 5068 monastica
952 5009 1283 5082 professione
1314 5011 1576 5066 illustris:
1611 5029 1628 5060 ι
1656 5011 1712 5064 Si
1741 5012 2015 5066 inveneris
2049 5010 2253 5079 aliquid
2285 5027 2350 5065 ex
2380 5011 2657 5079 opusculis
2701 5011 2761 5068 S.
2813 5014 3125 5087 Athanasii,
3160 5039 3259 5081 nec
3304 5027 3405 5080 ha-

184 5110 359 5166 bueris
385 5108 631 5164 chartam
657 5104 722 5157 ad
747 5102 1090 5158 scribendum
1111 5143 1125 5167 ,
1150 5102 1202 5155 in
1239 5102 1573 5157 vestimentis
1602 5103 1710 5156 tuis
1743 5104 1919 5158 scribe
1951 5103 2112 5167 illud;
2144 5121 2161 5152 ι
2193 5103 2337 5172 quod
2370 5103 2458 5157 ille
2485 5105 2845 5173 promiserat,
2879 5108 2929 5163 id
2958 5125 3062 5180 ego
3107 5126 3361 5183 praestare
3382 5161 3398 5183 ,

184 5201 352 5271 quoad
383 5214 481 5271 per
513 5196 893 5264 occupationes
927 5193 1156 5257 libebat,
1185 5193 1457 5248 constitui.
1502 5195 1790 5250 Cunctanti
1819 5206 1995 5250 autem
2033 5194 2284 5250 stimulos
2313 5194 2520 5250 addidit
2549 5197 2842 5266 singularis
2870 5199 3177 5272 benignitas
3216 5211 3398 5264 excel-

185 5294 460 5350 lentissimi
493 5288 781 5344 Praenestis
803 5287 1058 5358 principis
1080 5285 1207 5341 Julii
1231 5287 1494 5351 Ctesaris,
1523 5291 1615 5358 qui
1639 5304 1704 5342 ex
1730 5289 2067 5342 nobilissima
2085 5287 2440 5343 Columneusi
2466 5289 2630 5344 domo
2658 5291 2710 5344 in
2742 5289 3091 5349 Barberinam
3127 5295 3393 5355 familiam

185 5384 380 5440 ascitus
399 5378 852 5451 spectatissimam
878 5375 1129 5430 feminam
1161 5376 1456 5446 principem
1485 5376 1790 5431 Corneliam
1821 5377 2126 5432 Barberina:
2150 5378 2334 5447 stirpis
2367 5379 2588 5433 unicum
2632 5391 2906 5451 superstes
2938 5401 3160 5456 germen
3195 5389 3248 5443 in
3285 5407 3400 5445 ειη.

185 5475 492 5532 trimonium
523 5470 698 5535 duxit,
720 5478 773 5524 et
803 5470 1081 5523 universas
1108 5466 1527 5522 Barbcrinorum
1557 5485 1688 5539 opes
1714 5486 1777 5524 ac
1801 5468 2086 5525 facultates
2112 5470 2464 5540 possidendas
2493 5474 2986 5546 custodiendasque
3016 5479 3242 5549 accepit.
3276 5480 3396 5552 Ipse

182 5569 316 5623 enim
339 5612 354 5635 ,
389 5568 483 5639 qui
513 5563 861 5620 vetustissimi
892 5563 1102 5633 generis
1131 5563 1462 5617 nobilitatem
1494 5565 1752 5618 virtutum
1799 5566 2107 5634 praestantia
2143 5565 2428 5620 aemulatur
2451 5608 2465 5630 ,
2511 5583 2743 5639 vereque
2778 5588 3068 5641 germanus
3115 5574 3281 5632 frater
3313 5587 3396 5631 est

186 5677 281 5715 non
304 5663 478 5717 solum
503 5656 772 5713 natalibus
798 5697 812 5720 ,
848 5654 940 5709 sed
970 5653 1132 5709 ctiam
1168 5655 1410 5709 moribus
1439 5657 1854 5712 eminentissimi
1884 5655 2179 5714 cardinalis
2206 5655 2457 5728 Prosperi
2478 5699 2493 5726 ,
2521 5659 2676 5730 cujus
2707 5663 3121 5733 magnanimitas
3143 5706 3158 5734 ,
3203 5667 3394 5725 huma-

247 5836 373 5906 (93')
408 5837 508 5906 Ap.
538 5834 694 5890 Joau.
726 5831 1023 5901 Moschum,
1056 5835 1146 5890 lib.
1176 5851 1226 5899 ι,
1249 5850 1366 5904 cap.
1392 5835 1478 5890 40.
