4164 6480
756 440 863 496 ϐΓΙ
1537 440 1595 495 S.
1636 437 2000 493 ATIIANASII
2040 437 2190 492 OPP.
2232 435 2409 491 PARS
2448 433 2530 488 l'l.
2573 464 2641 474 —
2680 434 3079 490 EXEGETICA.
3880 430 3976 484 648

762 567 932 626 nitas,
956 564 1195 633 probitas
1215 574 1269 619 et
1289 564 1543 633 praeclara
1573 563 1773 633 ingenii
1800 561 2007 615 indoles
2030 559 2096 615 ad
2117 559 2435 629 dignitatem
2458 566 2513 611 et
2550 557 2802 611 virtutem
2838 566 2960 610 nata
2981 596 2996 619 ,
3044 554 3185 608 haud
3217 552 3349 608 satis
3388 550 3595 607 laudari
3631 564 3731 620 pro
3768 547 3976 603 meritis

759 667 965 728 potest;
1000 658 1148 729 ipse,
1176 660 1392 729 inquam
1413 701 1426 723 ,
1456 658 1901 729 praestantissimo
1933 656 2086 710 fratri
2123 655 2266 710 haud
2310 653 2592 709 dissimilis
2621 653 2861 707 codicem
2895 652 3137 706 Graecum
3160 689 3174 713 ,
3214 664 3323 719 quo
3356 648 3695 704 commodius
3720 645 3774 699 in
3802 644 3973 698 lucem

756 750 913 804 edere
938 766 1173 821 possem,
1203 750 1421 806 domum
1452 750 1800 805 deferendum
1832 750 2067 805 tradidit.
2108 747 2323 803 Utinam
2360 747 2441 801 vel
2466 748 2634 801 codex
2662 747 2958 801 doctiorem
2990 761 3073 800 me
3094 746 3439 814 interpretem
3467 752 3659 797 nactus
3686 750 3863 803 esset,
3897 742 3976 801 vel

756 856 857 908 ego
884 842 1119 896 codicem
1149 843 1555 897 correctiorem!
1584 842 1709 897 Erat
1737 843 1902 907 enim,
1930 851 1989 895 nt
2012 841 2263 912 superius
2291 838 2424 903 dixi,
2456 838 2774 902 mendosus,
2808 853 3055 898 mancus.
3088 838 3381 893 oscitanter
3413 836 3673 905 scriptus,
3704 834 3975 903 permistis

757 952 897 1006 saepe
926 938 1251 1008 psalmorum
1278 948 1329 993 et
1362 938 1815 1008 interpretationis
1841 938 2018 992 verbis
2039 978 2053 1003 ,
2089 934 2418 1004 minimeque
2452 934 2858 1003 interpretatio,
2905 944 2962 987 ut
2994 952 3023 987 a
3072 948 3153 986 me
3196 933 3395 987 factum
3431 940 3546 993 est,
3581 932 3634 984 in
3677 929 3974 985 versiculos

751 1028 906 1099 juxta
938 1039 1171 1085 veterem
1195 1029 1530 1085 Psalmorum
1566 1033 1887 1087 divisionem
1913 1030 2187 1085 distincta.
2222 1026 2402 1093 Quare
2424 1026 2468 1080 si
2500 1042 2621 1095 qua:
2650 1027 2839 1081 lectori
2860 1035 3151 1081 occurrant
3182 1040 3301 1095 quae
3331 1024 3466 1080 forte
3490 1024 3745 1087 obscura,
3773 1022 3972 1091 inepta,

756 1121 954 1188 aliena,
978 1130 1030 1176 et
1050 1122 1269 1177 minime
1300 1124 1440 1179 inter
1467 1140 1525 1179 se
1551 1135 1914 1181 consentanea
1947 1123 2259 1186 videantur,
2293 1120 2343 1172 id
2376 1119 2459 1173 vel
2481 1120 2685 1174 codicis
2706 1120 2987 1174 vitiositati
3020 1120 3101 1173 vel
3126 1118 3441 1190 typographi
3476 1117 3701 1173 incuria:
3722 1156 3737 1178 ,
3770 1116 3853 1170 vel
3881 1128 3978 1184 po-

757 1212 864 1268 tius
904 1213 1129 1269 inscitize
1156 1230 1287 1269 mete
1319 1214 1372 1267 in
1404 1213 1606 1269 Grzecis
1630 1214 1922 1277 vertendis,
1954 1210 2269 1282 supplendis
2292 1209 2751 1279 corrigendisque,
2781 1219 2838 1266 ut
2872 1210 3093 1273 tribuat,
3121 1208 3303 1264 velim.

942 1458 1248 1521 Monitum
1309 1456 1390 1517 ad
1456 1456 1773 1518 Lectorem
1801 1468 2162 1537 excerptum
2199 1478 2278 1520 ea:
2334 1457 2654 1519 Antonelli
2703 1458 3071 1537 prie/ctione
3104 1456 3459 1538 Appendici
3490 1458 3776 1538 pra/ima.

823 1597 1180 1670 Posteaquam
1204 1600 1658 1666 Commentarius,
1686 1617 1780 1657 seu
1806 1602 2181 1672 lnterpretatio
2199 1602 2534 1657 Psalmorum
2566 1600 2744 1670 magni
2772 1600 3055 1655 Athanasii
3089 1598 3307 1653 nomine
3339 1598 3594 1668 insignita
3618 1599 3671 1651 in
3697 1599 3970 1669 publicum

752 1693 1056 1763 prodierat,
1094 1692 1228 1747 forte
1256 1692 1468 1748 [Ortuna
1512 1694 1767 1764 contigit,
1810 1703 1871 1747 ut
1900 1696 2192 1763 scriptores
2229 1693 2575 1749 Bibliotheca:
2604 1693 2905 1757 Vaticana,
2942 1707 3064 1746 cum
3099 1693 3311 1748 codices
3344 1692 3397 1746 in
3427 1693 3624 1762 quibus
3658 1693 3970 1761 psalterium

751 1785 954 1855 aliique
980 1784 1184 1839 Veteris
1205 1783 1446 1856 Novique
1472 1785 1803 1842 Testamenti
1832 1788 1953 1840 libri
1985 1789 2329 1842 continentur
2351 1828 2364 1851 ,
2388 1788 2714 1849 evolverent,
2733 1788 2785 1840 in
2820 1802 2943 1841 eum
2976 1787 3271 1841 inciderent
3292 1800 3400 1857 quo
3428 1796 3479 1841 et
3505 1785 3706 1841 Psalmi
3737 1798 3790 1842 et
3815 1786 3974 1841 Com-

752 1882 1052 1936 mentarius
1078 1892 1259 1935 noster
1290 1883 1481 1936 inerat.
1508 1881 1623 1948 Qua
1652 1882 1716 1936 de
1741 1898 1798 1936 re
1832 1883 2009 1937 statim
2036 1883 2349 1937 admonitus
2382 1884 2447 1937 ad
2476 1882 2792 1938 Vaticanam
2822 1882 3203 1937 bibliothecam
3245 1898 3330 1937 me
3356 1882 3593 1948 contuli,
3626 1892 3680 1938 et
3707 1892 3972 1953 potestate

750 1974 883 2027 mihi
903 1988 931 2027 a
956 1972 1439 2042 summoponti‘fice
1468 1973 1754 2029 Benedicto
1777 1971 1892 2025 XIV
1921 1974 2150 2043 benigne
2178 1972 2338 2040 facta,
2368 1974 2605 2029 codicem
2640 1989 2849 2028 mecum
2877 1974 3096 2028 domum
3122 1973 3298 2038 retuli,
3329 1988 3501 2042 eoque
3524 1988 3645 2027 cum
3675 1972 3971 2028 Commen-

751 2066 889 2121 tario
918 2083 946 2120 a
978 2082 1063 2121 me
1090 2067 1145 2121 in
1176 2067 1349 2121 lucem
1377 2069 1541 2133 edito,
1566 2085 1673 2138 quo
1703 2068 1861 2122 citius
1890 2083 1985 2137 per
2017 2069 2395 2138 occupationes
2422 2070 2594 2132 licuit,
2619 2070 2838 2133 collato,
2865 2068 3040 2121 varias
3066 2065 3326 2121 lectiones
3355 2080 3417 2121 ea
3446 2064 3636 2135 majori
3667 2065 3969 2134 diligentia,

748 2176 855 2230 qua
881 2162 1062 2229 potui,
1086 2160 1611 2231 exscripsi,easque.
1638 2172 1786 2217 ratus
1818 2178 1936 2215 sum
1981 2178 2066 2218 me
2125 2180 2237 2217 rem
2268 2173 2475 2233 gratam
2509 2165 2692 2219 lectori
2730 2163 3020 2227 facturum,
3051 2161 3095 2216 si
3125 2161 3191 2214 ad
3216 2160 3415 2214 calcem
3445 2158 3839 2213 Commentarii
3875 2173 3969 2211 seu

750 2257 1208 2324 lnterpretationis
1223 2257 1335 2324 jam
1362 2256 1503 2326 typis
1528 2256 1799 2325 impressa:
1826 2256 2170 2328 adjungerem
2209 2258 2346 2328 (94).
2374 2258 2647 2329 Siquidem
2679 2259 2831 2329 plura
2858 2274 2980 2328 qua:
3018 2258 3071 2311 in
3110 2266 3297 2310 nostro
3330 2254 3512 2310 codice
3541 2255 3767 2309 deerant
3789 2296 3804 2319 ,
3844 2270 3971 2323 sup-

748 2348 995 2417 plentur:
1028 2349 1192 2401 multa
1216 2363 1281 2401 ex
1303 2348 1609 2417 conjectura
1636 2363 1665 2401 a
1691 2363 1775 2402 me
1798 2350 2082 2403 emendata
2107 2350 2523 2405 confirmantur:
2552 2352 2779 2421 plurima
2805 2366 2988 2420 prave,
3019 2349 3295 2411 mendose,
3320 2363 3384 2401 ac
3414 2357 3747 2416 praepostero
3776 2350 3970 2405 ordine

748 2438 946 2509 scripta
979 2438 1345 2508 corriguntur.
1371 2437 1596 2493 Demum
1623 2439 1942 2493 divisionem
1967 2438 2307 2493 Psalmorum
2339 2441 2391 2493 in
2426 2443 2660 2497 minores
2687 2440 2983 2496 versiculos
3008 2456 3101 2509 per
3129 2441 3245 2494 cola
3274 2448 3327 2494 et
3356 2450 3648 2507 commata,
3674 2451 3733 2496 ut
3760 2452 3971 2498 veteres

746 2542 963 2598 vocant,
987 2550 1148 2605 quam
1173 2546 1440 2589 servatam
1466 2532 1632 2587 fuisse
1665 2547 1694 2586 a
1730 2541 1917 2586 nostro
1943 2531 2192 2589 Psalterii
2222 2535 2531 2604 interprete.
2560 2552 2624 2590 ex
2653 2537 2876 2607 antiquo
2901 2551 3049 2589 more
3072 2551 3137 2590 ac
3163 2535 3555 2590 consuetudine
3583 2537 3970 2595 verosimiliter

746 2625 1084 2693 conieceram
1112 2665 1127 2688 ,
1159 2640 1339 2679 veram
1364 2640 1483 2679 esse
1514 2634 1567 2679 et
1598 2624 1819 2679 minime
1852 2627 2276 2682 commentitiam
2317 2626 2603 2683 manifesto
2635 2630 2938 2684 ostenditur
2961 2668 2977 2691 ,
3022 2638 3075 2683 et
3115 2628 3282 2682 multa
3320 2628 3393 2681 ita
3423 2642 3481 2683 se
3512 2627 3747 2692 habere,
3782 2638 3845 2684 ut
3877 2646 3971 2701 per

748 2720 1114 2789 conjecturam
1139 2719 1348 2773 fuerant
1372 2736 1400 2773 a
1426 2735 1509 2774 me
1540 2720 1845 2785 emendata,
1878 2722 2194 2792 probantur.

814 2814 997 2871 Codex
1032 2824 1209 2871 autem
1236 2826 1411 2871 exstat
1432 2817 1483 2869 in
1516 2815 1847 2872 Bibliotheca
1876 2816 2131 2872 Vaticana
2158 2818 2298 2872 inter
2322 2817 2534 2873 codices
2558 2814 2833 2871 Palatinos
2868 2831 3096 2870 numero
3116 2815 3206 2881 ιι,
3233 2830 3294 2869 ea
3323 2813 3497 2869 forma
3522 2831 3686 2885 quam
3718 2820 3886 2889 vulgo
3914 2819 3967 2873 in

745 2920 939 2981 quarto
962 2920 1175 2966 vocant.
1196 2911 1287 2966 Est
1313 2911 1530 2982 quidem
1562 2911 1963 2977 membraneus,
1989 2927 2095 2966 non
2122 2924 2300 2967 autem
2329 2913 2667 2978 chartaceus,
2695 2920 2755 2965 ut
2780 2912 2866 2965 ille
2889 2927 2996 2981 quo
3023 2911 3075 2964 in
3103 2926 3219 2963 mea
3243 2910 3475 2964 editione
3496 2911 3814 2966 adornanda
3840 2927 3967 2967 usus

746 3018 890 3059 sum.
929 3001 1173 3072 Scriptus
1204 3012 1287 3057 est
1316 3003 1512 3056 saculo
1542 3017 1685 3056 nono
1714 3012 1943 3058 exeunte
1967 3043 1983 3069 ,
2017 3012 2074 3058 ut
2097 3020 2160 3059 ex
2191 3005 2502 3060 charactere
2521 3045 2535 3066 ,
2569 3015 2681 3059 tum
2712 3006 2914 3060 certius
2943 3020 3009 3059 ex
3035 3004 3213 3058 verbis
3241 3012 3485 3069 constat,
3518 3020 3640 3074 quae
3666 3005 3721 3060 in
3746 3007 3969 3063 adnota-

748 3094 891 3150 tione
920 3094 987 3149 ad
1014 3095 1215 3150 calcent
1245 3094 1446 3150 codicis
1474 3096 1704 3166 ascripta
1737 3094 2020 3166 leguntur:
2055 3096 2168 3151 haec
2195 3106 2371 3150 autem
2401 3096 2453 3149 in
2477 3096 2727 3151 Latinum
2762 3112 2916 3153 versa
2950 3097 3075 3151 talia
3101 3104 3261 3151 sunt:

1574 3190 1639 3245 Ut
1668 3192 1838 3247 dulcis
1863 3192 2222 3263 navigantibus
2254 3193 2569 3266 tranquillus
2600 3204 2780 3263 portus

1584 3286 1672 3341 Ita
1692 3298 1740 3341 et
1769 3290 2110 3342 scribentibus
2143 3289 2358 3345 ultimus
2390 3307 2583 3345 versus.

1584 3439 1820 3511 Scriptus
1847 3450 1921 3495 est
1953 3441 2082 3495 liber
2107 3444 2203 3495 iste
2230 3442 2525 3511 interpretis
2552 3443 2804 3499 Psalterii

1587 3552 1741 3590 manu
1772 3535 1953 3589 Leonis
1984 3534 2255 3591 Tabularii
2280 3536 2600 3594 Monobasia:

1580 3633 1755 3687 Mense
1785 3634 2017 3703 Augusto
2048 3632 2138 3697 28,
2175 3634 2259 3688 die
2287 3635 2341 3699 2,
2372 3633 2492 3689 Ind.
2533 3676 2546 3690 .
2592 3677 2605 3689 .
2647 3678 2660 3690 .
2703 3672 2721 3693 .

1583 3740 1719 3778 anno
1752 3723 1889 3778 60l5
1918 3722 2073 3794 (94⁸).

1590 3812 1775 3866 Lector
1802 3813 2077 3881 deprecare
2099 3814 2246 3879 mihi,
2279 3824 2335 3867 ut
2362 3833 2451 3885 per
2483 3818 2751 3873 Christum

1583 3905 1770 3958 liberer
1793 3905 1856 3956 ab
1886 3905 2002 3973 ique
2031 3904 2290 3973 gehennae.

816 3998 1030 4057 Codicis
1054 3996 1332 4066 inscriptio
1351 4036 1366 4061 ,
1394 4010 1459 4051 ex
1488 4010 1594 4067 qua
1622 4010 1816 4051 nomen
1848 3995 2084 4049 auctoris
2124 3993 2583 4065 [interpretationis
2613 4000 2949 4061 Psalmorum
2977 4008 3175 4066 certius
3221 4010 3379 4066 nobis
3405 4024 3749 4084 compertum
3779 4017 3960 4085 fieret,

749 4095 943 4164 majori
970 4110 1034 4149 ex
1057 4102 1207 4162 parte
1234 4092 1404 4185 deleta
1429 4101 1531 4185 est.
1567 4090 1798 4147 Litteras
1828 4106 2127 4185 vero,‘qua‘.
2157 4092 2331 4185 adhuc
2354 4106 2665 4165 supersunt,
2698 4107 2752 4153 et
2778 4116 2916 4170 quae,
2946 4120 3053 4174 pm
3075 4114 3340 4161 vetustate
3361 4107 3578 4177 quidem
3612 4110 3727 4179 jam
3757 4112 3961 4185 fugien-

748 4198 862 4253 tes,
890 4186 1069 4255 aliqua
1100 4194 1274 4239 tamen
1300 4184 1603 4251 diligentia,
1630 4192 1684 4237 et
1719 4198 1848 4236 cura
1874 4183 2146 4245 adhibita,
2182 4184 2282 4267 legi
2325 4194 2611 4255 poterant,
2650 4193 2860 4248 caeteris
2898 4196 3120 4251 omnino
3149 4199 3371 4267 deletis,
3413 4202 3514 4259 hoc
3547 4205 3667 4262 loco
3698 4183 3960 4267 ascribam

749 4276 1103 4331 ΕΡΜΗΝΕῙΑ
1136 4275 1427 4328 ΨΑΛΜΩΝ
1464 4313 1476 4325 .
1520 4311 1535 4327 .
1581 4314 1594 4327 .
1634 4314 1647 4328 .
1694 4315 1705 4327 .
1750 4312 1761 4323 .
1808 4310 1821 4324 .
1865 4313 1877 4325 .
1921 4271 2080 4325 (31οΥ
2115 4266 2250 4324 ΤΟΥ
2289 4313 2302 4327 .
2346 4312 2359 4327 .

1226 4266 2870 4337 ,ΛΜΩΝ........(]1οΥΤΟῩ...........

748 4383 842 4425 eas
864 4376 1042 4421 autem
1077 4368 1154 4423 sic
1185 4367 1449 4438 legerem:

956 4524 1309 4581 ΕΡΜΗΝΕΙΛ
1346 4526 1639 4581 ΨΔΔΜΩΝ
1672 4527 2060 4587 ΑΘΑΝΛΣΙΟΥ
2098 4530 2233 4586 ΤΟΥ
2270 4532 2586 4587 ΜΕΓΑΔΟΥ

1531 4684 2081 4743 INTERPRETATIO
2116 4686 2543 4748 PSALMORUM
2585 4693 2796 4749 MAGNI
2829 4694 3197 4755 ATHANASII

822 4864 948 4922 Post
969 4868 1375 4939 inscriptionem
1402 4870 1646 4940 sequitur
1669 4870 1879 4941 primus
1905 4872 2145 4942 psalmus
2166 4890 2288 4930 cum
2311 4876 2767 4948 interpretatione,
2792 4897 2912 4953 quae
2932 4882 3117 4939 deerat
3140 4882 3192 4937 in
3218 4894 3406 4943 nostro
3430 4888 3638 4946 codice.
3674 4892 3781 4949 Sed
3805 4898 3958 4954 verba

754 4964 945 5034 psalmi
974 4974 1028 5017 et
1055 4965 1503 5045 interpretationis
1529 4966 1613 5021 vel
1638 4975 1927 5033 vetustate,
1965 4970 2048 5023 vel
2072 4970 2425 5039 humiditate,
2454 4977 2536 5030 vel
2574 4976 2680 5031 alio
2703 4993 2831 5033 casu
2877 4994 2986 5035 non
3038 4980 3259 5035 minima
3302 4997 3368 5035 ex
3400 4992 3553 5051 parte
3591 4986 3882 5045 obliterata
3908 5000 3957 5045 et

753 5066 1000 5200 fot‘rupln
1029 5073 1136 5158 non
1157 5059 1358 5129 absque
1386 5061 1617 5115 maxima
1638 5060 1944 5117 difﬁcultate
1965 5064 2065 5135 legi
2090 5074 2407 5135 potuerunt;
2432 5084 2494 5125 ca
2519 5079 2694 5125 autem
2717 5090 3039 5145 quacunque
3060 5075 3207 5145 potui
3229 5074 3506 5145 diligentia
3531 5093 3560 5131 a
3586 5095 3672 5135 me
3692 5081 3954 5155 descripta

775 5157 919 5200 ector
944 5160 1184 5200 renertet.

775 5157 919 5201 ector
944 5157 1184 5215 reperiet.

828 5328 1589 5421 eihi-Quaerereantonellus
1616 5336 1704 5416 .ad
1746 5336 1946 5417 calcem
1990 5334 2289 5390 Commen-
2473 5339 2607 5421 (94‘)
2635 5342 2742 5421 An.
2770 5342 2967 5421 εδοξε
2990 5347 3265 5421 creatione
3308 5350 3493 5406 mundi
3540 5352 3682 5421 apud
3726 5355 3951 5420 Graecos,

756 5404 874 5455 tarii
900 5404 1163 5471 adjunxit,
1194 5416 1290 5457 nos
1312 5404 1424 5458 suis
1454 5404 1582 5459 locis
1615 5405 1939 5463 inseruimus
2408 5404 2489 5462 est
2520 5427 2548 5463 a
2584 5404 2857 5469 nativitate
2876 5413 3073 5469 Christi
3104 5417 3223 5473 897.
