4164 6476
704 414 796 469 651
1541 405 1594 462 S.
1636 402 2004 460 ATHANASII
2043 403 2192 461 OPP.
2234 403 2412 459 PARS
2449 405 2535 460 ill.
2577 436 2642 446 --
2683 405 3091 464 EXEGETICA.
3818 406 3915 461 652

778 526 1376 584 INTERPRETATIO
1433 522 1880 580 PSALMORUJI
1940 522 2182 576 MACNI
2287 532 2330 585 Α

1264 617 1454 672 ΑΤΗΑ
1470 615 1700 670 ΝΑΞΗ.

1349 708 1545 764 ρεΑι.
1583 707 1629 761 1.

775 808 823 860 1.
864 807 1059 859 Beatus
1085 805 1184 867 vir,
1208 805 1300 873 qui
1320 819 1424 857 non
1449 802 1652 857 abiitin
1690 815 1921 855 consqu
1943 814 2256 868 .mpiorum,

774 1001 827 1054 2.
858 1002 921 1055 Et
951 999 1002 1052 in
1035 999 1118 1051 via
1151 1007 1495 1067 peccatorum
1530 1011 1633 1048 non
1669 995 1839 1049 stetit.

775 1094 945 1160 Quam
985 1093 1128 1146 beati
1168 1101 1313 1154 sunt,
1354 1090 1446 1158 qui
1499 1088 1625 1141 talia
1659 1096 1710 1142 et
1735 1088 1806 1140 ita
1844 1085 2083 1140 faciunt!

775 1187 826 1240 5.
854 1187 917 1239 Et
949 1186 1000 1238 in
1033 1183 1288 1238 cathedra
1325 1180 1647 1249 pestilentia:
1685 1193 1791 1231 non
1826 1177 1981 1231 sedit.

777 1275 970 1346 Ioseph
1000 1275 1161 1327 etiam
1191 1273 1258 1326 ab
1307 1272 1634 1325 Mimatlnea
1689 1285 1794 1323 non
1839 1268 2085 1324 consedit
2142 1283 2261 1321 cum

705 1370 924 1423 ludatis.

775 1462 828 1515 4.
867 1459 970 1514 Sed
1002 1460 1054 1512 in
1088 1459 1202 1527 lege
1242 1457 1453 1511 Domini
1478 1457 1729 1510 voluntas
1763 1455 1905 1525 ejus,

776 1550 1078 1620 Explorans
1105 1549 1245 1618 quod
1282 1547 1390 1602 Deo
1451 1548 1707 1617 placitum
1735 1555 1837 1609 est,
1869 1555 1920 1599 et
1949 1543 2078 1598 illud
2107 1543 2200 1614 (a).

778 1643 829 1699 5.
865 1641 927 1695 Et
956 1643 1008 1696 in
1032 1641 1144 1712 lege
1167 1642 1284 1710 eius
1317 1641 1668 1694 meditabitur
1701 1640 1787 1693 die
1813 1654 1877 1693 ac
1910 1648 2084 1692 nocte.

779 1824 830 1878 6.
875 1823 935 1878 Et
959 1822 1062 1879 erit
1087 1831 1342 1892 tanquam
1374 1822 1601 1892 lignum,
1646 1821 1788 1890 quod
1834 1819 2135 1889 plantatum
2183 1825 2267 1871 est

709 1932 866 1971 secus
912 1915 1175 1970 decursus
1204 1930 1491 1984 aquarum.

783 2009 874 2064 Die
902 2025 963 2065 ac
991 2018 1148 2063 nocte
1181 2006 1450 2062 meditans
1484 2006 1535 2060 in
1589 2005 1719 2074 lege,
1760 2015 1844 2058 est
1884 2003 2048 2058 veluti
2105 2001 2265 2056 arbor

711 2105 1371 2175 (b)..........
1447 2095 2227 2168 ..irrigataa(c)....

710 2197 788 2268 (ὀ)
832 2235 845 2250 .
889 2235 903 2250 .
949 2237 962 2249 .
1007 2236 1019 2249 .
1064 2236 1076 2248 .
1121 2194 1174 2248 in
1201 2191 1454 2262 paradiso
1498 2190 1567 2261 (e)
1613 2230 1625 2244 .
1670 2230 1684 2243 .
1731 2229 1745 2244 .
1788 2230 1800 2244 .
1848 2190 1920 2243 ita
1963 2198 2016 2244 et
2042 2189 2106 2260 (ι)
2153 2230 2165 2241 .
2215 2229 2226 2241 .

711 2290 960 2361 (9)..-

783 2471 830 2523 7.
870 2467 1022 2534 Quod
1054 2466 1290 2521 fructum
1348 2479 1506 2519 suum
1549 2462 1698 2517 dabit
1741 2461 1793 2514 in
1850 2469 2093 2530 tempore
2143 2474 2262 2514 suo.

779 2562 914 2616 Cum
978 2559 1052 2627 (la)
1096 2599 1108 2612 .
1154 2599 1166 2612 .
1214 2599 1227 2612 .
1277 2555 1656 2625 tempestivum
1693 2552 1927 2608 fructum
1987 2551 2263 2611 Drzebebit.

780 2734 832 2789 8.
867 2733 931 2788 Et
959 2732 1081 2786 folia
1108 2733 1222 2800 ejus
1255 2747 1362 2785 non
1398 2729 1635 2786 deﬂuent
1656 2771 1670 2791 .

779 2825 844 2879 Et
877 2825 1042 2880 decor
1069 2824 1265 2878 animae
1309 2839 1417 2877 non
1456 2822 1690 2876 excidet.

777 2921 830 2975 9.
863 2918 920 2972 Et
946 2917 1126 2971 omnia
1157 2931 1492 2986 quaecunque
1529 2913 1689 2969 faciet
1713 2913 2200 2984 prosperabuntur.

781 3011 1128 3082 Diligentibus
1171 3019 1349 3064 autem
1399 3007 1561 3061 Deum
1588 3007 1765 3060 omnia
1813 3009 1872 3076 (ἰ)
1900 3009 1936 3060 ¹.
1986 3046 1999 3060 .
2041 3047 2053 3059 .

780 3104 864 3157 10.
894 3100 1010 3154 Non
1035 3102 1113 3155 sic
1137 3101 1312 3168 impii,
1338 3115 1442 3152 non
1481 3100 1582 3164 sie,
1623 3099 1717 3155 sed
1753 3108 2009 3170 tanquam
2059 3099 2262 3168 punis,

709 3197 871 3264 quem
897 3192 1110 3263 projicit
1141 3203 1337 3246 ventus
1398 3205 1428 3243 a
1460 3188 1598 3244 faeie
1631 3199 1808 3244 terrm.

773 3292 1165 3356 (k).....
1225 3322 1238 3338 .
1507 3292 1621 3336 mali

709 3391 957 3433 eranum
980 3385 1224 3445 paratum
1248 3375 1342 3443 (m)
1371 3378 1411 3430 ’.
1466 3415 1480 3430 .
1535 3416 1547 3429 .
1609 3415 1621 3428 .

782 3553 871 3609 ll.
908 3551 1034 3606 Ideo
1057 3566 1166 3606 non
1192 3558 1476 3620 resurgent
1501 3549 1650 3618 impii
1682 3548 1956 3617 injudicio
1975 3589 1990 3614 ,

779 3645 856 3699 Ad
889 3642 982 3698 Dei
1010 3641 1517 3711 interrogationem.

777 3737 865 3792 ιε.
889 3733 1076 3804 Neque
1107 3742 1418 3804 peceatores
1452 3733 1504 3785 in
1538 3732 1766 3787 consilio
1786 3730 2084 3800 iustorum.

781 3827 838 3881 In
897 3825 1312 3896 congregatione
1365 3824 1676 3894 justorum.
1739 3825 1949 3896 inquit;
1995 3825 2268 3895 separabit

711 3921 853 3977 enim
879 3919 1058 3990 justos
1089 3933 1117 3972 a
1149 3917 1539 3986 peccatoribus.

782 4016 870 4070 15.
901 4011 1169 4080 Quoniam
1191 4012 1365 4066 noscit
1399 4011 1660 4066 Dominus
1690 4011 1832 4065 viam
1853 4011 2123 4081 iustorum
2144 4053 2158 4076 ,

779 4105 913 4174 Quia
947 4116 1104 4160 rectae
1134 4111 1262 4157 sunt
1285 4102 1548 4167 actiones,
1576 4103 1630 4157 in
1655 4102 1858 4172 quibus
1889 4103 2192 4157 ambulant.

783 4297 866 4353 14.
899 4297 965 4352 Et
985 4297 1070 4351 \‘ia
1100 4295 1387 4366 impiorum
1420 4295 1634 4366 peribit.

779 4389 1199 4446 Adinventiones
1243 4389 1442 4444 diaboli
1493 4397 1617 4459 post
1669 4389 2128 4446 resurrectionem
2156 4403 2264 4443 non

710 4489 943 4561 amplius
975 4496 1153 4543 erunt.

785 4668 798 4698 ⁸
825 4665 987 4720 Rom.
1026 4679 1140 4729 vni,
1167 4663 1256 4718 28.
1361 4665 1381 4694 ’
1405 4663 1592 4720 Matth.
1619 4681 1745 4728 χειν,
1781 4664 1869 4719 ll.

801 4823 853 4894 a)
887 4817 1135 4894 faciens.

801 4889 849 4963 ο)
878 4891 1112 4963 _Se_mper
1145 4891 1280 4946 bene
1319 4889 1518 4954 virens,
1543 4897 1610 4944 et.

798 4961 844 5024 οἱ
876 4961 1048 5015 Dulci.

799 5032 852 5100 ιι)
895 5029 1080 5086 Fonte.

797 5104 841 5170 e)
881 5101 1265 5156 lndesinenter.

798 5173 846 5244 Ι)
884 5171 970 5244 HL.

827 5240 842 5312 )
885 5245 929 5296 Α
963 5240 1209 5294 Domino.

827 5245 842 5312 )
885 5245 929 5296 Α
963 5245 1209 5294 Domino.

771 5245 847 5386 ᾖ)
883 5312 1171 5386 ᾼᾱνεηοτὶι
1209 5309 1390 5386 Iesus.

795 5387 834 5449 ἱ)
871 5383 1228 5450 Cooperuntur
1255 5382 1308 5434 in
1345 5386 1554 5435 bonum.

795 5387 834 5449 ἱ)
871 5387 1228 5450 Cooperuntur
1255 5387 1308 5434 in
1345 5387 1554 5435 bonum.

771 5387 844 5524 tk)
874 5453 1007 5524 Cum
1044 5452 1185 5506 dicet
1216 5453 1347 5521 ipsis
1387 5469 1398 5505 :
1440 5451 1611 5505 Abite.

794 5523 831 5591 Ι)
869 5521 931 5575 1η
959 5523 1147 5592 ignem.

770 5529 1198 5665 ginlzigxz'zkz
1227 5595 1425 5649 anaelis
1456 5595 1590 5664 ejus.

1507 3283 1892 3352 maledicti“)
1945 3321 1958 3336 .
2019 3322 2033 3336 .
2102 3322 2114 3334 .
2172 3321 2187 3334 .
2251 3323 2265 3336 .

2494 527 2869 578 ΕΡΜΗΝΕΙΑ
2917 528 3242 580 ΨΑΛΜΩΝ.
3325 567 3336 578 .
3416 564 3427 577 .
3509 563 3520 576 .
3603 562 3616 575 .
3697 562 3712 576 .

2674 617 3032 669 ΣΙΟΥΤΟΥ.
3123 657 3135 669 .
3215 654 3228 668 .
3308 653 3322 663 .
3400 651 3414 660 .
3491 651 3506 660 .
3593 651 3606 663 .

2983 711 3131 762 ΨΑΛ
3143 748 3155 761 .
3183 712 3261 761 Α’.

2433 799 2482 854 1.
2523 800 2802 871 Μακάριος
2824 799 2980 872 ἀνὴρ,
3015 799 3072 858 ὃς
3102 800 3199 850 οὐκ
3227 797 3492 868 ἐπορεύθη
3524 799 3580 849 tv
3611 796 3773 867 βουλῇ
3801 798 3917 848 ἀσε-

2361 889 2491 954 ϐῶν,

2431 982 2481 1034 ‘2.
2526 981 2632 1035 Καὶ
2658 983 2714 1035 ἐν
2741 980 2841 1051 ὁδῷ
2874 982 3206 1052 ἁμαρτωλῶν
3229 981 3325 1034 οὐκ
3351 981 3498 1052 ἔστη.

2445 1075 2529 1136 Ὠς
2549 1074 2803 1144 μακάριοι
2831 1074 3026 1136 πάντες
3058 1076 3104 1126 οἱ
3129 1074 3405 1136 ποιοῦντες
3434 1073 3605 1135 οὕτως
3635 1072 3916 1135 ὼσαὺτωςῐ

2433 1167 2484 1220 3.
2528 1167 2635 1218 Καὶ
2666 1168 2755 1218 ἐπὶ
2788 1165 3020 1237 καθέδρᾳ.
3050 1165 3249 1235 λοιμῶν
3282 1167 3381 1217 οὐκ
3415 1164 3688 1218 ἐκάθισεν.

2446 1257 2502 1310 '0
2527 1257 2620 1310 καὶ
2672 1256 2868 1324 Ἰωσὴφ
2909 1255 3015 1307 ἀπὸ
3072 1253 3428 1326 Ἀριμαθαίας
3472 1253 3528 1305 οὐ
3565 1252 3923 1319 συγκαθέζετο

2363 1351 2473 1412 τοῖς
2515 1348 2808 1408 Ἰουδαίοις.

2433 1443 2483 1495 4.
2539 1440 2672 1493 Ἀλλ’
2705 1439 2736 1511 ἢ
2768 1441 2823 1492 tv
2854 1438 2931 1508 τῷ
2960 1437 3105 1509 νόμῳ
3144 1436 3348 1508 Κυρίου
3391 1435 3451 1486 τὸ
3483 1433 3693 1504 θέλημα
3729 1433 3919 1488 αὐτοῦ’

2432 1535 2728 1605 Δοκιμάζον
2757 1535 2813 1586 τὸ
2847 1533 3136 1604 εὐάρεστον
3161 1529 3235 1601 τῷ
3268 1527 3405 1599 Θεῷ,
3443 1529 3536 1580 καὶ
3567 1526 3724 1579 τοῦτο
3759 1527 3921 1594 (a)....

2436 1628 2488 1681 5.
2532 1629 2636 1680 Καὶ
2682 1629 2739 1679 tv
2768 1624 2844 1696 τῷ
2869 1625 3016 1695 νόμῳ
3051 1621 3211 1676 αὑτοῦ
3253 1621 3538 1693 μελετήσει
3581 1619 3793 1690 ἡμέρας
3841 1620 3926 1668 καὶ

2368 1719 2577 1781 νυκτός.

2437 1812 2488 1866 6.
2531 1812 2638 1865 Καὶ
2673 1810 2822 1862 ἔσται
2855 1808 2927 1872 ὼς
2957 1808 3015 1860 τὸ
3051 1806 3224 1872 ξύλον,
3253 1807 3314 1861 τὸ
3345 1806 3751 1876 πεφυτευμένον
3783 1804 3927 1875 παρὰ

2297 1895 2339 1949 Β
2367 1906 2464 1968 τὰς
2493 1904 2752 1968 διεξόδους
2784 1903 2890 1954 τῶν
2919 1901 3143 1954 ὑδάτων.

2447 1993 2684 2064 Ἡμέρας
2709 1994 2801 2046 καὶ
2826 1991 3016 2055 νυκτὸς
3055 1990 3289 2062 μελετῶν
3324 1990 3378 2042 ἐν
3410 1988 3485 2059 τῷ
3509 1988 3675 2058 νόμῳ,
3713 1988 3787 2049 ὡς
3814 1987 3925 2039 δέν-

2366 2085 2791 2157 δρονὲστὶνῲ).
2869 2122 2885 2138 .
2965 2123 2979 2137 .
3059 2122 3073 2138 .
3155 2123 3166 2134 .
3244 2119 3259 2136 .
3337 2121 3351 2135 .
3430 2121 3441 2133 .
3523 2121 3537 2134 .
3582 2080 3927 2148 ποτιζόμενον

2369 2178 2593 2247 ὑπὸτῆς
2626 2176 2692 2245 γλ
2733 2176 2824 2246 (c).
2905 2214 2920 2228 .
2996 2212 3012 2230 .
3092 2213 3106 2227 .
3185 2214 3196 2228 .
3229 2174 3327 2242 (it).
3407 2216 3420 2228 .
3501 2215 3513 2228 .
3551 2175 3608 2225 tv
3648 2171 3722 2242 τῷ
3765 2189 3928 2243 παρα-

2366 2270 2555 2340 δείσῳ.
2635 2309 2649 2324 .
2729 2308 2742 2322 .
2819 2304 2837 2325 .
2876 2284 3013 2331 στως
3050 2263 3154 2337 (e),
3201 2265 3373 2328 οὕτως
3409 2265 3522 2320 καὶ.
3601 2303 3615 2318 .
3696 2305 3706 2316 .
3747 2263 3809 2335 (0
3852 2281 3928 2316 τοι

2367 2362 2489 2416 ὑπὸ.
2569 2401 2583 2416 .
2661 2402 2675 2417 .
2713 2361 2788 2432 (δι)
2829 2378 2880 2413 υ.

2440 2453 2490 2507 7.
2538 2454 2601 2506 Ὃ
2631 2453 2720 2506 τὸν
2755 2451 2963 2523 καρπὸν
2995 2449 3156 2503 αὑτοῦ
3189 2448 3345 2510 δώσει
3380 2450 3436 2502 tv
3471 2447 3644 2521 καιρῷ
3678 2447 3841 2501 αὑτοῦ

2448 2545 2640 2600 Ἦνίκα
2683 2563 2832 2617 παρα
2872 2545 2972 2615 (Ιι).
3053 2585 3065 2597 .
3147 2582 3161 2598 .
3240 2584 3252 2596 .
3333 2584 3346 2599 .
3424 2581 3436 2595 .
3516 2539 3928 2612 .ὖς,παραδώ-

2370 2656 2449 2692 σει
2476 2638 2679 2711 ῶριμον
2710 2638 2799 2690 τὸν
2824 2637 3053 2707 καρπόν.

2439 2737 2490 2790 8.
2533 2734 2642 2788 Καὶ
2673 2732 2739 2786 τὰ
2772 2731 2945 2801 φύλλα
2975 2731 3136 2784 αὑτοῦ
3170 2730 3266 2783 οὐκ
3295 2731 3718 2801 ἁποῤῥυήσεται.

2439 2829 2548 2880 Καὶ
2579 2829 2612 2898 ἡ
2643 2825 2944 2895 εὐπρέπεια
2972 2822 3071 2892 τῆς
3095 2821 3271 2893 ψυχῆς
3309 2823 3408 2875 οὐκ
3435 2822 3769 2872 ἐκπεσεῖται.

2436 2923 2488 2977 9.
2536 2921 2644 2974 Καὶ
2677 2919 2854 2972 πάντα
2888 2919 2988 2972 ὅσα
3020 2917 3084 2972 ἂν
3113 2919 3237 2987 ποιῇ
3266 2913 3779 2984 κατευοδωθήσεται.

2445 3012 2572 3078 Τοῖς
2606 3013 2701 3082 μὲν
2727 3009 2998 3080 ἀγαπῶσι
3027 3011 3131 3064 air
3158 3009 3305 3063 Θεὸν
3331 3006 3522 3060 πάντα
3548 3023 3700 3060 συνε
3732 3006 3817 3075 (i).
3861 3046 3872 3058 .
3914 3039 3927 3055 .

2440 3106 2526 3160 10.
2570 3107 2680 3174 Οὐχ
2708 3103 2878 3165 οὕτως
2908 3103 2956 3156 οἱ
2985 3103 3216 3165 ἀσεϐεῖς,
3244 3102 3341 3171 οὐχ
3375 3100 3564 3163 οὕτως,
3595 3098 3707 3152 ἀλλ’
3744 3097 3777 3168 ἢ
3809 3097 3932 3152 ὡσεὶ

2296 3241 2337 3298 C
2371 3202 2549 3271 χνοῦς,
2579 3199 2636 3251 ὃν
2663 3197 2909 3267 ὲκρίπτει
2940 3197 2967 3248 ὁ
3000 3196 3195 3264 ἄνεμος
3225 3195 3332 3248 ἀπὸ
3367 3193 3657 3264 προσώπου
3688 3191 3787 3261 τῆς
3812 3190 3928 3261 γῆς.

2442 3293 2540 3364 (k).
2621 3329 2634 3343 .
2713 3331 2726 3344 .
2810 3332 2820 3344 .
2904 3331 2917 3344 .
2998 3329 3010 3341 .
3090 3327 3105 3341 .
3185 3284 3639 3354 .⁹Υπὰγετε,οἱ
3688 3299 3935 3350 κατηρα-

2364 3384 2537 3454 μένοι
2602 3384 2686 3452 (Ι).
2776 3422 2788 3435 .
2881 3422 2892 3434 .
2973 3420 2985 3434 .
3079 3419 3092 3432 .
3161 3379 3401 3430 αἰώνιον
3457 3378 3522 3429 τὸ
3579 3374 3935 3444 ἡτοιμασμέ-

2370 3477 3568 3547 νον(ιιι)...........

2442 3569 2528 3622 1-1.
2569 3567 2666 3620 Διὰ
2691 3565 2846 3619 τοῦτο
2870 3566 2968 3619 οὐκ
2998 3565 3388 3634 ἀναστήσονται
3414 3559 3627 3624 ἀσεϐεῖς
3655 3561 3713 3614 tv
3739 3560 3932 3630 κρίσει,

2443 3661 2533 3724 Εἰς
2569 3657 2904 3730 ὲπερῶτησιν
2937 3655 3031 3710 τοῦ
3067 3655 3201 3708 Θεοῦ

2449 3750 2529 3802 12.
2577 3748 2708 3801 Οὐδὲ
2741 3746 3054 3818 ἁμαρτωλοὶ
3094 3748 3149 3799 tv
3181 3745 3342 3814 βουλῇ
3371 3743 3615 3798 δικαίων.

2453 3843 2540 3894 Ἐν
2565 3844 2629 3911 τῇ
2662 3841 2947 3908 συναγωγῇ
2974 3837 3080 3890 τῶν
3103 3837 3322 3890 δικαίων
3349 3835 3524 3904 λέγει’
3558 3835 3808 3907 ἀφορίζει
3835 3833 3938 3905 γὰρ

2375 3937 2569 3995 αὐτοὺς
2601 3933 2838 3997 δικαίους
2865 3931 2973 3986 ἀπὸ
3003 3931 3110 3984 τῶν
3148 3929 3507 4000 ἁμαρτωλῶν.

2449 4030 2531 4081 15.
2575 4029 2693 4080 ’Ότι
2721 4024 2978 4094 γινώσκει
3021 4023 3224 4095 Κύριος
3249 4023 3365 4076 ὁδὸν
3399 4021 3646 4075 δικαίων.

2459 4119 2674 4192 Ἐπειδὴ
2708 4121 2764 4173 αἱ
2797 4119 3020 4192 πράξεις
3068 4117 3276 4181 αὐτῶν,
3319 4118 3376 4170 tv
3418 4110 3505 4180 αἷς
3554 4115 3935 4186 περιεπάτουν,

2374 4211 2532 4284 ὀρθαί
2573 4213 2698 4265 εἱσι.

2451 4305 2534 4360 14.
2580 4305 2688 4358 Καὶ
2719 4304 2835 4367 ὁδὸς
2868 4303 3078 4357 ἀσεϐῶν
3116 4300 3413 4356 ἀπολεῖται.

2445 4399 2524 4451 Τὰ
2555 4396 2961 4467 ἐπιτηδεύματα
3002 4395 3095 4448 τοῦ
3129 4392 3371 4448 διαϐόλου
3410 4388 3547 4462 μετὰ
3578 4391 3678 4462 τὴν
3707 4391 3936 4447 ἀνάστα-

2379 4508 2458 4546 σιν
2490 4493 2591 4545 οὺκ
2617 4491 2695 4543 ἔτι
2731 4491 2958 4547 ἔσονται.

2448 4820 2521 4888 (a)
2556 4819 2729 4873 Ποιῶν
2753 4819 2928 4888 suppl.

2473 4893 2522 4959 b)
2571 4891 2679 4961 Ἀεὶ
2710 4887 2982 4961 εὐθάλλον,
3020 4889 3110 4943 καί
3145 4887 3325 4961 suppl.

2469 4961 2518 5030 c)
2557 4960 2814 5023 Γλυκείας
2848 4961 3020 5029 suppl.

2471 5032 2524 5085 dl
2566 5031 2757 5085 Πηγῆς
2792 5033 2963 5085 sunnl.

2448 5032 2524 5099 id)
2566 5032 2757 5100 Πηγῆς
2792 5033 2963 5099 suppl.

2447 5101 2518 5181 (le)
2548 5101 2863 5181 Ἀπαὺστως
2886 5103 3070 5181 _suppl.

2475 5166 2522 5240 Ι)
2552 5166 2708 5224 Οὗτοι
2742 5172 2917 5240 suppl.

2473 5241 2524 5311 ε)
2564 5241 2767 5309 Κυρίου
2808 5241 2983 5310 suppl.

2445 5310 2526 5392 (uti)
2549 5312 2922 5392 Papayivftat
2973 5310 3172 5392 Ἰησους
3205 5310 3378 5392 suppl:

2444 5381 2506 5452 (ᾖ)
2539 5383 2823 5452 Συνεργεῖ
2853 5385 2938 5448 εἰς
2963 5382 3393 5452 ἀγαθόνίευρρι.

2444 5451 2519 5520 (k)
2564 5453 2682 5505 Ὅτι
2710 5451 2823 5524 ἐρεῖ
2848 5455 3026 5516 αὐτοῖς
3058 5451 3233 5521 suppl.

2441 5523 2500 5602 (l)
2523 5525 2650 5602 ἱείς.
2675 5523 2792 5602 πῦρ
2804 5525 2997 5602 suppl.

2441 5593 2538 5662 (nr)
2577 5593 2658 5658 Τῷ
2691 5593 2945 5660 διαϐόλῳ
2975 5595 3072 5647 καὶ
3106 5594 3228 5661 τοῖς
3253 5593 3530 5664 ἀγγέλοις
3563 5591 3753 5650 αὐτοῦ
3787 5605 3934 5666 suppo
