4164 6502
247 451 360 509 653
1206 451 1292 504 DE
1330 448 1602 505 TITULlS
1635 448 2082 506 PSALMORUM.
2124 480 2191 488 —
2221 448 2416 504 PSAL.
2459 447 2521 503 11.
3380 449 3488 506 654

665 566 1100 635 ﬁnxi-{pugneo
1146 567 1293 619 ΨΑΛ
1305 605 1319 620 .
1360 563 1438 617 ιγ.
1855 569 1898 624 Α

1392 563 1438 617 l’.
1855 569 1898 624 Α
2379 562 2500 616 Sine
2518 565 2692 615 titulo.
2720 561 2920 617 PSAL.
2955 559 3036 617 11.

326 659 378 714 1.
423 660 538 712 ’Ἰνα
569 657 621 710 τί
656 657 933 728 ἐφρύαξαν
971 656 1120 727 ἔθνη,

1996 655 2045 708 1.
2068 654 2245 720 Quare
2273 653 2609 709 fremuerunt
2633 663 2844 724 gentes,

323 751 379 805 2.
417 750 527 802 Καὶ
556 750 676 802 λαοὶ
708 749 1038 819 ἐμελέτησαν
1071 747 1234 808 κενάς

1991 747 2044 801 9..
2075 746 2139 800 Et
2178 747 2362 816 populi
2393 747 2632 802 meditati
2657 757 2786 802 sunt
2821 747 3043 802 inania?

322 842 376 896 5.
419 841 772 912 Παρὲστησαν
798 842 846 892 οἱ
879 839 1118 910 βασιλεῖς
1147 839 1244 908 τῆς
1278 839 1401 907 γῆς.

1147 839 1244 908 τῆς
1278 839 1401 907 γῆς.
1993 839 2046 894 3.
2080 839 2381 894 Astiterunt
2404 854 2558 910 reges
2591 848 2767 904 terra,

322 931 377 986 4.
419 933 526 984 Καὶ
558 932 606 984 οἱ
638 931 892 1001 ἄρχοντες
924 930 1266 1001 συνήχθησαν
1294 931 1385 982 ἐπὶ
1413 930 1473 983 τὸ
1501 929 1650 991 αὐτὸ,
1680 928 1821 981 κατὰ

1997 930 2050 984 4.
2077 929 2142 983 Et
2169 931 2441 1002 principes
2495 940 2868 986 convenerunt
2900 933 2955 987 in
3008 949 3198 1000 unum,
3224 932 3486 989 adversus

246 1021 346 1075 τοῦ
386 1023 590 1094 Κυρίου
631 1024 724 1074 καὶ
757 1023 897 1076 κατὰ
926 1021 1019 1074 τοῦ
1050 1021 1286 1095 Χριστοῦ
1321 1021 1505 1075 αὑτοῦ.

1451 1021 1505 1074 ηῦ.
1926 1019 2233 1088 Dominum,
2269 1030 2323 1076 et
2356 1023 2617 1077 adversus
2646 1023 2923 1079 Christum
2955 1025 3095 1095 ejus.

328 1116 382 1168 5.
425 1114 816 1185 Διαῤῥήξωμεν
847 1115 973 1178 τοὺς
1012 1115 1244 1185 δεσμοὺς
1270 1113 1468 1176 αὐτῶν,

1285 1113 1468 1176 ιὺτῶν,
1991 1115 2042 1170 5.
2073 1115 2455 1185 Dirumpamus
2479 1118 2688 1171 vincula
2720 1133 2929 1182 eorum,

322 1205 376 1260 6.
419 1207 528 1259 Καὶ
564 1205 954 1277 ἀπορρίψωμεν
993 1208 1084 1276 ἀφ’
1114 1206 1272 1277 ήμῶν
1306 1206 1396 1258 τὸν
1425 1203 1589 1274 ζυγὸν
1617 1205 1812 1258 αὐτῶν.

1619 1205 1812 1258 αὐτῶν.
1994 1205 2046 1260 6.
2076 1205 2141 1258 Ει
2169 1206 2520 1275 projiciamus
2544 1208 2752 1263 anobis
2782 1209 2971 1278 jugum
3003 1209 3263 1278 ipsorum.

323 1296 375 1350 7.
428 1298 484 1352 '0
508 1298 774 1351 κατοικῶν
799 1300 855 1350 ἐν
877 1299 1123 1368 οὐρανοῖς
1146 1296 1500 1366 ἐκγελάσεται
1531 1296 1746 1362 αὐτούς,

1452 1314 1500 1350 αι
1531 1296 1746 1362 αὐτούς,
1992 1296 2043 1350 7.
2079 1295 2181 1363 Qui
2215 1297 2421 1353 habitat
2443 1298 2497 1353 in
2526 1301 2680 1355 cmlis
2709 1301 2957 1355 irridebit
2981 1316 3096 1364 eos,

320 1386 375 1444 8.
416 1389 524 1440 Καὶ
553 1391 581 1442 ὀ
612 1389 814 1461 Κύριος
846 1390 1208 1458 ἐκμυκτηριεϊ
1238 1389 1454 1450 αὐτοὺς.

1309 1389 1454 1450 τοὺς.
1991 1387 2043 1442 8.
2070 1387 2134 1444 Ει
2161 1389 2422 1446 Dominus
2448 1391 2809 1448 subsannabit
2836 1409 2951 1450 eos.

322 1480 374 1534 9.
417 1482 548 1535 Τότε
579 1482 799 1553 λαλήσει
834 1481 970 1552 πρὸς
1002 1482 1198 1544 αὐτοὺς
1231 1483 1287 1534 ἐν
1321 1482 1456 1551 ὀργῇ
1489 1481 1674 1543 αὑτοῦ,

1424 1483 1456 1551 ᾖ
1489 1481 1674 1543 αὑτοῦ,
1995 1479 2048 1532 9.
2079 1478 2230 1534 Tunc
2259 1480 2512 1550 loquetur
2534 1484 2600 1537 ad
2628 1498 2724 1540 eos
2759 1485 2813 1540 in
2849 1485 2929 1540 ira
2970 1500 3068 1541 sua

330 1575 411 1629 l0.
455 1577 564 1630 Kal.
591 1579 646 1628 ἐν
672 1575 748 1644 τῷ
776 1574 931 1646 θυμῷ
960 1574 1123 1628 αὑτοῦ
1157 1575 1380 1645 ταράξει
1409 1573 1624 1637 αύτούς.

1481 1573 1624 1637 τούς.
1999 1570 2083 1625 10.
2122 1573 2187 1627 Et
2226 1575 2278 1628 in
2315 1572 2499 1630 lurore
2523 1591 2624 1630 suo
2643 1577 2988 1632 conturbabit
3010 1593 3125 1634 eos.

327 1665 412 1718 Η.
466 1665 606 1718 Ἐγὼ
636 1666 692 1718 δὲ
719 1664 1055 1736 κατεστάθην
1087 1663 1335 1734 βασιλεὺς
1369 1665 1460 1716 ὑπ’
1494 1662 1676 1717 αὑτοῦ.
1855 1658 1896 1712 Β

1618 1662 1676 1717 ιῦ,
1855 1658 1896 1712 Β
1998 1661 2082 1716 Η.
2119 1663 2230 1735 Ego
2259 1673 2441 1720 autem
2467 1666 2791 1721 constitutus
2813 1682 2933 1721 sum
2968 1683 3060 1725 rex
3087 1670 3156 1724 ab
3177 1686 3262 1726 eo.

1370 1817 1738 1875 ATHANASII
1779 1816 2362 1878 INTERPRETATIO.

330 1981 391 2035 Ἢ
425 1979 518 2037 τοὸ
546 1978 760 2049 ψαλμοῦ
788 1977 1119 2049 προκειμένη
1145 1975 1423 2047 ἐπιγραφὴ
1447 1976 1478 2046 ἡ
1499 1975 1587 2028 διὰ
1622 1975 1718 2046 τῆς
1747 1975 2116 2046 κινναϐάρεως
2144 1977 2419 2047 περιέχει·
2467 1975 2904 2050 Ἂνεπίγραέρος,
2933 1981 3068 2053 ὅπερ
3094 1983 3272 2056 δηλοῖ.
3306 1985 3478 2057 ἀγνω,

252 2079 370 2132 σίαν
401 2077 566 2132 ἐθνῶν
592 2092 646 2128 τε
681 2075 774 2127 καὶ
812 2073 1073 2126 Ἰουδαίων
1100 2071 1458 2141 ύπεμφαίνειν
1486 2071 1577 2124 τὸν
1613 2071 2048 2140 ὑποτεταγμένον
2067 2071 2296 2142 ψαλμόν.
2324 2072 2438 2125 Πᾶν
2463 2073 2572 2145 γὰρ
2599 2075 2659 2128 τὸ
2684 2076 3054 2148 ἀνεπίγραφον
3080 2080 3269 2152 ἄδηλον
3302 2083 3478 2156 ὑπάρ-

248 2190 331 2243 χει
363 2177 473 2236 τοῖς
503 2169 732 2231 πολλοῖς.
777 2167 1071 2236 Ἀγνωσίαν
1097 2163 1188 2219 οὖν
1219 2165 1384 2218 ἐθνῶν
1432 2165 1696 2219 Ἰουδαίων
1743 2166 1816 2236 (l)
1854 2167 2147 2237 κατηγορεῖ
2189 2168 2218 2218 ὁ
2247 2167 2684 2237 ὑποτεταγμένας
2707 2170 2950 2241 ψαλμόςο
2989 2173 3262 2242 ἀγνωσίαν
3296 2178 3373 2242 δέ,
3415 2182 3482 2251 ἣν

249 2262 539 2332 ἐσχηκότες
569 2259 868 2313 δείκνυνται
899 2257 1026 2331 περὶ
1061 2256 1152 2309 τὸν
1182 2256 1386 2309 ἑαυτῶν
1414 2257 1708 2326 Δεσπότην,
1746 2255 1925 2322 καθὼς
1961 2255 2036 2327 (2)
2073 2256 2375 2327 γέγραπται
2397 2275 2410 2288 ο
2441 2255 2549 2310 Ἓν
2588 2257 2668 2325 τῷ
2710 2262 2913 2330 κόσμῳ
2937 2258 3035 2330 ἦν,
3064 2265 3161 2319 καὶ
3195 2269 3228 2320 ό
3255 2269 3481 2338 κόσμος

249 2353 320 2406 δι’
343 2354 526 2408 αὐτοῦ
558 2352 813 2423 ἐγένετο,
849 2351 944 2404 καὶ
981 2353 1013 2404 ὀ
1049 2351 1274 2418 κόσμος
1305 2350 1492 2403 αὐτὸν
1519 2351 1630 2403 οὐκ
1663 2349 1846 2420 error
1886 2352 1934 2404 εἰ
1971 2351 2079 2422 γὰρ
2115 2351 2357 2420 ἔγνωσαν
2389 2351 2570 2415 αὑτὸν,
2632 2355 2731 2406 οὐκ
2769 2355 2832 2408 ἂν
2861 2356 3020 2409 αὑτὸν
3061 2357 3276 2430 σταυρῷ
3316 2378 3480 2431 προσ-

250 2450 476 2520 έπηξαν.
517 2449 626 2520 Τὴν
656 2443 746 2501 οὖν
783 2445 1051 2514 ἀγνωσίαν
1097 2447 1169 2515 (3)
1211 2444 1387 2498 αὐτῶν
1415 2443 1657 2516 ἐπειδὴὸ
1689 2444 1902 2516 ψαλμδς
1943 2446 2264 2520 δημηγορεῖ,
2285 2446 2370 2500 διὰ
2404 2446 2560 2500 τοῦτο
2596 2447 2656 2500 τὸ
2703 2449 3071 2521 ἀνεπίγραφον
3098 2453 3172 2522 (4)
3211 2455 3478 2511 ἐπίκειται

250 2543 414 2614 αύτῷ.
462 2544 547 2607 Ὠς
579 2542 735 2595 πλέον
765 2539 1064 2612 πλησθήσει
1101 2539 1386 2611 [πληχθῇ]
1439 2541 1738 2612 ἐπιστήσας
1777 2540 1852 2612 (5)
1889 2543 2078 2596 ἑαυτὸν
2105 2542 2182 2613 τῷ
2208 2543 2426 2615 ψαλμῷ,
2459 2545 2519 2598 Τί
2542 2546 2672 2614 γὰρ,
2709 2543 2909 2617 ἤρξατο
2932 2546 3126 2617 λέγειν.

333 2680 549 2736 Titulus
574 2681 686 2735 sive
708 2679 1013 2748 inscriptio,
1044 2694 1164 2749 quae
1192 2677 1319 2734 huic
1349 2679 1560 2748 psalmo
1588 2678 1956 2748 praemittitur,
1987 2679 2271 2736 cinnabari
2299 2680 2569 2748 confecta,
2605 2683 2847 2740 continet
2877 2702 2890 2739 :
2923 2685 3194 2755 psalmum
3223 2701 3345 2743 esse
3365 2690 3479 2743 sine

256 2779 434 2842 titulo,
507 2777 653 2847 quod
709 2775 1010 2846 signiﬁcat:
1061 2774 1356 2844 psalmum,
1399 2774 1493 2844 qui
1548 2774 1858 2844 subjicitur,
1917 2773 2263 2828 manifestare
2323 2774 2563 2844 gentium
2625 2784 2680 2828 et
2732 2773 3044 2831 Judaeornm
3093 2777 3475 2848 ignorantiam.

252 2874 424 2932 Omne
474 2876 642 2932 enim.
677 2873 821 2942 quod
875 2872 1090 2926 titulum
1133 2872 1246 2926 sive
1286 2870 1700 2940 inscriptionem
1732 2885 1838 2924 non
1870 2870 2051 2936 habet,
2084 2870 2270 2925 multis
2299 2869 2541 2940 ignotum
2569 2879 2671 2924 est.
2724 2868 3012 2940 Subjectus
3040 2872 3204 2942 igitur
3231 2874 3475 2943 psalmus

253 2971 488 3042 gentium
524 2977 576 3022 et
600 2967 910 3022 intimorum
940 2965 1303 3036 ignorantiam
1330 2973 1550 3019 accusat
1581 2982 1594 3017 :
1628 2964 1994 3033 ignorantiam
2024 2964 2264 3035 quidem,
2293 2979 2458 3034 quam
2496 2964 2562 3018 tle
2603 2962 2834 3017 Domino
2877 2978 2979 3019 suo
3009 2963 3266 3020 habuisse
3296 2974 3478 3020 osten-

254 3068 466 3128 derunt,
492 3063 949 3134 quemadmodum
985 3061 1246 3130 scriptum
1280 3069 1396 3114 est:
1429 3057 1494 3111 In
1532 3057 1725 3111 mundo
1754 3069 1893 3124 erat,
1919 3070 1966 3113 et
1995 3060 2220 3113 mundus
2242 3076 2333 3128 per
2361 3061 2532 3127 ipsum
2555 3060 2728 3130 factus
2751 3069 2849 3120 est.
2889 3067 2937 3112 et
2971 3058 3194 3114 mundus
3227 3073 3345 3112 eum
3375 3073 3478 3110 non

252 3157 483 3226 cognovit
508 3155 564 3220 ³;
598 3155 641 3209 si
661 3155 803 3208 enim
830 3168 954 3208 eum
982 3153 1385 3222 cognovissent,
1417 3165 1540 3205 eum
1567 3165 1676 3204 non
1709 3151 2113 3207 cruciﬁxissent
2139 3151 2179 3203 ⁸.
2207 3151 2475 3218 Quoniam
2499 3151 2666 3222 igitur
2691 3152 2937 3222 psalmus
2969 3153 3188 3207 illorum
3234 3151 3478 3220 increpat

232 3252 643 3323 .ignorantiam,
674 3251 792 3305 ideo
819 3251 1000 3305 nullus
1041 3251 1092 3304 in
1122 3264 1187 3304 eo
1240 3247 1559 3305 inscribitur
1583 3246 1798 3306 titulus.
1839 3245 1911 3304 Ut
1954 3247 2127 3318 magis
2175 3247 2353 3312 feriat,
2404 3246 2646 3317 seipsum
2681 3248 2895 3317 psalmo
2924 3247 3241 3312 intendens,
3278 3246 3475 3313 Quare,

251 3349 415 3418 cmpit
441 3348 648 3401 dicere.

320 3461 372 3516 1.
416 3461 530 3512 ἰνα
563 3457 614 3510 τί
648 3453 1066 3524 κατεπήρθησαν
1092 3449 1184 3503 τοῦ
1213 3451 1370 3515 Θεου,
1841 3435 1887 3498 C

1841 3435 1887 3498 ο
1988 3456 2038 3509 l.
2085 3453 2224 3523 Quid
2247 3459 2392 3511 enim
2417 3455 2828 3511 insurrexerunt
2856 3467 3045 3511 contra
3072 3456 3265 3522 Deum,

316 3549 372 3605 2.
413 3550 522 3602 Καὶ
554 3545 936 3599 ἐϐουλεύσαντο
967 3544 1105 3610 ειπερ
1127 3540 1226 3593 ούκ
1246 3540 1505 3607 ἠδύναντο
1535 3537 1806 3592 ἐκτελέσαι

1986 3550 2039 3603 2.
2082 3548 2148 3603 Et
2170 3548 2430 3606 adversus
2462 3565 2585 3605 eum
2610 3549 3066 3615 deliberaverunt,
3095 3563 3217 3619 quae
3245 3561 3352 3604 non
3376 3564 3476 3621 po-

250 3642 368 3695 κατ’
403 3639 604 3702 abacti;
1915 3646 2132 3692 luerunt
2161 3639 2456 3707 perlicere?

316 3734 371 3788 5.
423 3729 664 3801 Ἡρώδης
691 3730 718 3781 ὁ
751 3725 1022 3797 βασιλεύς.

807 3725 1022 3788 ισιλεύς.
1983 3731 2035 3784 3.
2071 3728 2309 3785 Herodes
2338 3745 2451 3784 rex.

317 3825 374 3880 4.
413 3824 630 3877 Πόντιον
669 3821 900 3875 Πιλᾶτον
928 3819 1095 3886 λέγει,
1134 3816 1226 3870 καὶ
1267 3816 1486 3876 Ἀνναν,
1515 3811 1607 3865 καὶ
1637 3810 1809 3865 Καϊά-

1515 3811 1607 3865 ml
1637 3810 1809 3865 Καῖά-
1984 3825 2037 3878 ι.
2077 3822 2302 3878 Pontius
2333 3820 2558 3886 Pilatus,
2585 3817 2771 3872 Annas
2804 3827 2856 3871 et
2887 3815 3137 3887 Caipltas.

292 3935 377 3971 αν.

252 3936 377 4064 (Pa;
414 4006 517 4060 Τὸν
549 4003 838 4074 σύνδεσμον
875 4000 974 4070 τῆς
1015 3999 1254 4068 ἀγάπης,
1282 3990 1349 4068 ἦς
1381 3991 1524 4067 εἶχον
1563 3996 1611 4048 oi
1653 3995 1812 4062 ἄγγε-

1987 3998 2039 4052 5.
2065 3996 2354 4052 Vinculum
2386 3992 2711 4055 dilectionis,
2741 4005 2852 4060 quo
2886 3989 3062 4053 angeli
3091 4004 3214 4045 cum
3241 3990 3320 4047 eis
3341 4005 3472 4046 con-

249 4102 325 4155 λοι
359 4099 494 4170 πρὸς
534 4095 748 4157 αύτούς.

651 4095 748 4157 ιύς.
1910 4089 2295 4160 jungebantur.

317 4191 370 4246 6.
408 4187 675 4250 Λαὸόντες
709 4185 816 4256 γὰρ
846 4183 935 4236 τὸν
963 4181 1124 4252 νόμον
1161 4181 1239 4242 είς
1265 4177 1521 4246 διαταγὰς
1565 4176 1811 4245 ἀγγέλων

1982 4180 2035 4233 6.
2073 4180 2412 4248 Accipientes
2441 4176 2585 4231 enim
2611 4175 2781 4245 legem
2835 4174 2888 4229 itt
2926 4173 3280 4244 dispositione
3305 4189 3469 4244 ange-

248 4283 347 4336 ούκ
370 4277 662 4350 ἐφύλαξαν,
697 4275 812 4329 ἀλλ’
841 4271 1209 4327 ἐδουλώθησαν
1239 4273 1304 4340 τῇ
1340 4269 1602 4340 ἁμαρτία.

1913 4274 2110 4339 Ιυιιιιιι,
2159 4287 2263 4325 non
2299 4269 2707 4325 custodiverunt
2761 4281 2880 4321 eam
2908 4267 2952 4334 ',
3000 4265 3096 4324 sed
3152 4267 3293 4324 servi
3341 4265 3468 4322 facti

1912 4376 2040 4424 sunt
2071 4375 2308 4438 peccato.

319 4458 372 4525 7,
406 4457 460 4512 8.
514 4455 884 4522 Ἑξουδενώσει
917 4453 1026 4524 γὰρ
1059 4453 1254 4515 αὐτοὺς
1288 4453 1344 4504 ἐν
1382 4452 1448 4520 τῇ
1491 4447 1675 4518 ἡμέρᾳ
1711 4447 1810 4518 τῆς

1544 4447 1675 4518 λέρὲ
1711 4447 1810 4518 τῆς
1983 4459 2037 4523 7,
2079 4463 2132 4513 8.
2168 4455 2302 4511 Nam
2327 4456 2381 4511 in
2411 4454 2499 4510 die
2524 4451 2716 4525 judicii
2738 4458 3050 4507 contemnet
3072 4464 3188 4516 eos,

250 4549 504 4619 κρίσεως.

318 4639 370 4694 9.
423 4637 511 4690 Ἐν
558 4636 624 4706 τῇ
669 4631 848 4704 κρίσει
897 4631 1120 4702 λαλήσει
1168 4629 1304 4701 πρὸς
1349 4629 1542 4692 αὐτοὺς
1581 4631 1637 4682 ὲν
1675 4629 1807 4698 ὀργῇ

1581 4631 1637 4682 ὲν
1675 4629 1807 4698 ὀργῇ
1981 4640 2032 4696 9.
2064 4639 2120 4693 1η
2152 4636 2358 4708 judicio
2387 4635 2639 4706 loquetur
2666 4633 2734 4688 ad
2760 4646 2856 4688 eos
2887 4631 2941 4687 in
2974 4631 3055 4686 ira
3085 4645 3221 4697 sua,

250 4729 435 4793 αὑτοῦ,

319 4823 405 4875 10.
449 4819 557 4873 Καὶ
614 4815 902 4889 ἀπορρίψει
962 4815 1155 4877 αὐτοὺς
1205 4814 1312 4868 ἀπὸ
1363 4811 1456 4866 τοῦ
1513 4810 1802 4884 προσώπου
1839 4872 1882 4926 D

1275 4814 1312 4867 εδ
1363 4811 1456 4866 τοῦ
1513 4810 1802 4884 προσώπου
1839 4872 1882 4926 D
1985 4817 2069 4871 10.
2093 4815 2158 4867 Et
2181 4813 2424 4884 projiciet
2448 4825 2542 4866 eos
2579 4825 2608 4862 a
2637 4807 2773 4862 facie
2802 4823 2919 4862 sua.

249 4928 435 4968 αυτου.

320 5003 404 5056 Η.
456 4997 594 5067 Ἐγὼ
622 4998 678 5051 δὲ
708 4997 1017 5067 ἀνεδείχθην
1053 4997 1302 5067 βασιλεὺς
1334 4996 1438 5049 ύπδ
1470 4994 1562 5048 τοῦ
1595 4991 1805 5064 Πατρὸς

1984 4976 2068 5030 ll.
2104 4971 2215 5042 Ego
2257 4984 2401 5025 entm
2437 4975 2745 5023 declaratus
2766 4983 2887 5023 sum
2926 4983 3020 5023 rex
3066 4982 3094 5021 a
3127 4965 3288 5022 Patre
3340 4981 3467 5023 cum

251 5097 307 5147 ὲν
337 5093 410 5164 τῷ
436 5057 613 5159 λέγειν
641 5089 820 5154 αύτδν,
849 5057 1027 5152 καθώς
1053 5057 1418 5142 ’ὑποτέτακται
1446 5083 1680 5137 ἐνταῦθα
1697 5057 1802 5154 (6)'

1913 5089 1999 5138 ea,
2033 5085 2152 5142 quae
2219 5066 2305 5120 Itic
2357 5061 2748 5132 subjiciuntur,
2796 5059 2990 5116 dixit:
3047 5058 3123 5114 Tu
3176 5077 3230 5116 es
3289 5057 3469 5116 Filius

249 5187 331 5240 Σὺ
353 5158 410 5240 el
435 5185 466 5238 ό
501 5158 632 5247 Υἱός
653 5198 773 5251 μου
806 5183 838 5234 ό
865 5181 1187 5250 ἀγαπητός.

732 5199 773 5236 υ
806 5183 838 5234 ό
865 5181 1187 5250 ἀγαπητός.
1914 5185 2056 5222 metu
2083 5163 2303 5219 dilectus
2335 5158 2376 5214 ⁸.

319 5359 340 5392 ⁸
365 5358 523 5415 Joan.
548 5373 589 5424 ι,
623 5357 706 5410 l0.
775 5356 797 5388 ⁸
827 5355 847 5408 l
877 5356 1000 5411 Cor.
1040 5371 1100 5419 tt,
1133 5358 1186 5410 8.
1265 5355 1286 5385 '
1311 5353 1429 5406 Att.
1457 5367 1554 5418 vn,
1583 5351 1670 5407 55.
1747 5349 1768 5380 ⁸
1800 5346 1963 5403 Matth

1265 5355 1286 5385 '
1311 5353 1429 5406 Att.
1457 5367 1554 5418 vn,
1583 5351 1670 5407 55.
1747 5349 1768 5380 ⁸
1800 5346 1987 5403 Matth.
2011 5363 2092 5412 ιιι,
2119 5344 2221 5410 l7;
2252 5343 2384 5408 uti,
2408 5343 2479 5406 5;
2509 5339 2552 5394 11
2573 5338 2717 5396 Petr.
2747 5356 2786 5405 ι,
2817 5339 2903 5394 ΓΙ.

1187 5527 1486 5590 Addenda
1515 5532 1598 5605 ιεει
1643 5522 2009 5604 corrigenda
2041 5539 2117 5583 ex
2148 5519 2285 5581 cod.
2321 5517 2523 5580 Vatic.

318 5723 395 5791 (ί)
434 5719 727 5791 Ἀγνωσίας
756 5714 848 5774 οὖν
879 5717 986 5771 τῶν
1020 5714 1187 5770 ἐθνῶν
1224 5713 1331 5767 τῶν
1377 5711 1663 5767 Ἰουδαίων.
2082 5708 2153 5791 [δ
2178 5706 2566 5791 ἀνεπίγραφος..

425 5775 560 5846 Καθ’
591 5788 643 5842 ἃ..
709 5775 725 5783 ’
1979 5775 2052 5847 (5)
2087 5777 2334 5840 Πεισθεὶς
2365 5775 2516 5848 θήσει
2543 5775 2860 5848 ἐπιστήσας.

337 5783 387 5848 ἱ
425 5783 560 5846 Καθ’
591 5788 643 5842 ἃ..
1979 5783 2052 5847 (5)
2087 5783 2334 5840 Πεισθεὶς
2365 5783 2516 5846 θήσει
2543 5783 2668 5826 ὲπισ

319 5783 394 5934 (3)
428 5863 700 5932 ’Δγνοιαν.
1980 5851 2053 5920 (6)
2082 5849 2150 5903 Οἵ
2174 5864 2298 5900 ποτε
2328 5847 2390 5900 τὰ
2419 5844 2668 5901 ἐνταῦθα.
