4164 6490
730 439 834 493 655
1587 430 1644 484 S.
1684 429 2050 484 ATHANASII
2088 429 2238 484 OPP.
2283 427 2356 482 PA

2376 427 2458 480 BS
2499 425 2582 480 111.
2636 457 2696 466 -—
2736 423 3145 478 EXEGETICA.
3860 417 3956 472 656

804 548 886 602 12.
921 547 1095 616 Super
1133 546 1263 600 Sion
1290 553 1526 598 montem
1553 554 1801 596 sanctum
1832 545 1970 601 eius,
2320 547 2356 600 Α

2474 539 2557 593 12.
2615 537 2733 589 Ἐπὶ
2762 535 2897 586 Σιὼν
2926 534 3049 604 ὅρος
3075 533 3135 584 τὸ
3166 532 3320 598 ἆγιον
3349 529 3534 592 αὐτοῦ,

801 642 890 696 13.
923 640 1231 694 Praedicans
1261 645 1584 706 praeceptum
1613 650 1731 703 ejus

2466 632 2550 684 15.
2591 627 2926 695 Διαγγέλὶων
2954 625 3012 677 τὸ
3043 624 3368 694 πρόσταγμα
3399 621 3624 692 Κυρίου.

798 736 884 790 11.
917 733 1177 787 Βοσπὶηιιδ
1199 731 1331 784 dixit
1355 730 1420 783 ad
1454 744 1574 783 me:
1598 726 1768 782 Filius
1791 741 1947 781 meus
1974 742 2032 780 es
2065 735 2142 787 tu,

2465 720 2547 772 1ι1.
2590 717 2790 788 Κύριος
2820 712 2936 767 εἷπε
2968 715 3101 784 πρός
3137 729 3235 783 με·
3281 712 3404 774 Υἱός
3432 727 3532 780 μου
3561 705 3612 761 εἷ
3647 708 3743 760 σύ·

797 827 882 882 15.
921 826 1030 896 Ego
1057 825 1216 878 hodie
1240 822 1398 892 genui
1437 830 1509 875 te.

2469 811 2548 864 15.
2603 807 2743 876 Ἐγὼ
2774 812 3010 876 σήμερον
3044 803 3348 874 γεγέννηκά
3383 819 3461 854 σε.

797 919 882 974 16.
909 888 1128 972 Postilla
1157 933 1186 968 a
1228 888 1334 979 me,
1361 923 1415 968 et
1443 913 1582 966 dabo
1619 908 1713 963 tibi
1764 917 1949 976 gentes
2004 905 2284 960 [neredita-

2464 902 2544 954 16.
2588 901 2814 969 Αἶτησαι
2855 897 2982 967 παρ’
3018 894 3174 966 ἐμοῦ,
3228 895 3320 947 καὶ
3351 895 3506 947 δώσω
3556 909 3638 945 σοι
3686 891 3817 962 ἔθνη
3858 888 3955 963 τὴν

726 1022 832 1069 tetn
865 1022 1036 1075 tuam,

2391 990 2748 1063 κληρονομίαν
2777 1007 2892 1054 σου,

799 1105 883 1161 11.
917 1103 981 1157 Ει
1021 1100 1417 1172 possessionem
1455 1106 1602 1148 tuam
1640 1092 1902 1146 terminos
1928 1099 2104 1144 terrm.

2461 1086 2545 1136 17.
2588 1086 2694 1136 Καὶ
2733 1083 2828 1153 τὴν
2866 1080 3191 1150 κατάσχεσίν
3223 1097 3316 1132 σου
3344 1079 3409 1132 τὰ
3443 1078 3654 1150 πέρατα
3689 1077 3791 1147 τῆς
3828 1075 3945 1146 γῆς.

796 1199 886 1252 18.
919 1196 1091 1265 Reges
1120 1209 1215 1248 eos
1247 1192 1298 1244 in
1329 1190 1477 1257 virga
1500 1186 1694 1248 ferrea,

2460 1176 2545 1230 18.
2587 1176 2878 1244 Ποιμανεϊς
2912 1173 3106 1233 αὐτοὺς
3151 1174 3207 1223 ὲν
3243 1170 3422 1241 ῥάϐδῳ
3454 1169 3671 1238 σιδηρᾷ,

795 1292 882 1346 19.
912 1288 976 1341 Ει
1001 1258 1257 1354 tanquam
1293 1297 1388 1336 vas
1414 1278 1560 1349 ﬁguli
1594 1273 1907 1343 conlringes
1935 1287 2050 1327 eos.

2459 1268 2544 1321 19.
2599 1267 2684 1328 Ὠς
2718 1264 2886 1334 σκεύη
2919 1263 3204 1335 κεραμέως
3231 1261 3535 1332 συντρίψεις
3565 1258 3783 1322 αὐτούς.

792 1383 885 1438 20.
917 1379 981 1434 Ει
1012 1394 1177 1441 nunc,
1218 1389 1396 1442 reges,
1424 1369 1726 1433 intelligite,

2455 1359 2544 1413 20.
2585 1358 2694 1410 Καὶ
2720 1357 2835 1419 νῦν,
2871 1354 3129 1424 βασιλεῖς,
3173 1354 3389 1418 σύνετε,

786 1476 877 1530 21.
915 1469 1239 1531 Erudimiui,
1270 1466 1362 1536 qui
1392 1462 1652 1535 judicatis
1694 1470 1918 1513 terram.

2453 1449 2543 1502 21.
2585 1446 2937 1516 Παιδεύθητε,
2967 1447 3164 1508 πάντες
3194 1446 3242 1496 oi
3278 1445 3552 1516 κρίνοντες
3582 1442 3680 1515 τὴν
3705 1443 3830 1516 γῆν.

789 1569 881 1624 2'2.
912 1565 1120 1620 Servite
1151 1559 1380 1615 Domino
1419 1556 1472 1608 in
1511 1554 1738 1608 timore:

2453 1541 2543 1595 22.
2585 1539 2911 1592 Δουλεὲσατε
2938 1537 3016 1606 τῷ
3047 1537 3230 1609 Κυρίῳ
3256 1539 3311 1589 ὲν
3347 1536 3530 1607 φόεῳ’

791 1662 879 1716 23.
912 1657 976 1712 Et
1004 1655 1274 1711 exsultate
1301 1650 1350 1704 ei
1384 1661 1508 1702 cum
1537 1655 1797 1698 tremore.

2454 1633 2542 1687 25.
2585 1633 2692 1684 Καὶ
2717 1629 3044 1698 ἀγαλλιᾶσθε
3073 1626 3221 1699 αὑτῷ
3246 1629 3302 1681 ὲν
3325 1629 3530 1699 τρόμῳ.

788 1754 880 1809 24.
908 1746 1307 1820 Apprcliendite
1334 1739 1700 1808 disciplinam,

2453 1726 2542 1780 2.1.
2583 1723 2856 1795 Δράξασθε
2891 1721 3154 1784 παιδείας,

785 1847 876 1901 25.
907 1843 982 1898 Ne
1011 1841 1229 1912 quando
1253 1840 1520 1891 irascatur
1553 1830 1837 1889 Dominus,

2452 1817 2542 1874 25.
2583 1818 2807 1887 Μήποτε
2837 1814 3061 1885 ὀργισθῇ
3097 1812 3319 1884 Κύριος,

2453 1908 2540 1961 26.
2583 1907 2691 1960 Καὶ
2721 1904 3003 1960 ἀπολεῖσθε
3037 1904 3094 1970 ἐξ
3128 1902 3245 1957 ὁδοῦ
3272 1903 3502 1965 δικαίας.

2451 2000 2540 2053 27.
2583 2000 2749 2051 Ὅταν
2782 1996 3020 2067 ὲκκαυθῇ
3057 1998 3113 2048 ὲν
3138 1997 3290 2066 τάχει
3319 1998 3346 2048 6
3379 1994 3546 2066 θυμὸς
3582 1989 3770 2059 αὑτοῦ,

2450 2092 2540 2148 28.
2581 2090 2856 2161 Μακάριοι
2884 2090 3083 2152 πάντες
3119 2089 3168 2142 οί
3210 2087 3525 2150 πεποιθότες
3551 2084 3639 2139 ἐπ’
3666 2082 3839 2154 αὐτῷ.

789 1939 880 1994 26.
921 1937 984 1991 Et
1009 1911 1242 2005 pereatis
1269 1930 1334 1984 de
1360 1929 1442 1982 via
1470 1927 1636 1988 justa.
2314 1911 2356 1965 B

786 2035 877 2089 27.
910 2033 1046 2088 Cum
1073 2026 1338 2084 exarserit
1367 2024 1419 2077 in
1449 2022 1596 2076 brevi
1627 2021 1704 2072 ira
1735 2015 1876 2084 ejus,

785 2127 878 2182 28.
905 2123 1054 2180 Beati
1076 2135 1266 2177 omnes
1296 2119 1388 2188 qui
1420 2113 1698 2171 confidunt
1725 2110 1777 2161 in
1798 2120 1885 2161 eo.

1827 2306 2200 2369 ATHANASII
2238 2296 2820 2365 INTERPRETATlO.

2453 2470 2534 2523 12.
2574 2467 2646 2519 Τὸ
2688 2463 2840 2519 Σιὼν
2875 2463 3232 2536 ἑρμηνεύεται
3265 2461 3464 2525 τόπος,
3513 2459 3645 2512 ὅπου
3681 2459 3714 2530 ἡ
3743 2453 3938 2526 σκηνή.

2378 2561 2636 2623 Βασιλεὺς
2683 2557 2773 2612 οὖν
2809 2555 3088 2626 ἀνεδείχθη
3120 2555 3223 2609 ὑπὸ
3257 2553 3350 2606 τοῦ
3383 2550 3594 2622 Πατρδς
3644 2549 3736 2602 ἐπὶ
3781 2546 3933 2613 Σιὼν,

2376 2655 2648 2709 τουτέστιν
2678 2653 2735 2704 ὲν
2767 2653 2876 2712 τοίς
2899 2649 3162 2719 οὐρανοῖς,
3200 2645 3326 2698 ἔνθα
3358 2643 3584 2714 ἀληθινὴ
3613 2641 3808 2713 σκηνὴ,
3862 2637 3938 2706 ἢν

2377 2743 2602 2810 ἔπηξεν
2636 2745 2668 2795 ὀ
2707 2742 2941 2807 Κύριος,
2977 2740 3072 2791 καὶ
3107 2739 3216 2789 οὐκ
3249 2734 3574 2802 ἅνθρωπος.

2447 2835 2532 2898 15,
2576 2834 2660 2886 14.
2711 2834 2804 2885 Ἐκ
2845 2831 2950 2884 τῶν
2986 2828 3230 2900 οὐρανῶν
3261 2826 3530 2890 ἀκουστὴν
3571 2824 3791 2894 εποίησε
3843 2822 3936 2892 τὴν

2377 2925 2556 2995 φωνὴν
2588 2924 2750 2977 αὐτοῦ
2781 2924 2856 2994 (1)
2889 2923 3024 2992 βοῶν
3051 2923 3185 2993 πρὸς
3219 2936 3302 2991 με’
3344 2920 3426 2972 Σὺ
3454 2914 3508 2971 εἷ
3535 2920 3567 2970 ὀ
3604 2917 3739 2982 Υἱός
3761 2932 3879 2984 μου
3904 2915 3937 2968 ό

2375 3018 2700 3086 ἀγαπητός.

788 3139 873 3193 15.
906 3134 1018 3202 Qua
1045 3133 1130 3187 die
1154 3139 1204 3185 te
1252 3124 1593 3182 manifestavi
1621 3123 1663 3176 ⁸.
1729 3118 1862 3172 Nam
1904 3125 2028 3172 ante
2078 3114 2270 3171 saecula

2450 3112 2533 3164 15.
2583 3111 2682 3162 Ἦν
2715 3108 2792 3181 (2)
2828 3105 3149 3177 ἐφανέρωσά
3186 3121 3263 3156 σε.
3300 3103 3413 3174 Πρὸ
3445 3103 3553 3172 γὰρ
3590 3101 3698 3154 τῶν
3730 3099 3936 3155 αἰώνων

718 3228 1072 3286 absconditus
1104 3239 1226 3278 eras
1255 3221 1309 3274 in
1346 3233 1431 3272 me
1453 3215 1613 3268 Patre
1656 3221 1773 3277 tuo,
1815 3207 2272 3279 quemadmodum

2377 3200 2860 3272 ἀποκεκρυμμένος
2877 3195 2944 3270 ἧς
2971 3200 3027 3252 ὲν
3049 3197 3169 3269 ἐμοὶ
3193 3197 3268 3268 τῷ
3299 3196 3469 3266 Πατρί
3501 3212 3614 3256 σου,
3640 3192 3821 3255 καθὼς
3851 3191 3937 3260 γέ-

2375 3313 2613 3366 γραπται
2649 3296 2775 3364 περὶ
2801 3291 2996 3346 αὑτοῦ·
3040 3294 3100 3343 '0
3144 3289 3226 3342 ὢν
3275 3291 3341 3342 ἐν
3376 3289 3498 3352 τοῖς
3544 3289 3794 3351 κόλποις
3832 3283 3934 3338 τοῦ

2375 3388 2620 3455 Πατρός.

787 2502 874 2558 12.
904 2500 1030 2555 Sion
1063 2499 1447 2565 interpretatur
1503 2490 1668 2548 locus,
1711 2486 1800 2539 ubi
1843 2479 2269 2536 tabernaculum.

718 2597 830 2649 [lex
864 2592 1025 2662 igitur
1046 2588 1351 2644 declaratus
1380 2591 1461 2636 est
1492 2597 1522 2634 a
1580 2579 1736 2632 Patre
1771 2576 1825 2628 in
1875 2571 2024 2633 Sion,
2057 2570 2158 2622 lioc
2195 2577 2276 2620 est

718 2688 770 2741 in
801 2661 974 2746 curiis,
1000 2680 1090 2736 ubi
1114 2692 1298 2733 verum
1347 2670 1776 2732 tabernaculum,
1809 2664 1946 2734 quod
1994 2661 2274 2730 wdiﬁcavit

722 2778 998 2839 Dominus,
1033 2790 1133 2826 non
1157 2781 1330 2824 autem
1359 2768 1510 2819 homo
1543 2764 1586 2816 ".

790 2873 878 2935 13,
914 2869 996 2923 11.
1038 2868 1077 2921 E
1127 2865 1280 2920 caelis
1327 2858 1512 2912 audire
1559 2853 1684 2908 fecit
1734 2865 1920 2903 vocem
1961 2861 2135 2908 suam,
2165 2844 2274 2896 cla-

717 2979 872 3021 mans
898 2963 964 3015 ad
998 2974 1114 3012 me:
1150 2955 1227 3008 Tu
1257 2970 1310 3008 es
1343 2950 1514 3004 Filius
1547 2963 1689 3001 meus
1716 2945 1956 2998 dilectus.

715 3324 781 3378 de
809 3323 900 3375 illo
929 3319 1193 3386 scriptum
1212 3322 1328 3368 est:
1360 3309 1634 3363 Exsistena
1663 3306 1716 3356 in
1741 3303 1861 3356 sinu
1890 3301 2072 3354 Patris
2091 3300 2132 3352 ’.

785 3491 872 3554 16,
903 3488 988 3544 17.
1025 3487 1150 3542 Ideo
1179 3485 1317 3541 dixit
1344 3485 1395 3538 in
1429 3481 1754 3550 Evangelio:
1788 3477 1966 3542 Pater,
2002 3493 2129 3545 quas
2191 3492 2275 3529 ae-

2445 3482 2530 3541 16.
2576 3480 2660 3532 17.
2703 3479 2799 3533 Διὰ
2841 3477 2996 3530 τοῦτο
3028 3476 3210 3542 ἔλεγεν
3249 3476 3304 3526 ὲν
3345 3471 3690 3540 Εὑαγγελίῳ·
3725 3469 3932 3538 Πάτερ,

714 3583 846 3640 ἀειιὶ
866 3584 993 3637 mihi
1043 3581 1179 3643 volo,
1208 3589 1263 3632 ut
1287 3579 1374 3631 ubi
1401 3591 1513 3630 sunt
1539 3591 1652 3643 ego,
1674 3582 1722 3626 et
1748 3571 1828 3625 illi
1860 3572 1964 3623 sint
2000 3571 2063 3623 ¹⁰.

2376 3573 2480 3637 οὓς
2520 3571 2780 3636 δέδωκάς
2801 3589 2923 3639 μοι,
2954 3567 3105 3622 θέλω
3151 3568 3301 3621 ὅπου
3329 3568 3402 3636 (3)
3428 3565 3541 3634 ειμι
3576 3562 3709 3632 ἐγὼ,
3751 3561 3936 3617 κάκεῖ-

2302 3660 2343 3715 C
2376 3679 2468 3714 νοι
2496 3656 2664 3712 ὦσιν.

785 3763 872 3827 18,
907 3762 992 3817 19.
1031 3758 1087 3813 In
1123 3765 1390 3827 potestate
1427 3754 1603 3808 valida
1640 3768 1852 3818 omnes,
1889 3752 1983 3821 qui
2039 3750 2133 3804 tibi
2166 3763 2271 3804 non

2448 3750 2533 3813 18,
2577 3751 2659 3804 19.
2709 3749 2795 3800 Ἐν
2829 3745 3046 3815 ἐξουσίᾳ
3083 3745 3275 3814 ἰσχυρᾷ.
3310 3742 3511 3804 πάντας
3545 3741 3671 3802 τοὺς
3706 3739 3782 3808 μὴ
3816 3753 3932 3791 πει-

715 3857 996 3919 ohediunt,
1026 3851 1368 3907 comminues
1391 3859 1445 3903 et
1476 3848 1747 3904 domabis.

2379 3841 2631 3913 θομένους
2662 3857 2741 3892 σοι
2776 3838 3054 3898 λεπτυνεῖς
3088 3837 3181 3889 καὶ
3207 3835 3485 3905 δαμάσεις.

785 3945 873 3999 20.
905 3943 1226 4014 Cognoscite
1251 3943 1394 3996 hunc
1424 3956 1544 3996 eSse
1575 3939 1763 3993 Deum.

2440 3935 2528 3988 20.
2582 3931 2899 3999 Ἐπίγνωτε,
2934 3930 3014 3981 ὅτι
3046 3923 3197 3989 οὗτός
3227 3929 3372 3980 ἐστιν
3405 3927 3432 3978 ὁ
3467 3923 3618 3984 Θεός.

782 4036 870 4090 21.
899 4035 955 4090 Si
985 4049 1311 4103 cognoscere
1335 4049 1439 4087 non
1468 4033 1726 4102 potestis,
1760 4029 2051 4089 erudimini
2072 4045 2100 4084 e
2134 4029 2273 4083 divi-

2441 4025 2528 4078 21.
2582 4024 2704 4076 Ἐὰν
2752 4023 2824 4093 μὴ
2871 4019 3098 4074 δύνασθε
3147 4017 3463 4085 ἐπιγνῶναι,
3513 4011 3838 4081 παιδεύθητι
3873 4011 3932 4063 ἐκ

717 4128 800 4183 nis
840 4128 1156 4197 Scripturis,
1186 4127 1332 4196 quod
1361 4128 1476 4195 ipse
1499 4134 1583 4180 est
1609 4125 1753 4178 Deus
1784 4133 1990 4179 noster.

2376 4119 2477 4172 Ι;ῶν
2507 4118 2664 4171 θείων
2698 4115 2949 4186 Γραφῶν,
2977 4116 3055 4167 ὃτι
3090 4111 3248 4174 αὐτός
3281 4113 3425 4163 ἐστιν
3453 4110 3481 4160 ὁ
3516 4105 3650 4167 Θεὸς
3683 4107 3714 4174 ἡ
3726 4103 3864 4174 μῶν.

787 4219 875 4275 22.
909 4220 1137 4282 Servite,
1169 4193 1363 4288 inquit,
1383 4193 1442 4272 ei
1474 4219 1527 4271 in
1547 4219 1760 4281 timore,
1786 4225 1838 4269 et
1879 4225 2130 4281 tremore,

2441 4206 2530 4260 22.
2571 4206 2929 4268 Δουλευσατε,
2975 4203 3154 4272 λέγει,
3209 4200 3356 4271 αὐτῷ
3424 4201 3480 4252 ἐν
3529 4193 3679 4265 φόϐῳ
3732 4193 3828 4246 καὶ
3876 4196 3930 4248 ὲν

2411 4296 2582 4367 ρόμῳ,

785 4388 872 4443 25.
908 4388 970 4442 Et
1001 4387 1053 4441 in
1094 4401 1259 4458 regno
1291 4402 1409 4457 eius
1446 4386 1734 4441 exsultate.

2444 4389 2530 4441 25.
2575 4388 2682 4440 Καὶ
2711 4385 3034 4455 ἀγαλλιᾶσθε
3066 4385 3122 4436 ἐν
3153 4385 3219 4453 τῇ
3259 4381 3505 4452 βασιλείᾳ
3534 4377 3721 4433 αὑτοῦ.

781 4483 871 4536 24.
896 4479 1304 4535 Conllrtnamini
1345 4483 1395 4532 in
1431 4480 1676 4533 doctrina
1713 4477 1947 4541 Domiut,

2442 4479 2528 4532 21.
2580 4478 2870 4541 Ῥιζώσατε
2898 4480 2952 4529 ὲν
2985 4480 3048 4547 τῇ
3083 4474 3176 4528 τοῦ
3206 4475 3410 4545 Κυρίου
3443 4471 3780 4541 διίασκαλία,

783 4575 872 4629 25.
907 4572 1204 4644 Nequando
1237 4573 1392 4627 vobis
1428 4587 1546 4626 eam
1575 4573 1971 4643 negligentibus
1998 4586 2061 4626 ac
2093 4570 2262 4640 despi-

2440 4571 2527 4624 25.
2567 4571 2793 4640 Μήποτε
2815 4610 2827 4632 ,
2860 4570 2933 4632 ὡς
2968 4567 3308 4639 ἀμελούντων
3351 4566 3504 4637 ὑμῶν
3535 4566 3630 4618 καὶ
3664 4577 3929 4632 καταφρο-

712 4667 1003 4728 cientibus,
1042 4666 1328 4726 irascatur,

2376 4661 2599 4716 νούντων
2619 4701 2632 4724 ,
2668 4661 2919 4733 ὀργισθῇ,

781 4759 871 4811 26.
898 4756 962 4811 Et
991 4772 1087 4810 vos
1110 4757 1342 4810 statione
1369 4763 1703 4822 sanctorum,
1738 4771 1858 4825 quze
1887 4770 1917 4809 ο
1943 4755 2143 4811 dextris
2164 4766 2266 4818 est,

2439 4751 2527 4806 26.
2569 4754 2675 4805 Καὶ
2710 4753 2960 4816 ἀναξίους
3000 4753 3140 4822 ὑμᾶς
3176 4753 3439 4822 ἡγήσεται
3488 4748 3585 4819 τῆς
3629 4749 3693 4800 ὲκ
3744 4745 3924 4811 δεξιῶν

716 4849 966 4919 indignos
1030 4847 1321 4902 existimet.

2376 4846 2612 4908 στάσεως
2642 4846 2749 4898 τῶν
2786 4847 2973 4911 ἁγίων.

787 4941 874 4995 27.
900 4943 1032 4995 Cum
1063 4942 1202 5010 ignis
1234 4939 1452 5013 ultionis
1505 4949 1628 4992 ante
1679 4953 1802 4992 eum
1838 4939 2123 5007 prtrcedet,

2439 4937 2528 4992 27.
2569 4939 2735 4989 ’Ὁταν
2764 4938 2824 4989 τὺ
2861 4937 2970 5007 πῦρ
3013 4935 3112 5006 τῆς
3150 4935 3477 5005 ἐκδικήσεως
3506 4930 3925 5004 προπορεύσιται

2300 5010 2345 5064 D
2373 5028 2678 5099 ἔμπροσθεν
2702 5029 2884 5091 αὐτοῦ,

787 5119 872 5177 εδ.
903 5119 1051 5175 Beati
1079 5135 1288 5184 omnes,
1319 5120 1410 5187 qui
1463 5135 1516 5172 in
1547 5133 1611 5173 eo
1644 5133 1792 5186 spem
1838 5117 2053 5172 habent.

2443 5120 2530 5174 28.
2547 5121 2820 5190 Μακάριοι
2847 5120 3040 5182 πάντες
3052 5121 3098 5172 ol
3119 5119 3216 5191 τὴν
3235 5117 3424 5173 ἐλπίδα
3439 5117 3652 5190 ἔχοντες
3672 5111 3923 5182 ειςαΰτόν.

783 5275 974 5330 ’Hebr.
999 5291 1110 5338 vui,
1137 5276 1191 5329 2.
1266 5277 1288 5308 ⁸
1318 5274 1477 5332 Joan.
1513 5291 1646 5340 xvu,
1673 5276 1724 5328 6.
1805 5275 1825 5306 '
1847 5273 2003 5329 Joan.
2039 5290 2077 5339 ι,
2110 5272 2197 5330 18.
2272 5274 2317 5305 ¹⁶
2340 5272 2495 5330 Joan.
2535 5291 2664 5341 xvu,
2702 5275 2793 5329 24.

1652 5456 1952 5520 Addenda
1979 5467 2040 5520 et
2076 5459 2446 5538 corrigenda
2479 5475 2556 5519 ex
2606 5458 2742 5519 cod.
2777 5456 2974 5518 Vatic.

785 5642 860 5794 ρ)
892 5651 1106 5731 Aetati,
1135 5662 1281 5709 ueest
1307 5652 1360 5707 in
1397 5649 1530 5707 Cod.

808 5721 862 5792 2)
896 5722 1026 5777 Νυν.

2449 5655 2522 5724 (3)
2555 5653 2723 5722 Θέλω,
2755 5655 2842 5709 ἵνα
2869 5654 3024 5709 ὅπου.
