4164 6490
719 419 826 478 659
1569 430 1624 487 s.
1669 434 2042 493 ATHANASll
2083 439 2234 495 ore.
2275 440 2454 496 rans
2494 442 2576 497 ιιι.
2620 473 2686 483 -
2726 439 3139 496 exsomnes.
3846 424 3947 484 660

791 536 842 589 9.
878 535 990 605 Ego
1023 535 1256 592 dormivi
1290 549 1344 593 et
1370 555 1656 611 soporatus
1687 563 1807 602 sum
1846 567 1860 613 ;
2310 562 2355 615 Α

2310 562 2355 615 Α
2451 556 2504 609 9.
2557 552 2696 622 Ἐγὼ
2726 553 2784 606 δὲ
2810 551 3131 623 ὲκοιμήθην,
3160 549 3252 601 καὶ
3281 546 3527 600 ὕπνωσα·

789 625 878 680 10.
911 626 976 681 Et
1005 630 1309 695 exsurrexi,
1350 635 1476 703 quia
1508 634 1773 694 Dominus
1803 644 2040 712 suscepit
2071 660 2174 700 me.

2456 646 2542 698 10.
2598 645 2951 716 Ἐξηγέρθην,
2995 644 3075 696 ὅτι
3115 640 3316 713 Κύριος
3348 634 3699 708 ἀντιλήψεται
3735 649 3873 704 μου·

789 717 876 775 11.
905 716 1025 773 Non
1073 721 1274 776 timebo
1318 724 1487 780 millia
1518 731 1702 799 populi
1747 733 2138 792 circumdantis
2173 753 2276 793 me.

2453 738 2537 790 11.
2581 740 2653 791 Οὐ
2698 737 3076 808 φοϐηθήσομαι
3121 735 3228 789 ἀπὸ
3259 731 3531 804 μυριάδων
3558 726 3689 782 λαοῦ
3719 727 3828 781 τῶν
3853 724 3945 782 κύ-

2383 831 2492 901 κλῳ
2523 831 3007 902 συνεπιτιθεμένων
3040 836 3148 901 μοι.

788 894 875 950 12.
907 895 1170 969 Exsurge,
1188 899 1441 970 Domine;
1475 906 1680 960 salvum
1713 924 1796 962 me
1818 908 2080 973 fac,Deus
2105 928 2275 969 meus.

2127 928 2275 969 neus.
2454 894 2539 974 19..
2597 894 2846 986 Ἀνάστα,
2877 894 3084 993 Κύριεο
3109 919 3279 974 σῶσόν
3311 933 3396 988 με,
3427 917 3455 968 6
3488 917 3619 978 Θεός
3647 931 3771 985 μου.

789 989 873 1041 13.
908 987 1177 1055 Quoniam
1226 1003 1282 1047 tu
1333 998 1652 1064 percussisti
1701 1014 1892 1056 omnes
1932 1003 2280 1059 adversantes

2453 1012 2536 1066 l3.
2583 1015 2703 1067 Ὀτι
2742 1015 2804 1066 σὺ
2840 1012 3362 1078 ἐπάταξαςίπάντας
3399 1008 3524 1071 τοὺς
3567 1000 3942 1078 ὲχθραίνοντάς

718 1080 852 1134 mihi
886 1083 1003 1137 sine
1029 1099 1192 1139 causa
1222 1102 1237 1145 ;

1137 1100 1192 1139 ³³
1222 1102 1237 1145 ἒ
2384 1123 2474 1177 μοι
2506 1107 2748 1175 ματαίως
2768 1123 2780 1136 ·

792 1174 878 1228 11.
912 1174 1108 1230 Dentes
1143 1187 1487 1246 peccatorum
1513 1182 1842 1239 contrivisti.
2388 1174 2396 1177 ⁷

2388 1174 2396 1177 ⁷
2601 1196 2845 1259 Ὀδόντας
2879 1194 3214 1267 ἁμαρτωλῶν
3260 1190 3603 1263 συνέτριψας.

787 1264 875 1320 15.
910 1265 1122 1320 Domini
1152 1277 1235 1323 est
1263 1271 1412 1325 salus
1441 1286 1457 1336 ;

2450 1289 2536 1342 15.
2581 1287 2685 1341 Τοῦ
2729 1290 2931 1358 Κυρίου
2961 1290 2994 1358 ἡ
3036 1285 3307 1356 σωτηρία·

785 1357 871 1411 16.
896 1356 969 1447 _Et
993 1375 1155 1447 super
1187 1365 1444 1431 populum
1479 1374 1628 1419 tuum
1662 1367 1966 1423 benedictio
2003 1378 2115 1426 tua.

2003 1378 2115 1426 tua.
2451 1380 2535 1432 lii.
2578 1380 2686 1432 Καὶ
2718 1356 2925 1432 ὲπὶήτὺν
2957 1356 3084 1432 λαόν
3115 1395 3206 1430 σου
3236 1377 3269 1447 ἡ
3295 1375 3514 1442 εὐλογία
3546 1390 3638 1426 σου

888 1443 951 1496 1η
982 1445 1159 1514 ﬁnem,
1191 1450 1244 1502 in
1274 1453 1878 1538 caﬁrgi‘rzibu'sz'psalmus
1910 1459 2100 1515 David.
2477 1474 2532 1524 Ε.

2477 1474 2578 1538 Εἰς
2596 1472 2661 1524 τὸ
2690 1472 2884 1537 τέλος,
2909 1473 2978 1525 ἐν
3009 1472 3238 1538 ὕμνοις,
3260 1443 3510 1536 ⁷ψίιλμὸς
3526 1463 3607 1529 τῷ
3632 1463 3834 1521 Δαυῑδ.

1327 1519 1528 1576 PSAL.
1557 1519 1662 1579 ιγι
2477 1519 2570 1538 --›
2599 1519 2653 1524 --
2694 1519 2884 1537 ww“
2911 1519 2956 1525 ν-

1653 1565 1662 1578 .
2599 1519 2653 1524 "
2911 1519 2956 1525 "
3013 1519 3297 1595 vim:

872 1603 1007 1659 Cum
1053 1609 1361 1666 invocarem
1403 1616 1681 1672 exaudivit
1731 1635 1819 1676 me
1869 1620 2012 1679 Deus
2052 1625 2277 1695 iustitiae
2446 1635 2495 1686 l.

2446 1635 2495 1686 1.
2551 1635 2637 1686 Ἐν
2666 1633 2743 1704 τῷ
2770 1631 3142 1686 ἐπικαλεῖσθαί
3177 1650 3273 1703 με,
3304 1629 3588 1702 εἰσήκουσέ
3621 1646 3724 1700 μου
3758 1630 3786 1680 6
3813 1624 3939 1687 Θεὸς

717 1707 846 1748 mea:
869 1711 884 1760 ἶ
2375 1723 2472 1793 τῆς
2498 1722 2842 1791 δικαιοσύνης
2871 1739 2991 1790 μου.

784 1785 838 1838 2.
873 1784 928 1839 ln
962 1788 1311 1846 tribulatione
1339 1793 1579 1850 dilatasti
1609 1798 1764 1854 mihi.

1669 1798 1764 1854 ἱιιίο
2552 1815 2640 1866 Ἐν
2671 1784 2847 1882 Θλίψει
2871 1784 3180 1874 ’ἐπλάτυνάς
3204 1828 3312 1881 μοι.

781 1876 832 1931 3.
866 1875 1125 1932 Miserere
1157 1881 1280 1945 mei,
1319 1890 1373 1936 et
1400 1884 1593 1938 exaudi
1625 1887 1929 1942 orationem
1966 1905 2163 1946 meam.
2304 1934 2344 1988 Β

794 1967 810 1988 ι
874 1966 992 1988 Oili:
1026 1969 1170 1988 I_,,,_,!
1222 1987 1225 1988 ,
1811 1978 1821 1988 .
1968 1981 1979 1988 .
2039 1982 2058 1988 Α

2304 1934 2344 1988 Β
2443 1875 2847 1976 5.Οίκτείρησόν
2863 1921 2927 1975 με
2939 1946 2951 1967 ,
2962 1904 3057 1958 καὶ
3071 1875 3488 1973 εἰσάκουσοντῆς
3501 1899 3809 1973 προσευχῆς
3822 1914 3938 1968 μου.

784 1967 837 2018 4.
874 1966 993 2020 Filii
1025 1969 1330 2037 hominum,
1363 1988 1646 2044 usquequo
1674 1978 1823 2048 gravi
1848 1981 2061 2035 corde?
2304 1966 2344 1988 u

2304 1966 2344 1988 ν
2445 1994 2499 2050 4.
2540 1995 2659 2048 Υἱοὶ
2683 1966 3004 2065 ὲυὶθρὼὶτων,
3044 1993 3148 2057 ἓως
3187 1994 3314 2046 πότε
3350 1966 3733 2063 βαρυκᾶρδωινξ

786 2058 836 2112 5.
877 2058 947 2113 Ut
983 2061 1112 2130 quid
1155 2064 1380 2136 diligitis
1428 2069 1741 2134 vanitatem,
1768 2081 1816 2124 et
1843 2074 2084 2142 quaeritis
2123 2093 2273 2132 men-

712 2149 928 2202 dacium
964 2153 986 2202 ?

2447 2087 2500 2140 5.
2543 2088 2658 2141 Ἵνα
2688 2088 2738 2140 τί
2765 2088 3016 2156 ἀγαπᾶτε
3051 2086 3406 2158 ματαιότητα,
3443 2087 3536 2140 καὶ
3577 2084 3789 2155 ζητεῖτε
3813 2078 3941 2151 ψεῦ-

2378 2174 2490 2202 3‘.-.

752 2150 928 2204 acium
964 2153 986 2204 ?
2378 2174 2493 2237 δας

780 2241 834 2295 6.
871 2241 934 2296 Et
975 2246 1168 2302 scitote
1196 2249 1458 2318 quoniam
1495 2258 1806 2309 nnrihcavrt
1844 2257 2109 2314 Dominus
2145 2277 2277 2316 san-

2449 2266 2500 2321 6.
2540 2269 2646 2320 Καὶ
2671 2268 2866 2336 γνῶτε,
2901 2270 2984 2323 ὃτι
3013 2268 3399 2340 ἐθαυμάστωσε
3437 2271 3641 2342 Κύριος
3673 2268 3766 2322 τὸν
3802 2268 3939 2321 ὅσιον

711 2343 862 2389 ctum
894 2351 1076 2395 suum.
2381 2358 2565 2413 αὑτοῦ.

1841 2463 2208 2522 ATIIANASII
2250 2469 2823 2529 INTERPBETATIO.

783 2546 833 2601 9.
866 2544 1253 2618 Unusquisque
1279 2551 1664 2620 prophetarum
1693 2555 1824 2610 dicit
1854 2576 1867 2611 :
1903 2556 2094 2615 Nullus
2117 2560 2193 2614 fui
2217 2563 2269 2616 in

2447 2565 2498 2619 9.
2546 2568 2812 2632 Ἕκαστος
2841 2570 2986 2639 λέγει
3018 2571 3125 2625 τῶν
3153 2569 3467 2644 προφητῶν,
3497 2571 3577 2624 ὅτι
3619 2571 3708 2622 Ἐν
3743 2567 3840 2638 μὲν
3866 2566 3934 2636 (1)

710 2651 828 2692 mea
895 2637 1273 2707 prazdicatione
1341 2650 1556 2710 propter
1628 2644 1908 2701 hominum
1979 2648 2271 2705 increduli—

2379 2676 2445 2726 κη
2456 2658 2687 2729 ρύγματί
2717 2678 2816 2725 μου
2849 2637 3126 2734 ἀνωφελὴς
3149 2637 3412 2733 ὲγενομην
3431 2661 3518 2715 διὰ
3540 2661 3639 2731 τὴν
3661 2637 3935 2713 ἀπείθειαν

710 2734 894 2788 tatem,

2377 2747 2482 2797 τῶν
2511 2748 2608 2799 ἁνο
2616 2746 2832 2815 ρώπων,

777 2816 859 2870 10.
895 2813 1199 2873 Novissime
1221 2826 1398 2873 autem
1425 2834 1578 2874 meus
1594 2837 1773 2878 sermo
1788 2827 2112 2890 exsurrexit,
2140 2843 2275 2896 quo-

2458 2835 2537 2890 ιο.
2580 2813 2845 2909 Ὕστερον
2890 2841 2946 2892 δὲ
2993 2841 3252 2912 ἐξανέστη
3294 2844 3323 2894 ὁ
3359 2841 3513 2909 λόγος
3545 2857 3669 2906 μου,
3707 2840 3790 2891 ὅτι
3829 2838 3933 2891 ιω.

705 2906 852 2960 niam
873 2907 1135 2962 Dominus
1169 2923 1265 2978 per
1297 2909 1538 2979 seipsum
1575 2913 1837 2967 mundum
1882 2915 2148 2972 allocutus
2166 2928 2270 2975 est.

1882 2915 2148 2972 allocutus
2166 2928 2270 2975 est.
2377 2944 2487 2998 ριος
2516 2928 2581 2980 δι’
2605 2906 2796 2982 ἑαυτοῦ
2825 2931 3050 3003 ὲλάλησε
3085 2932 3160 3003 τῷ
3193 2906 3380 3004 κοσμῳ
3416 2906 3512 3002 (9.).

779 2999 864 3051 11.
897 2997 1272 3062 Tentaliones,
1316 3001 1392 3055 ait
1422 3018 1506 3057 me
1541 3006 1937 3074 aggredientes.
2382 2997 2385 2998 ν

2444 3021 2529 3076 11.
2570 3021 2689 3075 Τῶν
2733 3026 3053 3096 πειρασμῶν
3091 3027 3237 3095 λέγει
3264 3029 3372 3080 τῶν
3415 3023 3796 3095 ἐπερχομένων
3829 3037 3932 3090 μοι.

775 3089 863 3141 19..
897 3088 1161 3160 Exsurge,
1182 3090 1432 3156 Domine,
1457 3095 1524 3148 de
1549 3110 1657 3163 quo
1691 3097 1940 3153 dicturus
1975 3109 2094 3152 erat
2124 3098 2269 3156 Tho-

2445 3111 2531 3166 12.
2583 3088 2840 3184 Ἀνάστα,
2883 3088 3089 3188 Κίόριε,
3123 3088 3247 3189 περὶ
3286 3113 3348 3172 οὗ
3387 3088 3583 3190 μέλλει*
3602 3088 3784 3183 λέγειν
3827 3088 3934 3166 Θω-

705 3197 824 3238 mas
855 3199 868 3235 :
901 3182 1154 3235 Dominus
1189 3200 1331 3238 meus
1355 3194 1403 3238 et
1430 3185 1567 3240 Deus
1597 3203 1740 3240 meus
1775 3189 1836 3239 ¹¹.

2380 3203 2514 3269 μᾶς·
2563 3204 2626 3257 '0
2653 3182 2864 3274 Κύριός
2892 3182 3011 3277 μοι)
3042 3212 3139 3264 καὶ
3234 3182 3544 3280 Θεόςίιου.

776 3276 863 3330 15.
891 3273 1161 3342 Quoniam
1202 3291 1256 3332 tu
1302 3279 1598 3335 cruciﬁxus
1627 3296 1724 3350 pro
1759 3282 1918 3337 nobis
1952 3285 2266 3352 percussisti

2448 3296 2534 3350 ιδ.
2577 3296 2699 3351 Ὅτι
2740 3273 2808 3352 σὺ
2841 3273 3166 3371 σταυρωθεὶς
3203 3273 3520 3373 ὑπὲρ-ήμῶν
3563 3304 3639 3372 (δ)
3666 3299 3935 3367 exsensa;

703 3381 892 3421 omnes
921 3377 1159 3423 rectores
1195 3368 1403 3433 mundi,
1440 3369 1542 3425 hoc
1572 3379 1655 3424 est
1676 3372 1902 3441 peccati.
2303 3375 2344 3433 C

2303 3375 2344 3433 C
2379 3387 2585 3452 πάντας
2606 3392 2730 3455 τοὺς
2755 3368 3197 3464 κοσμοκράτορας
3231 3368 3331 3463 τῆς
3355 3368 3648 3465 ἁμαρτίας.

777 3460 860 3515 14.
889 3459 1089 3516 Eorum
1120 3463 1327 3517 scilicet
1352 3463 1647 3527 doctrinas,
1679 3465 1881 3534 quibus
1927 3467 2262 3526 devorabant

2440 3480 2526 3536 H.
2569 3484 2678 3546 Τὰς
2705 3459 2922 3555 διδαχας
2952 3459 3133 3538 αὐτῶν
3163 3459 3438 3539 τουτέστιν
3478 3459 3575 3554 (4),
3597 3487 3653 3537 ἐν
3683 3477 3773 3547 αἷς
3811 3498 3936 3535 κατ-

703 3550 868 3607 corda
902 3552 1183 3607 hominum
1211 3555 1305 3624 qui
1333 3555 1439 3608 illis
1461 3556 1862 3611 auscultabant.

2375 3569 2561 3641 ήσυιον
2587 3573 2685 3636 τὰς
2709 3576 2934 3645 καρδίας
2961 3575 3067 3629 τῶν
3098 3577 3481 3631 ὑπακουόντων
3511 3577 3716 3638 αὐτοῖς.

774 3643 861 3699 15.
889 3643 992 3699 Tui
1021 3645 1262 3715 quidem,
1298 3646 1393 3716 qui
1424 3656 1618 3702 natura
1642 3647 1758 3718 ipsa
1789 3647 2057 3706 Dominus
2083 3667 2162 3715 es,

2033 3667 2057 3706 3
2083 3667 2162 3715 es.
2448 3660 2532 3715 15.
2577 3664 2679 3715 Σοὸ
2713 3667 2822 3737 γὰρ
2854 3666 2930 3736 (Si)
2959 3667 3052 3720 τοῦ
3080 3668 3222 3721 κατὰ
3256 3667 3415 3737 φύσιν
3449 3667 3677 3738 Κυρίου,

775 3735 861 3793 16.
892 3736 958 3793 Et
979 3753 1141 3808 super
1165 3751 1382 3794 sanctos
1413 3748 1534 3795 tuos
1554 3741 1726 3811 gratia
1752 3753 1843 3797 tua
1871 3763 1885 3810 ;
1913 3745 2091 3799 omnis
2121 3745 2265 3800 enim

2445 3750 2531 3805 16.
2575 3757 2684 3807 Καὶ
2729 3735 2821 3808 ἐπὶ
2850 3735 2976 3819 τοὺς
3017 3758 3204 3825 ἁγίους
3245 3775 3335 3810 σου
3369 3761 3402 3828 ἡ
3449 3760 3607 3828 χάρις
3641 3773 3764 3809 σουο
3797 3755 3937 3807 πᾶσα

701 3831 854 3886 salus
887 3831 955 3884 ab
985 3829 1208 3885 homine
1237 3847 1378 3886 vana
1409 3832 1472 3884 η.

2375 3839 2484 3910 γὰρ
2519 3843 2758 3913 σωτηρία
2790 3845 3076 3914 ἀνθρώπου
3108 3848 3330 3916 ματαία.

783 3923 847 3974 'ﬂ
875 3921 966 3975 τοῦ
987 3919 1202 3990 ψαλμοῦ
1237 3920 1567 3990 προκειμένη
1597 3922 1874 3992 ἐπιγραφὴ
1905 3924 1937 3993 ἡ
1969 3922 2058 3976 διὰ
2085 3924 2181 3995 τῆς
2212 3927 2582 3998 κινναϐάρεως
2615 3932 2883 4001 περιέχει·
2910 3936 3012 4000 Εἰς
3040 3936 3106 3989 τὸ
3137 3934 3309 4002 τέλος
3345 3936 3413 3990 ἐν
3439 3936 3667 4006 ὕμνοις,
3704 3933 3942 4003 ira-1”“

703 4013 780 4079 τῷ
809 4012 1008 4067 Δαυΐδ.
1038 4012 1210 4066 Τοῦτο
1237 4009 1331 4067 οὖν
1361 4016 1527 4078 ἐστιν,
1561 4014 1653 4079 Εἰς
1683 4017 1849 4088 ὖμνον
1876 4018 2091 4089 εἴρηται
2118 4020 2257 4093 ὑπὲρ
2281 4022 2387 4078 τῶν
2418 4025 2588 4092 ἁγίων
2617 4026 2711 4080 τοῦ
2739 4028 2871 4082 Θεοῦ
2902 4030 2999 4101 (6),
3033 4033 3172 4103 ὑπὲρ
3201 4033 3308 4086 τῶν
3334 4033 3615 4088 ἀθανάτων
3637 4031 3942 4103 μυστηρίων

703 4111 768 4166 δι’
794 4103 870 4166 ὧν
909 4110 1168 4175 σώζονται
1198 4112 1248 4165 οἱ
1286 4111 1430 4181 ἅγιοι
1464 4113 1555 4167 τοῦ
1587 4114 1743 4179 Θεοῦ,
1773 4116 1839 4168 δι’
1880 4108 1954 4169 ὧν
1989 4115 2065 4187 (7)
2099 4118 2314 4184 λέγουσι
2348 4121 2439 4173 καὶ
2474 4122 2565 4174 τὸν
2600 4122 2766 4193 ὕμνον
2795 4126 2872 4196 τῷ
2910 4127 3139 4180 σώσαντι
3169 4129 3362 4190 αὐτοὺς
3398 4128 3474 4197 τῷ
3504 4126 3615 4196 Υίῷ
3662 4125 3756 4178 τοῦ
3791 4121 3939 4178 Θεοῦ.

702 4207 861 4262 Δαυῒδ
887 4207 996 4279 γὰρ
1023 4205 1381 4279 ἑρμηνεύεται
1413 4209 1619 4273 ἱκανὸς
1645 4209 1816 4276 χειρὶ,
1848 4209 1985 4281 ὅπερ
2013 4210 2128 4263 ἐστὶ
2158 4209 2358 4283 Κύριος
2388 4215 2462 4282 (8)
2492 4217 2519 4267 6
2551 4215 2679 4280 Θεὸς
2720 4217 2894 4288 ἡμῶν.

773 4319 1006 4381 Titulus,
1027 4318 1121 4389 qui
1154 4318 1362 4389 psalmo
1384 4319 1749 4389 praemittitur,
1769 4318 2053 4373 cinnabari
2085 4320 2344 4390 scriptus,
2363 4322 2602 4378 continet
2629 4342 2640 4377 :
2665 4323 2729 4378 In
2757 4326 2912 4397 ﬁnem
2939 4332 2991 4381 in
3017 4328 3242 4398 hymnis,
3267 4327 3499 4398 psalmus
3525 4322 3711 4377 David.
3733 4320 3941 4376 Scilicet

703 4423 756 4476 in
786 4421 1069 4492 hymnum,
1100 4419 1201 4473 hoc
1223 4427 1307 4473 est
1344 4418 1398 4471 in
1427 4417 1665 4484 laudem,
1702 4417 1948 4487 psalmus
1993 4417 2172 4473 dictus
2216 4428 2299 4473 est
2339 4435 2437 4488 pro
2479 4423 2685 4478 sanctis
2726 4422 2817 4478 Dei
2856 4425 2923 4480 de
2968 4426 3366 4480 immortalibus
3417 4421 3709 4494 mysteriis,
3747 4420 3939 4490 quibus

705 4513 877 4568 sancti
902 4512 994 4567 Dei
1019 4512 1322 4575 salvantur,
1350 4521 1402 4564 et
1441 4511 1512 4564 ob
1534 4526 1654 4579 qua:
1679 4509 1938 4580 hymnum
1971 4519 2178 4565 canunt
2205 4507 2298 4565 Dei
2323 4510 2486 4580 Filio,
2510 4515 2603 4583 qui
2633 4518 2864 4571 salvavit
2887 4533 3001 4572 eos.
3036 4517 3201 4573 David
3237 4521 3380 4574 enim
3421 4520 3803 4588 interpretatur
3831 4531 3938 4568 ma-

704 4626 773 4660 nu
800 4617 1004 4677 potens,
1036 4606 1214 4676 qualis
1242 4616 1326 4661 est
1358 4606 1622 4661 Dominus
1647 4603 1792 4660 Deus
1816 4614 2023 4660 noster.

778 4704 828 4758 l.
859 4701 1098 4757 Veniens
1127 4702 1195 4756 ad
1218 4718 1304 4756 me
1330 4717 1487 4772 opem
1516 4701 1650 4755 mihi
1679 4701 1873 4765 tulisti,
2295 4709 2348 4765 ι)

2295 4709 2348 4765 D
2449 4705 2496 4757 1.
2537 4707 2982 4778 Παραγενόμενος
3005 4706 3138 4776 πρός
3167 4721 3253 4775 με,
3280 4701 3580 4773 ἐϐοήθησας
3622 4719 3733 4774 μοι,
3773 4700 3932 4769 λέγει,

776 4797 829 4850 2.
862 4796 1317 4852 Animadvertens
1343 4812 1516 4849 meam
1545 4795 1939 4859 inﬁrmitatem,

1811 4803 1939 4859 lem.
2445 4799 2498 4852 9..
2541 4801 2939 4870 Προσεσχηκὼς
2967 4799 3028 4853 τὸ
3055 4797 3277 4860 ἀσθενές
3313 4813 3414 4866 μου
3435 4835 3450 4859 ,

776 4890 830 4945 5.
866 4887 982 4944 Non
1011 4889 1251 4959 rejecisti
1279 4888 1714 4959 deprecationem
1744 4901 1940 4940 meam.

1859 4901 1940 4939 im.
2445 4893 2500 4944 5.
2544 4890 2634 4960 Μὴ
2669 4892 2980 4964 ἀπορῤίψῃς
3019 4891 3117 4959 τὴν
3149 4889 3354 4942 ἱκεσίαν
3385 4904 3503 4958 μου.

769 4982 827 5033 4.
863 4979 1041 5034 Corde
1066 4980 1286 5049 lapidei.

1259 4981 1286 5033 i.
2447 4981 2501 5035 ι.
2544 4981 2903 5054 Λιθοκάρδιοι.

776 5072 994 5138 5.°Quaa
1023 5074 1078 5126 in
1109 5072 1312 5125 mundo
1335 5075 1480 5124 sunt.

1409 5075 1480 5124 nt.
2450 5073 2502 5127 5.
2544 5072 2625 5124 Τὰ
2652 5073 2709 5126 ὲν
2736 5073 2814 5144 τῷ
2847 5075 3053 5145 κόσμῳ.

779 5164 831 5216 6.
865 5161 1146 5234 lntelligite
1194 5162 1452 5233 quoniam
1512 5159 1775 5215 Dominus
1823 5175 2038 5215 servum
2111 5177 2270 5216 suum

2449 5164 2500 5215 6.
2546 5164 2791 5234 Νοήσατε
2838 5163 2912 5236 (9)
2971 5165 3054 5218 ὅτι
3108 5165 3137 5218 6
3192 5162 3394 5237 Κύριος
3441 5158 3660 5224 ὲδόξασε
3706 5159 3797 5214 τὸν
3831 5156 3930 5211 δου-

712 5251 1053 5324 gloriﬁcavit.

2384 5253 2606 5308 λεύοντα
2635 5255 2799 5326 αὐτῷ.

783 5349 818 5379 ¹¹
846 5345 1004 5401 Joan.
1030 5363 1120 5411 xx,
1141 5345 1231 5400 εδ.
1310 5345 1351 5376 ¹¹¹
1389 5343 1532 5399 Psal.
1557 5361 1666 5410 us,
1698 5346 1782 5400 l5.

1649 5461 1950 5525 Addenda
2001 5468 2060 5523 et
2106 5462 2479 5542 corrigenda
2516 5481 2594 5523 ex
2629 5462 2766 5524 cod.
2802 5463 3002 5524 Vatic.

782 5570 858 5636 (1)
905 5569 992 5620 Ἑν
1024 5567 1102 5639 τῷ
1143 5567 1263 5638 μέν.

2452 5563 2525 5639 (ῥ)
2562 5563 2667 5639 Teii
2697 5563 2826 5619 Υἱοῦ
2858 5565 2949 5619 τοῦ
2979 5566 3129 5619 Θεοῦ.

780 5634 856 5709 (2)
910 5634 1199 5711 Ἑλάλήσεν
1226 5639 1403 5693 αὐτῶν
1431 5639 1637 5711 (αὐτὰ)
1677 5641 1754 5709 τῷ
1781 5638 1990 5706 κόσμῳ.

779 5705 853 5774 (3)
910 5705 1101 5780 Ἐμοῦξ
1333 5778 1339 5780 _
1438 5705 1446 5711 ’
1618 5705 1629 5710 ⁷
1727 5705 1737 5709 ⁷
1889 5705 1894 5706 ⁷
2451 5705 2526 5780 (8)
2571 5705 2725 5780 Ἐστι
2765 5705 2991 5776 Ἰησοῦς.

781 5783 853 5840 (4)
889 5775 1008 5832 Τῶν
1035 5781 1213 5833 αὐτῶν
1252 5778 1473 5833 τούτων.
2452 5777 2526 5841 (9)
2569 5775 2860 5850 Ποιήσατε.

784 5853 855 5918 (5)
901 5852 1123 5922 Κυρίου,
1159 5854 1192 5930 ἡ
1223 5849 1481 5921 σωτηρία.
