4164 6538
284 455 385 513 661
1203 461 1290 516 DE
1331 461 1607 519 TlTL’LlS
1658 462 1928 519 PSALMO

1866 465 2105 522 lOBUM.
2149 498 2217 511 --
2255 466 2448 522 PSAL.
2484 464 2527 518 Υ
3410 458 3510 515 662

353 569 406 622 7.
452 570 655 641 Κύριος
679 570 1054 624 εἰσακούσεταί
1082 588 1205 641 μου,
1235 574 1293 625 ἐν
1321 573 1397 643 τῷ
1436 576 1759 647 κεκραγέναι
1788 593 1852 647 με
1884 586 1927 638 Α

1884 586 1927 638 Α
2028 578 2077 633 7.
2116 578 2379 635 Dominus
2437 576 2693 632 exaudiet
2748 592 2857 642 me,
2915 594 3038 631 cum
3095 578 3397 633 elamavero
3444 578 3511 633 ad

285 665 424 735 πρὸς
454 664 635 718 αὑτὸν.
1954 685 2097 722 eum.

350 757 405 812 8.
459 754 787 827 ’1)ργίζεσθε,
817 756 911 809 καὶ
940 755 1013 826 μὴ
1038 756 1404 826 ἁμαρτάνετε*

1359 773 1404 808 ε*
2022 760 2073 813 8.
2109 758 2431 824 lraseimini,
2458 767 2510 811 et
2538 758 2706 811 nolite
2735 774 2961 828 peccare
2991 779 3003 824 ;

352 848 406 903 9.
456 849 522 900 Ἃ
542 847 728 915 λέγετε
753 850 811 901 ὲν
840 850 961 912 ταῖς
990 848 1237 920 καρδίαις
1261 848 1433 918 ὑμῶν,
1463 850 1553 902 ἐπὶ
1587 854 1705 914 ταῖς
1730 852 1843 903 κοί-

2022 853 2074 904 9.
2113 848 2243 915 Quae
2295 848 2474 903 dicitis
2513 848 2566 900 in
2612 848 2867 904 cordibus
2904 853 3122 919 vestris,
3154 852 3207 906 in
3245 853 3514 909 cubilibus

282 956 404 1002 ταις
427 938 579 1010 ὑμῶν
605 938 967 1011 κατανύγητε.

1951 943 2145 999 vestris
2178 940 2621 1010 compungimini.

356 1035 437 1088 10.
483 1034 689 1087 Θύσατε
717 1033 907 1089 θυσίαν
946 1032 1308 1105 δικαιοσύνης,
1341 1038 1433 1088 καὶ
1466 1036 1719 1090 ἐλπίσατε
1752 1038 1845 1091 ἐπὶ

2025 1038 2110 1090 10.
2152 1033 2465 1089 Saeriﬁcate
2495 1034 3093 1107 sacritieiumjustitia‘,
3130 1048 3183 1093 et
3208 1050 3422 1109 sperate
3458 1042 3511 1095 in

280 1127 506 1198 Κύριον.

1952 1130 2200 1184 Domino.

351 1217 437 1272 11.
478 1216 668 1270 Πολλοὶ
698 1215 944 1286 λέγουσι·
977 1216 1072 1281 Τίς
1107 1216 1268 1282 δείξει
1302 1219 1431 1289 ἡμῖν
1458 1223 1526 1271 τὰ
1564 1218 1772 1287 ἀγαθάς

1735 1238 1772 1285 ις
2025 1220 2105 1273 il.
2135 1216 2287 1271 Mulli
2313 1216 2497 1273 dicunt
2523 1233 2538 1270 :
2570 1215 2704 1283 Quis
2738 1216 2985 1271 ostendet
3009 1217 3165 1272 nobis
3193 1217 3327 1271 bona
3356 1216 3379 1269 ?

355 1312 439 1365 12.
495 1310 832 1382 Ἐσημειώθη
872 1312 957 1382 ἐφ’
996 1313 1146 1382 ἡμᾶς
1183 1312 1241 1365 τὸ
1272 1312 1386 1381 φῶς
1416 1313 1508 1366 τοῦ
1550 1312 1838 1384 προσώπου

2023 1308 2111 1365 12.
2145 1308 2428 1378 Signatum
2483 1316 2569 1363 est
2613 1323 2779 1378 super
2824 1324 2924 1363 nos
2967 1309 3148 1363 lumen
3196 1309 3376 1363 vultus
3412 1309 3510 1377 tui,

280 1418 395 1466 σου,
428 1403 597 1473 Κύριε
616 1419 629 1432 °

586 1419 629 1455 ε’
1951 1401 2177 1455 Domine
2218 1416 2230 1463 ;

354 1494 436 1548 13.
480 1495 723 1557 Ἐδωκας
746 1494 1079 1566 εύςςροσύνην
1107 1496 1184 1557 είς
1207 1496 1303 1565 τὴν
1327 1494 1548 1563 καρδίαν
1575 1511 1700 1568 μου.

1388 1494 1548 1563 ιρδίαν
1575 1511 1700 1568 μου.
2024 1494 2104 1547 15.
2144 1491 2342 1547 Dedisti
2377 1491 2613 1546 laetitiam
2640 1494 2691 1547 in
2718 1492 2881 1548 corde
2913 1508 3032 1547 meo

350 1585 435 1639 11.
490 1586 619 1638 Ἀπὸ
652 1585 863 1656 καρποῦ
926 1586 1070 1638 σίτου
1092 1628 1105 1652 ,
1149 1587 1290 1639 οἴνου
1329 1584 1503 1657 [σίτου
1529 1587 1625 1642 καὶ
1656 1586 1838 1661 οἴνου(

2019 1586 2101 1640 14.
2146 1586 2189 1639 Α
2230 1584 2409 1640 fructu
2436 1584 2715 1649 frumenti,
2753 1587 2861 1640 vini
2892 1584 3173 1658 [frumenti
3198 1598 3250 1641 et
3283 1584 3417 1657 riui]
3461 1575 3513 1640 ει

275 1678 369 1730 καὶ
402 1675 577 1729 ἐλαίου
608 1678 785 1730 αὐτῶν
807 1677 1242 1749 ὲπληθύνθησαν.

1070 1681 1242 1749 intra»).
1945 1677 2047 1731 olei
2078 1677 2159 1731 sui
2192 1678 2533 1747 multiplicati
2569 1687 2714 1734 sunt.

347 1767 432 1821 15.
488 1767 574 1820 Ἐν
617 1770 804 1839 εἰρήνῃ
855 1770 947 1823 ἐπὶ
992 1770 1053 1823 τὸ
1100 1772 1230 1823 αὐτὸ
1280 1771 1683 1845 κοιμηθήσομαι
1749 1773 1841 1824 καὶ

2020 1769 2105 1822 15.
2142 1766 2199 1821 ln
2228 1784 2359 1837 pace
2390 1770 2442 1821 in
2477 1770 2716 1841 idipsum
2748 1769 3015 1826 dormiam
3058 1779 3111 1826 et
3148 1770 3508 1840 requiescam.

273 1858 527 1913 ὑπνὼσω.

346 1949 429 2004 16.
476 1950 597 2004 Ὅτι
628 1952 713 2018 σὺ,
740 1952 941 2023 Κύριε,
988 1953 1299 2025 καταμόνας
1339 1954 1425 2007 ἐπ’
1464 1954 1641 2007 ἑλπίδι
1706 1973 1835 2009 κατ·
1873 1946 1915 1998 Β

1873 1946 1915 1998 Β
2024 1950 2103 2004 16.
2135 1951 2403 2017 Quoniam
2462 1962 2553 2014 tu,
2610 1953 2860 2019 Domine,
2919 1955 3265 2026 singulariter
3310 1955 3363 2009 in
3417 1969 3511 2026 spe

270 2041 477 2109 ᾠκισάς
505 2060 593 2114 με.

1944 2040 2272 2098 constituis!
2310 2058 2412 2100 nze.

272 2156 377 2221 Εἰς
412 2156 474 2210 τὸ
504 2156 696 2222 τέλος,
719 2155 869 2223 ὑπὲρ
911 2156 1022 2224 τῆς
1063 2158 1576 2227 κληρονομούσης,
1604 2159 1842 2229 ψαλμὸς

1784 2159 1842 2225 ὣς
2024 2154 2088 2211 In
2117 2159 2295 2227 ﬁnem,
2325 2176 2419 2228 pro
2449 2175 2510 2211 ea
2544 2174 2660 2227 qua:
2690 2161 3050 2214 mera-ditatem
3076 2167 3428 2229 consequttur,

739 2248 818 2314 τῷ
850 2247 1045 2302 Δαϐίδ.
1096 2251 1242 2305 ΨΑΛ
1302 2250 1383 2304 E'.
2327 2266 2383 2319 ps

2327 2249 2558 2319 psalmus
2588 2250 2780 2307 David.
2811 2250 3009 2305 ΡδΑι..
3055 2248 3115 2307 ν.

344 2338 393 2391 1.
436 2338 515 2392 Τὰ
543 2339 762 2411 ῥήματά
805 2356 905 2409 μου
943 2339 1217 2402 ἐνώτισαι,
1250 2339 1454 2411 Κύριε’

2022 2339 2072 2393 1.
2110 2338 2281 2395 Verba
2312 2356 2432 2395 mea
2460 2343 2688 2398 auribus
2724 2343 2963 2414 percipe,
2990 2342 3252 2410 Domine;

341 2430 394 2482 2.
437 2430 601 2494 Σύνες
638 2433 734 2503 τῆς
777 2433 1021 2503 κραυγῆς
1064 2450 1163 2503 μου
1196 2431 1283 2504 [τῇ
1323 2436 1534 2504 κραυγῇ
1570 2432 1727 2505 μου]’

1269 2436 1283 2503 ᾗ
1323 2436 1534 2504 κραυγῇ
1570 2432 1727 2505 μου]’
2013 2430 2066 2484 9.
2104 2430 2342 2503 lntellige
2364 2434 2656 2489 clamorem
2692 2449 2913 2499 meum;

342 2520 395 2578 5.
437 2523 678 2592 Πρόσχες
711 2526 776 2593 τῇ
822 2526 971 2594 φωνῇ
1003 2522 1103 2593 τῆς
1135 2523 1369 2595 δεήσεως
1398 2542 1521 2595 μου,

1299 2523 1369 2587 ὡς
1398 2542 1521 2595 μου,
2017 2524 2069 2579 3.
2110 2523 2330 2579 Intende
2350 2527 2467 2580 voci
2497 2526 2760 2581 orationis
2793 2542 2943 2593 mete,

343 2611 393 2665 ι.
444 2614 499 2664 Ὀ
532 2611 782 2680 βασιλεύς
817 2631 917 2683 μου
948 2615 1042 2669 καὶ
1081 2617 1108 2668 ὁ
1134 2615 1265 2679 Θεός
1301 2634 1422 2686 μου.

1232 2633 1265 2679 ,ς
1301 2634 1422 2686 μου.
2020 2617 2068 2672 4.
2104 2616 2216 2671 Rex
2239 2633 2412 2682 meus,
2444 2627 2497 2673 et
2531 2616 2673 2673 Deus
2703 2635 2876 2675 meus.

341 2706 393 2761 5.
438 2706 555 2761 Ὀτι
589 2709 724 2778 πρὸς
760 2710 817 2762 σὲ
858 2709 1247 2781 προσεύξομαι,
1287 2710 1491 2782 Κύριε·

1413 2727 1457 2763 ιε
1478 2725 1491 2738 ·
1999 2710 2067 2764 15.
2099 2708 2364 2775 Quoniam
2398 2709 2462 2765 ad
2509 2718 2558 2765 te
2585 2712 2774 2777 orabo,
2810 2711 3054 2781 Domine,

338 2796 391 2851 6.
432 2798 505 2851 Τὸ
543 2798 686 2869 πρωῒ
715 2800 1009 2873 είσακούσῃ
1044 2801 1144 2871 τῆς
1180 2801 1363 2870 φωνῆς
1399 2818 1520 2871 μου.

1339 2819 1363 2864 ς
1399 2818 1520 2871 μου.
2016 2800 2067 2854 6.
2103 2799 2257 2855 Mane
2278 2802 2537 2856 exaudies
2572 2817 2758 2857 vocem
2785 2819 2983 2860 meam.

1394 2954 1767 3012 ATIIANASII
1808 2953 2392 3012 INTERPRETATIO.

338 3106 390 3160 7.
437 3107 661 3170 Οὐδενὸς
710 3108 784 3177 (1)
830 3108 938 3177 γὰρ
976 3111 1189 3180 παρορᾷ
1228 3108 1337 3162 τῶν
1372 3107 1835 3173 ἁναστεναζόντων

2012 3112 2065 3166 7.
2109 3110 2389 3167 Neminem
2427 3113 2570 3166 enim
2618 3114 2849 3182 despicit
2895 3129 3083 3169 eorum
3128 3116 3219 3187 qui
3264 3115 3331 3173 ad
3387 3130 3513 3175 eum

269 3199 405 3265 πρὸς
429 3199 607 3252 αὐτόν.

1941 3203 2321 3273 ingemiscunt.

339 3292 395 3355 8,
434 3290 487 3345 9.
539 3292 600 3343 '0
632 3291 801 3357 ἣλιοι·
826 3290 905 3359 ui)
931 3290 1213 3346 ἐπιδυέτω
1236 3294 1334 3345 ἐπὶ
1354 3293 1432 3357 τῷ
1454 3291 1835 3364 παροργισμῷ

1562 3291 1835 3364 >οργισμῷ
2010 3293 2064 3357 8,
2101 3295 2153 3348 9.
2196 3294 2289 3349 Sol
2315 3312 2417 3348 non
2448 3296 2652 3350 occidat
2680 3312 2836 3365 super
2860 3313 2943 3350 ira
2967 3307 3141 3353 vestra
3165 3299 3206 3329 ¹⁸

269 3380 457 3450 ὑμῶν.

346 3476 433 3533 10.
474 3475 715 3543 Εῦξασθε
755 3477 849 3531 καὶ
878 3476 1080 3547 ψάλατε
1110 3480 1165 3530 ὲν
1196 3478 1392 3550 καρδία
1424 3479 1659 3553 καθαρᾷ.

1330 3478 1392 3550 ii;
1424 3479 1659 3553 καθαρᾷ.
2018 3473 2104 3530 10.
2133 3472 2295 3530 Orate
2320 3485 2374 3530 et
2396 3476 2605 3544 psallite
2624 3477 2788 3530 corde
2816 3492 2974 3545 puro.

345 3569 427 3622 11.
455 3570 557 3622 Τὸν
579 3569 778 3641 Κύριον
798 3587 889 3623 σου
910 3570 1010 3641 (2),
1030 3572 1200 3624 καὶτὸ
1216 3571 1439 3643 Πνεῦμὰ
1462 3590 1554 3625 σου
1574 3574 1634 3626 τὸ
1659 3574 1833 3641 ᾱγιον.

1723 3588 1833 3625 ἰον.
2013 3567 2100 3621 11.
2129 3566 2324 3621 Filium
2352 3577 2505 3622 tuum
2535 3577 2588 3622 et
2618 3567 2879 3637 Spiritum
2913 3578 3064 3623 tuum
3095 3578 3367 3625 sanctum.

342 3662 429 3715 η.
485 3662 760 3731 Ἐγνώσθη
790 3664 847 3714 ἐν
867 3664 1010 3732 ’ἡμῖν
1041 3664 1069 3714 ὁ
1103 3663 1227 3725 Υἱός
1262 3680 1381 3727 σου,
1422 3663 1615 3733 Κύριε.
1867 3660 1909 3715 C

1867 3660 1909 3715 C
2015 3656 2103 3710 12.
2133 3655 2511 3714 Manifestatus
2530 3667 2614 3714 est
2640 3659 2693 3713 in
2712 3658 2867 3713 nobis
2895 3656 3064 3714 Filius
3089 3668 3239 3724 tuus,
3259 3656 3505 3715 Domine.

346 3753 434 3806 13.
474 3752 547 3805 Τὸ
577 3754 799 3823 Πνεῦμά
830 3770 923 3805 σου
953 3752 1100 3820 λέγει
1129 3753 1189 3806 τὸ
1219 3754 1395 3817 ἅγιον.
1648 3817 1653 3821 ί

1351 3773 1395 3809 ν.
1648 3817 1653 3821 Α
2017 3748 2105 3803 15.
2137 3747 2399 3819 Spiritum
2424 3761 2575 3807 tuum
2601 3761 2874 3815 sanctum,
2899 3751 2995 3806 ait.

340 3843 427 3897 14.
476 3845 569 3898 Ἐκ
618 3844 711 3898 τοῦ
765 3845 1086 3918 ἐπουρανίου
1133 3845 1337 3917 ἄρτου,
1390 3851 1486 3901 καὶ
1533 3848 1698 3913 οἴνου,
1746 3848 1838 3901 κα)⁵

2028 3843 2110 3897 14.
2143 3841 2218 3895 Ex
2250 3842 2622 3912 superemlesti
2665 3857 2824 3911 pane,
2852 3851 2907 3896 et
2934 3844 3082 3903 vino,
3120 3849 3174 3894 et
3205 3840 3379 3909 gratia
3408 3836 3514 3896 Pa-

264 3934 363 4005 τῆς
393 3934 610 4007 χάριτος
634 3935 728 3989 τοῦ
764 3937 976 4006 Πατρὸς
1004 3937 1081 4009 (ὃ)
1110 3938 1203 3991 τοῦ
1235 3940 1412 4009 ἁγίου.

634 3935 728 3989 τοῦ
764 3937 976 4006 Πατρὸς
1004 3937 1081 4009 (ὃ)
1110 3938 1203 3991 τοῦ
1235 3940 1412 4009 ἁγίου.
1948 3938 2046 3993 tris
2066 3936 2261 3991 sancti.

340 4028 427 4084 i5.
481 4029 909 4101 Ἀναπαύσομαι,
940 4030 1109 4100 λέγει.

1035 4049 1109 4087 ει.
2014 4031 2101 4085 15.
2141 4028 2520 4100 Requiescam,
2549 4029 2679 4083 dicit

339 4120 424 4174 16.
456 4122 527 4174 Σὺ
562 4122 717 4192 μόνος
747 4123 1058 4194 κατῴκισάς
1090 4141 1156 4195 με
1185 4125 1241 4177 ἐν
1266 4126 1330 4193 τῇ
1360 4122 1605 4195 βασιλείᾳ
1635 4140 1747 4178 σου.

2014 4121 2101 4177 16.
2132 4122 2213 4175 'l‘u
2238 4122 2387 4177 solus
2418 4121 2659 4176 habitare
2689 4134 2773 4174 me
2802 4118 2975 4175 fecisti
3000 4119 3054 4174 in
3089 4132 3255 4189 regno
3291 4125 3402 4172 tuo.

348 4277 415 4329 Ἦ
450 4276 545 4332 τοῦ
574 4276 787 4349 ψαλμοῦ
822 4278 1154 4349 προκειμένη
1183 4277 1462 4349 ἐπιγραφὴ
1488 4280 1521 4350 ἡ
1556 4277 1644 4331 διὰ
1672 4277 1774 4348 τῆς
1800 4277 2168 4348 κινναϐάρεως
2196 4275 2471 4347 περιέχει·
2505 4277 2608 4341 Είς
2636 4274 2700 4327 τὸ
2737 4273 2930 4340 τέλος,
2964 4271 3116 4342 ὑπὲρ
3156 4271 3265 4341 τῆς
3292 4275 3510 4342 κληρο-

260 4370 590 4439 νομούσης,
622 4370 865 4440 ψαλμύς
887 4369 967 4434 τῷ
996 4369 1195 4424 Δαιντδ.
1226 4370 1426 4423 Τοῦτον
1452 4367 1543 4423 οὖν
1571 4372 1645 4442 (4)
1670 4371 1809 4443 ὑπὲρ
1839 4370 1939 4441 τῆς
1978 4368 2300 4440 Ἐκκλησίας
2324 4369 2473 4438 λέγει
2499 4368 2592 4421 τὸν
2619 4367 2831 4439 ψαλμὸν
2854 4366 2951 4437 τῆς
2988 4364 3284 4437 μελλούσης
3310 4364 3509 4436 κληρο-

262 4466 447 4532 νομεῖν
476 4462 575 4531 τὴν
614 4461 887 4530 βασιλείαν
918 4461 1027 4515 τῶν
1057 4462 1323 4531 οὐρανῶν.
1368 4462 1529 4531 Λέγει
1561 4462 1616 4516 δὲ
1646 4463 1752 4516 τὸν
1768 4460 2013 4531 ψαλμὸν
2044 4459 2123 4527 τῷ
2144 4459 2343 4528 Δαυῖδ,
2370 4459 2513 4528 λέγω
2542 4459 2606 4532 δὴ
2645 4460 2723 4530 τῷ
2754 4459 2868 4531 Υίῷ
2904 4459 2996 4513 τοῦ
3026 4457 3182 4513 Θεοῦ.
3219 4455 3377 4511 Δαυῖδ
3402 4456 3511 4530 γὰρ

263 4555 623 4625 ἑρμηνεύεται
651 4548 831 4620 οὗτος
864 4554 1192 4625 ἀγαπητὸς,
1227 4554 1363 4627 ὅπερ
1393 4554 1588 4627 ἐλέχθη
1618 4555 1721 4608 ὑπὸ
1756 4554 1851 4608 τοῦ
1888 4555 2099 4626 [ἰατρὸς
2128 4555 2218 4608 τὸν
2248 4553 2322 4624 (5)
2355 4553 2617 4625 μονογενῆ
2662 4554 2799 4605 Υἱόν.

329 4666 566 4734 Titulus,
593 4668 685 4738 qui
716 4668 927 4739 psalmo
955 4670 1323 4738 praemittitur,
1341 4670 1625 4725 cinnabari
1653 4672 1915 4741 scriptus,
1946 4670 2192 4739 continet
2219 4688 2232 4723 :
2268 4667 2335 4721 In
2367 4668 2545 4736 ﬁnem,
2577 4683 2671 4735 pro
2696 4683 2759 4720 ea
2793 4682 2909 4735 quw
2938 4667 3295 4721 Iiareditatem
3332 4679 3509 4718 conse-

261 4762 467 4830 quitur,
499 4760 731 4831 psalmus
757 4760 949 4815 David.
980 4759 1135 4814 Hunc
1176 4759 1339 4831 igitur
1372 4761 1642 4829 psalmum
1690 4760 1820 4815 dicit
1858 4776 1956 4831 pro
1985 4759 2250 4823 Ecclesia,
2292 4774 2414 4828 qua:
2452 4757 2634 4811 futura
2678 4767 2763 4811 est
2807 4756 2979 4812 hilares
3022 4756 3174 4828 regni
3221 4755 3503 4812 caelorum.

262 4852 470 4909 Dicitur
495 4863 674 4909 autem
700 4872 711 4907 :
741 4853 989 4909 Psalmus
1016 4853 1210 4921 David,
1240 4852 1453 4908 scilicet
1478 4851 1574 4908 Dei
1599 4852 1762 4908 Filio.
1799 4851 1967 4907 David
1994 4852 2138 4907 enim
2177 4853 2597 4919 interpretatur:
2626 4847 2729 4901 Hic
2750 4848 2993 4911 dilectus,
3013 4848 3157 4917 quod
3183 4848 3384 4904 dictum
3423 4858 3506 4904 est

265 4960 295 5001 a
323 4944 485 5001 Patre
512 4947 577 5001 ad
606 4945 803 5001 Filium
834 4962 995 5003 suum
1029 4946 1368 5017 unigenitum
1403 4945 1471 5001 ίδ.

340 5105 391 5158 1.
413 5103 821 5159 Είσελεύσονται
846 5101 915 5155 τὰ
936 5104 1157 5175 ῥήματὰ
1175 5122 1275 5176 μου
1297 5106 1377 5167 εἰς
1400 5102 1500 5166 τὰς
1524 5102 1691 5164 ἀκοάς
1722 5119 1834 5156 σου.
1868 5106 1909 5160 D

1648 5102 1691 5164 ὶς
1722 5119 1834 5156 σου.
1868 5106 1909 5160 D
2014 5102 2064 5155 1.
2102 5100 2478 5173 ingrediantur
2510 5120 2670 5160 verna
2698 5120 2815 5159 mea
2848 5107 2900 5160 in
2935 5121 3095 5160 aures
3132 5114 3292 5160 tuas:

336 5196 457 5249 2-4.
512 5195 792 5267 Ἀνὰκρινε
828 5195 897 5248 τὰ
929 5198 1353 5268 προσφερόμενὰ
1404 5211 1485 5248 σοι
1513 5197 1641 5266 παρ’
1668 5193 1831 5264 ἐμοῦ·

1622 5197 1641 5241 ι’
1668 5193 1831 5264 ἐμοῦ·
2014 5194 2133 5247 2-1.
2165 5191 2439 5265 Expende,
2475 5212 2596 5267 qua:
2629 5198 2723 5252 tibi
2749 5213 2779 5252 a
2807 5213 2895 5253 me
2925 5198 3221 5254 aﬂ'eruntur
3252 5215 3266 5264 ;

332 5287 383 5343 5.
427 5287 549 5340 Ὀτι
575 5304 657 5340 σοι
686 5286 863 5357 μέλλω
888 5288 1188 5359 προσιέναι.

2013 5286 2065 5339 5.
2093 5285 2361 5351 Quoniam
2392 5288 2457 5342 ad
2485 5299 2537 5345 te
2558 5304 2884 5346 accessurus
2912 5306 3054 5345 sum.

330 5378 386 5433 6.
440 5378 527 5433 Ἐν
548 5378 625 5450 τῷ
660 5379 934 5433 ἀνατεῖλαι
959 5379 1021 5433 τὸ
1042 5379 1157 5449 φῶς
1180 5396 1273 5431 σου
1291 5380 1429 5456 ἐντῇ
1456 5377 1653 5449 καρδίᾳ.
1695 5395 1794 5447 μου

1493 5377 1653 5449 αρδία
1695 5395 1794 5447 μου
2015 5376 2065 5430 6.
2102 5378 2239 5432 Cum
2262 5378 2471 5433 orietur
2503 5380 2592 5433 lux
2622 5391 2712 5434 tua
2747 5381 2801 5435 in
2831 5380 2993 5436 corde
3016 5394 3137 5435 meo

340 5495 383 5527 “
402 5494 600 5565 Eplies.
639 5512 709 5563 Iv,
742 5497 831 5551 ‘26.
900 5498 942 5531 ”
978 5496 1163 5554 Matth.
1198 5516 1280 5563 ιιι,
1311 5498 1406 5562 1“7;
1437 5514 1570 5562 xm,
1604 5498 1666 5563 5;
1701 5495 1741 5548 11
1777 5494 1922 5552 Petr.
1959 5511 1998 5561 ι,
2036 5496 2119 5553 17.

1213 5613 1516 5677 Addenda
1550 5621 1609 5674 et
1643 5610 2016 5691 corrigenda
2072 5628 2150 5672 ex
2183 5613 2321 5675 cod.
2358 5614 2557 5675 Vatic.

332 5733 410 5873 (1)
447 5733 672 5787 Οὐδένα.
2011 5733 2088 5806 (ι)
2129 5736 2299 5790 Τοῦτο
2325 5732 2419 5791 οὖν
2442 5740 2575 5792 ἐστι.

354 5803 389 5856 2
452 5804 587 5873 Υίόν
612 5819 728 5856 σου.
2014 5805 2089 5873 (ὅ)
2131 5808 2442 5873 Πνεύματος
2474 5812 2551 5873 είς

354 5803 410 5877 ᾖ)
452 5804 588 5877 Ῑίόν-
612 5819 728 5856 σου.
2131 5808 2442 5877 Πνεύματος
2474 5812 2551 5873 είς
2580 5808 2689 5862 τόν.

336 5874 413 5937 (5)
454 5872 787 5939 Πνεύματος.
