4164 6524
696 432 804 492 665
1545 441 1602 494 S.
1642 441 2013 499 ATHANASII
2051 445 2201 502 OPP.
2241 446 2417 502 PARS
2454 446 2541 502 lli.
2571 479 2641 489 —
2676 444 3084 500 EXEGETICA.
3824 435 3926 492 664

771 551 820 606 7.
854 549 1008 605 Mane
1030 552 1219 607 astabo
1253 553 1368 619 tibi,
1391 562 1442 608 et
1468 555 1668 611 videbis
1701 573 1810 622 me,
2280 569 2331 625 Α

2280 569 2331 625 Α
2429 562 2478 616 7.
2513 563 2586 616 Τὸ
2615 563 2759 634 πρωῒ
2791 563 3214 633 παραστήσομαι
3248 578 3349 625 σοι,
3379 561 3473 614 καὶ
3502 558 3693 628 έπόψει
3730 573 3804 627 με,

774 645 827 698 8.
861 642 1126 710 Quoniam
1161 659 1270 699 non
1302 643 1443 700 Deus
1477 647 1664 702 volens
1687 648 2024 718 iniquitatem
2053 660 2109 706 tu
2138 667 2216 708 es.

1941 665 2024 705 em
2053 660 2109 706 tu
2138 667 2216 708 es.
2432 655 2482 709 8.
2515 655 2632 706 Ὅτι
2665 654 2785 724 οὐχὶ
2811 653 2943 717 Θεὸς
2971 654 3138 708 θέλων
3169 653 3397 723 ἀνομίαν
3423 652 3486 704 σὺ
3517 668 3583 704 ει.

770 739 822 793 9.
847 735 1031 806 Neque
1064 737 1325 792 habitabit
1345 738 1500 808 juxta
1533 750 1583 794 te
1614 741 1903 809 malignus,

1895 783 1903 806 ν
2430 745 2484 800 9.
2516 747 2590 802 Οὐ
2622 748 2939 817 παροικήσει
2970 763 3050 798 σοι
3086 744 3539 817 πονηρευόμενος,

770 825 855 879 10.
881 823 1067 896 Neque
1096 827 1487 896 permanebunt
1508 828 1694 898 injusti
1734 841 1858 885 ante
1884 833 2074 887 oculos
2109 843 2252 890 tuos.

2436 839 2522 893 10.
2559 838 2691 891 Οὐδὲ
2749 838 3060 909 διαμενοῦσι
3109 837 3414 908 παράνομοι
3470 833 3756 887 κατέναντι
3816 826 3924 881 τῶν

2359 929 2648 1002 ὀφθαλμῶν
2685 946 2796 984 σου.

776 1005 864 1059 11.
899 1004 1067 1061 Odisti
1095 1020 1285 1062 omnes
1319 1009 1410 1078 qui
1439 1019 1730 1078 operantur
1758 1009 2119 1081 iniquitatem,
2413 1004 2416 1007 ’

2413 1004 2416 1007 ’
2433 1019 2517 1074 11.
2567 1019 2864 1090 Ἐμίσησας
2884 1020 3090 1082 πάντας
3110 1020 3234 1082 τοὺς
3269 1015 3663 1088 ἐργαζομένους
3683 1013 3780 1083 τὴν
3805 1014 3920 1066 ἀνο-

2405 1111 2512 1172 ίαν.

768 1192 854 1248 12.
877 1189 1074 1246 Perdes
1110 1205 1301 1246 omnes
1327 1191 1420 1260 qui
1452 1191 1747 1260 loquuntur
1782 1209 2146 1252 mendacium.
2360 1129 2412 1182 vn

2405 1129 2512 1172 :av,

2360 1129 2399 1182 μ
2435 1201 2520 1262 12.
2565 1201 2810 1265 Ἀπολεῖς
2835 1201 3042 1263 πάντας
3059 1202 3182 1263 τοὺς
3212 1197 3503 1260 λαλοῦντας
3534 1197 3596 1249 τὸ
3619 1195 3831 1266 ψεῦδος.

765 1282 852 1337 15.
890 1281 1076 1336 Virum
1114 1282 1440 1353 sanguinum
1484 1293 1537 1338 et
1565 1284 1816 1340 dolosmn
1851 1287 2256 1342 abominabitur

2431 1291 2516 1346 15.
2549 1290 2754 1361 ’Δνδρα
2802 1290 3049 1361 αἱμάτων
3078 1288 3172 1342 καὶ
3208 1286 3377 1340 δόλιον
3428 1285 3774 1357 βδελύσσεται
3810 1283 3920 1337 K23—

695 1373 974 1428 Dominus.
2358 1400 2490 1455 ριος.

763 1464 848 1518 14.
883 1463 994 1534 Ego
1023 1474 1203 1519 autem
1242 1465 1297 1519 in
1340 1467 1684 1522 multitudine
1712 1467 2100 1524 misericordia
2147 1477 2256 1526 tua:

2429 1474 2516 1528 14.
2571 1473 2710 1543 Ἐγὼ
2735 1474 2792 1527 δὲ
2821 1475 2878 1526 ὲν
2899 1471 2978 1544 τῷ
2998 1472 3192 1544 πλήθει
3215 1470 3308 1526 τοῦ
3349 1470 3532 1535 ἐλέους
3566 1487 3658 1523 σου
3692 1468 3920 1523 είσελεὺ-

695 1555 930 1610 iutroibo
960 1555 1012 1609 in
1046 1556 1263 1610 domum
1302 1568 1481 1623 tuam,

1411 1573 1448 1610 τι
1466 1599 1481 1623 ι
2357 1583 2520 1637 σομαι
2552 1568 2632 1630 είς
2654 1566 2744 1620 τὸν
2770 1563 2914 1619 οἶκόν
2940 1583 3055 1629 σου,

764 1646 853 1702 15.
881 1646 1130 1701 Adorabo
1159 1646 1227 1702 ad
1245 1648 1501 1718 templum
1520 1657 1770 1704 sanctum
1794 1657 1946 1705 tuum
1977 1650 2030 1705 in
2059 1650 2254 1706 timore

2427 1658 2513 1712 15.
2546 1659 2912 1729 Προσκυνήσω
2936 1658 3070 1729 πρὸς
3091 1658 3216 1712 ναὸν
3233 1654 3386 1725 ἅγιόν
3409 1672 3499 1708 σου
3534 1655 3592 1707 ὲν
3628 1653 3777 1725 φόϐῳ
3804 1669 3915 1707 σου.

694 1750 808 1797 tuo.

764 1832 851 1886 16.
889 1831 1135 1895 Domine,
1169 1832 1342 1886 deduc
1376 1846 1460 1886 mc
1504 1831 1556 1884 in
1599 1832 1809 1902 justitia
1833 1840 1925 1888 tua
1957 1851 1972 1889 :

2423 1833 2508 1888 16.
2541 1833 2735 1905 Κύριε,
2766 1836 3029 1907 ὀδήγησόν
3060 1852 3125 1906 με
3158 1837 3218 1888 ἐν
3241 1838 3307 1905 τῇ
3339 1835 3650 1905 δικαιοσύνῃ
3685 1852 3778 1888 σου

764 1926 848 1980 1⁸7.
880 1923 1105 1994 Pmpter
1135 1925 1384 1979 inimicos
1432 1941 1582 1980 meos
1631 1926 1805 1997 dirige
1848 1927 1901 1980 in
1957 1936 2248 1999 conspectu
2284 1907 2326 1962 Β

2284 1907 2326 1962 Β
2425 1926 2512 1979 17.
2552 1927 2752 1979 Ἕνεκα
2793 1926 2899 1981 τῶν
2923 1927 3130 1999 ἐχθρῶν
3188 1945 3290 1998 μου
3334 1923 3920 1985 κατεύθυνον,ὲνώπι6ν

694 2029 787 2073 tuo
816 2019 958 2072 viam
991 2031 1186 2071 meam.

2358 2032 2449 2070 σου
2473 2015 2567 2088 τὴν
2599 2017 2713 2070 ὀδόν
2743 2035 2863 2087 μου.

763 2110 849 2166 18.
875 2109 1141 2175 Quoniam
1166 2126 1272 2164 non
1305 2120 1387 2165 est
1421 2111 1478 2164 in
1504 2125 1598 2165 ore
1626 2127 1810 2166 eorum
1843 2113 2041 2166 veritas
2065 2129 2078 2178 ;

2427 2107 2513 2162 18.
2547 2107 2667 2160 Ὀτι
2699 2109 2798 2161 οὐκ
2820 2108 2967 2162 ἔστιν
2989 2111 3046 2162 ὲν
3081 2107 3160 2180 τῷ
3187 2108 3414 2180 στόματι
3434 2108 3614 2164 αὐτῶν
3638 2107 3894 2180 ἀλήθεια·

764 2202 851 2256 19.
874 2201 980 2256 Cor
1005 2215 1194 2255 eorum
1224 2215 1422 2253 vanum
1447 2209 1553 2253 est.

2427 2200 2512 2255 19.
2555 2197 2618 2251 Ἡ
2644 2199 2838 2270 καρδία
2865 2200 3043 2252 αὐτῶν
3077 2201 3300 2270 ματαία.

762 2294 849 2348 20.
879 2294 1196 2363 Sepulcrum
1224 2301 1416 2360 patens
1443 2300 1528 2346 est
1555 2299 1740 2360 guttur
1764 2306 1955 2347 eorum

2426 2290 2518 2346 20.
2552 2293 2732 2361 Τάφος
2766 2291 3107 2362 ἀνεῳγμένος
3133 2294 3161 2345 6
3187 2291 3393 2363 λάρυγξ
3417 2293 3596 2348 αὐτῶν
3615 2313 3627 2324 ·

759 2388 850 2443 21.
886 2386 1111 2459 Linguis
1142 2386 1256 2440 suis
1280 2384 1469 2439 dolose
1491 2384 1740 2455 agebant.

2429 2380 2520 2433 21.
2557 2381 2689 2442 Ταῖς
2711 2379 2983 2448 γλώσσαις
3009 2380 3188 2435 αὐτῶν
3218 2382 3539 2439 ἐδολιοῦσαν.

758 2477 847 2532 22.
878 2476 1069 2530 Judica
1100 2476 1242 2542 illos,
1268 2473 1427 2529 Deus.

2428 2469 2518 2524 22.
2556 2471 2754 2540 Κρῖνον
2788 2471 3004 2538 αὐτοὺς,
3039 2475 3066 2525 6
3094 2471 3245 2537 Θεός.

759 2569 850 2623 25.
882 2568 1137 2623 Decidant
1159 2584 1189 2621 a
1220 2566 1636 2637 cogitationibus
1664 2568 1778 2621 suis
1805 2585 1818 2630 ;

2431 2561 2520 2614 25.
2571 2561 3026 2616 Ἀποπεσάτωσαν
3049 2563 3156 2616 ἀπὸ
3183 2564 3290 2617 τῶν
3322 2565 3638 2619 διαϐουλιῶν
3662 2568 3869 2622 αὐτῶν·

758 2661 850 2714 24.
891 2658 1199 2714 Secundum
1227 2658 1628 2714 multitudinem
1676 2658 2012 2728 impietatum
2061 2674 2250 2715 eorum

2425 2651 2513 2704 24.
2551 2650 2705 2705 Κατὰ
2738 2651 2798 2704 τὸ
2826 2653 3027 2723 πλῆθος
3061 2655 3168 2706 τῶν
3201 2656 3459 2710 ἀσεϐειῶν
3499 2659 3679 2714 αὐτῶν
3726 2660 3915 2725 ἐξωσον

690 2751 897 2821 expelle
920 2765 1014 2804 eos
1040 2766 1054 2813 ;

941 2765 1014 2804 eos
1040 2766 1054 2813 ;
2360 2745 2555 2809 αὐτούς
2572 2760 2585 2775 ⁸

758 2841 848 2896 25.
884 2839 1152 2907 Quoniam
1179 2839 1528 2893 irritaveruut
1555 2845 1625 2904 te,
1651 2838 1897 2893 Domine.

1790 2839 1897 2893 ine.
2429 2837 2516 2890 25.
2553 2838 2675 2890 Ὅτι
2703 2837 3112 2911 παρεπίκραναν
3141 2857 3219 2907 σε,
3247 2842 3434 2913 Κύριε.

1799 2928 2170 2983 ATIIANASII
2215 2927 2805 2984 INTERPRETATIO.

757 3023 811 3077 7.
842 3024 977 3078 Cum
1003 3036 1191 3077 omnes
1219 3020 1468 3076 tenebras
1513 3021 1790 3090 dispulero
1848 3037 1878 3075 a
1934 3037 2040 3086 me,
2091 3022 2248 3092 cujus

2419 3020 2472 3074 7.
2510 3021 2639 3074 Ὅτε
2702 3025 2882 3076 πᾶσαν
2934 3025 3150 3078 σκοτίαν
3191 3027 3450 3082 ἀπελάσω
3490 3029 3585 3084 ἀπ’
3633 3029 3798 3101 ἐμοῦ,
3827 3027 3914 3085 τοῦ

688 3115 857 3187 gratia
899 3128 984 3167 me
1037 3113 1132 3167 tibi
1173 3113 1384 3176 sistam,
1419 3120 1471 3167 et
1502 3121 1628 3166 tunc
1655 3128 1741 3166 me
1771 3112 2047 3182 inspicies.

1969 3129 2047 3168 es.
2353 3114 2774 3184 παραστήσομαί
2805 3131 2885 3166 σοι
2914 3115 3010 3184 (1),
3038 3114 3130 3168 καὶ
3159 3117 3278 3169 τότε
3302 3118 3489 3188 ἐπόψει
3524 3137 3611 3190 με.

757 3207 809 3261 8.
837 3206 954 3261 Non
979 3205 1124 3269 enim
1157 3215 1212 3260 tu
1227 3204 1443 3260 esDeus
1468 3205 1699 3280 libenter
1728 3204 1919 3260 videns
1947 3205 2250 3261 tenebrico-
2278 3237 2319 3294 ε

2278 3237 2319 3294 c
2425 3206 2477 3259 8.
2507 3205 2579 3257 Οὐ
2614 3205 2721 3277 γὰρ
2749 3202 2800 3258 εἷ
2830 3209 2857 3260 6
2889 3206 2963 3276 (2)
2993 3207 3124 3271 Θεὸς
3162 3209 3329 3280 ἡδέως
3350 3210 3489 3281 ὁρῶν
3521 3213 3800 3276 σκοτεινὰς
3837 3215 3916 3266 ἐν·

688 3318 777 3359 sas
798 3300 1155 3371 cogitationes
1180 3300 1233 3353 in
1262 3296 1424 3353 corde
1446 3295 1702 3351 hominis.

2357 3297 2619 3368 θυμήσεις
2654 3299 2710 3350 ὲν
2741 3299 2937 3370 καρδίᾳ
2961 3299 3170 3371 ἀνδρός.
3926 3311 3935 3324 ’

756 3396 810 3450 9.
844 3393 962 3447 Νοιι
1010 3392 1114 3446 erit
1159 3391 1255 3446 tibi
1311 3391 1559 3457 amicus,
1602 3388 1696 3459 qui
1750 3387 1847 3443 tibi
1892 3389 2155 3444 benevolo
2202 3399 2256 3443 et

2422 3390 2474 3444 9.
2506 3390 2618 3442 Οὐκ
2669 3389 2822 3444 ἔσται
2858 3407 2940 3443 σοι
2988 3392 3187 3456 οἰκεῖος
3230 3393 3258 3444 6
3289 3395 3363 3464 μὴ
3400 3395 3658 3467 καθαρῶς
3691 3414 3773 3451 σοι
3803 3398 3918 3452 δου-

688 3485 891 3540 mundo
921 3483 1082 3539 corde
1116 3499 1225 3538 non
1257 3482 1444 3538 servit.

1287 3482 1444 3538 ervit.
2355 3479 2526 3534 λεύων
2563 3481 2677 3551 μετ’
2707 3484 2931 3546 ἐννοίας.

764 3577 850 3631 10.
887 3573 1004 3630 Non
1032 3575 1176 3630 enim
1230 3574 1379 3643 digni
1424 3573 1839 3628 aestimabuntur
1870 3572 2057 3642 injusti
2111 3584 2256 3627 stare

2426 3573 2513 3626 10.
2550 3575 2624 3627 Οὐ
2681 3574 2789 3645 γὰρ
2853 3574 3245 3648 ἀξιωθήσονται
3295 3575 3664 3649 ὰτελευτήτως
3717 3580 3919 3634 ἱστάναι

690 3687 872 3730 coram
906 3681 956 3724 te
984 3670 1037 3723 in
1071 3669 1393 3723 aeternitate.

2355 3664 2582 3719 ἐνώπιόν
2614 3683 2706 3719 σου
2743 3685 2818 3720 πα
2825 3670 3066 3740 ράνομοι.

761 3763 847 3817 11.
889 3760 990 3826 Qui
1020 3759 1149 3814 facit
1171 3770 1470 3829 peccatum,
1499 3769 1552 3814 et
1589 3759 1909 3824 iniustitiam
1940 3757 2090 3814 facit.

2425 3759 2511 3813 11.
2561 3760 2618 3811 Ὀ
2651 3760 2819 3813 ποιῶν
2843 3761 2940 3832 τὴν
2972 3764 3245 3834 ἁμαρτίαν
3266 3763 3359 3817 καὶ
3383 3763 3480 3835 τὴν
3510 3764 3742 3834 ἀνομίαν
3759 3766 3913 3817 ποιεῖ.

767 3853 852 3907 12.
887 3852 1148 3923 Projicies
1182 3855 1326 3908 enim
1359 3868 1454 3908 eos
1486 3854 1541 3907 in
1571 3855 1773 3923 ignem,
1820 3851 1913 3908 ubi
1957 3861 2039 3908 est
2068 3853 2255 3908 diabo-

2424 3849 2510 3902 12.
2548 3847 2738 3912 Βαλεῖς
2765 3851 2874 3921 γὰρ
2901 3853 3100 3916 αὐτοὺς
3126 3856 3203 3916 εἰς
3234 3854 3296 3906 τὸ
3323 3853 3454 3924 πῦρ,
3479 3853 3606 3908 ἔνθα
3633 3857 3662 3907 6
3685 3855 3922 3919 διάϐολος

693 3946 779 4000 ius
803 3954 951 4014 pater
975 3945 1265 3999 mendacii.

2355 3942 2384 3994 6
2414 3940 2595 4014 πατὴρ
2615 3941 2709 3994 τοῦ
2736 3942 2982 4011 ψεύδους.

765 4037 852 4092 15.
875 4035 946 4090 De
964 4034 1136 4090 Caino
1159 4035 1420 4104 loquitur,
1439 4044 1493 4089 et
1507 4035 1573 4089 de
1597 4035 1822 4105 reliquis
1833 4035 1948 4107 ejus
1966 4035 2254 4090 similibus.

2427 4035 2512 4089 15.
2557 4035 2688 4106 Περὶ
2709 4035 2971 4090 τῶνκατά
2993 4037 3082 4090 τὸν
3113 4040 3249 4093 Κάἲν
3270 4039 3415 4108 λέγει
3445 4041 3540 4095 καὶ
3566 4041 3676 4095 τῶν
3706 4043 3919 4099 λοιπῶν.

764 4131 852 4184 14.
890 4127 946 4182 lu
978 4143 1268 4197 supernam
1301 4125 1622 4181 Jerusalem.

2429 4124 2514 4178 14.
2544 4125 2637 4187 Ei;
2671 4125 2768 4194 τὴν
2801 4127 2912 4180 ἅνω
2951 4128 3326 4200 Ἰερουσαλήμ.

763 4221 849 4276 15.
887 4222 942 4276 In
967 4221 1334 4290 supercmlesti
1367 4220 1604 4272 civitate.

2429 4217 2516 4269 15.
2557 4217 2648 4279 Ei;
2683 4216 2781 4288 τὴν
2811 4218 3129 4289 ἐπουράνιον
3157 4221 3329 4274 πόλιν.

761 4314 847 4371 16.
877 4314 1060 4369 Deduc
1089 4328 1174 4366 me
1215 4313 1268 4364 in
1301 4311 1437 4366 Filio
1465 4320 1578 4375 tuo,
1605 4309 1729 4381 quia
1757 4311 1847 4364 lux
1879 4319 1980 4364 est.

2430 4306 2515 4360 16.
2563 4306 2856 4379 Ὀδήγησόν
2889 4327 2954 4379 με
2982 4313 3039 4363 ὲν
3068 4311 3145 4380 τῷ
3171 4310 3283 4381 Υἰῷ
3311 4328 3424 4377 σου,
3455 4313 3536 4366 ὅτι
3573 4312 3690 4380 φῶς
3723 4317 3857 4369 ἐστι.

761 4405 848 4459 17.
881 4402 986 4457 Fac
1023 4418 1106 4456 me
1137 4403 1385 4456 incedere
1407 4401 1462 4454 in
1487 4401 1606 4456 luce
1634 4411 1723 4455 tua
1753 4413 1970 4471 prOpter
2007 4401 2259 4456 inimicos

2433 4398 2518 4452 17.
2561 4399 2659 4452 Διά
2684 4401 2811 4464 τοὺς
2844 4401 3069 4473 ἐχθρούς
3102 4421 3201 4474 μου
3234 4405 3357 4467 τοὺς
3373 4405 3531 4468 ὄντας
3559 4407 3753 4472 σκότος
3779 4411 3834 4462 ὲν
3854 4405 3924 4480 τῷ

692 4512 862 4559 meos,
895 4495 988 4565 qui
1007 4495 1240 4549 teucbra:
1266 4503 1411 4549 sunt.

2361 4493 2500 4561 φωτί
2526 4510 2616 4545 σου
2661 4493 2988 4566 πορεύεσθαί
3020 4491 3093 4566 ’με
3127 4497 3368 4566 ποίησον.

763 4590 848 4644 18.
882 4589 938 4642 In
973 4589 1221 4643 doctrina
1244 4602 1468 4653 eorum;
2287 4593 2330 4647 D

2287 4593 2330 4647 ι)
2430 4583 2517 4638 18.
2558 4585 2644 4636 Ἐν
2674 4588 2739 4654 τῇ
2765 4585 3076 4659 διδασκαλίᾳ
3111 4588 3287 4642 αὐτῶν
3313 4608 3323 4620 ·

763 4682 847 4734 19.
878 4678 1145 4748 Cogitatio
1178 4693 1391 4732 eorum.

2433 4676 2516 4732 19.
2567 4677 2628 4729 Ἦ
2665 4677 2958 4750 ἐνθύμησις
2991 4681 3065 4750 (5)
3102 4682 3296 4736 αὐτῶν.

761 4773 847 4827 20.
883 4770 1082 4828 Omnes
1106 4772 1248 4827 enim
1276 4771 1556 4837 devorant,
1595 4770 1687 4840 qui
1718 4770 1957 4839 peccatis
2008 4769 2256 4838 mor-iuno

2429 4768 2518 4825 20.
2555 4770 2766 4834 Πάντας
2800 4773 2908 4843 γὰρ
2929 4775 3055 4838 τοὺς
3070 4777 3293 4846 νεκροὺς
3310 4775 3467 4841 ὄντας
3490 4781 3603 4844 τοῖς
3633 4781 3921 4852 παραπτώ-

693 4873 798 4920 tur.

2367 4878 2498 4933 μασι
2531 4862 2935 4916 καταπίνουσιν.

761 4958 850 5012 21.
882 4956 1165 5011 Adulando
1200 4955 1492 5024 decipiunt.

2431 4953 2519 5006 21.
2561 4954 2959 5019 Κολακεύοντες
2993 4958 3291 5014 ἀπατῶσιν.

755 5048 846 5114 22,
875 5049 966 5102 25.
998 5045 1115 5102 Νοη
1144 5047 1431 5117 praevaleat
1459 5047 1752 5102 consilium
1779 5062 1970 5103 eorum
1990 5092 2003 5114 ,

1940 5064 2003 5114 η,
2433 5042 2522 5107 22,
2557 5041 2646 5096 25.
2682 5045 2772 5114 Μὴ
2817 5045 3088 5116 ίσχυσάτω
3109 5050 3142 5118 ἡ
3173 5046 3338 5120 βουλὴ
3377 5050 3584 5104 αὐτῶν·

761 5141 849 5196 24.
887 5140 1356 5208 Quemadmodum
1421 5139 1633 5209 seipsos
1680 5139 2068 5210 elongaverunt
2118 5155 2151 5192 α
2207 5145 2258 5189 te

2427 5135 2514 5188 24.
2541 5135 2737 5199 Καθὼς
2790 5135 3014 5202 ἑαυτοὺς
3071 5141 3383 5212 ὲμάκρυναν
3420 5143 3527 5195 ἀπὸ
3576 5143 3671 5197 σοῦ
3729 5145 3790 5198 ἑν
3850 5143 3918 5213 τῷ

693 5243 936 5302 tempore
964 5233 1085 5288 vitae
1107 5246 1220 5288 suae
1245 5271 1260 5296 ,
1303 5231 1377 5285 ita
1411 5245 1507 5286 eos
1540 5230 1748 5302 projice
1769 5231 1866 5285 abs
1910 5238 1960 5285 te
1988 5229 2038 5285 in
2069 5243 2256 5284 resur-

2362 5226 2538 5297 καιρῷ
2558 5227 2657 5295 τῆς
2684 5227 2826 5299 ζωῆς
2848 5231 3048 5295 αὐτῶν,
3074 5232 3244 5297 οὕτως
3270 5235 3465 5300 αὐτοὺς
3490 5237 3792 5308 ἀπόῤῥςψον
3823 5237 3917 5291 ἀπὸ

695 5327 966 5389 rectione;

2365 5320 2456 5373 σοῦ
2479 5323 2534 5373 ὲν
2560 5324 2626 5391 τῇ
2655 5321 2942 5376 ἀναστάσει
2968 5341 2981 5353 ·

764 5418 850 5473 25.
879 5418 1148 5485 Quoniam
1182 5420 1426 5474 viventes
1461 5418 1810 5472 irritaveruut
1831 5425 1901 5469 te.

2433 5411 2519 5464 35.
2554 5413 2674 5465 Ὀτι
2713 5415 3125 5486 παρεπίκραναν
3160 5435 3217 5471 σε
3248 5421 3306 5474 ὲν
3335 5423 3400 5493 τῇ
3427 5421 3538 5494 ζωῇ
3571 5421 3769 5480 αὐτῶν.

1638 5615 1937 5677 Addenda
1987 5624 2048 5678 et
2091 5610 2463 5692 corrigenda
2495 5627 2571 5671 ex
2600 5612 2739 5672 cod.
2773 5611 2971 5674 Vatic.

769 5773 842 5849 (1)
872 5773 1004 5849 Παρ*
1030 5775 1266 5849 ἐμαυτοῦ
1300 5776 1719 5847 παραστήσομαί
1760 5791 1860 5836 σοι.
2435 5775 2512 5849 (3)
2543 5775 2609 5828 ΛΞ
2636 5775 2976 5847 ἐνθυμήσεις.

771 5845 844 5914 (2)
877 5845 988 5900 Art.
1020 5848 1046 5899 ὁ
1069 5846 1235 5907 deest.
