4164 6488
694 441 798 497 667
1530 443 1588 500 S.
1632 443 2009 501 ATllANASll
2050 446 2200 502 OPP.
2241 445 2420 502 PARS
2458 445 2549 501 111.
2585 475 2655 487 —-
2693 443 3102 498 EXEGETICA.
3829 444 3925 500 668

765 564 848 616 11.
883 563 1142 619 Laboravi
1167 563 1219 618 in
1248 565 1444 634 gemitu
1478 581 1618 632 meo,
2281 584 2325 638 Α

2281 584 2325 638 Α
2429 567 2514 620 11.
2561 565 2860 618 Ἐκοπίασα
2893 565 2949 616 ἐν
2975 563 3050 634 τῷ
3088 565 3375 634 στεναγμῷ
3402 581 3523 634 μου,

761 651 846 705 12.
879 652 1092 707 Lavabo
1127 669 1221 722 per
1243 655 1484 724 singulas
1521 668 1708 711 noctes
1746 656 1940 712 lectum
1969 675 2179 714 meum:

2178 683 2179 712 ς
2430 657 2514 710 12.
2542 656 2731 708 Αούσω
2759 655 2878 708 καθ’
2910 656 3144 724 ἑκάστην
3183 655 3353 708 νύκτα
3384 657 3480 725 τὴν
3511 655 3696 725 κλίνην
3722 672 3822 723 μου

764 743 848 799 15.
883 744 1162 813 Lacrymis
1195 746 1325 798 meis
1361 755 1588 800 stratum
1625 764 1800 802 meum
1837 750 2038 818 rigabo.

2431 750 2513 802 15.
2562 751 2649 801 Ἐν
2674 749 2902 819 δάκρυσί
2935 765 3036 819 μου
3060 747 3156 818 τὴν
3196 752 3482 820 στρωμνήν
3508 767 3609 818 μου
3639 747 3833 817 βρέξω.

761 835 845 888 ﬂ.
883 834 1155 889 Turbatus
1181 849 1263 890 est
1297 852 1325 890 a
1355 838 1538 892 lurore
1564 841 1754 894 oculus
1777 857 1972 895 meus:

2431 840 2513 892 M.
2561 841 2864 911 Ἐταράχθη
2893 840 2999 892 ἀπὸ
3021 839 3186 910 θυμοῦ
3216 843 3243 893 ὁ
3270 841 3541 910 ὀφθαλμός
3573 861 3672 911 μου
3693 860 3704 872 ·

761 929 849 983 15.
883 927 1178 982 lnveteravi
1214 929 1349 984 inter
1373 947 1562 986 omnes
1585 932 1833 988 inimicos
1872 949 2038 988 meos.

2431 933 2515 986 15.
2563 932 2936 1004 Ἐπαλαιώθην
2963 934 3020 985 ὲν
3050 935 3181 986 πᾶσι
3211 937 3320 996 τοῖς
3352 933 3561 1004 ἐχθροῖς
3596 952 3716 1006 μου.

763 1020 847 1072 16.
881 1020 1146 1074 Discedite
1184 1036 1213 1075 a
1247 1038 1352 1088 me,
1381 1038 1573 1077 onmes
1600 1026 1690 1093 qui
1723 1027 2024 1094 operamini
2057 1025 2253 1096 iniqui-

2435 1026 2516 1077 l6.
2571 1026 2867 1095 ’Λπόστητε
2918 1029 3010 1080 ἀπ’
3045 1026 3200 1098 ἐμοῦ,
3242 1026 3441 1090 πάντες
3482 1030 3529 1080 οἱ
3573 1029 3924 1101 ἐργαζόμενοι

691 1122 852 1167 tatem
883 1129 894 1164 :

2393 1120 2457 1185 ὴν
2487 1120 2713 1188 ἀνομίαν
2736 1135 2747 1148 ·

765 1207 849 1259 17.
897 1207 1165 1273 Quoniam
1220 1209 1498 1265 exaudivit
1539 1211 1802 1266 Dominus
1849 1227 2034 1266 vocem
2097 1214 2250 1270 ﬂetus

2435 1212 2516 1264 l7.
2554 1211 2676 1263 Ὅτι
2731 1211 3011 1279 εἰσήκουσε
3057 1211 3259 1281 Κύριος
3297 1214 3395 1281 τῆς
3425 1214 3606 1283 φωνῆς
3633 1213 3729 1266 τοῦ
3767 1213 3925 1266 κλαυ-

690 1299 818 1349 mei.

2361 1301 2497 1371 θμοῦ
2527 1319 2645 1371 μου.

760 1387 843 1442 18.
882 1388 1169 1443 Exaudivit
1197 1387 1462 1445 Dominus
1492 1390 1923 1458 deprecationem
1957 1408 2129 1447 meam
2168 1410 2179 1446 :

1957 1408 2129 1447 meam
2168 1410 2179 1446 :
2439 1393 2521 1445 18.
2565 1394 2798 1445 Ἤκουσε
2824 1394 3026 1463 Κύριος
3060 1394 3154 1464 τῆς
3177 1395 3412 1462 δεήσεώς
3438 1413 3569 1468 μου·

763 1479 848 1536 19.
882 1480 1144 1536 Dominus
1169 1482 1471 1536 orationem
1507 1498 1680 1536 meam
1719 1485 1976 1551 suscepit.

2435 1485 2519 1539 i9.
2553 1484 2754 1554 Κύριος
2781 1485 2877 1556 τὴν
2910 1488 3210 1556 προσευχήν
3245 1505 3344 1557 μου
3389 1490 3762 1560 προσεδέξατο.

760 1571 830 1625 20
878 1571 1212 1627 Erubescant
1230 1584 1281 1627 et
1297 1575 1687 1629 conturbentur
1706 1575 2048 1630 vehementer
2069 1593 2255 1632 omnes

2431 1577 2518 1628 '20.
2552 1577 2975 1648 Αἰσχυνθείησαν
3034 1579 3126 1630 καὶ
3176 1580 3574 1651 ταραχθείησαν
3624 1582 3824 1643 πάντες
3882 1583 3924 1633 οἱ

693 1665 897 1719 inimici
926 1667 1028 1720 mei
1065 1685 1077 1720 :

1065 1685 1077 1720 :
2362 1667 2453 1737 ὲχθ
2465 1666 2544 1739 poi
2585 1685 2704 1737 μου.

764 1753 850 1805 ει.
886 1753 1282 1808 Convertuntur
1311 1764 1364 1810 et
1392 1755 1719 1810 erubescant
1751 1758 1903 1811 valde
1940 1760 2216 1814 velociter.

2431 1760 2519 1811 21.
2557 1760 3058 1832 Ἀποστραιρείησαν
3077 1763 3169 1815 καὶ
3190 1763 3708 1833 καταισχυνθείησαν
3733 1763 3923 1833 σφόδρα

2363 1848 2450 1902 διὰ
2477 1852 2691 1919 τάχους.

751 1925 974 1983 habitus
1007 1930 1190 1997 David,
1227 1950 1376 2002 quem
1408 1937 1640 1990 cantavit
1674 1936 1897 1990 Domino
1929 1954 2022 2006 pro
2056 1938 2221 1996 verbis

2428 1944 2666 2010 Ψαλμὸς
2689 1941 2768 2006 τῷ
2797 1943 2993 2006 Δαϐὶδ,
3019 1945 3090 1997 ὃν
3119 1941 3234 2015 ᾖσε
3262 1944 3338 2010 τῷ
3367 1944 3562 2014 Κυρίῳ
3598 1947 3750 2017 ὑπὲρ
3775 1945 3884 2004 τῶν

1013 2023 1297 2093 C/mst'ﬁlii
1329 2026 1546 2082 Jemim’.
1581 2028 1781 2083 PSAL.
1821 2029 1948 2085 VII.
2570 2037 2657 2100 λάῖ

2570 2037 2767 2100 λόγων
2794 2036 2980 2088 Χουσὶ
3013 2037 3146 2091 υἱοῦ
3169 2037 3389 2106 Ἰεμενί.
3430 2041 3602 2094 ΨΑΛ.
3644 2039 3723 2094 Z'.

775 2112 820 2165 1.
848 2109 1073 2168 Domine
1097 2113 1239 2170 Deus
1265 2133 1438 2184 meus,
1466 2121 1519 2174 in
1551 2129 1602 2174 te
1642 2122 1855 2190 speravi
1890 2138 1904 2176 :

2438 2127 2486 2179 1.
2521 2126 2691 2196 Κύριε
2719 2127 2747 2177 ὁ
2769 2127 2900 2191 Θεός
2934 2146 3057 2200 μου,
3087 2131 3179 2183 ἐπὶ
3210 2131 3291 2184 σοι
3316 2130 3519 2201 ἤλπισα
3541 2147 3552 2160 ·

1814 2273 2185 2332 ATHANASII
2223 2275 2808 2333 INTERPRETATIO.

772 2425 854 2479 11.
887 2427 1153 2484 Gravatus
1188 2441 1409 2499 peccato
1434 2431 1811 2501 ingemiscam.
2291 2441 2338 2498 Β

2291 2441 2338 2498 Β
2441 2437 2526 2490 11.
2555 2436 2894 2509 Βαρούμενος
2928 2437 3033 2491 ὑπὸ
3067 2440 3162 2510 τῆς
3188 2441 3460 2512 ἁμαρτίας
3499 2442 3739 2508 στενάξω
3771 2443 3865 2514 (1).

775 2516 857 2569 12.
895 2517 1212 2574 Emundabo
1234 2521 1301 2574 ab
1335 2522 1483 2574 omni
1512 2532 1736 2592 peccato
1762 2539 1962 2594 corpus
1987 2542 2166 2580 meum
2194 2545 2209 2582 :

2445 2529 2531 2582 12.
2558 2530 2854 2601 Καθαρίσω
2897 2532 3002 2584 ἀπὸ
3056 2533 3232 2599 πάσης
3262 2533 3531 2602 ἁμαρτίας
3570 2535 3644 2604 (2)
3692 2536 3752 2588 τὸ
3784 2533 3931 2605 σῶμά

2377 2641 2475 2675 μου
2500 2641 2512 2653 ⁸

779 2694 858 2748 15.
899 2694 961 2749 Ει
989 2699 1041 2749 in
1073 2697 1323 2767 lacrymis
1363 2700 1605 2769 requiem
1648 2717 1857 2766 meam;
1902 2703 2006 2758 hoc
2049 2713 2131 2758 est
2164 2703 2264 2758 Do-

2444 2713 2524 2766 15.
2567 2714 2676 2766 Καὶ
2711 2715 2767 2766 ὲν
2794 2715 3022 2785 δάκρυσι
3051 2714 3125 2784 (3)
3149 2715 3246 2786 τὴν
3277 2716 3578 2769 ἁνὰπαυσίν
3609 2735 3712 2787 μου
3734 2735 3747 2749 ⁸
3790 2736 3934 2772 τουτ-

706 2785 908 2838 minum
931 2785 1182 2856 lacrymis
1203 2790 1409 2857 rigabo,
1443 2801 1501 2844 ut
1522 2795 1774 2847 meretrix
1804 2795 1857 2848 in
1893 2793 2181 2864 Evangelio
2203 2798 2266 2851 ".

2235 2798 2266 2851 ".
2370 2803 2484 2856 έστι
2515 2803 2602 2856 τὸν
2627 2804 2827 2876 Κύριον
2865 2805 3059 2875 βρέξω,
3083 2807 3157 2868 ὡς
3187 2809 3218 2877 ἡ
3260 2808 3429 2879 πόρνη
3457 2809 3514 2860 ἐν
3549 2807 3879 2880 Εὑαγγελίῳ.

781 2876 859 2928 14.
893 2876 1031 2931 Pura
1063 2888 1143 2933 est
1167 2895 1196 2934 a
1221 2883 1562 2951 suggestione
1608 2884 1808 2938 diaboli
1847 2901 2000 2940 mens
2025 2901 2163 2940 mea.

2441 2894 2525 2947 M.
2559 2896 2630 2947 Οὐ
2657 2896 2970 2966 καθαριεύει
2999 2901 3030 2968 ἡ
3077 2899 3283 2952 διὰνοιά
3316 2918 3415 2970 μου
3440 2901 3546 2954 ἀπὸ
3582 2903 3679 2971 τῆς
3706 2901 3798 2955 τοῦ
3827 2902 3931 2955 δικ-

2371 2984 2527 3039 6όλου
2564 2987 2848 3059 ὑποϐολῆς.

2445 3077 2532 3131 15.
2572 3079 2904 3153 Ίῐῳανίσθην
2929 3083 3084 3147 ὅλως,
3114 3086 3192 3148 εἰς
3225 3085 3375 3139 οὐδὲν
3409 3086 3696 3156 ἐγενόμην.

2446 3171 2528 3224 16.
2559 3173 2620 3224 Οἱ
2659 3173 2907 3244 δαίμονες
2939 3177 2989 3228 οἱ
3043 3177 3101 3229 τὸ
3156 3176 3417 3248 πρότερον
3474 3178 3838 3250 ὁδηγήσαντὲς
3876 3196 3937 3251 με

2375 3261 2510 3330 πρὸς
2535 3263 2714 3314 πᾶσαν
2739 3266 2980 3334 πονηρὰν
3010 3267 3329 3337 ἐπιθυμίαν.

2448 3352 2534 3405 17.
2568 3351 2672 3405 Τοῦ
2697 3353 2930 3424 ὀδυρμοῦ
2961 3357 3060 3426 τῆς
3088 3359 3314 3429 καρδίας
3351 3377 3468 3431 μου.

2446 3444 2530 3498 18.
2563 3446 2675 3498 υύκ
2701 3448 3024 3520 ἀπεστράφη
3053 3450 3274 3521 ταύτην.

2444 3536 2529 3589 19.
2557 3537 2669 3609 Ιιλη
2682 3542 2763 3608 ροῖ
2787 3539 2895 3610 γὰρ
2926 3541 3112 3611 αὑτήν.

783 3051 865 3103 15.
893 3052 1140 3108 Perditus
1165 3057 1387 3109 omnino
1406 3073 1548 3120 sum,
1574 3067 1628 3112 et
1659 3058 1711 3112 in
1741 3060 1967 3114 nihilum
1994 3062 2262 3118 redactus.

775 3144 858 3197 16.
898 3144 1176 3200 Daemones
1203 3158 1360 3202 antea
1397 3167 1482 3204 me
1514 3151 1776 3207 ducentes
1822 3153 1888 3207 ad
1914 3169 2130 3210 onmem
2170 3157 2270 3211 im-

710 3237 933 3307 probam
969 3239 1341 3307 cupiditatem.

778 3329 861 3384 17.
903 3330 1173 3385 Gemitum
1213 3333 1392 3388 cordis
1427 3335 1551 3390 mei.

784 3420 865 3474 l8.
907 3421 1056 3478 Hanc
1091 3438 1197 3476 non
1229 3436 1508 3481 aversatus
1530 3437 1630 3482 est.

783 3513 867 3568 19.
909 3513 1038 3567 Eam
1063 3517 1204 3569 enim
1236 3519 1512 3587 adimplet.

779 3605 868 3661 9.0.
896 3605 1346 3673 Coul‘undantur,
1392 3611 1539 3679 quod
1579 3626 1685 3665 non
1718 3613 1953 3682 amplius
1995 3631 2079 3670 me
2103 3617 2155 3669 in
2184 3633 2274 3671 ca-

2444 3627 2532 3680 90.
2572 3629 2965 3701 Ἐντραπὼσιν,
2990 3633 3070 3686 ὅτι
3100 3635 3198 3687 ούκ
3228 3634 3306 3687 ἔτι
3334 3653 3398 3705 με
3433 3634 3830 3705 αἰχμαλωτίσαι
3861 3633 3941 3687 δύ-

713 3698 1010 3766 ptivitatem
1060 3700 1300 3769 redigere
1329 3714 1590 3770 possunt,
1636 3707 1762 3774 quia
1794 3709 2126 3765 custodiora
2167 3711 2275 3766 Do-

2312 3792 2342 3799 -
2378 3735 2585 3781 νανται,
2616 3698 2786 3774 διὰτὸ
2817 3723 3177 3791 φυλάττεσθαί
3219 3743 3285 3796 με
3315 3698 3418 3778 uno
3462 3698 3692 3799 Κῦρίου,
3741 3728 3835 3781 καὶ
3860 3728 3940 3798 ὀρ-

711 3790 881 3852 mino,
911 3801 964 3843 et
998 3791 1135 3846 hanc
1162 3793 1233 3846 ob
1264 3809 1488 3849 causam
1522 3797 1852 3866 irascantur,
2303 3792 2343 3848 (ἶ

1451 3812 1488 3848 n
1522 3797 1852 3866 irascantur,
2303 3792 2343 3848 (δ
2377 3811 2638 3878 γισθῶσιν
2663 3813 2844 3868 ἕνεκεν
2872 3816 3061 3868 τούτου
3083 3859 3095 3880 ,

778 3884 868 3938 el.
904 3884 966 3940 Et
990 3902 1154 3956 quam
1174 3888 1419 3944 celeriter
1455 3889 1670 3946 confusi
1704 3894 1980 3950 recedant.

2450 3902 2540 3954 21.
2579 3904 2688 3956 Καὶ
2732 3905 3130 3977 ἀναστρέᾲουσι
3185 3909 3665 3978 καταισχυνθέντες
3709 3913 3848 3964 πάνυ
3895 3914 3941 3964 ὲν

2381 4010 2552 4063 ταχεμ

791 4078 855 4131 Ἦ
887 4081 1217 4151 προκειμένη
1253 4081 1528 4153 ἐπιγραφὴ
1563 4085 1594 4154 ἡ
1629 4083 1712 4136 διὰ
1741 4085 1838 4155 τῆς
1867 4088 2233 4161 κινναϐάρεως
2272 4101 2551 4171 περιέχει·
2589 4106 2834 4175 Ψαλμὸς
2855 4108 2934 4172 τῷ
2963 4110 3158 4172 Δαϐὶδ,
3202 4111 3274 4164 ὃν
3308 4108 3422 4182 ᾖσε
3460 4112 3539 4177 τῷ
3581 4112 3779 4182 Κυρίῳ
3804 4114 3942 4180 ὑπὲρ

711 4183 828 4234 τῶν
857 4183 1053 4249 λόγων
1079 4182 1263 4234 Χουσὶ
1314 4181 1448 4236 υἱοῦ
1491 4184 1710 4271 Ἰεμιενί.
1744 4183 1910 4238 Τοῦτο
1934 4183 2026 4239 οὖν
2058 4189 2224 4258 λέγει,
2257 4195 2337 4248 ὅτι
2361 4193 2458 4271 ᾖσε
2485 4200 2573 4252 τὸν
2602 4201 2814 4272 ψαλμὸν
2834 4205 2862 4256 ὁ
2889 4206 3051 4260 Δαὸὶδ
3082 4207 3160 4279 τῷ
3187 4208 3298 4278 Υίῷ
3323 4209 3416 4261 τοῦ
3441 4208 3575 4262 Θεοῦ
3599 4208 3943 4280 προφητεύων

711 4272 852 4343 ὑπὲρ
879 4273 971 4325 τοῦ
1001 4274 1129 4327 λαοῦ
1154 4274 1246 4327 τοῦ
1289 4276 1569 4346 μέλλοντος
1598 4277 1706 4329 ἀπὸ
1735 4278 2017 4349 ἁμαρτιῶν
2050 4282 2372 4356 λυτροῦσθαι
2405 4292 2497 4344 καὶ
2522 4295 2889 4364 ἐπιστρέφειν,
2939 4299 3032 4350 καὶ
3065 4299 3342 4365 ἀξιοῦσθαι
3374 4301 3474 4370 τῆς
3517 4302 3580 4353 ὲκ
3608 4302 3800 4366 δεξιῶν
3826 4301 3944 4356 ora.

714 4380 851 4428 σεως
881 4364 973 4417 τοῦ
1006 4367 1270 4436 Χριστοῦο
1301 4369 1469 4420 Χουσὶ
1498 4370 1603 4440 γὰρ
1637 4370 1998 4440 ἑρμηνεύεται
2023 4376 2257 4446 Αἰθίοψ,
2296 4384 2570 4436 τουτέστιν
2615 4386 2753 4456 ὑπὲρ
2786 4389 2880 4441 τοῦ
2911 4389 3039 4442 λαοῦ
3091 4392 3186 4444 τοῦ
3245 4392 3394 4455 ὄντος
3450 4393 3680 4463 μέλανος
3705 4394 3813 4446 ἀπὸ
3847 4394 3944 4447 τῶν

715 4461 994 4532 ἁμαρτιῶν
1024 4459 1121 4533 ᾖσε
1150 4464 1238 4516 τὸν
1265 4463 1475 4535 ψαλμὸν
1499 4465 1576 4535 τῷ
1609 4465 1816 4537 Κυρίῳ.
1861 4468 2055 4538 Ἰεμενὶ
2091 4471 2145 4524 δὲ
2183 4476 2545 4547 ἑρμηνεύεται
2571 4481 2738 4546 δεξιά
2755 4503 2872 4552 μου
2900 4501 2911 4514 ·
2941 4487 3128 4558 ἐπειδὴ
3152 4490 3179 4540 ὁ
3202 4489 3327 4552 λαὸς
3355 4491 3383 4541 ὁ
3414 4459 3634 4558 Αἰθίοψ,
3670 4489 3813 4559 λέγω
3833 4491 3890 4560 δὴ
3920 4492 3943 4542 ὁ

719 4559 906 4629 μέλας,
937 4559 1152 4629 ρυσθεὶς
1177 4562 1239 4613 ὲκ
1259 4562 1367 4613 τῶν
1397 4562 1721 4634 ἀριστερῶν,
1751 4562 1934 4633 μέλλει
1961 4566 2209 4622 ἵστασθαι
2240 4573 2305 4625 ἐκ
2328 4571 2514 4638 δεξιῶν
2539 4576 2631 4629 τοῦ
2664 4578 2822 4632 Θεοῦ.

788 4651 1018 4719 Titulus,
1051 4656 1144 4723 qui
1177 4657 1384 4724 psalmo
1412 4662 1766 4726 praeponitur,
1804 4660 2086 4717 cinnabari
2124 4666 2384 4737 scriptus,
2423 4672 2668 4726 continet
2699 4691 2712 4726 :
2747 4674 2997 4729 Psalmus
3031 4677 3221 4740 David,
3272 4695 3421 4747 quem
3466 4680 3696 4732 cantavit
3731 4679 3944 4734 Domino

716 4765 811 4818 pro
843 4752 1005 4804 verbis
1037 4751 1198 4805 Clausi
1237 4752 1339 4820 ﬁlii
1363 4751 1582 4808 Jemini.
1617 4753 1731 4810 Hoc
1760 4767 1940 4811 autem
1970 4758 2261 4828 signiﬁcat,
2287 4766 2428 4834 quod
2464 4770 2736 4837 psalmum
2785 4769 2954 4824 David
2986 4773 3186 4826 cecinit
3227 4773 3363 4826 Filio
3399 4773 3493 4828 Dei
3528 4774 3856 4843 prophetans
3886 4775 3946 4828 de

719 4848 941 4917 populo,
973 4850 1065 4917 qui
1099 4847 1316 4902 futurus
1345 4859 1482 4912 erat,
1519 4859 1578 4904 ut
1609 4867 1638 4905 a
1671 4853 1907 4921 peccatis
1938 4854 2281 4923 liberaretur,
2310 4870 2366 4916 et
2390 4875 2819 4929 converteretur,
2850 4877 2903 4921 et
2931 4867 3127 4936 dignus
3157 4867 3308 4922 ﬁeret
3337 4877 3480 4922 stare
3505 4883 3534 4921 a
3568 4868 3772 4922 dextris
3798 4867 3944 4920 Chri-

720 4938 812 4993 sti.
841 4937 1006 4992 Cliusi
1036 4941 1179 4994 enim
1218 4942 1603 5010 interpretatur
1634 4943 1917 5014 zEthiops,
1965 4947 2070 5003 hoc
2095 4959 2178 5005 est
2206 4969 2218 5004 :
2254 4951 2359 5007 Pro
2392 4957 2612 5025 populo,
2653 4959 2747 5027 qui
2777 4968 2895 5013 erat
2920 4959 3072 5030 niger
3099 4976 3129 5014 a
3167 4961 3422 5030 peccatis,
3466 4961 3666 5014 cecinit
3689 4960 3946 5030 psalmum

723 5031 971 5086 Domino.
994 5033 1186 5090 Jemini
1212 5046 1391 5091 autem
1430 5039 1816 5108 interpretatur
1843 5043 2059 5098 dextera
2092 5063 2243 5110 mea;
2276 5051 2535 5118 quoniam
2570 5056 2803 5124 populus
2833 5055 3107 5126 Etliiops,
3143 5057 3315 5128 niger,
3343 5057 3587 5126 inquam,
3617 5056 3688 5110 ob
3715 5064 3942 5126 peccata,

724 5132 983 5187 liberatus
1016 5149 1046 5188 e
1077 5135 1314 5189 sinistris
1347 5136 1512 5190 stabit
1538 5153 1568 5190 a
1612 5137 1824 5192 dextris
1855 5137 1967 5193 Dei.

797 5249 848 5301 1.
877 5249 950 5303 Te
973 5254 1229 5307 constitui
1278 5253 1580 5322 adjutorem
1627 5271 1809 5311 meum
1841 5245 1991 5311 omni
2023 5265 2284 5329 tempore,
2321 5274 2365 5327 ι)

2161 5277 2284 5326 ›οι·ο,
2321 5274 2365 5327 D
2463 5267 2511 5319 1.
2550 5269 2615 5320 Σὲ
2645 5268 2846 5341 ἐθέμην
2877 5271 3070 5342 βοηθόν
3100 5289 3200 5341 μου
3226 5272 3476 5337 πάντοτε,
3515 5271 3689 5326 σῶσον
3720 5286 3805 5340 με.

725 5343 874 5396 salva
897 5359 1003 5397 me.

798 5461 833 5494 υ
874 5457 1002 5517 Luc.
1050 5480 1144 5528 VII,
1173 5464 1261 5518 58.

1666 5624 1970 5688 Addenda
2002 5633 2062 5688 et
2092 5625 2462 5705 corrigenda
2513 5641 2589 5686 ex
2643 5625 2781 5686 cod.
2816 5626 3013 5687 Vatic.

826 5789 874 5865 l)
907 5789 1170 5865 ξτενάζῳ.
1259 5862 1268 5865 _
1330 5862 1338 5865 _
1409 5861 1435 5865 _
1507 5862 1516 5865 _
1688 5861 1698 5865 _
2471 5790 2545 5861 (5)
2573 5793 2681 5846 Καὶ
2708 5791 2763 5848 ὲν
2794 5792 3019 5865 δάκρυσί
3053 5808 3192 5865 μου..

797 5793 874 5926 il)
907 5793 1170 5853 Στενάζω.
1409 5861 1435 5873 υ

820 5858 875 5928 2)
911 5861 1223 5933 Καθαρίςῃς
1248 5862 1354 5916 ἀπὸ
1374 5878 1470 5932 της
1496 5861 1786 5934 ἁμαρτίας.
