4164 6482
253 446 356 506 669
1210 453 1297 507 DE
1337 453 1612 509 TITL’LIS
1649 454 2095 512 PSALDIORUM.
2135 487 2206 497 —
2239 456 2432 512 PSAL.
2467 453 2579 510 VII.
3375 447 3476 504 670

319 563 373 616 2.
402 561 582 614 Σῶσόν
615 578 681 632 με
710 564 773 615 ὲκ
807 566 884 633 (a)
909 564 1122 618 πάντων
1145 565 1252 619 τῶν
1282 566 1584 621 διωκόντων
1618 587 1704 639 με,
1731 570 1823 623 καὶ
1851 577 1897 631 Α

1851 577 1897 631 Α
1995 570 2049 623 2.
2083 569 2300 624 Salvum
2333 586 2419 624 me
2467 568 2552 623 fac
2611 582 2676 623 ex
2727 567 2982 620 omnibus
3031 565 3481 635 persequentibus

255 655 413 729 ῥῦσαί
444 672 530 725 με.

1921 679 2024 726 me,
2061 672 2113 716 et
2141 662 2308 716 libera
2340 678 2443 716 me.

323 748 376 802 5.
414 749 637 818 Μήποτε
667 747 887 820 ἁρπάσῃ
923 749 998 812 ὡς
1024 749 1159 802 λέων
1179 751 1278 822 τὴν
1305 751 1481 822 ψυχήν
1514 769 1635 822 μου,

1625 794 1635 819 ,
1988 755 2040 808 5.
2075 753 2372 823 Nequando
2404 754 2577 822 rapiat
2601 761 2659 806 ut
2691 752 2771 805 leo
2805 752 3042 804 animam
3076 765 3269 813 meam,

323 842 376 896 Δ.
407 842 500 914 Μὴ
525 843 675 907 ὄντος
709 842 1092 915 λυτρουμένου,
1119 845 1252 915 μηδὲ
1285 844 1565 908 σώζοντος.

1989 845 2040 898 4.
2070 843 2204 898 Dum
2241 860 2350 898 non
2379 853 2485 907 est,
2515 843 2609 913 qui
2644 843 2896 906 redimat,
2942 854 3118 910 neque
3147 841 3240 910 qui
3272 840 3476 896 salvum

1920 935 2102 991 faciat.

323 1019 377 1075 5.
415 1019 583 1092 Κύριε
615 1021 644 1074 6
681 1020 813 1084 Θεός
850 1038 970 1092 μου,
1003 1023 1050 1074 εί
1073 1022 1302 1094 ἐποίησα
1331 1021 1506 1088 τοῦτο,

1450 1040 1506 1088 το,
1992 1029 2044 1082 5.
2077 1027 2304 1082 Domine
2340 1026 2479 1080 Deus
2511 1042 2686 1092 meus,
2717 1027 2760 1081 si
2791 1025 2890 1081 feci
2929 1027 3094 1090 istud,

325 1107 378 1164 6.
416 1110 480 1162 Ei
504 1109 650 1165 ἐστιν
680 1110 863 1164 ἀδικία
884 1113 940 1163 ὲν
966 1113 1118 1182 χερσί
1145 1129 1268 1182 μου,

1993 1118 2048 1174 6.
2082 1118 2138 1173 Si
2172 1127 2256 1173 est
2285 1119 2544 1188 iniquitas
2574 1119 2626 1172 in
2657 1119 2906 1173 manibus
2933 1118 3085 1182 meis,

324 1201 378 1255 7.
409 1203 470 1254 Εί
494 1203 848 1256 ἀνταπέδωκα
872 1206 981 1266 τοῖς
1007 1205 1416 1258 avari-06:60:33!
1453 1222 1540 1275 μοι
1566 1206 1739 1259 κακά·

1566 1206 1739 1259 κακά·
1995 1212 2043 1262 7.
2076 1211 2131 1264 Si
2167 1211 2374 1265 reddidi
2400 1210 2827 1265 retribucntibns
2855 1210 2984 1263 milii
3012 1211 3150 1264 mala
3175 1229 3187 1263 :

328 1292 381 1347 8.
427 1293 782 1363 Ἀποπέσοιμι
817 1293 925 1363 ἀρα
973 1294 1080 1348 ἀπὺ
1115 1295 1222 1348 τῶν
1244 1295 1451 1368 ἐχθρῶν
1477 1314 1578 1366 μου
1618 1297 1788 1358 κενός.

1663 1297 1788 1358 ενός-
1989 1302 2039 1356 8.
2080 1301 2333 1355 Dccidam
2361 1301 2554 1355 merito
2593 1301 2661 1354 ab
2691 1301 2924 1354 inimicis
2945 1301 3080 1354 meis
3112 1301 3307 1354 inanis.

327 1386 379 1439 9.
413 1383 753 1451 Καταδιώξαι
791 1385 898 1457 ἄρα
933 1388 960 1440 6
1008 1387 1198 1458 ἐχθρὸς
1225 1389 1323 1459 τὴν
1357 1388 1535 1458 ψυχήν
1566 1406 1688 1458 μου,
1730 1388 1818 1441 καὶ

1991 1393 2043 1448 9.
2074 1393 2440 1462 Pcrsequatur
2462 1395 2649 1464 utique
2675 1393 2930 1448 inimicus
2953 1393 3186 1446 animam
3213 1406 3410 1456 meam,
3431 1399 3485 1447 et

250 1476 576 1541 καταλάϐοι,

1922 1485 2364 1554 comprehendat,

330 1569 416 1623 10.
451 1570 558 1622 Kal
593 1573 972 1642 καταπατήσας
1001 1573 1078 1635 εἰς
1110 1573 1213 1644 γῆν
1243 1573 1341 1644 τὴν
1372 1573 1514 1645 ζωήν
1541 1592 1662 1644 μου.

1541 1592 1662 1644 μου.
1995 1577 2080 1631 10.
2115 1576 2180 1630 Et
2209 1579 2493 1634 conculcet
2524 1579 2578 1633 in
2611 1588 2751 1632 terra
2781 1576 2945 1630 vitam
2973 1592 3184 1641 meam;

329 1663 418 1715 11.
454 1663 562 1715 Kal
590 1663 686 1733 τὴν
716 1663 873 1730 δόξαν
908 1683 1006 1733 μου
1039 1667 1118 1729 είς
1141 1665 1268 1735 χοῦν
1291 1669 1730 1738 κατασκηνώσαι.

1700 1684 1730 1721 ι.
1995 1670 2082 1723 ll.
2111 1669 2176 1724 Et
2203 1670 2428 1739 gloriam
2461 1685 2636 1724 meam
2671 1669 2725 1722 in
2777 1667 3054 1737 pulverem
3093 1666 3344 1721 deducat.

329 1752 418 1807 12.
467 1753 772 1824 Ἀνάστηθι,
809 1754 1000 1826 Κύριε,
1033 1757 1090 1810 ὲν
1115 1758 1250 1828 ὀργῇ
1277 1774 1369 1810 σου
1391 1799 1406 1821 ,

1363 1776 1406 1821 ’ν
1996 1763 2082 1816 12.
2120 1761 2382 1831 Exsurge,
2417 1760 2662 1825 Domine,
2695 1762 2748 1813 in
2780 1760 2859 1813 ira
2895 1768 3007 1821 tua,

327 1846 413 1899 15.
462 1845 733 1918 ’Υψὼθητι
772 1849 828 1899 ὲν
856 1850 966 1910 τοῖς
991 1847 1188 1919 πέρασι
1221 1849 1330 1902 τῶν
1362 1847 1570 1921 ἐχθρῶν
1604 1866 1716 1902 σου.

1997 1854 2082 1907 13.
2122 1852 2188 1905 Et
2215 1853 2452 1906 exaltare
2482 1853 2534 1905 in
2569 1853 2766 1906 liuibus
2792 1850 3136 1904 inimicorum
3162 1859 3399 1902 tuorum.

322 1935 412 1990 14.
446 1939 554 2022 Καὶ
583 1938 918 2010 ἐξεγέρθητι,
938 1939 1111 2010 Κύριε
1131 1942 1158 1992 6
1190 1942 1320 2005 Θεός
1361 1959 1484 2012 μου,
1510 1944 1566 1996 ὲν
1593 1941 1825 2012 προστά·
1856 1968 1898 2022 Β

1856 1968 1898 2022 Β
1997 1945 2082 1998 14.
2122 1943 2187 1997 Et
2213 1959 2466 2014 exsurge,
2496 1942 2720 1997 Domine
2749 1942 2888 1996 Deus
2919 1957 3091 2006 meus,
3120 1940 3173 1994 in
3202 1951 3485 2009 praecepto,

298 2043 446 2098 ματι,
474 2021 519 2096 ᾧ
546 2029 818 2093 ἐνετείλω,
1858 2021 1867 2022 ί
1931 2054 1942 2090 ι

761 2049 818 2093 ων
1858 2021 1867 2022 ί
1931 2036 2077 2106 quod
2114 2037 2405 2099 mandasti,

329 2124 418 2178 15.
449 2123 560 2177 Καὶ
585 2123 874 2192 συναγωγὴ
912 2121 1056 2176 λαῶν
1089 2123 1359 2178 κυκλώσει
1393 2142 1470 2179 σε.

2001 2126 2087 2180 15.
2127 2127 2190 2180 Ει
2222 2140 2493 2197 synagoga
2520 2124 2842 2196 populorum
2876 2124 3232 2179 circumdabit
3275 2133 3349 2179 te.

331 2217 419 2270 16.
449 2217 559 2270 Kal
587 2215 725 2286 ὑπὲρ
757 2214 960 2285 ταύτης
989 2217 1067 2278 είς
1090 2213 1221 2285 ῦψος
1251 2216 1594 2287 ὲπίστρεῷον.

1557 2236 1594 2272 ι.
2004 2217 2088 2269 16.
2118 2217 2181 2270 Et
2207 2225 2425 2286 propter
2452 2217 2591 2269 hanc
2617 2215 2669 2268 in
2701 2214 2869 2268 altum
2902 2216 3201 2284 regredere.

329 2308 419 2363 17.
456 2307 661 2379 Κύριος
684 2310 862 2380 κρινεῖ
891 2307 1072 2372 λαούς.

2005 2308 2088 2364 17.
2114 2307 2378 2364 Dominus
2401 2307 2666 2377 judicabit
2699 2306 2945 2376 populos.

858 2464 1191 2530 Διάψαλμα.

2554 2460 2879 2530 Diapsalma.

331 2591 417 2648 18.
456 2595 655 2667 Κρῖνόν
677 2613 788 2668 μοι,
821 2594 1014 2668 Κύριε,
1043 2594 1184 2648 κατὰ
1218 2593 1313 2648 τὴν
1333 2592 1680 2664 δικαιοσύνην
1703 2611 1820 2662 σου,

1998 2597 2087 2652 18.
2105 2593 2294 2651 Judica
2315 2611 2420 2661 me,
2446 2594 2694 2659 Domine,
2714 2593 3011 2649 secundum
3026 2591 3295 2664 justitiam
3318 2599 3491 2658 tuam,

328 2797 405 2868 (a)
440 2795 505 2852 γ.
533 2798 570 2852 2
615 2798 807 2868 incipit
835 2800 904 2854 ab
934 2801 1017 2852 ἐκ.

1358 2976 1736 3034 ATHANASH
1777 2975 2360 3034 INTERPBETATIO.

328 3160 383 3215 2.
417 3159 537 3213 Τῶν
564 3159 851 3229 δαιμόνων,
872 3158 1039 3227 λέγει.

2001 3158 2056 3211 2.
2083 3156 2162 3210 Ex
2191 3155 2561 3221 daamonibus,
2596 3156 2688 3211 ait.

327 3255 382 3309 ὃ.
428 3253 484 3306 Ὀ
509 3252 811 3322 αἱμοπότης
847 3250 1106 3314 διάϐολος.

1998 3247 2050 3301 3.
2086 3246 2453 3318 Sanguipotor
2478 3248 2751 3304 diabolus.

327 3342 384 3398 4.
415 3343 520 3397 Τοῦ
551 3343 943 3414 ἀνθισταμένου
977 3342 1125 3413 αὑτῴ
1159 3341 1295 3412 ὑπὲρ
1317 3342 1469 3412 ἐμοῦ.
1857 3385 1899 3442 c

1169 3341 1295 3412 ὒπὲρ
1317 3342 1469 3412 ἐμοῦ.
1857 3385 1899 3442 C
2002 3340 2056 3396 ι.
2093 3340 2196 3407 Qui
2230 3341 2306 3394 illi
2337 3342 2555 3396 resistat
2582 3357 2681 3410 pro
2710 3357 2813 3397 me.

328 3434 385 3491 5.
429 3435 488 3488 '0
515 3435 722 3506 μέλλων
753 3434 963 3504 λέγειν’
1861 3432 1899 3442 '-

1861 3432 1899 3442 “’
2003 3433 2052 3489 5.
2095 3432 2196 3500 Qui
2232 3433 2484 3488 dicturus
2523 3443 2606 3487 est
2638 3451 2652 3487 :

324 3526 380 3582 6.
420 3527 669 3598 Ἀρπαγή
698 3543 781 3588 τις
803 3544 815 3554 ·

2003 3526 2054 3579 6.
2088 3525 2296 3595 Rapina
2329 3526 2547 3596 aliqua;

325 3621 379 3673 7.
415 3619 508 3680 Εἰς
534 3618 695 3669 αὑτὸν
723 3616 1007 3683 ἐξεδίκησά
1030 3631 1159 3668 ποτε
1199 3617 1294 3686 (l)°

2000 3620 2053 3672 7.
2084 3619 2140 3672 Si
2174 3637 2412 3690 unquam
2451 3621 2598 3675 ultus
2629 3637 2748 3675 sum
2784 3621 2836 3674 in
2865 3621 3073 3692 ipsum;

323 3710 378 3765 8.
426 3709 676 3763 Ἐκπέσω
702 3709 799 3780 τῆς
831 3708 1102 3771 υἱοθεσίας
1131 3724 1224 3760 σου
1259 3707 1550 3780 ὴττησθεὶς
1597 3709 1673 3783 (2)
1718 3712 1829 3772 τοῖς

2003 3708 2057 3762 8.
2086 3705 2344 3762 Excidam
2383 3719 2474 3762 tua
2505 3709 2793 3778 adoptione
2823 3721 3112 3780 superatus
3156 3725 3188 3764 a
3233 3708 3495 3766 daemonio

252 3800 505 3872 δαίμοσιν
522 3817 536 3832 °
1929 3797 2032 3855 bus

326 3896 382 3952 9.
425 3896 674 3950 Ἐκπέσω
705 3898 783 3959 εἰς
813 3895 912 3960 τὰς
949 3897 1137 3967 χεῖρας
1157 3895 1252 3949 τοῦ
1285 3895 1554 3961 διαϐόλου,
1589 3897 1621 3968 ἢ
1656 3894 1830 3949 τοιοῦ-

2002 3892 2054 3947 9.
2089 3891 2327 3944 lucidam
2352 3891 2404 3945 in
2440 3906 2639 3946 manus
2665 3891 2902 3956 diaboli,
2963 3892 3007 3946 si
3059 3892 3358 3962 quidquam
3400 3906 3497 3947 eo-

253 4003 345 4041 τον
368 3979 447 4059 (ὅ)
483 3989 714 4058 ἐποίησα
743 3987 851 4040 τῶν
876 3989 1298 4061 προλεχθέντων.

1200 4006 1298 4042 λων.
1933 4001 2052 4038 rum
2083 3998 2202 4052 qum
2229 3984 2372 4037 dicta
2414 3993 2542 4036 sunt
2575 3983 2844 4037 commisi.

332 4081 417 4136 10.
451 4081 560 4133 Kal
577 4081 865 4134 ὑποπόδιον
891 4081 1056 4134 αὑτοῦ
1088 4081 1279 4148 ἔσομαι
1298 4080 1366 4134 τὰ
1387 4081 1480 4152 ἐτη
1505 4098 1606 4151 μου
1637 4082 1828 4135 πάν-ια’

2005 4076 2085 4128 10.
2119 4074 2182 4128 Et
2219 4075 2512 4130 scabellum
2537 4075 2732 4144 pedum
2774 4075 2894 4144 ejus
2924 4089 3021 4129 ero
3041 4074 3296 4130 omnibus
3341 4075 3501 4130 annis

1934 4181 2106 4231 meis;

327 4257 414 4312 11.
450 4257 560 4311 Kal
590 4256 686 4329 τὴν
720 4256 947 4330 καρδίαν
975 4274 1074 4328 μου
1104 4258 1184 4320 είς
1215 4257 1310 4321 τὰς
1342 4257 1634 4329 ἐπιθυμίας
1666 4257 1830 4311 αὑτοῦ

2010 4257 2089 4312 ll.
2121 4258 2183 4311 Et
2213 4272 2308 4312 cor
2340 4272 2518 4312 meum
2541 4257 2594 4310 in
2627 4255 3018 4326 cupiditatibus
3049 4255 3165 4308 suis
3191 4255 3495 4312 concludet.

258 4350 575 4408 ἀποκλείσει
607 4351 707 4420 (4).

330 4442 419 4496 12.
449 4443 543 4506 Εἰς
579 4444 716 4513 ἐμὴν
752 4441 1026 4513 βοήθειαν.
1057 4443 1278 4495 ἐκείνων
1304 4441 1361 4494 δὲ
1385 4441 1679 4498 ἀπώλειαν.

2009 4437 2088 4492 12.
2113 4439 2172 4491 In
2199 4453 2377 4491 meum
2403 4438 2694 4503 auxilium,
2724 4439 2776 4490 in
2798 4438 3014 4492 illorum
3041 4447 3224 4490 autem
3248 4436 3475 4491 exitium

338 4535 424 4588 13.
451 4532 743 4604 Δοξάσθητι
765 4535 844 4597 είς
864 4534 932 4587 τὰ
963 4535 1087 4606 τέλη
1117 4534 1224 4588 τῶν
1253 4534 1464 4606 ἐχθρῶν
1487 4550 1582 4588 σου

2002 4531 2086 4586 15.
2123 4530 2439 4584 Glorilicare
2463 4531 2516 4584 in
2539 4530 2853 4584 novissimis
2871 4529 3220 4584 inimicorum
3241 4537 3497 4584 tuorum:

335 4622 424 4680 14.
456 4624 591 4695 Περὶ
643 4618 704 4677 οὗ
756 4621 877 4677 εἷπε
927 4627 1038 4687 τοῖς
1069 4625 1421 4690 ἀποστόλοις·
1476 4626 1636 4681 Μετὰ
1678 4627 1834 4696 τρεῖς

2005 4623 2089 4677 14.
2121 4623 2194 4678 De
2231 4641 2342 4694 quo
2374 4625 2511 4680 dixit
2560 4623 2821 4693 apostolis
2856 4641 2869 4676 :
2902 4621 3030 4676 Post
3055 4631 3156 4676 tres
3180 4621 3290 4676 dies
3327 4638 3500 4674 resur-

262 4714 486 4784 ήμέρας
510 4715 825 4784 ἐγείρομαι.
1867 4731 1911 4790 D
1938 4733 2056 4786 gum
2093 4717 2155 4770 ¹⁸.

332 4805 418 4859 15.
452 4807 514 4859 Ol
562 4807 846 4859 ἀπόστολοι
887 4806 1023 4877 μετά
1058 4807 1158 4878 τὴν
1200 4806 1495 4861 ἀνάστασιν
1521 4809 1570 4861 οί
1599 4824 1833 4876 συναγαο

2013 4811 2098 4865 15.
2124 4810 2364 4881 Apostoli
2399 4821 2519 4880 post
2554 4809 3006 4865 resurrectionem
3039 4817 3212 4862 totum
3236 4807 3501 4864 mundum

259 4897 451 4965 γόντες
473 4897 565 4951 τὸν
595 4898 796 4970 κόσμον
824 4897 944 4952 ὅλον
981 4902 1062 4964 εἰς
1087 4899 1186 4970 τὴν
1218 4901 1424 4953 πίστιν.

982 4902 1062 4964 εἰς
1087 4899 1186 4970 τὴν
1218 4901 1424 4953 πίστιν.
1941 4901 1992 4955 in
2030 4900 2186 4954 lidem
2217 4907 2626 4972 congregantes.

337 4986 424 5042 16.
451 4988 583 5059 Περὶ
608 4989 708 5060 τῆς
738 4988 1056 5060 ἀναλήψεως
1085 4988 1178 5044 τοῦ
1209 4992 1414 5062 Κυρίου
1441 4991 1516 5063 (5)
1548 4991 1694 5059 λέγει

1505 4993 1516 5059 >
1548 4991 1694 5059 λέγει
2011 4992 2096 5046 16.
2141 4991 2212 5046 De
2234 4991 2612 5060 assumptione
2635 4989 2846 5046 Domini
2889 4988 3149 5061 loquitur.

341 5079 427 5134 17.
465 5079 768 5145 Παιδεύσει,
806 5081 974 5151 λέγει.

2011 5085 2096 5138 17.
2131 5083 2430 5154 Corripiet,
2469 5083 2666 5154 inquit.

341 5169 426 5225 18.
457 5171 684 5244 Ποίησόν
713 5190 823 5243 μοι,
849 5172 1041 5246 Κύριε,
1073 5173 1213 5229 κατά
1236 5173 1334 5246 τὴν
1354 5173 1700 5245 δικαιοσύνην
1718 5191 1831 5230 σου.

2012 5176 2096 5228 18.
2135 5173 2240 5231 Fac
2263 5176 2418 5242 mihi,
2447 5174 2698 5241 Domine,
2725 5169 3307 5243 secundumjustitiam
3331 5176 3502 5225 tuam.

342 5351 384 5381 ³⁸
419 5349 610 5406 Matth.
647 5367 816 5416 xxvn,
854 5351 940 5407 63.

1212 5536 1514 5601 Addenda
1543 5545 1603 5598 et
1651 5535 2024 5615 corrigenda
2059 5552 2136 5596 ex
2187 5534 2325 5596 cod.
2358 5532 2558 5596 Vatic.

547 5719 738 5795 ἑαυτόν
767 5720 1051 5795 ἐξεδίκησά
1083 5735 1231 5778 ποτε.
2017 5723 2092 5793 (4)
2116 5722 2300 5795 Αὐτῶν
2326 5720 2720 5795 ἀνατξοκλείσει.

342 5788 422 5926 ξ2)
463 5788 764 5874 Ἠττηθείς.
966 5788 975 5795 ’
2115 5793 2221 5847 Τοῦ
2244 5793 2498 5864 Χριστοῦ.

368 5859 420 5929 ὅ)
456 5859 520 5912 El’
546 5877 594 5912 τι
626 5878 716 5913 ουν
743 5878 813 5914 τι.
