4164 6496
227 470 332 526 6T5
1177 465 1262 519 DE
1301 465 1576 522 TlTULIS
1615 463 2063 519 PSALMORUM.
2109 493 2178 505 —
2217 464 2408 518 PSAL.
2456 463 2587 518 Vill.
3347 461 3452 519 674

395 584 497 646 Εῑς
522 581 586 634 τὸ
611 580 782 645 τέλος
812 578 962 646 ὑπὲρ
985 577 1103 630 τῶν
1125 578 1349 644 ληνὼν,
1384 577 1622 646 ψαλμὸς
1820 586 1867 639 Α
2033 621 2039 632 ι

1820 586 1867 639 Α
2033 577 2099 633 In
2122 579 2278 648 ﬁnem
2314 594 2407 646 pro
2447 574 2818 636 torcularibus,
2845 571 3075 639 psalmus
3116 571 3305 629 David.

702 669 783 735 τῷ
804 668 997 722 Δαϐίδ.
1033 671 1204 722 ΨΑΛ.
1234 667 1318 722 H’.

1234 667 1318 722 Η.
2458 667 2658 722 PSAL.
2705 664 2867 720 VI”.

302 765 356 821 1.
386 764 559 836 Κύριε
581 766 609 817 ὁ
638 762 840 832 Κύριος
863 760 1042 831 ἡμῶν,
1069 762 1142 824 ὡς
1192 759 1503 830 θαυμαστὸν
1540 760 1598 813 τὸ
1624 760 1794 829 ὄνομά

1966 761 2018 814 1.
2047 759 2273 815 Domine
2307 760 2570 814 Dominus
2588 767 2792 822 noster,
2815 773 2980 828 quam
3016 757 3334 813 admirabile
3369 767 3453 814 est

234 875 328 913 σου
355 860 412 910 ἐν
436 858 586 929 πάσῃ
607 859 671 926 τῇ
706 858 776 925 γῇ
798 855 809 907 !

1897 870 2093 909 nomen
2135 865 2283 909 tuum
2322 855 2374 908 in
2412 855 2662 908 universa
2688 852 2864 907 terra!

301 951 354 1005 2.
387 951 507 1003 ’Ότι
528 947 735 1018 ἐπήρθη
761 949 792 1016 ὴ
827 943 1267 1016 μεγαλοπρέπεια
1294 961 1385 996 σου
1415 944 1665 1014 ὑπεράνω
1683 943 1792 996 τῶν

1962 947 2016 1001 2.
2043 947 2307 1013 Quoniam
2340 947 2548 1002 elevata
2581 956 2664 1003 est
2714 945 3114 1016 magniﬁcentia
3165 952 3256 997 tua
3288 958 3449 1012 super

229 1041 493 1114 οὐρανῶν.
1894 1020 2084 1094 ςαξιοςί

300 1132 353 1185 3.
401 1131 493 1183 Ἐκ
517 1129 781 1200 στόματος
804 1127 1011 1198 νηπίων
1055 1127 1151 1179 καὶ
1200 1124 1536 1198 θηλαζόντων
1589 1141 1787 1198 κατηρ-

1963 1133 2014 1184 ‘5.
2050 1130 2124 1185 Ex
2149 1145 2242 1185 ore
2262 1129 2551 1187 infantium
2592 1141 2648 1187 et
2691 1129 3002 1185 lactentium
3027 1127 3299 1198 perfecisti
3333 1128 3451 1182 lau-

227 1222 361 1275 τίσω
391 1218 557 1287 αἶνον,
1895 1221 2036 1287 dem,

296 1314 350 1366 4.
389 1314 592 1366 Ἕνεκα
621 1312 729 1365 τῶν
766 1309 972 1381 ἐχθρῶν
1003 1326 1118 1374 σου,

1083 1328 1118 1374 ι,
1961 1311 2014 1364 4.
2052 1311 2275 1380 Propter
2302 1311 2555 1366 inimicos
2582 1319 2727 1377 tuos,

299 1405 350 1459 5.
384 1404 490 1457 Τοῦ
519 1401 817 1457 καταλῦσαι
846 1401 1033 1472 ὲχθρδν
1075 1401 1166 1453 καὶ
1193 1400 1502 1471 ὲκδικητήν.

1432 1400 1502 1471 ήν.
1963 1405 2015 1458 5.
2047 1403 2116 1458 Ut
2143 1405 2394 1460 destruas
2428 1406 2709 1460 inimicum
2737 1415 2791 1460 et
2825 1404 3076 1460 ultorem.

299 1492 352 1546 6.
387 1493 504 1546 ’Ὁτι
536 1493 735 1562 ὄψομαι
764 1492 888 1554 τοὺς
919 1491 1179 1561 οὐρανοὺς
1203 1491 1338 1561 ἔργα
1366 1491 1473 1545 τῶν
1515 1490 1788 1545 δακτύλων

1963 1495 2014 1550 6.
2053 1495 2320 1563 Quoniam
2353 1496 2546 1551 Videbo
2597 1497 2765 1551 ccelos
2804 1506 2925 1551 tuos
2959 1511 3120 1566 opera
3157 1493 3446 1563 digitorum

229 1598 355 1648 σου,

1893 1593 2132 1651 tuorum,

295 1675 347 1726 7.
384 1675 619 1745 Σελήνην
648 1673 741 1727 καὶ
762 1673 1015 1743 ἀστέρας,
1047 1673 1082 1726 ἃ
1121 1674 1184 1726 σὺ
1217 1673 1596 1743 ἐθεμελίωσας.

1487 1689 1596 1735 δαςο
1963 1678 2015 1734 7.
2052 1675 2260 1732 Lunam
2299 1686 2352 1731 et
2389 1676 2592 1743 stellas,
2622 1693 2742 1746 qua:
2780 1685 2837 1730 tu
2875 1676 3131 1731 fundasti.

295 1764 348 1818 8.
385 1762 447 1816 Τί
479 1765 624 1817 ἐστιν
647 1763 952 1834 ἄνθρωπος,
982 1766 1061 1816 ὅτι
1097 1765 1373 1834 μιμνήσκῃ
1397 1762 1558 1816 αὑτοῦ
1584 1779 1598 1828 ;

1547 1763 1598 1828 ῖς
1961 1767 2013 1822 8.
2047 1768 2187 1834 Quid
2219 1779 2301 1823 est
2328 1769 2512 1834 homo,
2546 1770 2687 1839 quod
2727 1785 2928 1823 memor
2956 1784 3014 1822 es
3040 1767 3191 1837 ejus?

297 1856 349 1912 9.
385 1856 453 1907 Ἥ
487 1855 598 1917 υίὸς
619 1854 924 1926 ἀνθρώπου,
947 1855 1028 1907 ὅτι
1051 1855 1354 1927 ἐπισκέπτῃ
1377 1854 1537 1907 αὐτόν
1559 1870 1572 1918 ;

1961 1857 2014 1912 9.
2048 1857 2155 1912 Aut
2192 1857 2335 1913 ﬁlius
2365 1859 2623 1922 hominis,
2651 1860 2904 1928 quoniam
2928 1860 3117 1913 visitas
3141 1859 3299 1912 eum?

300 1945 385 2001 10.
428 1946 767 2010 ἸΙλάττωσας
807 1946 966 2000 αὑτὸν
992 1947 1162 2017 βραχὺ
1182 1962 1234 1998 τι
1266 1947 1392 2018 παρ’
1425 1946 1717 2014 ἀγγέλους·
1816 1982 1859 2037 Β

1595 1961 1717 2008 ους·
1816 1982 1859 2037 Β
1958 1951 2044 2004 10.
2075 1950 2315 2006 Minuisti
2337 1967 2459 2006 eum
2494 1953 2654 2020 paulo
2691 1952 2865 2006 minus
2889 1951 2957 2004 ab
2991 1951 3235 2020 augt-lis:

297 2038 383 2092 11.
411 2038 546 2111 Δόξῃ
572 2042 664 2093 καὶ
691 2043 820 2111 τιμῇ
852 2040 1230 2110 ἐστεφάνωσας
1253 2039 1433 2103 αὑτὸν,

1419 2081 1433 2103 ,
1959 2043 2045 2095 il.
2083 2044 2266 2097 Gloria
2299 2053 2351 2096 et
2378 2046 2581 2098 honore
2608 2043 2882 2097 coronasti
2905 2060 3028 2096 eum
3051 2086 3063 2108 ,

300 2129 384 2183 12.
414 2130 521 2182 Καὶ
543 2130 875 2201 κατέστησας
900 2131 1059 2184 αὑτὸν
1089 2130 1178 2184 ἐπὶ
1200 2131 1267 2183 τὰ
1295 2130 1427 2200 ἔργα
1451 2129 1556 2181 τῶν
1585 2127 1782 2198 χειρῶν

1962 2132 2046 2186 12.
2079 2131 2142 2186 Ει
2169 2133 2496 2188 constituisti
2521 2148 2642 2187 eum
2670 2148 2830 2202 super
2858 2147 3022 2202 opera
3051 2145 3308 2184 manuum
3332 2137 3447 2184 tua-

226 2239 343 2276 σου.
1891 2241 2033 2279 ιἰιιη.

299 2315 383 2372 15.
420 2316 602 2369 Πάντα
633 2315 899 2383 ὑπέταξας
930 2316 1184 2370 ὑποκάτω
1209 2315 1316 2368 τῶν
1341 2311 1516 2366 ποδῶν
1540 2311 1727 2376 αὑτοῦ,

1493 2330 1516 2365 ν
1540 2311 1727 2376 αὑτοῦ,
1962 2313 2048 2367 15.
2084 2312 2276 2368 Omnia
2306 2314 2584 2384 subjecisti
2608 2314 2710 2368 sub
2732 2314 2958 2384 pedibus
2982 2315 3102 2384 ejus
3121 2352 3137 2379 ,

1360 2451 1728 2507 ATHANASII
1770 2450 2248 2508 INTERPRETAT
2258 2453 2344 2508 lO.

306 2569 370 2621 Ἡ
406 2568 734 2640 προκειμένη
766 2568 1041 2641 ἐπιγραφὴ
1076 2571 1108 2639 ή
1139 2567 1226 2622 διὰ
1246 2569 1346 2639 τῆς
1368 2568 1736 2641 κινναϐάρεως
1759 2569 2001 2642 περιέχει
2024 2587 2037 2599 ο
2062 2571 2162 2636 Εἰς
2194 2569 2258 2623 τὸ
2293 2569 2487 2635 τέλος,
2520 2568 2670 2638 ὑπὲρ
2693 2567 2810 2621 τῶν
2835 2567 3068 2636 ληνῶν,
3107 2568 3346 2637 ψλμύς
3373 2568 3454 2635 τῷ

223 2660 421 2715 Δαϐἰδ.
447 2659 616 2714 Τοῦτο
646 2657 738 2714 οὖν
770 2664 937 2724 ἐστιν,
966 2661 994 2714 ὃ
1015 2662 1197 2728 λέγει’
1239 2662 1357 2714 Ἐπ’
1389 2661 1629 2730 ἐσχάτων
1666 2663 1684 2724 (_
1691 2660 1743 2731 1)
1761 2661 1870 2714 τῶν
1901 2661 2108 2732 χρόνων
2155 2662 2295 2731 ὑπὲρ
2341 2662 2447 2713 τῶν
2479 2662 2706 2731 ἐχόντων
2741 2665 2797 2714 ὲν
2833 2663 3043 2724 ἑαυτοῖς
3066 2661 3155 2714 τὸν
3178 2657 3318 2714 οἶνον
3364 2660 3454 2713 τὸν

225 2755 578 2826 εὐφραίνοντα
600 2757 822 2828 καρδίας
855 2757 954 2825 (2).
983 2756 1224 2811 τουτέστι
1248 2757 1339 2810 τὸν
1367 2755 1588 2828 Κύριον⁶
1620 2755 1706 2809 διὰ
1729 2757 1885 2810 τοῦτο
1910 2758 2016 2828 γὰρ
2045 2758 2272 2824 ληνοὺς
2293 2758 2487 2820 αὐτοὺς
2516 2754 2654 2811 εἷπε.
2686 2757 2890 2811 Ψάλλει
2923 2753 3014 2810 οὖν
3043 2757 3206 2810 Δαϐὶδ
3234 2757 3312 2820 είς
3333 2757 3456 2810 ἑαυ-

222 2853 348 2914 τοὺς
372 2852 460 2904 τὸν
496 2852 710 2924 ψαλμὸν
739 2853 813 2924 τῷ
838 2854 1042 2923 Κυρίῳ.
1721 2925 1724 2928 ,

300 2947 638 3018 Titulus,qui
670 2949 878 3018 psalmo
910 2949 1258 3015 praeponitur.
1282 2945 1564 3001 cinnabari
1596 2948 1850 3017 scriptus,
1885 2948 2127 3004 continet
2155 2945 2256 3002 :In
2286 2949 2442 3017 ﬁnem
2471 2964 2565 3016 pro
2592 2946 2968 3009 torcularibus,
2994 2946 3226 3015 psalmus
3259 2945 3449 3001 David.

226 3036 341 3093 Hoc
371 3043 654 3110 igitur-est,
687 3041 828 3108 quod
879 3041 1009 3094 dicit
1041 3061 1054 3095 :
1109 3041 1163 3093 In
1198 3043 1507 3097 novissimis
1540 3045 1876 3112 temporibus
1922 3060 2019 3114 pro
2061 3046 2149 3108 iis,
2187 3047 2279 3114 qui
2334 3046 2532 3098 habent
2583 3044 2634 3097 in
2691 3058 2749 3098 se
2779 3043 2911 3110 ipsis
2959 3058 3141 3095 vntum
3179 3043 3456 3096 lattillcans

225 3140 408 3199 corda,
440 3138 540 3191 hoc
572 3144 654 3190 est
689 3137 970 3190 hominum
1001 3155 1014 3199 ;
1050 3137 1249 3191 idcirco
1275 3138 1417 3190 enim
1449 3152 1542 3192 eos
1571 3138 1707 3192 dixit
1736 3139 2042 3192 toreularia.
2070 3139 2417 3206 Davidigitnr
2439 3139 2490 3192 in
2515 3155 2699 3191 eorum
2735 3151 2963 3206 persona
2998 3136 3173 3206 psallit
3204 3135 3452 3193 Domino.

295 3233 345 3285 1.
379 3231 542 3298 Κύριε
574 3231 600 3282 ό
624 3230 752 3293 Θεὸς
773 3231 847 3297 (5)
878 3231 1051 3300 ἡμῶν,
1080 3233 1154 3296 ὼς
1179 3232 1384 3296 ἔνδοξον
1408 3233 1465 3285 to
1493 3233 1665 3302 ὄνομά
1694 3250 1787 3285 σου

1969 3235 2018 3286 1.
2051 3233 2276 3286 Domine
2307 3233 2447 3287 Deus
2479 3241 2677 3293 noster,
2713 3247 2874 3300 quam
2912 3231 3206 3301 gloriosum
3237 3244 3320 3287 est
3353 3247 3453 3287 no-

225 3320 376 3380 παρὰ
411 3322 572 3372 πᾶσιν
618 3321 878 3392 ὑπάρχειί
913 3322 994 3374 ὃτι
1026 3322 1158 3386 Θεὸς
1213 3322 1287 3374 ὢν
1319 3323 1589 3385 πέπονθας
1647 3323 1785 3396 ὑπὲρ

1895 3339 2017 3378 men
2050 3334 2202 3378 tuum
2231 3323 2372 3392 apud
2397 3338 2585 3376 omnes
2613 3324 2625 3375 l
2651 3325 2909 3392 quoniam
2946 3337 3069 3376 cum
3104 3321 3250 3376 Deus
3279 3337 3453 3389 esses,

223 3412 258 3482 ή
267 3409 400 3478 μῶν.

1894 3431 2090 3485 passus
2118 3431 2177 3471 es
2206 3430 2303 3484 pro
2334 3417 2508 3470 nobis.

291 3499 343 3553 3.
395 3501 456 3552 Ἦ
477 3501 636 3571 χάρις
665 3514 757 3552 σου
787 3502 840 3554 έν
869 3503 978 3562 τοῖς
1008 3501 1363 3565 ἀποστόλοις.’
1814 3533 1857 3590 C

1108 3501 1363 3565 ιστόλοις.’
1814 3533 1857 3590 C
1964 3509 2016 3562 2.
2053 3508 2236 3564 Gratia
2264 3519 2353 3563 tua
2387 3509 2439 3561 in
2475 3507 2752 3576 apostolis.

293 3592 348 3646 5.
383 3592 463 3644 Τὰ
494 3591 678 3644 παιδία
707 3590 850 3656 λέγει
867 3590 933 3643 τὰ
960 3593 1016 3642 ὲν
1048 3591 1124 3661 τῷ
1143 3592 1270 3663 ἱερῷ
1290 3592 1578 3664 κράζοντα,
1603 3594 1696 3647 καὶ
1721 3606 1789 3648 τα

1965 3601 2017 3655 ὅ.
2052 3600 2255 3654 Pueros
2292 3600 2557 3668 signiﬁcat
2603 3600 2657 3652 in
2709 3600 2907 3668 templo
2949 3599 3248 3653 clamantes
3294 3607 3350 3655 et
3394 3599 3451 3655 in

226 3686 283 3737 tv
309 3682 555 3752 Βηθλεὲμ.
575 3681 922 3752 ἀναιρεθέντα
954 3683 1020 3735 δι’
1054 3684 1238 3737 αὐτόν.

1181 3686 1238 3737 ἰν.
1893 3691 2161 3747 Bethleem
2192 3701 2417 3760 protper
2445 3707 2567 3744 eum
2594 3691 2825 3744 occisos.

294 3775 347 3838 4,
383 3773 434 3828 5.
468 3774 600 3844 Περὶ
626 3774 733 3827 τῶν
770 3775 1032 3828 Ἰουδαίων
1055 3776 1263 3830 καὶτοῦ
1297 3777 1540 3830 διαϐόλου
1569 3777 1738 3846 λέγει.

1498 3795 1540 3830 δυ
1569 3777 1738 3846 λέγει.
1958 3782 2013 3844 4.
2040 3783 2090 3837 5.
2136 3782 2206 3836 De
2230 3782 2434 3837 Iudaeis
2467 3793 2520 3836 et
2547 3784 2612 3836 de
2644 3781 2859 3836 diabolo
2882 3781 3142 3852 loquitur.

291 3863 344 3918 6.
380 3866 556 3936 Ἔργα
580 3866 725 3934 λέγει
754 3867 879 3930 τοὺς
925 3868 1182 3937 οὐρανοὺς
1217 3867 1308 3920 τοῦ
1352 3869 1664 3940 Πνεὺματος
1695 3868 1788 3923 τοῦ

1454 3869 1664 3940 .ὑματος
1695 3868 1788 3923 τοῦ
1960 3875 2014 3935 6.
2049 3874 2229 3930 leos
2257 3882 2414 3929 vocat
2445 3890 2608 3946 opera
2635 3875 2871 3946 Spit-itus
2901 3877 3098 3933 sancti.

229 3960 385 4028 ἁγίου
395 4001 406 4012 .

293 4050 346 4102 7.
379 4048 610 4119 Σελήνην
662 4047 807 4116 λέγει
851 4049 941 4102 τὸν
982 4049 1202 4121 κόσμον,
1260 4050 1494 4125 ἀστέρας
1549 4052 1607 4106 δὲ
1666 4056 1790 4119 τοὺς

1960 4056 2012 4108 7.
2048 4056 2254 4110 Lunam
2292 4067 2451 4110 vocat
2485 4056 2768 4118 mundttm,
2795 4054 2978 4110 stellas
3004 4063 3182 4110 autem
3208 4062 3450 4113 sanctos.

225 4143 432 4212 ἁγίους.

295 4234 348 4288 8.
387 4233 499 4285 Οὑκ
526 4232 631 4286 ἀπὸ
660 4232 760 4302 γῆς
789 4234 932 4286 ἐστιν
954 4234 1180 4297 ἕκαστος
1211 4235 1318 4288 τῶν
1345 4237 1485 4290 κατὰ
1515 4236 1674 4305 φύσιν
1697 4239 1790 4291 ἀν-

1959 4229 2011 4282 8.
2041 4229 2233 4282 Notme
2260 4245 2290 4282 e
2321 4238 2461 4283 terra
2494 4228 2866 4299 unusquisque
2893 4237 2974 4284 est
3003 4227 3299 4283 secundum
3343 4227 3449 4283 ltu-

228 4325 461 4396 θρὼπων
485 4341 500 4388 ;

1889 4333 2102 4372 manant
2140 4321 2422 4372 naturam?

294 4417 348 4470 9.
376 4415 471 4478 Ti;
499 4417 574 4484 (Δ)
598 4415 768 4479 οὕτως
794 4433 952 4470 αυτον
978 4416 1299 4487 ήγάπησαςς

1076 4416 1299 4487 ὶπησαςς
1958 4407 2012 4461 9.
2048 4406 2157 4462 Cur
2188 4408 2260 4462 ita
2287 4424 2411 4462 eum
2442 4408 2720 4462 dilexisti?

299 4505 386 4560 10.
423 4505 558 4572 Περὶ
580 4506 673 4558 τοῦ
700 4509 902 4578 Κυρίου
936 4508 1199 4576 λέγεικαὶ
1229 4508 1321 4562 τοῦ
1359 4508 1560 4572 πάθους
1598 4510 1784 4562 αὐτοῦ’

1963 4498 2046 4553 10.
2075 4499 2148 4554 De
2171 4499 2398 4554 Domino
2428 4501 2682 4567 loquitur,
2706 4509 2758 4552 et
2779 4498 2844 4551 de
2866 4500 3115 4568 passione
3137 4499 3289 4568 ejus;
3314 4516 3451 4565 quo-

226 4598 522 4669 ἱπειδήπερ
559 4600 605 4650 οί
640 4600 734 4668 μὲν
753 4599 969 4666 ἄγγελοι
997 4599 1252 4654 ἀθάνατοί
1285 4603 1410 4663 εἰσι,
1460 4600 1549 4652 τὸν
1578 4601 1633 4653 δὲ
1659 4604 1788 4671 ὁμο-

1888 4591 2032 4645 niam
2057 4592 2230 4663 angeli
2255 4591 2469 4661 quidem
2497 4590 2830 4644 immortales
2862 4599 3008 4652 sunt,
3043 4589 3236 4644 Filium
3269 4602 3448 4646 autem

223 4690 402 4744 ούσιον
423 4689 582 4743 αὑτοῦ
612 4691 734 4742 Υίὸν
763 4689 1072 4764 παρέδωκεν
1092 4693 1120 4745 ό
1147 4691 1334 4763 Πατὴρ
1364 4691 1502 4762 ὑπὲρ
1536 4691 1690 4761 ἡμῶν
1711 4694 1790 4755 είς

1889 4702 2045 4742 suum
2099 4685 2618 4739 consubstantialem
2665 4684 2824 4737 morti
2875 4683 3095 4738 tradidit
3148 4682 3308 4738 Pater
3351 4699 3449 4754 pro

228 4781 456 4838 θάνατον
478 4799 492 4812 ο
1888 4777 2046 4831 nobis
2067 4792 2081 4840 ;

295 4876 382 4928 11.
411 4874 580 4928 Τοῦτο
607 4875 714 4946 γὰρ
736 4873 883 4946 αὑτῷ
905 4875 1112 4948 ὑπῆρχε
1143 4874 1286 4939 δόξα.
1815 4871 1862 4930 Ι)

1143 4874 1286 4939 δόξα.
1815 4871 1862 4930 D
1961 4868 2047 4924 11.
2072 4868 2186 4922 Hoc
2216 4867 2358 4920 enim
2386 4867 2434 4920 ei
2459 4867 2642 4937 gloriae
2669 4865 2770 4920 fuit

295 4966 383 5021 12.
420 4967 652 5029 Πάντας.
676 4966 767 5030 οὒς
790 4966 1006 5030 ἔκτισας
1036 4965 1372 5038 ἀνθρώπους,
1397 4965 1658 5035 ἐποίησας
1687 4981 1788 5033 φυο

1963 4960 2048 5013 12.
2077 4962 2293 5021 Omnes,
2329 4975 2467 5028 quos
2513 4959 2705 5012 creasti
2749 4957 3014 5023 homines,
3049 4956 3224 5011 fecisti
3268 4957 3337 5012 ab
3386 4974 3452 5013 eo

225 5060 380 5114 λάττε
390 5059 509 5111 σθαι
534 5058 622 5111 ὑπ’
650 5058 833 5113 αὑτοῦ.

534 5058 622 5111 ὑπ’
650 5058 833 5113 αὑτοῦ.
1893 5052 2173 5106 custodiri.

297 5150 383 5202 15.
409 5147 565 5218 Αὐτῷ
597 5148 722 5220 γὰρ,
756 5149 830 5213 ὡς
861 5149 1081 5213 δυνατὸς
1110 5146 1164 5222 ᾖ,
1189 5143 1232 5215 ᾧ
1266 5149 1372 5202 πᾶν
1404 5147 1531 5216 γόνυ
1578 5145 1786 5214 κάμψει

1967 5144 2051 5197 15.
2082 5141 2185 5210 Ipsi
2220 5141 2384 5201 enim,
2413 5155 2537 5195 cum
2569 5148 2760 5210 potens
2796 5140 2886 5204 sit,
2915 5155 3076 5194 omne
3111 5155 3249 5209 genu
3276 5138 3455 5195 ﬂectet

230 5241 580 5312 ιπουρανίων,
610 5240 862 5306 ἐπιγείων
1030 5241 1413 5311 καταχθονίων,
1433 5237 1784 5308 ἐξομολογού-

1893 5235 2215 5297 caelestium,
2237 5233 2572 5287 terrestrium
2599 5241 2653 5286 et
2684 5230 3043 5295 infernorum,
3075 5232 3449 5285 confitentium

231 5348 398 5400 μενοι,
426 5332 509 5383 ὅτι
543 5329 745 5402 Ἰησοῦς
780 5330 854 5393 ὡς
886 5331 1096 5401 ἀληθῶς
1132 5331 1256 5395 Υἱός
1297 5348 1389 5383 σου
1439 5332 1578 5382 κατὰ
1622 5329 1786 5398 φύσιν

1891 5327 2037 5396 quod
2060 5325 2219 5381 Jesus
2248 5342 2373 5380 vere
2407 5324 2576 5380 Filius
2609 5335 2735 5380 tuus
2765 5334 2847 5380 est
2877 5327 3173 5379 secundum
3204 5333 3450 5377 naturam

230 5420 324 5491 τῆς
349 5421 448 5491 σῆς
476 5422 662 5484 οὐσίας
690 5422 858 5478 ἐστίν.

636 5439 662 5484 ς
690 5422 858 5478 ἐστίν.
1893 5429 1997 5473 tum
2018 5419 2277 5475 essentia.

1169 5557 1467 5621 Addenda
1500 5560 1561 5618 et
1598 5551 1969 5630 corrigenda
2022 5570 2095 5612 ex
2131 5555 2270 5616 cod.
2305 5553 2503 5614 Vatic.

321 5685 374 5754 1)
410 5685 513 5737 ‘Ar:
556 5685 800 5752 ἔσχατον.
1973 5680 2042 5754 (ι)
2064 5681 2146 5754 Τί.

321 5685 374 5754 1)
410 5685 513 5737 ‘As:
556 5685 800 5752 ἔσχατον.
1973 5685 2042 5745 (ι)
2064 5685 2146 5732 Ti.

1963 5753 2038 5821 (5)
2085 5753 2170 5816 Ὠς
2195 5751 2416 5822 δύναμις
2443 5765 2499 5822 ῃ,
2517 5764 2625 5804 παν
2651 5786 2664 5802 .
2686 5785 2700 5802 .
2730 5787 2743 5801 .
2774 5788 2786 5802 .
2811 5766 2901 5802 και
2934 5765 3188 5816 επιγειων
3211 5750 3328 5818 καί,
3343 5757 3451 5808 etc.

353 5828 372 5895 )
407 5825 465 5878 Ὀ
490 5823 717 5894 Κύριος.
