4164 6518
238 474 343 529 677

311 588 395 644 12.
441 588 712 641 Ἀπώλετο
736 587 797 639 τὸ
828 586 1169 656 μνημόσυνον
1200 586 1377 639 αὐτῶν
1414 587 1528 655 μετ’
1568 588 1729 657 ἦχοι)-

305 680 392 736 15.
425 680 534 734 Καὶ
556 681 583 733 ὁ
606 678 808 749 Κύριος
834 679 913 739 εἰς
934 675 1024 730 τὸν
1058 676 1226 729 αἰῶνα
1260 677 1427 747 μένει.

304 772 391 826 14.
432 770 761 839 ,Ἡτοίμασεν
790 771 847 821 ἐν
873 769 1049 840 κρίσει
1083 769 1177 821 τὸν
1209 767 1396 840 θρόνον
1425 770 1590 823 αὑτοῦ
1609 786 1622 799 ’

308 861 395 917 15.
420 861 529 914 Καὶ
553 860 713 923 αὐτὸς
731 862 904 931 κρινεῖ
920 859 1016 931 τὴν
1032 861 1355 931 οἰκουμένην
1377 862 1433 913 ἐν
1449 860 1761 933 δικαιοσύνῃ

309 953 393 1009 16.
434 955 622 1024 Κρινεῖ
649 952 808 1013 λαοὺς
833 954 891 1004 ἐν
925 952 1199 1021 εὑθύτητι,

313 1047 399 1099 17.
442 1045 549 1097 Καὶ
576 1044 792 1108 ἐγένετο
822 1043 1025 1115 Κύριος
1056 1044 1344 1114 καταφυγὴ
1373 1046 1449 1114 τῷ
1480 1044 1693 1116 πένητι,

308 1137 392 1192 18.
425 1136 626 1208 Βοηθὸς
650 1138 705 1189 ὲν
731 1136 1052 1208 εὐκαιρίαις,
1100 1138 1156 1188 ἐν
1182 1136 1412 1205 θλίψεσι.

310 1228 394 1283 19.
436 1227 547 1281 Καὶ
599 1226 971 1280 ὲλπισὰτωσαν
1012 1228 1103 1279 ἐπὶ
1156 1227 1238 1279 σοὶ
1266 1228 1314 1279 οἱ
1347 1225 1703 1295 γινώσκοντες
1742 1228 1802 1281 τὸ

234 1320 407 1390 ὄνομα
432 1336 525 1372 σου
542 1335 555 1349 ’

302 1411 631 1482 20.”Οτιεούκ
642 1410 1125 1481 ὲγκατέλιπεςτοὺς
1138 1409 1496 1481 ὲκζητοῦντάς
1512 1428 1593 1476 σε,
1609 1414 1689 1467 Κύ
1698 1431 1798 1485 ριε.

306 1506 394 1561 21.
429 1506 647 1560 Ψάλατε
675 1504 753 1575 τῷ
783 1504 971 1577 Κυρίῳ
1007 1502 1082 1573 τῷ
1110 1504 1451 1557 κατοικοῦντι
1479 1505 1537 1557 ὲν
1570 1505 1725 1559 Σιών·

309 1597 398 1652 22.
441 1598 821 1666 Ἀναγγείλατε
850 1599 907 1650 ἐν
939 1598 1051 1659 τοῖς
1088 1595 1264 1650 ἔθνεσι
1302 1596 1369 1650 τὰ
1401 1598 1803 1671 ἐπιτηδεύματα

238 1689 424 1743 αὐτοῦ’

310 1781 398 1836 25.
432 1781 554 1835 Ὀτι
578 1784 606 1836 ό
631 1782 872 1855 ἐκζητῶν
895 1783 963 1839 τὰ
995 1784 1201 1857 αἵματα
1233 1786 1411 1841 αὐτῶν
1446 1786 1727 1858 ἐμνήσθη·

307 1957 395 2011 24.
429 1959 544 2012 Ούκ
572 1958 860 2015 ἐπελάθετο
887 1961 987 2032 τῆς
1010 1964 1257 2033 κραυγῆς
1292 1964 1401 2017 τῶν
1431 1966 1702 2037 πενήτων.

444 2052 693 2123 Ἐλέησόν
726 2071 813 2123 με,
848 2053 1047 2119 Κύριε·
1092 2056 1166 2109 ἴδε
1202 2056 1299 2126 τὴν
1338 2058 1659 2112 ταπείνωσίν
1700 2074 1799 2128 μου

236 2144 305 2197 ὲκ
331 2143 439 2197 τῶν
466 2144 672 2215 ἐχθρῶν
699 2162 798 2215 μου

308 2235 394 2289 26.
439 2235 498 2287 ’0
522 2234 671 2305 ὑψῶν
705 2253 770 2306 με
801 2237 863 2289 ἐκ
895 2235 1000 2289 τῶν
1032 2236 1213 2291 πυλῶν
1242 2238 1334 2291 τοῦ
1364 2238 1622 2306 θανάτου,

305 2327 394 2381 27.
433 2328 617 2392 Ὅπως
646 2327 710 2381 ἂν
737 2327 1033 2398 ὲξαγγείλω
1060 2333 1238 2396 πάσας
1262 2332 1360 2397 τὰς
1385 2334 1618 2398 αίνέσεις
1648 2351 1741 2388 σου

311 2419 400 2474 28.
449 2421 535 2473 Ἑν
559 2422 677 2484 ταῖς
706 2422 897 2486 πύλαις
921 2423 1019 2494 τῆς
1049 2423 1316 2497 θυγατρὸς
1348 2425 1509 2479 Σιών.

311 2512 400 2567 29.
455 2513 915 2585 Ἀγαλλιασόμεθα
937 2516 1027 2569 ἐπὶ
1051 2516 1128 2587 τῷ
1156 2518 1405 2588 σωτηρίῳ
1441 2536 1554 2572 σου.

310 2604 394 2657 50.
446 2605 815 2679 Ἐνεπάγησαν
845 2607 972 2679 ἔθνη
1003 2609 1060 2661 ὲν
1088 2606 1427 2683 διαφθορᾷ,ᾖ
1453 2612 1731 2681 ἐποίησαν.

312 2696 403 2752 51.
443 2697 531 2751 Ἐν
585 2700 768 2769 παγίόι
806 2700 998 2775 ταύτῃ,
1120 2701 1388 2774 ἔκρυψαν,
1449 2703 1754 2776 συνελήφθη
1781 2718 1811 2759 ο

243 2790 381 2853 ποῦς
411 2790 611 2847 αὐτῶν.

1158 472 1247 527 DE
1286 471 1565 529 TITULIS
1606 469 2054 528 PSALMORUM.
2097 500 2165 510 —
2204 469 2397 524 PSAL.
2440 469 2533 525 ιχ.

1829 593 1881 648 Α
1982 580 2062 635 12.
2095 580 2260 635 Periit
2292 580 2553 637 memoria
2575 596 2765 636 eorum
2797 597 2923 637 eum
2964 583 3185 651 sonitu;

3362 466 3470 532 678

1975 675 2060 728 15.
2091 670 2155 727 Et
2188 674 2449 729 Dominus
2476 672 2532 727 in
2567 681 2830 729 aeternum
2866 685 3166 744 permanet.

1975 767 2058 820 M.
2093 766 2314 821 Paravit
2337 767 2390 821 in
2416 767 2626 836 judicio
2648 767 2903 822 thronum
2936 783 3135 824 suum:

1972 859 2057 914 15.
2094 858 2159 913 Ει
2185 858 2299 928 ipse
2315 859 2584 929 judicahit
2614 860 2800 915 orbem
2837 871 2995 915 terra:
3029 862 3083 915 in
3112 862 3364 933 aequitate
3393 881 3407 930 ;

1975 950 2055 1004 .6.
2089 950 2363 1007 Judicabit
2396 952 2625 1022 populos
2660 953 2713 1007 in
2739 953 2972 1023 jusutia,

1968 1043 2054 1098 17.
2084 1042 2149 1098 Ει
2182 1043 2357 1099 factus
2384 1053 2467 1099 est
2504 1043 2765 1099 Dominus
2791 1044 3058 1116 refugium
3094 1043 3343 1116 pauperi,

1974 1134 2059 1188 18.
2074 1134 2372 1206 Adjutorin
2394 1138 2977 1207 opportunitatibus,'jn
3002 1139 3466 1193 tribulationibus.

1972 1226 2059 1284 19.
2100 1226 2165 1281 Ει
2195 1238 2411 1298 sperent
2446 1229 2500 1282 in
2525 1238 2595 1293 te,
2618 1229 2708 1299 qui
2749 1240 3017 1285 noverunt
3040 1245 3238 1286 nomen
3268 1239 3418 1285 tuum
3446 1246 3465 1297 ς

1969 1404 2334 1472 20.Quoniam
2351 1422 2456 1462 non
2473 1407 2807 1478 dereliquiin
2821 1416 3123 1479 quaerentes
3136 1418 3208 1473 te,
3222 1408 3449 1467 Domine

1970 1498 2062 1554 2i.
2102 1498 2321 1555 Psallite
2354 1498 2585 1554 Domino
2609 1502 2701 1572 qui
2740 1502 2947 1557 habitat
2978 1503 3029 1556 in
3065 1502 3231 1568 Sion;

1969 1591 2061 1648 22.
2103 1592 2434 1647 Annuntiate
2474 1592 2616 1647 inter
2655 1604 2841 1665 gentes
2874 1595 3054 1649 studia
3082 1594 3235 1665 ejus;

1971 1806 2060 1861 25.
2101 1805 2368 1872 Quoniam
2394 1806 2676 1877 requirens
2698 1806 3017 1875 sanguinem
3042 1822 3253 1872 eorum,
3287 1821 3469 1862 recor-

1904 1898 2065 1951 datus
2097 1905 2216 1959 est;

1833 1948 1881 2005 Β
1975 1984 2065 2038 24.
2120 1985 2235 2040 Non
2269 1997 2353 2042 est
2388 1989 2588 2045 oblitus
2616 1989 2908 2043 clamorem
2938 2003 3259 2058 pauperum.

1977 2074 2064 2130 25.
2107 2075 2360 2134 Miserere
2415 2082 2542 2145 mei,
2596 2080 2822 2135 Domine
2874 2099 2887 2134 :
2942 2080 3063 2135 vide
3118 2080 3474 2135 humilitatem

1908 2180 2083 2221 meam
2114 2167 2180 2224 de
2211 2170 2444 2228 inimicis
2484 2173 2649 2237 meis;

1974 2259 2063 2313 26.
2108 2260 2209 2327 Qui
2237 2264 2443 2319 exaltas
2469 2279 2556 2319 me
2589 2266 2654 2319 de
2688 2265 2856 2335 portis
2882 2264 3092 2330 mortis,

1974 2349 2064 2404 27.
2110 2349 2176 2406 Ut
2204 2357 2523 2409 annuntiem
2552 2371 2741 2412 omnes
2769 2356 3107 2411 laudationes
3136 2360 3260 2410 tuas

1977 2440 2067 2495 28.
2111 2441 2168 2496 Ιιι
2208 2445 2381 2513 portis
2408 2444 2532 2501 ﬁlia:
2559 2445 2709 2501 Sion.

1978 2533 2067 2588 29.
2108 2533 2517 2593 Exsultabimus
2557 2538 2611 2592 in
2646 2538 2871 2593 salutari
2913 2548 3028 2592 tuo.

1976 2625 2063 2680 50.
2108 2625 2289 2682 Inﬁxae
2313 2636 2442 2682 sunt
2466 2638 2653 2700 gentes
2674 2628 2729 2682 in
2755 2628 2995 2692 interitu,
3023 2644 3183 2698 quem
3210 2625 3475 2684 iecerunt.

1975 2714 2066 2770 51.
2108 2714 2164 2769 lu
2192 2717 2387 2788 laqueo
2419 2718 2544 2785 isto,
2574 2734 2735 2788 quem
2770 2719 3197 2785 absconderunt,
3231 2734 3478 2789 compre-

1910 2809 2115 2862 hensus
2148 2818 2231 2863 est
2261 2824 2355 2879 pes
2386 2824 2596 2867 eorum.

1362 2913 1737 2975 ATHANASII
1775 2921 2362 2986 INTERPBETATIO.

316 3005 401 3059 12.
430 3005 613 3070 Οὕτως
642 3006 935 3071 ἀπώλοντο,
963 3006 1102 3061 ὥστε
1136 3008 1402 3080 ἀκουστὴν
1429 3010 1683 3078 γενέσθαι
1708 3012 1807 3085 τὴν

240 3096 513 3153 ἀπώλειαν
542 3098 738 3162 αὐτῶν,
775 3100 867 3151 καὶ
898 3098 1029 3169 μηδὲ
1054 3100 1271 3172 μνήμην
1303 3100 1481 3155 αὐτῶν
1521 3102 1805 3176 φέρεσθαι*

315 3191 403 3244 15.
451 3191 508 3242 ’0
541 3190 595 3243 δὲ
634 3190 835 3261 Κύριος
860 3191 1023 3254 ἀΐδιος
1058 3191 1168 3263 ζωή
1203 3193 1367 3249 ἐστιν.

314 3282 403 3338 11.
435 3282 712 3355 Προώρισε
734 3283 823 3336 τὸν
846 3282 1032 3355 θρόνον
1061 3284 1248 3343 αὑτοῦ.

318 3375 405 3429 15.
435 3373 605 3439 Αὐτὸς
626 3375 732 3448 γὰρ
759 3379 933 3447 κρινεί
954 3376 1169 3447 ἑκάστῳ
1199 3376 1340 3431 κατὰ
1366 3377 1434 3431 τὰ
1460 3376 1597 3449 ἔργα
1621 3378 1805 3449 αὐτοῦ,

321 3551 408 3607 16.
455 3552 678 3625 Ὀρθῶς,
716 3555 1233 3627 ἁπροσωπολήπτως

317 3643 405 3704 17,
432 3643 517 3697 18.
546 3643 744 3713 Βοηθὸς
773 3646 830 3697 ὲν
859 3646 1185 3715 εὐκαιρίαις,
1212 3647 1270 3699 ὲν
1298 3645 1577 3715 θλίψεσιν·
1608 3651 1810 3705 εὐκαι-

236 3733 421 3801 ρίαις,
472 3732 646 3800 λέγει,
699 3734 901 3787 ὡσανεὶ
950 3736 1009 3788 ὲν
1053 3735 1129 3807 τῷ
1169 3732 1307 3790 εἶναι
1360 3738 1450 3792 τὸν
1499 3740 1706 3812 πένητα
1743 3744 1810 3817 τῇ

242 3823 389 3896 ψυχῇ
423 3823 741 3897 ἀϐοήθητον,
775 3826 960 3895 ἐγένου
995 3827 1143 3898 αύτῴ
1174 3827 1387 3899 βοηθός.

315 4024 403 4079 19.
444 4026 507 4079 Oi
536 4025 644 4098 γὰρ
677 4025 751 4099 μὴ
776 4025 991 4096 γνόντες
1020 4027 1179 4081 αὐτὸν
1208 4027 1559 4101 ἐσταύρωσαν
1592 4030 1773 4087 αὐτόν.

316 4114 408 4171 20.
449 4117 587 4181 Τοὺς
615 4116 1005 4189 ἐπιποθοῦντάς
1037 4136 1116 4183 σε,
1146 4118 1337 4191 Κύριε.

315 4208 407 4263 21.
462 4209 829 4281 Ἀνυμνήσατε
849 4210 940 4264 τὸν
957 4212 1254 4283 οἰκήσαντα
1269 4213 1473 4287 Κύριον
1491 4215 1548 4268 ἒν
1565 4218 1629 4289 τῇ
1651 4216 1809 4281 Σιὼν,

244 4299 375 4355 {seu
406 4299 583 4373 ὤφθη.

314 4394 407 4451 22.
459 4395 913 4468 Ἐπιτηδεύματα
946 4396 1129 4451 αὑτοῦ
1149 4413 1164 4428 '
1192 4396 1259 4451 τὰ
1280 4397 1620 4470 δικαιώματα
1643 4399 1803 4470 λέγει.

313 4486 409 4543 25.
446 4482 596 4556 Αἷμα
623 4487 769 4557 λέγει
799 4487 897 4550 τὰς
918 4486 1091 4559 ψυχὰς
1119 4488 1315 4543 αὐτῶν.

311 4576 405 4633 24.
450 4575 566 4645 Τὴν
602 4576 869 4648 κραυγὴν
896 4577 1013 4631 τῶν
1042 4577 1332 4646 πενήτων,
1359 4578 1465 4634 τῶν
1510 4580 1681 4650 ἁγίων
1723 4581 1813 4636 λέ-
1840 4591 1886 4651 D

241 4686 352 4739 γει.

312 4763 407 4819 25.
446 4762 567 4817 Τῶν
590 4760 847 4816 διαὸόλων
878 4761 1045 4831 λέγει.

311 4854 402 4910 26.
444 4855 649 4922 Πύλας
660 4852 915 4909 θανάτου
930 4854 1077 4924 λέγει
1092 4854 1189 4919 τὰς
1206 4853 1423 4927 διδαχὰς
1437 4856 1527 4911 τοῦ
1543 4856 1807 4912 διαϐόλου.

310 4942 401 4999 27.
445 4942 631 5008 Ὅπως
653 4942 720 4997 ἂν
748 4942 967 5015 κηρύξω
993 4943 1172 5007 πάσας
1196 4943 1293 5007 τὰς
1320 4946 1593 5017 εὐφημίας
1626 4964 1739 5002 σου.

309 5034 401 5091 28.
443 5032 594 5089 Σιὼν
635 5035 733 5106 μὲν
770 5034 1129 5107 ἑρμηνεύεται
1170 5036 1633 5106 σκοπευτήριον’
1684 5039 1811 5107 περὶ

237 5129 297 5185 ὃὶ
330 5131 432 5201 τῆς
464 5126 577 5183 ἄνω
610 5125 962 5199 Ἰερουσαλὴμ
990 5126 1157 5196 λέγει.

309 5221 400 5277 29.
455 5217 916 5291 ’Δγαλλιασόμεθα
948 5220 1004 5273 ὲν
1036 5218 1113 5291 τῷ
1139 5218 1300 5275 πάθει
1333 5236 1447 5286 σου,
1477 5220 1642 5292 λέγει.

314 5314 407 5379 50,
438 5314 531 5369 51.
574 5311 741 5383 Ἐθνη
780 5311 924 5381 λέγει
954 5310 1050 5375 τὰς
1080 5312 1337 5384 δυνάμεις
1368 5313 1461 5366 τοῦ
1486 5313 1680 5386 ἐχθροῦ
1713 5316 1798 5382 ἐμ-

235 5405 529 5477 παγείσας,
562 5405 655 5459 καὶ
686 5401 1078 5475 συλληφθείσας
1117 5404 1210 5458 ἐπὶ
1247 5404 1523 5476 συντελείᾳ
1545 5404 1651 5459 τῶν
1682 5405 1810 5459 αἰώ-

236 5518 346 5555 νων
376 5500 435 5554 1ν
479 5501 598 5560 ταῖς
630 5496 901 5567 ἁνομίαις,
934 5490 1021 5560 αἶς
1048 5496 1201 5549 αὐτοὶ
1247 5496 1505 5567 ἐφεῦρον·
1540 5496 1627 5552 διὰ
1655 5498 1809 5552 τοῦτο

234 5593 422 5663 λέγει’
472 5592 525 5645 Ὁ
580 5589 732 5653 ποῦς
773 5586 970 5641 αὐτῶν
1021 5588 1393 5659 συνελήφθη,
1441 5591 1682 5643 τουτέστι
1741 5589 1807 5644 τὰ

234 5689 441 5758 εσχατα
462 5682 642 5740 αὐτῶν
660 5697 673 5711 ⁸
699 5679 849 5743 τέλος
874 5676 981 5750 γὰρ
1008 5682 1206 5745 παντὸς
1231 5681 1324 5735 τοῦ
1349 5679 1599 5751 σώματος
1622 5682 1650 5743 ό
1671 5680 1807 5744 ποῦς

234 5781 385 5835 ιστιε
415 5779 497 5834 διὸ
527 5776 623 5832 καὶ
653 5772 936 5844 θεωρεῖται
957 5772 1049 5826 καὶ
1071 5773 1451 5847 ἀλληγορεῐται
1481 5773 1562 5837 εἰς
1587 5773 1656 5827 τὰ
1678 5772 1804 5845 τέλη

233 5872 343 5927 τῶν
377 5870 608 5927 αἰώνων.

1980 3021 2069 3075 12.
2099 3020 2175 3077 Ita
2214 3031 2457 3093 pereant,
2498 3031 2560 3079 ut
2587 3036 2777 3079 eorum
2815 3022 2973 3076 ruina
3005 3020 3277 3085 audiatur,
3301 3035 3477 3091 neque

1912 3110 2021 3165 ulla
2051 3125 2240 3167 eorum
2267 3111 2527 3166 memoria
2559 3110 2792 3182 supersit
2832 3129 2845 3166 :

1987 3203 2072 3257 15.
2112 3202 2377 3258 Dominus
2407 3210 2587 3257 autem
2622 3211 2821 3257 aeterna
2852 3200 2961 3256 vita
2988 3208 3089 3257 est.

1984 3296 2069 3352 M.
2102 3296 2397 3353 Prasiinivit
2426 3297 2683 3352 thronum
2716 3310 2897 3351 suutn.

1980 3387 2066 3442 15.
2096 3388 2213 3456 Ipse
2240 3388 2385 3443 enim
2414 3387 2481 3443 de
2514 3384 3129 3457 unoquoquejudicabit
3170 3384 3475 3441 secundum

1911 3492 2076 3549 opera
2105 3479 2249 3548 eius,

1984 3569 2069 3625 16.
2104 3568 2269 3626 Recte
2293 3576 2346 3625 et
2382 3568 2501 3625 sine
2521 3582 2878 3639 personarum
2906 3567 3245 3639 acceptione.

1984 3659 2186 3723 17,18.
2225 3659 2457 3730 Adjutor
2501 3660 2556 3713 in
2604 3658 3123 3729 opportunitatibus,
3154 3659 3206 3713 in
3252 3658 3480 3714 tribula-

1912 3752 2153 3807 tionibus
2180 3770 2194 3807 :
2225 3752 2280 3806 in
2302 3751 2785 3823 opportunitatibus
2809 3751 2959 3815 dicit,
3000 3750 3166 3806 veluti
3195 3765 3319 3806 cum
3355 3766 3479 3806 ant-

1911 3861 1999 3900 ma
2025 3861 2224 3917 pauper
2258 3853 2424 3911 esset,
2454 3853 2509 3901 et
2536 3845 2655 3901 sine
2700 3843 2983 3914 adjutore,
3024 3840 3203 3898 factus
3254 3857 3315 3899 es
3364 3843 3472 3913 ipsi

1911 3937 2147 4007 adiutor.

1981 4029 2067 4084 19.
2110 4027 2321 4083 Etenim
2352 4043 2461 4082 non
2490 4034 2883 4098 cognoscentes
2905 4024 3474 4092 eum,crucitlxerunt.

1980 4122 2071 4178 20.
2117 4121 2495 4178 Desiderantes
2528 4128 2602 4185 te,
2642 4118 2894 4182 Domine,

1978 4215 2069 4270 2|.
2110 4213 2349 4269 Laudate
2380 4211 2695 4278 Dominum,
2741 4210 2835 4280 qui
2870 4207 3078 4263 habitat
3110 4208 3164 4262 in
3200 4204 3354 4273 Sion,
3381 4207 3474 4261 ubi

1910 4307 2061 4361 visus
2096 4312 2199 4360 est.

1979 4396 2069 4452 22.
2110 4394 2303 4451 Studia
2329 4393 2464 4463 ejus,
2493 4392 2739 4463 justitias
2766 4390 3057 4460 signiﬁcat.

1978 4490 2067 4545 25.
2109 4487 2435 4558 Sanguinem
2468 4493 2625 4541 vocat
2657 4484 2866 4538 animas
2891 4497 3099 4537 eorum.

1979 4580 2069 4636 24.
2110 4577 2405 4634 Clamorem
2453 4592 2762 4649 pauperum,
2812 4575 3105 4631 clamorem
3158 4579 3473 4629 sanctorum

1911 4682 2088 4729 vocat.

1977 4762 2066 4818 25.
2109 4761 2183 4819 De
2208 4760 2436 4817 diabolis
2468 4758 2547 4815 ait

1978 4856 2066 4909 26.
2109 4853 2304 4909 Porta:
2334 4853 2519 4908 martis
2543 4858 2719 4910 vocat.
2752 4848 3031 4903 doctrinas
3058 4846 3278 4902 diaboli.

1981 4949 2070 5003 27.
2116 4948 2185 5005 Ut
2219 4947 2504 5020 praedicem
2537 4960 2727 4999 omnes
2756 4942 2945 4997 laudes
2978 4950 3117 4995 tuas.

1974 5040 2066 5097 28.
2107 5040 2239 5096 Sion
2262 5037 2477 5109 quidem
2506 5036 2885 5105 interpretatur
2908 5031 3119 5102 specula
3142 5047 3162 5086 :
3192 5031 3257 5087 de
3281 5045 3474 5103 super-

1906 5150 1976 5191 na
2008 5132 2308 5190 Jerusalem
2344 5129 2604 5201 loquitur.

1974 5228 2063 5284 29.
2106 5225 2509 5281 Exsultabimus
2538 5222 2589 5276 in
2617 5220 2872 5291 passione
2908 5228 3019 5280 tua,
3052 5218 3250 5288 inquit.

1974 5320 2063 5383 50,
2099 5319 2186 5373 51.
2224 5314 2411 5371 Gentes
2464 5321 2621 5369 vocat
2647 5312 2969 5384 'potestates
3022 5308 3229 5364 inimici
3265 5307 3321 5363 in
3365 5307 3472 5363 ﬁne

1906 5412 2227 5469 saeculorum
2277 5410 2495 5473 intixas,
2526 5414 2583 5461 et
2614 5405 3044 5474 comprehensas
3082 5400 3136 5456 in
3168 5398 3471 5469 iniquitati-

1904 5505 2027 5569 bus,
2058 5518 2195 5573 quas
2224 5501 2325 5571 ipsi
2354 5502 2708 5563 invenerunt;
2734 5504 3014 5566 propterea
3054 5492 3185 5548 dicit
3215 5510 3228 5545 :
3264 5488 3359 5543 Pes
3383 5506 3471 5543 eo-

1905 5612 2023 5650 rum
2042 5594 2440 5665 compreltemus
2469 5600 2567 5656 est,
2592 5590 2695 5644 hoc
2722 5596 2806 5643 est
2829 5600 3018 5641 eorum
3048 5580 3374 5646 novissima;
3406 5578 3473 5640 n-

1905 5690 1991 5745 nis
2019 5690 2164 5744 enim
2197 5687 2363 5742 totius
2399 5684 2643 5755 corporis
2678 5696 2775 5752 pes
2799 5689 2920 5746 est;
2952 5686 3232 5749 propterea
3270 5673 3473 5745 allego-

1904 5781 2015 5838 rice
2043 5779 2443 5843 consideratur,
2472 5786 2526 5834 et
2557 5774 2759 5831 dicitur
2789 5772 2855 5829 de
2883 5769 3205 5829 saeculorum
3236 5766 3363 5824 tiae.
