4164 6482
684 466 787 522 679
1553 449 1610 503 S.
1650 443 2028 503 ATHANASII
2067 439 2222 498 OPP.
2264 436 2447 492 PARS
2486 433 2574 490 Ill.
2610 461 2676 473 ——
2713 427 3124 484 EXEGETICA.
3826 422 3925 478 680

756 578 845 633 52.
885 573 1251 643 Cognosectur
1280 566 1541 622 Dominus
1566 562 1770 635 judicia
1800 560 2026 615 iaciens.
2279 561 2327 619 Α

1953 576 2026 614 us.
2279 561 2327 619 Α
2425 550 2513 605 52.
2547 547 2874 602 Γινώσκεται
2907 545 3110 617 Κύριος
3144 543 3384 615 κρίματα
3407 540 3597 596 ποιῶν.

759 670 848 725 55.
889 668 945 722 1η
975 665 1234 736 operibus
1266 674 1526 716 manuum
1559 671 1781 713 suarum
1829 651 2258 722 comprehensus

2436 643 2524 697 55.
2580 643 2668 694 ‘Ev
2715 643 2828 703 τοῖς
2853 639 3034 710 ἔργοις
3060 637 3168 691 τῶν
3198 636 3394 707 χειρῶν
3422 634 3588 690 αὐτοῦ
3623 632 3928 704 συνελήφθη

689 770 771 819 est
800 768 1072 832 peccator.

2361 739 2389 790 6
2414 735 2752 807 ἁμαρτωλός.

760 853 848 906 54.
889 850 1286 903 Convertantur
1315 849 1630 914 peccatores
1660 838 1713 892 in
1736 835 2050 900 infernum;

2430 829 2517 884 54.
2558 827 3088 897 ’Δποστραφήτωσαν
3119 823 3168 876 οἱ
3194 819 3508 892 ἁμαρτωλοὶ
3547 820 3626 882 είς
3655 817 3745 870 τὸν
3773 815 3925 887 ᾅδην·

759 943 848 999 55.
891 941 1093 996 Omnes
1122 906 1465 1010 gentes-qua:
1497 932 1892 987 obliviscuntur
1927 928 2113 983 Deum.

2431 921 2519 975 55.
2551 919 2732 972 Πάντα
2754 917 2824 970 τὰ
2849 917 2973 987 ἔθνη
2999 915 3070 968 τὰ
3099 913 3559 982 ἐπιλανθανόμενα
3588 909 3684 964 τοῦ
3723 906 3878 961 Θεοῦ.

760 1035 850 1091 56.
892 1002 1162 1100 Quoniam
1196 1043 1301 1082 non
1328 1002 1380 1080 in
1414 1026 1573 1079 linem
1606 1023 1808 1078 oblivio
1835 1021 1940 1075 erit
1969 1017 2258 1088 pauperis:

2217 1035 2258 1071 ιε
2434 1012 2523 1068 56.
2567 1013 2685 1064 ’Ότι
2714 1011 2813 1062 οὐκ
2846 1011 2925 1072 είς
2958 1007 3108 1071 τέλος
3136 1005 3520 1078 ὲπιλαθήσεται
3551 1006 3580 1057 6
3613 1002 3827 1071 πτωχός
3847 1016 3861 1030 ⁶

763 1128 853 1183 57.
895 1123 1160 1180 Patientia
1193 1133 1491 1191 pauperum
1520 1132 1630 1171 non
1656 1113 1852 1185 peribit
1877 1113 1933 1166 in
1962 1111 2148 1165 linem.

2435 1107 2524 1161 57.
2576 1106 2643 1158 ἸΙ
2670 1102 2914 1174 ὑπομονὴ
2947 1100 3056 1154 τῶν
3108 1101 3352 1172 πενήτων
3403 1099 3506 1151 οὐκ
3548 1096 3831 1150 ἀπολεῖται
3859 1093 3935 1155 εἰς

2364 1197 2531 1261 τέλος.

768 1308 854 1362 58.
897 1304 1160 1373 Exsurge,
1193 1299 1440 1360 Domine,
1469 1311 1576 1350 non
1609 1293 1945 1349 confortetur
1978 1290 2143 1345 homo
2172 1307 2185 1344 :

2438 1290 2524 1346 58.
2563 1287 2867 1360 Ἀνάστηθι,
2888 1287 3079 1358 Κύριε,
3107 1285 3179 1357 μὴ
3205 1283 3584 1358 κραταιούσθω
3611 1281 3899 1353 ἄνθρωπος
3918 1295 3931 1312 ⁸

769 1400 856 1454 59.
899 1396 1218 1451 iudicentur
1251 1400 1439 1459 gentes
1472 1387 1524 1440 in
1557 1394 1849 1453 conspectu
1884 1393 1999 1436 tuo.

1837 1399 1849 1435 ι
1884 1393 1999 1436 ιυο.
2433 1383 2521 1439 '59.
2563 1382 2922 1454 Κριθήτωσαν
2953 1379 3079 1448 ἔθνη
3109 1376 3339 1432 ἐνώπιόν
3368 1393 3481 1430 σου.

768 1489 856 1543 40.
899 1485 1201 1543 Constitue,
1232 1480 1474 1542 Domine,
1501 1477 1865 1546 legislatorcm
1899 1489 2062 1543 super
2087 1487 2180 1528 eos
2216 1491 2228 1525 :

2216 1491 2228 1525 :
2437 1478 2523 1532 40.
2556 1476 2930 1544 Κατάστησον,
2966 1471 3156 1542 Κύριε,
3186 1468 3479 1540 νομοθέτην
3504 1468 3590 1519 ἐπ’
3621 1464 3846 1529 αὐτούς·

768 1578 856 1631 41.
899 1574 969 1629 Ut
995 1574 1168 1630 sciant
1202 1579 1385 1640 gentes
1417 1567 1673 1639 quoniam
1708 1565 1956 1620 homines
1986 1573 2131 1619 sunt.

1986 1573 2131 1619 Sllnl-
2436 1571 2522 1624 41.
2560 1567 2854 1620 Γνώτωσαν
2883 1563 3010 1634 ἔθνη
3041 1563 3122 1615 ὅτι
3162 1560 3437 1632 ἄνθρωποί
3466 1562 3625 1612 εἰσιν.

771 1672 859 1726 42.
900 1667 1119 1736 thuid,
1153 1665 1397 1726 Domine,
1435 1659 1709 1716 recessisti
1745 1657 1942 1728 longe?

2440 1662 2528 1717 4‘2.
2570 1661 2685 1713 Ἵνα
2721 1658 2796 1720 τί,
2826 1656 3021 1727 Κύριε,
3055 1653 3374 1724 ἀφέστηκας
3404 1649 3715 1724 μακρόθενς

770 1763 859 1817 45.
903 1759 1145 1815 Desuicis
1172 1757 1224 1810 in
1250 1752 1768 1826 opportunitatibus,
1801 1751 1853 1804 in
1904 1747 2272 1804 tribulationi-

2074 1747 2272 1802 ationi-
2441 1754 2528 1809 45,
2573 1752 2874 1822 Ὑπερορᾷς
2901 1750 2959 1801 ὲν
2993 1746 3312 1816 εὐκαιρίαις,
3345 1746 3401 1797 ὲν
3441 1743 3718 1812 Gud/saw;

705 1856 842 1910 bus?

771 1948 863 2002 44.
908 1945 1043 2000 Dum
1073 1941 1318 2013 superbit
1345 1940 1565 2010 impius,
1601 1938 1910 1993 incenditur
1938 1949 2162 2006 pauper.
2304 1948 2346 2002 Β

2304 1948 2346 2002 Β
2446 1927 2534 1981 44.
2577 1926 2665 1978 Ἐν
2694 1923 2771 1994 τῷ
2823 1917 3322 1992 ὑπερηφανεύεσθαι
3367 1917 3456 1970 τὸν
3485 1915 3679 1986 ἀσεϐῆ,
3711 1913 3946 1986 ἐμπυρί-

2378 2021 2528 2087 ζεται
2552 2020 2580 2072 6
2611 2017 2846 2086 πτωχός.

779 2129 864 2182 45.
904 2124 1454 2196 Comprehenduntur
1502 2121 1553 2175 in
1605 2119 1849 2176 consiliis
1891 2117 2089 2184 quibus
2135 2129 2279 2181 cogi-

2449 2113 2539 2168 45.
2599 2107 3070 2179 Συλλαμσάνονται
3118 2105 3175 2155 ὲν
3226 2100 3585 2166 διαϐουλίοις,
3637 2095 3721 2162 οἷς
3769 2097 3945 2152 διαλο-

709 2229 844 2276 tant.

2378 2201 2642 2272 γίζονται.

779 2309 868 2365 46.
911 2309 1178 2376 Quoniam
1207 2306 1461 2360 laudatur
1492 2311 1744 2372 peccator
1766 2301 1818 2353 in
1851 2297 2136 2354 desideriis
2161 2295 2278 2349 ani-

2451 2294 2539 2349 46.
2572 2295 2693 2346 Ὀτι
2733 2291 3032 2345 ἐπαινεῖται
3077 2290 3105 2341 ὁ
3145 2286 3467 2360 ἁμαρτωλὸς
3516 2287 3575 2338 ὲν
3602 2287 3722 2347 ταῖς
3762 2282 3949 2337 meo.

714 2419 814 2459 mae
851 2417 986 2466 suae,

2387 2389 2535 2461 μίαις
2563 2387 2664 2455 τῆς
2688 2383 2866 2454 ψυχῆς
2894 2381 3058 2434 αὐτοῦ
3081 2399 3093 2414 ·

782 2493 873 2548 47.
916 2491 983 2544 Ει
1020 2489 1238 2558 iniquus
1265 2485 1631 2541 benedicitur.

2457 2482 2545 2535 47.
2588 2480 2696 2533 Καὶ
2723 2480 2752 2532 6
2788 2475 2990 2529 ἀδικῶν
3014 2476 3391 2546 ὲνευλογείται.

781 2585 872 2638 48.
915 2581 1189 2636 Exacerha
1199 2579 1272 2632 vit
1298 2576 1584 2630 Dominum
1619 2582 1874 2643 peccator
1897 2589 1908 2636 ;

2456 2575 2544 2629 48.
2581 2570 2996 2643 Παρώξυνειτὸν
3040 2569 3241 2641 Κύριον
3273 2573 3301 2624 6
3346 2568 3665 2641 ἁμαρτωλός
3691 2583 3706 2597 ·

784 2676 870 2730 41).
913 2671 1227 2727 Secundum
1252 2665 1656 2721 multitudinem
1683 2663 1777 2720 ira:
1804 2677 1914 2716 sua:
1933 2675 2040 2716 non
2059 2665 2282 2730 quaret.

2452 2668 2541 2722 49.
2575 2665 2732 2720 Κατὰ
2773 2665 2834 2716 τὸ
2865 2661 3068 2732 πλῆθος
3109 2663 3210 2734 τῆς
3257 2664 3425 2735 ὀργῆς
3461 2661 3624 2718 αὐτοῦ
3663 2661 3766 2716 οὐκ
3797 2655 3951 2730 έκξη.

2385 2763 2568 2833 τήσει.

787 2868 876 2924 50.
916 2866 1034 2920 Non
1067 2873 1150 2919 est
1180 2861 1320 2915 Deus
1347 2861 1398 2913 in
1434 2868 1729 2926 conspectu
1760 2856 1914 2927 ejus:

1909 2871 1914 2910 :
2457 2854 2546 2908 50.
2578 2854 2690 2907 Οὐκ
2719 2854 2863 2907 ἔστιν
2892 2857 2920 2906 6
2949 2854 3078 2918 Θεὸς
3107 2852 3333 2907 ἐνώπιον
3356 2847 3520 2904 αὐτοῦ
3540 2863 3553 2879 ·

790 2961 878 3017 51.
920 2959 1217 3029 lnquinata:
1249 2961 1376 3009 sunt
1407 2952 1507 3006 viae
1541 2951 1685 3005 illius
1720 2950 1773 3003 in
1815 2947 1961 3002 omni
1993 2955 2252 3016 tempore.

2204 2962 2252 3001 e.
2466 2945 2553 3004 51.
2586 2947 2946 3020 Βεϐηλοῦνται
2985 2949 3040 3001 αἱ
3061 2947 3170 3001 ὁδοὶ
3190 2945 3354 3001 αὐτοῦ
3380 2946 3436 2997 ὲν
3465 2940 3630 2996 παντὶ
3653 2937 3848 3011 καιρῷ.

1855 3102 2226 3159 ATHANASII
2266 3101 2845 3158 INTERPRETATIO.

788 3275 880 3331 32.
915 3271 1298 3340 Cognoverunt
1341 3281 1552 3330 omnes,
1591 3261 1737 3335 quod
1795 3270 1976 3331 potest
2003 3260 2293 3317 vindictam
2324 3267 2369 3329 ο

2324 3267 2369 3329 C
2469 3264 2557 3320 52.
2610 3261 2954 3329 Ἐπέγνωσαν
3010 3258 3228 3322 πάντες,
3279 3258 3359 3311 ὅτι
3411 3256 3632 3311 δύναται
3687 3255 3953 3324 ἐκδίκησιν

724 3369 925 3425 facere.
1497 3398 1501 3402 ν
2400 3359 2574 3410 ποιεῖν
2585 3398 2597 3411 .

795 3462 883 3516 55.
919 3457 1113 3514 Cordis
1141 3455 1226 3510 sui
1261 3455 1458 3524 inquit.

2470 3446 2556 3499 55.
2601 3445 2714 3513 Τῆς
2747 3441 2972 3512 καρδίας
2998 3438 3163 3492 αὐτοῦ
3198 3438 3364 3507 λέγει.

795 3554 885 3615 54,
914 3552 1003 3608 55.
1039 3549 1242 3602 Omnes
1273 3549 1415 3602 enim
1448 3551 1764 3614 peccatores,
1792 3540 1884 3609 qui
1912 3554 2057 3593 nunc
2077 3545 2223 3602 sunt,
2247 3537 2300 3590 in

2469 3538 2559 3598 54,
2594 3535 2679 3590 55.
2723 3535 2785 3587 Οἱ
2817 3533 2923 3604 γὰρ
2959 3532 3108 3595 ὄντες
3139 3532 3219 3594 εἰς
3262 3529 3360 3601 τὴν
3402 3527 3508 3600 γῆν
3554 3528 3958 3591 ἀπελεύσονται,

727 3660 929 3702 terram
966 3650 1344 3705 revertentur;
1399 3639 1658 3708 quoniam
1711 3633 1862 3689 obliti
1909 3638 2036 3686 sunt
2087 3629 2179 3684 Dei
2210 3628 2302 3699 qui

2402 3631 2482 3683 ὅτι
2514 3627 2834 3681 ἐπελάθοντο
2880 3625 2972 3680 τοῦ
3018 3623 3152 3678 Θεοῦ
3191 3622 3285 3676 τοῦ
3319 3621 3600 3686 κτίσαντος
3625 3623 3848 3686 αὐτοὺς,
3877 3616 3963 3674 καὶ

728 3739 933 3794 creavit
965 3751 1082 3797 eos,
1115 3741 1168 3789 et
1200 3731 1532 3787 descendent
1562 3731 1615 3784 in
1651 3725 1978 3798 profundum
2013 3722 2231 3777 inferni.

1717 3725 1978 3782 olundum
2013 3722 2231 3777 inferni.
2402 3721 2800 3790 καταὸἡσονται
2833 3719 2914 3780 είς
2941 3715 3189 3787 πυθμένα
3217 3715 3361 3787 ᾅδου.

796 3831 887 3893 56,
921 3831 1009 3888 57.
1049 3826 1348 3896 Panperem
1383 3833 1437 3877 et
1464 3823 1705 3891 inopem,
1745 3825 1901 3871 vocat
1927 3816 2160 3884 justum.

2473 3814 2561 3878 56,
2591 3813 2677 3866 57.
2720 3811 2939 3880 Πτωχδν
2974 3811 3066 3862 καὶ
3096 3809 3300 3879 πένητα
3330 3808 3420 3861 τὸν
3443 3807 3653 3860 δίκαιον
3679 3807 3850 3873 λέγει.

799 3921 888 3976 58.
923 3917 1081 3982 Veni,
1112 3914 1360 3977 Domine,
1386 3926 1452 3966 ne
1475 3909 1640 3965 veluti
1662 3908 1786 3978 jure
1811 3920 1912 3961 suo
1945 3903 2177 3974 quisque
2210 3914 2306 3955 no-

2476 3908 2560 3960 58.
2616 3904 2787 3968 Ἐλθὲ,
2824 3903 3016 3974 Κύριε,
3055 3901 3128 3972 μὴ
3177 3900 3253 3964 ὡς
3304 3899 3822 3970 αύτοδεσποτησάτω
3849 3896 3968 3950 ἕκα-

731 4019 906 4066 strnm
934 4008 1104 4062 libere
1131 4005 1460 4059 dominetur.

1091 4020 1104 4060 ε
1131 4005 1460 4059 dominetur.
2408 4015 2530 4062 στος
2562 3996 2735 4069 ἡμῶν.

805 4100 892 4156 59.
934 4098 1403 4158 Dcinonstrentur,
1442 4091 1586 4164 quod
1618 4096 1866 4161 peccant.

2477 4093 2565 4147 59.
2605 4089 3000 4162 Δειχθήτωσαν,
3029 4088 3111 4140 ὅτι
3137 4086 3611 4158 διαμαρτάνουσιν.

806 4191 896 4244 40.
937 4188 1325 4258 Legislatorem
1353 4183 1643 4238 Dominum
1688 4187 1869 4235 vocat.

1819 4187 1869 4234 ιι.
2477 4184 2565 4239 40.
2608 4182 2921 4254 Νομοθέτην
2945 4180 3035 4234 τὸν
3067 4179 3268 4250 Κύρων
3297 4180 3463 4249 λέγει.

807 4286 896 4341 41.
935 4282 1284 4352 Cognoseant
1317 4293 1468 4333 suam
1495 4275 1898 4330 inlirmitatem.

2477 4277 2565 4330 41.
2619 4273 2912 4341 Ἐπιγνῶσι
2945 4272 3042 4344 τὴν
3073 4271 3278 4325 ἑαυτῶν
3308 4270 3608 4325 ἀσθένειαν.

806 4376 896 4431 42.
935 4372 1118 4430 Sivisti
1151 4387 1250 4425 nos
1286 4371 1565 4423 voluntate
1592 4374 1776 4421 nostra
1813 4364 2080 4419 incedere.

2479 4367 2568 4420 42.
2611 4366 2809 4428 Εῖασας
2837 4367 2982 4436 ἡμᾶς
3009 4363 3087 4434 τῷ
3122 4363 3416 4433 βουλήματι
3445 4361 3602 4433 ἡμῶν
3631 4360 3969 4432 πορεύεσθαι.

807 4467 896 4524 45.
938 4467 994 4520 lu
1012 4462 1508 4534 opportunitatibus
1536 4458 1688 4526 dicit,
1708 4457 1957 4512 videlicet
1981 4471 2105 4511 cum
2133 4469 2308 4511 essem

2479 4460 2568 4513 45.
2606 4457 2944 4528 Ξὲκαιρίαις,
2970 4456 3136 4525 λέγει,
3158 4456 3355 4510 ὡσανεὶ
3376 4456 3433 4508 ὲν
3459 4454 3540 4524 τῷ
3565 4449 3706 4507 εἷναί
3735 4471 3804 4526 με
3824 4454 3973 4524 ἀϐοή-

740 4559 888 4616 omni
917 4557 1121 4612 auxilio
1154 4554 1468 4608 destitutus.
2339 4609 2384 4622 __
2413 4551 2593 4622 θητον.

1115 4647 1347 4716 insurgit
1400 4643 1650 4698 diabolus
1674 4642 1936 4696 adversus
1963 4640 2164 4709 justos,
2196 4638 2311 4693 bel-
2339 4609 2390 4668 ι)

2339 4609 2390 4668 D
2469 4609 2574 4696 ’44.
2627 4642 2714 4695 Ἐν
2745 4641 2822 4711 τῷ
2846 4638 3269 4708 κατεπαίρεσθαι
3302 4639 3393 4692 τὸν
3420 4637 3664 4691 διάϐολον
3708 4636 3854 4691 κατὰ
3881 4633 3975 4689 τῶν

741 4747 853 4801 lum
883 4758 1072 4798 eorum
1103 4739 1376 4795 mentibus
1406 4734 1570 4789 infert
1595 4751 1608 4787 :

2415 4736 2659 4796 δικαίων,
2699 4734 2926 4803 πολεμεῖ
2954 4732 3135 4792 αὐτοῖς
3162 4730 3300 4785 κατὰ
3328 4731 3581 4784 διάνοιαν.

814 4836 903 4892 45.
946 4835 1009 4889 Et
1032 4836 1248 4888 demum
1279 4831 1513 4900 quisque
1544 4825 1822 4880 hominum
1851 4823 1937 4878 his
1971 4822 2312 4892 cogitationi-

2489 4827 2578 4879 45.
2620 4827 2727 4879 Καὶ
2754 4825 2938 4876 λοιπὸν
2975 4824 3206 4886 ἕκαστος
3238 4822 3347 4876 τῶν
3378 4822 3681 4894 ἀνθρώπιον
3707 4824 3977 4893 κρατεῖται

744 4926 845 4982 bus
881 4932 1113 4984 tenetur,
1151 4936 1270 4990 qua:
1298 4935 1327 4973 a
1360 4918 1624 4987 Propheta
1660 4914 2044 4984 subjiciuntur.

2419 4923 2696 4990 λογισμοῖς
2725 4922 2839 4983 τοῖς
2864 4918 3240 4988 ὑποκειμένοις
3277 4915 3382 4969 ὑπὸ
3411 4917 3505 4970 τοῦ
3536 4916 3849 4987 Προφήτου.

815 5018 906 5079 46.
940 5017 1027 5071 47.
1085 5012 1468 5081 Unusquisque
1511 5022 1725 5070 eorum,
1776 5005 1870 5075 qui
1929 5004 2136 5074 aliquid
2187 5003 2315 5057 mali

2488 5011 2580 5076 46,
2623 5012 2712 5064 47.
2755 5012 3020 5072 Ἕκαστος
3076 5007 3182 5061 τῶν
3229 5008 3521 5061 ποιούντων
3571 5008 3742 5060 κακόν
3792 5024 3845 5059 τι
3901 5004 3980 5058 καὶ

746 5119 1076 5185 perpetrant,
1102 5117 1155 5162 et
1184 5106 1386 5161 divitiis
1414 5101 1713 5166 abundant,
1746 5100 1838 5170 qui
1898 5098 2107 5168 seipsos
2159 5113 2320 5151 mun-

2424 5103 2815 5167 πλουτούντων,
2849 5102 2942 5155 καὶ¹
2989 5103 3106 5163 ταῖς
3148 5099 3463 5169 ἐπιθυμίαις
3490 5098 3584 5151 τοῦ
3614 5099 3822 5166 κόσμου
3855 5097 3981 5150 ἐκδι-

747 5204 905 5260 danis
939 5199 1327 5270 cupiditatibus
1377 5197 1621 5256 tradunt,
1674 5192 1966 5246 laudantur
2010 5197 2066 5244 et
2112 5189 2321 5259 glorill-

2420 5198 2616 5252 δόντων
2661 5196 2905 5257 ἑαυτοὺς,
2936 5195 3233 5260 ἐπαινεῖται
3286 5191 3381 5245 καὶ
3425 5191 3705 5256 δοξάζεται
3755 5189 3860 5242 ὑπὸ
3886 5185 3981 5240 τῶν

749 5309 940 5357 cantur
973 5297 1040 5351 ab
1072 5295 1224 5364 ipsis.
2424 5291 2622 5346 αὐτῶν,

819 5393 909 5454 48,
931 5389 1020 5444 40.
1051 5387 1404 5442 Vehementer
1435 5382 1653 5453 quidem
1681 5379 1944 5434 adversus
1974 5384 2315 5446 peceatnrcm

2493 5380 2581 5444 48,
2610 5379 2698 5434 49.
2751 5377 3055 5449 Ὀργίζεται
3086 5375 3184 5445 μὲν
3224 5373 3474 5444 μεγάλως
3513 5372 3605 5426 ἐπὶ
3641 5371 3720 5442 τῷ
3747 5368 3980 5442 ἁμαρ·ιά⁹

751 5485 1037 5548 irascitur,
1074 5494 1290 5535 rursum
1330 5485 1509 5531 autem
1542 5473 1869 5542 longanimis
1899 5478 1984 5524 est
2009 5485 2130 5524 cum
2159 5483 2246 5521 eo.

1899 5478 1984 5524 08!
2009 5485 2130 5524 cum
2159 5483 2246 5521 00-
2421 5491 2594 5535 νοντι,
2622 5471 2962 5543 μακροθυμεῖ
2987 5468 3042 5522 δὲ
3075 5467 3234 5520 πάλιν
3260 5467 3346 5518 ἐπ’
3374 5464 3541 5535 αὐτῷ.

822 5573 911 5635 50,
947 5573 1034 5626 51.
1071 5570 1165 5624 Ille
1195 5581 1372 5624 autem
1399 5581 1504 5620 non
1533 5565 1838 5635 intelligens
1870 5561 1961 5616 Dei
1998 5559 2322 5629 longanimi-

2494 5565 2584 5627 50,
2614 5565 2703 5618 51.
2756 5564 2991 5624 Ἐκεῖνος
3023 5559 3098 5622 δὲ,
3139 5558 3213 5629 μὴ
3249 5555 3441 5610 συνιὼν
3469 5556 3568 5627 τὴν
3595 5556 3690 5609 τοῦ
3715 5553 3849 5609 Θεοῦ
3891 5567 3980 5624 με·

751 5676 938 5728 tatem,
977 5679 1084 5718 non
1130 5662 1234 5718 sibi
1272 5660 1525 5732 proponit
1553 5657 1722 5713 Deum
1752 5656 1990 5725 judicem
2040 5669 2197 5708 suum
2233 5650 2321 5705 fu-

2424 5655 2742 5728 κροθυμίαν,
2771 5654 2830 5706 οὐ
2858 5651 3038 5725 τίθησι
3082 5651 3176 5704 τὸν
3218 5649 3348 5704 Θεὸν
3401 5648 3592 5720 κριτὴν
3644 5649 3843 5702 αὑτοῦ*
3878 5643 3965 5700 ἀλλ

752 5770 975 5825 turum;
1005 5757 1098 5814 sed
1131 5757 1345 5826 quidem
1383 5754 1434 5808 in
1469 5758 1749 5823 peccatum
1788 5762 2177 5820 usquequaque
2200 5760 2321 5815 spe-

1962 5762 2177 5818 quaqnc
2200 5760 2321 5815 spe-
2424 5750 2512 5802 ἐπὶ
2546 5749 2644 5819 μὲν
2667 5749 2731 5818 τῇ
2759 5744 3001 5817 ἁμαρτία
3026 5747 3082 5799 ὲν
3116 5747 3277 5799 niam
3301 5742 3410 5815 ὁρῶ
3439 5741 3606 5814 [ὁρῇ.

756 5862 883 5908 Cliti.
