  <div class='ocr_page' id='page_1' title='image "/cluster/home/n/w/nwhite01/storage/ocr_20150623/27/uva.x030474749/350.png"; bbox 0 0 4164 6478; ppageno 0'>
   <div class='ocr_carea' id='block_1_1' title="bbox 263 438 2580 497">
    <p class='ocr_par' dir='ltr' id='par_1_1' title="bbox 263 438 2580 497">
     <span class='ocr_line' id='line_1_1' title="bbox 263 438 2580 497; baseline -0.002 0"><span class='ocrx_word' id='word_1_1' title='bbox 263 438 359 497; x_wconf 80' lang='grc'><strong>681</strong></span> <span class='ocrx_word' id='word_1_2' title='bbox 1210 439 1298 494; x_wconf 86' lang='lat' dir='ltr'><strong>DE</strong></span> <span class='ocrx_word' id='word_1_3' title='bbox 1338 438 1615 496; x_wconf 83' lang='lat' dir='ltr'><strong>TITULIS</strong></span> <span class='ocrx_word' id='word_1_4' title='bbox 1654 439 2103 496; x_wconf 70' lang='lat' dir='ltr'><strong>PSALMORUM.</strong></span> <span class='ocrx_word' id='word_1_5' title='bbox 2144 471 2211 482; x_wconf 92' lang='lat'><strong>——</strong></span> <span class='ocrx_word' id='word_1_6' title='bbox 2250 439 2448 495; x_wconf 71' lang='lat' dir='ltr'><strong>PSAL.</strong></span> <span class='ocrx_word' id='word_1_7' title='bbox 2487 440 2580 494; x_wconf 77' lang='lat' dir='ltr'><strong>IX.</strong></span> 
     </span>
    </p>
   </div>
   <div class='ocr_carea' id='block_1_2' title="bbox 333 533 1909 626">
    <p class='ocr_par' dir='ltr' id='par_1_2' title="bbox 333 533 1909 626">
     <span class='ocr_line' id='line_1_2' title="bbox 333 533 1909 626; baseline -0.002 -15"><span class='ocrx_word' id='word_1_8' title='bbox 333 533 865 626; x_wconf 69' lang='lat' dir='ltr'><strong>52.&#39;Awavatpsiut</strong></span> <span class='ocrx_word' id='word_1_9' title='bbox 889 554 956 608; x_wconf 77' lang='grc' dir='ltr'>τὰ</span> <span class='ocrx_word' id='word_1_10' title='bbox 992 554 1236 626; x_wconf 75' lang='grc' dir='ltr'>κρίματα</span> <span class='ocrx_word' id='word_1_11' title='bbox 1266 571 1359 606; x_wconf 88' lang='grc' dir='ltr'>σου</span> <span class='ocrx_word' id='word_1_12' title='bbox 1407 556 1514 608; x_wconf 79' lang='grc' dir='ltr'><strong>ἀπὸ</strong></span> <span class='ocrx_word' id='word_1_13' title='bbox 1543 554 1832 626; x_wconf 76' lang='grc' dir='ltr'>προσώπου</span> <span class='ocrx_word' id='word_1_14' title='bbox 1866 565 1909 619; x_wconf 76' lang='grc' dir='ltr'>Α</span> 
     </span>
    </p>
   </div>
   <div class='ocr_carea' id='block_1_3' title="bbox 255 647 446 704">
    <p class='ocr_par' dir='ltr' id='par_1_3' title="bbox 255 647 446 704">
     <span class='ocr_line' id='line_1_3' title="bbox 255 647 446 704; baseline -0.01 0"><span class='ocrx_word' id='word_1_15' title='bbox 255 647 446 704; x_wconf 73' lang='grc' dir='ltr'>αὐτοῦ’</span> 
     </span>
    </p>
   </div>
   <div class='ocr_carea' id='block_1_4' title="bbox 333 738 1717 811">
    <p class='ocr_par' dir='ltr' id='par_1_4' title="bbox 333 738 1717 811">
     <span class='ocr_line' id='line_1_4' title="bbox 333 738 1717 811; baseline -0.001 -16"><span class='ocrx_word' id='word_1_16' title='bbox 333 746 422 800; x_wconf 76' lang='grc'><strong>55.</strong></span> <span class='ocrx_word' id='word_1_17' title='bbox 451 740 674 795; x_wconf 82' lang='grc' dir='ltr'>Πάντων</span> <span class='ocrx_word' id='word_1_18' title='bbox 703 739 811 793; x_wconf 86' lang='grc' dir='ltr'><strong>τῶν</strong></span> <span class='ocrx_word' id='word_1_19' title='bbox 847 738 1056 810; x_wconf 82' lang='grc' dir='ltr'>ἐχθρῶν</span> <span class='ocrx_word' id='word_1_20' title='bbox 1085 738 1249 791; x_wconf 73' lang='grc' dir='ltr'>αὐτοῦ</span> <span class='ocrx_word' id='word_1_21' title='bbox 1278 740 1717 811; x_wconf 81' lang='grc' dir='ltr'>κατακυριεύσει.</span> 
     </span>
    </p>
   </div>
   <div class='ocr_carea' id='block_1_5' title="bbox 333 829 1830 905">
    <p class='ocr_par' dir='ltr' id='par_1_5' title="bbox 333 829 1830 905">
     <span class='ocr_line' id='line_1_5' title="bbox 333 829 1830 905; baseline -0.006 -12"><span class='ocrx_word' id='word_1_22' title='bbox 333 837 423 894; x_wconf 62' lang='grc'>54.</span> <span class='ocrx_word' id='word_1_23' title='bbox 460 829 594 888; x_wconf 83' lang='grc' dir='ltr'>Εἷπε</span> <span class='ocrx_word' id='word_1_24' title='bbox 639 832 746 905; x_wconf 75' lang='grc' dir='ltr'><strong>γάρ</strong></span> <span class='ocrx_word' id='word_1_25' title='bbox 776 834 832 885; x_wconf 79' lang='grc' dir='ltr'><strong>ἐν</strong></span> <span class='ocrx_word' id='word_1_26' title='bbox 856 831 1052 904; x_wconf 53' lang='grc' dir='ltr'>καῷίᾳ</span> <span class='ocrx_word' id='word_1_27' title='bbox 1102 831 1264 884; x_wconf 74' lang='grc' dir='ltr'>αὐτοῦ</span> <span class='ocrx_word' id='word_1_28' title='bbox 1289 849 1303 862; x_wconf 93' lang='grc'><strong>·</strong></span> <span class='ocrx_word' id='word_1_29' title='bbox 1336 832 1408 884; x_wconf 74' lang='grc' dir='ltr'><strong>υὺ</strong></span> <span class='ocrx_word' id='word_1_30' title='bbox 1467 834 1541 903; x_wconf 83' lang='grc' dir='ltr'>μὴ</span> <span class='ocrx_word' id='word_1_31' title='bbox 1591 831 1830 885; x_wconf 77' lang='grc' dir='ltr'>σαλευθῶ</span> 
     </span>
    </p>
   </div>
   <div class='ocr_carea' id='block_1_6' title="bbox 262 922 1311 997">
    <p class='ocr_par' dir='ltr' id='par_1_6' title="bbox 262 922 1311 997">
     <span class='ocr_line' id='line_1_6' title="bbox 262 922 1311 997; baseline -0.01 -11"><span class='ocrx_word' id='word_1_32' title='bbox 262 929 370 987; x_wconf 77' lang='grc' dir='ltr'><strong>ἀπὸ</strong></span> <span class='ocrx_word' id='word_1_33' title='bbox 395 929 587 997; x_wconf 75' lang='grc' dir='ltr'>γενεᾶς</span> <span class='ocrx_word' id='word_1_34' title='bbox 617 927 696 988; x_wconf 84' lang='grc' dir='ltr'><strong>είς</strong></span> <span class='ocrx_word' id='word_1_35' title='bbox 732 923 924 994; x_wconf 76' lang='grc' dir='ltr'>γενεὰν</span> <span class='ocrx_word' id='word_1_36' title='bbox 954 923 1082 976; x_wconf 80' lang='grc' dir='ltr'>ἄνευ</span> <span class='ocrx_word' id='word_1_37' title='bbox 1119 922 1311 976; x_wconf 77' lang='grc' dir='ltr'>κακοῦ.</span> 
     </span>
    </p>
   </div>
   <div class='ocr_carea' id='block_1_7' title="bbox 335 1012 1832 1090">
    <p class='ocr_par' dir='ltr' id='par_1_7' title="bbox 335 1012 1832 1090">
     <span class='ocr_line' id='line_1_7' title="bbox 335 1012 1832 1090; baseline -0.006 -13"><span class='ocrx_word' id='word_1_38' title='bbox 446 1012 519 1074; x_wconf 75' lang='grc' dir='ltr'><strong>Οὖ</strong></span> <span class='ocrx_word' id='word_1_39' title='bbox 547 1019 683 1090; x_wconf 73' lang='grc' dir='ltr'>ἀρᾶς</span> <span class='ocrx_word' id='word_1_40' title='bbox 703 1016 764 1070; x_wconf 79' lang='grc' dir='ltr'>τὸ</span> <span class='ocrx_word' id='word_1_41' title='bbox 785 1015 957 1087; x_wconf 78' lang='grc' dir='ltr'>στόμα</span> <span class='ocrx_word' id='word_1_42' title='bbox 981 1014 1141 1069; x_wconf 76' lang='grc' dir='ltr'>αὑτοῦ</span> <span class='ocrx_word' id='word_1_43' title='bbox 1165 1014 1346 1085; x_wconf 85' lang='grc' dir='ltr'>γέμει,</span> <span class='ocrx_word' id='word_1_44' title='bbox 1369 1015 1461 1068; x_wconf 82' lang='grc' dir='ltr'><strong>καὶ</strong></span> <span class='ocrx_word' id='word_1_45' title='bbox 1489 1014 1710 1086; x_wconf 78' lang='grc' dir='ltr'>πικρίας</span> <span class='ocrx_word' id='word_1_46' title='bbox 1740 1017 1832 1069; x_wconf 82' lang='grc' dir='ltr'>καὶ</span> 
     </span>
    </p>
   </div>
   <div class='ocr_carea' id='block_1_8' title="bbox 260 1112 440 1174">
    <p class='ocr_par' dir='ltr' id='par_1_8' title="bbox 260 1112 440 1174">
     <span class='ocr_line' id='line_1_8' title="bbox 260 1112 440 1174; baseline -0.017 -8"><span class='ocrx_word' id='word_1_47' title='bbox 260 1112 440 1174; x_wconf 70' lang='grc' dir='ltr'>δόλου,</span> 
     </span>
    </p>
   </div>
   <div class='ocr_carea' id='block_1_9' title="bbox 331 1198 1733 1268">
    <p class='ocr_par' dir='ltr' id='par_1_9' title="bbox 331 1198 1733 1268">
     <span class='ocr_line' id='line_1_9' title="bbox 331 1198 1733 1268; baseline -0.004 -11"><span class='ocrx_word' id='word_1_48' title='bbox 331 1201 424 1257; x_wconf 83' lang='grc'><strong>56.</strong></span> <span class='ocrx_word' id='word_1_49' title='bbox 470 1199 604 1254; x_wconf 80' lang='grc' dir='ltr'>’Υπὺ</span> <span class='ocrx_word' id='word_1_50' title='bbox 634 1199 732 1268; x_wconf 76' lang='grc' dir='ltr'>τὴν</span> <span class='ocrx_word' id='word_1_51' title='bbox 765 1198 1014 1266; x_wconf 86' lang='grc' dir='ltr'>γλῶσσαν</span> <span class='ocrx_word' id='word_1_52' title='bbox 1037 1198 1200 1251; x_wconf 79' lang='grc' dir='ltr'>αὐτοῦ</span> <span class='ocrx_word' id='word_1_53' title='bbox 1229 1198 1396 1266; x_wconf 76' lang='grc' dir='ltr'>κόπος</span> <span class='ocrx_word' id='word_1_54' title='bbox 1426 1199 1520 1252; x_wconf 74' lang='grc' dir='ltr'>καὶ</span> <span class='ocrx_word' id='word_1_55' title='bbox 1553 1198 1733 1260; x_wconf 88' lang='grc' dir='ltr'>πόνος.</span> 
     </span>
    </p>
   </div>
   <div class='ocr_carea' id='block_1_10' title="bbox 331 1293 1611 1368">
    <p class='ocr_par' dir='ltr' id='par_1_10' title="bbox 331 1293 1611 1368">
     <span class='ocr_line' id='line_1_10' title="bbox 331 1293 1611 1368; baseline -0.004 -15"><span class='ocrx_word' id='word_1_56' title='bbox 331 1300 422 1353; x_wconf 84' lang='lat'><strong>57.</strong></span> <span class='ocrx_word' id='word_1_57' title='bbox 471 1296 798 1368; x_wconf 82' lang='grc' dir='ltr'>Ἐγκάοηται</span> <span class='ocrx_word' id='word_1_58' title='bbox 829 1297 887 1349; x_wconf 83' lang='grc' dir='ltr'>ἐν</span> <span class='ocrx_word' id='word_1_59' title='bbox 919 1295 1109 1366; x_wconf 73' lang='grc' dir='ltr'>ἐνέδρα</span> <span class='ocrx_word' id='word_1_60' title='bbox 1137 1295 1273 1365; x_wconf 82' lang='grc' dir='ltr'><strong>μετά</strong></span> <span class='ocrx_word' id='word_1_61' title='bbox 1307 1293 1577 1349; x_wconf 73' lang='grc' dir='ltr'>πλουσίων</span> <span class='ocrx_word' id='word_1_62' title='bbox 1596 1334 1611 1356; x_wconf 85' lang='grc'><strong>,</strong></span> 
     </span>
    </p>
   </div>
   <div class='ocr_carea' id='block_1_11' title="bbox 333 1386 1658 1460">
    <p class='ocr_par' dir='ltr' id='par_1_11' title="bbox 333 1386 1658 1460">
     <span class='ocr_line' id='line_1_11' title="bbox 333 1386 1658 1460; baseline -0.003 -16"><span class='ocrx_word' id='word_1_63' title='bbox 333 1391 423 1446; x_wconf 83' lang='grc'><strong>58.</strong></span> <span class='ocrx_word' id='word_1_64' title='bbox 475 1391 563 1444; x_wconf 80' lang='grc' dir='ltr'><strong>Ἐν</strong></span> <span class='ocrx_word' id='word_1_65' title='bbox 592 1388 948 1460; x_wconf 77' lang='grc' dir='ltr'>ἀποκρύφοις,</span> <span class='ocrx_word' id='word_1_66' title='bbox 984 1386 1078 1440; x_wconf 79' lang='grc' dir='ltr'>τοῦ</span> <span class='ocrx_word' id='word_1_67' title='bbox 1111 1388 1426 1441; x_wconf 80' lang='grc' dir='ltr'>ἀποκτεῖναι</span> <span class='ocrx_word' id='word_1_68' title='bbox 1461 1386 1658 1440; x_wconf 79' lang='grc' dir='ltr'>ἀθῶον.</span> 
     </span>
    </p>
   </div>
   <div class='ocr_carea' id='block_1_12' title="bbox 334 1479 1824 1554">
    <p class='ocr_par' dir='ltr' id='par_1_12' title="bbox 334 1479 1824 1554">
     <span class='ocr_line' id='line_1_12' title="bbox 334 1479 1824 1554; baseline -0.006 -14"><span class='ocrx_word' id='word_1_69' title='bbox 334 1485 422 1540; x_wconf 77' lang='grc'><strong>59.</strong></span> <span class='ocrx_word' id='word_1_70' title='bbox 441 1486 504 1539; x_wconf 89' lang='grc' dir='ltr'>Οἱ</span> <span class='ocrx_word' id='word_1_71' title='bbox 521 1483 783 1554; x_wconf 72' lang='grc' dir='ltr'>ὀφθαλμοῖ</span> <span class='ocrx_word' id='word_1_72' title='bbox 803 1480 965 1535; x_wconf 78' lang='grc' dir='ltr'>αὑτοῦ</span> <span class='ocrx_word' id='word_1_73' title='bbox 989 1484 1067 1544; x_wconf 82' lang='grc' dir='ltr'><strong>εἰς</strong></span> <span class='ocrx_word' id='word_1_74' title='bbox 1083 1480 1172 1534; x_wconf 83' lang='grc' dir='ltr'>τὸν</span> <span class='ocrx_word' id='word_1_75' title='bbox 1191 1480 1397 1551; x_wconf 83' lang='grc' dir='ltr'>πένητα</span> <span class='ocrx_word' id='word_1_76' title='bbox 1411 1479 1824 1534; x_wconf 79' lang='grc' dir='ltr'>ἀποϐλέπουσιν·</span> 
     </span>
    </p>
   </div>
   <div class='ocr_carea' id='block_1_13' title="bbox 334 1570 1829 1650">
    <p class='ocr_par' dir='ltr' id='par_1_13' title="bbox 334 1570 1829 1650">
     <span class='ocr_line' id='line_1_13' title="bbox 334 1570 1829 1650; baseline -0.001 -22"><span class='ocrx_word' id='word_1_77' title='bbox 334 1577 423 1634; x_wconf 83' lang='grc'>60.</span> <span class='ocrx_word' id='word_1_78' title='bbox 475 1576 771 1650; x_wconf 70' lang='grc' dir='ltr'>Ἐνεὸρεύει</span> <span class='ocrx_word' id='word_1_79' title='bbox 800 1577 857 1627; x_wconf 77' lang='grc' dir='ltr'>ἐν</span> <span class='ocrx_word' id='word_1_80' title='bbox 894 1572 1218 1644; x_wconf 76' lang='grc' dir='ltr'>ἀποκρύφῳ,</span> <span class='ocrx_word' id='word_1_81' title='bbox 1241 1573 1317 1637; x_wconf 82' lang='grc' dir='ltr'><strong>ὡς</strong></span> <span class='ocrx_word' id='word_1_82' title='bbox 1337 1573 1473 1626; x_wconf 79' lang='grc' dir='ltr'>λέων</span> <span class='ocrx_word' id='word_1_83' title='bbox 1499 1574 1556 1626; x_wconf 83' lang='grc' dir='ltr'><strong>ἐν</strong></span> <span class='ocrx_word' id='word_1_84' title='bbox 1595 1574 1660 1643; x_wconf 81' lang='grc' dir='ltr'>τῇ</span> <span class='ocrx_word' id='word_1_85' title='bbox 1693 1570 1829 1640; x_wconf 81' lang='grc' dir='ltr'>μάν-</span> 
     </span>
    </p>
   </div>
   <div class='ocr_carea' id='block_1_14' title="bbox 259 1668 573 1742">
    <p class='ocr_par' dir='ltr' id='par_1_14' title="bbox 259 1668 573 1742">
     <span class='ocr_line' id='line_1_14' title="bbox 259 1668 573 1742; baseline -0.006 -18"><span class='ocrx_word' id='word_1_86' title='bbox 259 1670 364 1742; x_wconf 70' lang='grc' dir='ltr'><strong>δρα</strong></span> <span class='ocrx_word' id='word_1_87' title='bbox 384 1668 573 1722; x_wconf 76' lang='grc' dir='ltr'>αὑτοῦ.</span> 
     </span>
    </p>
   </div>
   <div class='ocr_carea' id='block_1_15' title="bbox 338 1755 1425 1829">
    <p class='ocr_par' dir='ltr' id='par_1_15' title="bbox 338 1755 1425 1829">
     <span class='ocr_line' id='line_1_15' title="bbox 338 1755 1425 1829; baseline -0.008 -12"><span class='ocrx_word' id='word_1_88' title='bbox 338 1764 427 1817; x_wconf 89' lang='lat'><strong>6|.</strong></span> <span class='ocrx_word' id='word_1_89' title='bbox 465 1758 760 1829; x_wconf 78' lang='grc' dir='ltr'>Ἐνεδρευει</span> <span class='ocrx_word' id='word_1_90' title='bbox 782 1756 876 1811; x_wconf 76' lang='grc' dir='ltr'>τοῦ</span> <span class='ocrx_word' id='word_1_91' title='bbox 909 1756 1154 1828; x_wconf 75' lang='grc' dir='ltr'><strong>ἁρπάσαι</strong></span> <span class='ocrx_word' id='word_1_92' title='bbox 1187 1755 1425 1826; x_wconf 82' lang='grc' dir='ltr'>πτωχὸν,</span> 
     </span>
    </p>
   </div>
   <div class='ocr_carea' id='block_1_16' title="bbox 332 1845 1635 1923">
    <p class='ocr_par' dir='ltr' id='par_1_16' title="bbox 332 1845 1635 1923">
     <span class='ocr_line' id='line_1_16' title="bbox 332 1845 1635 1923; baseline -0.004 -18"><span class='ocrx_word' id='word_1_93' title='bbox 332 1852 422 1907; x_wconf 69' lang='lat'><strong>62.</strong></span> <span class='ocrx_word' id='word_1_94' title='bbox 475 1852 741 1923; x_wconf 82' lang='grc' dir='ltr'>Ἀρπάσαι</span> <span class='ocrx_word' id='word_1_95' title='bbox 774 1850 986 1920; x_wconf 71' lang='grc' dir='ltr'>πτωχὸν</span> <span class='ocrx_word' id='word_1_96' title='bbox 1009 1852 1067 1902; x_wconf 84' lang='grc' dir='ltr'>ὲν</span> <span class='ocrx_word' id='word_1_97' title='bbox 1097 1849 1170 1920; x_wconf 81' lang='grc' dir='ltr'>τῷ</span> <span class='ocrx_word' id='word_1_98' title='bbox 1192 1848 1414 1902; x_wconf 78' lang='grc' dir='ltr'>ἐλκῦσαι</span> <span class='ocrx_word' id='word_1_99' title='bbox 1434 1845 1635 1900; x_wconf 74' lang='grc' dir='ltr'>αὐτόν..</span> 
     </span>
    </p>
   </div>
   <div class='ocr_carea' id='block_1_17' title="bbox 332 1938 1637 2016">
    <p class='ocr_par' dir='ltr' id='par_1_17' title="bbox 332 1938 1637 2016">
     <span class='ocr_line' id='line_1_17' title="bbox 332 1938 1637 2016; baseline -0.007 -18"><span class='ocrx_word' id='word_1_100' title='bbox 332 1945 422 1998; x_wconf 77' lang='lat'><strong>63.</strong></span> <span class='ocrx_word' id='word_1_101' title='bbox 463 1945 550 1998; x_wconf 85' lang='lat' dir='ltr'><strong>&#39;Ev</strong></span> <span class='ocrx_word' id='word_1_102' title='bbox 575 1947 640 2016; x_wconf 76' lang='grc' dir='ltr'>τῇ</span> <span class='ocrx_word' id='word_1_103' title='bbox 677 1943 863 2013; x_wconf 84' lang='grc' dir='ltr'>παγίδι</span> <span class='ocrx_word' id='word_1_104' title='bbox 890 1941 1055 1995; x_wconf 77' lang='grc' dir='ltr'>αὐτοῦ</span> <span class='ocrx_word' id='word_1_105' title='bbox 1077 1939 1403 1994; x_wconf 76' lang='grc' dir='ltr'><strong>ταπεινώσει</strong></span> <span class='ocrx_word' id='word_1_106' title='bbox 1434 1938 1600 1992; x_wconf 77' lang='grc' dir='ltr'>αὐτόν</span> <span class='ocrx_word' id='word_1_107' title='bbox 1623 1955 1637 1969; x_wconf 90' lang='grc'><strong>·</strong></span> 
     </span>
    </p>
   </div>
   <div class='ocr_carea' id='block_1_18' title="bbox 331 2026 1829 2107">
    <p class='ocr_par' dir='ltr' id='par_1_18' title="bbox 331 2026 1829 2107">
     <span class='ocr_line' id='line_1_18' title="bbox 331 2026 1829 2107; baseline -0.008 -17"><span class='ocrx_word' id='word_1_108' title='bbox 331 2035 418 2090; x_wconf 64' lang='grc' dir='ltr'>6ί.</span> <span class='ocrx_word' id='word_1_109' title='bbox 449 2035 624 2107; x_wconf 67' lang='grc' dir='ltr'>Κύψει</span> <span class='ocrx_word' id='word_1_110' title='bbox 655 2037 748 2089; x_wconf 74' lang='grc' dir='ltr'><strong>καὶ</strong></span> <span class='ocrx_word' id='word_1_111' title='bbox 769 2039 1035 2097; x_wconf 76' lang='grc' dir='ltr'><strong>πεσεῖται,</strong></span> <span class='ocrx_word' id='word_1_112' title='bbox 1053 2037 1109 2087; x_wconf 80' lang='grc' dir='ltr'>ὲν</span> <span class='ocrx_word' id='word_1_113' title='bbox 1129 2032 1204 2104; x_wconf 79' lang='grc' dir='ltr'><strong>τῷ</strong></span> <span class='ocrx_word' id='word_1_114' title='bbox 1225 2033 1384 2086; x_wconf 83' lang='grc' dir='ltr'>αὐτὸν</span> <span class='ocrx_word' id='word_1_115' title='bbox 1408 2026 1829 2100; x_wconf 80' lang='grc' dir='ltr'>κατακυριεῦσαι</span> 
     </span>
    </p>
   </div>
   <div class='ocr_carea' id='block_1_19' title="bbox 260 2127 657 2200">
    <p class='ocr_par' dir='ltr' id='par_1_19' title="bbox 260 2127 657 2200">
     <span class='ocr_line' id='line_1_19' title="bbox 260 2127 657 2200; baseline 0.008 -20"><span class='ocrx_word' id='word_1_116' title='bbox 260 2127 370 2182; x_wconf 81' lang='grc' dir='ltr'><strong>τῶν</strong></span> <span class='ocrx_word' id='word_1_117' title='bbox 392 2129 657 2200; x_wconf 81' lang='grc' dir='ltr'><strong>πενήτων.</strong></span> 
     </span>
    </p>
   </div>
   <div class='ocr_carea' id='block_1_20' title="bbox 335 2213 1829 2292">
    <p class='ocr_par' dir='ltr' id='par_1_20' title="bbox 335 2213 1829 2292">
     <span class='ocr_line' id='line_1_20' title="bbox 335 2213 1829 2292; baseline -0.004 -20"><span class='ocrx_word' id='word_1_118' title='bbox 335 2219 424 2273; x_wconf 75' lang='grc'><strong>65.</strong></span> <span class='ocrx_word' id='word_1_119' title='bbox 446 2214 579 2272; x_wconf 80' lang='grc' dir='ltr'>Εἷπε</span> <span class='ocrx_word' id='word_1_120' title='bbox 599 2219 706 2291; x_wconf 87' lang='grc' dir='ltr'><strong>γάρ</strong></span> <span class='ocrx_word' id='word_1_121' title='bbox 722 2220 778 2273; x_wconf 82' lang='grc' dir='ltr'>ἐν</span> <span class='ocrx_word' id='word_1_122' title='bbox 797 2220 994 2292; x_wconf 73' lang='grc' dir='ltr'>καρδίᾳ</span> <span class='ocrx_word' id='word_1_123' title='bbox 1007 2216 1177 2272; x_wconf 76' lang='grc' dir='ltr'>αὐτοῦ</span> <span class='ocrx_word' id='word_1_124' title='bbox 1196 2235 1210 2249; x_wconf 70' lang='grc'><strong>⁸</strong></span> <span class='ocrx_word' id='word_1_125' title='bbox 1238 2215 1609 2287; x_wconf 77' lang='grc' dir='ltr'>Ἐπιλέλησται</span> <span class='ocrx_word' id='word_1_126' title='bbox 1623 2216 1650 2268; x_wconf 90' lang='grc' dir='ltr'><strong>ὀ</strong></span> <span class='ocrx_word' id='word_1_127' title='bbox 1676 2213 1829 2276; x_wconf 87' lang='grc' dir='ltr'>Θεός.</span> 
     </span>
    </p>
   </div>
   <div class='ocr_carea' id='block_1_21' title="bbox 334 2301 1834 2380">
    <p class='ocr_par' dir='ltr' id='par_1_21' title="bbox 334 2301 1834 2380">
     <span class='ocr_line' id='line_1_21' title="bbox 334 2301 1834 2380; baseline -0.005 -19"><span class='ocrx_word' id='word_1_128' title='bbox 334 2307 423 2362; x_wconf 87' lang='grc'><strong>66.</strong></span> <span class='ocrx_word' id='word_1_129' title='bbox 472 2309 803 2380; x_wconf 66' lang='grc' dir='ltr'>Ἀπέστρεψε</span> <span class='ocrx_word' id='word_1_130' title='bbox 839 2309 899 2362; x_wconf 82' lang='grc' dir='ltr'><strong>τὸ</strong></span> <span class='ocrx_word' id='word_1_131' title='bbox 949 2308 1236 2378; x_wconf 75' lang='grc' dir='ltr'>πρόσωπον</span> <span class='ocrx_word' id='word_1_132' title='bbox 1265 2304 1428 2358; x_wconf 72' lang='grc' dir='ltr'>αὑτοῦ</span> <span class='ocrx_word' id='word_1_133' title='bbox 1480 2303 1571 2357; x_wconf 79' lang='grc' dir='ltr'>τοῦ</span> <span class='ocrx_word' id='word_1_134' title='bbox 1606 2303 1679 2374; x_wconf 80' lang='grc' dir='ltr'>μὴ</span> <span class='ocrx_word' id='word_1_135' title='bbox 1716 2301 1834 2373; x_wconf 79' lang='grc' dir='ltr'>βλέ-</span> 
     </span>
    </p>
   </div>
   <div class='ocr_carea' id='block_1_22' title="bbox 265 2399 679 2462">
    <p class='ocr_par' dir='ltr' id='par_1_22' title="bbox 265 2399 679 2462">
     <span class='ocr_line' id='line_1_22' title="bbox 265 2399 679 2462; baseline 0.007 -12"><span class='ocrx_word' id='word_1_136' title='bbox 265 2415 332 2450; x_wconf 89' lang='grc' dir='ltr'><strong>πε</strong></span> <span class='ocrx_word' id='word_1_137' title='bbox 342 2416 390 2451; x_wconf 92' lang='grc' dir='ltr'>ιν</span> <span class='ocrx_word' id='word_1_138' title='bbox 410 2400 489 2462; x_wconf 83' lang='grc' dir='ltr'><strong>είς</strong></span> <span class='ocrx_word' id='word_1_139' title='bbox 507 2399 679 2462; x_wconf 81' lang='grc' dir='ltr'>τέλος.</span> 
     </span>
    </p>
   </div>
   <div class='ocr_carea' id='block_1_23' title="bbox 336 2484 1834 2558">
    <p class='ocr_par' dir='ltr' id='par_1_23' title="bbox 336 2484 1834 2558">
     <span class='ocr_line' id='line_1_23' title="bbox 336 2484 1834 2558; baseline 0 -16"><span class='ocrx_word' id='word_1_140' title='bbox 336 2489 426 2544; x_wconf 83' lang='grc'><strong>67.</strong></span> <span class='ocrx_word' id='word_1_141' title='bbox 455 2487 768 2558; x_wconf 78' lang='grc' dir='ltr'><strong>Ἀνάστηθι,</strong></span> <span class='ocrx_word' id='word_1_142' title='bbox 798 2487 967 2558; x_wconf 75' lang='grc' dir='ltr'>Κύριε</span> <span class='ocrx_word' id='word_1_143' title='bbox 987 2491 1014 2540; x_wconf 92' lang='lat'><strong>6</strong></span> <span class='ocrx_word' id='word_1_144' title='bbox 1037 2487 1168 2551; x_wconf 84' lang='grc' dir='ltr'>Θεός</span> <span class='ocrx_word' id='word_1_145' title='bbox 1202 2505 1326 2558; x_wconf 86' lang='grc' dir='ltr'>μου,</span> <span class='ocrx_word' id='word_1_146' title='bbox 1353 2486 1622 2558; x_wconf 62' lang='grc' dir='ltr'>ὑψωοήτω</span> <span class='ocrx_word' id='word_1_147' title='bbox 1650 2487 1682 2557; x_wconf 78' lang='grc' dir='ltr'>ἡ</span> <span class='ocrx_word' id='word_1_148' title='bbox 1713 2484 1834 2557; x_wconf 75' lang='grc' dir='ltr'>χείρ</span> 
     </span>
    </p>
   </div>
   <div class='ocr_carea' id='block_1_24' title="bbox 266 2578 1342 2649">
    <p class='ocr_par' dir='ltr' id='par_1_24' title="bbox 266 2578 1342 2649">
     <span class='ocr_line' id='line_1_24' title="bbox 266 2578 1342 2649; baseline 0.001 -17"><span class='ocrx_word' id='word_1_149' title='bbox 266 2593 388 2639; x_wconf 82' lang='grc' dir='ltr'>σου,</span> <span class='ocrx_word' id='word_1_150' title='bbox 430 2578 505 2648; x_wconf 79' lang='grc' dir='ltr'>μὴ</span> <span class='ocrx_word' id='word_1_151' title='bbox 550 2578 782 2649; x_wconf 69' lang='grc' dir='ltr'>ἐπιλάϐῃ</span> <span class='ocrx_word' id='word_1_152' title='bbox 806 2578 912 2631; x_wconf 85' lang='grc' dir='ltr'><strong>τῶν</strong></span> <span class='ocrx_word' id='word_1_153' title='bbox 947 2580 1194 2648; x_wconf 80' lang='grc' dir='ltr'><strong>πενήτων</strong></span> <span class='ocrx_word' id='word_1_154' title='bbox 1228 2597 1342 2633; x_wconf 87' lang='grc' dir='ltr'>σου.</span> 
     </span>
    </p>
   </div>
   <div class='ocr_carea' id='block_1_25' title="bbox 331 2666 1835 2741">
    <p class='ocr_par' dir='ltr' id='par_1_25' title="bbox 331 2666 1835 2741">
     <span class='ocr_line' id='line_1_25' title="bbox 331 2666 1835 2741; baseline -0.002 -18"><span class='ocrx_word' id='word_1_155' title='bbox 331 2668 421 2723; x_wconf 89' lang='lat'><strong>68.</strong></span> <span class='ocrx_word' id='word_1_156' title='bbox 466 2670 689 2722; x_wconf 84' lang='grc' dir='ltr'><strong>Ἕνεκεν</strong></span> <span class='ocrx_word' id='word_1_157' title='bbox 730 2671 874 2733; x_wconf 87' lang='grc' dir='ltr'>τίνος</span> <span class='ocrx_word' id='word_1_158' title='bbox 906 2671 1223 2741; x_wconf 80' lang='grc' dir='ltr'><strong>παρώξυνεν</strong></span> <span class='ocrx_word' id='word_1_159' title='bbox 1251 2675 1279 2725; x_wconf 89' lang='lat'><strong>6</strong></span> <span class='ocrx_word' id='word_1_160' title='bbox 1311 2669 1511 2741; x_wconf 77' lang='grc' dir='ltr'>ἀσεϐὴς</span> <span class='ocrx_word' id='word_1_161' title='bbox 1540 2668 1630 2721; x_wconf 72' lang='grc' dir='ltr'>τὸν</span> <span class='ocrx_word' id='word_1_162' title='bbox 1660 2666 1835 2734; x_wconf 85' lang='grc' dir='ltr'>Θεόν;</span> 
     </span>
    </p>
   </div>
   <div class='ocr_carea' id='block_1_26' title="bbox 338 2755 1732 2832">
    <p class='ocr_par' dir='ltr' id='par_1_26' title="bbox 338 2755 1732 2832">
     <span class='ocr_line' id='line_1_26' title="bbox 338 2755 1732 2832; baseline 0 -21"><span class='ocrx_word' id='word_1_163' title='bbox 338 2756 429 2815; x_wconf 90' lang='grc'><strong>69.</strong></span> <span class='ocrx_word' id='word_1_164' title='bbox 461 2755 595 2811; x_wconf 82' lang='grc' dir='ltr'>Εἷπε</span> <span class='ocrx_word' id='word_1_165' title='bbox 620 2759 729 2830; x_wconf 83' lang='grc' dir='ltr'><strong>γάρ</strong></span> <span class='ocrx_word' id='word_1_166' title='bbox 758 2761 815 2813; x_wconf 80' lang='grc' dir='ltr'><strong>ἐν</strong></span> <span class='ocrx_word' id='word_1_167' title='bbox 844 2759 1040 2832; x_wconf 68' lang='grc' dir='ltr'>καρδίᾳ</span> <span class='ocrx_word' id='word_1_168' title='bbox 1071 2760 1256 2814; x_wconf 81' lang='grc' dir='ltr'>αὑτοῦ·</span> <span class='ocrx_word' id='word_1_169' title='bbox 1283 2761 1396 2814; x_wconf 74' lang='grc' dir='ltr'><strong>Οὐκ</strong></span> <span class='ocrx_word' id='word_1_170' title='bbox 1421 2759 1732 2831; x_wconf 75' lang='grc' dir='ltr'>ὲκζητήσει.</span> 
     </span>
    </p>
   </div>
   <div class='ocr_carea' id='block_1_27' title="bbox 335 2847 1766 2921">
    <p class='ocr_par' dir='ltr' id='par_1_27' title="bbox 335 2847 1766 2921">
     <span class='ocr_line' id='line_1_27' title="bbox 335 2847 1766 2921; baseline 0 -19"><span class='ocrx_word' id='word_1_171' title='bbox 335 2847 428 2904; x_wconf 88' lang='grc'>70.</span> <span class='ocrx_word' id='word_1_172' title='bbox 455 2849 698 2917; x_wconf 81' lang='grc' dir='ltr'>Βλέπεις,</span> <span class='ocrx_word' id='word_1_173' title='bbox 732 2852 812 2905; x_wconf 84' lang='grc' dir='ltr'>ὅτι</span> <span class='ocrx_word' id='word_1_174' title='bbox 849 2852 911 2904; x_wconf 80' lang='grc' dir='ltr'>σὺ</span> <span class='ocrx_word' id='word_1_175' title='bbox 950 2852 1109 2905; x_wconf 68' lang='grc' dir='ltr'>πόνον</span> <span class='ocrx_word' id='word_1_176' title='bbox 1139 2851 1418 2921; x_wconf 80' lang='grc' dir='ltr'>καὶθυμδν</span> <span class='ocrx_word' id='word_1_177' title='bbox 1449 2853 1731 2918; x_wconf 78' lang='grc' dir='ltr'>κατανοεῖς</span> <span class='ocrx_word' id='word_1_178' title='bbox 1752 2863 1766 2878; x_wconf 76' lang='grc'><strong>⁸</strong></span> 
     </span>
    </p>
   </div>
   <div class='ocr_carea' id='block_1_28' title="bbox 337 3017 1593 3095">
    <p class='ocr_par' dir='ltr' id='par_1_28' title="bbox 337 3017 1593 3095">
     <span class='ocr_line' id='line_1_28' title="bbox 337 3017 1593 3095; baseline 0.002 -19"><span class='ocrx_word' id='word_1_179' title='bbox 337 3023 430 3078; x_wconf 80' lang='grc'>71.</span> <span class='ocrx_word' id='word_1_180' title='bbox 461 3023 567 3077; x_wconf 83' lang='grc' dir='ltr'><strong>Τοῦ</strong></span> <span class='ocrx_word' id='word_1_181' title='bbox 593 3017 930 3094; x_wconf 81' lang='grc' dir='ltr'>παραδοῦναι</span> <span class='ocrx_word' id='word_1_182' title='bbox 958 3024 1120 3078; x_wconf 78' lang='grc' dir='ltr'>αὑτὸν</span> <span class='ocrx_word' id='word_1_183' title='bbox 1148 3024 1228 3085; x_wconf 87' lang='grc' dir='ltr'><strong>είς</strong></span> <span class='ocrx_word' id='word_1_184' title='bbox 1256 3021 1440 3095; x_wconf 79' lang='grc' dir='ltr'>χεῖράς</span> <span class='ocrx_word' id='word_1_185' title='bbox 1476 3038 1593 3078; x_wconf 85' lang='grc' dir='ltr'>σου.</span> 
     </span>
    </p>
   </div>
   <div class='ocr_carea' id='block_1_29' title="bbox 337 3115 1383 3194">
    <p class='ocr_par' dir='ltr' id='par_1_29' title="bbox 337 3115 1383 3194">
     <span class='ocr_line' id='line_1_29' title="bbox 337 3115 1383 3194; baseline 0.002 -25"><span class='ocrx_word' id='word_1_186' title='bbox 337 3115 429 3169; x_wconf 70' lang='grc'>72.</span> <span class='ocrx_word' id='word_1_187' title='bbox 461 3116 552 3168; x_wconf 80' lang='grc' dir='ltr'><strong>Σοὶ</strong></span> <span class='ocrx_word' id='word_1_188' title='bbox 579 3115 1058 3184; x_wconf 76' lang='grc' dir='ltr'><strong>ἐγκαταλέλειπται</strong></span> <span class='ocrx_word' id='word_1_189' title='bbox 1085 3117 1119 3194; x_wconf 21' lang='grc' dir='ltr'>,ὁ</span> <span class='ocrx_word' id='word_1_190' title='bbox 1150 3115 1383 3187; x_wconf 78' lang='grc' dir='ltr'>πτωχός.</span> 
     </span>
    </p>
   </div>
   <div class='ocr_carea' id='block_1_30' title="bbox 3387 445 3492 502">
    <p class='ocr_par' dir='ltr' id='par_1_30' title="bbox 3387 445 3492 502">
     <span class='ocr_line' id='line_1_30' title="bbox 3387 445 3492 502; baseline 0 -1"><span class='ocrx_word' id='word_1_191' title='bbox 3387 445 3492 502; x_wconf 66' lang='lat'><strong>682</strong></span> 
     </span>
    </p>
   </div>
   <div class='ocr_carea' id='block_1_31' title="bbox 2008 553 3247 625">
    <p class='ocr_par' dir='ltr' id='par_1_31' title="bbox 2008 553 3247 625">
     <span class='ocr_line' id='line_1_31' title="bbox 2008 553 3247 625; baseline 0.006 -19"><span class='ocrx_word' id='word_1_192' title='bbox 2008 559 2094 612; x_wconf 68' lang='lat'><strong>:32.</strong></span> <span class='ocrx_word' id='word_1_193' title='bbox 2138 554 2466 610; x_wconf 77' lang='lat' dir='ltr'><strong>Auferuutur</strong></span> <span class='ocrx_word' id='word_1_194' title='bbox 2503 554 2707 624; x_wconf 84' lang='lat' dir='ltr'><strong>judicia</strong></span> <span class='ocrx_word' id='word_1_195' title='bbox 2742 563 2831 608; x_wconf 90' lang='lat' dir='ltr'><strong>tua</strong></span> <span class='ocrx_word' id='word_1_196' title='bbox 2861 569 2891 608; x_wconf 91' lang='lat' dir='ltr'><strong>a</strong></span> <span class='ocrx_word' id='word_1_197' title='bbox 2926 553 3063 610; x_wconf 83' lang='lat' dir='ltr'><strong>facie</strong></span> <span class='ocrx_word' id='word_1_198' title='bbox 3086 555 3247 625; x_wconf 88' lang='lat' dir='ltr'><strong>ejus:</strong></span> 
     </span>
    </p>
   </div>
   <div class='ocr_carea' id='block_1_32' title="bbox 2009 729 3425 793">
    <p class='ocr_par' dir='ltr' id='par_1_32' title="bbox 2009 729 3425 793">
     <span class='ocr_line' id='line_1_32' title="bbox 2009 729 3425 793; baseline 0.008 -11"><span class='ocrx_word' id='word_1_199' title='bbox 2009 732 2095 785; x_wconf 69' lang='lat'><strong>55.</strong></span> <span class='ocrx_word' id='word_1_200' title='bbox 2137 729 2390 785; x_wconf 85' lang='lat' dir='ltr'><strong>Omnium</strong></span> <span class='ocrx_word' id='word_1_201' title='bbox 2417 732 2762 785; x_wconf 81' lang='lat' dir='ltr'><strong>inimicorum</strong></span> <span class='ocrx_word' id='word_1_202' title='bbox 2785 747 3008 788; x_wconf 89' lang='lat' dir='ltr'><strong>suorum</strong></span> <span class='ocrx_word' id='word_1_203' title='bbox 3036 735 3425 793; x_wconf 75' lang='lat' dir='ltr'><strong>dominabitur.</strong></span> 
     </span>
    </p>
   </div>
   <div class='ocr_carea' id='block_1_33' title="bbox 2009 822 3494 900">
    <p class='ocr_par' dir='ltr' id='par_1_33' title="bbox 2009 822 3494 900">
     <span class='ocr_line' id='line_1_33' title="bbox 2009 822 3494 900; baseline 0.005 -23"><span class='ocrx_word' id='word_1_204' title='bbox 2139 822 2283 878; x_wconf 80' lang='lat' dir='ltr'><strong>Dixit</strong></span> <span class='ocrx_word' id='word_1_205' title='bbox 2313 823 2455 877; x_wconf 87' lang='lat' dir='ltr'><strong>enim</strong></span> <span class='ocrx_word' id='word_1_206' title='bbox 2489 825 2543 876; x_wconf 91' lang='lat' dir='ltr'><strong>in</strong></span> <span class='ocrx_word' id='word_1_207' title='bbox 2573 822 2734 876; x_wconf 88' lang='lat' dir='ltr'><strong>corde</strong></span> <span class='ocrx_word' id='word_1_208' title='bbox 2756 839 2855 876; x_wconf 84' lang='lat' dir='ltr'><strong>suo</strong></span> <span class='ocrx_word' id='word_1_209' title='bbox 2883 841 2895 876; x_wconf 88' lang='lat'><strong>:</strong></span> <span class='ocrx_word' id='word_1_210' title='bbox 2928 822 3045 878; x_wconf 87' lang='lat' dir='ltr'><strong>Non</strong></span> <span class='ocrx_word' id='word_1_211' title='bbox 3078 829 3335 882; x_wconf 84' lang='lat' dir='ltr'><strong>movebor</strong></span> <span class='ocrx_word' id='word_1_212' title='bbox 3356 844 3385 883; x_wconf 72' lang='grc' dir='ltr'><strong>α</strong></span> <span class='ocrx_word' id='word_1_213' title='bbox 3409 845 3494 900; x_wconf 82' lang='lat' dir='ltr'><strong>ge-</strong></span> 
     </span>
    </p>
   </div>
   <div class='ocr_carea' id='block_1_34' title="bbox 1941 916 3075 987">
    <p class='ocr_par' dir='ltr' id='par_1_34' title="bbox 1941 916 3075 987">
     <span class='ocr_line' id='line_1_34' title="bbox 1941 916 3075 987; baseline 0.004 -17"><span class='ocrx_word' id='word_1_214' title='bbox 1941 917 2218 971; x_wconf 76' lang='lat' dir='ltr'><strong>neratione</strong></span> <span class='ocrx_word' id='word_1_215' title='bbox 2247 916 2298 970; x_wconf 91' lang='lat' dir='ltr'><strong>iu</strong></span> <span class='ocrx_word' id='word_1_216' title='bbox 2330 917 2731 987; x_wconf 84' lang='lat' dir='ltr'><strong>generationem</strong></span> <span class='ocrx_word' id='word_1_217' title='bbox 2768 919 2884 972; x_wconf 90' lang='lat' dir='ltr'><strong>sine</strong></span> <span class='ocrx_word' id='word_1_218' title='bbox 2914 920 3075 974; x_wconf 82' lang='lat' dir='ltr'><strong>malo.</strong></span> 
     </span>
    </p>
   </div>
   <div class='ocr_carea' id='block_1_35' title="bbox 2006 1006 3495 1080">
    <p class='ocr_par' dir='ltr' id='par_1_35' title="bbox 2006 1006 3495 1080">
     <span class='ocr_line' id='line_1_35' title="bbox 2006 1006 3495 1080; baseline 0.003 -18"><span class='ocrx_word' id='word_1_219' title='bbox 2006 1009 2093 1062; x_wconf 77' lang='lat'><strong>53.</strong></span> <span class='ocrx_word' id='word_1_220' title='bbox 2137 1006 2306 1078; x_wconf 83' lang='lat' dir='ltr'><strong>Cujus</strong></span> <span class='ocrx_word' id='word_1_221' title='bbox 2335 1007 2707 1064; x_wconf 79' lang='lat' dir='ltr'><strong>maledictiouc</strong></span> <span class='ocrx_word' id='word_1_222' title='bbox 2733 1025 2794 1063; x_wconf 91' lang='lat' dir='ltr'><strong>os</strong></span> <span class='ocrx_word' id='word_1_223' title='bbox 2825 1010 3040 1080; x_wconf 86' lang='lat' dir='ltr'><strong>plenum</strong></span> <span class='ocrx_word' id='word_1_224' title='bbox 3073 1021 3176 1076; x_wconf 91' lang='lat' dir='ltr'><strong>est,</strong></span> <span class='ocrx_word' id='word_1_225' title='bbox 3211 1022 3264 1067; x_wconf 90' lang='lat' dir='ltr'><strong>et</strong></span> <span class='ocrx_word' id='word_1_226' title='bbox 3293 1013 3495 1067; x_wconf 81' lang='lat' dir='ltr'><strong>amari-</strong></span> 
     </span>
    </p>
   </div>
   <div class='ocr_carea' id='block_1_36' title="bbox 1940 1099 2403 1166">
    <p class='ocr_par' dir='ltr' id='par_1_36' title="bbox 1940 1099 2403 1166">
     <span class='ocr_line' id='line_1_36' title="bbox 1940 1099 2403 1166; baseline 0 -12"><span class='ocrx_word' id='word_1_227' title='bbox 1940 1101 2143 1165; x_wconf 88' lang='lat' dir='ltr'><strong>tudine,</strong></span> <span class='ocrx_word' id='word_1_228' title='bbox 2175 1108 2228 1153; x_wconf 74' lang='lat' dir='ltr'><strong>rt</strong></span> <span class='ocrx_word' id='word_1_229' title='bbox 2256 1099 2403 1166; x_wconf 85' lang='lat' dir='ltr'><strong>dolo,</strong></span> 
     </span>
    </p>
   </div>
   <div class='ocr_carea' id='block_1_37' title="bbox 2007 1192 3100 1262">
    <p class='ocr_par' dir='ltr' id='par_1_37' title="bbox 2007 1192 3100 1262">
     <span class='ocr_line' id='line_1_37' title="bbox 2007 1192 3100 1262; baseline 0.004 -16"><span class='ocrx_word' id='word_1_230' title='bbox 2007 1192 2094 1246; x_wconf 77' lang='grc'><strong>56.</strong></span> <span class='ocrx_word' id='word_1_231' title='bbox 2139 1192 2251 1246; x_wconf 85' lang='lat' dir='ltr'><strong>Sub</strong></span> <span class='ocrx_word' id='word_1_232' title='bbox 2279 1192 2459 1262; x_wconf 78' lang='lat' dir='ltr'><strong>lingua</strong></span> <span class='ocrx_word' id='word_1_233' title='bbox 2491 1192 2630 1262; x_wconf 80' lang='lat' dir='ltr'><strong>ejus,</strong></span> <span class='ocrx_word' id='word_1_234' title='bbox 2663 1192 2816 1248; x_wconf 88' lang='lat' dir='ltr'><strong>labor</strong></span> <span class='ocrx_word' id='word_1_235' title='bbox 2847 1202 2902 1249; x_wconf 92' lang='lat' dir='ltr'><strong>et</strong></span> <span class='ocrx_word' id='word_1_236' title='bbox 2925 1194 3100 1250; x_wconf 86' lang='lat' dir='ltr'><strong>dolor.</strong></span> 
     </span>
    </p>
   </div>
   <div class='ocr_carea' id='block_1_38' title="bbox 2007 1283 3088 1353">
    <p class='ocr_par' dir='ltr' id='par_1_38' title="bbox 2007 1283 3088 1353">
     <span class='ocr_line' id='line_1_38' title="bbox 2007 1283 3088 1353; baseline 0.003 -15"><span class='ocrx_word' id='word_1_237' title='bbox 2007 1284 2094 1338; x_wconf 76' lang='lat'><strong>57.</strong></span> <span class='ocrx_word' id='word_1_238' title='bbox 2139 1283 2299 1338; x_wconf 88' lang='lat' dir='ltr'><strong>Sedet</strong></span> <span class='ocrx_word' id='word_1_239' title='bbox 2330 1284 2384 1337; x_wconf 90' lang='lat' dir='ltr'><strong>in</strong></span> <span class='ocrx_word' id='word_1_240' title='bbox 2415 1283 2628 1339; x_wconf 84' lang='lat' dir='ltr'><strong>insidiis</strong></span> <span class='ocrx_word' id='word_1_241' title='bbox 2657 1299 2781 1339; x_wconf 89' lang='lat' dir='ltr'><strong>cum</strong></span> <span class='ocrx_word' id='word_1_242' title='bbox 2810 1285 3088 1353; x_wconf 76' lang='lat' dir='ltr'><strong>divitibus,</strong></span> 
     </span>
    </p>
   </div>
   <div class='ocr_carea' id='block_1_39' title="bbox 2008 1375 3280 1439">
    <p class='ocr_par' dir='ltr' id='par_1_39' title="bbox 2008 1375 3280 1439">
     <span class='ocr_line' id='line_1_39' title="bbox 2008 1375 3280 1439; baseline 0.003 -11"><span class='ocrx_word' id='word_1_243' title='bbox 2008 1376 2095 1428; x_wconf 59' lang='grc' dir='ltr'><strong>δε.</strong></span> <span class='ocrx_word' id='word_1_244' title='bbox 2139 1377 2198 1429; x_wconf 91' lang='lat' dir='ltr'><strong>lu</strong></span> <span class='ocrx_word' id='word_1_245' title='bbox 2234 1375 2482 1439; x_wconf 86' lang='lat' dir='ltr'><strong>occultis,</strong></span> <span class='ocrx_word' id='word_1_246' title='bbox 2513 1383 2570 1428; x_wconf 93' lang='lat' dir='ltr'><strong>ut</strong></span> <span class='ocrx_word' id='word_1_247' title='bbox 2595 1376 2890 1430; x_wconf 88' lang='lat' dir='ltr'><strong>interliciat</strong></span> <span class='ocrx_word' id='word_1_248' title='bbox 2919 1378 3280 1434; x_wconf 90' lang='lat' dir='ltr'><strong>innocentem.</strong></span> 
     </span>
    </p>
   </div>
   <div class='ocr_carea' id='block_1_40' title="bbox 2007 1462 3201 1536">
    <p class='ocr_par' dir='ltr' id='par_1_40' title="bbox 2007 1462 3201 1536">
     <span class='ocr_line' id='line_1_40' title="bbox 2007 1462 3201 1536; baseline 0.003 -18"><span class='ocrx_word' id='word_1_249' title='bbox 2007 1465 2094 1519; x_wconf 72' lang='grc'><strong>59.</strong></span> <span class='ocrx_word' id='word_1_250' title='bbox 2136 1462 2290 1518; x_wconf 85' lang='lat' dir='ltr'><strong>Oculi</strong></span> <span class='ocrx_word' id='word_1_251' title='bbox 2315 1465 2434 1534; x_wconf 80' lang='lat' dir='ltr'><strong>ejus</strong></span> <span class='ocrx_word' id='word_1_252' title='bbox 2461 1463 2513 1517; x_wconf 90' lang='lat' dir='ltr'><strong>iu</strong></span> <span class='ocrx_word' id='word_1_253' title='bbox 2547 1479 2837 1533; x_wconf 84' lang='lat' dir='ltr'><strong>pauperem</strong></span> <span class='ocrx_word' id='word_1_254' title='bbox 2869 1467 3201 1536; x_wconf 88' lang='lat' dir='ltr'><strong>respiciunt:</strong></span> 
     </span>
    </p>
   </div>
   <div class='ocr_carea' id='block_1_41' title="bbox 2008 1555 3498 1631">
    <p class='ocr_par' dir='ltr' id='par_1_41' title="bbox 2008 1555 3498 1631">
     <span class='ocr_line' id='line_1_41' title="bbox 2008 1555 3498 1631; baseline 0.004 -20"><span class='ocrx_word' id='word_1_255' title='bbox 2008 1556 2096 1615; x_wconf 86' lang='lat'><strong>60.</strong></span> <span class='ocrx_word' id='word_1_256' title='bbox 2139 1555 2423 1611; x_wconf 72' lang='lat' dir='ltr'><strong>Insidiatur</strong></span> <span class='ocrx_word' id='word_1_257' title='bbox 2450 1557 2502 1610; x_wconf 89' lang='lat' dir='ltr'><strong>in</strong></span> <span class='ocrx_word' id='word_1_258' title='bbox 2535 1556 2870 1623; x_wconf 87' lang='lat' dir='ltr'><strong>abscondito,</strong></span> <span class='ocrx_word' id='word_1_259' title='bbox 2900 1560 3056 1628; x_wconf 89' lang='lat' dir='ltr'><strong>quasi</strong></span> <span class='ocrx_word' id='word_1_260' title='bbox 3083 1561 3165 1615; x_wconf 92' lang='lat' dir='ltr'><strong>leo</strong></span> <span class='ocrx_word' id='word_1_261' title='bbox 3195 1563 3249 1615; x_wconf 91' lang='lat' dir='ltr'><strong>in</strong></span> <span class='ocrx_word' id='word_1_262' title='bbox 3277 1560 3498 1631; x_wconf 86' lang='lat' dir='ltr'><strong>spelun-</strong></span> 
     </span>
    </p>
   </div>
   <div class='ocr_carea' id='block_1_42' title="bbox 1937 1666 2146 1706">
    <p class='ocr_par' dir='ltr' id='par_1_42' title="bbox 1937 1666 2146 1706">
     <span class='ocr_line' id='line_1_42' title="bbox 1937 1666 2146 1706; baseline -0.01 -1"><span class='ocrx_word' id='word_1_263' title='bbox 1937 1667 1997 1705; x_wconf 91' lang='lat' dir='ltr'><strong>ea</strong></span> <span class='ocrx_word' id='word_1_264' title='bbox 2029 1666 2146 1706; x_wconf 91' lang='lat' dir='ltr'><strong>sua.</strong></span> 
     </span>
    </p>
   </div>
   <div class='ocr_carea' id='block_1_43' title="bbox 2010 1741 3086 1812">
    <p class='ocr_par' dir='ltr' id='par_1_43' title="bbox 2010 1741 3086 1812">
     <span class='ocr_line' id='line_1_43' title="bbox 2010 1741 3086 1812; baseline -0.002 -15"><span class='ocrx_word' id='word_1_265' title='bbox 2010 1743 2099 1798; x_wconf 81' lang='lat'><strong>61.</strong></span> <span class='ocrx_word' id='word_1_266' title='bbox 2141 1741 2436 1798; x_wconf 85' lang='lat' dir='ltr'><strong>lnsidiatur</strong></span> <span class='ocrx_word' id='word_1_267' title='bbox 2476 1753 2534 1798; x_wconf 91' lang='lat' dir='ltr'><strong>ut</strong></span> <span class='ocrx_word' id='word_1_268' title='bbox 2565 1742 2740 1812; x_wconf 82' lang='lat' dir='ltr'><strong>rapiat</strong></span> <span class='ocrx_word' id='word_1_269' title='bbox 2772 1758 3086 1812; x_wconf 83' lang='lat' dir='ltr'><strong>pauperem,</strong></span> 
     </span>
    </p>
   </div>
   <div class='ocr_carea' id='block_1_44' title="bbox 2006 1832 3250 1906">
    <p class='ocr_par' dir='ltr' id='par_1_44' title="bbox 2006 1832 3250 1906">
     <span class='ocr_line' id='line_1_44' title="bbox 2006 1832 3250 1906; baseline -0.002 -16"><span class='ocrx_word' id='word_1_270' title='bbox 2006 1835 2095 1890; x_wconf 73' lang='grc'><strong>62.</strong></span> <span class='ocrx_word' id='word_1_271' title='bbox 2139 1834 2346 1906; x_wconf 82' lang='lat' dir='ltr'><strong>Rapere</strong></span> <span class='ocrx_word' id='word_1_272' title='bbox 2379 1850 2668 1906; x_wconf 89' lang='lat' dir='ltr'><strong>pauperem</strong></span> <span class='ocrx_word' id='word_1_273' title='bbox 2696 1832 2825 1888; x_wconf 90' lang='lat' dir='ltr'><strong>dum</strong></span> <span class='ocrx_word' id='word_1_274' title='bbox 2855 1835 3081 1888; x_wconf 85' lang='lat' dir='ltr'><strong>attrahit</strong></span> <span class='ocrx_word' id='word_1_275' title='bbox 3104 1849 3250 1889; x_wconf 90' lang='lat' dir='ltr'><strong>cum.</strong></span> 
     </span>
    </p>
   </div>
   <div class='ocr_carea' id='block_1_45' title="bbox 1863 1924 3079 1996">
    <p class='ocr_par' dir='ltr' id='par_1_45' title="bbox 1863 1924 3079 1996">
     <span class='ocr_line' id='line_1_45' title="bbox 1863 1924 3079 1996; baseline 0.001 -17"><span class='ocrx_word' id='word_1_276' title='bbox 1863 1930 1905 1985; x_wconf 85' lang='grc' dir='ltr'><strong><em>Β</em></strong></span> <span class='ocrx_word' id='word_1_277' title='bbox 2003 1925 2090 1979; x_wconf 79' lang='grc'><strong>65.</strong></span> <span class='ocrx_word' id='word_1_278' title='bbox 2134 1924 2189 1978; x_wconf 84' lang='lat' dir='ltr'><strong>lu</strong></span> <span class='ocrx_word' id='word_1_279' title='bbox 2223 1927 2416 1996; x_wconf 90' lang='lat' dir='ltr'><strong>laqueo</strong></span> <span class='ocrx_word' id='word_1_280' title='bbox 2449 1941 2550 1980; x_wconf 89' lang='lat' dir='ltr'><strong>suo</strong></span> <span class='ocrx_word' id='word_1_281' title='bbox 2580 1925 2889 1980; x_wconf 86' lang='lat' dir='ltr'><strong>humiliabit</strong></span> <span class='ocrx_word' id='word_1_282' title='bbox 2915 1942 3034 1981; x_wconf 81' lang='lat' dir='ltr'><strong>eum</strong></span> <span class='ocrx_word' id='word_1_283' title='bbox 3066 1945 3079 1980; x_wconf 89' lang='lat'><strong>:</strong></span> 
     </span>
    </p>
   </div>
   <div class='ocr_carea' id='block_1_46' title="bbox 2005 2012 3500 2081">
    <p class='ocr_par' dir='ltr' id='par_1_46' title="bbox 2005 2012 3500 2081">
     <span class='ocr_line' id='line_1_46' title="bbox 2005 2012 3500 2081; baseline 0.002 -15"><span class='ocrx_word' id='word_1_284' title='bbox 2005 2012 2093 2068; x_wconf 69' lang='grc'>64.</span> <span class='ocrx_word' id='word_1_285' title='bbox 2137 2014 2416 2069; x_wconf 89' lang='lat' dir='ltr'><strong>lnclinabit</strong></span> <span class='ocrx_word' id='word_1_286' title='bbox 2447 2029 2506 2069; x_wconf 90' lang='lat' dir='ltr'><strong>se</strong></span> <span class='ocrx_word' id='word_1_287' title='bbox 2528 2023 2582 2069; x_wconf 90' lang='lat' dir='ltr'><strong>et</strong></span> <span class='ocrx_word' id='word_1_288' title='bbox 2611 2015 2787 2081; x_wconf 86' lang='lat' dir='ltr'><strong>cadet,</strong></span> <span class='ocrx_word' id='word_1_289' title='bbox 2823 2029 2948 2068; x_wconf 90' lang='lat' dir='ltr'><strong>cum</strong></span> <span class='ocrx_word' id='word_1_290' title='bbox 2997 2016 3310 2073; x_wconf 82' lang='lat' dir='ltr'><strong>dominatus</strong></span> <span class='ocrx_word' id='word_1_291' title='bbox 3339 2015 3500 2072; x_wconf 80' lang='lat' dir='ltr'><strong>fuerit</strong></span> 
     </span>
    </p>
   </div>
   <div class='ocr_carea' id='block_1_47' title="bbox 1935 2118 2254 2172">
    <p class='ocr_par' dir='ltr' id='par_1_47' title="bbox 1935 2118 2254 2172">
     <span class='ocr_line' id='line_1_47' title="bbox 1935 2118 2254 2172; baseline 0 -15"><span class='ocrx_word' id='word_1_292' title='bbox 1935 2118 2254 2172; x_wconf 86' lang='lat' dir='ltr'><strong>pauperum.</strong></span> 
     </span>
    </p>
   </div>
   <div class='ocr_carea' id='block_1_48' title="bbox 2005 2197 3462 2255">
    <p class='ocr_par' dir='ltr' id='par_1_48' title="bbox 2005 2197 3462 2255">
     <span class='ocr_line' id='line_1_48' title="bbox 2005 2197 3462 2255; baseline 0.003 -5"><span class='ocrx_word' id='word_1_293' title='bbox 2005 2197 2090 2250; x_wconf 73' lang='lat'><strong>63.</strong></span> <span class='ocrx_word' id='word_1_294' title='bbox 2134 2197 2280 2251; x_wconf 79' lang='lat' dir='ltr'><strong>Dixit</strong></span> <span class='ocrx_word' id='word_1_295' title='bbox 2308 2197 2450 2251; x_wconf 89' lang='lat' dir='ltr'><strong>enim</strong></span> <span class='ocrx_word' id='word_1_296' title='bbox 2489 2201 2541 2251; x_wconf 93' lang='lat' dir='ltr'><strong>in</strong></span> <span class='ocrx_word' id='word_1_297' title='bbox 2575 2199 2735 2251; x_wconf 88' lang='lat' dir='ltr'><strong>corde</strong></span> <span class='ocrx_word' id='word_1_298' title='bbox 2763 2213 2862 2253; x_wconf 83' lang='lat' dir='ltr'><strong>suo</strong></span> <span class='ocrx_word' id='word_1_299' title='bbox 2897 2217 2909 2252; x_wconf 89' lang='lat'><strong>:</strong></span> <span class='ocrx_word' id='word_1_300' title='bbox 2947 2199 3156 2253; x_wconf 79' lang='lat' dir='ltr'><strong>Oblitus</strong></span> <span class='ocrx_word' id='word_1_301' title='bbox 3177 2209 3256 2253; x_wconf 81' lang='lat' dir='ltr'><strong>est</strong></span> <span class='ocrx_word' id='word_1_302' title='bbox 3283 2199 3422 2255; x_wconf 88' lang='lat' dir='ltr'><strong>Deus</strong></span> <span class='ocrx_word' id='word_1_303' title='bbox 3450 2247 3462 2254; x_wconf 94' lang='lat'><strong>.</strong></span> 
     </span>
    </p>
   </div>
   <div class='ocr_carea' id='block_1_49' title="bbox 2009 2288 3356 2345">
    <p class='ocr_par' dir='ltr' id='par_1_49' title="bbox 2009 2288 3356 2345">
     <span class='ocr_line' id='line_1_49' title="bbox 2009 2288 3356 2345; baseline 0.001 -3"><span class='ocrx_word' id='word_1_304' title='bbox 2009 2289 2097 2344; x_wconf 90' lang='lat'><strong>66.</strong></span> <span class='ocrx_word' id='word_1_305' title='bbox 2141 2289 2348 2344; x_wconf 62' lang='lat' dir='ltr'><strong>Averiit</strong></span> <span class='ocrx_word' id='word_1_306' title='bbox 2374 2288 2563 2344; x_wconf 81' lang='lat' dir='ltr'><strong>faciem</strong></span> <span class='ocrx_word' id='word_1_307' title='bbox 2598 2306 2845 2345; x_wconf 88' lang='lat' dir='ltr'><strong>suamne</strong></span> <span class='ocrx_word' id='word_1_308' title='bbox 2881 2290 3057 2345; x_wconf 87' lang='lat' dir='ltr'><strong>videat</strong></span> <span class='ocrx_word' id='word_1_309' title='bbox 3091 2291 3145 2344; x_wconf 90' lang='lat' dir='ltr'><strong>iu</strong></span> <span class='ocrx_word' id='word_1_310' title='bbox 3175 2294 3356 2345; x_wconf 86' lang='lat' dir='ltr'><strong>linem.</strong></span> 
     </span>
    </p>
   </div>
   <div class='ocr_carea' id='block_1_50' title="bbox 2007 2466 3502 2539">
    <p class='ocr_par' dir='ltr' id='par_1_50' title="bbox 2007 2466 3502 2539">
     <span class='ocr_line' id='line_1_50' title="bbox 2007 2466 3502 2539; baseline 0 -19"><span class='ocrx_word' id='word_1_311' title='bbox 2007 2467 2094 2522; x_wconf 87' lang='grc'>67.</span> <span class='ocrx_word' id='word_1_312' title='bbox 2137 2466 2399 2539; x_wconf 77' lang='lat' dir='ltr'><strong>Exsurge,</strong></span> <span class='ocrx_word' id='word_1_313' title='bbox 2439 2467 2666 2522; x_wconf 86' lang='lat' dir='ltr'><strong>Domine</strong></span> <span class='ocrx_word' id='word_1_314' title='bbox 2711 2466 2852 2521; x_wconf 81' lang='lat' dir='ltr'><strong>Drtts</strong></span> <span class='ocrx_word' id='word_1_315' title='bbox 2884 2483 3057 2533; x_wconf 89' lang='lat' dir='ltr'><strong>meus,</strong></span> <span class='ocrx_word' id='word_1_316' title='bbox 3093 2469 3361 2522; x_wconf 80' lang='lat' dir='ltr'><strong>exaltctur</strong></span> <span class='ocrx_word' id='word_1_317' title='bbox 3389 2482 3502 2520; x_wconf 87' lang='lat' dir='ltr'><strong>ma-</strong></span> 
     </span>
    </p>
   </div>
   <div class='ocr_carea' id='block_1_51' title="bbox 1939 2559 3259 2628">
    <p class='ocr_par' dir='ltr' id='par_1_51' title="bbox 1939 2559 3259 2628">
     <span class='ocr_line' id='line_1_51' title="bbox 1939 2559 3259 2628; baseline -0.001 -16"><span class='ocrx_word' id='word_1_318' title='bbox 1939 2574 2042 2612; x_wconf 88' lang='lat' dir='ltr'><strong>nus</strong></span> <span class='ocrx_word' id='word_1_319' title='bbox 2077 2568 2190 2619; x_wconf 86' lang='lat' dir='ltr'><strong>tua,</strong></span> <span class='ocrx_word' id='word_1_320' title='bbox 2222 2574 2287 2612; x_wconf 88' lang='lat' dir='ltr'><strong>ne</strong></span> <span class='ocrx_word' id='word_1_321' title='bbox 2316 2559 2656 2614; x_wconf 84' lang='lat' dir='ltr'><strong>obliviscaris</strong></span> <span class='ocrx_word' id='word_1_322' title='bbox 2690 2573 2987 2628; x_wconf 88' lang='lat' dir='ltr'><strong>pauperum</strong></span> <span class='ocrx_word' id='word_1_323' title='bbox 3022 2568 3259 2613; x_wconf 88' lang='lat' dir='ltr'><strong>tuorum.</strong></span> 
     </span>
    </p>
   </div>
   <div class='ocr_carea' id='block_1_52' title="bbox 2008 2649 3362 2720">
    <p class='ocr_par' dir='ltr' id='par_1_52' title="bbox 2008 2649 3362 2720">
     <span class='ocr_line' id='line_1_52' title="bbox 2008 2649 3362 2720; baseline -0.002 -15"><span class='ocrx_word' id='word_1_324' title='bbox 2008 2650 2096 2705; x_wconf 90' lang='lat'><strong>68.</strong></span> <span class='ocrx_word' id='word_1_325' title='bbox 2141 2649 2366 2720; x_wconf 87' lang='lat' dir='ltr'><strong>Pr0pter</strong></span> <span class='ocrx_word' id='word_1_326' title='bbox 2392 2650 2524 2720; x_wconf 90' lang='lat' dir='ltr'><strong>quid</strong></span> <span class='ocrx_word' id='word_1_327' title='bbox 2553 2653 2895 2720; x_wconf 79' lang='lat' dir='ltr'><strong>exasperavit</strong></span> <span class='ocrx_word' id='word_1_328' title='bbox 2928 2653 3129 2720; x_wconf 88' lang='lat' dir='ltr'><strong>impius</strong></span> <span class='ocrx_word' id='word_1_329' title='bbox 3157 2649 3362 2704; x_wconf 82' lang='lat' dir='ltr'><strong>Deum?</strong></span> 
     </span>
    </p>
   </div>
   <div class='ocr_carea' id='block_1_53' title="bbox 2011 2740 3325 2813">
    <p class='ocr_par' dir='ltr' id='par_1_53' title="bbox 2011 2740 3325 2813">
     <span class='ocr_line' id='line_1_53' title="bbox 2011 2740 3325 2813; baseline -0.001 -16"><span class='ocrx_word' id='word_1_330' title='bbox 2011 2741 2100 2797; x_wconf 86' lang='lat'><strong>69.</strong></span> <span class='ocrx_word' id='word_1_331' title='bbox 2133 2740 2278 2796; x_wconf 78' lang='lat' dir='ltr'><strong>Dixit</strong></span> <span class='ocrx_word' id='word_1_332' title='bbox 2309 2741 2452 2796; x_wconf 89' lang='lat' dir='ltr'><strong>enim</strong></span> <span class='ocrx_word' id='word_1_333' title='bbox 2486 2741 2540 2796; x_wconf 91' lang='lat' dir='ltr'><strong>in</strong></span> <span class='ocrx_word' id='word_1_334' title='bbox 2576 2743 2736 2798; x_wconf 87' lang='lat' dir='ltr'><strong>corde</strong></span> <span class='ocrx_word' id='word_1_335' title='bbox 2762 2757 2889 2796; x_wconf 90' lang='lat' dir='ltr'><strong>suo:</strong></span> <span class='ocrx_word' id='word_1_336' title='bbox 2921 2741 3035 2796; x_wconf 81' lang='lat' dir='ltr'><strong>Nou</strong></span> <span class='ocrx_word' id='word_1_337' title='bbox 3069 2743 3325 2813; x_wconf 79' lang='lat' dir='ltr'><strong>requiret.</strong></span> 
     </span>
    </p>
   </div>
   <div class='ocr_carea' id='block_1_54' title="bbox 2015 2828 3502 2902">
    <p class='ocr_par' dir='ltr' id='par_1_54' title="bbox 2015 2828 3502 2902">
     <span class='ocr_line' id='line_1_54' title="bbox 2015 2828 3502 2902; baseline 0.002 -20"><span class='ocrx_word' id='word_1_338' title='bbox 2015 2830 2101 2885; x_wconf 83' lang='lat'><strong>70.</strong></span> <span class='ocrx_word' id='word_1_339' title='bbox 2128 2828 2311 2896; x_wconf 84' lang='lat' dir='ltr'><strong>Vides,</strong></span> <span class='ocrx_word' id='word_1_340' title='bbox 2351 2831 2604 2902; x_wconf 88' lang='lat' dir='ltr'><strong>quoniam</strong></span> <span class='ocrx_word' id='word_1_341' title='bbox 2646 2839 2702 2886; x_wconf 89' lang='lat' dir='ltr'><strong>tu</strong></span> <span class='ocrx_word' id='word_1_342' title='bbox 2735 2831 2971 2887; x_wconf 89' lang='lat' dir='ltr'><strong>laborem</strong></span> <span class='ocrx_word' id='word_1_343' title='bbox 3005 2840 3058 2886; x_wconf 89' lang='lat' dir='ltr'><strong>et</strong></span> <span class='ocrx_word' id='word_1_344' title='bbox 3098 2832 3337 2887; x_wconf 86' lang='lat' dir='ltr'><strong>dolorem</strong></span> <span class='ocrx_word' id='word_1_345' title='bbox 3373 2845 3502 2886; x_wconf 79' lang='lat' dir='ltr'><strong>con~</strong></span> 
     </span>
    </p>
   </div>
   <div class='ocr_carea' id='block_1_55' title="bbox 1942 2922 2171 2989">
    <p class='ocr_par' dir='ltr' id='par_1_55' title="bbox 1942 2922 2171 2989">
     <span class='ocr_line' id='line_1_55' title="bbox 1942 2922 2171 2989; baseline 0 -11"><span class='ocrx_word' id='word_1_346' title='bbox 1942 2922 2171 2989; x_wconf 80' lang='lat' dir='ltr'><strong>sideras,</strong></span> 
     </span>
    </p>
   </div>
   <div class='ocr_carea' id='block_1_56' title="bbox 2015 3014 3046 3072">
    <p class='ocr_par' dir='ltr' id='par_1_56' title="bbox 2015 3014 3046 3072">
     <span class='ocr_line' id='line_1_56' title="bbox 2015 3014 3046 3072; baseline 0.002 -5"><span class='ocrx_word' id='word_1_347' title='bbox 2015 3016 2102 3070; x_wconf 75' lang='lat' dir='ltr'><strong>7i.</strong></span> <span class='ocrx_word' id='word_1_348' title='bbox 2137 3016 2210 3072; x_wconf 92' lang='lat' dir='ltr'><strong>Ut</strong></span> <span class='ocrx_word' id='word_1_349' title='bbox 2237 3014 2417 3069; x_wconf 85' lang='lat' dir='ltr'><strong>tradas</strong></span> <span class='ocrx_word' id='word_1_350' title='bbox 2447 3029 2571 3068; x_wconf 89' lang='lat' dir='ltr'><strong>eum</strong></span> <span class='ocrx_word' id='word_1_351' title='bbox 2599 3014 2653 3067; x_wconf 88' lang='lat' dir='ltr'><strong>in</strong></span> <span class='ocrx_word' id='word_1_352' title='bbox 2682 3030 2877 3070; x_wconf 88' lang='lat' dir='ltr'><strong>manus</strong></span> <span class='ocrx_word' id='word_1_353' title='bbox 2905 3022 3046 3069; x_wconf 89' lang='lat' dir='ltr'><strong>tuas.</strong></span> 
     </span>
    </p>
   </div>
   <div class='ocr_carea' id='block_1_57' title="bbox 2017 3104 2967 3175">
    <p class='ocr_par' dir='ltr' id='par_1_57' title="bbox 2017 3104 2967 3175">
     <span class='ocr_line' id='line_1_57' title="bbox 2017 3104 2967 3175; baseline -0.003 -15"><span class='ocrx_word' id='word_1_354' title='bbox 2017 3106 2105 3164; x_wconf 76' lang='lat'><strong>72.</strong></span> <span class='ocrx_word' id='word_1_355' title='bbox 2142 3105 2261 3161; x_wconf 89' lang='lat' dir='ltr'><strong>Tibi</strong></span> <span class='ocrx_word' id='word_1_356' title='bbox 2287 3104 2576 3161; x_wconf 87' lang='lat' dir='ltr'><strong>derelictus</strong></span> <span class='ocrx_word' id='word_1_357' title='bbox 2604 3111 2688 3160; x_wconf 85' lang='lat' dir='ltr'><strong>est</strong></span> <span class='ocrx_word' id='word_1_358' title='bbox 2721 3120 2922 3175; x_wconf 89' lang='lat' dir='ltr'><strong>pauper</strong></span> <span class='ocrx_word' id='word_1_359' title='bbox 2953 3123 2967 3158; x_wconf 88' lang='lat'><strong>:</strong></span> 
     </span>
    </p>
   </div>
   <div class='ocr_carea' id='block_1_58' title="bbox 1384 3283 2386 3346">
    <p class='ocr_par' dir='ltr' id='par_1_58' title="bbox 1384 3283 2386 3346">
     <span class='ocr_line' id='line_1_58' title="bbox 1384 3283 2386 3346; baseline -0.006 -1"><span class='ocrx_word' id='word_1_360' title='bbox 1384 3288 1765 3346; x_wconf 75' lang='lat' dir='ltr'><strong>ATIIANASII</strong></span> <span class='ocrx_word' id='word_1_361' title='bbox 1804 3283 2386 3344; x_wconf 77' lang='lat' dir='ltr'><strong>INTERPRETATIO.</strong></span> 
     </span>
    </p>
   </div>
   <div class='ocr_carea' id='block_1_59' title="bbox 336 3462 1908 3542">
    <p class='ocr_par' dir='ltr' id='par_1_59' title="bbox 336 3462 1908 3542">
     <span class='ocr_line' id='line_1_59' title="bbox 336 3462 1908 3542; baseline -0.004 -17"><span class='ocrx_word' id='word_1_362' title='bbox 336 3470 425 3526; x_wconf 67' lang='lat'><strong>5‘2.</strong></span> <span class='ocrx_word' id='word_1_363' title='bbox 465 3467 807 3542; x_wconf 78' lang='grc' dir='ltr'>Κεχὼρισται</span> <span class='ocrx_word' id='word_1_364' title='bbox 828 3468 896 3523; x_wconf 77' lang='grc' dir='ltr'>τὰ</span> <span class='ocrx_word' id='word_1_365' title='bbox 911 3467 1253 3539; x_wconf 81' lang='grc' dir='ltr'>δικαιώματά</span> <span class='ocrx_word' id='word_1_366' title='bbox 1271 3483 1363 3520; x_wconf 90' lang='grc' dir='ltr'><strong>σου</strong></span> <span class='ocrx_word' id='word_1_367' title='bbox 1382 3467 1487 3520; x_wconf 81' lang='grc' dir='ltr'><strong>ὑπὸ</strong></span> <span class='ocrx_word' id='word_1_368' title='bbox 1504 3464 1596 3519; x_wconf 83' lang='grc' dir='ltr'><strong>τοῦ</strong></span> <span class='ocrx_word' id='word_1_369' title='bbox 1619 3462 1835 3536; x_wconf 78' lang='grc' dir='ltr'>ὲχοροῦ.</span> <span class='ocrx_word' id='word_1_370' title='bbox 1864 3469 1908 3527; x_wconf 86' lang='lat' dir='ltr'><strong><em>C</em></strong></span> 
     </span>
    </p>
   </div>
   <div class='ocr_carea' id='block_1_60' title="bbox 334 3558 1625 3631">
    <p class='ocr_par' dir='ltr' id='par_1_60' title="bbox 334 3558 1625 3631">
     <span class='ocr_line' id='line_1_60' title="bbox 334 3558 1625 3631; baseline -0.003 -15"><span class='ocrx_word' id='word_1_371' title='bbox 334 3563 425 3620; x_wconf 73' lang='lat'><strong>55.</strong></span> <span class='ocrx_word' id='word_1_372' title='bbox 467 3562 688 3616; x_wconf 80' lang='grc' dir='ltr'>Πάντων</span> <span class='ocrx_word' id='word_1_373' title='bbox 711 3561 819 3614; x_wconf 86' lang='grc' dir='ltr'><strong>τῶν</strong></span> <span class='ocrx_word' id='word_1_374' title='bbox 851 3559 1154 3631; x_wconf 73' lang='grc' dir='ltr'>ἀνθρώπων</span> <span class='ocrx_word' id='word_1_375' title='bbox 1186 3558 1625 3630; x_wconf 79' lang='grc' dir='ltr'>κατακυριεύσει.</span> 
     </span>
    </p>
   </div>
   <div class='ocr_carea' id='block_1_61' title="bbox 335 3651 1836 3727">
    <p class='ocr_par' dir='ltr' id='par_1_61' title="bbox 335 3651 1836 3727">
     <span class='ocr_line' id='line_1_61' title="bbox 335 3651 1836 3727; baseline -0.014 -3"><span class='ocrx_word' id='word_1_376' title='bbox 335 3655 427 3710; x_wconf 65' lang='grc'><strong>54·</strong></span> <span class='ocrx_word' id='word_1_377' title='bbox 467 3651 600 3707; x_wconf 69' lang='grc' dir='ltr'><strong>Εἷπε</strong></span> <span class='ocrx_word' id='word_1_378' title='bbox 649 3654 755 3727; x_wconf 68' lang='grc' dir='ltr'>γὰρ</span> <span class='ocrx_word' id='word_1_379' title='bbox 805 3657 860 3707; x_wconf 84' lang='grc' dir='ltr'>ὲν</span> <span class='ocrx_word' id='word_1_380' title='bbox 908 3656 974 3725; x_wconf 80' lang='grc' dir='ltr'>τῇ</span> <span class='ocrx_word' id='word_1_381' title='bbox 1028 3653 1224 3726; x_wconf 62' lang='grc' dir='ltr'>καρδίᾳ.</span> <span class='ocrx_word' id='word_1_382' title='bbox 1271 3652 1435 3706; x_wconf 74' lang='grc' dir='ltr'>αὐτοῦ</span> <span class='ocrx_word' id='word_1_383' title='bbox 1479 3655 1507 3706; x_wconf 98' lang='lat'><strong>6</strong></span> <span class='ocrx_word' id='word_1_384' title='bbox 1557 3651 1836 3716; x_wconf 77' lang='grc' dir='ltr'>διάϐολος·</span> 
     </span>
    </p>
   </div>
   <div class='ocr_carea' id='block_1_62' title="bbox 262 3743 1838 3814">
    <p class='ocr_par' dir='ltr' id='par_1_62' title="bbox 262 3743 1838 3814">
     <span class='ocr_line' id='line_1_62' title="bbox 262 3743 1838 3814; baseline -0.006 -10"><span class='ocrx_word' id='word_1_385' title='bbox 262 3750 380 3805; x_wconf 78' lang='grc' dir='ltr'><strong>Οὐκ</strong></span> <span class='ocrx_word' id='word_1_386' title='bbox 401 3749 467 3804; x_wconf 82' lang='grc' dir='ltr'><strong>ἀν</strong></span> <span class='ocrx_word' id='word_1_387' title='bbox 486 3750 706 3804; x_wconf 80' lang='grc' dir='ltr'>ἀποστῶ</span> <span class='ocrx_word' id='word_1_388' title='bbox 728 3751 834 3803; x_wconf 75' lang='grc' dir='ltr'>ἀπὸ</span> <span class='ocrx_word' id='word_1_389' title='bbox 856 3750 950 3803; x_wconf 70' lang='grc' dir='ltr'>τοῦ</span> <span class='ocrx_word' id='word_1_390' title='bbox 977 3746 1148 3803; x_wconf 78' lang='grc' dir='ltr'>κακοῦ</span> <span class='ocrx_word' id='word_1_391' title='bbox 1173 3746 1278 3800; x_wconf 84' lang='grc' dir='ltr'><strong>ἀπὸ</strong></span> <span class='ocrx_word' id='word_1_392' title='bbox 1305 3746 1497 3814; x_wconf 74' lang='grc' dir='ltr'>γενεᾶς</span> <span class='ocrx_word' id='word_1_393' title='bbox 1527 3745 1606 3806; x_wconf 81' lang='grc' dir='ltr'><strong>είς</strong></span> <span class='ocrx_word' id='word_1_394' title='bbox 1626 3743 1838 3812; x_wconf 87' lang='grc' dir='ltr'>γενεάν.</span> 
     </span>
    </p>
   </div>
   <div class='ocr_carea' id='block_1_63' title="bbox 324 3835 1838 3915">
    <p class='ocr_par' dir='ltr' id='par_1_63' title="bbox 324 3835 1838 3915">
     <span class='ocr_line' id='line_1_63' title="bbox 324 3835 1838 3915; baseline -0.008 -16"><span class='ocrx_word' id='word_1_395' title='bbox 324 3843 413 3899; x_wconf 82' lang='grc'><strong>55.</strong></span> <span class='ocrx_word' id='word_1_396' title='bbox 433 3844 699 3914; x_wconf 77' lang='grc' dir='ltr'>Ἐκκοπῆς</span> <span class='ocrx_word' id='word_1_397' title='bbox 717 3843 786 3911; x_wconf 74' lang='grc' dir='ltr'><strong>τὰ</strong></span> <span class='ocrx_word' id='word_1_398' title='bbox 792 3860 823 3915; x_wconf 89' lang='grc' dir='ltr'><strong>ρ</strong></span> <span class='ocrx_word' id='word_1_399' title='bbox 836 3843 928 3896; x_wconf 73' lang='grc' dir='ltr'>καὶ</span> <span class='ocrx_word' id='word_1_400' title='bbox 943 3842 1224 3912; x_wconf 79' lang='grc' dir='ltr'>ὲπάρσεως</span> <span class='ocrx_word' id='word_1_401' title='bbox 1236 3839 1391 3908; x_wconf 87' lang='grc' dir='ltr'>γέμει</span> <span class='ocrx_word' id='word_1_402' title='bbox 1403 3839 1463 3890; x_wconf 87' lang='grc' dir='ltr'><strong>τὸ</strong></span> <span class='ocrx_word' id='word_1_403' title='bbox 1477 3836 1646 3907; x_wconf 84' lang='grc' dir='ltr'>στόμα</span> <span class='ocrx_word' id='word_1_404' title='bbox 1659 3835 1838 3890; x_wconf 79' lang='grc' dir='ltr'>αὑτοῦ.</span> 
     </span>
    </p>
   </div>
   <div class='ocr_carea' id='block_1_64' title="bbox 334 3926 1768 4004">
    <p class='ocr_par' dir='ltr' id='par_1_64' title="bbox 334 3926 1768 4004">
     <span class='ocr_line' id='line_1_64' title="bbox 334 3926 1768 4004; baseline -0.008 -15"><span class='ocrx_word' id='word_1_405' title='bbox 334 3933 428 3990; x_wconf 88' lang='grc'><strong>56.</strong></span> <span class='ocrx_word' id='word_1_406' title='bbox 478 3934 566 3987; x_wconf 80' lang='grc' dir='ltr'>Ἐν</span> <span class='ocrx_word' id='word_1_407' title='bbox 587 3935 653 4004; x_wconf 78' lang='grc' dir='ltr'>τῇ</span> <span class='ocrx_word' id='word_1_408' title='bbox 679 3931 996 4000; x_wconf 65' lang='grc' dir='ltr'>διδασκαλία</span> <span class='ocrx_word' id='word_1_409' title='bbox 1025 3928 1188 3982; x_wconf 76' lang='grc' dir='ltr'>αὑτοῦ</span> <span class='ocrx_word' id='word_1_410' title='bbox 1218 3927 1443 3989; x_wconf 79' lang='grc' dir='ltr'>Θάνατος</span> <span class='ocrx_word' id='word_1_411' title='bbox 1472 3928 1565 3979; x_wconf 75' lang='grc' dir='ltr'>καὶ</span> <span class='ocrx_word' id='word_1_412' title='bbox 1589 3926 1768 3997; x_wconf 79' lang='grc' dir='ltr'>ὀδύνη.</span> 
     </span>
    </p>
   </div>
   <div class='ocr_carea' id='block_1_65' title="bbox 337 4015 1844 4094">
    <p class='ocr_par' dir='ltr' id='par_1_65' title="bbox 337 4015 1844 4094">
     <span class='ocr_line' id='line_1_65' title="bbox 337 4015 1844 4094; baseline -0.009 -13"><span class='ocrx_word' id='word_1_413' title='bbox 337 4025 427 4081; x_wconf 86' lang='grc'><strong>57.</strong></span> <span class='ocrx_word' id='word_1_414' title='bbox 482 4023 778 4094; x_wconf 77' lang='grc' dir='ltr'>Ἐνεδρεύει</span> <span class='ocrx_word' id='word_1_415' title='bbox 798 4025 877 4085; x_wconf 89' lang='grc' dir='ltr'>εἰς</span> <span class='ocrx_word' id='word_1_416' title='bbox 895 4021 992 4085; x_wconf 75' lang='grc' dir='ltr'>τὰς</span> <span class='ocrx_word' id='word_1_417' title='bbox 1017 4019 1242 4091; x_wconf 76' lang='grc' dir='ltr'>καρδίας</span> <span class='ocrx_word' id='word_1_418' title='bbox 1266 4017 1374 4071; x_wconf 85' lang='grc' dir='ltr'><strong>τῶν</strong></span> <span class='ocrx_word' id='word_1_419' title='bbox 1395 4015 1605 4070; x_wconf 75' lang='grc' dir='ltr'>ἀσεὸῶν</span> <span class='ocrx_word' id='word_1_420' title='bbox 1630 4016 1724 4069; x_wconf 74' lang='grc' dir='ltr'><strong>καὶ</strong></span> <span class='ocrx_word' id='word_1_421' title='bbox 1744 4033 1844 4068; x_wconf 79' lang='grc' dir='ltr'>πο-</span> 
     </span>
    </p>
   </div>
   <div class='ocr_carea' id='block_1_66' title="bbox 263 4105 1834 4190">
    <p class='ocr_par' dir='ltr' id='par_1_66' title="bbox 263 4105 1834 4190">
     <span class='ocr_line' id='line_1_66' title="bbox 263 4105 1834 4190; baseline -0.007 -21"><span class='ocrx_word' id='word_1_422' title='bbox 263 4118 447 4190; x_wconf 80' lang='grc' dir='ltr'>νηρῶν</span> <span class='ocrx_word' id='word_1_423' title='bbox 463 4113 781 4187; x_wconf 71' lang='grc' dir='ltr'>ἀνθρώπων,</span> <span class='ocrx_word' id='word_1_424' title='bbox 794 4113 1074 4183; x_wconf 78' lang='grc' dir='ltr'>διεγείρων</span> <span class='ocrx_word' id='word_1_425' title='bbox 1093 4111 1287 4174; x_wconf 77' lang='grc' dir='ltr'>αὐτοὺς</span> <span class='ocrx_word' id='word_1_426' title='bbox 1304 4107 1446 4162; x_wconf 85' lang='grc' dir='ltr'><strong>κατά</strong></span> <span class='ocrx_word' id='word_1_427' title='bbox 1465 4108 1572 4161; x_wconf 86' lang='grc' dir='ltr'><strong>τῶν</strong></span> <span class='ocrx_word' id='word_1_428' title='bbox 1592 4105 1834 4160; x_wconf 87' lang='grc' dir='ltr'>δικαίων.</span> 
     </span>
    </p>
   </div>
   <div class='ocr_carea' id='block_1_67' title="bbox 335 4199 1749 4275">
    <p class='ocr_par' dir='ltr' id='par_1_67' title="bbox 335 4199 1749 4275">
     <span class='ocr_line' id='line_1_67' title="bbox 335 4199 1749 4275; baseline -0.008 -11"><span class='ocrx_word' id='word_1_429' title='bbox 335 4207 427 4270; x_wconf 83' lang='lat'><strong>58,</strong></span> <span class='ocrx_word' id='word_1_430' title='bbox 455 4207 543 4261; x_wconf 84' lang='grc'><strong>59.</strong></span> <span class='ocrx_word' id='word_1_431' title='bbox 594 4206 872 4275; x_wconf 83' lang='grc' dir='ltr'>Ἐπιτηρεῖ</span> <span class='ocrx_word' id='word_1_432' title='bbox 901 4204 960 4256; x_wconf 68' lang='grc' dir='ltr'><strong>τδ</strong></span> <span class='ocrx_word' id='word_1_433' title='bbox 997 4202 1098 4274; x_wconf 71' lang='grc' dir='ltr'><strong>[δὲ]</strong></span> <span class='ocrx_word' id='word_1_434' title='bbox 1131 4201 1246 4265; x_wconf 86' lang='grc' dir='ltr'><strong>πῶς</strong></span> <span class='ocrx_word' id='word_1_435' title='bbox 1280 4200 1442 4255; x_wconf 82' lang='grc' dir='ltr'>αὑτὸν</span> <span class='ocrx_word' id='word_1_436' title='bbox 1476 4199 1749 4253; x_wconf 76' lang='grc' dir='ltr'>ἀπολέσει.</span> 
     </span>
    </p>
   </div>
   <div class='ocr_carea' id='block_1_68' title="bbox 335 4290 1840 4366">
    <p class='ocr_par' dir='ltr' id='par_1_68' title="bbox 335 4290 1840 4366">
     <span class='ocr_line' id='line_1_68' title="bbox 335 4290 1840 4366; baseline -0.007 -13"><span class='ocrx_word' id='word_1_437' title='bbox 335 4297 526 4353; x_wconf 73' lang='grc' dir='ltr'>60-6Ξ.</span> <span class='ocrx_word' id='word_1_438' title='bbox 568 4298 644 4349; x_wconf 77' lang='grc' dir='ltr'><strong>Δι’</strong></span> <span class='ocrx_word' id='word_1_439' title='bbox 668 4295 1013 4366; x_wconf 75' lang='grc' dir='ltr'>ἐνθυμήσεων</span> <span class='ocrx_word' id='word_1_440' title='bbox 1057 4294 1150 4347; x_wconf 74' lang='grc' dir='ltr'>καὶ</span> <span class='ocrx_word' id='word_1_441' title='bbox 1185 4291 1460 4362; x_wconf 81' lang='grc' dir='ltr'>λογισμῶν</span> <span class='ocrx_word' id='word_1_442' title='bbox 1495 4291 1708 4361; x_wconf 83' lang='grc' dir='ltr'>ἀνόμων</span> <span class='ocrx_word' id='word_1_443' title='bbox 1741 4290 1840 4360; x_wconf 67' lang='grc' dir='ltr'>ἀρα</span> 
     </span>
    </p>
   </div>
   <div class='ocr_carea' id='block_1_69' title="bbox 268 4386 996 4460">
    <p class='ocr_par' dir='ltr' id='par_1_69' title="bbox 268 4386 996 4460">
     <span class='ocr_line' id='line_1_69' title="bbox 268 4386 996 4460; baseline -0.01 -15"><span class='ocrx_word' id='word_1_444' title='bbox 268 4392 440 4446; x_wconf 80' lang='grc' dir='ltr'>πάσαι</span> <span class='ocrx_word' id='word_1_445' title='bbox 472 4387 623 4460; x_wconf 78' lang='grc' dir='ltr'><strong>ζητεῖ</strong></span> <span class='ocrx_word' id='word_1_446' title='bbox 652 4388 742 4440; x_wconf 72' lang='grc' dir='ltr'><strong>τὸν</strong></span> <span class='ocrx_word' id='word_1_447' title='bbox 767 4386 996 4440; x_wconf 87' lang='grc' dir='ltr'>δίκαιον.</span> 
     </span>
    </p>
   </div>
   <div class='ocr_carea' id='block_1_70' title="bbox 339 4471 1838 4545">
    <p class='ocr_par' dir='ltr' id='par_1_70' title="bbox 339 4471 1838 4545">
     <span class='ocr_line' id='line_1_70' title="bbox 339 4471 1838 4545; baseline -0.008 -10"><span class='ocrx_word' id='word_1_448' title='bbox 339 4481 431 4543; x_wconf 78' lang='lat'><strong>63,</strong></span> <span class='ocrx_word' id='word_1_449' title='bbox 466 4479 553 4533; x_wconf 72' lang='grc'>64.</span> <span class='ocrx_word' id='word_1_450' title='bbox 597 4479 705 4532; x_wconf 75' lang='grc' dir='ltr'><strong>Καὶ</strong></span> <span class='ocrx_word' id='word_1_451' title='bbox 741 4479 798 4529; x_wconf 82' lang='grc' dir='ltr'>ὲν</span> <span class='ocrx_word' id='word_1_452' title='bbox 830 4477 907 4545; x_wconf 81' lang='grc' dir='ltr'>τῷ</span> <span class='ocrx_word' id='word_1_453' title='bbox 937 4477 1099 4528; x_wconf 82' lang='grc' dir='ltr'>αὑτὸν</span> <span class='ocrx_word' id='word_1_454' title='bbox 1133 4474 1463 4528; x_wconf 81' lang='grc' dir='ltr'>ταπεινῶσαι</span> <span class='ocrx_word' id='word_1_455' title='bbox 1502 4471 1838 4542; x_wconf 81' lang='grc' dir='ltr'>πολεμοῦντα</span> 
     </span>
    </p>
   </div>
   <div class='ocr_carea' id='block_1_71' title="bbox 264 4563 1834 4635">
    <p class='ocr_par' dir='ltr' id='par_1_71' title="bbox 264 4563 1834 4635">
     <span class='ocr_line' id='line_1_71' title="bbox 264 4563 1834 4635; baseline -0.008 -8"><span class='ocrx_word' id='word_1_456' title='bbox 264 4574 388 4635; x_wconf 80' lang='grc' dir='ltr'>τοὺς</span> <span class='ocrx_word' id='word_1_457' title='bbox 413 4569 668 4633; x_wconf 77' lang='grc' dir='ltr'>δικαίους,</span> <span class='ocrx_word' id='word_1_458' title='bbox 703 4569 862 4630; x_wconf 74' lang='grc' dir='ltr'>αὐτὸς</span> <span class='ocrx_word' id='word_1_459' title='bbox 892 4571 1135 4620; x_wconf 83' lang='grc' dir='ltr'>πεσεῖται</span> <span class='ocrx_word' id='word_1_460' title='bbox 1166 4568 1271 4620; x_wconf 80' lang='grc' dir='ltr'><strong>ὑπὸ</strong></span> <span class='ocrx_word' id='word_1_461' title='bbox 1291 4568 1416 4629; x_wconf 75' lang='grc' dir='ltr'>τοὺς</span> <span class='ocrx_word' id='word_1_462' title='bbox 1447 4564 1610 4628; x_wconf 67' lang='grc' dir='ltr'>πόδας</span> <span class='ocrx_word' id='word_1_463' title='bbox 1637 4563 1834 4627; x_wconf 75' lang='grc' dir='ltr'>αὐτῶν,</span> 
     </span>
    </p>
   </div>
   <div class='ocr_carea' id='block_1_72' title="bbox 266 4655 1518 4732">
    <p class='ocr_par' dir='ltr' id='par_1_72' title="bbox 266 4655 1518 4732">
     <span class='ocr_line' id='line_1_72' title="bbox 266 4655 1518 4732; baseline -0.008 -16"><span class='ocrx_word' id='word_1_464' title='bbox 266 4663 326 4716; x_wconf 78' lang='grc' dir='ltr'>ἐν</span> <span class='ocrx_word' id='word_1_465' title='bbox 355 4661 435 4732; x_wconf 83' lang='grc' dir='ltr'>τῷ</span> <span class='ocrx_word' id='word_1_466' title='bbox 457 4659 548 4714; x_wconf 84' lang='grc' dir='ltr'><strong>τὸν</strong></span> <span class='ocrx_word' id='word_1_467' title='bbox 571 4659 702 4713; x_wconf 81' lang='grc' dir='ltr'>Θεὸν</span> <span class='ocrx_word' id='word_1_468' title='bbox 731 4657 1110 4713; x_wconf 80' lang='grc' dir='ltr'>ἀντιλαϐέσθαι</span> <span class='ocrx_word' id='word_1_469' title='bbox 1139 4656 1245 4711; x_wconf 86' lang='grc' dir='ltr'><strong>τῶν</strong></span> <span class='ocrx_word' id='word_1_470' title='bbox 1273 4655 1518 4710; x_wconf 82' lang='grc' dir='ltr'>δικαίων.</span> 
     </span>
    </p>
   </div>
   <div class='ocr_carea' id='block_1_73' title="bbox 335 4740 1834 4819">
    <p class='ocr_par' dir='ltr' id='par_1_73' title="bbox 335 4740 1834 4819">
     <span class='ocr_line' id='line_1_73' title="bbox 335 4740 1834 4819; baseline -0.009 -13"><span class='ocrx_word' id='word_1_471' title='bbox 335 4750 427 4814; x_wconf 74' lang='lat'><strong>65,</strong></span> <span class='ocrx_word' id='word_1_472' title='bbox 461 4751 548 4804; x_wconf 88' lang='lat'><strong>66.</strong></span> <span class='ocrx_word' id='word_1_473' title='bbox 588 4747 721 4804; x_wconf 85' lang='grc' dir='ltr'>Εἱπε</span> <span class='ocrx_word' id='word_1_474' title='bbox 745 4749 851 4819; x_wconf 71' lang='grc' dir='ltr'>γὰρ</span> <span class='ocrx_word' id='word_1_475' title='bbox 882 4751 938 4802; x_wconf 83' lang='grc' dir='ltr'>ὲν</span> <span class='ocrx_word' id='word_1_476' title='bbox 980 4746 1157 4819; x_wconf 82' lang='grc' dir='ltr'>ἑαυτῷ</span> <span class='ocrx_word' id='word_1_477' title='bbox 1185 4749 1212 4800; x_wconf 91' lang='lat'><strong>6</strong></span> <span class='ocrx_word' id='word_1_478' title='bbox 1237 4745 1509 4808; x_wconf 77' lang='grc' dir='ltr'>διάϐολος·</span> <span class='ocrx_word' id='word_1_479' title='bbox 1555 4740 1834 4810; x_wconf 83' lang='grc' dir='ltr'>Ἐπιλέλη-</span> 
     </span>
    </p>
   </div>
   <div class='ocr_carea' id='block_1_74' title="bbox 2013 3455 3443 3528">
    <p class='ocr_par' dir='ltr' id='par_1_74' title="bbox 2013 3455 3443 3528">
     <span class='ocr_line' id='line_1_74' title="bbox 2013 3455 3443 3528; baseline -0.001 -12"><span class='ocrx_word' id='word_1_480' title='bbox 2013 3462 2098 3516; x_wconf 75' lang='grc'><strong>52.</strong></span> <span class='ocrx_word' id='word_1_481' title='bbox 2138 3461 2493 3515; x_wconf 88' lang='lat' dir='ltr'><strong>Secesserunt</strong></span> <span class='ocrx_word' id='word_1_482' title='bbox 2517 3455 2938 3528; x_wconf 83' lang='lat' dir='ltr'><strong>justillcationes</strong></span> <span class='ocrx_word' id='word_1_483' title='bbox 2965 3465 3072 3511; x_wconf 59' lang='lat' dir='ltr'><strong>tua;</strong></span> <span class='ocrx_word' id='word_1_484' title='bbox 3104 3456 3174 3511; x_wconf 88' lang='lat' dir='ltr'><strong>ab</strong></span> <span class='ocrx_word' id='word_1_485' title='bbox 3201 3455 3443 3515; x_wconf 86' lang='lat' dir='ltr'><strong>inimico.</strong></span> 
     </span>
    </p>
   </div>
   <div class='ocr_carea' id='block_1_75' title="bbox 2012 3549 3121 3611">
    <p class='ocr_par' dir='ltr' id='par_1_75' title="bbox 2012 3549 3121 3611">
     <span class='ocr_line' id='line_1_75' title="bbox 2012 3549 3121 3611; baseline -0.008 0"><span class='ocrx_word' id='word_1_486' title='bbox 2012 3556 2100 3611; x_wconf 76' lang='lat'><strong>55.</strong></span> <span class='ocrx_word' id='word_1_487' title='bbox 2136 3553 2389 3609; x_wconf 90' lang='lat' dir='ltr'><strong>Omnium</strong></span> <span class='ocrx_word' id='word_1_488' title='bbox 2422 3551 2704 3606; x_wconf 78' lang='lat' dir='ltr'><strong>horninum</strong></span> <span class='ocrx_word' id='word_1_489' title='bbox 2737 3549 3121 3606; x_wconf 86' lang='lat' dir='ltr'><strong>dominabitur.</strong></span> 
     </span>
    </p>
   </div>
   <div class='ocr_carea' id='block_1_76' title="bbox 2012 3643 3502 3702">
    <p class='ocr_par' dir='ltr' id='par_1_76' title="bbox 2012 3643 3502 3702">
     <span class='ocr_line' id='line_1_76' title="bbox 2012 3643 3502 3702; baseline -0.001 -1"><span class='ocrx_word' id='word_1_490' title='bbox 2012 3648 2098 3702; x_wconf 73' lang='grc'>54.</span> <span class='ocrx_word' id='word_1_491' title='bbox 2137 3645 2282 3702; x_wconf 71' lang='lat' dir='ltr'><strong>Dixit</strong></span> <span class='ocrx_word' id='word_1_492' title='bbox 2311 3647 2456 3701; x_wconf 88' lang='lat' dir='ltr'><strong>enim</strong></span> <span class='ocrx_word' id='word_1_493' title='bbox 2485 3645 2538 3699; x_wconf 93' lang='lat' dir='ltr'><strong>in</strong></span> <span class='ocrx_word' id='word_1_494' title='bbox 2570 3645 2732 3698; x_wconf 84' lang='lat' dir='ltr'><strong>corde</strong></span> <span class='ocrx_word' id='word_1_495' title='bbox 2768 3659 2867 3699; x_wconf 89' lang='lat' dir='ltr'><strong>suo</strong></span> <span class='ocrx_word' id='word_1_496' title='bbox 2894 3644 3140 3701; x_wconf 90' lang='lat' dir='ltr'><strong>diabolus</strong></span> <span class='ocrx_word' id='word_1_497' title='bbox 3172 3663 3185 3698; x_wconf 89' lang='lat'><strong>:</strong></span> <span class='ocrx_word' id='word_1_498' title='bbox 3215 3643 3331 3699; x_wconf 77' lang='lat' dir='ltr'><strong>Non</strong></span> <span class='ocrx_word' id='word_1_499' title='bbox 3357 3645 3502 3700; x_wconf 87' lang='lat' dir='ltr'><strong>desi-</strong></span> 
     </span>
    </p>
   </div>
   <div class='ocr_carea' id='block_1_77' title="bbox 1942 3735 3287 3808">
    <p class='ocr_par' dir='ltr' id='par_1_77' title="bbox 1942 3735 3287 3808">
     <span class='ocr_line' id='line_1_77' title="bbox 1942 3735 3287 3808; baseline -0.004 -14"><span class='ocrx_word' id='word_1_500' title='bbox 1942 3748 2078 3794; x_wconf 82' lang='lat' dir='ltr'><strong>stam</strong></span> <span class='ocrx_word' id='word_1_501' title='bbox 2109 3755 2138 3792; x_wconf 86' lang='lat' dir='ltr'><strong>a</strong></span> <span class='ocrx_word' id='word_1_502' title='bbox 2164 3737 2306 3793; x_wconf 90' lang='lat' dir='ltr'><strong>malo</strong></span> <span class='ocrx_word' id='word_1_503' title='bbox 2335 3754 2362 3792; x_wconf 89' lang='lat' dir='ltr'><strong>a</strong></span> <span class='ocrx_word' id='word_1_504' title='bbox 2393 3735 2740 3808; x_wconf 84' lang='lat' dir='ltr'><strong>generatione</strong></span> <span class='ocrx_word' id='word_1_505' title='bbox 2773 3736 2828 3790; x_wconf 93' lang='lat' dir='ltr'><strong>in</strong></span> <span class='ocrx_word' id='word_1_506' title='bbox 2859 3738 3287 3807; x_wconf 79' lang='lat' dir='ltr'><strong>generationem.</strong></span> 
     </span>
    </p>
   </div>
   <div class='ocr_carea' id='block_1_78' title="bbox 1999 3826 3500 3899">
    <p class='ocr_par' dir='ltr' id='par_1_78' title="bbox 1999 3826 3500 3899">
     <span class='ocr_line' id='line_1_78' title="bbox 1999 3826 3500 3899; baseline -0.003 -15"><span class='ocrx_word' id='word_1_507' title='bbox 1999 3831 2086 3884; x_wconf 77' lang='lat'><strong>55.</strong></span> <span class='ocrx_word' id='word_1_508' title='bbox 2104 3829 2237 3884; x_wconf 79' lang='lat' dir='ltr'><strong>Nam</strong></span> <span class='ocrx_word' id='word_1_509' title='bbox 2252 3827 2941 3899; x_wconf 75' lang='lat' dir='ltr'><strong>perfractum,etjactanti;e</strong></span> <span class='ocrx_word' id='word_1_510' title='bbox 2958 3827 3173 3896; x_wconf 84' lang='lat' dir='ltr'><strong>plenum</strong></span> <span class='ocrx_word' id='word_1_511' title='bbox 3189 3833 3272 3880; x_wconf 91' lang='lat' dir='ltr'><strong>est</strong></span> <span class='ocrx_word' id='word_1_512' title='bbox 3285 3841 3346 3880; x_wconf 85' lang='lat' dir='ltr'><strong>os</strong></span> <span class='ocrx_word' id='word_1_513' title='bbox 3361 3826 3500 3895; x_wconf 86' lang='lat' dir='ltr'><strong>ejus.</strong></span> 
     </span>
    </p>
   </div>
   <div class='ocr_carea' id='block_1_79' title="bbox 2013 3918 3170 3989">
    <p class='ocr_par' dir='ltr' id='par_1_79' title="bbox 2013 3918 3170 3989">
     <span class='ocr_line' id='line_1_79' title="bbox 2013 3918 3170 3989; baseline -0.004 -12"><span class='ocrx_word' id='word_1_514' title='bbox 2013 3923 2098 3977; x_wconf 82' lang='grc'><strong>56.</strong></span> <span class='ocrx_word' id='word_1_515' title='bbox 2137 3920 2192 3974; x_wconf 90' lang='lat' dir='ltr'><strong>lu</strong></span> <span class='ocrx_word' id='word_1_516' title='bbox 2224 3920 2468 3974; x_wconf 83' lang='lat' dir='ltr'><strong>doctrina</strong></span> <span class='ocrx_word' id='word_1_517' title='bbox 2511 3918 2680 3989; x_wconf 89' lang='lat' dir='ltr'><strong>ipsius</strong></span> <span class='ocrx_word' id='word_1_518' title='bbox 2717 3933 2886 3983; x_wconf 88' lang='lat' dir='ltr'><strong>mors,</strong></span> <span class='ocrx_word' id='word_1_519' title='bbox 2918 3929 2972 3973; x_wconf 90' lang='lat' dir='ltr'><strong>et</strong></span> <span class='ocrx_word' id='word_1_520' title='bbox 2994 3918 3170 3973; x_wconf 90' lang='lat' dir='ltr'><strong>dolor.</strong></span> 
     </span>
    </p>
   </div>
   <div class='ocr_carea' id='block_1_80' title="bbox 2010 4009 3506 4080">
    <p class='ocr_par' dir='ltr' id='par_1_80' title="bbox 2010 4009 3506 4080">
     <span class='ocr_line' id='line_1_80' title="bbox 2010 4009 3506 4080; baseline -0.003 -10"><span class='ocrx_word' id='word_1_521' title='bbox 2010 4015 2099 4070; x_wconf 81' lang='grc'><strong>57.</strong></span> <span class='ocrx_word' id='word_1_522' title='bbox 2135 4013 2423 4068; x_wconf 85' lang='lat' dir='ltr'><strong>lusidiatur</strong></span> <span class='ocrx_word' id='word_1_523' title='bbox 2454 4012 2506 4065; x_wconf 92' lang='lat' dir='ltr'><strong>in</strong></span> <span class='ocrx_word' id='word_1_524' title='bbox 2533 4012 2789 4067; x_wconf 80' lang='lat' dir='ltr'><strong>cordibus</strong></span> <span class='ocrx_word' id='word_1_525' title='bbox 2813 4011 3104 4074; x_wconf 90' lang='lat' dir='ltr'><strong>malorum,</strong></span> <span class='ocrx_word' id='word_1_526' title='bbox 3130 4018 3291 4080; x_wconf 86' lang='lat' dir='ltr'><strong>atque</strong></span> <span class='ocrx_word' id='word_1_527' title='bbox 3317 4009 3506 4080; x_wconf 88' lang='lat' dir='ltr'><strong>impio-</strong></span> 
     </span>
    </p>
   </div>
   <div class='ocr_carea' id='block_1_81' title="bbox 1939 4102 3233 4173">
    <p class='ocr_par' dir='ltr' id='par_1_81' title="bbox 1939 4102 3233 4173">
     <span class='ocr_line' id='line_1_81' title="bbox 1939 4102 3233 4173; baseline -0.004 -12"><span class='ocrx_word' id='word_1_528' title='bbox 1939 4123 2060 4161; x_wconf 90' lang='lat' dir='ltr'><strong>rum</strong></span> <span class='ocrx_word' id='word_1_529' title='bbox 2093 4105 2396 4169; x_wconf 81' lang='lat' dir='ltr'><strong>hominum,</strong></span> <span class='ocrx_word' id='word_1_530' title='bbox 2428 4107 2672 4160; x_wconf 77' lang='lat' dir='ltr'><strong>excitans</strong></span> <span class='ocrx_word' id='word_1_531' title='bbox 2701 4120 2795 4158; x_wconf 84' lang='lat' dir='ltr'><strong>eus</strong></span> <span class='ocrx_word' id='word_1_532' title='bbox 2827 4112 3012 4158; x_wconf 79' lang='lat' dir='ltr'><strong>contra</strong></span> <span class='ocrx_word' id='word_1_533' title='bbox 3035 4102 3233 4173; x_wconf 85' lang='lat' dir='ltr'><strong>justos.</strong></span> 
     </span>
    </p>
   </div>
   <div class='ocr_carea' id='block_1_82' title="bbox 2010 4191 3429 4266">
    <p class='ocr_par' dir='ltr' id='par_1_82' title="bbox 2010 4191 3429 4266">
     <span class='ocr_line' id='line_1_82' title="bbox 2010 4191 3429 4266; baseline -0.004 -12"><span class='ocrx_word' id='word_1_534' title='bbox 2010 4201 2097 4263; x_wconf 81' lang='lat'><strong>53.</strong></span> <span class='ocrx_word' id='word_1_535' title='bbox 2131 4199 2216 4253; x_wconf 81' lang='lat'><strong>59.</strong></span> <span class='ocrx_word' id='word_1_536' title='bbox 2258 4197 2524 4253; x_wconf 82' lang='lat' dir='ltr'><strong>Obscrvat</strong></span> <span class='ocrx_word' id='word_1_537' title='bbox 2551 4209 2729 4252; x_wconf 90' lang='lat' dir='ltr'><strong>autem</strong></span> <span class='ocrx_word' id='word_1_538' title='bbox 2762 4196 3036 4266; x_wconf 90' lang='lat' dir='ltr'><strong>quomodo</strong></span> <span class='ocrx_word' id='word_1_539' title='bbox 3063 4209 3185 4248; x_wconf 92' lang='lat' dir='ltr'><strong>eum</strong></span> <span class='ocrx_word' id='word_1_540' title='bbox 3218 4191 3429 4263; x_wconf 87' lang='lat' dir='ltr'><strong>perdat.</strong></span> 
     </span>
    </p>
   </div>
   <div class='ocr_carea' id='block_1_83' title="bbox 2008 4284 3502 4361">
    <p class='ocr_par' dir='ltr' id='par_1_83' title="bbox 2008 4284 3502 4361">
     <span class='ocr_line' id='line_1_83' title="bbox 2008 4284 3502 4361; baseline -0.005 -15"><span class='ocrx_word' id='word_1_541' title='bbox 2008 4292 2197 4347; x_wconf 70' lang='lat'><strong>60-69..</strong></span> <span class='ocrx_word' id='word_1_542' title='bbox 2232 4289 2673 4361; x_wconf 83' lang='lat' dir='ltr'><strong>Cupiditatibus,</strong></span> <span class='ocrx_word' id='word_1_543' title='bbox 2726 4297 2778 4341; x_wconf 86' lang='lat' dir='ltr'><strong>et</strong></span> <span class='ocrx_word' id='word_1_544' title='bbox 2836 4285 3037 4354; x_wconf 89' lang='lat' dir='ltr'><strong>iniquis</strong></span> <span class='ocrx_word' id='word_1_545' title='bbox 3083 4284 3502 4355; x_wconf 80' lang='lat' dir='ltr'><strong>cogitationibus</strong></span> 
     </span>
    </p>
   </div>
   <div class='ocr_carea' id='block_1_84' title="bbox 1940 4384 2606 4456">
    <p class='ocr_par' dir='ltr' id='par_1_84' title="bbox 1940 4384 2606 4456">
     <span class='ocr_line' id='line_1_84' title="bbox 1940 4384 2606 4456; baseline -0.012 -16"><span class='ocrx_word' id='word_1_546' title='bbox 1940 4388 2134 4456; x_wconf 66' lang='lat' dir='ltr'><strong>quaerit</strong></span> <span class='ocrx_word' id='word_1_547' title='bbox 2166 4401 2351 4455; x_wconf 88' lang='lat' dir='ltr'><strong>rapere</strong></span> <span class='ocrx_word' id='word_1_548' title='bbox 2376 4384 2606 4453; x_wconf 87' lang='lat' dir='ltr'><strong>justum.</strong></span> 
     </span>
    </p>
   </div>
   <div class='ocr_carea' id='block_1_85' title="bbox 2009 4469 3502 4542">
    <p class='ocr_par' dir='ltr' id='par_1_85' title="bbox 2009 4469 3502 4542">
     <span class='ocr_line' id='line_1_85' title="bbox 2009 4469 3502 4542; baseline -0.004 -10"><span class='ocrx_word' id='word_1_549' title='bbox 2009 4480 2096 4542; x_wconf 78' lang='grc'>65,</span> <span class='ocrx_word' id='word_1_550' title='bbox 2131 4477 2219 4532; x_wconf 76' lang='lat' dir='ltr'><strong>6i.</strong></span> <span class='ocrx_word' id='word_1_551' title='bbox 2278 4476 2341 4530; x_wconf 82' lang='lat' dir='ltr'><strong>Et</strong></span> <span class='ocrx_word' id='word_1_552' title='bbox 2365 4475 2492 4528; x_wconf 91' lang='lat' dir='ltr'><strong>dum</strong></span> <span class='ocrx_word' id='word_1_553' title='bbox 2527 4488 2586 4528; x_wconf 91' lang='lat' dir='ltr'><strong>se</strong></span> <span class='ocrx_word' id='word_1_554' title='bbox 2615 4470 2891 4541; x_wconf 90' lang='lat' dir='ltr'><strong>deprimit,</strong></span> <span class='ocrx_word' id='word_1_555' title='bbox 2925 4478 2985 4524; x_wconf 94' lang='lat' dir='ltr'><strong>ut</strong></span> <span class='ocrx_word' id='word_1_556' title='bbox 3011 4484 3208 4524; x_wconf 82' lang='lat' dir='ltr'><strong>oeuum</strong></span> <span class='ocrx_word' id='word_1_557' title='bbox 3240 4469 3502 4526; x_wconf 85' lang='lat' dir='ltr'><strong>adversus</strong></span> 
     </span>
    </p>
   </div>
   <div class='ocr_carea' id='block_1_86' title="bbox 1932 4561 3499 4640">
    <p class='ocr_par' dir='ltr' id='par_1_86' title="bbox 1932 4561 3499 4640">
     <span class='ocr_line' id='line_1_86' title="bbox 1932 4561 3499 4640; baseline -0.005 -18"><span class='ocrx_word' id='word_1_558' title='bbox 1932 4569 2112 4640; x_wconf 82' lang='lat' dir='ltr'><strong>justus</strong></span> <span class='ocrx_word' id='word_1_559' title='bbox 2143 4577 2313 4639; x_wconf 78' lang='lat' dir='ltr'><strong>gerat,</strong></span> <span class='ocrx_word' id='word_1_560' title='bbox 2347 4567 2460 4634; x_wconf 91' lang='lat' dir='ltr'><strong>ipsc</strong></span> <span class='ocrx_word' id='word_1_561' title='bbox 2491 4563 2647 4618; x_wconf 86' lang='lat' dir='ltr'><strong>cadet</strong></span> <span class='ocrx_word' id='word_1_562' title='bbox 2675 4563 2776 4616; x_wconf 86' lang='lat' dir='ltr'><strong>sub</strong></span> <span class='ocrx_word' id='word_1_563' title='bbox 2801 4577 2986 4617; x_wconf 87' lang='lat' dir='ltr'><strong>eorum</strong></span> <span class='ocrx_word' id='word_1_564' title='bbox 3012 4563 3206 4630; x_wconf 86' lang='lat' dir='ltr'><strong>pedes;</strong></span> <span class='ocrx_word' id='word_1_565' title='bbox 3241 4561 3499 4630; x_wconf 89' lang='lat' dir='ltr'><strong>quoniam</strong></span> 
     </span>
    </p>
   </div>
   <div class='ocr_carea' id='block_1_87' title="bbox 1941 4656 2583 4728">
    <p class='ocr_par' dir='ltr' id='par_1_87' title="bbox 1941 4656 2583 4728">
     <span class='ocr_line' id='line_1_87' title="bbox 1941 4656 2583 4728; baseline -0.008 -16"><span class='ocrx_word' id='word_1_566' title='bbox 1941 4660 2082 4714; x_wconf 89' lang='lat' dir='ltr'><strong>Deus</strong></span> <span class='ocrx_word' id='word_1_567' title='bbox 2113 4658 2275 4728; x_wconf 87' lang='lat' dir='ltr'><strong>justis</strong></span> <span class='ocrx_word' id='word_1_568' title='bbox 2313 4656 2583 4710; x_wconf 83' lang='lat' dir='ltr'><strong>subvenit.</strong></span> 
     </span>
    </p>
   </div>
   <div class='ocr_carea' id='block_1_88' title="bbox 2009 4742 3501 4814">
    <p class='ocr_par' dir='ltr' id='par_1_88' title="bbox 2009 4742 3501 4814">
     <span class='ocr_line' id='line_1_88' title="bbox 2009 4742 3501 4814; baseline -0.005 -6"><span class='ocrx_word' id='word_1_569' title='bbox 2009 4754 2097 4812; x_wconf 81' lang='grc'>65.</span> <span class='ocrx_word' id='word_1_570' title='bbox 2127 4751 2214 4805; x_wconf 90' lang='grc'><strong>66.</strong></span> <span class='ocrx_word' id='word_1_571' title='bbox 2252 4749 2395 4803; x_wconf 74' lang='lat' dir='ltr'><strong>Dixit</strong></span> <span class='ocrx_word' id='word_1_572' title='bbox 2422 4747 2568 4804; x_wconf 91' lang='lat' dir='ltr'><strong>cnim</strong></span> <span class='ocrx_word' id='word_1_573' title='bbox 2615 4749 2666 4801; x_wconf 91' lang='lat' dir='ltr'><strong>in</strong></span> <span class='ocrx_word' id='word_1_574' title='bbox 2704 4762 2761 4802; x_wconf 91' lang='lat' dir='ltr'><strong>se</strong></span> <span class='ocrx_word' id='word_1_575' title='bbox 2808 4746 2925 4814; x_wconf 86' lang='lat' dir='ltr'><strong>ipso</strong></span> <span class='ocrx_word' id='word_1_576' title='bbox 2964 4744 3257 4800; x_wconf 87' lang='lat' dir='ltr'><strong>diabolus:</strong></span> <span class='ocrx_word' id='word_1_577' title='bbox 3287 4742 3501 4800; x_wconf 89' lang='lat' dir='ltr'><strong>Oblitus</strong></span> 
     </span>
    </p>
   </div>
   <div class='ocr_carea' id='block_1_89' title="bbox 265 4814 1854 4911">
    <p class='ocr_par' dir='ltr' id='par_1_89' title="bbox 265 4834 1835 4910">
     <span class='ocr_line' id='line_1_89' title="bbox 265 4834 1835 4910; baseline -0.007 -12"><span class='ocrx_word' id='word_1_578' title='bbox 265 4859 392 4898; x_wconf 83' lang='grc' dir='ltr'>σται</span> <span class='ocrx_word' id='word_1_579' title='bbox 413 4843 444 4896; x_wconf 91' lang='lat'><strong>6</strong></span> <span class='ocrx_word' id='word_1_580' title='bbox 474 4841 605 4905; x_wconf 79' lang='grc' dir='ltr'>Θεὸς</span> <span class='ocrx_word' id='word_1_581' title='bbox 629 4841 721 4894; x_wconf 76' lang='grc' dir='ltr'><strong>τοῦ</strong></span> <span class='ocrx_word' id='word_1_582' title='bbox 746 4841 934 4910; x_wconf 86' lang='grc' dir='ltr'>γένους</span> <span class='ocrx_word' id='word_1_583' title='bbox 973 4841 1082 4894; x_wconf 87' lang='grc' dir='ltr'><strong>τῶν</strong></span> <span class='ocrx_word' id='word_1_584' title='bbox 1108 4837 1429 4910; x_wconf 81' lang='grc' dir='ltr'>ἀνθρώπων,</span> <span class='ocrx_word' id='word_1_585' title='bbox 1458 4836 1711 4906; x_wconf 87' lang='grc' dir='ltr'>πρόνοιαν</span> <span class='ocrx_word' id='word_1_586' title='bbox 1740 4834 1835 4887; x_wconf 76' lang='grc' dir='ltr'><strong>αὖ·</strong></span> 
     </span>
    </p>
   </div>
   <div class='ocr_carea' id='block_1_90' title="bbox 1933 4814 3499 4911">
    <p class='ocr_par' dir='ltr' id='par_1_90' title="bbox 1939 4838 3499 4911">
     <span class='ocr_line' id='line_1_90' title="bbox 1939 4838 3499 4911; baseline -0.008 -9"><span class='ocrx_word' id='word_1_587' title='bbox 1939 4857 2023 4902; x_wconf 90' lang='lat' dir='ltr'><strong>est</strong></span> <span class='ocrx_word' id='word_1_588' title='bbox 2054 4845 2193 4899; x_wconf 87' lang='lat' dir='ltr'><strong>Deus</strong></span> <span class='ocrx_word' id='word_1_589' title='bbox 2238 4842 2462 4896; x_wconf 86' lang='lat' dir='ltr'><strong>humani</strong></span> <span class='ocrx_word' id='word_1_590' title='bbox 2512 4840 2746 4911; x_wconf 84' lang='lat' dir='ltr'><strong>generis,</strong></span> <span class='ocrx_word' id='word_1_591' title='bbox 2798 4838 3001 4893; x_wconf 88' lang='lat' dir='ltr'><strong>nullam</strong></span> <span class='ocrx_word' id='word_1_592' title='bbox 3061 4839 3128 4891; x_wconf 92' lang='lat' dir='ltr'><strong>de</strong></span> <span class='ocrx_word' id='word_1_593' title='bbox 3187 4852 3253 4891; x_wconf 79' lang='lat' dir='ltr'><strong>eo</strong></span> <span class='ocrx_word' id='word_1_594' title='bbox 3316 4852 3499 4891; x_wconf 81' lang='lat' dir='ltr'><strong>curam</strong></span> 
     </span>
    </p>
   </div>
   <div class='ocr_carea' id='block_1_91' title="bbox 262 4933 754 4988">
    <p class='ocr_par' dir='ltr' id='par_1_91' title="bbox 262 4933 754 4988">
     <span class='ocr_line' id='line_1_91' title="bbox 262 4933 754 4988; baseline -0.008 1"><span class='ocrx_word' id='word_1_595' title='bbox 262 4933 376 4988; x_wconf 83' lang='grc' dir='ltr'><strong>τῶν</strong></span> <span class='ocrx_word' id='word_1_596' title='bbox 409 4933 470 4986; x_wconf 74' lang='grc' dir='ltr'><strong>οὔ</strong></span> <span class='ocrx_word' id='word_1_597' title='bbox 505 4935 754 4985; x_wconf 81' lang='grc' dir='ltr'>ποιεῖται.</span> 
     </span>
    </p>
   </div>
   <div class='ocr_carea' id='block_1_92' title="bbox 336 5014 1832 5094">
    <p class='ocr_par' dir='ltr' id='par_1_92' title="bbox 336 5014 1832 5094">
     <span class='ocr_line' id='line_1_92' title="bbox 336 5014 1832 5094; baseline -0.008 -15"><span class='ocrx_word' id='word_1_598' title='bbox 336 5026 427 5080; x_wconf 86' lang='grc'><strong>67.</strong></span> <span class='ocrx_word' id='word_1_599' title='bbox 470 5022 765 5094; x_wconf 82' lang='grc' dir='ltr'>Βουλήθητι</span> <span class='ocrx_word' id='word_1_600' title='bbox 795 5021 1159 5086; x_wconf 69' lang='grc' dir='ltr'>ἐπιδείξασθαι</span> <span class='ocrx_word' id='word_1_601' title='bbox 1191 5021 1288 5092; x_wconf 76' lang='grc' dir='ltr'>τὴν</span> <span class='ocrx_word' id='word_1_602' title='bbox 1322 5018 1576 5086; x_wconf 88' lang='grc' dir='ltr'>πρόνοιάν</span> <span class='ocrx_word' id='word_1_603' title='bbox 1610 5033 1703 5070; x_wconf 89' lang='grc' dir='ltr'>σου</span> <span class='ocrx_word' id='word_1_604' title='bbox 1735 5014 1832 5086; x_wconf 81' lang='grc' dir='ltr'>τὴν</span> 
     </span>
    </p>
   </div>
   <div class='ocr_carea' id='block_1_93' title="bbox 264 5102 1832 5186">
    <p class='ocr_par' dir='ltr' id='par_1_93' title="bbox 264 5102 1832 5186">
     <span class='ocr_line' id='line_1_93' title="bbox 264 5102 1832 5186; baseline -0.011 -17"><span class='ocrx_word' id='word_1_605' title='bbox 264 5116 346 5179; x_wconf 81' lang='grc' dir='ltr'>εις</span> <span class='ocrx_word' id='word_1_606' title='bbox 368 5115 517 5186; x_wconf 75' lang='grc' dir='ltr'>ἡμᾶς</span> <span class='ocrx_word' id='word_1_607' title='bbox 536 5130 550 5144; x_wconf 74' lang='grc' dir='ltr'><strong>ο</strong></span> <span class='ocrx_word' id='word_1_608' title='bbox 585 5112 660 5184; x_wconf 81' lang='grc' dir='ltr'>μὴ</span> <span class='ocrx_word' id='word_1_609' title='bbox 687 5110 794 5163; x_wconf 88' lang='grc' dir='ltr'><strong>τῶν</strong></span> <span class='ocrx_word' id='word_1_610' title='bbox 822 5108 1260 5164; x_wconf 83' lang='grc' dir='ltr'>ταπεινωθέντων</span> <span class='ocrx_word' id='word_1_611' title='bbox 1291 5108 1385 5162; x_wconf 77' lang='grc' dir='ltr'>καὶ</span> <span class='ocrx_word' id='word_1_612' title='bbox 1419 5105 1664 5177; x_wconf 86' lang='grc' dir='ltr'>βοώντων</span> <span class='ocrx_word' id='word_1_613' title='bbox 1698 5102 1832 5166; x_wconf 81' lang='grc' dir='ltr'>πρὸς</span> 
     </span>
    </p>
   </div>
   <div class='ocr_carea' id='block_1_94' title="bbox 265 5201 1074 5278">
    <p class='ocr_par' dir='ltr' id='par_1_94' title="bbox 265 5201 1074 5278">
     <span class='ocr_line' id='line_1_94' title="bbox 265 5201 1074 5278; baseline -0.006 -18"><span class='ocrx_word' id='word_1_614' title='bbox 265 5207 329 5261; x_wconf 72' lang='grc' dir='ltr'><strong>σὲ</strong></span> <span class='ocrx_word' id='word_1_615' title='bbox 356 5206 454 5278; x_wconf 78' lang='grc' dir='ltr'>τὴν</span> <span class='ocrx_word' id='word_1_616' title='bbox 481 5205 697 5276; x_wconf 80' lang='grc' dir='ltr'>μνήμην</span> <span class='ocrx_word' id='word_1_617' title='bbox 729 5201 1074 5273; x_wconf 75' lang='grc' dir='ltr'>καταλείψης.</span> 
     </span>
    </p>
   </div>
   <div class='ocr_carea' id='block_1_95' title="bbox 336 5284 1775 5367">
    <p class='ocr_par' dir='ltr' id='par_1_95' title="bbox 336 5284 1775 5367">
     <span class='ocr_line' id='line_1_95' title="bbox 336 5284 1775 5367; baseline -0.011 -15"><span class='ocrx_word' id='word_1_618' title='bbox 336 5296 425 5352; x_wconf 89' lang='grc'>68.</span> <span class='ocrx_word' id='word_1_619' title='bbox 466 5295 620 5359; x_wconf 86' lang='grc' dir='ltr'>Τίνος</span> <span class='ocrx_word' id='word_1_620' title='bbox 644 5295 802 5367; x_wconf 80' lang='grc' dir='ltr'>χάριν</span> <span class='ocrx_word' id='word_1_621' title='bbox 832 5291 1179 5363; x_wconf 86' lang='grc' dir='ltr'>παρώργισεν</span> <span class='ocrx_word' id='word_1_622' title='bbox 1209 5293 1237 5345; x_wconf 94' lang='lat'><strong>6</strong></span> <span class='ocrx_word' id='word_1_623' title='bbox 1259 5289 1462 5361; x_wconf 72' lang='grc' dir='ltr'>ἀσεϐὴς</span> <span class='ocrx_word' id='word_1_624' title='bbox 1491 5286 1580 5340; x_wconf 80' lang='grc' dir='ltr'><strong>τὸν</strong></span> <span class='ocrx_word' id='word_1_625' title='bbox 1607 5284 1775 5351; x_wconf 85' lang='grc' dir='ltr'>Θεόν;</span> 
     </span>
    </p>
   </div>
   <div class='ocr_carea' id='block_1_96' title="bbox 335 5375 1830 5455">
    <p class='ocr_par' dir='ltr' id='par_1_96' title="bbox 335 5375 1830 5455">
     <span class='ocr_line' id='line_1_96' title="bbox 335 5375 1830 5455; baseline -0.011 -12"><span class='ocrx_word' id='word_1_626' title='bbox 335 5387 424 5443; x_wconf 85' lang='grc'><strong>69.</strong></span> <span class='ocrx_word' id='word_1_627' title='bbox 455 5384 589 5440; x_wconf 78' lang='grc' dir='ltr'>Εἷπε</span> <span class='ocrx_word' id='word_1_628' title='bbox 631 5386 739 5455; x_wconf 74' lang='grc' dir='ltr'><strong>γὰρ</strong></span> <span class='ocrx_word' id='word_1_629' title='bbox 783 5386 812 5438; x_wconf 88' lang='lat'><strong>6</strong></span> <span class='ocrx_word' id='word_1_630' title='bbox 851 5383 1091 5448; x_wconf 82' lang='grc' dir='ltr'>διάὅολος</span> <span class='ocrx_word' id='word_1_631' title='bbox 1137 5384 1193 5436; x_wconf 81' lang='grc' dir='ltr'>ὲν</span> <span class='ocrx_word' id='word_1_632' title='bbox 1237 5380 1441 5450; x_wconf 78' lang='grc' dir='ltr'>έαυτῷο</span> <span class='ocrx_word' id='word_1_633' title='bbox 1491 5377 1566 5431; x_wconf 82' lang='grc' dir='ltr'><strong>Οὐ</strong></span> <span class='ocrx_word' id='word_1_634' title='bbox 1607 5375 1830 5446; x_wconf 80' lang='grc' dir='ltr'>ζητήσει</span> 
     </span>
    </p>
   </div>
   <div class='ocr_carea' id='block_1_97' title="bbox 260 5473 1100 5545">
    <p class='ocr_par' dir='ltr' id='par_1_97' title="bbox 260 5473 1100 5545">
     <span class='ocr_line' id='line_1_97' title="bbox 260 5473 1100 5545; baseline -0.008 -10"><span class='ocrx_word' id='word_1_635' title='bbox 260 5477 391 5540; x_wconf 77' lang='grc' dir='ltr'>τοὺς</span> <span class='ocrx_word' id='word_1_636' title='bbox 422 5473 865 5545; x_wconf 85' lang='grc' dir='ltr'>πεπλανημένους</span> <span class='ocrx_word' id='word_1_637' title='bbox 889 5475 917 5526; x_wconf 90' lang='lat'><strong>6</strong></span> <span class='ocrx_word' id='word_1_638' title='bbox 948 5473 1100 5536; x_wconf 84' lang='grc' dir='ltr'>Θεός.</span> 
     </span>
    </p>
   </div>
   <div class='ocr_carea' id='block_1_98' title="bbox 338 5556 1830 5636">
    <p class='ocr_par' dir='ltr' id='par_1_98' title="bbox 338 5556 1830 5636">
     <span class='ocr_line' id='line_1_98' title="bbox 338 5556 1830 5636; baseline -0.009 -15"><span class='ocrx_word' id='word_1_639' title='bbox 338 5568 432 5631; x_wconf 87' lang='grc'>70,</span> <span class='ocrx_word' id='word_1_640' title='bbox 460 5565 549 5619; x_wconf 80' lang='grc'><strong>71.</strong></span> <span class='ocrx_word' id='word_1_641' title='bbox 586 5565 748 5636; x_wconf 77' lang='grc' dir='ltr'>Ὁρᾷς</span> <span class='ocrx_word' id='word_1_642' title='bbox 791 5565 877 5630; x_wconf 81' lang='grc' dir='ltr'><strong>σὺ,</strong></span> <span class='ocrx_word' id='word_1_643' title='bbox 906 5563 1096 5635; x_wconf 79' lang='grc' dir='ltr'>Κύριε,</span> <span class='ocrx_word' id='word_1_644' title='bbox 1145 5562 1251 5616; x_wconf 80' lang='grc' dir='ltr'><strong>τὸν</strong></span> <span class='ocrx_word' id='word_1_645' title='bbox 1270 5558 1460 5629; x_wconf 79' lang='grc' dir='ltr'>θυμὸν</span> <span class='ocrx_word' id='word_1_646' title='bbox 1481 5556 1706 5611; x_wconf 78' lang='grc' dir='ltr'><strong>καὶτὸν</strong></span> <span class='ocrx_word' id='word_1_647' title='bbox 1726 5556 1830 5609; x_wconf 79' lang='grc' dir='ltr'><strong>πό-</strong></span> 
     </span>
    </p>
   </div>
   <div class='ocr_carea' id='block_1_99' title="bbox 260 5647 1826 5724">
    <p class='ocr_par' dir='ltr' id='par_1_99' title="bbox 260 5647 1826 5724">
     <span class='ocr_line' id='line_1_99' title="bbox 260 5647 1826 5724; baseline -0.006 -10"><span class='ocrx_word' id='word_1_648' title='bbox 260 5675 398 5722; x_wconf 71' lang='grc' dir='ltr'><strong>νον,</strong></span> <span class='ocrx_word' id='word_1_649' title='bbox 430 5657 672 5711; x_wconf 84' lang='grc' dir='ltr'>τουτέστι</span> <span class='ocrx_word' id='word_1_650' title='bbox 699 5656 789 5709; x_wconf 80' lang='grc' dir='ltr'>τὸν</span> <span class='ocrx_word' id='word_1_651' title='bbox 829 5653 1090 5717; x_wconf 74' lang='grc' dir='ltr'>διάϐολον,</span> <span class='ocrx_word' id='word_1_652' title='bbox 1127 5652 1457 5724; x_wconf 74' lang='grc' dir='ltr'>παραδοῦναι</span> <span class='ocrx_word' id='word_1_653' title='bbox 1477 5647 1638 5704; x_wconf 79' lang='grc' dir='ltr'>αὑτὸν</span> <span class='ocrx_word' id='word_1_654' title='bbox 1667 5650 1724 5705; x_wconf 72' lang='grc' dir='ltr'>ὲν</span> <span class='ocrx_word' id='word_1_655' title='bbox 1762 5648 1826 5718; x_wconf 77' lang='grc' dir='ltr'>τῇ</span> 
     </span>
    </p>
   </div>
   <div class='ocr_carea' id='block_1_100' title="bbox 264 5742 1579 5823">
    <p class='ocr_par' dir='ltr' id='par_1_100' title="bbox 264 5742 1579 5823">
     <span class='ocr_line' id='line_1_100' title="bbox 264 5742 1579 5823; baseline -0.006 -18"><span class='ocrx_word' id='word_1_656' title='bbox 264 5749 540 5823; x_wconf 70' lang='grc' dir='ltr'>παρουσία</span> <span class='ocrx_word' id='word_1_657' title='bbox 566 5765 660 5801; x_wconf 88' lang='grc' dir='ltr'><strong>σου</strong></span> <span class='ocrx_word' id='word_1_658' title='bbox 696 5746 802 5800; x_wconf 74' lang='grc' dir='ltr'>ὑπὸ</span> <span class='ocrx_word' id='word_1_659' title='bbox 834 5746 933 5817; x_wconf 79' lang='grc' dir='ltr'>τὴν</span> <span class='ocrx_word' id='word_1_660' title='bbox 969 5745 1221 5812; x_wconf 71' lang='grc' dir='ltr'>ἐξουσίαν</span> <span class='ocrx_word' id='word_1_661' title='bbox 1248 5744 1354 5797; x_wconf 84' lang='grc' dir='ltr'><strong>τῶν</strong></span> <span class='ocrx_word' id='word_1_662' title='bbox 1385 5742 1579 5812; x_wconf 86' lang='grc' dir='ltr'>ἀγίων.</span> 
     </span>
    </p>
   </div>
   <div class='ocr_carea' id='block_1_101' title="bbox 336 5836 1318 5911">
    <p class='ocr_par' dir='ltr' id='par_1_101' title="bbox 336 5836 1318 5911">
     <span class='ocr_line' id='line_1_101' title="bbox 336 5836 1318 5911; baseline -0.004 -16"><span class='ocrx_word' id='word_1_663' title='bbox 336 5840 428 5897; x_wconf 67' lang='grc'>72.</span> <span class='ocrx_word' id='word_1_664' title='bbox 458 5842 551 5905; x_wconf 75' lang='grc' dir='ltr'>Εἰς</span> <span class='ocrx_word' id='word_1_665' title='bbox 582 5837 680 5911; x_wconf 77' lang='grc' dir='ltr'>τὴν</span> <span class='ocrx_word' id='word_1_666' title='bbox 713 5838 812 5910; x_wconf 77' lang='grc' dir='ltr'><strong>σὴν</strong></span> <span class='ocrx_word' id='word_1_667' title='bbox 843 5836 1091 5909; x_wconf 82' lang='grc' dir='ltr'>βοήθειαν</span> <span class='ocrx_word' id='word_1_668' title='bbox 1121 5838 1318 5907; x_wconf 71' lang='grc' dir='ltr'>ἀφορᾷ.</span> 
     </span>
    </p>
   </div>
   <div class='ocr_carea' id='block_1_102' title="bbox 558 5953 1278 6016">
    <p class='ocr_par' dir='ltr' id='par_1_102' title="bbox 558 5953 1278 6016">
     <span class='ocr_line' id='line_1_102' title="bbox 558 5953 1278 6016; baseline -0.004 0"><span class='ocrx_word' id='word_1_669' title='bbox 558 5959 824 6016; x_wconf 74' lang='lat' dir='ltr'><strong>l‘nnoJL.</strong></span> <span class='ocrx_word' id='word_1_670' title='bbox 858 5955 976 6016; x_wconf 79' lang='lat' dir='ltr'><strong>Gn.</strong></span> <span class='ocrx_word' id='word_1_671' title='bbox 1021 5953 1278 6013; x_wconf 76' lang='lat' dir='ltr'><strong>XXVII.</strong></span> 
     </span>
    </p>
   </div>
   <div class='ocr_carea' id='block_1_103' title="bbox 1942 4938 2096 5010">
    <p class='ocr_par' dir='ltr' id='par_1_103' title="bbox 1942 4938 2096 5010">
     <span class='ocr_line' id='line_1_103' title="bbox 1942 4938 2096 5010; baseline -0.039 -14"><span class='ocrx_word' id='word_1_672' title='bbox 1942 4938 2096 5010; x_wconf 79' lang='lat' dir='ltr'><strong>gerit.</strong></span> 
     </span>
    </p>
   </div>
   <div class='ocr_carea' id='block_1_104' title="bbox 2009 5025 3502 5096">
    <p class='ocr_par' dir='ltr' id='par_1_104' title="bbox 2009 5025 3502 5096">
     <span class='ocr_line' id='line_1_104' title="bbox 2009 5025 3502 5096; baseline -0.005 -11"><span class='ocrx_word' id='word_1_673' title='bbox 2009 5031 2097 5085; x_wconf 85' lang='lat'><strong>67.</strong></span> <span class='ocrx_word' id='word_1_674' title='bbox 2132 5029 2431 5087; x_wconf 87' lang='lat' dir='ltr'><strong>Ostendere</strong></span> <span class='ocrx_word' id='word_1_675' title='bbox 2469 5027 2596 5082; x_wconf 85' lang='lat' dir='ltr'><strong>velis</strong></span> <span class='ocrx_word' id='word_1_676' title='bbox 2623 5027 3014 5096; x_wconf 87' lang='lat' dir='ltr'><strong>providentiam</strong></span> <span class='ocrx_word' id='word_1_677' title='bbox 3053 5035 3223 5088; x_wconf 90' lang='lat' dir='ltr'><strong>tuam,</strong></span> <span class='ocrx_word' id='word_1_678' title='bbox 3249 5039 3410 5095; x_wconf 90' lang='lat' dir='ltr'><strong>quam</strong></span> <span class='ocrx_word' id='word_1_679' title='bbox 3435 5025 3502 5078; x_wconf 80' lang='lat' dir='ltr'><strong>de</strong></span> 
     </span>
    </p>
   </div>
   <div class='ocr_carea' id='block_1_105' title="bbox 1942 5117 3502 5188">
    <p class='ocr_par' dir='ltr' id='par_1_105' title="bbox 1942 5117 3502 5188">
     <span class='ocr_line' id='line_1_105' title="bbox 1942 5117 3502 5188; baseline -0.006 -11"><span class='ocrx_word' id='word_1_680' title='bbox 1942 5123 2096 5177; x_wconf 88' lang='lat' dir='ltr'><strong>nobis</strong></span> <span class='ocrx_word' id='word_1_681' title='bbox 2125 5123 2292 5176; x_wconf 88' lang='lat' dir='ltr'><strong>babes</strong></span> <span class='ocrx_word' id='word_1_682' title='bbox 2322 5140 2334 5175; x_wconf 91' lang='lat'>:</span> <span class='ocrx_word' id='word_1_683' title='bbox 2369 5135 2433 5174; x_wconf 91' lang='lat' dir='ltr'><strong>ne</strong></span> <span class='ocrx_word' id='word_1_684' title='bbox 2462 5119 2704 5188; x_wconf 89' lang='lat' dir='ltr'><strong>deponas</strong></span> <span class='ocrx_word' id='word_1_685' title='bbox 2738 5117 3055 5170; x_wconf 89' lang='lat' dir='ltr'><strong>memoriam</strong></span> <span class='ocrx_word' id='word_1_686' title='bbox 3084 5132 3294 5179; x_wconf 88' lang='lat' dir='ltr'><strong>eorum,</strong></span> <span class='ocrx_word' id='word_1_687' title='bbox 3325 5117 3414 5185; x_wconf 84' lang='lat' dir='ltr'><strong>qui</strong></span> <span class='ocrx_word' id='word_1_688' title='bbox 3445 5131 3502 5167; x_wconf 84' lang='lat' dir='ltr'><strong>se</strong></span> 
     </span>
    </p>
   </div>
   <div class='ocr_carea' id='block_1_106' title="bbox 1941 5205 2796 5275">
    <p class='ocr_par' dir='ltr' id='par_1_106' title="bbox 1941 5205 2796 5275">
     <span class='ocr_line' id='line_1_106' title="bbox 1941 5205 2796 5275; baseline -0.008 -11"><span class='ocrx_word' id='word_1_689' title='bbox 1941 5209 2246 5275; x_wconf 90' lang='lat' dir='ltr'><strong>humiliant,</strong></span> <span class='ocrx_word' id='word_1_690' title='bbox 2277 5217 2330 5262; x_wconf 90' lang='lat' dir='ltr'><strong>et</strong></span> <span class='ocrx_word' id='word_1_691' title='bbox 2366 5207 2602 5262; x_wconf 89' lang='lat' dir='ltr'><strong>clamant</strong></span> <span class='ocrx_word' id='word_1_692' title='bbox 2626 5205 2694 5261; x_wconf 93' lang='lat' dir='ltr'><strong>ad</strong></span> <span class='ocrx_word' id='word_1_693' title='bbox 2727 5216 2796 5260; x_wconf 92' lang='lat' dir='ltr'><strong>te.</strong></span> 
     </span>
    </p>
   </div>
   <div class='ocr_carea' id='block_1_107' title="bbox 2006 5297 3050 5368">
    <p class='ocr_par' dir='ltr' id='par_1_107' title="bbox 2006 5297 3050 5368">
     <span class='ocr_line' id='line_1_107' title="bbox 2006 5297 3050 5368; baseline -0.005 -14"><span class='ocrx_word' id='word_1_694' title='bbox 2006 5298 2094 5354; x_wconf 84' lang='lat'><strong>68.</strong></span> <span class='ocrx_word' id='word_1_695' title='bbox 2137 5299 2315 5366; x_wconf 87' lang='lat' dir='ltr'><strong>Quare</strong></span> <span class='ocrx_word' id='word_1_696' title='bbox 2353 5299 2584 5352; x_wconf 82' lang='lat' dir='ltr'><strong>irritavit</strong></span> <span class='ocrx_word' id='word_1_697' title='bbox 2612 5298 2808 5368; x_wconf 86' lang='lat' dir='ltr'><strong>impius</strong></span> <span class='ocrx_word' id='word_1_698' title='bbox 2842 5297 3050 5351; x_wconf 77' lang='lat' dir='ltr'><strong>[:eum?</strong></span> 
     </span>
    </p>
   </div>
   <div class='ocr_carea' id='block_1_108' title="bbox 2005 5385 3497 5459">
    <p class='ocr_par' dir='ltr' id='par_1_108' title="bbox 2005 5385 3497 5459">
     <span class='ocr_line' id='line_1_108' title="bbox 2005 5385 3497 5459; baseline -0.009 -12"><span class='ocrx_word' id='word_1_699' title='bbox 2005 5391 2092 5446; x_wconf 88' lang='lat'><strong>69.</strong></span> <span class='ocrx_word' id='word_1_700' title='bbox 2125 5392 2269 5446; x_wconf 83' lang='lat' dir='ltr'><strong>Dixit</strong></span> <span class='ocrx_word' id='word_1_701' title='bbox 2290 5391 2434 5444; x_wconf 88' lang='lat' dir='ltr'><strong>enim</strong></span> <span class='ocrx_word' id='word_1_702' title='bbox 2469 5389 2716 5445; x_wconf 82' lang='lat' dir='ltr'><strong>diabolus</strong></span> <span class='ocrx_word' id='word_1_703' title='bbox 2736 5389 2790 5444; x_wconf 88' lang='lat' dir='ltr'><strong>in</strong></span> <span class='ocrx_word' id='word_1_704' title='bbox 2821 5405 2879 5443; x_wconf 90' lang='lat' dir='ltr'><strong>se</strong></span> <span class='ocrx_word' id='word_1_705' title='bbox 2908 5389 3024 5459; x_wconf 88' lang='lat' dir='ltr'><strong>ipso</strong></span> <span class='ocrx_word' id='word_1_706' title='bbox 3059 5403 3070 5437; x_wconf 92' lang='lat'><strong>:</strong></span> <span class='ocrx_word' id='word_1_707' title='bbox 3098 5385 3202 5452; x_wconf 88' lang='lat' dir='ltr'><strong>Qui</strong></span> <span class='ocrx_word' id='word_1_708' title='bbox 3225 5395 3497 5445; x_wconf 83' lang='lat' dir='ltr'><strong>errarunt,</strong></span> 
     </span>
    </p>
   </div>
   <div class='ocr_carea' id='block_1_109' title="bbox 1937 5483 2496 5552">
    <p class='ocr_par' dir='ltr' id='par_1_109' title="bbox 1937 5483 2496 5552">
     <span class='ocr_line' id='line_1_109' title="bbox 1937 5483 2496 5552; baseline -0.009 -12"><span class='ocrx_word' id='word_1_709' title='bbox 1937 5501 2044 5540; x_wconf 93' lang='lat' dir='ltr'><strong>nou</strong></span> <span class='ocrx_word' id='word_1_710' title='bbox 2079 5484 2313 5552; x_wconf 88' lang='lat' dir='ltr'><strong>requiret</strong></span> <span class='ocrx_word' id='word_1_711' title='bbox 2338 5483 2496 5538; x_wconf 81' lang='lat' dir='ltr'><strong>Deus.</strong></span> 
     </span>
    </p>
   </div>
   <div class='ocr_carea' id='block_1_110' title="bbox 2007 5570 3495 5640">
    <p class='ocr_par' dir='ltr' id='par_1_110' title="bbox 2007 5570 3495 5640">
     <span class='ocr_line' id='line_1_110' title="bbox 2007 5570 3495 5640; baseline -0.004 -12"><span class='ocrx_word' id='word_1_712' title='bbox 2007 5575 2092 5640; x_wconf 79' lang='lat'><strong>70,</strong></span> <span class='ocrx_word' id='word_1_713' title='bbox 2125 5574 2403 5629; x_wconf 82' lang='lat' dir='ltr'><strong>7l.Vides</strong></span> <span class='ocrx_word' id='word_1_714' title='bbox 2445 5585 2523 5638; x_wconf 91' lang='lat' dir='ltr'><strong>tu,</strong></span> <span class='ocrx_word' id='word_1_715' title='bbox 2569 5572 2815 5638; x_wconf 89' lang='lat' dir='ltr'><strong>Domine,</strong></span> <span class='ocrx_word' id='word_1_716' title='bbox 2866 5572 3096 5626; x_wconf 84' lang='lat' dir='ltr'><strong>dolorem</strong></span> <span class='ocrx_word' id='word_1_717' title='bbox 3150 5581 3198 5625; x_wconf 86' lang='lat' dir='ltr'><strong>et</strong></span> <span class='ocrx_word' id='word_1_718' title='bbox 3245 5570 3495 5634; x_wconf 86' lang='lat' dir='ltr'><strong>laborem,</strong></span> 
     </span>
    </p>
   </div>
   <div class='ocr_carea' id='block_1_111' title="bbox 1935 5663 3497 5730">
    <p class='ocr_par' dir='ltr' id='par_1_111' title="bbox 1935 5663 3497 5730">
     <span class='ocr_line' id='line_1_111' title="bbox 1935 5663 3497 5730; baseline -0.005 -8"><span class='ocrx_word' id='word_1_719' title='bbox 1935 5668 2040 5723; x_wconf 87' lang='lat' dir='ltr'><strong>hoc</strong></span> <span class='ocrx_word' id='word_1_720' title='bbox 2079 5673 2163 5720; x_wconf 88' lang='lat' dir='ltr'><strong>cst</strong></span> <span class='ocrx_word' id='word_1_721' title='bbox 2201 5665 2497 5730; x_wconf 88' lang='lat' dir='ltr'><strong>diabolum,</strong></span> <span class='ocrx_word' id='word_1_722' title='bbox 2541 5675 2600 5718; x_wconf 91' lang='lat' dir='ltr'><strong>ut</strong></span> <span class='ocrx_word' id='word_1_723' title='bbox 2649 5665 2826 5720; x_wconf 84' lang='lat' dir='ltr'><strong>tradas</strong></span> <span class='ocrx_word' id='word_1_724' title='bbox 2870 5679 2994 5719; x_wconf 89' lang='lat' dir='ltr'><strong>eum</strong></span> <span class='ocrx_word' id='word_1_725' title='bbox 3043 5664 3096 5718; x_wconf 91' lang='lat' dir='ltr'><strong>in</strong></span> <span class='ocrx_word' id='word_1_726' title='bbox 3129 5663 3361 5718; x_wconf 77' lang='lat' dir='ltr'><strong>adventu</strong></span> <span class='ocrx_word' id='word_1_727' title='bbox 3404 5671 3497 5716; x_wconf 83' lang='lat' dir='ltr'><strong>tuo</strong></span> 
     </span>
    </p>
   </div>
   <div class='ocr_carea' id='block_1_112' title="bbox 1936 5760 2699 5827">
    <p class='ocr_par' dir='ltr' id='par_1_112' title="bbox 1936 5760 2699 5827">
     <span class='ocr_line' id='line_1_112' title="bbox 1936 5760 2699 5827; baseline -0.004 -14"><span class='ocrx_word' id='word_1_728' title='bbox 1936 5760 2038 5815; x_wconf 89' lang='lat' dir='ltr'><strong>sub</strong></span> <span class='ocrx_word' id='word_1_729' title='bbox 2071 5765 2331 5827; x_wconf 90' lang='lat' dir='ltr'><strong>potestate</strong></span> <span class='ocrx_word' id='word_1_730' title='bbox 2365 5767 2699 5813; x_wconf 88' lang='lat' dir='ltr'><strong>sanctorum.</strong></span> 
     </span>
    </p>
   </div>
   <div class='ocr_carea' id='block_1_113' title="bbox 2008 5848 2940 5919">
    <p class='ocr_par' dir='ltr' id='par_1_113' title="bbox 2008 5848 2940 5919">
     <span class='ocr_line' id='line_1_113' title="bbox 2008 5848 2940 5919; baseline 0.003 -17"><span class='ocrx_word' id='word_1_731' title='bbox 2008 5849 2094 5902; x_wconf 74' lang='lat'><strong>72.</strong></span> <span class='ocrx_word' id='word_1_732' title='bbox 2129 5848 2363 5919; x_wconf 75' lang='lat' dir='ltr'><strong>ltespieit</strong></span> <span class='ocrx_word' id='word_1_733' title='bbox 2392 5850 2446 5903; x_wconf 91' lang='lat' dir='ltr'><strong>in</strong></span> <span class='ocrx_word' id='word_1_734' title='bbox 2475 5850 2734 5905; x_wconf 70' lang='lat' dir='ltr'><strong>auxilium</strong></span> <span class='ocrx_word' id='word_1_735' title='bbox 2768 5857 2940 5906; x_wconf 83' lang='lat' dir='ltr'><strong>ttmm.</strong></span> 
     </span>
    </p>
   </div>
   <div class='ocr_carea' id='block_1_114' title="bbox 3099 5944 3180 6002">
    <p class='ocr_par' dir='ltr' id='par_1_114' title="bbox 3099 5944 3180 6002">
     <span class='ocr_line' id='line_1_114' title="bbox 3099 5944 3180 6002; baseline 0 0"><span class='ocrx_word' id='word_1_736' title='bbox 3099 5944 3180 6002; x_wconf 68' lang='lat'><strong>22’.</strong></span> 
     </span>
    </p>
   </div>
  </div>
