4164 6482
695 440 798 499 685

767 554 852 608 75.
879 550 1130 621 Orphano
1162 560 1213 604 tu
1251 549 1393 604 fuisti
1427 552 1658 621 adjutor.

762 645 852 700 74.
879 644 1111 699 Contcre
1140 643 1417 697 brachium
1451 645 1749 712 peccatoris
1780 653 1832 696 et
1866 643 2082 713 maligni
2120 661 2132 694 ;

764 818 852 874 75.
887 820 1167 886 Qumretur
1198 833 1473 890 peccatum
1508 823 1670 881 illius.
1701 833 1754 876 ct
1790 839 1894 876 non
1931 823 2253 878 invenietur.

769 911 854 965 76.
892 911 1155 982 Regnabit
1196 914 1457 968 Dominus
1495 915 1545 965 in
1587 929 1872 977 internum,
1913 923 1966 968 et
2001 917 2052 966 in
2090 930 2258 967 saecu-

699 1003 806 1057 lum
838 1007 1020 1060 saeculi
1055 1022 1068 1057 :

769 1098 855 1152 77.
887 1098 1156 1161 Perihitis,
1193 1113 1398 1170 gentes.
1428 1102 1493 1154 de
1531 1112 1668 1155 terra
1706 1103 1871 1156 illius.

769 1189 855 1245 78.
889 1190 1222 1246 Desiderium
1256 1209 1548 1262 paupeer
1580 1195 1852 1248 exaudivit
1881 1193 2161 1248 Dominus.

769 1281 854 1338 79.
892 1283 1268 1353 Prteparationi
1301 1286 1479 1340 cordis
1507 1301 1694 1340 eorum
1727 1287 1952 1340 attendit
1979 1288 2123 1340 auris
2149 1297 2259 1340 tua.

771 1463 859 1517 80.
887 1463 1074 1518 Judica
1107 1464 1307 1533 pupillo
1339 1473 1390 1518 et
1417 1465 1625 1528 humili,

771 1554 859 1609 81,
895 1553 963 1609 Ut
1001 1572 1105 1609 non
1157 1567 1393 1626 apponat
1437 1559 1576 1612 ultra
1620 1557 1966 1629 magniﬁcare
2011 1573 2069 1613 se
2102 1559 2263 1613 homo

702 1662 859 1717 super
885 1658 1101 1700 terram.

916 1759 977 1814 In
1009 1762 1161 1829 linem
1192 1761 1438 1816 Psalmus
1468 1762 1654 1818 David.
1685 1761 1946 1818 PSALM.
1980 1761 2051 1817 X.

772 1874 894 1928 1.1ιι
914 1875 1138 1930 Domino
1153 1876 1385 1942 confido,
1405 1876 1679 1946 quomodo
1696 1877 1873 1931 dicitis
1890 1877 2082 1931 anima:
2098 1892 2228 1932 mea:
2248 1896 2259 1931 :
2295 1901 2337 1953 Β

768 1966 822 2020 2.
855 1966 1200 2038 Transmigra
1239 1969 1289 2022 in
1325 1979 1563 2023 montem
1597 1967 1736 2021 sicut
1764 1966 1987 2036 passer?

769 2060 822 2115 5.
851 2060 1117 2127 Quoniam
1147 2077 1272 2115 ecce
1303 2070 1609 2130 peccatores
1642 2061 1986 2115 intenderunt
2012 2076 2230 2127 arcum;

769 2155 825 2208 4.
853 2152 1185 2208 Paraverunt
1215 2154 1436 2223 sagittas
1466 2169 1593 2208 suas
1625 2153 1676 2208 in
1713 2154 1987 2224 pharetra,

771 2247 824 2303 5.
856 2246 926 2302 Ut
958 2249 1211 2318 sagittent
1247 2249 1299 2302 in
1333 2249 1566 2303 obscuro
1597 2258 1774 2302 rectos
1803 2247 1965 2302 corde
2002 2262 2014 2296 :

771 2425 826 2482 6.
853 2427 1117 2492 Quoniam
1142 2443 1260 2496 quae
1286 2426 1577 2497 perfeCtsti,
1606 2427 1708 2496 ipsi
1743 2427 2148 2482 destruxerunt.

775 2519 828 2574 7.
854 2517 1043 2574 Justus
1074 2528 1251 2572 autem
1288 2519 1415 2588 quid
1443 2519 1605 2574 fecit?

774 2610 825 2664 8.
857 2610 1115 2665 Dominus
1153 2612 1203 2664 in
1237 2611 1437 2680 templo
1471 2621 1661 2666 sancto
1686 2627 1786 2667 suo
1821 2633 1832 2663 ;

1530 438 1587 494 S.
1629 438 1999 494 ATIIANASII
2036 437 2185 494 OPP.
2228 437 2411 491 PARS
2449 436 2538 491 Ill.
2578 468 2647 476 --
2687 434 3103 491 EXEGETICA.

3817 430 3919 486 681

2425 551 2512 603 75.
2562 550 2808 620 Ὀρφανῷ
2838 551 2901 603 σὺ
2933 539 3074 618 ἦσθα
3111 546 3319 616 βοηθός.

2426 643 2514 695 74.
2545 640 2836 712 Σύντριψον
2879 641 2968 693 τὸν
3023 640 3280 712 βραχίονα
3326 638 3416 691 τοῦ
3463 637 3790 711 ἀμαρτωλοῦ
3831 641 3922 694 καὶ

2357 749 2488 801 πονη
2500 731 2590 800 ροῦ
2633 747 2647 761 °

2427 823 2897 894 75.ξΖητηθήσεται
2915 825 2946 893 ἠ
2967 823 3206 894 ἁμαρτία
3224 821 3409 884 αὐτοῦ,
3423 823 3516 875 καὶ
3531 824 3591 875 οὗ
3616 823 3690 893 μὴ
3706 825 3762 874 εὖ
3772 822 3920 894 ρεθῇ.

2430 916 2516 969 76.
2553 915 2868 968 Βασιλεύσει
2897 915 3099 987 Κύριος
3141 917 3220 978 είς
3252 915 3343 968 τὸν
3376 916 3565 976 αἰῶνα,
3596 917 3689 968 καὶ
3721 919 3801 979 είς
3838 917 3925 968 τὸν

2359 1010 2530 1064 αίῶνα
2555 1008 2648 1061 τοῦ
2680 1008 2893 1070 αἰῶνος.

2435 1103 2518 1155 77.
2566 1100 2894 1161 Ἀπολεῖσθε,
2929 1099 3077 1168 ἔθνη,
3111 1100 3174 1151 ἐκ
3200 1098 3298 1168 τῆς
3329 1099 3431 1168 γῆς
3458 1099 3646 1155 αὑτοῦ.

2435 1194 2520 1248 78.
2552 1195 2594 1245 Τ
2597 1194 2661 1262 ὴν
2689 1191 2979 1260 ἐπιθυμίαν
3001 1189 3107 1241 τῶν
3131 1191 3373 1260 πενήτων
3397 1193 3682 1263 είσήκουσε
3707 1191 3926 1262 Κύριος.

2426 1285 2514 1339 79.
2545 1284 2622 1354 Τῇ
2651 1282 2934 1353 ἑτοιμασίᾳ
2973 1281 3070 1351 τῆς
3111 1281 3334 1352 καρδίας
3365 1282 3542 1337 αὐτῶν
3572 1284 3838 1356 προσέσχε
3872 1295 3930 1338 το

2361 1372 2452 1438 οὖς
2487 1393 2596 1428 σου.

2435 1468 2522 1522 80.
2557 1471 2750 1539 Κρῖναι
2781 1466 2998 1538 ὀρφανῷ
3029 1465 3122 1520 καὶ
3151 1466 3410 1536 ταπεινῷ,

2433 1563 2521 1615 81.
2562 1563 2676 1614 Ἵνα
2722 1561 2795 1631 μὴ
2837 1559 3043 1630 προσθῇ
3078 1558 3156 1610 ἐτι
3199 1558 3292 1612 τοῦ
3331 1559 3689 1630 μεγαλαυχεῖν
3723 1562 3926 1634 ἀνθρω-

2367 1673 2464 1718 πος
2494 1655 2584 1707 ἐπὶ
2606 1654 2704 1723 τῆς
2726 1653 2852 1722 γῆς.

2472 1769 2574 1831 Εἰς
2602 1764 2666 1818 τὸ
2693 1763 2864 1828 τέλος
2893 1764 3133 1832 ψαλμὸς
3161 1763 3240 1828 τῷ
3269 1765 3461 1817 Δαϐίδ.
3504 1767 3733 1820 ΨΑΛΜ.
3763 1767 3827 1819 I'.

2443 1877 2490 1930 1.
2511 1876 2631 1929 Ἐπὶ
2648 1875 2724 1945 τῷ
2739 1875 2924 1945 Κυρίῳ
2942 1875 3195 1935 πέποιθα,
3222 1873 3336 1936 πῶς
3354 1877 3525 1945 ἐρεῖτε
3547 1879 3612 1946 τῇ
3628 1876 3777 1946 ψυχῇ
3801 1891 3901 1945 μου
3918 1890 3934 1906 ⁸

2442 1969 2496 2022 2.
2521 1967 2931 2021 Μεταναστεύου
2962 1967 3054 2019 ἐπὶ
3084 1968 3152 2020 τὰ
3188 1967 3285 2038 ὅρη
3314 1967 3387 2030 ὡς
3418 1968 3730 2038 στρουθίον;

2440 2058 2493 2113 5.
2524 2060 2644 2112 ’Ότι
2672 2058 2778 2110 ίδοὺ
2805 2059 2852 2110 οἱ
2880 2058 3187 2127 ἁμαρτωλοὶ
3216 2059 3481 2111 ἐνέτειναν
3503 2058 3655 2124 τόξον

2438 2154 2491 2207 4.
2534 2152 2867 2222 Ἠτοίμασαν
2901 2150 3027 2221 βέλη
3051 2152 3128 2213 είς
3157 2153 3454 2222 φαρέτραν,

2442 2246 2496 2300 5.
2525 2245 2633 2298 Τοῦ
2661 2237 3050 2308 κατατοξεῦσαι
3081 2246 3137 2296 ἐν
3183 2248 3485 2315 σκοτομήνη
3515 2245 3640 2309 τοὺς
3672 2244 3850 2308 εὐθεῐς
3874 2258 3901 2296 τ

2372 2338 2586 2410 καρδίᾳ·

2442 2430 2495 2487 6.
2529 2432 2649 2484 ’Ὁτι
2681 2429 2716 2484 ἃ
2746 2432 2809 2483 σὺ
2845 2428 3175 2502 κατηρτίσω,
3208 2430 3360 2484 αὐτοὶ
3393 2428 3657 2482 καθεῖλον.

2445 2522 2498 2576 7.
2539 2523 2598 2574 ’0
2629 2522 2684 2575 δὲ
2715 2521 2916 2583 δίκαιος
2939 2521 2990 2572 τί
3021 2521 3274 2592 sucinae;

2447 2615 2500 2670 8.
2532 2615 2734 2687 Κύριος
2768 2617 2824 2667 ἐν
2852 2611 2963 2683 ναῷ
2993 2611 3130 2681 ἁγίῳ
3162 2611 3325 2665 αὐτοῦ
3347 2627 3360 2644 °

1820 2745 2199 2803 ATHANASII
2241 2749 2829 2808 INTERPRETATIO.

775 2867 864 2920 75.
894 2864 1209 2933 Orphauum
1253 2864 1383 2918 dicit
1416 2879 1538 2916 eum
1560 2901 1574 2926 ,
1615 2862 1707 2931 qui
1747 2877 1853 2916 non
1890 2863 2048 2918 habet
2077 2865 2268 2921 huma-

711 2973 838 3014 Lum
875 2959 1158 3013 auxilium.

782 3049 866 3104 74.
903 3048 1337 3102 Dominationeni
1371 3047 1589 3101 diaboli.

780 3141 867 3201 75,
898 3140 983 3194 76.
1012 3139 1291 3205 Ουειξνοιυν
1339 3149 1614 3208 peccatum
1647 3140 1786 3209 ejus,
1818 3149 1870 3194 et
1899 3157 2005 3196 non
2041 3143 2277 3212 amplius

711 3232 826 3303 ipse
868 3232 1119 3286 diabolus
1169 3232 1501 3294 invenietur;
1546 3232 1802 3300 quoniam
1849 3234 2077 3288 traditus
2108 3235 2276 3289 estin

713 3321 886 3393 ignem
911 3331 1170 3375 aeternum
1203 3339 1215 3374 :
1241 3331 1293 3375 et
1315 3322 1529 3375 demum
1558 3321 1817 3378 Dominus
1842 3326 1992 3379 solus
2014 3327 2275 3397 regnabit.

786 3499 870 3554 77.
911 3500 1130 3563 Gentes,
1165 3517 1283 3571 qua:
1325 3503 1372 3556 ci
1405 3519 1510 3557 non
1551 3503 2082 3575 obtemperaverunt,
2117 3525 2147 3564 a
2178 3525 2279 3565 suo

715 3592 919 3648 etelesti
949 3609 1114 3662 regno
1144 3594 1468 3650 alienantur.

787 3685 872 3738 78.
910 3684 1244 3739 Desiderium
1273 3703 1567 3757 pauperum
1594 3693 1814 3747 exaudit
1845 3693 1986 3750 Deus
2015 3705 2070 3749 et
2096 3694 2282 3750 Domi-

718 3794 841 3843 nus,
867 3779 1121 3848 quoniam
1157 3796 1276 3849 qua:
1309 3781 1408 3850 ipsi
1449 3793 1596 3850 grata
1632 3794 1759 3839 sunt
1791 3787 2210 3858 concupiscunt.

787 3959 875 4014 79.
905 3959 1204 4015 Clamorem
1252 3977 1474 4020 eorum.
1524 3962 1616 4032 qui
1657 3964 1872 4018 contriti
1916 3976 1969 4019 et
2016 3965 2281 4022 humiliati

719 4063 847 4108 sunt
871 4054 1051 4118 corde,
1084 4056 1358 4109 exaudivit
1385 4056 1532 4111 auris
1564 4066 1675 4110 tua.

790 4145 876 4199 80.
915 4145 1133 4200 Vindica
1165 4162 1277 4213 eos,
1309 4147 1399 4216 qui
1431 4149 1692 4202 auxilium
1731 4165 1836 4203 non
1870 4147 2102 4216 habent;

791 4236 873 4289 8!.
910 4236 985 4290 Ne
1014 4247 1199 4290 contra
1237 4239 1381 4306 ipsos
1413 4240 1694 4301 diabolus.
1726 4250 1780 4295 et
1808 4243 1902 4310 qui
1935 4243 2002 4294 ah
2035 4257 2100 4296 eo
2131 4251 2279 4305 sunt,

721 4329 1036 4397 superbiant
1068 4332 1121 4383 in
1150 4331 1327 4384 terris.

2449 2871 2537 2924 75.
2579 2869 2841 2941 Ὀρφανδν
2873 2869 3020 2938 λέγει
3065 2865 3164 2937 τὴν
3207 2865 3551 2936 ἀνθρωπίνην
3582 2864 3835 2936 βοήθειαν
3873 2868 3944 2943 μὴ

2381 2962 2588 3033 ἔχοντα.

2448 3056 2535 3109 74.
2562 3055 2670 3125 Τὴν
2699 3055 3014 3108 δυναστείαν
3040 3054 3133 3108 τοῦ
3157 3051 3416 3109 διαϐόλου,

2449 3146 2538 3208 7‘5,
2572 3145 2658 3198 76.
2693 3145 3064 3216 Ζητηθήσεται
3110 3147 3143 3215 ὴ
3195 3145 3436 3214 ἁμαρτία
3483 3128 3680 3207 αὐτοῦ,
3726 3145 3821 3198 καὶ
3854 3144 3948 3198 οὐκ

2380 3238 2459 3290 ἔτι
2490 3238 2651 3298 αὐτὸς
2684 3239 2711 3290 6
2742 3236 2983 3300 διάϐολος
3011 3237 3071 3289 οὑ
3115 3238 3187 3306 μὴ
3229 3236 3443 3306 εὑρεθῇ·
3490 3237 3576 3289 διὰ
3619 3237 3679 3290 τὸ
3725 3238 3949 3310 παραδο·

2383 3329 2539 3401 θῆναι
2570 3329 2731 3382 αὐτὸν
2768 3330 2844 3400 τῷ
2875 3330 3077 3399 αἰωνίῳ
3107 3329 3260 3400 πυρὶ,
3295 3331 3386 3382 καὶ
3409 3328 3593 3382 λοιπὸν
3625 3331 3834 3402 Κύριος
3863 3331 3950 3402 μὸο

2383 3440 2470 3485 νος
2499 3422 2823 3492 βασιλεύσει.

2454 3517 2541 3569 77.
2576 3516 2743 3586 Ἐθνη
2777 3515 2844 3569 τὰ
2894 3516 2966 3587 μὴ
3018 3515 3311 3586 πειθόμενα
3352 3513 3498 3584 αὑτῴ
3550 3514 3954 3587 ἀλλοτριοῦνται

2383 3606 2480 3676 τῆς
2510 3605 2827 3677 ἐπουρανίου
2857 3605 3019 3659 αὑτοῦ
3046 3604 3337 3674 βασιλείας.

2459 3698 2541 3752 78.
2572 3698 2680 3768 Τὴν
2723 3697 3010 3767 ἐπιθυμίαν
3042 3697 3149 3749 τῶν
3184 3697 3427 3766 πενήτων
3457 3697 3731 3750 είσακούει
3763 3699 3792 3750 6
3829 3696 3954 3759 Θεὸς

2385 3789 2480 3842 καὶ
2503 3789 2723 3860 Κύριος,
2752 3788 2936 3858 ἐπειδὴ
2975 3789 3043 3841 τὰ
3086 3790 3288 3859 ἀστερὰ
3315 3787 3565 3860 ίάρεστὰ]
3593 3789 3741 3859 αὑτῷ
3767 3790 3952 3844 ὲπιθυ-

2391 3878 2489 3948 μοῧ
2497 3897 2570 3933 σι.

2459 3969 2545 4023 79.
2576 3969 2694 4023 Τῶν
2724 3972 3191 4043 συντετριμμένων
3237 3971 3328 4024 καὶ⁸
3353 3973 3840 4042 τεταπεινωμένων
3864 3974 3955 4045 τὴν

2389 4063 2611 4132 καρδίαν
2643 4064 2838 4133 ἤκουσε
2864 4065 2960 4130 τῆς
2985 4063 3111 4133 βοῆς
3137 4063 3196 4115 τὸ
3229 4059 3319 4125 οὖς
3352 4080 3465 4116 σου.

2459 4155 2546 4208 80.
2577 4156 2800 4225 Ποιῆσαι
2828 4155 2922 4225 τὴν
2953 4155 3227 4224 ἐκδίκησιν
3257 4152 3362 4205 τῶν
3391 4153 3708 4224 ἀϐοηθήτων
3729 4169 3743 4181 ·

2463 4247 2550 4300 81.
2575 4247 2690 4300 Ἵνα
2723 4247 2797 4318 μὴ
2836 4247 2954 4300 κατ’
2993 4249 3186 4310 αὐτοὺς
3229 4247 3257 4298 6
3301 4245 3543 4308 διάϐολος
3573 4249 3667 4300 καὶ
3710 4249 3761 4300 οί
3798 4246 3956 4302 αὑτοῦ

2320 4354 2361 4407 ο
2393 4339 2760 4409 τετυφωμένοι
2784 4334 2915 4392 ὦσιν
2949 4340 3041 4392 ἐπὶ
3071 4341 3166 4410 τῆς
3198 4338 3322 4409 γῆς.

803 4447 866 4501 Ἦ
896 4450 1226 4520 προκειμένη
1275 4453 1551 4524 ἐπιγραφὴ
1591 4455 1624 4524 ή
1668 4453 1755 4506 διὰ
1798 4453 1896 4524 τῆς
1933 4455 2301 4526 κινναϐάρεως
2328 4457 2590 4528 περιέχειν
2621 4461 2724 4522 Είς
2771 4457 2835 4511 τὸ
2866 4457 3040 4522 τέλος
3070 4455 3309 4525 ψαλμὸς
3347 4452 3428 4519 τῷ
3463 4454 3660 4516 Δαϐὶδ,
3694 4458 3960 4512 τουτέστιν

722 4541 808 4595 ἐπ’
838 4544 1076 4614 ἐσχάτων
1102 4547 1208 4598 τῶν
1234 4550 1438 4618 χρόνων
1472 4549 1685 4623 εἴρηται
1723 4552 1750 4605 6
1775 4551 1985 4623 ψαλμὺς
2015 4554 2094 4615 είς
2127 4554 2251 4617 τοὺς
2282 4555 2470 4623 ἁγίους
2515 4553 2607 4606 τοῦ
2647 4554 2801 4607 Θεοῦ.
2833 4555 2996 4607 Δαόὶδ
3019 4553 3127 4624 γὰρ
3161 4551 3539 4622 ἑρμηνεύεται,
3571 4554 3801 4608 τούτων
3830 4556 3960 4611 ἐπό-

724 4636 899 4703 θησα,
933 4637 1174 4691 τουτέστι
1201 4639 1308 4693 τῶν
1333 4641 1518 4710 ἁγίων.

795 4748 1027 4813 Titulus,
1062 4754 1152 4822 qui
1189 4755 1395 4825 psalmo
1429 4758 1776 4828 prazponitur,
1814 4758 2091 4812 cinnabari
2127 4758 2362 4826 scriptus
2392 4758 2630 4812 continet
2666 4774 2677 4809 ε
2715 4756 2780 4810 In
2807 4758 2964 4827 ﬁnem
2985 4761 3220 4829 psalmus
3237 4761 3426 4828 David,
3448 4764 3550 4819 hoc
3583 4773 3667 4819 est
3701 4765 3756 4819 in
3793 4765 3963 4820 novis-

727 4843 881 4900 simis
902 4849 1232 4917 temporibus
1250 4853 1492 4920 psalmus
1514 4852 1710 4907 dicitur
1733 4854 1796 4907 de
1817 4855 2018 4909 sanctis
2043 4852 2155 4907 Dei.
2181 4851 2349 4908 David
2373 4856 2516 4908 enim
2538 4854 2942 4922 interpretatur,
2965 4857 3056 4909 hos
3075 4859 3391 4924 desideravi,
3427 4860 3528 4915 hoc
3548 4870 3628 4915 est
3662 4872 3902 4917 sanctos.

800 4941 851 4995 1.
890 4941 943 4996 lu
981 4943 1088 4999 Deo
1114 4948 1345 5015 speravi,
1381 4949 1509 5017 quid
1543 4949 1820 5004 suadetis?

798 5036 854 5091 2.
885 5035 1092 5093 Extolle
1119 5041 1304 5095 oculos
1335 5041 1531 5095 mentis
1559 5050 1663 5095 tua:
1696 5042 1761 5096 ad
1790 5042 2049 5105 cmlestia,
2085 5052 2137 5095 et
2168 5043 2293 5097 nul-

732 5127 836 5181 lam
870 5130 1265 5185 mundanarum
1297 5148 1476 5185 rerum
1507 5147 1689 5186 curam
1726 5149 1870 5202 gere.

799 5221 877 5273 5-
901 5222 954 5275 5.
989 5221 1253 5288 Quoniam
1293 5223 1563 5277 dzemoncs
1605 5224 1925 5293 cupiditates
1957 5233 2010 5277 et
2045 5231 2292 5278 ostenta-

731 5313 907 5366 tiones
950 5314 1108 5383 hujus
1141 5314 1260 5368 vit-.e
1301 5315 1599 5370 immittunt
1631 5317 1768 5370 inter
1812 5317 2062 5371 tenebras
2103 5317 2290 5370 mundi

730 5404 786 5460 in
823 5406 988 5462 corda
1015 5407 1305 5476 iustorum.

801 5497 854 5551 6.
888 5497 1306 5555 Justitlcationes
1350 5499 1585 5563 Domini,
1618 5517 1754 5571 quas
1797 5499 1910 5568 ipse
1938 5500 2284 5570 praeparavit,

732 5589 834 5659 ipsi
863 5593 1263 5647 subverterent.

804 5685 856 5740 7.
888 5684 1076 5740 Justus
1101 5697 1279 5742 autem
1311 5688 1440 5757 quid
1478 5689 1668 5741 horum
1701 5686 1863 5742 fecit?

804 5778 856 5832 8.
891 5777 1150 5832 Dominus
1186 5795 1291 5834 non
1331 5781 1382 5832 in
1429 5779 1698 5849 speluncis
1729 5779 2103 5834 luereticorum
2138 5778 2294 5831 inha-

715 5870 888 5933 -bitat,
924 5872 1017 5925 sed
1051 5873 1103 5926 in
1131 5873 1330 5942 templo
1360 5882 1547 5928 sancto
1578 5889 1700 5928 suo.

2463 4949 2512 5002 1.
2552 4949 2673 5001 Ἐπὶ
2698 4948 2774 5017 τῷ
2803 4951 2990 5021 Κυρίῳ
3017 4951 3241 5020 ἤλπισα,
3270 4954 3320 5006 τί
3351 4953 3782 5023 συμϐουλεύετε;

2468 5040 2521 5093 2.
2552 5042 2617 5092 Ἐ
2629 5058 2792 5111 παρον
2816 5043 2941 5104 τοὺς
2970 5042 3279 5113 ὀφθαλμοὺς
3300 5048 3398 5116 τῆς
3422 5046 3658 5108 διανοίας
3688 5064 3784 5099 σου
3811 5051 3886 5110 είς
3904 5045 3963 5098 τὰ

2397 5132 2715 5202 ἐπουράνια,
2747 5136 2836 5185 καὶ
2870 5134 3137 5204 μηδεμίαν
3164 5134 3252 5205 ἔχε
3280 5137 3533 5207 φροντίδα
3559 5136 3840 5209 βιωτικήν.

2469 5225 2589 5277 5-5.
2646 5225 2768 5276 ’Ότι
2808 5225 2856 5277 οἱ
2923 5225 3175 5296 δαίμονες
3216 5227 3315 5290 τὰς
3367 5228 3667 5298 ’ἐπιθυμίας
3726 5230 3820 5282 καὶ
3878 5231 3964 5293 τὰς

2400 5315 2717 5379 ἀλαζονείας
2748 5316 2841 5368 τοῦ
2879 5316 2992 5386 βίου
3043 5319 3490 5389 καταπέμπουσιν
3516 5320 3595 5383 είς
3623 5323 3723 5385 τὰς
3755 5324 3966 5396 καρδίας

2399 5409 2505 5462 τῶν
2535 5409 2760 5462 δικαίων
2794 5411 2850 5461 ἐν
2888 5409 2966 5480 τῷ
2998 5412 3178 5463 σκότει
3209 5411 3300 5464 τοῦ
3331 5412 3552 5483 κόσμου.

2474 5501 2524 5555 6.
2555 5502 2631 5554 Τὰ
2662 5500 3000 5570 δικαιώματα
3045 5503 3136 5555 τοῦ
3181 5505 3406 5576 Κυρίου,
3449 5503 3484 5558 ἃ.
3529 5504 3692 5569 αὐτὸς
3721 5506 3968 5578 κατηρτί-

2408 5611 2553 5656 σατο,
2591 5595 2742 5646 αὐτοὶ
2769 5596 3218 5665 ἀπεστράφησαν.

2475 5687 2527 5739 7.
2575 5688 2631 5738 Ὀ
2657 5687 2712 5738 δὲ
2739 5687 2942 5750 δίκαιος
2978 5690 3029 5749 τί
3054 5689 3209 5741 τοῦτο
3241 5687 3488 5760 [τούτων]
3512 5689 3804 5761 ἐποίησεν;

2479 5779 2531 5834 8.
2563 5779 2764 5851 Κύριος
2801 5782 2900 5833 οὐκ
2939 5783 2997 5833 ἐν
3039 5782 3323 5851 σπηλαίοις
3367 5782 3660 5854 αἱρετικῶν
3708 5782 3971 5851 κατοικεῖ,

2412 5870 2524 5924 ἀλλ’
2560 5873 2619 5925 ὲν
2645 5872 2752 5928 ναῶ
2787 5872 2925 5937 ἁγίῳ
2951 5873 3134 5926 αὑτοῦ.
