4164 6528
707 465 810 521 687
1514 455 1569 510 S.
1609 451 1976 508 ATIIANASII
2017 449 2168 504 ΟΡΡ.
2211 448 2391 506 PARS
2435 447 2522 503 Ill.
2565 479 2634 490 —-
2673 443 3084 500 EXEGETICA.
3835 438 3940 495 688

777 583 828 635 8.
861 580 1022 635 Latna
1047 587 1230 633 nostra
1257 593 1284 630 a
1317 575 1472 630 nobis
1500 583 1643 629 sunt.

2445 566 2498 621 8.
2535 565 2615 620 Τὰ
2644 565 2793 637 χείλη
2825 563 2982 634 ἡμῶν
3017 561 3144 633 παρ’
3177 562 3307 631 ἡμῖν
3330 561 3463 614 ἐστι’

781 674 832 728 9.
865 673 998 738 Quis
1032 681 1213 725 noster
1245 668 1504 721 Dominus
1532 665 1649 720 est?

1626 665 1649 717 ?
2447 660 2498 714 9.
2537 658 2632 722 Τίς
2665 659 2819 728 ἡμῶν
2851 655 3052 725 Κύριός
3081 657 3261 718 tactv;

782 765 865 818 10.
906 764 1127 833 Propter
1163 760 1432 815 miseriam
1448 759 1712 825 .inopum,

2447 751 2532 804 10.
2569 752 2792 803 Ἕνεκεν
2819 750 2915 820 τῆς
2939 747 3310 818 ταλαιπωρίας
3347 745 3453 798 τῶν
3481 742 3731 814 πτωχῶν,

784 857 865 909 11.
893 855 958 908 Et
978 856 1233 923 gemitum
1263 865 1582 922 pauperum,

2445 842 2530 895 11.
2562 843 2668 893 Καὶ
2693 839 2784 893 τοῦ
2814 835 3114 908 στεναγμοῦ
3143 838 3248 889 τῶν
3274 837 3539 907 πενήτων,

783 951 868 1004 19..
899 949 1051 1004 Nunc
1078 963 1361 1017 exsurgant
1407 944 1580 1012 (dicit
1623 941 1924 1008 Dominus)
1961 956 1973 991 :

1916 946 1924 1000 μ
1961 956 1973 991 ε
2448 933 2532 986 12.
2568 934 2680 985 Νῦν
2704 932 3095 1000 ἁναστήσομαι,
3130 928 3276 997 λέγει
3318 926 3520 997 Κύριος
3545 967 3560 994 ,

786 1044 871 1097 15.
905 1041 1110 1096 Ponam
1143 1040 1193 1094 in
1227 1037 1480 1094 salutari:
1517 1034 1838 1090 lidueialiter
1869 1045 2023 1101 agam
2059 1028 2112 1082 in
2147 1042 2238 1080 eo.

2448 1027 2532 1080 13.
2564 1025 2811 1095 Θήσομαι
2840 1025 2896 1076 ὲν
2916 1021 3163 1094 σωτηρίῳ
3183 1038 3196 1051 ·
3225 1021 3671 1092 παρρησιάσομαι
3696 1019 3754 1069 ὲν
3777 1016 3939 1086 αύτῷ.

786 1134 872 1185 14.
908 1133 1131 1202 Eloquia
1165 1131 1412 1193 Domini,
1443 1127 1656 1196 eloquia
1689 1135 1864 1179 casta.

1826 1140 1864 1177 ι.
2451 1118 2532 1172 14.
2567 1117 2647 1170 Τά
2675 1117 2833 1185 λόγια
2862 1114 3091 1185 Κυρίου,
3125 1113 3283 1182 λόγια
3313 1113 3470 1181 ἁγνά.

785 1223 870 1278 15.
906 1229 1201 1293 Argentum
1224 1222 1346 1292 igne
1369 1218 1761 1276 examinatum.
1789 1211 2072 1284 probatum
2095 1218 2273 1270 terrae,

2163 1221 2273 1270 τῖε,
2451 1212 2537 1265 15.
2572 1210 2857 1281 Ἀργύριον
2886 1208 3300 1278 πεπυρωμένον,
3331 1207 3576 1278 δοκίμιον
3605 1209 3672 1276 τῇ
3700 1207 3772 1276 γῇ
3793 1246 3807 1269 ,

784 1317 870 1370 16.
899 1313 1194 1386 Pnrgatum
1227 1321 1378 1383 septu
1389 1311 1533 1380 plum
1547 1351 1560 1365 .

2448 1302 2531 1356 16.
2564 1302 3049 1373 Κεκαθαρισμένον
3085 1301 3488 1364 έπταπλασίως.

787 1408 874 1462 17.
907 1407 1010 1472 Τυ,
1045 1406 1288 1468 Domine,
1313 1404 1554 1460 servabis
1585 1416 1703 1466 nos,
1739 1410 1793 1455 et
1823 1395 2102 1452 custodies
2138 1409 2238 1448 nos
2261 1431 2276 1456 ,

2451 1395 2536 1447 17.
2567 1395 2661 1457 Σὺ,
2693 1394 2883 1466 Κύριε,
2920 1392 3180 1463 φυλάξαις
3227 1395 3374 1463 ἡμᾶς
3397 1431 3412 1456 ,
3459 1392 3551 1444 καὶ
3591 1390 3951 1462 διατηρήσαις

2379 1490 2525 1562 ἡμᾶς
2547 1529 2560 1553 ›

787 1591 875 1647 18.
908 1591 947 1643 Α
982 1599 1326 1662 generatione
1351 1591 1471 1655 hac,
1503 1597 1556 1643 et
1585 1589 1638 1642 in
1673 1597 1960 1642 aeternum.

2452 1581 2536 1635 18.
2583 1578 2714 1631 Ἀπὸ
2746 1580 2843 1650 τῆς
2883 1580 3073 1647 γενεᾶς
3102 1576 3327 1647 ταύτης,
3362 1577 3456 1630 καὶ
3494 1576 3576 1638 εἰς
3604 1591 3696 1626 τον
3725 1591 3914 1626 αιωνα.

791 1685 875 1741 19.
909 1683 967 1738 ln
998 1684 1226 1740 circuitu
1260 1683 1409 1752 impii
1445 1681 1762 1737 ambulant:

2456 1671 2538 1724 19.
2576 1669 2773 1740 Κύκλῳ
2799 1671 2848 1722 οἱ
2889 1669 3103 1732 ἀσεϐεῖς
3136 1666 3533 1740 περιπατοῦσι·

785 1774 877 1830 20.
940 1775 1249 1830 Secundum
1300 1772 1638 1826 altitudinem
1701 1780 1844 1826 tuam
1903 1765 2279 1836 multiplicasti

2454 1765 2542 1820 20.
2579 1766 2736 1819 Κατά
2780 1765 2841 1817 τὸ
2880 1763 3009 1833 ὕψος
3076 1780 3167 1816 σου
3214 1759 3602 1832 ἐπολυώρησας
3651 1759 3779 1822 τοὺς
3811 1758 3957 1821 uiuis;

723 1869 867 1924 lilios
896 1868 1200 1922 hominum.
2320 1858 2361 1914 B

2320 1858 2361 1914 Β
2390 1860 2497 1913 τῶν
2531 1857 2852 1929 ἀνθρώπων.
3737 1839 3759 1855 ⁸

899 1955 964 2010 1η
991 1957 1145 2026 ﬁnem
1177 1955 1408 2024 psalmus
1436 1952 1624 2008 David.
1658 1949 1920 2006 PSALM.
1954 1948 2100 2004 XII.
2457 1950 2543 2013 Εἰς

2457 1950 2560 2013 Εἰς
2585 1947 2646 1999 τὸ
2683 1945 3125 2013 τέλοςψαλμύς
3158 1941 3236 2007 τῷ
3267 1943 3460 1995 Δαϐίὸ.
3513 1944 3746 1996 ΨΑΛΜ.
3782 1939 3897 1995 IB'.

794 2051 844 2106 1.
879 2047 1194 2118 Usquequo,
1225 2046 1470 2112 Domine,
1515 2044 1852 2100 Oblivisceris
1884 2058 1970 2097 me
2006 2043 2058 2096 in
2092 2040 2290 2095 ﬁnem?

2212 2041 2290 2094 m?
2467 2036 2517 2089 1.
2547 2035 2694 2099 Ἕως
2721 2035 2872 2100 πότε,
2907 2035 3098 2105 Κύριε,
3135 2031 3366 2103 ἐπιλήσῃ
3403 2048 3505 2102 μου
3538 2033 3618 2094 εἰς
3665 2030 3856 2094 τέλος;

1833 2265 2203 2322 ΑΤΙΙΑΝΑ811
2249 2256 2816 2319 INTERPRETATIO

795 2478 848 2543 8,
874 2477 925 2533 9.
955 2475 1080 2532 “me
1107 2477 1338 2530 dixerint
1369 2474 1661 2535 daemones,
1683 2480 1979 2535 eorumque
2013 2479 2294 2534 sequaces.

2465 2464 2520 2529 8,
2545 2464 2596 2518 9.
2625 2464 2808 2517 Ταυτα
2835 2463 2883 2516 οἱ
2908 2462 3156 2532 δαίμονες
3182 2459 3247 2514 ἂν
3269 2461 3511 2513 εἴποισαν
3529 2459 3629 2529 (a),
3656 2459 3751 2512 καὶ
3773 2459 3825 2513 oi
3850 2458 3970 2513 τού-

2397 2572 2506 2618 τοις
2533 2555 2806 2625 ἑπόμενοι.

801 2653 889 2707 10.
921 2651 1147 2718 Propter
1177 2648 1541 2703 infirmitatem
1574 2645 2072 2716 pusillanimorum.

2469 2645 2556 2698 10.
2588 2646 2812 2698 Ἕνεκεν
2840 2645 2939 2715 τῆς
2971 2643 3253 2706 ἀσθενείας
3280 2641 3388 2696 τῶν
3418 2642 3775 2712 ὀλιγοψύχων.

805 2745 891 2799 11.
923 2741 1222 2806 Justorum,
1256 2743 1350 2796 ait.
2323 2753 2367 2811 ο

2323 2753 2367 2811 c
2470 2737 2530 2790 11
2582 2736 2701 2789 Τῶν
2728 2736 2971 2803 δικαίων,
3003 2737 3169 2805 λέγει.

809 2838 895 2890 12.
936 2834 1002 2890 Ut
1031 2835 1338 2891 adveniam.

2476 2828 2563 2883 12.
2612 2827 2734 2882 Ἐπὶ
2766 2828 2827 2881 τὸ
2853 2827 3276 2899 παραγενέσθαι.

807 2928 892 2982 15.
927 2926 982 2981 1n
1013 2942 1173 2982 cruce
1194 2925 1326 2979 dicit
1355 2922 1676 2977 ﬁducialiter
1710 2935 1889 2990 agam,
1914 2927 1968 2974 et
1994 2917 2300 2988 triumpha-

2480 2919 2563 2972 15.
2599 2917 2688 2988 Τῷ
2719 2917 2956 2988 σταυρῷ,
2978 2919 3146 2984 λέγει,
3166 2920 3632 2989 παρρησιάσομαι,
3663 2922 3758 2969 καὶ
3791 2915 3974 2987 Optat»

734 3021 803 3075 bo
857 3021 923 3074 de
973 3016 1364 3088 principatibus
1434 3024 1488 3068 et
1533 3012 1892 3084 potestatibus
1953 3010 2298 3066 tenebrarum

2408 3010 2585 3064 δεύσω
2616 3009 2713 3074 τὰς
2746 3010 2950 3082 ἀρχὰς,
2998 3011 3094 3074 τὰς
3149 3008 3390 3072 ἐξουσίας
3463 3008 3556 3060 τοῦ
3610 3009 3839 3073 σκότους
3890 3007 3973 3062 τοῦ

739 3113 902 3182 hujus
926 3109 1133 3165 Saeculi.

2410 3100 2606 3162 αἰῶνος
2631 3099 2837 3155 τούτου.

818 3203 1007 3258 14-16.
1039 3201 1136 3256 Est
1158 3208 1460 3271 argentum,
1489 3198 1632 3268 quod
1682 3196 1883 3266 septies
1933 3195 2060 3264 igne
2098 3192 2308 3248 exami-

2485 3190 2552 3244 14
2581 3218 2607 3228 -
2636 3187 2721 3241 16.
2755 3189 2941 3240 Ἔστιν
2993 3188 3252 3259 ἀργύριον
3321 3189 3447 3256 ὅπερ
3506 3186 3846 3257 πυρούμενον
3895 3187 3978 3241 ἒϐ-

740 3306 928 3354 natum
965 3295 1188 3366 probius
1232 3293 1448 3358 evadit;
1496 3293 1568 3346 ita
1625 3289 1784 3361 igitur
1825 3287 2040 3356 eloquia
2092 3283 2303 3339 Domini

2407 3283 2569 3353 δομον
2619 3280 3054 3351 θαυμαστότερον
3086 3283 3332 3347 γίνεται·
3373 3281 3540 3343 ειῦτως
3584 3277 3677 3335 οὖν
3726 3281 3797 3333 τὰ
3829 3281 3979 3351 λόγια

739 3400 942 3461 septem
978 3388 1168 3444 diebus
1190 3387 1435 3457 probata,
1466 3385 1570 3439 hoc
1603 3389 1685 3435 est
1708 3377 1937 3448 singulis
1959 3375 2152 3432 diebus
2175 3389 2302 3445 pro-

2410 3374 2616 3445 Κυρίου
2650 3373 2706 3426 ἐν
2755 3375 2872 3436 ταῖς
2924 3372 3062 3425 ἐπτά
3110 3372 3341 3442 ἡμέραις
3385 3370 3830 3443 δοκιμαζόμενα,
3864 3390 3982 3426 του-

741 3485 950 3540 batiora
981 3481 1333 3536 inveniuntur
1362 3480 1429 3531 ab
1452 3473 1864 3544 exquirentihus
1890 3485 1976 3525 ea.

2410 3467 2558 3520 τέστι
2591 3466 2711 3520 καθ’
2761 3467 3025 3538 ἑκάστην,
3084 3467 3423 3536 δοκιμώτερα
3471 3466 3819 3537 εὑρίσκονται
3875 3471 3982 3533 τοῖς

2411 3559 2731 3633 ἐκζητοῦσιν
2758 3560 2917 3613 αὐτά.

814 3666 902 3726 17,
941 3663 1023 3718 18.
1053 3661 1155 3724 Tu,
1188 3659 1434 3724 Domine,
1467 3651 1834 3713 circumdabis
1857 3667 1977 3714 nos,
2010 3659 2063 3704 et
2105 3657 2308 3704 custo-

2488 3653 2574 3719 17,
2611 3653 2696 3706 18.
2735 3654 2827 3716 Σὺ,
2865 3652 3054 3723 Κύριε,
3090 3651 3398 3714 κυκλώσεις
3421 3654 3589 3724 ἡμᾶς,
3622 3655 3718 3707 καὶ
3750 3656 3957 3726 φρουρὴ

744 3758 860 3814 dies
888 3771 987 3811 nos
1019 3769 1182 3818 nunc,
1215 3760 1263 3806 et
1297 3751 1348 3805 in
1381 3748 1565 3802 futuro
1591 3743 1813 3801 saeculo.

2418 3763 2530 3809 σεις
2565 3748 2712 3817 ἡμᾶς
2744 3748 2801 3798 ὲν
2838 3745 2916 3816 τῷ
2941 3745 3034 3799 νῦν
3082 3748 3176 3798 καὶ
3206 3747 3262 3797 ὲν
3294 3746 3372 3816 τῷ
3400 3747 3643 3816 μέλλοντι
3671 3748 3855 3801 αἱῶνι.

820 3849 904 3906 19.
940 3847 1218 3903 Daemones
1249 3838 1740 3898 circumambulant
1767 3835 1825 3888 in
1849 3832 2074 3897 mundo,
2105 3832 2218 3886 sive
2247 3829 2307 3883 in

2487 3835 2575 3890 19.
2616 3836 2704 3887 Ἐν
2732 3835 2809 3905 τῷ
2843 3836 3031 3904 κόσμῳ
3065 3835 3095 3905 ἢ
3122 3836 3180 3886 ὲν
3211 3839 3326 3898 ταῖς
3356 3836 3606 3907 καρδίαις
3641 3837 3749 3890 τῶν
3780 3837 3979 3910 ἀνθρώ·

749 3943 1004 3999 cordibus
1033 3939 1340 3994 hominum.

2420 3944 2535 3980 πων
2567 3929 2616 3980 oi
2649 3927 2900 3998 δαίμονες
2934 3927 3314 3992 περιπατοῦσι.

817 4033 907 4089 20.
948 4031 1191 4095 Domine,
1240 4028 1293 4083 in
1333 4027 1531 4082 virtute
1571 4034 1660 4080 tua
1710 4022 1924 4079 traxisti
1972 4019 2036 4075 ad
2077 4019 2310 4090 teipsum

2489 4017 2578 4072 20.
2613 4018 2804 4090 Κύριε,
2842 4022 2898 4072 ἐν
2928 4022 2992 4090 τῇ
3019 4019 3247 4090 δυνάμει
3278 4037 3371 4073 σου
3398 4020 3652 4085 εἵλκυσας
3674 4022 3813 4094 πρὸς
3841 4040 3989 4077 σεαυ-

749 4127 892 4183 ﬁlios
923 4124 1224 4180 hominum.
2352 4105 2393 4163 D

2352 4105 2396 4163 Ι)
2423 4109 2516 4163 τὸν
2544 4111 2668 4175 τοὺς
2700 4110 2849 4173 υἱοὺς
2881 4110 2988 4164 τῶν
3022 4110 3343 4182 ἀνθρώπων.

832 4296 899 4349 Ἦ
925 4294 1256 4366 προκειμένη
1284 4293 1560 4365 ἐπιγραφὴ
1602 4294 1636 4364 ἡ
1684 4291 1772 4346 διὰ
1815 4293 1913 4364 τῆς
1965 4291 2332 4364 κινναϐάρεως
2363 4291 2601 4364 περιέχει
2621 4294 2759 4359 Ἐἰς
2791 4295 2851 4346 τε
2887 4294 3062 4362 τέλος
3092 4297 3332 4365 ψαλμὸς
3367 4294 3448 4362 τῷ
3479 4296 3687 4350 Δαϐίδ·
3723 4299 3990 4352 τουτέστιν

752 4393 833 4454 εἰς
866 4387 925 4442 τὸ
950 4388 1100 4452 τέλος
1126 4388 1233 4441 τῶν
1259 4386 1469 4440 αἰώνων
1496 4389 1523 4439 ὁ
1549 4385 1762 4456 ψαλμὸς
1790 4378 1945 4448 οὗτος
1981 4386 2190 4456 εἴρηται
2218 4383 2295 4454 τῷ
2323 4385 2488 4456 ἱκανῷ
2526 4389 2591 4458 τῇ
2625 4388 2769 4459 χειρὶ
2797 4386 2876 4458 τῷ
2909 4385 3023 4457 Υἱῷ
3055 4386 3146 4440 τοῦ
3184 4386 3318 4440 Θεοῦ
3365 4387 3432 4441 τά
3663 4389 3749 4442 διὰ
3781 4391 3880 4458 τῆς
3911 4391 3991 4443 δυ-

754 4481 1003 4545 ναστείας
1023 4480 1130 4533 τῶν
1163 4479 1496 4549 παθημάτων
1527 4477 1692 4531 αὑτοῦ
1725 4479 2128 4548 καταργήσαντι
2157 4477 2248 4529 τὸν
2293 4475 2541 4540 θάνατον,
2573 4481 2665 4532 καὶ
2712 4480 2802 4533 τὸν
2832 4479 2894 4532 τὸ
2922 4480 3121 4551 νράτος
3158 4479 3346 4550 ἔχοντα
3394 4480 3584 4535 τούτου
3614 4482 3704 4535 τὸν
3733 4483 3987 4538 διὰῧολον.

766 4571 1038 4633 Ὡσαύτως
1067 4570 1124 4623 δὲ
1149 4571 1182 4639 ἡ
1214 4569 1349 4638 αὑτὴ
1375 4569 1675 4638 ἐπιγραφὴ,
1702 4567 1775 4630 ὡς
1801 4564 1976 4638 οἶμαι,
2010 4571 2226 4640 εῐρηται
2256 4567 2347 4620 καὶ
2372 4569 2449 4631 είς
2475 4568 2534 4622 τὸ
2572 4569 2726 4637 γένος
2753 4569 2862 4622 τῶν
2890 4569 3210 4640 ἀνθρώπων.
3248 4572 3400 4642 Ἔχει
3433 4574 3540 4644 γάρ
3565 4590 3578 4603 ³
3614 4577 3717 4640 Εἰς
3743 4574 3811 4628 τὸ
3832 4575 3991 4640 τέλος

757 4667 996 4737 ψωμός
1024 4664 1102 4730 τῷ
1131 4664 1305 4718 Δαϐίδ
1328 4680 1340 4694 ·
1378 4664 1576 4716 ὡσανεὶ
1609 4665 1689 4726 εἰς
1733 4664 1795 4716 τὸ
1839 4663 1991 4728 τέλος
2037 4663 2131 4716 τοῦ
2180 4663 2542 4737 πληρώματος
2572 4663 2680 4717 τῶν
2733 4665 2942 4737 καιρῶν
2985 4668 3012 4719 ὁ
3045 4665 3258 4737 ψαλμδς
3286 4662 3440 4731 οὗτος
3473 4667 3687 4740 εἴρηται
3721 4668 3802 4739 τῷ
3837 4669 3988 4739 μόνῳ,

757 4760 901 4830 λέγω
933 4760 996 4831 δὴ
1029 4759 1106 4830 τῷ
1138 4759 1281 4827 γένει
1313 4758 1417 4810 τῶν
1451 4757 1774 4828 ἀνθρώπων,
1823 4759 1963 4829 φημὶ
2012 4758 2075 4830 δὴ
2111 4758 2187 4828 τῷ
2217 4757 2525 4831 ἀϐοηθήτῳ.
2558 4761 2630 4813 Ού
2676 4761 2835 4831 μόνον
2862 4761 2971 4833 γὰρ
3003 4763 3166 4815 Δαϐὶδ
3198 4763 3558 4833 ἑρμηνεύεται
3591 4764 3800 4831 ικανός
3833 4773 3990 4835 χειρὶ,

759 4853 892 4907 ἀλλά
915 4854 1008 4907 καὶ
1036 4853 1242 4922 μόνος,
1271 4855 1406 4924 ὅπερ
1435 4854 1646 4924 ὑπῆρχε
1672 4850 1732 4903 τὸ
1763 4851 1916 4920 γένος
1944 4851 2060 4905 τῶν
2087 4850 2388 4922 ἀνθρώπων
2409 4854 2514 4924 πρὸ
2548 4853 2645 4924 τῆς
2668 4856 2970 4926 παρουσίας
2992 4855 3086 4909 τοῦ
3118 4855 3249 4909 Υἱοῦ
3283 4855 3376 4910 τοῦ
3414 4856 3568 4910 Θεοῦ.

832 4969 1065 5033 Titulus,
1099 4970 1190 5037 qui
1244 4969 1452 5036 psalmo
1486 4964 1850 5034 praemittitur.
1904 4962 2192 5018 cinnabari
2247 4967 2481 5036 scriptus
2526 4967 2808 5021 conlinet:
2853 4965 2918 5020 In
2963 4968 3142 5036 ﬁnem,
3176 4968 3411 5038 psalmus
3439 4967 3610 5022 David
3640 4986 3659 5024 :
3695 4971 3800 5025 hoc
3831 4981 3916 5027 est
3947 4971 3990 5025 in

764 5063 866 5116 line
898 5061 1217 5117 saeculorum
1249 5059 1490 5129 psalmus
1545 5060 1647 5112 iste
1702 5058 1880 5113 dictus
1941 5067 2024 5112 est
2072 5075 2236 5114 manu
2268 5063 2472 5131 potenti
2510 5061 2601 5115 Dei
2639 5060 2798 5126 Filio,
2832 5063 2924 5132 qui
2964 5064 3203 5132 potentia
3267 5079 3380 5118 suae
3427 5065 3701 5134 passionis
3737 5067 3992 5123 destruxit

761 5169 990 5214 mortem
1034 5169 1086 5212 et
1118 5157 1412 5222 diabolmn,
1448 5157 1541 5226 qui
1576 5155 1741 5225 hujus
1772 5163 2101 5225 potestatem
2141 5155 2392 5214 habebat.
2453 5156 2716 5211 Similiter
2765 5159 2953 5212 eadem
3002 5158 3310 5228 inscriptio,
3362 5169 3420 5213 ut
3449 5160 3726 5224 existimo,
3761 5163 3904 5218 dicta
3926 5171 3992 5217 est

763 5256 922 5310 etiam
957 5258 1008 5309 in
1034 5272 1202 5326 genus
1232 5256 1550 5309 humanum.
1581 5252 1751 5306 Habet
1779 5253 1927 5306 enim
1955 5271 1967 5305 :
2004 5253 2056 5306 in
2079 5253 2238 5320 ﬁnem
2270 5253 2506 5322 psalmus
2541 5253 2730 5319 David,
2771 5254 3023 5310 videlicet
3051 5256 3105 5309 in
3148 5256 3256 5310 ﬁne
3303 5255 3656 5325 plenitudinis
3701 5269 3987 5328 temporum

762 5350 1004 5420 psalmus
1041 5350 1140 5402 iste
1172 5349 1346 5404 dictus
1369 5358 1450 5403 est
1467 5347 1537 5409 ei.
1566 5348 1654 5417 qui
1683 5347 1832 5402 solus
1865 5358 2010 5409 erat,
2059 5347 2266 5402 scilicet
2297 5359 2536 5402 humano
2578 5347 2782 5418 generi,
2816 5348 2962 5417 quod
3002 5349 3203 5414 solum,
3243 5348 3487 5418 inquam,
3519 5357 3574 5401 et
3609 5351 3815 5403 auxilio
3848 5351 3994 5413 desti,

765 5451 936 5495 lutum
960 5450 1095 5495 erat.
1140 5440 1347 5495 Etenim
1379 5440 1547 5494 David
1581 5456 1689 5493 non
1750 5440 1912 5494 modo
1951 5440 2338 5510 interpretatur
2377 5457 2534 5494 manu
2569 5450 2776 5508 potens,
2799 5442 2890 5495 sed
2923 5442 3086 5496 etiam
3115 5441 3280 5507 salus,
3304 5440 3464 5512 quale
3492 5440 3595 5496 fuit
3623 5459 3796 5514 genus
3821 5443 3994 5501 huma-

765 5552 891 5592 num
918 5547 1041 5592 ante
1067 5536 1356 5592 adventum
1389 5534 1511 5590 Filii
1546 5534 1662 5591 Dei.

837 5723 886 5775 1.
922 5721 999 5776 Ex
1032 5736 1258 5782 persona
1289 5720 1640 5774 humanitatis
1687 5719 1952 5788 loquitur.

2509 5719 2558 5773 1.
2605 5717 2695 5772 'Ex
2724 5717 3014 5773 ποοσώπου
3056 5717 3152 5788 τῆς
3183 5715 3601 5790 ἀνθρωπότητος
3627 5714 3798 5786 λέγει.

840 5899 915 5968 (a)
949 5899 1256 5956 Εἲποισιιν.
1299 5901 1456 5957 Forte
1500 5899 1740 5965 εἴπασαν,
1776 5909 1834 5954 ut
1869 5898 2098 5955 εἶδοσαν.
2124 5897 2286 5953 Εοιτ.
