4164 6492
209 406 341 488 ⁷689
1156 429 1244 485 nn
1279 426 1555 484 mnus
1591 421 2021 480 PSALMOItUM
2054 444 2122 460 ς-
2153 415 2348 472 PSAL.
2388 410 2523 469 xm.
3360 400 3463 454 690

304 550 359 604 2.
395 550 538 612 Ἕως
580 548 709 603 πότε
752 551 1114 622 ἀποστρέφεις
1145 551 1207 603 τὸ
1242 548 1531 619 πρόσωπόν
1568 563 1660 599 σου
1699 544 1788 599 ἀπ’

1568 563 1660 599 σου
1699 544 1788 599 ἀπ’
1966 539 2019 594 2.
2051 536 2346 610 Usquequo
2369 531 2568 588 avertis
2614 529 2803 585 faciem
2833 535 2979 580 tuam
3010 540 3040 577 ιι
3067 522 3187 577 ine?

230 661 408 709 δμβυῖ

338 661 408 709 υἱ

262 659 357 791 μζ».
389 735 533 799 Ἕως
562 736 707 800 τίνος
737 736 972 807 θήσομαι
1007 733 1198 805 βουλὰς
1232 736 1289 787 ὲν
1314 731 1460 803 ψυχῇ
1498 747 1619 801 μου,

1968 728 2024 783 5.
2065 724 2314 793 Quandiu
2345 738 2544 793 ponam
2576 718 2803 775 consilia
2846 716 2898 769 in
2929 717 3110 769 anima
3150 726 3296 777 mea,

305 828 358 881 4.
405 827 626 891 ὐδύνας
657 830 715 881 ὲν
741 803 940 901 καρδίᾳ
977 803 1077 899 μου
1110 828 1322 898 ἡμέρας
1349 825 1443 879 καὶ
1474 824 1664 886 νυκτός
1686 839 1700 887 ἱ

1971 818 2026 872 4.
2058 817 2309 872 Dolorem
2332 815 2388 869 in
2417 814 2583 869 corde
2611 826 2735 867 meo
2767 827 2860 880 per
2884 810 3023 863 diem
3054 817 3105 859 ιιι
3139 803 3388 859 noctem?

304 919 358 973 5.
393 921 538 982 Ἕως
568 920 699 973 πότε
729 893 1075 990 ὑψῶθὴ-σέται
1101 893 1350 989 ὁηὲχδρός
1387 934 1487 985 μου
1521 916 1606 969 ἐπ’
1640 912 1775 984 ὲμές

1972 910 2026 964 5.
2060 908 2353 979 Usquequo
2368 906 2699 962 exaltabitur
2721 901 2974 957 inimicus
2996 914 3149 953 meus
3167 911 3326 966 super
3348 893 3465 950 me?

304 1004 357 1058 6.
406 1006 743 1076 Ἐπίὸλεψον,
776 1008 1091 1061 εἰσάκουσον
1118 1024 1240 1077 μου,
1271 1005 1439 1076 Κύριε
1461 1007 1490 1058 ὁ
1512 1004 1642 1067 Θεός
1671 1019 1795 1074 μου.

1781 1040 1795 1057 .
1971 1001 2026 1055 6.
2075 999 2320 1069 Respice,
2355 1011 2409 1054 et
2443 997 2637 1053 exaudi
2671 1012 2775 1062 me,
2814 994 3037 1047 Domine
3085 990 3227 1044 Deus
3259 1004 3425 1045 meus-

308 1095 361 1149 7.
390 1094 627 1150 Φώτισον
655 1099 781 1161 τοὺς
808 1095 1117 1168 ὀφθαλμούς
1166 1112 1291 1166 μου,
1331 1096 1538 1166 μήποτε
1567 1091 1799 1145 ὑπνὼσω

1977 1093 2028 1147 7.
2067 1091 2322 1147 lllumina
2354 1091 2541 1148 oculos
2568 1104 2740 1154 meos,
2773 1097 2841 1143 ne
2866 1099 3099 1156 unquam
3128 1082 3463 1137 obdormiam

236 1186 320 1247 εἰς
352 1184 601 1241 θάνατον.

538 1204 601 1241 ιν.
1900 1186 1954 1240 in
1989 1193 2182 1241 morte.

304 1275 356 1331 8.
387 1277 613 1348 Μήποτε
640 1278 783 1331 εἴποι
808 1277 1045 1349 ὁὲχθρός
1088 1294 1222 1348 μου·
1262 1278 1486 1346 Ἶσχυσα
1529 1275 1663 1345 πρὸς
1703 1274 1799 1328 αὺ-

1970 1278 2024 1336 8.
2059 1277 2136 1334 Ne
2198 1278 2417 1348 quando
2461 1277 2607 1332 dicat
2657 1273 2911 1329 inimicus
2970 1285 3123 1325 meus
3160 1287 3174 1323 :
3208 1264 3466 1321 Prmralui

235 1364 346 1418 τόν.

1905 1373 2169 1428 adversus
2200 1386 2346 1426 eum.

306 1453 360 1507 9.
393 1455 455 1506 0i
485 1451 757 1517 θλίϐοντές
792 1470 860 1524 με
892 1454 1326 1523 ἁγαλλιάσονται,
1352 1458 1447 1509 ἐὰν
1475 1455 1718 1510 σαλευθῶ

1971 1463 2026 1518 9.
2062 1463 2177 1528 Qui
2203 1462 2467 1517 tribulanl
2488 1476 2573 1514 me
2606 1473 2669 1514 ex
2684 1458 2983 1518 sullabnnt,
3007 1454 3051 1509 si
3069 1461 3245 1509 motus
3274 1450 3423 1506 [itero
3448 1468 3462 1504 :

310 1544 396 1598 10.
441 1542 582 1612 Ἐγὼ
614 1544 670 1597 δὲ
696 1544 789 1597 ἐπὶ
805 1543 883 1615 τῷ
910 1544 1048 1597 ἐλέει
1086 1561 1177 1598 σου
1200 1546 1421 1616 ἤλπισα.

1974 1554 2062 1607 10.
2098 1552 2210 1622 Ego
2240 1561 2428 1605 autem
2463 1550 2516 1603 in
2548 1547 2925 1603 miserienrdia
2956 1553 3045 1598 tua
3084 1543 3316 1613 speravi.

309 1632 396 1687 11.
437 1632 849 1701 Ἀγαλλιάσεται
881 1636 915 1706 η
952 1636 1146 1708 καρδία
1196 1654 1298 1708 μου
1325 1640 1418 1691 ἐπὶ
1443 1638 1520 1709 τῷ
1551 1638 1801 1709 σωτηρίῳ

1608 1638 1801 1709 υτηρίφ
1974 1645 2063 1699 11.
2116 1642 2540 1698 Exsultabiteor
2570 1655 2750 1694 meum
2787 1640 2840 1691 in
2874 1635 3098 1692 salutari
3140 1645 3252 1689 tuo.

236 1739 356 1780 σου.

310 1815 398 1870 l2.
438 1816 587 1888 ’ᾼσω
616 1818 694 1889 τῷ
718 1820 905 1891 Κυρίῳ
927 1820 1005 1891 τῷ
1031 1822 1447 1895 εὐεργετήσαντι
1483 1840 1549 1894 με
1833 1813 1876 1868 Β

1833 1813 1876 1868 Β
1983 1820 2070 1874 l2.
2106 1820 2358 1875 Cantabo
2394 1817 2641 1879 Domino,
2670 1818 2762 1886 qui
2793 1817 2932 1870 bona
2975 1814 3160 1868 tribuit
3195 1811 3361 1867 mihi:

307 1908 393 1962 15.
425 1908 534 1961 Καὶ
560 1908 715 1979 ψαλῶ
736 1910 814 1982 τῷ
833 1912 1055 1983 ὀνόματι
1085 1914 1297 1985 Κυρίου
1331 1914 1425 1968 τοῦ
1449 1914 1695 1984 ὑψίστου.

1593 1932 1695 1967 του.
1980 1915 2065 1969 15.
2113 1913 2179 1969 Ει
2211 1913 2435 1983 psallam
2478 1911 2683 1967 nomini
2730 1909 2941 1966 Domini
2968 1907 3237 1963 altissimi.

306 2023 410 2087 Εις
433 2020 499 2075 τὸ
529 2022 702 2090 τέλος
730 2024 971 2094 ψαλμὸς
1002 2023 1081 2091 τῷ
1112 2026 1307 2080 Δασίδ.
1341 2025 1574 2081 ΨΑΛΜ.
1607 2030 1724 2082 Il".

1662 2030 1724 2081 ”’-
2093 2031 2155 2086 In
2180 2032 2333 2102 ﬁnem
2355 2032 2587 2101 psalmus
2612 2026 2802 2085 David.
2836 2026 3099 2083 PSALM.
3129 2022 3306 2078 XIII.

304 2115 355 2169 1.
392 2108 560 2167 Εἶπεν
585 2115 773 2187 ἄφρων
806 2117 864 2169 ἐν
893 2117 1091 2189 καρδίᾳ
1120 2118 1283 2172 αὑτοῦ
1310 2135 1323 2149 ·
1355 2120 1468 2173 Οὐκ
1506 2118 1800 2182 ἐστι’Θεός.

1759 2135 1800 2182 ς·
1983 2126 2031 2181 Ι.
2077 2123 2223 2178 Dixit
2250 2124 2515 2195 insipiens
2540 2125 2595 2178 in
2628 2124 2791 2178 corde
2820 2137 2948 2176 suo:
2978 2118 3094 2174 Non
3131 2128 3213 2174 est
3240 2115 3403 2172 Deus.

300 2204 357 2258 2.
391 2204 791 2278 Διεφθὰρησαν,
831 2207 925 2262 καὶ
968 2207 1366 2279 ἐϐδελύχθησαν
1409 2210 1467 2262 ὲν
1517 2208 1801 2281 ἐπιτηδεύ-

1974 2215 2029 2269 2.
2063 2214 2328 2284 Corrupti
2360 2225 2508 2280 sunt,
2542 2225 2596 2269 et
2630 2212 3021 2269 abominabiles
3064 2210 3190 2266 facti
3237 2218 3364 2265 sunt
3412 2206 3467 2262 in

232 2313 421 2368 μασιν.

1905 2305 2099 2362 studiis
2127 2304 2241 2360 suis
2261 2347 2274 2360 .

304 2388 357 2443 3.
397 2390 508 2444 οὐκ
530 2389 647 2445 ἐστι
668 2390 835 2446 ποιῶν
856 2392 1216 2466 χρηστότητα,
1236 2395 1335 2449 οὐκ
1363 2393 1507 2449 ἔστιν
1530 2395 1634 2458 ἕως
1659 2395 1794 2458 ἑνός.

1973 2394 2028 2449 3.
2060 2391 2178 2447 Non
2210 2394 2407 2463 estqui
2436 2391 2601 2448 faciat
2644 2393 2847 2450 bonum
2870 2432 2885 2458 ,
2917 2408 3022 2447 non
3052 2400 3137 2447 est
3173 2404 3345 2460 usque
3395 2387 3464 2445 ad

1903 2501 2090 2541 unum.

303 2556 357 2610 4.
391 2559 595 2629 Κύριος
628 2560 695 2614 ὲκ
716 2559 811 2616 τοῦ
840 2562 1071 2635 οὐρανοῦ
1104 2565 1359 2636 διέκυψεν
1380 2568 1473 2620 ἐπὶ
1498 2570 1622 2632 τοὺς
1651 2568 1798 2631 υἱοὺς

1973 2577 2029 2634 4.
2060 2578 2320 2633 Dominus
2354 2580 2421 2634 de
2447 2579 2587 2635 caelo
2611 2576 2888 2650 prospexit
2913 2591 3075 2648 super
3098 2574 3237 2631 ﬁlios
3275 2572 3451 2630 homi-

229 2646 341 2701 τῶν
373 2650 673 2722 ἀνθρώπων
693 2692 711 2719 ,
1904 2684 2035 2723 num
2056 2706 2074 2730 ο

1355 2883 1445 2939 ΔΤ
1465 2883 1740 2942 HANASII
1780 2886 2379 2945 INTERPBETATIO.

303 3055 368 3110 2.
395 3056 667 3130 Βδελύσσῃ
698 3076 798 3131 μου
831 3063 929 3135 τὴν
951 3065 1154 3137 δέησιν.

1977 3069 2032 3125 2.
2060 3070 2411 3127 Abominaris
2440 3070 2803 3140 precationem
2840 3084 3034 3126 meam.

306 3146 361 3202 ὅ.
388 3148 533 3212 Ἕως
560 3152 690 3204 πότε
718 3152 817 3217 τὰς
846 3153 1037 3224 βουλὰς
1072 3157 1181 3211 τῶν
1201 3158 1471 3227 δαιμόνων
1491 3160 1716 3231 δέξομαι
1744 3160 1802 3215 ὲν

1971 3162 2028 3217 3.
2071 3161 2365 3236 Usquequo
2392 3165 2658 3235 excipiam
2683 3163 2907 3220 consilia
2927 3164 3233 3219 demonum
3268 3164 3319 3217 in
3341 3166 3462 3219 ani-

231 3240 301 3309 τῆ
335 3239 477 3310 ψυχῇ
504 3256 645 3310 μους

540 3256 603 3294 ου
630 3259 645 3308 ;
1902 3268 1992 3309 ma
2020 3270 2140 3311 mea
2159 3256 2184 3311 τ

306 3330 361 3387 4.
403 3332 613 3387 Ὀδύναι
632 3336 741 3406 γάρ
772 3339 878 3390 εἰσι
910 3338 999 3392 διὰ
1030 3342 1226 3405 παντὸς
1252 3343 1350 3412 τῆς
1377 3343 1607 3414 καρδίας
1638 3362 1760 3417 μου.

1975 3348 2031 3403 4.
2066 3348 2294 3407 Dolores
2321 3350 2467 3405 enim
2498 3350 2650 3406 omni
2680 3358 2919 3419 tempore
2942 3347 3089 3405 cordi
3130 3363 3251 3405 meo
3286 3356 3432 3405 sunt.

305 3420 359 3476 5.
395 3423 897 3483 Καταδυναστεύσει
933 3444 1053 3500 μου.

1005 3444 1053 3486 υ.
1977 3439 2030 3494 5.
2065 3438 2125 3493 In
2154 3454 2240 3494 me
2262 3439 2649 3495 dominabitur.

304 3513 358 3566 6.
388 3514 784 3589 Προσεσχηκὼς
793 3519 891 3589 τὴν
904 3523 1213 3591 τυραννίδα,
1230 3524 1295 3594 ἢν
1310 3526 1573 3598 τυραννοῦ
1581 3545 1677 3598 μαι
1697 3528 1801 3582 ὑπὸ

1972 3531 2030 3587 6.
2060 3531 2428 3587 Considerans
2459 3530 2819 3602 tyrannidem,
2842 3544 2950 3601 qua
2976 3531 3252 3601 opprimor
3274 3531 3342 3586 ab
3360 3531 3456 3585 ini-

230 3604 329 3657 τοῦ
362 3605 578 3678 ἐχθροῦ.
1896 3624 2060 3680 mico.

306 3693 364 3788 7.
392 3696 532 3761 Τοὺς
558 3699 866 3772 ὀφθαλμοὺς
891 3704 993 3776 τῆς
1021 3706 1247 3778 καρδίας
1279 3725 1379 3780 μου
1416 3710 1670 3781 φώτισον.
1712 3714 1800 3769 ἵνα

1969 3716 2024 3770 7.
2062 3714 2266 3772 Oculos
2293 3718 2475 3773 cordis
2516 3718 2621 3773 mei
2680 3717 2945 3784 illumina,
2986 3726 3047 3772 ut
3090 3731 3195 3771 non
3245 3734 3461 3788 permao

235 3785 683 3877 pqévartopsivw
707 3793 772 3862 τῇ
799 3792 1062 3866 ἁμαρτίᾳ.

759 3793 772 3862 5
799 3792 1062 3866 ἁμαρτίᾳ.
1900 3822 2056 3863 neam
2085 3806 2139 3861 in
2162 3816 2403 3877 peccato.

308 3875 363 3968 ξ.
398 3877 625 3947 Μήποτε
653 3880 795 3936 εἴποι
822 3885 851 3936 ὁ
882 3884 1123 3951 διάϐολος
1142 3904 1155 3919 ο
1188 3890 1520 3962 Περιγέγονα
1552 3895 1735 3950 αὑτοῦ.

1685 3895 1735 3949 ὖ.
1968 3898 2022 3953 8.
2058 3894 2135 3952 Ne
2163 3875 2382 3968 quando
2409 3896 2555 3952 dicat
2580 3895 2866 3952 diabolus:
2896 3896 3157 3967 Superavi
3182 3911 3326 3951 eum.

541 3970 798 4043 δαίμονας
819 3976 986 4047 λέγει.

1970 3989 2024 4041 9.
2058 3965 2341 4042 Damiones
2368 3988 2653 4058 signiﬁcat.

312 4056 403 4109 10.
447 4056 590 4127 Ἐγὼ
610 4060 665 4114 δὲ
693 4064 913 4134 ἡλπισα,
942 4068 1026 4121 ὅτι
1060 4066 1251 4133 σώσεις
1290 4088 1354 4141 με
1382 4074 1441 4126 ὲν
1473 4072 1548 4144 τῷ
1580 4076 1798 4149 σταυρῷ

1976 4080 2064 4133 10.
2096 4078 2210 4149 Ego
2259 4056 2440 4134 autem
2486 4079 2698 4149 speravi
2726 4118 2741 4142 ,
2790 4080 2933 4149 quod
2982 4079 3217 4135 salvebis
3262 4094 3350 4134 me
3405 4078 3459 4134 in

235 4165 330 4201 σοι

1902 4185 2067 4226 cruce
2094 4178 2204 4226 tua.

305 4243 393 4299 11.
436 4243 557 4299 Ἐπὶ
580 4246 658 4317 τῷ
693 4246 806 4319 Υἱῷ
834 4265 946 4303 σου.

802 4271 806 4294 ›
834 4265 946 4303 σου.
1970 4263 2055 4318 11.
2091 4263 2146 4317 In
2175 4262 2311 4319 Filio
2336 4273 2446 4319 tuo.

304 4332 393 4389 12.
418 4336 625 4408 ’Υμνον
651 4340 958 4412 ἀναπέμψω
979 4342 1058 4414 τῷ
1089 4345 1276 4417 Κυρίῳ
1296 4346 1374 4419 τῷ
1402 4348 1676 4420 ιασαμένῳ
1699 4349 1795 4422 τὴν
1829 4352 1870 4406 D

1829 4352 1870 4406 Ι)
1978 4354 2063 4407 l2.
2101 4352 2369 4425 llymnum
2396 4355 2629 4410 cantabo
2654 4353 2901 4418 Domino,
2929 4371 3021 4425 qui
3062 4354 3267 4409 sanavit
3315 4354 3462 4410 infir-

230 4426 516 4483 ἀσθένειαν
536 4432 634 4502 τῆς
656 4431 833 4504 ψυχῆς
866 4452 989 4504 μου.

902 4452 989 4491 ου.
1901 4445 2140 4499 mitatem
2168 4445 2361 4499 animm
2389 4460 2546 4508 meae,

303 4516 394 4574 15.
420 4520 531 4574 Καὶ
562 4522 717 4591 ψαλῶ
738 4524 815 4595 τῷ
835 4526 1055 4596 ὀνόματι
1092 4529 1295 4599 Κυρίου
1329 4530 1421 4584 τοῦ
1450 4532 1793 4603 ἐπουρανίου.

1712 4550 1793 4587 ου.
1975 4535 2063 4589 15.
2095 4534 2161 4588 Et
2184 4535 2410 4605 psallam
2444 4534 2649 4589 nomini
2688 4532 2902 4589 Domini
2935 4536 3352 4605 supercmleslis.

310 4633 378 4689 Ἦ
412 4641 744 4712 προκειμένη
780 4642 1053 4714 ἐπιγραφὴ
1082 4645 1229 4722 ήδιᾶ
1256 4647 1356 4717 τῆς
1389 4648 1759 4721 κινναϐάρεως
1804 4652 2077 4722 περιέχει·
2106 4653 2211 4717 Εἰς
2247 4652 2313 4704 τὸ
2351 4650 2523 4717 τέλος
2552 4653 2789 4721 ψιινῖμὸς
2812 4651 2892 4716 τῷ
2935 4651 3140 4709 Δαϐἰδ.·
3168 4652 3460 4718 τουτέστιν,

229 4725 373 4801 ὑπὲρ
403 4731 502 4801 τῆς
537 4735 834 4803 παρουσίας
864 4736 955 4788 τοῦ
984 4721 1189 4810 Κυρίου
1224 4739 1323 4810 τῆς
1352 4742 1437 4793 ἐπ’
1470 4743 1712 4813 ἐσχάτων
1740 4743 1849 4798 τῶν
1883 4721 2103 4814 ἡμερῶν
2131 4744 2295 4813 λέγει.
2334 4744 2493 4799 Δαϐὶδ
2520 4745 2625 4815 γὰρ
2645 4746 3003 4816 ὲρμηνευεται
3032 4745 3460 4816 πεποοημένος,

226 4821 369 4895 ὅπερ
402 4826 548 4880 ἐστὶν
572 4830 665 4881 καὶ
698 4829 848 4900 παρὰ
876 4830 953 4901 τῷ
983 4830 1174 4884 ἑαυτοῦ
1204 4832 1394 4906 [Iath,
1424 4837 1516 4888 καὶ
1543 4835 1693 4907 παρὰ
1718 4840 1830 4901 τοῖς
1858 4839 2163 4909 ἀνθρώποις
2206 4836 2379 4910 [Υἱὸς]
2409 4837 2504 4891 τοῦ
2536 4837 2690 4891 Θεοῦ.

299 4936 537 5005 Titulus,
571 4942 662 5010 qui
691 4943 899 5011 psalmo
926 4947 1274 5017 praeponitur,
1302 4949 1580 5006 einnaliari
1617 4952 1847 5022 scriptus
1898 4954 2139 5008 continet
2175 4973 2189 5009 :
2231 4954 2294 5009 In
2348 4956 2525 5025 ﬁnem,
2576 4957 2811 5026 psalmus
2844 4954 3045 5010 David:
3082 4957 3184 5012 hoc
3221 4966 3323 5021 est,
3361 4975 3457 5029 pro

226 5031 463 5122 adventu
494 5031 708 5088 Domini
737 5035 869 5089 dicit
897 5037 949 5091 in
1010 5038 1321 5095 nnvissimis
1352 5042 1564 5097 diebus.
1606 5044 1768 5099 David
1815 5046 1957 5100 enim
1997 5047 2400 5117 interpretatur
2461 5047 2815 5113 desideratus,
2864 5049 3042 5119 qualis
3079 5060 3180 5113 est,
3229 5058 3283 5104 et
3318 5054 3459 5122 apud

226 5138 387 5179 suum
419 5120 654 5190 Patrem,
685 5135 738 5179 et
768 5128 908 5197 apud
934 5130 1201 5198 homines,
1242 5133 1328 5189 Dei
1359 5134 1545 5189 Filius.

300 5285 354 5341 1.
396 5286 457 5339 ’0
485 5287 726 5352 Σατανᾶς
756 5291 848 5342 καὶ
878 5294 925 5344 οἱ
950 5295 1112 5348 αὐτοῦ
1148 5295 1307 5352 εἶπαν
1340 5302 1466 5372 περὶ
1496 5300 1587 5354 τοῦ
1622 5318 1785 5355 σταυ-

1972 5308 2022 5361 1.
2059 5305 2311 5372 Satanas,
2355 5316 2409 5363 et
2437 5308 2526 5378 qui
2560 5308 2680 5378 ejus
2712 5318 2859 5375 sunt,
2902 5308 3152 5363 dixerunt
3186 5309 3253 5364 de
3281 5324 3455 5364 cruci-

228 5377 514 5447 ρωοέπος.
1896 5391 2022 5446 ﬁxo.

296 5468 350 5521 2.
393 5468 526 5523 Ὑπὸ
552 5469 660 5523 τῶν
698 5471 874 5544 ἔργων
912 5478 1089 5533 αὐτῶν
1129 5481 1237 5535 τῶν
1272 5486 1519 5555 πονηρῶν
1566 5489 1783 5559 ὲμολὺνα

1964 5484 2019 5537 2.
2058 5484 2322 5552 lmprobis
2361 5501 2545 5541 eorum
2600 5484 2754 5541 factis
2806 5487 3157 5542 contaminati
3207 5498 3354 5549 sunt,
3405 5500 3459 5544 rt

222 5558 418 5632 θησαν,
446 5564 541 5616 καὶ
568 5563 844 5633 βδελυκτΐι
874 5570 1118 5639 ἐγένοντο
1151 5575 1302 5646 παρὰ
1334 5576 1411 5649 τῷ
1438 5578 1573 5649 Θεῷ.
1602 5558 1609 5559 7

1367 5576 1411 5649 ᾦ
1438 5578 1573 5649 Θεῷ.
1602 5558 1609 5559 7
1900 5576 2295 5633 abominabiles
2329 5577 2454 5632 facti
2497 5590 2623 5634 sunt
2653 5580 2791 5645 apud
2823 5578 3010 5633 Deum.

290 5655 344 5709 3.
377 5657 493 5710 Οὐκ
516 5656 542 5709 ἔ
562 5676 631 5711 ττι
656 5662 824 5715 ποιῶν
856 5680 909 5716 τι
939 5666 1222 5736 χρήσιμον.

1964 5669 2014 5725 5.
2051 5667 2219 5725 Nemo
2245 5680 2345 5737 est,
2370 5673 2461 5742 qui
2490 5674 2619 5727 utile
2652 5674 2853 5742 aliquid
2887 5672 3064 5727 faciat.

294 5745 347 5800 4.
380 5748 584 5819 Κύριος
606 5753 671 5804 ἐκ
699 5752 793 5806 τοῦ
822 5756 1049 5827 οὐρανοῦ
1076 5758 1283 5813 ἐπεῖδεν
1317 5760 1408 5813 ἐπὶ
1442 5761 1643 5826 πάντας
1666 5761 1789 5826 τοὺς

1960 5762 2013 5815 4.
2051 5760 2309 5820 Dominus
2362 5781 2391 5820 ο
2426 5766 2562 5821 cudo
2601 5768 2835 5836 respexit
2877 5781 3041 5837 super
3082 5780 3271 5821 omnes
3314 5763 3454 5821 illius

227 5840 373 5903 υἱοὺς
407 5842 515 5894 τῶν
551 5842 870 5911 ἀνθρώπων.

569 5842 870 5911 ίνορώπων.
1892 5852 2171 5907 hominum
2203 5874 2213 5908 :
