4164 6482
744 377 842 436 691
1554 389 1611 448 S.
1647 394 2025 456 ATHANASII
2066 401 2214 460 OPP.
2256 406 2436 462 PARS
2475 407 2563 463 Ill.
2601 441 2670 451 —
2705 410 3116 469 EXEGETICA.
3867 420 3966 477 692

817 511 869 564 5.
911 511 979 567 Ut
1009 515 1204 582 videat,
1239 520 1284 574 si
1334 529 1416 575 est
1473 522 1820 598 intelligens,
1877 541 1969 584 aut
2021 537 2304 604 requirens

745 598 932 652 Deum.

2477 545 2529 597 5.
2564 543 2666 596 Τοῦ
2698 545 2842 607 ἰδεῖν,
2874 547 2922 597 εἰ
2951 545 3065 599 ἔστι
3101 546 3318 612 συνιιῖω,
3355 550 3387 617 ἢ
3420 551 3666 622 ἐκζητῶν
3696 549 3786 603 τὸν
3821 553 3965 607 Θεὸν.

791 617 932 658 eum.

815 694 869 750 6.
904 695 1105 754 Omnes
1156 702 1614 774 declinaverunt,
1668 709 1831 766 simul
1891 714 2110 773 inutiles
2176 720 2302 775 facti
2417 783 2420 786 _

2034 717 2110 773 les
2176 720 2302 775 facti
2417 783 2420 786 _
2474 722 2525 776 6.
2556 723 2760 786 Πάντες
2788 722 3083 788 ἐξέκλιναν,
3113 724 3229 795 ἅμα
3256 725 3634 799 ἠχρειώθησαν
3661 744 3675 758 °

745 797 904 842 sunt:

814 883 868 936 ’1.
899 883 1018 938 Non
1043 894 1126 940 est
1164 889 1256 957 qui
1290 888 1453 946 faciat
1481 893 1704 959 bonum,
1747 913 1853 952 non
1889 909 1974 954 est
2020 917 2192 972 usque
2239 906 2304 959 ad

2302 949 2304 958 λ
2478 901 2529 954 7.
2567 902 2679 953 (Fax
2699 899 2812 953 έστι
2830 901 2997 954 ποιῶν
3027 903 3398 977 χρηστότητα,
3422 906 3522 959 οὐκ
3547 906 3693 961 ἔστιν
3709 906 3815 971 ἕως
3833 908 3946 972 ἑνός

746 990 936 1030 unum.

813 1068 864 1120 8.
902 1066 1092 1125 Nonne
1123 1087 1455 1143 cognoscent
1495 1096 1705 1146 omnes,
1757 1085 1850 1152 qui
1885 1096 2176 1154 operantur
2203 1088 2306 1142 ini-

2477 1075 2530 1128 8.
2564 1077 2697 1144 Οὐχὶ
2725 1081 3020 1144 γνώσονται
3047 1079 3243 1142 πάντες
3271 1082 3320 1133 οἱ
3346 1081 3701 1152 ἐργαζόμενοι
3727 1082 3825 1154 τὴν
3847 1084 3967 1137 ἀνο-

744 1160 1002 1226 quitatem
1027 1206 1041 1228 ,
2410 1165 2535 1236 μίαν
2552 1208 2564 1227 ,

813 1251 866 1304 9.
900 1249 1001 1317 Qui
1034 1253 1295 1312 devorant
1315 1261 1526 1328 plebem
1548 1280 1726 1320 meam
1746 1268 1888 1322 sicut
1909 1285 2087 1325 escam
2116 1273 2304 1341 panis?

2233 1274 2304 1328 is?
2475 1260 2524 1312 9.
2559 1261 2621 1312 Οἱ
2651 1261 2922 1324 ἐσθίοντες
2943 1262 3032 1314 τὸν
3065 1262 3189 1317 λαόν
3223 1283 3326 1335 μου
3360 1266 3417 1319 ὲν
3447 1265 3644 1338 βρώσει
3673 1268 3877 1339 ἄρτους

817 1342 902 1395 10.
941 1343 1229 1401 Dominum
1267 1366 1376 1406 non
1412 1353 1820 1413 invocaverunt.

2478 1351 2564 1404 10.
2599 1351 2701 1402 Τὸν
2727 1350 2928 1421 Κύριον
2961 1355 3058 1404 οὐκ
3086 1353 3509 1406 ἐπεκαλέσαντο·

818 1434 906 1487 ll.
940 1433 1051 1491 lllic
1084 1442 1493 1509 trepidaverunt
1543 1450 1759 1514 timore,
1800 1451 1889 1505 ubi
1924 1469 2029 1508 non
2079 1467 2194 1511 erat
2237 1457 2303 1511 ti-

2182 1467 2194 1509 ι
2237 1457 2303 1511 li-
2478 1441 2565 1494 11.
2609 1443 2757 1495 Ἐκεῖ
2787 1443 3086 1497 ὲδειλίασαν
3113 1445 3282 1514 φόϐῳ,
3307 1439 3366 1498 οὗ
3400 1447 3498 1499 ούκ
3527 1441 3594 1516 ἦν
3625 1444 3790 1515 φόϐος
3814 1463 3826 1475 ·

742 1542 866 1582 mor
891 1547 903 1582 ε

817 1620 903 1673 12.
939 1621 1207 1686 Quoniam
1244 1629 1505 1687 Dominus
1535 1634 1587 1686 in
1630 1638 1980 1704 generatione
2004 1641 2300 1710 justorum.

1843 1638 1980 1694 tione
2004 1641 2300 1710 iustorum.
2480 1620 2565 1674 1‘2.
2603 1621 2724 1674 Ὅτι
2750 1620 2951 1692 Κύριος
2982 1640 3038 1674 εν
3060 1625 3221 1694 γενεᾷ
3246 1623 3487 1677 δικαίων.

812 1712 896 1766 15.
934 1715 1233 1772 Consilium
1270 1722 1447 1792 inopis
1478 1724 1846 1796 confudistis;
2334 1783 2374 1796 .-

1832 1746 1846 1796 ;
2334 1783 2374 1796 ’ἱ
2478 1713 2561 1766 15.
2595 1713 2797 1784 Βουλὴν
2826 1715 3037 1784 πτωχοῦ
3069 1713 3442 1786 κατῃσχύνατε
3465 1732 3476 1746 ·

811 1803 896 1859 11.
927 1807 996 1860 At
1028 1807 1294 1867 Dominus
1323 1783 1449 1882 spes
1477 1816 1597 1886 ejus
1627 1828 1729 1873 est.
1834 1783 1846 1796 ι
2334 1783 2376 1837 Β

2334 1783 2376 1837 Β
2476 1802 2562 1854 14.
2613 1803 2669 1856 Ὀ
2698 1783 2762 1855 δὲ
2785 1783 2985 1874 Κύριος
3021 1783 3372 1868 ἐλπὶς-αύτοῦ
3407 1806 3542 1857 ὲστι.

811 1899 898 1954 15.
932 1901 1066 1966 Quis
1100 1903 1251 1959 dabit
1276 1922 1341 1960 ex
1378 1907 1506 1965 Sion
1545 1913 1785 1968 salutare
1819 1914 2024 1971 Israel?

2477 1894 2563 1947 15.
2588 1893 2684 1956 Τίς
2709 1893 2866 1947 δώσει
2895 1897 2956 1946 ἐκ
2979 1895 3113 1947 Σιὼν
3138 1897 3197 1948 τὸ
3234 1897 3497 1967 σωτήριον
3519 1893 3612 1948 τοῦ
3651 1894 3897 1965 Ἰσραήλς

815 1992 900 2045 16.
935 1994 1071 2048 Cum
1122 2001 1379 2054 averterit
1413 2001 1680 2059 Dominus
1724 2009 2098 2077 captivitatem
2127 2013 2302 2081 plebis

2478 1984 2562 2038 16.
2605 1986 2691 2038 Ἐν
2721 1985 2798 2056 τῷ
2844 1986 3166 2056 ἐπιπρέψαι
3216 1986 3418 2058 Κύριον
3464 1986 3561 2058 τὴν
3598 1984 3965 2056 αἰχμαλωσίαν

741 2099 852 2138 sua:
877 2125 892 2143 .
2127 2077 2142 2081 -

2127 2077 2142 2081 ’
2403 2078 2498 2130 τοῦ
2535 2077 2664 2131 λαοῦ
2694 2078 2856 2131 αὑτοῦ
2884 2117 2897 2140 ,

815 2177 900 2229 17.
934 2177 1238 2237 Exsultabit
1273 2183 1476 2249 Jacob,
1510 2194 1564 2241 et
1590 2188 1864 2246 lartabitur
1900 2192 2088 2249 Israel.
2421 2258 2456 2310 Ἰ

2479 2167 2564 2221 17.
2616 2169 3029 2237 ’Λγαλλιάσεται
3096 2167 3290 2222 Ἰακὼϐ
3320 2210 3334 2236 ,
3386 2168 3478 2221 καὶ
3538 2167 3961 2239 εὐφρανθήσεται

2421 2258 2655 2310 Ίσοαῆλ.

2463 2276 2655 2312 σοαῖΑ.

2437 2277 2492 2310 ισ
2533 2277 2548 2312 s

904 2333 966 2387 In
999 2337 1156 2404 ﬁnem
1185 2341 1418 2407 psalmus
1445 2341 1638 2400 David.
1668 2345 1933 2401 PSALM.
1969 2347 2131 2405 XIV.
2489 2277 2548 2402 ἓ]

2437 2277 2492 2310 ισ
2533 2277 2655 2312 an.

2489 2277 2600 2415 ἓὶς⁸
2618 2349 2684 2403 τὸ
2717 2350 2888 2417 τέλος
2921 2354 3162 2423 ψαλμὸς
3185 2353 3264 2420 τῷ
3288 2353 3485 2408 Δαϐίδ.
3519 2351 3753 2406 ΨΑΛΜ.
3775 2355 3879 2406 ΙΔ’.

814 2425 863 2477 1.
899 2425 1147 2498 Domine,
1173 2433 1298 2500 quis
1341 2435 1606 2491 habitabit
1637 2437 1689 2490 in
1722 2440 2074 2495 tabernaculo
2106 2442 2246 2495 tuo?

2480 2444 2531 2496 1.
2563 2443 2757 2513 Κύριε,
2782 2445 2866 2509 τίς
2894 2448 3220 2517 παοοικήσει
3241 2449 3297 2502 ἐν
3318 2447 3397 2520 τῷ
3427 2446 3745 2519 σκηνώματι
3770 2458 3894 2509 σου;

1864 2723 2234 2778 ATHANASII
2274 2723 2847 2787 INTERPRETATIO.

807 3024 860 3080 5.
895 3024 998 3090 Qui
1033 3034 1210 3081 mente
1235 3027 1404 3083 Deum
1435 3034 1726 3103 concipiat,
1756 3036 2014 3106 illumque
2041 3049 2266 3108 quaerat.
2325 3027 2371 3089 C

2150 3049 2266 3093 :rat.
2325 3027 2371 3089 (ἶ
2471 3045 2523 3098 5.
2564 3047 2707 3098 Ἀνω
2737 3046 2920 3099 λαϐεῖν
2946 3046 3037 3100 τὸν
3060 3046 3212 3111 θεὸν,
3249 3049 3342 3101 καὶ
3369 3046 3548 3119 ζητεῖν
3586 3049 3794 3107 τοῦτον.

804 3117 858 3170 6.
901 3118 1103 3173 Omnes
1127 3133 1493 3186 recesserunt,
1523 3125 1686 3178 simul
1711 3126 1932 3182 inutiles
1960 3128 2084 3184 facti
2118 3141 2264 3198 sunt,

2214 3141 2264 3198 ιι,
2475 3137 2527 3190 6.
2562 3138 2766 3201 Πάντες
2792 3138 3126 3210 ἀπέστησαν,
3161 3139 3277 3211 ἅμα
3309 3117 3569 3211 ἄχρήστοι
3597 3142 3858 3210 ἐγένοντο.

806 3210 856 3264 7.
889 3209 1007 3265 Non
1034 3223 1116 3267 est
1156 3213 1362 3270 faciens
1407 3216 1634 3282 bonum,
1683 3235 1790 3274 non
1828 3230 1910 3276 est
1940 3238 2116 3293 neque
2156 3241 2298 3282 unus

2476 3227 2524 3280 7.
2555 3228 2668 3280 Ούκ
2696 3227 2809 3280 ἔστι
2834 3209 2998 3282 ποιῶν
3034 3209 3255 3296 ἀγαθὸν,
3273 3209 3538 3284 ούέιηέστιν
3567 3231 3670 3294 ἕως
3710 3231 3830 3296 ένὺς
3854 3228 3956 3283 τῶν

732 3317 947 3362 eorum,
973 3303 1066 3371 qui
1090 3319 1120 3357 a
1155 3302 1264 3358 Deo
1291 3306 1563 3361 deﬁciunt.

2398 3319 2841 3372 ἀποστατούντων
2870 3319 2975 3371 ἀπὸ
2998 3319 3090 3372 τοῦ
3117 3319 3271 3374 Θεοῦ.

803 3391 857 3445 8.
895 3389 1239 3461 lniquitatem
1276 3405 1564 3465 operantes
1598 3414 1707 3454 non
1744 3415 2074 3472 cognoscent
2116 3404 2298 3460 Domi-

2473 3410 2525 3464 8.
2555 3413 2618 3464 Οἱ
2663 3412 3018 3482 ἐργαζόμενοι
3051 3413 3146 3484 τὴν
3187 3413 3414 3484 ἀνομίαν
3452 3413 3514 3466 οὐ
3544 3413 3842 3482 γνώσονται
3870 3412 3955 3466 τδν

732 3493 884 3535 num.
2396 3502 2622 3573 Κύριον.

802 3575 858 3630 9.
889 3576 1265 3644 Opprimentes
1290 3580 1522 3648 justum.

2467 3594 2522 3649 9.
2557 3599 2618 3650 υἱ
2640 3597 3198 3662 καταδυναστεύοντες
3225 3598 3314 3652 τὸν
3339 3597 3560 3652 δίκαιον.

799 3668 887 3721 10.
919 3666 1036 3722 Νοη
1073 3684 1196 3723 eum
1230 3685 1527 3740 posuerunt
1563 3677 1664 3731 sibi
1693 3678 2018 3749 adjutorem.

1701 3678 2018 3749 adjutorem.
2471 3686 2558 3742 10.
2596 3689 2709 3742 Οὑκ
2735 3689 2917 3745 ἔθεντο
2941 3691 3102 3745 αὑτὸν
3135 3691 3345 3761 βοηθόν.

799 3758 887 3810 11.
917 3757 992 3814 De
1020 3762 1223 3816 mundo
1251 3764 1511 3833 loquitur.

2468 3780 2554 3834 11.
2591 3781 2685 3844 Εἰς
2723 3780 2811 3833 τὸν
2841 3781 3044 3850 κόσμον
3069 3757 3236 3847 λέγει.

806 3851 891 3904 12.
921 3851 978 3906 ln
1015 3855 1191 3909 medio
1223 3856 1465 3925 ipsorum
1503 3859 1827 3923 inambulat,
1854 3872 1908 3917 et
1931 3862 2222 3919 inhabitat.

2213 3904 2222 3919 ι
2465 3872 2553 3926 12.
2599 3873 2685 3925 Ἐν
2722 3871 2870 3942 μέσῳ
2894 3871 3071 3924 αὐτῶν
3102 3871 3487 3940 ὲμπεριπατεῖ,
3514 3886 3609 3923 και
3635 3869 3857 3926 ενοικεῖ.

803 3943 892 3999 15.
927 3943 1044 3999 Non
1069 3948 1356 4016 accepistis
1386 3948 1659 4012 justornm
1697 3953 2022 4008 doctrinam.

2467 3963 2552 4017 15.
2585 3963 2696 4034 Τὴν
2720 3962 2938 4033 διδαχὴν
2965 3962 3076 4015 τῶν
3093 3963 3327 4016 ’δικαίων
3355 3963 3455 4016 οὐκ
3479 3961 3754 4028 ἐδέξασθε.

800 4038 887 4091 14.
929 4036 1170 4093 ΛΕΙθΓηεο
1205 4041 1600 4095 retributionis.

2469 4053 2551 4107 Η.
2584 4054 2693 4123 Τῆς
2718 4053 2935 4105 αἰωνίου
2971 4052 3406 4123 μισθαποδοσίας.

799 4129 887 4183 15.
921 4128 1035 4185 Nisi
1067 4131 1180 4200 ipse
1204 4148 1300 4202 per
1343 4149 1400 4188 se
1425 4134 1601 4203 ipsum
1631 4135 1888 4206 largietur
1915 4138 2146 4195 salutem
2174 4158 2294 4197 om-

2468 4145 2551 4199 15.
2587 4146 2648 4197 El
2673 4145 2748 4216 μὴ
2780 4145 2939 4209 αὐτὸς
2983 4145 3049 4198 δι’
3087 4145 3280 4198 ἑαυτοῦ
3330 4147 3611 4216 χαρίσεται
3643 4146 3743 4218 τὴν
3791 4163 3957 4218 σωτη-

742 4223 906 4278 nibus
947 4224 998 4277 in
1041 4240 1164 4278 eum
1211 4225 1600 4280 credentibus:
1637 4225 1801 4282 Israel
1851 4231 1995 4285 enim
2026 4233 2291 4304 interpre-

2395 4237 2512 4310 ρίαν
2545 4241 2654 4301 τοῖς
2677 4241 2754 4301 είς
2787 4238 2949 4290 αὑτὸν
2977 4236 3345 4291 πιστεύουσιν.
3390 4238 3606 4309 Ἰσραὴλ
3633 4238 3746 4309 γὰρ
3786 4240 3955 4310 ἑρμη-

727 4324 872 4368 tntnr
896 4318 976 4370 vir
1005 4318 1181 4371 videns
1209 4318 1372 4370 Deum
1393 4359 1407 4383 ,

2390 4327 2600 4410 γεύεται
2627 4329 2783 4405 ἀνὴρ
2811 4327 2965 4397 ὀρῶν
2998 4330 3165 4382 Θεόν.

798 4408 882 4462 16.
923 4409 977 4462 In
1014 4426 1195 4473 cruce,
1229 4411 1381 4466 dicit.
2321 4488 2353 4492 _

2321 4488 2353 4492 _
2465 4408 2549 4472 16.
2597 4422 2683 4474 Ἐν
2716 4422 2792 4490 τῷ
2821 4419 3056 4492 σταυρῷ,
3087 4421 3252 4489 λέγει.

795 4502 881 4554 17.
915 4504 1180 4573 Populum
1219 4505 1371 4567 dicit,
1418 4510 1512 4575 qui
1563 4522 1628 4560 ex
1680 4505 1884 4563 Judazis
1932 4520 1986 4564 et
2037 4512 2288 4581 gentibus
2320 4488 2367 4544 θ

2320 4488 2367 4544 ῐ)
2466 4511 2549 4564 l7.
2587 4513 2689 4564 Τὸν
2720 4488 2847 4565 λάδν
2871 4510 2930 4576 ἐξ
2962 4488 3249 4577 mae...
3277 4515 3370 4567 καὶ
3399 4513 3458 4578 ἐξ
3497 4513 3666 4567 ἐθνῶν
3698 4515 3953 4585 μέλλοντα

725 4594 1032 4649 crediturus
1070 4605 1183 4650 est:
1226 4596 1394 4650 Jacob
1423 4597 1564 4652 enim
1597 4598 1970 4666 supplantator
2021 4601 2286 4672 interpre-

2394 4604 2669 4656 πιστεύειν
2693 4604 2858 4672 λέγει.
2898 4603 3092 4658 Ἰακὼϐ
3128 4604 3235 4675 γὰρ
3266 4606 3629 4673 πτερνιστὴς
3663 4608 3951 4678 ἑρμηνεύε-

725 4693 892 4749 tatnr,
924 4686 1113 4754 quales
1142 4697 1298 4741 erant
1346 4687 1550 4742 Judaei:
1600 4687 1764 4742 Israel
1796 4699 1975 4743 autem
2005 4701 2177 4759 gentes
2209 4691 2285 4744 si-

2391 4709 2502 4754 ται,
2553 4693 2687 4763 ὅπερ
2712 4689 2850 4762 ἦσαν
2876 4695 2923 4744 οἱ
2965 4693 3224 4760 Ἰουδαῖοι,
3254 4694 3301 4745 οἱ
3337 4693 3551 4765 Ἰσραὴλ
3584 4694 3717 4748 θετὰ
3759 4697 3952 4768 [Ἰσρα-

723 4776 962 4846 gnificat.

2392 4784 2458 4855 ὴλ
2504 4783 2558 4835 δὲ
2596 4782 2702 4855 τὰ]
2735 4783 2897 4851 ἔθνη.

805 4975 866 5028 Ἡ
897 4978 1227 5050 προκειμένη
1261 4982 1539 5054 ἐπιγραφὴ
1570 4989 1807 5056 περιέχει
1828 5003 1843 5016 ·
1864 4987 1968 5053 Εἷς
1997 4986 2063 5040 τὸ
2087 4985 2258 5052 τέλος
2297 4984 2538 5054 ψαλμός
2585 4985 2663 5052 τῷ
2709 4987 2904 5042 Δαϐίδ.
2934 4989 3103 5044 Τοῦτο
3143 4985 3234 5043 οὖν
3279 4990 3554 5060 σημαίνει,
3581 4990 3720 5061 ὅπερ
3746 4989 3950 5062 εἴρηται

719 5067 798 5131 εἰς
829 5071 953 5134 τοὺς
984 5071 1321 5142 σωζομένους
1353 5077 1540 5143 ἁγίους
1571 5081 1627 5131 ἐν
1657 5082 1721 5150 τῇ
1758 5079 2034 5150 συντελείᾳ
2060 5079 2151 5132 τοῦ
2185 5077 2395 5142 αἰῶνος.
2421 5078 2582 5131 Δαϐὶδ
2605 5079 2710 5147 γὰρ
2735 5080 3090 5151 ἑρμηνεύεται
3123 5081 3554 5150 πεποθημένος,
3606 5081 3885 5133 τουτέστιν
3923 5076 3948 5130 ὁ

719 5160 876 5230 χορὸς
907 5163 1013 5214 τῶν
1043 5165 1230 5232 ἁγίων,
1263 5165 1321 5217 ὃν
1362 5168 1390 5218 ὁ
1423 5167 1626 5238 Κύριος
1654 5169 1897 5240 ποθήσας
1922 5172 2001 5233 είς
2028 5171 2178 5232 τέλος
2206 5171 2490 5241 ἠγάπησεν
2521 5170 2735 5234 αὐτοὺς,
2771 5172 2864 5223 καὶ
2899 5172 3212 5244 παρέδωκεν
3240 5171 3401 5224 αὑτὸν
3433 5174 3512 5235 εἰς
3540 5170 3773 5224 Θάνατον
3815 5172 3946 5242 ὑπὲρ

717 5257 810 5310 τοῦ
837 5257 1209 5328 πεποθημένου
1232 5259 1392 5332 χοροῦ
1416 5262 1520 5314 τῶν
1559 5263 1748 5330 ἁγίων.

790 5351 1024 5414 Titulus,
1063 5354 1150 5418 qui
1189 5355 1397 5422 psalmo
1433 5359 1787 5425 prmponitur,
1826 5359 2110 5413 continet:
2146 5360 2197 5411 in
2229 5359 2386 5428 ﬁnem
2430 5357 2666 5429 psalmus
2693 5357 2880 5412 David.
2919 5355 3031 5411 Hoc
3056 5365 3236 5411 autem
3274 5357 3564 5426 signiﬁcat,
3590 5357 3740 5425 quod
3772 5356 3947 5412 dictus

718 5450 800 5495 cst
827 5444 892 5497 de
919 5445 1143 5505 sanctis.
1176 5449 1266 5515 qui
1301 5448 1434 5502 salvi
1472 5451 1607 5504 liunt
1630 5452 1682 5505 in
1718 5454 2188 5508 consummatione
2221 5455 2423 5509 szeculi.
2483 5452 2648 5506 David
2681 5454 2824 5507 enim
2869 5454 3259 5521 interpretatur
3303 5451 3671 5505 desideratus:
3727 5456 3828 5507 hoc
3870 5459 3946 5506 est

715 5535 917 5588 chorus
942 5547 1274 5601 sanctorum,
1308 5556 1467 5609 quem
1504 5541 1769 5600 Dominus
1787 5546 2098 5602 desiderans
2126 5562 2296 5618 usque
2320 5547 2374 5602 in
2399 5547 2556 5601 ﬁnem
2577 5547 2780 5613 dilexit,
2806 5556 2859 5601 et
2893 5546 3115 5601 tradidit
3149 5544 3307 5599 morti
3331 5559 3388 5599 se
3411 5544 3589 5614 ipsum
3615 5558 3715 5614 pro
3738 5542 3946 5600 deside-

717 5633 836 5679 rato
864 5635 1173 5681 sanctorum
1208 5631 1398 5686 choro.

792 5783 839 5834 1.
877 5781 931 5836 ln
970 5782 1185 5838 civitate
1215 5797 1304 5840 tua
1338 5795 1548 5842 sancta.

2461 5789 2509 5845 1.
2554 5790 2638 5842 Ἐν
2668 5791 2732 5860 τῇ
2768 5789 2918 5842 πόλει
2954 5805 3046 5842 σου
3081 5790 3146 5860 τῇ
3175 5788 3325 5858 ἁγίᾳ.
