4164 6492
271 445 376 500 693
1175 443 1261 497 DE
1300 442 1579 499 TITULIS
1616 440 2060 498 PSALMORUM.
2093 468 2133 483 -
2186 439 2381 498 PSAL.
2424 442 2537 498 XV.
3383 444 3488 499 691

344 560 398 613 2.
431 559 501 611 Ἦ
528 558 612 622 τίς
640 557 1049 630 κατασκηνώσει
1082 562 1139 611 ὲν
1173 561 1289 629 ὀρει
1319 559 1457 629 ἁγίῳ
1484 576 1608 625 σου;
1867 564 1915 621 Α

1867 564 1915 621 Α
2007 560 2061 613 2.
2099 561 2207 615 Aut
2242 562 2365 631 quis
2397 560 2698 630 requiescet
2724 560 2775 613 in
2800 570 2983 615 monte
3010 570 3200 615 sancto
3227 559 3356 613 tuo?

345 650 400 705 3.
433 650 804 722 Πορευόμενος
827 652 1073 721 ἄμωμος,
1114 653 1208 705 καὶ
1247 652 1610 724 ἐργαζόμενος
1636 652 1840 708 δικαιο-

2012 653 2065 707 3.
2098 652 2203 719 Qui
2234 654 2535 723 ingreditur
2560 655 2677 709 sine
2717 655 2951 718 macula,
2973 663 3024 708 et
3060 661 3316 722 Operatur
3339 652 3498 723 justi-

278 742 447 814 σύνην
1941 746 2068 801 tiam
2092 765 2105 801 :

348 832 403 887 4.
434 832 627 886 Λαλῶν
647 833 901 903 ἀλήθειαν
928 835 985 887 ὲν
1023 836 1219 907 καρδίᾳ
1248 835 1412 888 αὐτοῦ
1440 854 1453 868 ·

2012 838 2065 891 4.
2102 836 2205 903 Qui
2247 838 2487 907 loquitur
2514 837 2789 891 veritatem
2811 837 2864 889 in
2888 837 3051 891 corde
3084 852 3216 890 suo:

349 924 405 981 5.
445 927 543 988 Ὃς
572 925 671 979 οὐκ
703 926 957 980 ὲδόλωσεν
985 930 1042 982 ἐν
1076 927 1292 1000 γλώσσῃ
1322 929 1487 983 αὐτοῦ
1511 971 1527 996 ,

1511 971 1527 996 ,
2014 929 2068 983 5.
2102 927 2208 994 Qui
2242 943 2347 982 non
2379 928 2488 999 egit
2510 927 2693 982 dolum
2723 927 2777 980 in
2801 926 2981 997 lingua
3013 942 3145 982 sua:

352 1017 406 1072 6.
437 1018 569 1071 Οὐδὲ
587 1018 804 1089 ἐποίησε
830 1019 909 1090 τῷ
944 1020 1166 1089 πλησίον
1211 1020 1374 1074 αὑτοῦ
1406 1023 1574 1075 κακόν
1599 1037 1613 1051 ·

1406 1023 1574 1075 κακόν
1599 1037 1613 1051 ·
2014 1020 2067 1074 6.
2101 1019 2211 1075 Nec
2241 1019 2369 1075 fecit
2398 1018 2647 1090 proximo
2673 1034 2774 1074 suo
2803 1018 3039 1073 malum:

344 1109 397 1164 7.
428 1110 539 1165 Καὶ
577 1101 873 1181 ὀνειδισμὸν
925 1112 1023 1165 οὐκ
1068 1112 1259 1167 ἔλασεν
1306 1116 1399 1166 ἐπὶ
1442 1114 1570 1178 τοὺς
1617 1114 1846 1184 ἔγγιστα

2020 1112 2073 1164 7.
2099 1110 2173 1165 Et
2194 1111 2547 1181 opprobrium
2576 1124 2683 1164 non
2705 1110 2915 1178 accepit
2946 1110 3202 1163 adversus
3223 1110 3498 1177 proximos

280 1203 466 1259 αὐτοῦ.
1945 1218 2099 1257 suos.

355 1295 409 1353 8.
459 1296 833 1363 Ἑξουδένωται
868 1295 1095 1351 ἐνώπιον
1120 1297 1282 1352 αὐτοῦ
1311 1298 1760 1369 πονηρευόμενος·

2014 1296 2069 1350 8.
2103 1294 2183 1348 Ad
2229 1294 2460 1349 nihilum
2511 1293 2777 1350 deductus
2826 1303 2909 1350 est
2954 1294 3009 1347 in
3058 1303 3350 1348 consoectu
3384 1292 3500 1362 ejus

1947 1389 2216 1459 malignus
2232 1406 2243 1441 :

356 1473 410 1528 9.
440 1472 577 1535 Τοὺς
602 1472 659 1525 δὲ
692 1474 1057 1545 φοϐουμένους
1084 1476 1174 1529 τὸν
1196 1476 1398 1549 Κύριον
1420 1475 1652 1542 δοξάζει.

1597 1496 1652 1533 ει.
2016 1480 2073 1535 9.
2105 1478 2382 1532 Timentes
2407 1486 2585 1532 autem
2630 1476 2918 1532 Dominum
2961 1475 3241 1547 gloriﬁcat.

358 1563 445 1617 10.
493 1565 550 1618 '0
572 1564 784 1635 ὀμνύων
808 1566 887 1636 τῷ
909 1568 1135 1638 πλησίον
1161 1569 1345 1632 αὐτοῦ,
1369 1571 1461 1623 καὶ
1487 1571 1585 1623 οὐκ
1617 1570 1843 1624 ἀθετῶν·

1682 1570 1843 1624 πετῶν·
2022 1570 2111 1624 10.
2150 1567 2254 1635 Qui
2280 1568 2428 1637 jurat
2456 1568 2704 1637 proximo
2730 1584 2829 1623 suo
2875 1580 2928 1624 et
2967 1586 3071 1623 non
3096 1567 3326 1637 decipit:

360 1653 447 1708 11.
482 1655 555 1707 Τὸ
586 1655 846 1726 ἀργύριον
870 1658 1032 1711 αὐτοῦ
1074 1660 1173 1713 οὐκ
1204 1642 1399 1713 ἔδωκεν
1424 1662 1518 1716 ἐπὶ
1544 1663 1708 1733 τόκῳ·

2022 1660 2109 1714 11.
2144 1659 2249 1726 Qui
2288 1660 2573 1729 pecuniam
2607 1674 2761 1714 suam
2791 1675 2900 1714 non
2928 1661 3074 1715 dedit
3100 1659 3167 1714 ad
3198 1675 3453 1714 usuram:

361 1744 446 1799 Ω.
480 1746 587 1798 Καὶ
611 1745 757 1818 δῶρα
783 1750 869 1801 ἐπ’
902 1749 1100 1815 ἀθώοις
1124 1753 1221 1806 οὐκ
1251 1753 1460 1808 ἔλαϐεν.

2022 1751 2109 1806 12.
2146 1750 2213 1805 Ει
2239 1766 2462 1805 munera
2498 1766 2656 1820 super
2690 1750 3004 1805 innocentes
3038 1766 3146 1806 non
3174 1751 3402 1819 accepit.

359 1840 442 1895 15.
487 1841 545 1893 ’0
569 1840 735 1893 ποιῶν
759 1842 933 1896 ταῦτα
958 1844 1018 1895 οὐ
1039 1844 1427 1917 σαλευθήσεται
1454 1849 1532 1912 είς
1543 1847 1633 1902 τὸν
1656 1848 1845 1903 αίῶνα.
1880 1900 1922 1957 Β

1832 1890 1845 1902 ,
1880 1900 1922 1957 Β
2023 1843 2110 1898 15.
2139 1842 2243 1909 Qui
2285 1841 2415 1896 facit
2451 1844 2585 1910 haec,
2618 1858 2724 1897 non
2763 1844 3062 1897 movebitur
3096 1845 3149 1897 in
3194 1853 3476 1899 aeternum.

454 1953 869 2022 Στηλοτραφια
919 1953 1000 2019 τῷ
1041 1956 1236 2010 Δαϐίδ.
1292 1960 1521 2015 ΨΑΛΜ.
1554 1964 1667 2017 ιε’.
1880 1953 1915 1957 ⁷
2062 1958 2098 2012 Τ

1880 1953 1915 1957 ⁷
2062 1958 2226 2012 Tituli
2256 1956 2527 2026 inscriptio
2556 1997 2570 2020 ,
2604 1957 2701 2023 ipsi
2740 1956 2934 2011 David.
2980 1956 3244 2013 PSALM.
3279 1958 3404 2014 XV.

362 2060 411 2114 1.
446 2060 679 2126 Φύλαξόν
712 2080 800 2132 με,
829 2064 1032 2135 Κύριε·
1064 2067 1147 2119 ὅτι
1182 2068 1273 2121 ἐπὶ
1302 2071 1384 2123 σοὶ
1412 2072 1634 2141 ἧλπισα.

2027 2070 2076 2124 1.
2112 2067 2387 2123 Conserva
2405 2082 2512 2131 me,
2545 2066 2805 2133 Domine;
2832 2068 3091 2136 quoniam
3123 2068 3331 2138 speravi
3363 2068 3415 2123 in
3438 2078 3507 2124 te.

363 2151 417 2205 2.
449 2148 591 2204 Εἷπα
613 2152 691 2221 τῷ
727 2154 949 2225 Κυρίῳ·
986 2156 1187 2227 Κύριός
1223 2178 1322 2231 μου
1352 2158 1402 2214 εἴ
1438 2164 1502 2216 σὺ
1523 2203 1537 2227 ,

1481 2165 1537 2227 ‘J,
2022 2161 2076 2215 2.
2116 2158 2235 2213 Dixi
2279 2157 2538 2213 Domino:
2583 2158 2722 2215 Deus
2749 2176 2900 2214 meus
2942 2175 3001 2214 es
3034 2168 3125 2223 tu,

363 2243 417 2297 3.
453 2244 571 2295 ’Ότι
602 2243 709 2296 τῶν
738 2245 956 2313 ἀγαθῶν
990 2266 1089 2319 μου
1116 2251 1175 2303 οὐ
1202 2254 1389 2324 χρείαν
1415 2253 1578 2324 ἔχεις.

2022 2255 2074 2308 5.
2112 2252 2381 2319 Quoniam
2411 2252 2677 2308 bonorum
2713 2268 2955 2308 meorum
2997 2267 3104 2307 non
3131 2269 3275 2324 eges.

364 2334 420 2388 ι.
452 2335 575 2398 Τοῖς
599 2333 773 2403 ἁγίοις
796 2339 906 2400 τοῖς
937 2340 994 2391 ὲν
1020 2342 1084 2411 τῇ
1114 2344 1181 2412 γῇ
1215 2342 1401 2396 αὑτοῦ·
1434 2344 1857 2417 ὲθαυμὰστωσεν

2027 2346 2082 2401 4.
2122 2343 2339 2400 Sanctis
2362 2384 2375 2410 ,
2424 2345 2520 2413 qui
2554 2354 2683 2400 sunt
2721 2344 2774 2398 in
2829 2355 2972 2399 terra
3006 2344 3156 2415 ejus.
3210 2344 3524 2402 miriﬁcavit

295 2431 324 2482 ό
346 2428 567 2501 Κύριος,

1957 2438 2221 2494 Dominus
2242 2477 2257 2500 .

373 2520 428 2577 5.
462 2522 645 2576 Πάντα
662 2522 731 2576 τὰ
766 2522 1039 2595 θελήματα
1059 2523 1221 2578 αὐτοῦ
1242 2527 1299 2579 ὲν
1322 2527 1525 2592 αὐτοῖς.

1378 2530 1525 2592 ιτοῖς.
2030 2531 2084 2587 5.
2116 2528 2316 2587 Omnes
2339 2533 2647 2589 voluntates
2670 2548 2800 2589 snas
2833 2532 2887 2587 in
2924 2532 3022 2588 eis.

1410 2773 1785 2831 ATHANASU
1820 2774 2399 2834 INTERPRETATIO.

374 2993 429 3049 9..
476 2995 563 3049 Ἔν
590 3000 655 3066 τῇ
685 2997 795 3050 ἄνω
830 2996 1195 3067 Ἰερουσαλήμ.

2035 3002 2089 3056 2.
2120 3003 2179 3057 In
2211 3019 2444 3074 superna
2474 3003 2796 3060 Jerusalem.

376 3086 428 3141 3.
461 3087 829 3157 Πορευόμενος
856 3090 913 3140 ὲν
936 3087 1137 3154 πίστει..
1160 3090 1253 3142 καὶ
1279 3091 1643 3163 ἐργαζόμενος
1662 3091 1863 3149 δικαιο-

1679 3093 1863 3149 ῑικαιο-
2037 3094 2089 3147 5.
2120 3092 2429 3151 Procedens
2452 3095 2505 3148 in
2528 3096 2652 3163 ﬁde,
2685 3105 2739 3151 et
2769 3109 3000 3165 operans
3023 3096 3323 3166 justitiam:

305 3194 491 3231 συνην.

374 3196 401 3229 ν
442 3196 491 3229 ν.

374 3196 437 3325 Δῖ]
478 3270 876 3343 ’Λνυποκρίτως
904 3271 1097 3337 οὕτως.
1894 3326 1931 3343 η

1894 3326 1931 3343 η
2041 3273 2093 3328 4.
2130 3273 2208 3328 Ita
2230 3274 2350 3330 sine
2382 3275 2742 3332 simulatione.

374 3358 426 3412 5.
476 3359 532 3412 '0
559 3360 694 3433 πρὸς
715 3326 930 3424 ⁵πάντας
955 3326 1272 3433 ἀνθρώπους
1312 3363 1530 3435 ἀγάπην
1561 3365 1722 3435 ἔχων.
1892 3326 1933 3383 C

1707 3405 1722 3421 .
1892 3326 1933 3383 ϐ
2040 3364 2094 3418 5.
2129 3364 2268 3436 Erga
2290 3382 2481 3422 omnes
2507 3367 2754 3421 homines
2783 3367 2987 3421 habens
3012 3366 3351 3434 cltaritatem,

375 3449 429 3503 0.
466 3451 579 3503 Οὐκ
607 3452 778 3522 ἐχάρη
813 3452 997 3514 κακῶς
1031 3452 1344 3521 πασχόντων
1384 3453 1495 3507 τῶν
1532 3454 1741 3525 ὲχθρῶν
1772 3455 1868 3508 αὖ·

1805 3455 1868 3508 ηὑ-
2037 3457 2092 3511 6.
2125 3452 2244 3515 Non
2271 3460 2489 3531 gavisus
2522 3467 2605 3514 est
2628 3459 2785 3513 malis
2822 3474 3047 3514 suorum
3082 3460 3449 3525 inimicorum,

313 3561 420 3597 του.

378 3636 426 3688 7.
462 3636 597 3688 Οὔτε
626 3635 900 3689 ὠνείδισεν
927 3638 1122 3703 αὐτοὺς
1149 3640 1232 3709 ἐφ’
1263 3635 1344 3705 οἷς
1372 3642 1636 3715 ἥμαρτον.

2043 3636 2098 3690 7.
2129 3633 2316 3704 Neque
2338 3635 2689 3705 opprobravit
2712 3637 2792 3691 eis
2826 3651 2947 3706 qua:
2977 3644 3354 3706 peccaverunt.

375 3726 427 3778 8.
473 3727 885 3799 Ἀνθιστάμενος
917 3729 994 3801 τῷ
1017 3731 1155 3802 Θεῷ,
1188 3731 1355 3801 λέγει.

1036 3732 1155 3802 ὒεῷ,
1188 3731 1355 3801 λέγει.
2040 3724 2093 3779 8.
2131 3724 2241 3780 Deo
2270 3726 2554 3791 resistens,
2586 3727 2680 3782 ait.

379 3819 432 3872 9.
465 3819 619 3871 Αὐτῶ
653 3820 729 3890 τῷ
758 3823 1039 3890 φοϐεῖσθαι
1066 3826 1262 3889 αὐτοὺς
1293 3825 1474 3879 αὐτόν.

1436 3843 1474 3879 ν,
2040 3816 2094 3870 9.
2126 3814 2210 3872 Ob
2243 3816 2296 3870 id
2328 3818 2527 3885 ipsum,
2557 3816 2701 3887 quod
2725 3833 2847 3872 eum
2873 3818 3080 3872 timent.

382 3909 468 3964 10.
505 3912 593 3981 Μὴ
622 3912 963 3983 ψευδόμενος.

952 3954 963 3966 .
2042 3908 2128 3963 10.
2158 3907 2280 3962 Non
2309 3910 2596 3962 mentiens.

378 4000 464 4054 11.
492 4002 678 4070 Πνίγει
727 4004 833 4074 γὰρ
878 4004 969 4057 τὸν
1018 4006 1229 4075 πτωχὸν
1256 4008 1284 4059 ό
1315 4008 1503 4069 τόκος·
1546 4008 1868 4079 πνιγομένου

2046 4001 2133 4055 11.
2171 3999 2413 4054 Suﬂ‘ocat
2453 3999 2597 4052 enim
2651 4014 2940 4069 pauperem
2998 3997 3214 4065 faenus;
3274 4000 3532 4056 suﬂocato

306 4092 367 4144 δὲ
388 4090 480 4143 τοῦ
512 4092 751 4162 πτωχοῦ,
786 4096 886 4166 ὁρᾷ
918 4095 1114 4159 πάντες
1144 4097 1176 4166 ἡ
1205 4096 1445 4167 ἁμαρτία
1474 4098 1561 4150 τὸν
1582 4099 1671 4152 ἐπὶ
1698 4099 1869 4152 τόκων

1974 4098 2158 4144 autem
2197 4104 2434 4158 paupere
2483 4103 2675 4143 omnes
2721 4090 2901 4145 vident
2934 4102 3216 4160 peccatum
3262 4090 3532 4146 fmneran-

312 4180 634 4235 δανείσαντα
664 4182 864 4254 [ὁρῶσι
898 4185 1097 4249 πάντες
1120 4188 1218 4258 τὴν
1248 4188 1519 4259 ἁμαρτίαν
1542 4188 1635 4242 τοῦ
1667 4190 1756 4242 ἐπὶ
1784 4188 1870 4241 τό-

1974 4182 2084 4236 tis:
2120 4182 2227 4234 alio
2256 4181 2418 4235 modo
2450 4180 2737 4236 manifesta
2780 4182 2943 4236 etiam
3000 4184 3223 4237 avaritia
3270 4193 3375 4245 est,
3411 4200 3532 4239 cunt

307 4288 420 4324 κων
453 4272 862 4347 δανείσαντος]·
911 4276 1082 4339 ἄλλως
1119 4295 1176 4330 τε
1224 4280 1317 4330 καὶ
1351 4279 1631 4345 πλεονεξία
1671 4280 1867 4352 σαφὴς,

1671 4280 1867 4352 σαφὴς,
1972 4274 2120 4343 quis,
2154 4289 2273 4343 qua:
2300 4273 2468 4339 dedit,
2504 4273 2617 4328 sola
2644 4273 2889 4342 accipere
2917 4288 3023 4327 non
3052 4271 3305 4338 sustinet.

306 4363 439 4416 ὃταν
458 4364 521 4417 ἄν
547 4380 647 4427 τις,
680 4364 716 4417 ἃ
735 4364 952 4428 δέδωκε,
985 4368 1121 4437 μόνα
1152 4367 1335 4422 λαϐεῖν
1366 4369 1465 4421 οὐκ
1496 4370 1765 4439 ἀνέχεται.

387 4454 474 4509 12.
508 4456 643 4527 Περὶ
685 4458 779 4511 τοῦ
814 4459 1088 4523 παντελῶς
1125 4461 1287 4531 μηδὲν
1324 4460 1619 4532 λαμὸἁνειν
1652 4461 1743 4515 τὸν
1781 4460 1873 4514 δα-

2045 4458 2129 4512 i2.
2166 4457 2319 4523 Quod
2349 4457 2724 4511 nihilomnino
2762 4456 3005 4526 accipere
3042 4464 3277 4527 oportet,
3306 4454 3397 4524 qui
3420 4468 3534 4507 mu-

310 4545 559 4609 νείζοντα
609 4548 943 4619 χαρίσματος
974 4550 1159 4604 ἕνεκεν
1196 4551 1229 4622 ἢ
1260 4553 1419 4605 τόκου
1477 4553 1628 4624 παρὰ
1662 4551 1753 4604 τοῦ
1788 4552 1873 4604 δα-

1974 4560 2067 4607 tuo
2118 4551 2229 4616 dat,
2281 4550 2361 4603 vel
2406 4549 2610 4619 gratiae,
2644 4549 2726 4604 vel
2765 4547 2993 4605 faenoris
3035 4563 3200 4603 causa
3229 4548 3299 4601 ab
3324 4562 3417 4613 eo,
3444 4544 3537 4615 qui

312 4636 641 4708 νειξομένου.
1902 4692 1951 4757 D

630 4678 641 4692 .
1902 4692 1951 4757 υ
1976 4648 2274 4694 mutuatur.

394 4891 461 4943 Ἡ
491 4891 823 4962 προκειμένη
850 4891 1127 4963 ἐπιγραφὴ
1156 4892 1418 4962 περιέχει·
1459 4889 1875 4959 Στηλογραφία
1913 4886 1991 4953 τῷ
2038 4887 2213 4941 Δαόίδ
2238 4906 2249 4919 ·
2294 4888 2451 4941 τοῦτο
2476 4885 2568 4939 οὖν
2602 4885 2770 4955 λέγει,
2800 4885 2896 4948 τὰς
2924 4884 3033 4938 τῶν
3069 4883 3237 4952 ἁγίων
3274 4882 3540 4943 πολιτείας

312 4985 516 5058 στήλας
538 4986 842 5057 διαγράφει.
880 4986 1108 5056 Εἴρηται
1140 4982 1231 5039 οὖν
1261 4989 1287 5038 ὁ
1317 4986 1529 5057 ψαλμὺς
1556 4985 1704 5055 παρὰ
1728 4983 1819 5036 τοῦ
1853 4983 2017 5037 Δαὸἱδ
2046 4983 2123 5045 είς
2142 4982 2239 5045 τὰς
2263 4982 2369 5036 τῶν
2392 4981 2561 5049 ἁγίων
2589 4981 2808 5051 ἀρετάς.

387 5077 625 5143 Titulus,
660 5078 751 5146 qui
788 5078 997 5147 psalmo
1031 5078 1379 5147 pra'ponitnr,
1409 5076 1687 5130 continet:
1729 5074 1901 5127 Tituli
1931 5074 2203 5139 inscriptio
2234 5073 2335 5141 ipsi
2385 5070 2589 5134 David;
2640 5071 2748 5126 hoc
2783 5080 2961 5124 autem
2991 5067 3280 5138 signiﬁcat,
3314 5064 3541 5120 Sancto-

314 5183 439 5224 rum
474 5167 597 5220 vita:
629 5166 960 5229 institutum,
1000 5176 1053 5220 et
1082 5168 1549 5221 conversationem
1582 5166 1739 5235 quasi
1778 5165 1833 5219 in
1865 5165 2022 5236 cippo
2048 5164 2328 5218 describit.
2382 5163 2565 5217 Dictus
2593 5173 2677 5217 est
2724 5163 2886 5233 igitur
2921 5162 3163 5233 psalmus
3185 5175 3216 5215 a
3247 5158 3447 5214 Davide
3476 5157 3544 5210 de

316 5261 610 5315 virtutibus
638 5267 971 5314 sanctorum.

396 5460 446 5511 1.
482 5458 604 5509 Ὅτι
635 5472 693 5508 σε
728 5455 927 5526 ἐθέμην
954 5454 1163 5525 βοηθὸν,
1198 5451 1428 5522 φύλαξόν
1457 5471 1543 5523 με.

2059 5456 2107 5507 1.
2143 5453 2412 5520 Quoniam
2443 5460 2495 5506 te
2522 5455 2680 5522 posui
2705 5452 3030 5521 adjutorem,
3059 5454 3270 5510 custodi
3298 5470 3403 5509 me.

389 5547 443 5601 2.
487 5546 728 5615 Ἐπέγνω
762 5548 781 5618 ι
810 5546 1079 5612 Ἐπέγνων
1105 5544 1116 5615 1
1146 5544 1243 5615 τὴν
1260 5542 1449 5596 ἑαυτοῦ
1480 5542 1809 5597 δεσποτείαν.

1416 5542 1449 5594 δ
1480 5542 1809 5597 δεσποτείαν.
2056 5546 2110 5600 2.
2147 5546 2357 5615 Agnovi
2392 5544 2564 5613 ipsius
2596 5544 3060 5612 dominationem;

390 5639 444 5693 ὅ.
474 5639 593 5691 Τῶν
617 5639 910 5708 χρημάτων
938 5654 1037 5707 μου
1068 5637 1127 5689 οὐ
1167 5638 1354 5707 χρείαν
1393 5636 1553 5706 ἔχεις.

1257 5638 1354 5689 ;ίαν
1393 5636 1553 5706 ἔχεις.
2058 5636 2113 5689 5.
2142 5634 2355 5687 Divitiis
2382 5633 2517 5687 meis
2540 5650 2647 5688 non
2674 5634 2901 5703 indiges.

394 5728 448 5782 4.
475 5728 612 5791 Τοὺς
636 5728 821 5794 ἁγίους
848 5726 1117 5793 ἐδόξασεν.

2057 5726 2111 5781 4.
2154 5726 2385 5779 Sanctos
2417 5724 2774 5793 gloriticavit;

397 5819 449 5875 5.
492 5820 578 5872 Ἐν
607 5822 718 5883 τοῖς
744 5818 917 5887 ἁγίοις
946 5818 1107 5873 αὑτοῦ
1134 5818 1199 5871 τὰ
1233 5818 1444 5888 αἱρετά.

2062 5819 2113 5871 5.
2157 5816 2216 5871 ln
2254 5817 2455 5872 sanctis
2484 5816 2622 5884 ejus,
2672 5832 2791 5887 qua:
2838 5816 3089 5886 optabilia
3123 5823 3264 5871 sunt.
