4164 6482
704 407 808 467 695
1519 407 1576 464 S.
1620 404 1982 464 ATIIANASII
2024 407 2175 464 Ol‘P.
2217 405 2396 462 PARS
2433 405 2520 461 lli.
2563 437 2629 445 —
2669 400 3077 458 EXEGETICA.
3813 397 3915 454 696

775 529 829 584 6.
863 527 1225 598 Μυιιίριίοαιαξ
1252 537 1379 584 sunt
1419 528 1758 582 inlirmitates
1789 543 1998 582 eorum.

777 619 826 672 7.
867 618 1062 675 Postea
1100 621 1557 676 acceleraverunt.

774 711 828 765 8.
862 709 978 766 Non
1011 713 1354 782 congregabo
1390 712 1770 768 conventicula
1810 727 1999 767 eorum
2025 715 2092 764 de
2126 725 2254 764 san-

705 796 957 867 guinihus
980 839 996 864 ,

773 890 829 946 9.
861 889 968 944 Nec
985 905 1192 946 memor
1212 905 1307 946 ero
1325 892 1606 946 nominum
1631 903 1939 948 eorummer
1965 889 2099 945 labia
2115 905 2252 945 mea.

777 1059 864 1114 10.
900 1060 1160 1116 Dominus
1182 1078 1306 1131 pars
1325 1061 1653 1117 haereditatis
1672 1076 1825 1129 meas,
1846 1073 1898 1118 et
1921 1063 2105 1118 calicis
2127 1064 2231 1117 mei

774 1227 863 1282 11.
897 1226 978 1283 Tu
1009 1231 1197 1300 es,qui
1228 1233 1482 1289 restitues
1507 1233 1871 1290 hereditatem
1901 1253 2074 1290 meam
2099 1239 2233 1292 milii

770 1403 856 1457 12.
889 1403 1067 1460 Funes
1088 1408 1404 1464 ceciderunt
1428 1411 1557 1465 mihi
1592 1413 1647 1468 in
1684 1415 1986 1480 praeclaris:

773 1495 860 1551 15.
892 1495 1103 1552 Etenim
1131 1499 1417 1557 hereditas
1438 1517 1556 1558 mea
1587 1505 1844 1573 praeclara
1872 1515 1955 1560 est
1995 1507 2148 1562 mihi.

771 1669 859 1725 14.
890 1669 1212 1730 Benedicam
1267 1675 1576 1745 Dominum,
1625 1680 1716 1751 qui
1763 1681 1950 1738 tribuit
1994 1684 2125 1738 mihi
2172 1685 2224 1738 in

700 1761 972 1818 tellectum
1001 1807 1016 1832 ,

2283 533 2328 587 Α
2427 524 2478 577 6.
2527 520 2959 591 Ἐπληθύνοησαν
2987 519 3043 572 αι
3079 516 3349 570 ἀσθένειαι
3372 515 3566 570 αὐτῶν.

2450 633 2492 669 ι.
2528 613 2680 668 Μετὰ
2701 612 2872 667 ταῦτα
2898 611 3180 681 ὲτάχυναν.

2436 708 2490 763 8.
2531 707 2606 760 Οὐ
2635 706 2709 778 μὴ
2734 705 3022 773 συναγάγω
3046 703 3143 765 τὰς
3173 699 3490 770 συναγωγὰς
3513 699 3691 755 αὑτῶν
3733 699 3796 767 ἐξ
3832 699 3915 753 ..ι-

2364 800 2547 871 μάτων
2567 839 2580 861 ,

2437 891 2487 945 9.
2523 888 2645 944 Οὐδ’
2691 889 2752 942 ού
2794 888 2868 960 μὴ
2905 886 3126 959 μνησθῶ
3156 885 3264 940 τῶν
3303 885 3579 956 ὀνομάτων
3621 885 3799 940 αὐτῶν
3825 884 3913 940 διὰ

2358 983 2575 1054 χειλέων
2601 999 2721 1053 μου.

2433 1074 2521 1128 10.
2563 1074 2766 1145 Κύριος
2798 1075 2831 1144 ἡ
2862 1073 3017 1145 μερὶς
3051 1072 3151 1142 τῆς
3179 1073 3536 1143 κληρονομιας
3573 1089 3675 1143 μου
3701 1069 3798 1124 καὶ
3821 1066 3912 1123 τοῦ

2357 1166 2615 1238 ποτηρίου
2655 1181 2775 1235 μου.

2431 1253 2520 1310 11.
2553 1253 2625 1306 Σὺ
2676 1248 2728 1306 εἴ
2771 1253 2800 1305 ὁ
2838 1250 3214 1306 ἀποκαθιστῶν
3267 1253 3366 1322 τὴν
3409 1253 3769 1325 κληρονομίαν
3812 1267 3912 1322 μου

2355 1343 2379 1395 ὲ
2387 1343 2497 1413 μοί.

2443 1432 2525 1486 12.
2558 1433 2770 1503 Σχοινία
2798 1433 3070 1487 ἐπέπεσάν
3103 1452 3192 1503 μοι
3220 1437 3277 1488 ἐν
3306 1438 3416 1500 τοῖς
3441 1434 3776 1505 κρατίστοις·

2428 1525 2516 1579 1⁸5.
2556 1526 2666 1578 Καὶ
2710 1525 2820 1597 γὰρ
2851 1527 2885 1596 ἡ
2920 1525 3249 1597 κληρονομία
3291 1544 3391 1598 μου
3423 1528 3686 1600 κρατίστη
3722 1543 3815 1597 μοι
3856 1528 3912 1580 ἐ-

2356 1617 2488 1670 στίν.

2429 1708 2518 1764 14.
2557 1707 2853 1780 Εὑλογήσω
2880 1710 2972 1764 τὸν
3004 1709 3206 1782 Κύριον
3233 1711 3320 1765 τὸν
3347 1715 3697 1769 συνετίσαντά
3723 1731 3812 1780 tte,

770 1853 860 1911 15.
894 1855 1121 1928 Insuper
1144 1869 1199 1914 et
1230 1875 1402 1917 usoue
1426 1877 1490 1918 ao
1514 1873 1722 1919 noctem
1753 1865 2141 1935 increpuerunt
2172 1882 2256 1924 me
2285 1867 2327 1922 B

2285 1867 2327 1922 B
2433 1863 2519 1918 15.
2560 1865 2680 1918 Ἔτι
2706 1865 2764 1919 δὲ
2796 1867 2891 1919 καὶ
2914 1867 3016 1930 ἕως
3051 1869 3238 1931 νυκτὸς
3279 1868 3599 1924 ἐπαίδευσάν
3639 1887 3706 1942 με
3751 1871 3803 1924 οἱ
3828 1887 3915 1925 νε-

697 1956 857 1999 renes
885 1947 1009 2001 mei.

777 2039 863 2093 16.
897 2037 1254 2098 Provideham
1324 2043 1610 2098 Dominum
1665 2047 1720 2100 in
1777 2056 2069 2118 conspectu
2131 2065 2254 2106 meo

700 2141 936 2199 semper.

775 2219 863 2276 17.
893 2221 1159 2288 Quoniam
1200 2242 1230 2280 a
1255 2228 1460 2283 uestris
1481 2237 1558 2283 est
1587 2229 1716 2284 mihi
1746 2245 1814 2285 ne
1846 2246 2213 2288 commovear.

771 2312 860 2368 18.
892 2312 1120 2386 Propter
1143 2317 1249 2374 hoc
1270 2319 1510 2376 laetatum
1546 2331 1631 2376 est
1661 2337 1756 2378 cor
1779 2338 1957 2378 meum
1979 2363 1996 2389 ,

771 2404 860 2461 19.
891 2404 956 2460 Et
977 2409 1268 2465 exsultavit
1296 2411 1478 2482 lingua
1508 2428 1628 2468 mea
1651 2455 1666 2477 ,

765 2497 855 2551 20.
887 2497 1114 2570 Insuper
1132 2510 1187 2556 et
1214 2517 1344 2558 caro
1378 2517 1499 2558 mea
1536 2505 1842 2574 requiescet
1871 2505 1925 2560 in
1953 2521 2048 2576 spe

765 2676 856 2730 21.
889 2677 1156 2744 Quoniam
1185 2691 1292 2737 non
1324 2683 1665 2753 derelinques
1709 2685 1947 2739 animam
1980 2699 2154 2738 meam
2192 2685 2245 2738 in

694 2767 906 2821 inferno

760 2857 851 2913 22.
881 2859 991 2916 Nec
1023 2863 1178 2919 dabis
1230 2874 1477 2920 sanctum
1512 2873 1663 2918 tuum
1707 2865 1890 2918 videre
1941 2865 2245 2932 corrunptio-

695 2966 838 3006 nem.

637 3032 639 3034 2
760 3044 849 3101 25.
881 3044 1046 3103 Notas
1077 3049 1208 3104 mihi
1242 3049 1414 3106 fecisti
1450 3049 1566 3104 vias
1591 3048 1732 3116 vitae,

2357 1955 2482 2026 φρσί
2504 1973 2624 2027 μου.

2429 2048 2522 2102 16.
2555 2047 2939 2121 Προεωρὼμην
2985 2051 3076 2104 τὸν
3129 2051 3333 2121 Κύριον
3387 2052 3614 2106 ἐνώπιόν
3665 2069 3767 2123 μου
3828 2053 3911 2108 διὰ

2359 2138 2556 2202 παντὸς
2579 2180 2594 2203 ,

2424 2230 2510 2282 17.
2541 2232 2662 2284 Ὀτι
2692 2232 2757 2286 ὲκ
2788 2231 2978 2299 δεξιῶν
3011 2230 3111 2302 μού
3155 2233 3324 2298 ἐστιν,
3355 2234 3440 2287 ἴνα
3477 2235 3550 2306 μὴ
3577 2234 3840 2290 σαλευθῶ.

2431 2320 2519 2377 18.
2559 2321 2656 2375 Διὰ
2684 2322 2842 2377 τοῦτο
2873 2322 3148 2395 εὐφράνθη
3175 2325 3209 2396 ἡ
3236 2325 3430 2396 καρδία
3462 2338 3598 2396 μου,

2429 2413 2514 2470 19.
2546 2415 2655 2466 Καὶ
2688 2414 3054 2483 ἠγαλλιάσατο
3082 2416 3116 2486 ἡ
3147 2414 3368 2484 γλῶσσά
3393 2434 3492 2488 μου
3511 2457 3526 2482 ,

2425 2505 2514 2558 20.
2555 2506 2675 2558 Ἔτι
2697 2506 2752 2558 δὲ
2781 2505 2875 2559 καὶ
2901 2506 2936 2577 ἠ
2969 2505 3104 2578 σάρξ
3136 2523 3236 2575 μου
3263 2507 3668 2580 κατασκηνώσει
3693 2510 3780 2564 ἐπ’
3827 2506 3912 2563 ἐλ-

2358 2598 2462 2651 πίδο

2424 2690 2514 2745 21.
2548 2691 2672 2744 Ὅτι
2721 2692 2819 2744 οὐκ
2863 2691 3274 2762 ἐγκαταλείψεις
3320 2691 3417 2764 τὴν
3457 2691 3634 2763 ψυχήν
3682 2709 3784 2764 μου
3832 2692 3910 2757 εἷς

2353 2781 2500 2853 ᾅδου,

2425 2873 2514 2927 22.
2550 2874 2685 2927 Οὐδὲ
2705 2873 2895 2938 δώσεις
2927 2875 3018 2929 τὸν
3045 2876 3189 2930 ὅσιόν
3218 2893 3310 2929 σου
3344 2875 3469 2929 ἰδεῖν
3492 2872 3809 2946 διαφθοράν.

2427 3053 2517 3108 25.
2556 3053 2887 3126 Ἐγνώρςσάς
2908 3071 2996 3125 μοι
3024 3053 3177 3117 ὁδοὺς
3207 3053 3373 3126 ζωῆς.

1803 3248 2178 3306 ATHANASII
2211 3248 2795 3306 INTERPRETATIO.

759 3433 812 3488 6.
852 3433 1096 3504 Ipsorum
1136 3433 1462 3490 tentationes
1492 3435 1864 3506 multiplicata:
1889 3443 2017 3490 sunt

760 3524 812 3582 7.
845 3524 1036 3583 Postea
1067 3529 1453 3585 transiveruut.

761 3617 814 3674 8.
853 3617 926 3674 De
951 3620 1309 3687 daamonihus,
1329 3621 1422 3677 ait.

759 3710 813 3764 9.
845 3711 1297 3767 Adversariarum
1333 3721 1682 3783 potestatum,
1709 3713 1902 3783 inquit.

761 3801 848 3855 10.
878 3801 1139 3858 Dominus
1166 3818 1295 3874 pars
1337 3810 1391 3858 et
1423 3813 1639 3859 aeternae
1667 3819 1803 3859 meae
1852 3803 2242 3867 retributionis,

689 3899 743 3943 et
761 3890 1019 3960 requietis
1042 3906 1192 3946 meae.

761 3982 845 4036 11.
876 3979 1102 4038 Ᾰὲιειοηα
1135 3994 1224 4039 tua
1253 3982 1554 4054 refrigeria.

759 4072 844 4128 12.
876 4073 1248 4146 Cogitationes
1293 4077 1449 4133 bona:
1480 4078 1611 4132 mihi
1643 4087 1907 4134 venerunt
1933 4093 1964 4132 a
1987 4076 2239 4141 Domino,

687 4165 881 4234 inquit.

761 4255 844 4309 15.
877 4255 1178 4312 l’romissio
1205 4259 1353 4326 regni
1380 4261 1646 4315 caelorum
1681 4269 1881 4314 aterna
1913 4268 2018 4314 est.

756 4437 844 4493 H.
874 4437 1211 4509 Cognoscam
1243 4439 1418 4510 ipsum
1445 4460 1459 4495 :

754 4529 842 4584 15.
875 4529 1056 4587 Donec
1105 4533 1284 4604 quievi
1330 4550 1362 4590 a
1412 4535 1704 4592 mundanis
1753 4535 1954 4603 rebus;
2005 4546 2059 4590 et
2111 4544 2240 4591 tunc

684 4636 844 4677 omne
873 4623 1201 4678 desiderium
1226 4640 1405 4681 meum
1439 4628 1494 4680 in
1523 4628 1641 4697 ipso
1665 4626 1786 4683 fuit.

2269 3441 2310 3496 C
2414 3432 2469 3486 6.
2505 3432 2568 3484 0i
2595 3431 2892 3502 πειρασμοὶ
2920 3430 3100 3484 αὐτῶν
3131 3427 3556 3502 ὲπληθύνθησαν.

2419 3523 2472 3579 7.
2505 3520 2658 3579 Μετὰ
2680 3519 2853 3574 ταῦτα
2879 3520 3170 3592 παρῆλθον.

2381 3669 2384 3673 ,
2417 3613 2471 3668 8.
2509 3612 2629 3666 Τῶν
2651 3611 2944 3679 δαιμόνων,
2972 3610 3140 3681 λέγει.

2416 3708 2469 3762 9.
2498 3708 2619 3767 Τῶν
2651 3711 2908 3762 ἐναντίων
2931 3706 3232 3780 δυνάμεων,
3268 3709 3434 3777 λέγει.

2420 3802 2504 3857 10.
2543 3800 2743 3872 Κύριος
2777 3801 2932 3872 μερὶς
2977 3800 3071 3853 καὶ
3106 3800 3208 3870 τῆς
3242 3801 3466 3866 αίωνίας
3511 3819 3613 3873 μου
3646 3802 3914 3873 μισθαποοη

2343 3893 2525 3958 δοσίας
2557 3893 2650 3946 καὶ
2683 3893 2785 3963 τῆς
2818 3891 3176 3956 ἀναπαύσεώς
3205 3909 3323 3963 μου.

2415 3983 2502 4036 11.
2531 3980 2642 4045 Τὰς
2663 3982 2916 4046 αἰωνίους
2941 3999 3035 4035 σου
3063 3983 3416 4047 ἀναπαύσεις.

2415 4072 2502 4126 12.
2535 4072 2797 4141 Δογισμοὶ
2823 4070 3018 4140 ἀγαθοὶ
3049 4067 3213 4142 ἦλθόν
3241 4089 3332 4144 μοι
3356 4072 3485 4142 περὶ
3532 4071 3768 4147 [παρὰ]
3809 4071 3902 4127 τοῦ

2342 4163 2570 4234 Κυρίου,
2597 4161 2764 4230 λέγει.

2413 4253 2499 4307 15.
2547 4253 2613 4306 ’11
2661 4253 2962 4322 ἐπαγγελία
3011 4253 3112 4325 τῆς
3164 4253 3436 4324 βασιλείας
3487 4252 3599 4307 τῶν
3660 4253 3903 4330 οὐρανῶν

2343 4344 2692 4416 άτελεύτητὸς
2719 4349 2885 4399 ἐστιν.

2414 4436 2501 4490 14.
2543 4424 2945 4508 Ἐπιγνῶσομαι
2977 4436 3138 4490 αὐτόν
3157 4453 3172 4467 ο

2412 4528 2501 4582 iii.
2537 4529 2687 4593 Ἕως
2718 4529 2762 4582 δ’
2787 4528 2852 4581 ἂν
2869 4528 3118 4599 ἡσύχασα
3143 4530 3208 4582 ὲκ
3237 4527 3344 4582 τῶν
3371 4529 3467 4583 τοῦ
3513 4531 3722 4602 κόσμου
3765 4549 3905 4605 πρα-

2340 4622 2568 4692 γμάτων
2594 4625 2611 4652 ⁸
2642 4621 2737 4675 καὶ
2768 4621 2889 4674 τότε
2953 4623 2986 4693 ἡ
3029 4621 3294 4691 ἐπιθυμία
3345 4638 3445 4693 μου
3487 4624 3640 4678 πᾶσα
3682 4623 3904 4695 γέγονεν

2340 4713 2397 4764 ὲν
2422 4711 2588 4781 αύτῷ.

755 4804 841 4860 16.
877 4804 994 4861 Prae
1051 4806 1224 4862 oculis
1270 4821 1481 4878 semper
1511 4807 1676 4863 habui
1721 4806 2010 4865 Dominum
2056 4809 2236 4879 opitu-
2268 4789 2314 4846 D

2268 4789 2314 4846 Ῑ)
2417 4803 2503 4857 16.
2540 4801 2652 4874 Πρὸ
2681 4801 2971 4873 ὀφθαλμῶν
3012 4819 3114 4874 μου
3149 4797 3292 4874 εἶχον
3319 4803 3548 4858 πάντοτε
3580 4805 3673 4858 τὸν
3699 4804 3902 4878 Κύριον

683 4896 884 4952 lantem
924 4897 1078 4952 mihi.

753 4989 839 5043 17.
879 4987 944 5041 Ει
973 4988 1329 5044 deducentem
1374 5006 1460 5045 me
1507 4990 1562 5045 in
1601 4992 1716 5048 vias
1744 4991 2020 5056 dexteras,
2060 5008 2134 5049 ne
2173 4995 2244 5048 ah

679 5078 758 5132 eis
781 5078 1068 5133 declinem.

751 5171 837 5224 18.
873 5169 1167 5240 Propterea
1198 5171 1470 5242 spirituali
1511 5173 1711 5244 gaudio
1742 5174 1979 5244 repletus
2004 5190 2123 5231 sum
2151 5192 2168 5228 :

745 5347 833 5402 19.
873 5346 1112 5401 Laudavi
1145 5349 1321 5418 ipsum
1353 5364 1448 5403 ore
1479 5365 1634 5405 meo:

743 5439 834 5494 20.
867 5439 1208 5510 Exspectabo
1236 5443 1693 5499 resurrectionem
1733 5456 2092 5504 mortuorum.

745 5533 835 5588 21.
867 5533 984 5589 Νοιι
1008 5535 1284 5605 relinques
1318 5535 1467 5590 illam
1518 5537 1574 5592 in
1614 5539 1970 5610 receptaculis
1995 5541 2188 5598 mortis
2213 5580 2228 5607 ,

676 5625 769 5681 sed
800 5625 1039 5679 liberans
1061 5641 1179 5680 cam
1215 5627 1432 5682 educes.

745 5715 835 5772 2'2.
874 5715 950 5772 De
979 5716 1205 5772 Domino
1232 5719 1491 5789 loquitur.

753 5807 842 5861 93.
882 5807 1152 5879 Praecepta
1177 5819 1266 5866 tua
1295 5828 1380 5866 me
1405 5813 1656 5869 docuisti.

2344 4881 2531 4950 ἀντιλα
2539 4891 2873 4966 μϐανόμενόν
2908 4911 3031 4964 μου,

2418 4984 2483 5038 17
2495 5025 2507 5038 .
2535 4984 2645 5037 Καὶ
2674 4982 2970 5054 ὁδηγοῦντα
2988 4984 3068 5041 εἰς
3086 4983 3184 5046 τὰς
3201 4983 3354 5048 ὁδοὺς
3373 4982 3472 5048 τὰς
3491 4983 3692 5050 δεξιᾶς,
3719 4986 3808 5041 ἱνα
3829 4986 3902 5058 μὴ

2343 5075 2574 5130 ὲκκλίνω
2594 5077 2686 5128 ἀπ’
2706 5073 2902 5128 αὐτῶν.

2420 5167 2511 5223 18;
2539 5166 2635 5220 Διὰ
2666 5165 2824 5220 τοῦτο
2851 5165 3020 5235 χαρᾶς
3043 5164 3417 5237 πνευματικῆς
3441 5165 3591 5240 ἥμην
3621 5168 3904 5241 πεπληρω-

2349 5260 2525 5330 μένος.

2419 5353 2508 5408 19.
2558 5352 2813 5417 Ἐὃὸξασα
2843 5351 3004 5405 αὐτὸν
3024 5353 3081 5405 ἐν
3109 5369 3188 5422 τῳ
3218 5351 3447 5424 στόματί
3478 5369 3602 5424 μου.

2409 5446 2502 5500 20.
2536 5442 2827 5517 Προσδοκῶ
2857 5445 3148 5498 ἀνάστασιν
3171 5444 3412 5515 νεκρῶνδ

2414 5536 2503 5590 21.
2530 5537 2642 5590 Ούκ
2675 5534 2739 5589 ἂν
2773 5534 2940 5606 ἐάσῃς
2969 5534 3135 5606 αὐτὴν
3168 5538 3247 5597 είς
3281 5531 3352 5586 τὰ
3381 5538 3582 5606 ταμεία
3603 5536 3702 5594 τοῦ
3734 5538 3888 5594 Gavi-

2340 5647 2459 5694 του,
2496 5628 2629 5683 ἀλλὰ
2657 5628 3070 5699 λυτρωσάμενος
3091 5628 3383 5696 ἀναγάγεις
3405 5630 3595 5702 αὐτήν.

2409 5721 2498 5776 22.
2532 5722 2664 5794 Περὶ
2689 5719 2783 5773 τοῦ
2821 5719 3024 5792 Κυρίου
3055 5718 3220 5789 λέγει.

2408 5814 2498 5869 25.
2529 5813 2638 5876 Τάς
2669 5814 2883 5877 ἐντολάς
2915 5831 3006 5868 σου
3039 5813 3276 5881 sanasse
3311 5831 3399 5885 με.
