4164 6484
214 425 314 481 697
1065 445 1074 456 '
1137 427 1224 484 DE
1261 428 1534 485 TlTUlJS
1573 429 2018 488 PSALMORUM.
2058 463 2121 473 —-
2168 431 2360 487 PSAL.
2400 430 2538 488 XVI.
3341 430 3449 490 698

280 543 370 596 2-1.
406 543 724 616 Πληρὼσιις
750 563 818 618 με
846 545 1185 619 ευφροσύνης
1209 549 1347 619 μετὰ
1370 549 1463 602 τοῦ
1490 549 1777 622 προσώπου
1809 561 1852 614 Α

1608 549 1777 604 σώπου
1809 561 1852 614 Α
1962 551 2048 604 21.
2085 548 2422 621 Adimplebis
2459 566 2544 606 me
2573 551 2757 604 latitia
2779 565 2902 606 cum
2944 549 3091 604 vultu
3122 559 3252 603 tuo:

212 647 310 690 ,ου
332 647 351 668 .

279 725 370 780 25.
403 726 778 799 Τερπνὸτητες
809 732 868 783 ἐν
901 733 964 802 τῇ
999 731 1150 804 δεξιᾷ
1175 751 1266 786 σου
1299 736 1378 798 είς
1401 733 1572 797 τέλος.

1963 730 2052 784 25.
2089 728 2487 785 Delectationcs
2514 729 2567 783 in
2598 729 2818 784 dextera
2857 738 2947 784 tua
2983 745 3154 799 usque
3184 728 3234 782 in
3262 728 3443 783 finem.

455 887 770 955 Προσευχὴ
804 885 882 953 τῷ
912 889 1106 942 Δαόίδ.
1147 893 1374 944 ΨΑΛΜ.
1403 893 1526 958 ις’.

1490 895 1526 944 ’.
2198 887 2384 942 Oratio
2418 885 2608 939 Darid.
2665 882 2927 938 PSALU.
2975 882 3134 938 ΧΗ.

283 1015 333 1068 1.
363 1016 712 1079 Είσάκουσον.
743 1020 934 1092 Κύριε,
967 1021 1310 1086 δικαιοσύνης
1341 1039 1441 1083 μου
1461 1040 1476 1053 ο

1461 1040 1476 1053 ο
1957 1024 2007 1077 1.
2045 1021 2274 1087 Exaudi,
2305 1019 2554 1082 Domine,
2579 1022 2842 1088 justitiam
2878 1036 3050 1075 meam
3086 1037 3099 1074 :

279 1107 331 1161 2.
364 1108 605 1179 Πρὸσχες
635 1114 699 1182 τῇ
725 1111 902 1183 δεήσει
939 1130 1038 1184 μου
1060 1129 1078 1145 ·

1952 1113 2006 1168 2.
2051 1113 2272 1166 Intende
2301 1112 2730 1180 deprecationem
2769 1128 2940 1165 meum
2974 1128 2987 1164 :

277 1199 330 1254 5.
374 1201 653 1255 Ἐνώτισαι
679 1206 777 1276 τὴν
810 1207 1114 1276 προσευχήν
1142 1224 1242 1278 μου
1271 1209 1371 1260 οὒκ
1391 1209 1446 1261 ὲν
1474 1208 1672 1278 χείλεσι
1693 1208 1777 1262 δο-

1955 1207 2008 1261 5.
2041 1206 2281 1260 Auribus
2309 1205 2521 1275 percipe
2548 1207 2846 1259 orationem
2871 1218 3044 1257 tneam
3077 1217 3182 1256 nou
3211 1202 3264 1256 iu
3290 1201 3443 1256 labiis

209 1287 362 1354 λίοις.

1883 1299 2105 1353 dolosis.

278 1382 330 1435 4.
378 1383 469 1436 Ἐκ
502 1384 788 1454 προσώπου
823 1403 914 1440 σου
947 1388 1008 1441 τὸ
1037 1390 1210 1460 κρῖμὰ
1239 1408 1339 1460 μου
1371 1388 1602 1456 ἐξέλθοι·

1564 1408 1602 1442 ι·
1955 1395 2007 1445 4.
2038 1389 2112 1443 De
2145 1389 2292 1443 vultu
2327 1396 2423 1443 tuo
2449 1389 2712 1458 judicium
2740 1404 2914 1441 meum
2947 1387 3208 1458 prodeat:

277 1471 329 1526 5.
372 1473 434 1526 Oi
465 1473 732 1545 ὀφθαλμοί
762 1493 861 1538 μου
891 1477 1146 1532 ἱδέτωσαν
1183 1480 1481 1548 εὐθῦτητας
1525 1477 1774 1551 [ὀρθότη-

1251 1480 1481 1548 υύτητσις
1525 1477 1774 1551 [ὀρθότη-
1961 1483 2012 1537 5.
2039 1480 2192 1537 Oculi
2223 1483 2327 1537 mei
2356 1481 2568 1537 videant
2594 1482 2895 1550 :equitates.

205 1578 303 1625 τας
339 1564 459 1628 cod.
497 1565 706 1637 Barb.].

270 1655 328 1728 β.
349 1656 704 1727 Ἐδοκίμασας
727 1660 824 1730 τὴν
848 1659 1070 1731 καρδίαν
1094 1679 1217 1731 μου,
1245 1661 1529 1730 ἐπεσκέψω
1550 1660 1741 1723 νυκτός
1758 1675 1772 1689 ο

1570 1660 1772 1723 ιυκτός⁶
1956 1663 2010 1716 6.
2042 1661 2292 1716 Probasti
2319 1675 2413 1715 cor
2437 1674 2638 1725 meum,
2671 1667 2725 1714 et
2749 1659 2977 1714 visitasti
3016 1666 3173 1712 nocte
3201 1675 3214 1711 :

274 1743 328 1797 7.
384 1746 700 1818 Ἐπῦρωσάς
734 1769 823 1821 με,
855 1752 949 1804 καὶ
974 1753 1069 1820 οὐχ
1095 1751 1288 1823 εὑρέθη
1322 1753 1380 1805 ἐν
1412 1754 1534 1823 ἐμοὶ
1559 1753 1772 1806 ἀδικία·

1957 1755 2012 1808 7.
2041 1753 2167 1823 lgne
2201 1769 2287 1808 me
2320 1751 2645 1808 examinasti
2667 1791 2682 1817 ,
2716 1761 2770 1807 et
2796 1765 2903 1805 non
2932 1759 3014 1806 est
3036 1749 3249 1805 inventa
3278 1749 3330 1803 in
3361 1766 3455 1816 me

1887 1846 2181 1908 iniquitas;

277 1922 329 1977 8.
367 1925 553 1990 Ὅπως
583 1927 647 1980 ἂν
681 1928 754 1998 μὴ
777 1929 979 2000 λαλήσῃ
1009 1929 1071 1982 τὸ
1094 1930 1266 2001 στόμα
1303 1948 1403 1999 μου
1422 1929 1490 1984 τὰ
1515 1929 1649 2000 ἔργα
1668 1931 1775 1984 τῶν
1812 1909 1850 1964 Β

206 2014 526 2067 ἀνθρώπων.

1887 1862 1956 1900 tm
2003 1861 2181 1908 uuas;

1729 1931 1775 1984 ὃν
1812 1909 1854 1964 Β
2053 1934 2122 1989 Ut
2146 1951 2252 1988 non
2283 1935 2539 2004 loquatur
2575 1949 2638 1988 os
2667 1949 2846 1988 meum
2877 1948 3039 2004 opera
3073 1931 3373 1987 hominum.

241 2032 302 2067 νυ
309 2033 526 2086 ρωπων.

277 2109 330 2162 9.
370 2108 468 2160 Διὰ
499 2109 623 2173 τοὺς
645 2109 834 2179 λόγους
866 2112 974 2166 τῶν
999 2113 1222 2184 χειλέων
1263 2131 1355 2168 σου
1389 2113 1499 2183 ἐγὼ
1537 2113 1778 2185 ἐφύλαξα

1957 2119 2010 2171 9.
2048 2116 2273 2186 Propter
2301 2117 2462 2172 verba
2509 2117 2773 2171 labtorum
2805 2126 3019 2172 tuorum
3051 2132 3154 2188 ego
3181 2115 3445 2172 custodivi

205 2197 357 2261 ὁδοὺς
391 2200 648 2273 σκληράς.

568 2201 648 2266 ἀς.
1885 2209 2000 2262 vias
2026 2208 2211 2263 duras.

275 2291 358 2345 10.
370 2293 704 2366 Κατάρτισαι
715 2296 784 2351 τὰ
797 2296 950 2369 διαόή
961 2298 1102 2368 ματά
1116 2315 1215 2368 μου
1231 2297 1289 2351 ὲν
1301 2300 1424 2362 ταῖς
1439 2297 1644 2370 τρίὸοις
1661 2315 1774 2364 σου,

1522 2297 1644 2364 ἱὸοις
1661 2315 1774 2364 σου,
1955 2300 2041 2353 10.
2072 2298 2272 2354 Perfice
2303 2314 2522 2365 gressus
2544 2315 2694 2355 mcos
2718 2301 2769 2353 in
2802 2301 3010 2355 semitis
3039 2300 3166 2367 tuis,

280 2383 368 2436 11.
400 2384 517 2439 Ἵνα
548 2387 622 2458 μὴ
645 2388 940 2442 σαλευθῶσι
972 2388 1040 2441 τὰ
1067 2388 1376 2460 διαδήματα
1404 2407 1528 2462 μου.

1418 2407 1528 2443 too.
1953 2393 2042 2445 11.
2073 2389 2144 2445 Ut
2172 2406 2279 2445 non
2312 2405 2632 2448 moveantur
2666 2394 2886 2465 vestigia
2927 2409 3062 2449 mea.

1300 2613 1671 2670 ATIIANASII
1713 2613 2298 2674 INTERPRETATIO.

278 2803 369 2857 24.
400 2803 676 2877 Πληρωοῶ
706 2809 1062 2880 εὐφροσύνης,
1099 2812 1224 2864 ὅταν
1260 2812 1355 2865 ἴδω
1395 2813 1455 2866 τὸ
1484 2813 1774 2885 πρόσωπόν

1729 2813 1774 2866 5v
1962 2817 2052 2870 24.
2088 2815 2356 2885 lmplelior
2382 2817 2588 2878 laetitia.
2609 2833 2732 2872 cum
2760 2817 2943 2872 videro
2985 2816 3176 2872 faciem
3205 2827 3373 2874 tuam.

210 2911 326 2949 0‘31).

273 2989 364 3045 25.
402 2991 558 3062 Χαρὰ
587 2994 725 3062 μετὰ
750 2993 858 3046 τῶν
883 2996 1051 3062 ἁγίων
1084 2995 1391 3062 διαπαντός.
1797 2992 1842 3051 C

1797 2992 1842 3051 C
1952 2996 2042 3050 23.
2082 2995 2351 3049 Gaudium
2383 3003 2645 3048 mternum
2675 3010 2795 3048 cum
2823 2994 3043 3049 sanctis.

288 3166 351 3218 ’11
385 3167 714 3240 προκειμένη
741 3169 1018 3240 ἐπιγραφὴ
1044 3169 1306 3240 περιέχει’
1336 3168 1652 3238 Προσευχὴ
1685 3167 1762 3232 τῷ
1782 3166 1960 3220 Δαϐίδ
1978 3184 1991 3196 ·
2027 3166 2296 3229 τουτέστι,
2325 3165 2402 3236 τῷ
2429 3167 2540 3236 Υίῷ
2563 3167 2656 3219 τοῦ
2682 3165 2836 3221 Θεοῦ.
2867 3167 3177 3238 Εἰρήκαμεν
3210 3166 3308 3237 μὲν
3339 3165 3444 3236 γὰρ

203 3255 265 3312 ἐν
294 3261 405 3321 τοῖς
439 3259 743 3332 ἔμπροσθεν
765 3303 778 3324 ,
812 3262 998 3334 ὅτιπερ
1030 3261 1387 3333 ἑρμηνεύεται
1421 3262 1584 3313 Δαὸὶδ
1611 3259 1805 3322 οὕτως,
1840 3259 2182 3326 ἀγαπητὸς,
2239 3258 2314 3319 ὡς
2343 3259 2406 3310 ὲκ
2437 3258 2624 3310 τούτου
2653 3257 3021 3328 λαμϐάνεσθαι
3062 3258 3120 3309 τὸ
3167 3258 3258 3310 τοῦ
3287 3257 3448 3312 Δαϐὶδ

203 3350 374 3422 ὃνομα
407 3355 485 3417 είς
507 3355 596 3407 τὸν
623 3354 714 3409 τοῦ
743 3355 877 3409 Θεοῦ
915 3357 1172 3426 μονογενῆ
1209 3355 1368 3407 Υίόν·
1402 3357 1536 3427 ὅπερ
1572 3354 1686 3406 ἔστι
1723 3354 1814 3406 καὶ
1841 3353 1950 3406 νῶν
1989 3351 2128 3425 [νῦν]
2162 3351 2451 3406 ὑπολαϐεῖν
2477 3370 2490 3383 ο
2523 3353 2660 3422 ὅτιή
2707 3353 2976 3424 προσευχὴ
3008 3353 3040 3421 ἡ
3078 3352 3338 3423 εἰρημένη
3386 3355 3446 3405 ἐν

204 3448 281 3519 τῷ
311 3448 512 3521 ψαλμῷ
543 3450 618 3521 τῷ
643 3451 757 3521 Υίῷ
786 3451 878 3506 τοῦ
907 3451 1038 3504 Θεοῦ
1069 3452 1302 3522 εἴρηται.
1341 3452 1496 3503 Ἔστι
1525 3450 1568 3504 δ’
1594 3451 1684 3504 ὅτε
1715 3450 1808 3503 καὶ
1841 3450 2040 3520 ἑτέρως
2066 3451 2239 3502 εἰπεῖν
2270 3451 2348 3512 εἰς
2371 3447 2465 3519 τὴν
2504 3448 2865 3518 προκειμένην
2897 3447 3202 3517 ἐπιγραφὴν
3223 3487 3236 3510 ,
3261 3449 3444 3520 ἐπειδὴ

204 3545 298 3594 καὶ
324 3543 522 3612 ἑτέρως
549 3545 608 3596 τὸ
630 3545 723 3597 τοῦ
747 3545 908 3598 Δαϐὶδ
945 3545 1113 3616 ὄνομα
1149 3547 1508 3618 ἑρμηνεύεται
1554 3546 1987 3615 πεποθημένος,
2019 3546 2154 3612 ὅπερ
2185 3546 2480 3612 ἀναγκαῖον
2499 3543 2682 3596 λαϐεῖν
2709 3545 2787 3607 είς
2822 3544 2910 3595 τὸν
2939 3543 3046 3595 τῶν
3071 3543 3239 3610 ἁγίων
3266 3544 3444 3615 χορὸν,

203 3633 294 3687 τὸν
333 3635 440 3687 ὑπὸ
467 3633 561 3686 τοῦ
583 3634 718 3687 Θεοῦ
757 3635 1152 3706 πεποοημένον,
1187 3637 1263 3700 ὡς
1294 3638 1350 3690 δὲ
1379 3640 1574 3701 αὐτοὺς
1613 3638 1792 3707 λέγειν
1827 3640 1961 3710 πρὸς
1989 3639 2082 3691 τὸν
2114 3638 2242 3690 Υὶὸν
2274 3638 2368 3691 τοῦ
2399 3636 2533 3690 Θεοῦ
2561 3637 2651 3689 τὸν
2681 3635 3108 3706 ὑποτεταγμένον
3138 3636 3371 3707 ψαλμὸν.

272 3836 489 3892 Titulus
517 3837 838 3907 prapositus
870 3838 1108 3893 continet
1139 3857 1150 3891 :
1185 3841 1356 3892 oratio
1393 3838 1600 3904 David;
1629 3842 1730 3896 lxoc
1758 3851 1843 3896 est
1870 3841 1964 3896 Dei
2006 3841 2164 3896 Filio.
2191 3841 2324 3895 Nam
2353 3841 2602 3911 superius
2637 3839 2892 3904 diximus,
2919 3839 3060 3907 quod
3091 3837 3252 3892 David
3279 3841 3446 3893 inter-

203 3942 455 4004 pretatur
487 3933 593 3988 hoc
627 3933 810 4000 modo,
846 3935 1095 3989 dilectus.
1133 3933 1271 3990 llmc
1303 3947 1483 3991 autem
1512 3950 1614 4001 est,
1641 3949 1699 3994 ut
1735 3939 2036 4008 accipiatur
2065 3938 2131 3993 dc
2162 3939 2444 4006 unigenito
2479 3936 2566 3990 Dei
2600 3935 2757 3999 Filio,
2789 3937 3244 4005 quemadmodum
3279 3938 3440 3991 etiam

203 4042 352 4082 nunc
385 4027 757 4096 accipiendum
789 4035 874 4082 est
905 4046 917 4081 :
953 4041 1177 4096 nempe,
1226 4029 1371 4098 quod
1402 4031 1602 4096 oratio,
1660 4047 1780 4101 qua:
1812 4032 2024 4100 psalmo
2057 4031 2368 4084 continetur
2391 4070 2405 4091 ,
2449 4029 2592 4082 dicta
2620 4034 2703 4080 est
2735 4025 2824 4080 Dei
2857 4025 3010 4078 Filio.
3058 4026 3226 4079 Aliter
3276 4027 3438 4079 etiam

201 4123 463 4193 explicari
491 4132 666 4193 potest
703 4124 892 4180 eadem
922 4124 1226 4194 inscriptio,
1259 4128 1521 4196 quoniam
1549 4140 1602 4183 et
1640 4129 1798 4183 aliter
1831 4144 2031 4183 nomen
2058 4127 2225 4181 David
2265 4127 2668 4194 interpretatur,
2697 4137 2886 4188 nempe
2917 4119 3264 4181 desideratus,
3296 4119 3440 4187 quod

203 4235 428 4276 necesse
455 4230 538 4276 est
565 4221 811 4282 accipere
847 4221 914 4276 dc
947 4233 1264 4279 sanctorum
1303 4225 1498 4293 choro,
1532 4228 1680 4297 quia
1711 4226 1822 4283 Deo
1850 4227 2192 4283 desideratus
2225 4235 2341 4286 est,
2377 4226 2449 4278 ita
2489 4229 2546 4276 ut
2585 4221 2685 4290 ipsi
2713 4220 2779 4274 ad
2807 4219 2898 4273 Dei
2927 4216 3121 4272 Filium
3148 4215 3440 4287 psalmum,

208 4317 297 4387 {ui
347 4317 653 4388 subjicitur,
708 4316 909 4374 dicant.

271 4529 325 4582 1.
357 4527 470 4598 Τῆς
491 4528 706 4593 δικαίας
734 4548 833 4600 μου
851 4531 1147 4603 αἰτήσεως.

1952 4525 2005 4581 1.
2033 4523 2244 4580 Justam
2277 4539 2450 4578 meam
2479 4523 2916 4594 postulationem.

270 4617 326 4674 2.
360 4617 566 4690 Εὕτυχε
604 4619 761 4691 αὐτῇ.

1950 4620 2005 4674 2.
2032 4618 2306 4688 Propitius
2330 4624 2377 4673 ei
2405 4618 2506 4685 sis;

273 4710 328 4767 5.
377 4710 654 4765 Ἐνώτισαι
685 4712 782 4784 τὴν
806 4715 1110 4785 προσευχήν
1145 4730 1246 4783 μου
1269 4712 1365 4784 τὴν
1391 4709 1666 4782 ἀληθινήν.

1953 4713 2006 4766 ὅ.
2028 4708 2236 4764 Exaudi
2258 4709 2556 4764 orationem
2581 4724 2754 4762 meam
2774 4723 2882 4761 non
2910 4707 3106 4771 ﬁctam,
3127 4706 3218 4760 scd
3239 4721 3438 4761 veram.

271 4801 324 4856 ι.
365 4802 450 4854 Ἑν
478 4805 544 4874 τῇ
571 4803 798 4875 ἀληθείᾳ
823 4819 913 4856 σου
939 4804 1000 4856 τὸ
1026 4803 1236 4872 Θέλημά
1263 4819 1362 4873 μου
1388 4802 1545 4855 ἔστω.

1388 4802 1545 4855 ἔστω.
1949 4801 2003 4854 ι.
2034 4798 2089 4852 1ιι
2124 4800 2350 4853 veritate
2375 4809 2462 4852 tua
2493 4800 2742 4852 voluntas
2776 4813 2890 4850 mea
2933 4799 3018 4852 sit.

271 4893 325 4948 5.
357 4894 420 4947 Oi
452 4893 552 4964 τῆς
584 4896 808 4966 καρδίας
852 4914 951 4967 μου
979 4896 1243 4968 ὀεροαλμοὶ
1276 4894 1474 4964 γνῶσιν
1505 4895 1777 4966 ἐχέτωσαν
1809 4894 1852 4948 D

1809 4894 1852 4948 D
1952 4891 2004 4946 5.
2038 4890 2191 4946 Oculi
2218 4891 2400 4947 cordis
2421 4892 2523 4944 mei
2556 4900 2888 4960 eugnoscant
2911 4890 3238 4943 voluntatem
3271 4898 3437 4942 tuam.

199 4986 330 5057 περὶ
360 4987 421 5040 τὸ
451 4986 540 5040 σὺν
567 4987 796 5058 θέλημα.

268 5076 322 5131 6.
354 5072 505 5140 Εἶδες
529 5075 626 5148 τὴν
651 5077 876 5149 καρδίαν
907 5095 1008 5147 μου
1034 5075 1199 5132 οὖσαν
1237 5081 1294 5132 ἑν
1328 5078 1651 5149 ἁμαρτίαις,
1682 5078 1775 5130 καὶ

1960 5072 2013 5128 6.
2049 5071 2242 5128 Vidisti
2292 5089 2386 5128 cor
2418 5089 2594 5129 meum
2624 5111 2639 5137 ,
2677 5071 2820 5141 quod
2854 5081 2970 5126 erat
3005 5072 3058 5125 in
3088 5073 3356 5140 peccatis,
3390 5080 3443 5125 et

201 5167 503 5240 ἐϐοήθησας
535 5186 648 5240 μοι.

1879 5181 2034 5236 opem
2067 5167 2200 5220 mihi
2231 5167 2424 5228 tulisti,

271 5261 325 5318 7.
363 5260 722 5333 Ἐκαθάρισὰς
753 5277 819 5332 με
837 5301 853 5324 ,
887 5261 981 5314 καὶ
1009 5261 1106 5331 οὐχ
1133 5261 1325 5334 εὑρέθη
1345 5260 1401 5314 ὲν
1425 5261 1550 5330 ἐμοὶ
1572 5257 1769 5313 ἀδικία.

1949 5257 1999 5310 7.
2035 5258 2354 5313 Emundasti
2394 5274 2479 5313 me
2502 5299 2518 5324 ,
2547 5267 2601 5312 et
2632 5274 2739 5312 non
2774 5267 2856 5312 est
2883 5259 3094 5312 inventa
3130 5257 3183 5310 in
3214 5271 3299 5310 me
3339 5256 3440 5309 ini-

1874 5352 2073 5420 quitas.

269 5430 324 5490 8.
353 5432 540 5497 Ὅπως
577 5431 643 5486 ἂν
673 5431 746 5504 μὴ
787 5435 995 5504 ποιήσω
1031 5432 1097 5486 τὰ
1133 5432 1269 5501 εργα
1298 5434 1406 5486 τῶν
1438 5433 1736 5504 ἀνθρώπων
1757 5474 1771 5488 .

1255 5450 1269 5484 ι
1298 5434 1406 5486 τῶν
1438 5433 1736 5504 ἀνθρώπων
1757 5474 1771 5488 .
1959 5441 2011 5495 8.
2047 5440 2122 5494 Nc.
2154 5439 2346 5495 faciam
2382 5455 2543 5511 Opera
2577 5441 2854 5495 hominum
2887 5460 2899 5495 :

266 5523 320 5582 9.
349 5523 448 5578 Διὰ
475 5524 574 5587 τὰς
605 5523 929 5592 ἐπαγγελίας
958 5525 1055 5594 τῆς
1079 5525 1350 5595 βασιλείας
1387 5544 1480 5580 σου
1507 5527 1616 5596 ἐγὼ
1645 5529 1773 5597 ἐφύ-

1952 5534 2002 5588 9.
2041 5534 2268 5602 f'rOpter
2299 5534 2689 5603 promissioqu
2725 5535 2870 5604 regni
2921 5534 2996 5586 tui
3045 5549 3144 5602 ego
3175 5532 3438 5590 custodivi

199 5613 336 5684 λαξα
360 5615 426 5669 τὰ
458 5615 856 5686 προστάγματα
883 5633 995 5668 σου.

645 5615 856 5686 Εγματά
883 5633 995 5668 σου.
1877 5634 2144 5694 praecepta
2179 5633 2289 5678 tua.

274 5708 358 5762 10.
377 5709 716 5780 Καταρτισαι
731 5709 828 5780 τὴν
855 5709 1078 5780 καρδίαν
1102 5728 1201 5781 μου
1219 5713 1297 5774 είς
1323 5712 1392 5766 τὰ
1409 5710 1766 5782 δικαιώματα.

1557 5710 1766 5782 ὠματα.
1947 5714 2036 5768 10.
2074 5713 2277 5768 Perfice
2300 5731 2394 5768 cor
2420 5731 2595 5769 meum
2625 5714 2676 5768 in
2702 5715 3201 5784 justilicationibus.

273 5798 356 5854 11.
375 5799 456 5854 Τὰ
469 5799 605 5872 ὀρθὰ
621 5801 711 5870 νοὴ
720 5802 864 5870 ματα
881 5818 982 5879 μου
1000 5801 1175 5873 ἴναξμὴ
1193 5801 1496 5856 ἀποστῶσιν
1509 5803 1601 5857 ἀπ’
1614 5803 1766 5870 ἐμοῦ.

1675 5803 1766 5858 ιοῦ.
1951 5805 2032 5860 ll.
2065 5803 2213 5863 Recti
2236 5808 2401 5862 animi
2423 5808 2526 5862 mei
2552 5823 2747 5864 sensus
2775 5823 2841 5864 ne
2868 5823 3006 5864 a-me
3025 5808 3319 5864 discodant.
