4164 6484
735 399 843 460 699
1559 401 1619 458 S.
1660 403 2034 461 ATHANASII
2076 406 2226 463 OPP.
2270 407 2448 465 PARS
2484 410 2572 464 Ill.
2609 443 2678 453 --
2717 409 3123 468 EXEGETICA.
3881 410 3974 467 700

811 521 896 575 12.
932 519 1044 591 Ego
1087 521 1347 587 clamavi,
1389 524 1648 592 quoniam
1680 526 1952 582 exaudisti
1983 544 2088 592 me,
2125 528 2265 585 Deus
2298 550 2310 585 :
2344 541 2386 592 Α

2344 541 2386 592 Α
2502 534 2585 586 12.
2637 533 2777 603 Ἐγὼ
2810 532 3102 606 ἐκέκραξα,
3139 535 3221 586 ὅτι
3255 533 3561 605 ἐπήκουσάς
3594 549 3721 602 μου,
3755 529 3787 582 ὀ
3811 529 3969 594 θεός·

812 614 899 668 15.
930 612 1131 668 lncliua
1167 630 1352 670 aurem
1397 625 1545 670 tuam
1575 617 1747 686 mihi,
1799 630 1852 674 ct
1902 621 2092 674 exaudi
2141 625 2300 676 verba

2478 627 2563 679 15.
2604 627 2797 680 Κλίνον
2832 628 2893 680 τὸ
2934 623 3028 691 οὖς
3078 644 3169 679 σου
3217 628 3378 697 ἐμοὶ,
3413 626 3506 679 καὶ
3531 623 3848 678 εἰσάκουσον
3871 623 3970 677 τῶν

742 722 881 759 lucu.

2409 720 2668 789 ῥημάτων
2703 737 2821 790 μου.

815 800 898 853 ll.
932 799 1156 856 Miriﬁca
1189 801 1592 856 misericordias
1627 812 1779 868 luas,

812 892 897 946 15.
933 891 1036 958 Qui
1062 893 1243 949 salvos
1273 892 1405 949 facis
1437 905 1715 964 sperantes
1747 897 1800 949 in
1827 904 1914 951 te:

813 985 899 1037 16.
935 987 977 1036 Α
1002 986 1382 1040 resistentibus
1409 987 1644 1042 dexterae
1672 999 1775 1043 tuae
1795 1029 1810 1052 ,

814 1077 901 1132 17.
934 1078 1157 1131 Custodi
1193 1094 1277 1131 me
1312 1088 1372 1132 ut
1402 1080 1657 1148 pupillam
1691 1082 1852 1136 oculi.

814 1165 901 1218 18.
937 1165 1050 1219 Sub
1081 1168 1268 1220 umbra
1294 1169 1500 1222 alarum
1533 1178 1749 1224 tuarum
1775 1181 2020 1242 proteges
2047 1189 2162 1236 me,

817 1259 901 1314 19.
931 1261 975 1312 Α
1004 1260 1139 1315 facie
1165 1262 1474 1331 impiorum,
1511 1263 1602 1333 qui
1629 1281 1714 1318 me
1740 1265 2067 1321 afﬂixerunt.

809 1435 900 1488 20.
938 1434 1143 1492 Inimici
1174 1438 1276 1491 mei
1309 1438 1544 1493 animam
1598 1456 1771 1495 meam
1806 1441 2298 1505 circumdederunt,

812 1527 902 1582 21.
935 1527 1157 1598 Adipem
1191 1547 1349 1584 suum
1385 1532 1771 1587 concluserunt
1803 1554 1816 1588 :

812 1620 901 1674 22.
933 1619 1006 1675 Os
1035 1636 1222 1674 eorum
1250 1623 1486 1677 locutum
1518 1633 1602 1678 est
1623 1625 1954 1694 superbiam.

811 1714 902 1768 25.
935 1712 1287 1785 Projicieutes
1314 1733 1399 1770 me
1421 1731 1563 1770 nunc
1586 1717 2060 1772 circumdederunt
2095 1734 2197 1772 me.

814 1805 908 1862 21.
936 1808 1134 1861 Oculos
1164 1823 1294 1862 suos
1329 1817 1632 1863 statuerunt
1653 1809 1926 1864 declinare
1975 1811 2028 1863 in
2083 1819 2301 1865 terram.

814 1898 904 1954 25.
928 1897 1294 1968 Susceperunt
1324 1918 1428 1963 me.
1456 1902 1597 1958 sicut
1617 1902 1700 1956 leo
1719 1911 1938 1971 paratus
1953 1901 2019 1956 ad
2050 1902 2305 1970 praedam,
2340 1887 2380 1941 Β

815 1986 906 2042 26.
935 1987 1000 2042 Et
1025 1989 1165 2044 sicut
1195 1992 1408 2046 catulus
1438 1993 1610 2047 leonis
1645 1992 1896 2046 habitans
1933 1992 1987 2045 in
2017 1993 2234 2047 abditis.

823 2078 912 2133 27.
949 2079 1191 2150 Exsurge
1215 2121 1228 2146 ,
1254 2080 1480 2136 Domine
1498 2124 1512 2147 ,
1541 2082 1774 2151 praeveni
1801 2096 1916 2144 eos,
1945 2089 1999 2135 et
2023 2082 2307 2151 supplauta

747 2183 840 2224 εοε
867 2187 879 2222 ε

813 2257 900 2310 28.
936 2256 1095 2328 Eripe
1121 2261 1359 2316 animam
1387 2275 1560 2316 meam
1587 2261 1654 2316 ab
1686 2262 1885 2332 impio,

815 2350 904 2404 29.
939 2350 977 2404 F
984 2367 1162 2406 ramea
1198 2363 1286 2409 tua
1316 2355 1384 2409 ab
1407 2354 1642 2410 inimicis
1671 2370 1866 2409 manus
1891 2365 1997 2409 tua:
2022 2373 2036 2408 :

817 2441 905 2497 50.
944 2441 1169 2498 Domine
1198 2459 1228 2498 a
1256 2446 1440 2514 paucis
1473 2446 1538 2500 de
1567 2455 1708 2500 terra
1729 2487 1744 2513 ,

818 2531 907 2587 51.
945 2531 1132 2589 Divide
1158 2550 1252 2592 eos
1290 2536 1343 2589 iu
1385 2537 1494 2591 vita
1531 2553 1742 2593 eorum.

820 2623 907 2679 52.
941 2625 1006 2678 Et
1038 2627 1104 2682 dc
1146 2628 1482 2684 absconditis
1519 2631 1626 2686 tuis
1656 2631 1980 2703 adimpletus
2008 2641 2092 2689 est
2120 2645 2309 2690 venter

745 2729 958 2772 eorum.

817 2811 905 2864 55.
945 2808 1180 2866 Saturati
1207 2822 1334 2868 sunt
1364 2813 1508 2879 ﬁliis,

821 2901 909 2955 54.
940 2901 1003 2956 Et
1031 2901 1354 2959 dimiserunt
1382 2904 1640 2974 reliquias
1667 2921 1796 2960 suas
1818 2908 2056 2976 parvulis
2083 2909 2218 2965 suis.

819 2993 904 3048 55.
931 2993 1040 3065 Ego
1062 3004 1240 3048 autem
1267 2997 1316 3050 in
1337 2995 1550 3065 justitia
1573 2997 1841 3064 apparebo
1862 3001 2173 3069 conspectui
2195 3010 2310 3068 tuo,

820 3165 908 3220 56.
947 3166 1199 3222 Satiabor
1227 3184 1350 3225 cum
1380 3167 1691 3240 apparuerit
1720 3171 1851 3226 mihi
1883 3172 2052 3244 gloria
2088 3183 2197 3230 tua.

2481 809 2567 862 14.
2601 808 3002 879 Θαυμάστωσον
3029 809 3096 863 τὰ
3133 811 3257 880 ἐλέη
3288 826 3380 861 σου
3399 849 3415 873 ,

2484 898 2570 951 15.
2614 899 2671 950 ’0
2707 898 2893 962 σώζων
2916 901 3041 962 τοὺς
3071 900 3382 964 ἐλπίζοντας
3413 900 3505 952 ἐπὶ
3535 897 3616 951 σέ.

2487 993 2577 1044 16.
2624 993 2715 1044 Ἐκ
2738 993 2846 1045 τῶν
2874 993 3280 1063 ἀνθεστηκότων
3314 996 3379 1062 τῇ
3403 992 3552 1063 δεξιᾷ
3572 1009 3668 1045 σου

2482 1083 2566 1134 17.
2597 1080 2832 1146 Φύλαξόν
2858 1100 2924 1152 με
2953 1083 3026 1145 ὡς
3061 1083 3226 1154 κόρην
3254 1081 3553 1152 ὀφθαλμοῦ.

2485 1171 2572 1224 18.
2614 1173 2701 1224 Ἐν
2728 1173 2905 1245 σκέπῃ
2931 1171 3038 1224 τῶν
3071 1173 3352 1244 πτερύγων
3389 1189 3479 1225 σου
3509 1171 3806 1234 σκεπὰσεις
3834 1187 3926 1241 με,

2481 1261 2565 1313 19.
2615 1261 2746 1313 Ἀπὸ
2775 1261 3064 1331 προσώπου
3111 1262 3320 1315 ἀσεϐῶν
3373 1262 3483 1314 τῶν
3529 1261 3976 1333 ταλαιπωρησάνο

2406 1368 2512 1404 των
2545 1369 2632 1422 με.

2476 1447 2566 1501 21).
2603 1447 2665 1500 Οἱ
2698 1445 2880 1516 ἐχθροί
2917 1463 3015 1517 μου
3040 1445 3138 1516 τὴν
3164 1445 3338 1516 ψυχήν
3373 1463 3472 1518 μου
3501 1447 3812 1519 περιέσχον,

2479 1538 2566 1591 21.
2602 1538 2673 1590 Τὸ
2697 1539 2860 1609 στέαρ
2890 1537 3067 1592 αὐτῶν
3101 1538 3477 1591 συνέκλεισαν·

2478 1629 2568 1682 22.
2595 1630 2667 1682 Τὸ
2697 1630 2868 1699 στόμα
2908 1630 3086 1682 αὐτῶν
3111 1630 3368 1699 ἐλάλησεν
3395 1629 3792 1702 ὑπερηφανίαν.

2478 1721 2566 1774 25.
2617 1720 2993 1783 Ἐκϐἀλλοντὲς
3027 1737 3092 1790 με
3117 1719 3216 1798 νῦν
3250 1719 3694 1790 περιεκύκλωσάν
3723 1736 3813 1790 με.

2482 1809 2570 1862 21.
2596 1810 2732 1872 Τοὺς
2753 1809 3062 1880 ὀφθαλμοὺς
3078 1811 3254 1863 αὐτῶν
3273 1810 3450 1863 ἔθεντο
3473 1811 3715 1863 ἐκκλῖναι
3733 1813 3790 1862 ἐν
3805 1813 3870 1880 τῇ
3887 1813 3972 1880 τῇ.

2477 1896 2567 1953 25.
2611 1899 2905 1952 ’Υπέλαεόν
2939 1917 3039 1970 με,
3071 1901 3203 1954 ὼσεί
3233 1900 3366 1954 λέων
3410 1902 3624 1970 ’ἕτοιμος
3656 1902 3738 1963 εἰς
3787 1899 3976 1971 θήραν,

2478 1989 2566 2042 26.
2607 1989 2714 2042 Καὶ
2739 1989 2869 2041 ὡσεὶ
2901 1989 3137 2059 σκύμνος
3161 1990 3324 2042 οἰκῶν
3356 1991 3413 2042 ἐν
3437 1989 3795 2061 ἀποκρύφοις.

2475 2079 2563 2130 27.
2608 2076 2891 2147 Ἀνάστηθι
2917 2117 2932 2141 ,
2992 2078 3162 2150 Κύριε
3188 2119 3203 2142 ,
3270 2080 3579 2152 πρόφοασον
3617 2081 3854 2145 αὐτοὺς,
3892 2077 3980 2134 καὶ

2414 2164 2770 2218 ὑποσκέ).ισον
2785 2180 2788 2184 '
2802 2165 2996 2228 αὐτούς
3011 2182 3024 2194 ·

2481 2256 2570 2310 28.
2614 2257 2800 2310 Ῥὖσαι
2827 2257 2924 2327 τὴν
2951 2255 3128 2329 ψυχήν
3157 2276 3255 2328 μου
3279 2258 3385 2312 ἀπὸ
3418 2260 3666 2324 ἀσεϐοῦς,

2479 2348 2570 2401 29.
2610 2349 2878 2420 Ῥομφαία
2909 2368 3002 2404 σου
3031 2350 3138 2404 ἀπὸ
3163 2349 3372 2421 ἐχθρῶν
3397 2353 3493 2420 τῆς
3523 2352 3704 2423 χειρός
3739 2369 3835 2406 σου
3857 2370 3869 2382 ·

2482 2441 2571 2494 50.
2601 2439 2792 2512 Κύριε,
2823 2440 2930 2494 ἀπὸ
2953 2442 3146 2509 ὀλίγων
3187 2441 3294 2495 ἀπὸ
3320 2443 3454 2512 γῆς,

2482 2532 2571 2588 5|.
2600 2533 2924 2605 Διαμέρισον
2950 2535 3145 2598 αὐτοὺς
3168 2535 3225 2588 ἐν
3259 2538 3324 2606 τῇ
3362 2535 3471 2606 ζωῇ
3500 2537 3700 2589 αὐτῶν.

2485 2629 2574 2680 51.
2607 2627 2718 2681 Kal.
2758 2625 2865 2678 τῶν
2895 2626 3290 2698 κεκρυμμένων
3324 2645 3417 2682 σου
3445 2629 3688 2700 ἐπλήσθη
3719 2629 3980 2701 ἡταστὴρ

2412 2716 2592 2770 αυτῶν
2611 2733 2624 2746 ’

2483 2807 2574 2862 55.
2617 2807 3054 2879 Ἐχορτὰσοησαν
3083 2805 3232 2870 υἱῶν,

2479 2899 2568 2954 54.
2603 2900 2712 2952 Καὶ
2743 2900 2961 2970 ἀφῆκαν
2996 2897 3062 2950 τὰ
3084 2897 3385 2950 κατάλοιπα
3411 2901 3523 2961 τοῖς
3556 2897 3767 2967 νηπίοις
3789 2895 3980 2950 αὐτῶν.

2484 2993 2572 3046 55.
2620 2990 2758 3060 Ἐγὼ
2794 2991 2851 3044 δὲ
2888 2992 2945 3044 ὲν
2977 2989 3291 3061 δικαιοσύνῃ
3321 2989 3629 3061 ὀφθήσομαι
3675 2989 3757 3061 τῷ
3817 3005 3980 3060 προσ-

2422 3085 2465 3137 ώ
2473 3105 2555 3156 πῳ
2586 3102 2699 3148 σου,

2486 3177 2573 3232 56.
2591 3176 3043 3248 Χορτασοήσομαι
3065 3176 3122 3228 ἐν
3136 3174 3212 3245 τῷ
3227 3174 3454 3246 ὀφθῆναέ
3473 3193 3561 3246 μοι
3579 3175 3677 3247 τὴν
3697 3175 3854 3244 δόξαν
3871 3191 3979 3232 σου.

1882 3311 2247 3367 A'l'llANASll
2285 3308 2850 3368 INTERPRETATIO.

827 3428 912 3482 12.
943 3427 1233 3498 Propterea
1259 3429 1324 3484 ad
1361 3439 1411 3485 te
1451 3431 1680 3486 clamavi
1732 3442 1988 3502 expertus
2028 3434 2139 3502 jam
2172 3435 2316 3504 quod

759 3518 985 3573 exaudis
1018 3535 1136 3582 eos,
1168 3521 1336 3588 quite
1357 3521 1738 3590 deprecantur.

823 3610 906 3664 15.
934 3611 1204 3680 Beuiguus
1233 3612 1363 3665 mihi
1392 3624 1527 3676 esto,
1556 3625 1610 3668 et
1654 3615 1814 3685 imple
1849 3632 1970 3685 qua:
2001 3632 2030 3670 a
2060 3625 2110 3671 tc
2134 3631 2313 3686 posco.

825 3704 846 3756 -l
869 3704 912 3762 i.
943 3705 1030 3758 15.
1065 3702 1346 3774 Magniﬁca
1375 3706 1801 3761 misericordiam
1837 3717 1985 3762 tuam
2019 3709 2073 3762 in
2104 3725 2208 3764 me.

827 3793 910 3848 16.
943 3794 1029 3846 17.
1073 3793 1145 3848 De
1171 3795 1508 3850 daemonibus
1533 3797 1772 3866 loquitur
1801 3816 1814 3850 :

828 3886 914 3940 18.
952 3887 1010 3938 In
1034 3886 1516 3954 justiﬁeationibus
1551 3889 1658 3943 tuis
1696 3889 1890 3958 adjuva
1923 3905 2037 3955 me;

831 3978 917 4032 i9.
956 3976 1289 4042 Dmmonum,
1330 3979 1422 4048 qui
1462 3994 1682 4048 peceare
1710 3995 1793 4035 me
1826 3979 2088 4036 fecerunt.

824 4069 914 4121 20.
965 4069 1259 4124 υίΒΙΙὶυΙΙΘΞ.

820 4164 909 4218 21.
934 4163 1245 4231 Voluptates
1267 4177 1394 4218 suas
1409 4173 1714 4219 statuerunt
1733 4165 2003 4221 declinare
2019 4167 2072 4220 in
2099 4177 2318 4224 terram.

828 4256 917 4308 22.
949 4255 1280 4308 Putavcruut
1308 4273 1365 4309 se
1393 4257 1524 4310 deos
1561 4273 1701 4310 esse.

824 4348 907 4401 25.
943 4348 1330 4402 Abstrahentcs
1361 4363 1445 4402 me
1479 4365 1508 4402 a
1541 4359 1593 4402 te
1620 4349 2092 4404 circumdederunt
2123 4369 2228 4406 me.

831 4441 919 4495 24.
943 4441 1241 4495 Consilium
1265 4457 1450 4495 eorum
1477 4441 1804 4505 estefiicere,
1832 4451 1936 4496 uta
1963 4453 2012 4497 te
2031 4444 2319 4498 decliuem.

827 4535 918 4600 25,
953 4533 1042 4589 26.
1080 4533 1235 4588 Sicut
1287 4534 1405 4597 leo,
1454 4542 1508 4587 ct
1541 4534 1756 4590 catulus
1789 4534 2036 4590 habitant
2069 4536 2122 4589 iu
2159 4539 2323 4593 corde

759 4643 899 4681 meo.

2495 3429 2580 3482 12.
2611 3427 2707 3481 Διὰ
2729 3427 2887 3479 τοῦτο
2907 3425 3103 3494 ἐϐόησα
3124 3424 3254 3496 πρὸς
3276 3423 3356 3485 σὲ,
3381 3422 3480 3493 1ήδη
3503 3421 3696 3493 πεῖράν
3715 3439 3810 3475 σου
3833 3421 3981 3492 ἔχων,

2419 3521 2499 3573 ὅτι
2525 3517 2830 3581 εἰσακούεις
2853 3516 2960 3570 τῶν
2985 3516 3252 3586 δεομένων
3287 3532 3398 3568 σου.

2493 3610 2577 3664 15.
2600 3609 2846 3679 Εὐμενής
2869 3624 2953 3677 μοι
2979 3605 3158 3674 γενοῦ,
3181 3604 3274 3656 καὶ
3293 3605 3576 3674 πλήρωσον
3599 3604 3744 3674 ἅπερ
3760 3602 3893 3657 αἰτῶ
3910 3618 3979 3654 σε.

2481 3702 2578 3765 μ.
2615 3700 2701 3754 15.
2728 3699 3041 3767 Μεγαλυνον
3070 3697 3129 3750 τὸ
3159 3697 3306 3758 ἔλεός
3341 3713 3433 3747 σου
3468 3697 3546 3759 εἰς
3570 3695 3690 3764 ἐμέ.

2491 3790 2578 3856 16,
2615 3792 2700 3843 17.
2732 3791 2864 3859 Περὶ
2891 3789 2998 3841 τῶν
3031 3787 3302 3857 δαιμόνων
3333 3785 3501 3853 λέγει.

2493 3883 2580 3938 18.
2624 3883 2712 3936 Ἐν
2737 3885 2847 3944 τοῖς
2871 3879 3199 3950 δικαιώμασί
3234 3896 3326 3930 σου
3359 3875 3622 3948 βοήθησὸν
3652 3894 3763 3946 μοι.

2493 3973 2579 4028 19.
2607 3972 2726 4025 Τῶν
2751 3971 3015 4042 δαιμόνων
3044 3971 3150 4024 τῶν
3178 3969 3514 4039 ποιησάντων
3553 3964 3870 4037 ἁμαρτῆσαί
3903 3980 3982 4035 με.

2488 4068 2576 4122 20.
2610 4069 2672 4120 Οἱ
2695 4067 2961 4138 δαίμονες.

2493 4160 2583 4213 21.
2621 4157 2732 4222 Τὰς
2762 4159 2946 4229 ἡδονὰς
2975 4156 3152 4210 αὐτῶν
3179 4155 3358 4210 ἔθεντο
3382 4155 3626 4208 ἐκκλῖναι
3662 4156 3721 4207 ἐν
3745 4155 3813 4225 τῇ
3835 4155 3923 4224 τῇ.

2491 4250 2582 4305 22.
2625 4251 2926 4321 Ἠγήσαντο
2953 4250 3178 4312 ἑαυτοὺς
3206 4244 3343 4300 εἶναι
3373 4247 3544 4310 ϐεούς.

2490 4343 2579 4397 25.
2617 4340 3053 4403 ’Λποσπάσαντές
3082 4357 3148 4410 με
3170 4340 3277 4392 ἀπὸ
3302 4337 3414 4401 σοῦ,
3434 4336 3878 4408 περιεκύκλωσάν
3905 4349 3982 4405 με.

2491 4435 2581 4489 24.
2599 4436 2661 4487 Ἦ
2681 4434 2840 4504 βουλὴ
2855 4433 3032 4485 αὐτῶν
3050 4433 3164 4484 ἐστι
3180 4431 3401 4500 ποιῆσαί
3418 4447 3483 4500 με
3501 4427 3865 4482 ἐκκ).ῐναιὰπὺ
3879 4424 3982 4479 σοῦ.

2491 4528 2583 4590 251,
2615 4525 2706 4580 26.
2753 4525 2838 4588 Ὠς
2872 4524 3007 4576 λέων
3031 4563 3045 4585 ,
3085 4523 3176 4576 καὶ
3204 4522 3278 4586 ὡς
3301 4522 3537 4592 σκύμνος
3577 4520 3816 4574 οἰκοῦσιν
3847 4520 3901 4570 ἐν
3925 4518 3984 4585 τῇ

2424 4619 2623 4691 καρδία
2655 4636 2775 4688 μου.

826 4721 917 4774 27.
965 4717 1123 4782 Veni,
1184 4717 1408 4772 Domine
1433 4761 1447 4784 ,
1492 4727 1547 4772 cl
1600 4719 1843 4789 compedi
1885 4734 1981 4773 eos
2021 4719 2122 4774 sub
2161 4722 2319 4790 pedes
2353 4709 2395 4762 ί)

2353 4709 2395 4762 D
2491 4712 2584 4766 27.
2632 4709 2801 4774 Ἐλοἐ,
2835 4707 3026 4779 Κύριε,
3055 4708 3150 4760 καὶ
3179 4705 3502 4777 συμπόδισον
3525 4705 3722 4767 αὐτοὺς
3754 4701 3856 4754 ὑπὸ
3872 4699 3983 4762 τοὺς

758 4829 926 4869 meos.

826 4905 1014 4960 28-51.
1053 4903 1302 4969 Domine,
1334 4903 1582 4959 celeriter
1604 4904 1831 4973 dispelle
1858 4919 1954 4960 eos
1981 4904 2048 4959 ab
2077 4905 2316 4959 hornini-

760 4996 860 5051 bus
890 5015 903 5052 :

827 5089 916 5143 52.
959 5087 1235 5158 Proiectos
1271 5087 1369 5140 abs
1404 5095 1455 5140 te
1478 5085 1893 5141 devoraverunt.

827 5183 918 5246 55,
947 5181 1036 5236 54.
1063 5180 1308 5236 Saturati
1340 5188 1462 5233 sum
1489 5219 1504 5244 ,
1537 5179 1628 5235 sed
1665 5180 1886 5249 iniquis.

825 5275 914 5330 55.
954 5275 1094 5330 Cum
1121 5273 1327 5328 venerit
1348 5272 1596 5342 judicare
1625 5279 1846 5326 terram.

828 5367 916 5421 56.
945 5366 1113 5421 Cibus
1147 5381 1300 5420 meus
1327 5407 1342 5430 ,
1378 5379 1493 5416 cum
1531 5363 1834 5431 apparuerit
1873 5363 1999 5415 mihi
2025 5363 2195 5433 gloria
2227 5371 2318 5415 tua

757 5460 810 5513 iu
855 5458 1037 5514 futuro
1065 5458 1284 5522 saeculo,
1318 5467 1400 5511 est
1431 5457 1484 5509 iu
1513 5456 1696 5525 gloriae
1722 5463 1828 5509 tua:
1855 5454 2083 5509 visione.

2427 4805 2590 4868 πόδας
2621 4821 2742 4874 μου.

2496 4919 2678 4974 28-51“.
2737 4917 2937 4988 Κύριε,
2978 4919 3034 4970 ἐν
3064 4916 3217 4985 τάχει
3261 4912 3609 4968 ὀιασκέδασον
3657 4910 3852 4972 αὐτοὺς
3890 4905 3987 4960 ἀπὸ

2423 5012 2530 5066 τῶν
2568 5011 2662 5064 avo
2673 5011 2887 5082 ρώπων.

2501 5104 2590 5158 52.
2615 5103 2752 5166 Τοὺς
2785 5099 3184 5174 ἀπερῤιμένους
3212 5098 3320 5151 ἀπὸ
3356 5095 3448 5150 σοῦ
3484 5094 3773 5148 κατέπιαν.

2497 5197 2586 5259 55,
2617 5195 2705 5249 51.
2751 5192 3274 5264 Ἐχοίιτάσθησαν,
3325 5187 3460 5243 ἀλλά
3497 5187 3603 5241 τῶν
3636 5183 3988 5256 ἀνομούντων.

2495 5289 2586 5343 55.
2623 5289 2786 5341 Ὅταν
2813 5285 2940 5357 ἕ).οη
2973 5287 3154 5356 κρῖναι
3181 5283 3277 5354 τὴν
3305 5281 3648 5351 οἰκουμένην.

2496 5378 2585 5433 56.
2619 5379 2680 5429 ’11
2705 5379 2875 5448 τροφή
2918 5393 3018 5446 μου
3043 5415 3057 5438 ,
3090 5376 3158 5428 ἐν
3177 5373 3254 5439 τῷ
3275 5371 3530 5442 ὀφθῆναί
3547 5389 3646 5441 μοι
3677 5369 3791 5436 τὴν
3815 5367 3914 5428 ὃὸξ

2428 5489 2543 5524 σου
2570 5471 2625 5522 ἐν
2654 5469 2731 5540 τῷ
2768 5468 3010 5540 μέλλοντι
3041 5467 3228 5529 αἰῶνι,
3264 5466 3410 5519 ἐστὶν
3443 5466 3521 5528 εἰς
3554 5463 3614 5516 τὸ
3651 5464 3782 5538 ὁρᾷν
3808 5479 3872 5534 με
3900 5477 3924 5510 τ

2427 5563 2581 5628 δόξαν
2613 5579 2726 5615 σου.

1707 5699 2007 5761 Addenda
2047 5707 2108 5760 et
2140 5700 2512 5780 corrigenda
2564 5717 2639 5760 ex
2673 5700 2808 5761 cod.
2847 5699 3046 5761 Vatic.

844 5844 957 5927 με)
995 5847 1048 5899 Ἀ
1077 5844 1398 5909 animus);
1430 5843 1544 5902 llaec
1577 5846 1800 5900 tirli-llsia
1829 5846 2092 5900 videnlur.
