4164 6486
275 411 375 468 τω
1226 421 1313 477 DE
1353 422 1627 481 TITULIS
1667 423 1788 479 PSA
1804 420 2116 479 Luosuu.
2147 452 2204 462 —
2228 417 2420 475 PSAL.
2457 413 2619 472 xvn.
3384 402 3490 460 702

273 527 375 592 Εἰς
405 527 470 580 τὸ
500 527 670 595 τέλος
722 530 803 597 τῷ
852 533 1015 587 παιδὶ
1057 537 1275 605 Kvplov
1303 537 1382 603 τῷ
1411 539 1609 602 Δαόὶὸ,
1638 537 1677 591 ἄ
1707 537 1845 591 ἐλά·
1878 541 1915 596 Α

1878 541 1915 596 Α
1948 538 2012 595 In
2073 538 2229 606 ﬁnem
2281 550 2437 603 puero
2459 572 2474 595 ,
2533 529 2746 584 Domini
2779 525 2976 590 David,
3012 537 3127 593 qua!
3157 521 3359 573 locutus
3412 528 3489 574 est

345 622 502 683 .lno'e
532 619 612 685 τῷ
642 624 833 691 Κυρίῳ
865 624 1004 691 τοὺς
1028 628 1247 697 λόγους
1287 627 1396 697 τῆς
1434 629 1589 697 ᾠδῆς
1620 630 1839 695 ταύτης

2006 630 2229 684 Domino
2257 626 2406 679 verba
2431 623 2622 676 cantici
2651 621 2805 690 hujus
2833 621 2887 672 in
2906 618 3007 681 die,
3033 633 3135 686 qua
3159 613 3346 683 eripuit
3374 628 3490 665 eum

346 711 417 765 ἐν
439 711 627 781 ἡμέρᾳ
650 708 690 784 ἦ
720 715 1009 782 ὲρῤύσατο
1037 718 1220 772 αὑτὸν
1248 722 1284 773 d
1306 718 1520 787 Κύριος
1545 720 1613 772 ἐκ
1645 720 1841 789 χειρὸς

2006 718 2259 771 Dominus
2294 716 2357 768 de
2387 731 2546 767 manu
2576 713 2807 765 omnium
2829 707 3157 763 inimicorum
3187 703 3321 772 ejus,
3357 701 3491 754 etde

345 802 586 856 πάντων
605 805 722 858 τῶν
733 806 959 874 ἐχθρῶν
974 809 1177 875 αὐτοῦ,
1195 811 1289 864 καὶ
1313 812 1381 864 ἐκ
1402 810 1596 880 χειρὸς
1619 810 1837 874 Σαοὺλ,

1468 810 1596 880 νιρὸς
1619 810 1837 874 Σαοὺλ,
2004 824 2162 861 manu
2194 804 2324 860 Saul
2343 845 2357 869 ,
2380 814 2426 857 et
2456 803 2591 856 dixit
2617 818 2635 856 :
2662 798 2864 855 PSAL.
2918 797 2967 851 Χ
2985 794 3112 851 γη.

348 896 444 947 καὶ
474 891 674 950 εἶπεν·
713 900 885 952 ΨΑΛ.
912 901 1036 955 ΙΖ¹.

350 986 402 1040 1.
448 988 741 1059 Ἀγαπήσω
766 1007 845 1055 σε,
872 991 1122 1064 Κύριε,ή
1160 993 1310 1063 ἰσχύς
1341 1010 1464 1064 μου.

2013 984 2064 1036 1.
2099 982 2326 1053 Diligam
2356 990 2426 1048 te,
2454 980 2698 1044 Domine,
2735 979 2993 1034 fortitudo
3023 992 3161 1031 mea.

346 1072 401 1129 2.
430 1074 631 1149 Κύριος
659 1080 940 1151 στερέωμα
971 1098 1069 1152 μου
1091 1124 1107 1148 ,
1136 1084 1229 1136 καὶ
1257 1086 1539 1155 καταφυγή
1584 1100 1683 1154 μου
1703 1123 1718 1147 ,
1744 1084 1838 1137 καὶ

2003 1074 2059 1128 2.
2092 1073 2351 1128 Dominus
2406 1073 2801 1127 ﬁrmamentum
2857 1085 3035 1124 meum
3064 1077 3180 1135 ,‘et
3222 1065 3489 1137 refugium

279 1162 483 1238 ρὕτης
512 1186 609 1238 μου
631 1208 646 1234 ν

1940 1177 2144 1219 meum.
2175 1170 2228 1215 et
2250 1161 2503 1215 liberator
2533 1174 2683 1213 meus
2699 1198 2712 1223 .

355 1255 410 1309 3.
450 1256 508 1308 '0
530 1257 659 1321 Θεός
683 1277 806 1331 μου,
838 1261 1029 1336 βοηθός
1064 1282 1185 1336 μου,
1220 1267 1312 1318 καὶ
1343 1265 1511 1318 ὲλπιῶ
1532 1266 1618 1318 ἐπ’
1648 1265 1833 1319 αὐτόν·

2010 1253 2063 1306 5.
2101 1252 2241 1306 Deus
2270 1267 2443 1313 meus,
2476 1250 2685 1321 adjutor
2716 1264 2888 1313 meus,
2916 1258 2969 1303 et
2990 1248 3212 1316 sperabo
3241 1248 3291 1301 in
3321 1262 3441 1301 eum
3474 1263 3488 1300 :

346 1343 406 1398 4.
438 1346 871 1423 Ὑπερασπιστής
903 1371 1002 1424 μου
1023 1394 1037 1419 ,
1077 1356 1171 1409 καὶ
1200 1355 1368 1429 κέρας
1393 1358 1662 1428 σωτηρίας
1712 1374 1835 1427 μου,

2011 1344 2066 1398 ι.
2102 1341 2381 1395 Protector
2407 1356 2580 1403 meus,
2607 1346 2661 1393 et
2684 1354 2851 1393 cornu
2885 1339 3077 1393 salutis
3110 1352 3259 1401 meat,
3286 1346 3339 1390 et
3367 1350 3489 1390 sus‘

274 1435 369 1489 καὶ
393 1437 735 1513 ἁντιλήπτωρ
766 1461 890 1513 μου.

680 1461 735 1513 op
766 1461 890 1513 μου.
1940 1442 2128 1501 ceptor
2153 1448 2324 1487 meus.

343 1526 397 1580 5.
434 1528 606 1582 Δίνῶν
649 1532 1037 1605 ὲπικαλέσομαι
1067 1536 1159 1589 τὸν
1215 1536 1417 1611 Κύριον
1439 1577 1455 1603 ,
1503 1538 1595 1591 καὶ
1626 1539 1690 1590 ὲκ
1731 1535 1838 1591 τῶν

2004 1524 2057 1579 5.
2099 1523 2351 1578 Laudatis
2396 1522 2655 1578 invocabo
2697 1521 2978 1576 Dominum
3069 1530 3120 1575 et
3162 1521 3228 1575 ab
3257 1520 3490 1575 inimicis

273 1617 483 1689 ἐχθρῶν
520 1638 619 1692 μου
651 1623 983 1696 σωθήσομαι.

780 1626 983 1696 ἣσομαι.
1939 1617 2075 1670 meis
2103 1617 2284 1670 salvus
2312 1630 2424 1668 ero.

341 1707 395 1763 6.
434 1711 725 1782 Περιέσχον
752 1733 818 1785 με
853 1718 1036 1783 ὠδῖνες
1060 1719 1317 1786 θανάτου,

2010 1706 2064 1760 6.
2096 1706 2582 1760 Circumdederunt
2614 1720 2698 1758 me
2725 1704 2939 1759 dolores
2972 1703 3192 1766 mortis,

345 1798 399 1855 7.
432 1802 538 1855 Kal.
576 1804 861 1878 χείμαρροι
892 1811 1118 1881 ἀνομίας
1148 1812 1470 1884 ὲξετάραξάν
1498 1830 1585 1885 με.

2011 1799 2063 1852 7.
2101 1798 2168 1851 Ει
2194 1806 2462 1852 torrentes
2495 1797 2797 1867 iniquitatis
2822 1795 3282 1851 conturbavcrunt
3311 1809 3416 1848 me.

341 1890 396 1946 8.
439 1894 634 1960 Ὠδῖνες
661 1897 786 1968 ᾅδου
815 1904 1258 1971 περιεκύκλωσάν
1288 1922 1375 1976 με’
1860 1895 1903 1950 Β

1860 1895 1903 1950 Β
2007 1890 2061 1945 8.
2106 1889 2330 1945 Dolores
2354 1889 2549 1944 inferni
2576 1888 3046 1944 circumdederunt
3073 1903 3196 1941 me:

342 1984 396 2039 9.
435 1988 785 2058 Προέφθασάν
824 2011 890 2061 με
926 1996 1145 2062 παγίδες
1174 1996 1424 2050 θανάτου.

2006 1980 2060 2035 9.
2090 1978 2607 2047 Praeoccupaverunt
2634 1992 2718 2032 me
2749 1978 2925 2046 laquei
2961 1978 3169 2031 mortis.

343 2072 429 2128 10.
448 2078 555 2129 Καὶ
567 2078 623 2130 ὲν
634 2078 708 2148 τῷ
719 2079 993 2134 θλίϐεσθαί
1007 2101 1071 2152 με
1083 2070 1495 2156 ὲπεκαλεσάμην
1509 2086 1598 2139 τὸν
1614 2085 1836 2155 Κύριον

1716 2093 1836 2139 πον·
2011 2072 2093 2126 10.
2128 2071 2183 2126 In
2217 2071 2563 2126 tribulatione
2599 2085 2715 2123 mea
2745 2069 2986 2123 invocavi
3026 2066 3312 2122 Dominum
3345 2085 3360 2122 :

344 2163 432 2219 11.
464 2167 571 2221 Καὶ
597 2171 732 2241 πρὸς
759 2172 848 2223 τὸν
875 2172 1004 2226 Θεόν
1041 2190 1141 2243 μου
1176 2175 1461 2247 ἐκέκραξα.

1329 2175 1461 2241 mea.
2009 2166 2097 2221 11.
2129 2165 2195 2219 Et.
2222 2165 2287 2219 ad
2324 2164 2491 2218 Deum
2522 2178 2700 2217 meum
2728 2162 2973 2239 clamavi.

345 2252 429 2309 12.
473 2257 741 2312 Ἤκουσεν
763 2261 827 2312 ἔκ
855 2260 980 2313 ναοῦ
1007 2262 1161 2330 ἁγίου
1194 2263 1358 2317 αὐτοῦ
1389 2266 1573 2335 φωνῆς
1602 2279 1702 2334 μου
1723 2279 1738 2293 ’

2008 2256 2095 2311 12.
2138 2253 2202 2311 Et
2249 2254 2525 2310 exaudivit
2564 2254 2632 2309 de
2685 2253 2880 2323 templo
2920 2262 3109 2308 sancto
3159 2268 3259 2308 suo
3305 2268 3488 2308 vocem

1938 2363 2112 2403 meam
2139 2364 2152 2401 ζ

1380 2440 1760 2497 ATIIANASII
1796 2441 2385 2497 INTERPRETATIO.

354 2523 419 2578 Ἦ
452 2531 781 2603 προκειμένη
810 2533 1086 2607 ἐπιγραφὴ
1107 2536 1384 2609 περιέχει·
1424 2541 1528 2605 Εἰς
1553 2539 1621 2593 τὸ
1648 2539 1816 2606 τέλος
1840 2539 1920 2605 τῲ
1948 2539 2112 2593 παιδὶ
2137 2540 2355 2607 Κυρίου
2384 2536 2460 2604 τῷ
2481 2534 2657 2591 Δαϐίδ
2673 2551 2688 2567 ο
2718 2536 3012 2599 τουτέστιν,
3040 2533 3075 2589 ἆ
3100 2533 3357 2606 ἐλάλησεν
3383 2534 3490 2606 (15)

271 2615 365 2669 επὶ
399 2619 543 2672 τέλει
572 2622 678 2675 τῶν
716 2624 923 2679 αἰώνων
948 2626 1023 2698 τῷ
1053 2627 1357 2683 δουλεύοντί
1381 2630 1461 2702 τῷ
1482 2631 1668 2705 Κυρίῳ
1690 2630 1800 2702 λαῷ
1831 2631 2192 2703 πεποθημένῳ
2211 2648 2224 2661 ⁸
2258 2630 2415 2685 τοῦτο
2438 2630 2545 2701 γὰρ
2568 2628 2800 2683 ἐνταῦθα
2830 2628 3185 2700 ἑρμηνεύεται
3205 2627 3284 2692 τὸ,
3310 2627 3491 2694 Δαϐίδ.

272 2705 403 2764 Εἶτα
434 2713 514 2779 τὸ,
560 2718 627 2771 Ἀ
655 2718 921 2788 ἐλάλησε
945 2720 1023 2787 τῷ
1045 2724 1238 2792 Κυρίῳ
1260 2724 1401 2791 τοὺς
1427 2727 1646 2795 λόγους
1672 2726 1774 2795 τῆ(
1810 2726 1970 2795 ᾠδῆς
2013 2728 2228 2793 ταύτης
2254 2726 2324 2778 ἐν
2350 2724 2537 2794 ἡμέρᾳ
2564 2719 2603 2795 ᾗ
2633 2725 2924 2792 ἐρρύσατο
2958 2723 3143 2776 αὑτὸν
3182 2726 3394 2790 Κίιριος
3424 2722 3492 2776 ἐκ

268 2808 468 2877 χειρὸς
490 2810 728 2866 πάντων
746 2814 864 2870 τῶν
882 2817 1108 2886 ἐχθρῶν
1128 2820 1336 2883 αὐτοῦ,
1364 2823 1506 2893 φημὶ
1530 2821 1593 2891 δὴ
1616 2823 1725 2876 τῶν
1750 2822 2075 2894 ἀκαθάρτων
2110 2822 2439 2893 πνευμάτων
2470 2821 2734 2892 ἐρρύσατο
2759 2821 2937 2874 αὐτόν.
2969 2816 3099 2872 Εἶτα
3118 2837 3130 2849 ·
3155 2821 3262 2873 Καὶ
3286 2817 3492 2889 ἐχθρὸς

273 2896 360 2969 ibt
389 2900 588 2973 χειρὸς]
624 2906 853 2957 Σαούλ·
898 2906 1033 2978 ὅπερ
1062 2908 1417 2979 ἑρμηνεύεται
1461 2911 1555 2963 καὶ
1584 2912 1780 2981 χειρὸς
1811 2913 1917 2967 τοῦ
1957 2913 2234 2967 διαϐόλου
2254 2954 2269 2977 ,
2317 2913 2410 2967 τοῦ
2444 2915 2758 2986 αἰτουμένου
2792 2914 2965 2967 πάντα
3012 2913 3289 2984 ἄνθρωπον
3318 2915 3397 2977 εἰς
3430 2914 3494 2968 τὸ

271 2993 530 3062 πειρᾶται
551 3009 564 3022 ·
600 2994 756 3047 τοῦτο
783 2995 891 3068 γὰρ
919 2999 1279 3070 ἑρμηνεύεται
1322 3002 1383 3055 τὸ
1436 3002 1611 3057 Σαοὺλ
1635 3043 1649 3066 ,
1686 3006 1929 3073 αὶτητός
1967 3003 2263 3078 [αἱτητής].
2325 3006 2523 3070 Καθὼς
2554 3008 2719 3062 πάλαι
2747 3007 3071 3078 ἐπειράσατο
3098 3006 3189 3059 καὶ
3221 3005 3311 3058 τὸν
3350 3004 3491 3073 Ἰὼϐ,

270 3084 509 3156 ᾐτήσατο
538 3089 793 3159 πειρᾶσαι
822 3091 915 3144 καὶ⁵
943 3093 1069 3157 τοὺς
1097 3096 1446 3161 ἀποστόλους,
1472 3098 1547 3161 ὡς
1569 3100 1596 3151 ὁ
1626 3098 1832 3170 Κύριος
1861 3100 1993 3154 αὐτὸ
2019 3101 2175 3155 τοῦτο
2202 3101 2277 3172 τῷ
2302 3102 2493 3173 Πέτρῳ
2517 3102 2663 3170 λέγει
2683 3121 2697 3135 ν
2742 3101 2950 3171 Πέτρε,
2991 3101 3168 3169 Πέτρε
3187 3140 3203 3165 ,
3238 3100 3496 3165 ποσάκις

270 3177 539 3248 ᾐτήσατο
569 3180 722 3251 ὑμᾶς
754 3186 787 3237 ό
811 3186 1079 3252 Σατανᾶς
1104 3189 1371 3243 σινιᾶσαι
1400 3192 1479 3259 ὡς
1505 3193 1611 3247 τὸν
1637 3193 1845 3248 σῖτον]

344 3290 557 3348 Titulus
580 3298 900 3367 prepositus
921 3304 1160 3357 continet
1185 3324 1197 3358 :
1222 3303 1287 3358 In
1319 3306 1475 3372 liuent
1499 3324 1658 3377 puero
1679 3308 1889 3364 Domini
1914 3309 2081 3365 Dauid
2109 3326 2128 3365 :
2152 3309 2265 3368 Hoc
2289 3320 2391 3378 est,
2420 3312 2473 3366 in
2501 3312 2606 3367 [lue
2640 3312 2958 3367 smeulorum
2991 3309 3243 3365 servienti
3266 3306 3495 3363 Domino

273 3387 476 3479 populo
502 3389 835 3447 desiderato.
891 3393 966 3449 Ita
1000 3397 1144 3451 enim
1184 3400 1269 3454 hic
1295 3400 1678 3471 interpretatur
1704 3403 1893 3460 David.
1941 3406 2142 3462 Deinde
2171 3427 2185 3463 :
2217 3425 2334 3479 qua
2364 3408 2566 3462 locutus
2596 3416 2672 3460 est
2701 3405 2917 3459 Domino
2940 3401 3090 3454 verba
3115 3401 3305 3454 cantici
3336 3399 3493 3468 hujus

272 3476 326 3526 in
360 3475 467 3542 die,
507 3493 611 3547 qua
660 3482 852 3549 eripuit
884 3500 1001 3536 eum
1037 3485 1287 3541 Dominus
1322 3489 1386 3541 de
1421 3505 1580 3544 manu
1610 3494 1837 3546 omnium
1875 3496 2205 3551 inimicorum
2233 3500 2345 3567 ejus
2373 3537 2388 3560 ,
2419 3495 2819 3551 immundurum
2849 3538 2863 3563 ,
2900 3495 3161 3563 inquam,
3203 3491 3492 3561 Spirituum

274 3566 523 3622 liberavit
558 3585 703 3625 eum.
739 3571 932 3629 Postea
961 3596 972 3630 :
998 3587 1045 3629 et
1074 3576 1137 3629 de
1174 3594 1334 3631 manu
1360 3578 1494 3633 Saul
1517 3597 1535 3635 :
1557 3585 1701 3652 quod
1735 3585 2150 3655 interpretatur,
2191 3566 2331 3644 etde
2358 3606 2517 3642 manu
2543 3587 2763 3651 diaboli,
2800 3586 2891 3656 qui
2919 3585 3052 3654 petit
3078 3599 3290 3639 omnem
3322 3584 3497 3637 homi-

273 3677 395 3717 nem
427 3664 497 3756 ad
534 3680 657 3719 eum
691 3668 1025 3723 tentandum.
1089 3669 1218 3725 Saul
1248 3676 1390 3727 enim
1420 3674 1801 3745 interpretatur
1830 3683 2021 3750 petitus
2064 3683 2321 3756 [petitor].
2381 3683 2844 3750 Quemadmodum
2879 3683 3008 3736 olim
3040 3680 3263 3735 tentavit
3289 3690 3342 3734 et
3369 3679 3493 3745 Job,

272 3755 529 3823 expetivit
556 3763 761 3812 tentare
804 3760 964 3815 etiam
1002 3764 1276 3832 apostolos
1299 3807 1313 3831 ,
1345 3765 1488 3820 sicut
1516 3766 1779 3828 Dominus
1809 3774 1911 3830 hoc
1959 3776 2136 3846 ipsum
2173 3755 2335 3832 Petro
2361 3776 2493 3831 dixit
2535 3794 2549 3831 :
2594 3774 2775 3841 Petra,
2802 3772 2988 3839 Petro,
3035 3772 3236 3842 quoties
3262 3770 3494 3826 Satanas

271 3850 515 3919 expetivit
547 3868 655 3916 vos,
687 3864 742 3909 ut
775 3856 1027 3912 cribraret
1059 3860 1194 3911 sicut
1228 3861 1463 3914 triticum
1485 3862 1564 3916 ιιι

342 3938 392 3994 1.
422 3940 591 3995 Πόθον
630 3943 928 4015 ἐνδείξομαι
958 3948 1013 3998 ὲν
1047 3948 1167 4010 σοὶ,
1191 3947 1361 4020 Κύριε
1384 3989 1399 4013 ,
1432 3950 1461 4002 ὁ
1484 3950 1735 4022 δυναμῶν
1769 3968 1837 4023 με
1865 3957 1907 4016 C

1865 3957 1907 4016 C
2015 3954 2069 4009 1.
2093 3952 2357 4009 Aliectum
2386 3968 2568 4008 meum
2596 3952 2877 4009 ostendam
2910 3955 2962 4010 in
2995 3964 3067 4020 te,
3104 3955 3333 4013 Domine
3356 3999 3371 4022 .
3402 3961 3494 4030 qui

273 4032 353 4096 et;
388 4034 565 4086 πᾶσαν
592 4034 879 4104 ἀρέσκειαν
904 4054 1025 4106 μου.

1940 4047 2085 4102 vires
2110 4046 2243 4100 mihi
2279 4046 2473 4101 tribuis
2500 4045 2565 4099 ad
2593 4060 2809 4099 omnem
2837 4063 3009 4100 meam
3035 4050 3387 4105 voluntatem.

340 4122 396 4177 2.
428 4124 648 4195 Κύριος,
680 4125 1013 4197 διαχωρίζων
1042 4130 1135 4182 ἀπ’
1173 4129 1307 4201 ἐμοῦ
1341 4133 1519 4187 πᾶσαν
1556 4132 1840 4206 ἐπιϐουλὴν

2009 4139 2061 4192 2.
2095 4138 2357 4193 Dominus
2382 4152 2638 4207 separaris
2660 4153 2688 4190 a
2715 4152 2800 4190 me
2826 4152 3012 4192 omnes
3060 4141 3283 4197 insidias
3316 4144 3497 4200 inimi—

269 4213 381 4267 τῶν
410 4215 618 4287 ἐχθρῶν
647 4235 746 4288 μου
767 4259 783 4282 ,
822 4218 881 4271 ὃν
911 4221 1110 4293 τρόπον
1136 4223 1443 4295 διαχωρίζει
1465 4224 1525 4278 τὸ
1551 4224 1840 4297 ’στερέωμα

1940 4246 2131 4286 corum
2160 4246 2429 4295 meorum,
2453 4230 2909 4299 quemadmodum
2937 4232 3332 4289 firmamentum
3361 4237 3497 4292 divi-

270 4307 541 4377 ἁναμέσον
569 4308 760 4374 ὓδατος
785 4312 879 4364 καὶ⁸
906 4310 1072 4365 ὕδατι.

1939 4324 2020 4378 dit
2048 4339 2221 4393 aquas
2251 4324 2320 4377 ab
2357 4323 2537 4393 aquis.

342 4400 394 4453 3.
440 4399 498 4452 Ὀ
519 4400 649 4462 Θεός
680 4418 779 4471 μου
807 4402 1053 4472 ἀφαιρῶν
1078 4402 1172 4457 ἀπ’
1215 4402 1348 4473 ἐμοῦ
1378 4405 1484 4458 πᾶν
1515 4405 1711 4477 βάρος,
1742 4406 1840 4461 καὶ

2010 4414 2064 4468 5.
2101 4414 2245 4469 Deus
2297 4429 2451 4468 meus
2482 4412 2736 4468 auferens
2776 4427 2809 4467 a
2844 4428 2930 4469 me
2974 4430 3135 4472 omne
3167 4420 3415 4487 pondus,
3445 4430 3495 4476 et

269 4491 460 4547 ἐλπιῶ
484 4493 575 4546 ἐπ’
598 4496 802 4550 αὐτόν.

776 4512 802 4550 ’.
1940 4503 2157 4573 sperabo
2194 4504 2251 4556 in
2283 4519 2420 4560 eum.

340 4584 394 4638 4.
421 4585 736 4658 Σκεπαστής
758 4605 880 4657 μου,
909 4588 1003 4641 καὶ
1025 4588 1274 4659 βασιλεὺς
1295 4592 1394 4663 τῆς
1414 4591 1687 4664 σωτηρίας
1714 4610 1836 4665 μου,

2010 4596 2066 4650 4.
2094 4594 2356 4651 Defensor
2378 4613 2531 4655 meus
2554 4639 2569 4665 ,
2603 4609 2663 4654 et
2686 4616 2779 4656 rex
2817 4601 3009 4656 salutis
3039 4615 3192 4667 meae,
3220 4610 3273 4655 et
3299 4600 3493 4657 vindex

268 4678 364 4731 καὶ
396 4679 838 4750 ἀντιποιούμενος
866 4698 986 4751 μου.
1941 4700 2114 4739 meus.

342 4768 395 4822 5.
425 4769 560 4840 Περὶ
591 4768 698 4823 τῶν
730 4770 1053 4844 ἀκαθάρτων
1084 4774 1406 4843 πνευμάτων
1434 4774 1600 4845 λέγει.

1462 4775 1600 4845 έγει.
2011 4776 2066 4831 5.
2102 4776 2174 4831 De
2205 4777 2501 4834 immundis
2536 4780 2817 4850 spiritibus
2851 4782 3106 4851 loquitur.

342 4859 395 4914 6.
426 4859 592 4933 Πέριξ
630 4862 727 4933 τῆς
760 4862 933 4934 ψυχῆς
968 4882 1072 4936 μου
1129 4866 1459 4939 συνέστησαν
1499 4872 1553 4922 αἱ
1604 4870 1837 4924 ἐναντίαι

2012 4862 2067 4916 6.
2096 4862 2252 4918 Circa
2283 4866 2519 4920 animam
2556 4884 2729 4921 meam
2771 4871 3131 4925 constiterunt
3174 4872 3496 4930 adversaria:

266 4951 546 5022 δυνάμεις.

1938 4963 2251 5023 potestates.

342 5044 396 5098 7.
436 5044 522 5107 Ὠς
553 5042 795 5117 ῥεύματα
825 5044 1051 5111 ὑδάτων,
1077 5045 1249 5111 οὕτως
1272 5048 1567 5121 ἑνέρρηξάν
1588 5068 1697 5122 μοι.

2014 5044 2062 5100 7.
2083 5042 2365 5114 Tanquam
2383 5062 2646 5116 aquarum
2660 5048 2876 5115 ﬂuctus,
2895 5050 2966 5104 ita
2988 5051 3039 5104 in
3060 5068 3145 5107 me
3162 5052 3490 5123 irruperunt.

340 5136 394 5190 8.
429 5137 538 5189 Kal.
568 5135 891 5208 ἐνθυμήσεις
948 5140 1244 5206 σκοτειναὶ,
1272 5141 1364 5195 καὶ
1396 5141 1651 5212 ζοφώδεις
1683 5161 1839 5216 περι-

2012 5137 2065 5192 8.
2101 5136 2168 5193 Ει
2213 5139 2549 5207 tenebrosae,
2592 5149 2647 5195 et
2674 5141 2983 5211 caliginosae
3012 5145 3365 5211 cogitationes
3396 5163 3497 5203 cor

268 5223 584 5290 εκύκλωσαν
609 5226 706 5296 τὴν
734 5226 960 5297 καρδίαν
992 5245 1116 5299 μου.

998 5245 1116 5299 μου.
1941 5246 2121 5286 meum
2155 5230 2642 5286 circumdederunt.

338 5316 392 5371 9.
432 5316 906 5391 Ἐκραταιώθησαν
936 5320 1073 5391 ὑπὲρ
1101 5320 1200 5392 ³μὲ
1231 5323 1287 5376 αί
1323 5322 1430 5377 τῶν
1457 5324 1711 5380 ἐναντίων
1735 5327 1829 5381 δυ·-
1859 5306 1904 5362 θ

1859 5306 1904 5362 Ι)
2002 5321 2054 5375 9.
2088 5321 2438 5375 lnvaluerunt
2462 5336 2628 5391 super
2663 5332 2759 5378 me
2789 5323 3221 5381 adversariarum
3262 5338 3494 5400 potestate

266 5406 483 5478 νάμεων
515 5408 756 5476 παγίδες.

626 5408 756 5471 ίδες.
1928 5424 2043 5470 tum
2076 5414 2270 5483 laquei.

339 5500 426 5553 10.
457 5500 561 5560 Εἰς⁸
586 5500 832 5571 βοήθειάν
861 5520 980 5573 μου.

2011 5506 2096 5562 10.
2134 5506 2191 5560 In
2228 5508 2489 5562 auxilium
2526 5523 2724 5564 meum.

342 5591 427 5644 11.
477 5591 564 5643 Ἐν
590 5592 733 5663 πόνῳ
763 5594 861 5665 τῆς
893 5595 1117 5667 καρδίας
1149 5615 1248 5668 μου
1274 5599 1492 5673 ἐϐόησα.

2010 5602 2098 5655 11.
2134 5601 2196 5655 ιιι
2229 5602 2412 5656 labore
2438 5603 2619 5659 cordis
2644 5603 2750 5658 mei
2786 5603 3037 5660 clamavi.
3150 5650 3153 5655 ι

340 5681 425 5735 12.
469 5682 562 5735 Ἐκ
590 5681 684 5735 τοῦ
714 5684 940 5755 οὐρανοῦ
962 5686 1124 5757 λέγει.

898 5686 940 5739 »ὖ
962 5686 1124 5757 λέγει.
2006 5692 2091 5747 12.
2128 5691 2203 5748 De
2231 5692 2369 5749 caelo
2394 5692 2542 5748 dicit.

339 5772 378 5803 "
417 5770 550 5828 Luc.
584 5790 715 5839 χχιι,
751 5774 837 5829 51.
