4164 6478
695 375 801 432 705
1540 389 1596 444 S.
1640 391 2011 450 ATHANASII
2049 395 2200 452 OPP.
2243 396 2339 452 PAl

2290 398 2423 454 ΑΚΒ
2459 399 2546 454 Ill.
2581 430 2649 441 —
2684 397 3093 457 EXEGETICA.
3835 404 3934 461 704

769 497 854 550 15.
888 496 951 550 Et
979 500 1185 555 clamor
1218 519 1371 560 meus
1421 507 1472 561 in
1503 525 1796 582 conspectu
1827 515 1946 586 ejus
1969 557 1985 583 ,
2015 518 2257 575 introibit
2282 524 2330 583 Α

2283 524 2330 583 Α
2432 521 2515 574 15.
2545 521 2654 574 Καὶ
2680 522 2712 591 ή
2743 522 2957 593 κραυγή
2989 539 3090 592 μου
3123 522 3354 580 ἐνώπιον
3378 525 3540 581 αὐτοῦ
3570 525 3927 580 εἰσελεύσεται

695 585 749 643 Ia
779 603 940 644 aures
966 592 1102 660 ejus.
1862 585 1868 586 ⁷

1862 585 1868 586 7
2358 611 2438 672 είς
2467 608 2532 662 τὰ
2561 607 2675 661 ὦτα
2711 609 2895 664 αὑτοῦ.

769 676 854 730 14.
893 678 955 732 Et
983 695 1255 739 commota
1289 696 1391 751 est,
1423 698 1473 743 et
1499 697 1826 750 contremuit
1857 707 2030 762 terra;

2431 699 2518 753 14.
2558 700 2667 753 Kal
2697 701 2992 771 ἐσαλεύθη,
3024 702 3116 756 καὶ
3145 702 3401 775 ἔντρομος
3428 704 3658 776 ἐγενήθη
3691 709 3725 777 ἡ
3759 708 3831 778 γῆ
3852 727 3865 741 ο

769 769 855 822 15.
891 770 954 826 Et
983 772 1327 832 fundamenta
1361 784 1624 836 montium
1656 789 1970 844 conturbata
2002 801 2148 847 sunt.

2126 831 2148 847 ..
2434 793 2521 847 15.
2557 791 2667 845 Kal
2690 793 2758 846 τὰ
2787 769 3008 863 Οεμέλια
3037 794 3142 848 τῶν
3167 769 3334 866 ὀρέων
3362 769 3770 868 ὲταρὰχοησαν,

767 859 851 914 16.
892 861 954 916 Et
979 876 1248 920 commota
1281 881 1442 935 sunt;
1478 875 1736 941 quoniam
1773 877 1946 934 iratus
1968 891 2049 936 est
2078 883 2176 937 eis.

2078 883 2176 937 eis.
2433 882 2518 938 16.
2557 884 2664 936 Kal
2689 859 3054 954 ὲσαλεόοησαν
3073 903 3086 916 ·
3115 859 3474 960 ὃτιίὒργίσθη,
3492 859 3695 954 αίλτοίς.

767 950 853 1003 17.
885 952 1137 1008 Ascendit
1165 954 1347 1011 fuluius
1380 961 1430 1013 in
1459 962 1537 1016 ira
1576 965 1729 1031 ejus;

2432 973 2518 1026 17.
2563 972 2756 1043 Ἀνέϐη
2788 950 2992 1038 καπνός
3019 977 3074 1027 ἐν
3101 975 3234 1046 ὀργῇ
3268 950 3466 1030 αυτοῦ.-

765 1040 850 1092 18.
895 1040 957 1094 Ει
986 1043 1123 1111 ignis
1152 1062 1180 1098 a
1210 1047 1345 1102 facie
1375 1050 1492 1117 ejus
1521 1057 1853 1122 exarileseet,

2433 1063 2520 1117 18.
2543 1064 2650 1117 Kal
2669 1063 2778 1136 πῦρ
2806 1064 2912 1117 ἀπὸ
2939 1064 3226 1136 προσώπου
3248 1066 3411 1119 αὑτοῦ
3429 1067 3929 1137 καταφλεγίεσεται·

768 1131 854 1185 19.
891 1133 1162 1190 Cat-bones
1202 1143 1448 1195 succensi
1479 1155 1606 1197 sunt
1635 1149 1702 1199 ab
1733 1164 1814 1203 eo.

2434 1156 2522 1210 19.
2560 1155 2860 1227 Ἀνθρακες
2888 1157 3204 1228 ἁνήφοησαν
3230 1161 3324 1212 ἀπ’
3347 1160 3532 1214 αὑτοῦ.

762 1225 850 1276 20.
884 1223 946 1278 lit
971 1227 1245 1284 inclinavit
1276 1234 1462 1294 cados,
1504 1245 1557 1289 et
1579 1237 1856 1295 descendit
1891 1259 1904 1296 :

2429 1246 2520 1300 20.
2555 1247 2665 1298 Kal
2689 1223 2896 1300 ἔκλινεν
2928 1223 3208 1319 ουρανοὺς,
3252 1253 3344 1303 καὶ
3374 1251 3578 1323 κατέϐη
3597 1267 3610 1281 ο

764 1313 850 1368 21.
886 1317 945 1370 I-It
971 1319 1277 1407 ealigo‘sub
1313 1325 1536 1392 pedibus
1566 1328 1701 1395 ejus.

2427 1336 2514 1390 21.
2553 1337 2659 1389 Kal
2685 1339 2879 1406 γνόαος
2909 1340 3011 1392 ὑπὸ
3037 1343 3163 1403 τοὺς
3187 1343 3347 1405 πόδας
3377 1342 3559 1395 αὑτοῦ.

759 1405 847 1460 2-3.
889 1405 954 1461 Et
976 1405 1222 1465 ascendit
1250 1430 1412 1483 super
1437 1418 1738 1482 cherubim,
1770 1430 1823 1476 et
1845 1423 2082 1491 volavit;

2428 1426 2518 1482 22.
2550 1428 2658 1480 Kal
2683 1405 2854 1499 ἐπέϐη
2889 1429 2982 1482 ἐπὶ
3010 1431 3295 1502 χερουσιμ,
3331 1433 3424 1484 καὶ⁵
3453 1430 3724 1506 ὲπετάσθη
3745 1451 3761 1466 ο

763 1496 854 1552 25.
888 1497 1098 1556 Volavit
1128 1520 1290 1574 super
1329 1523 1532 1576 pennas
1557 1520 1862 1566 ventorum.
1897 1535 1900 1539 λ

2426 1519 2515 1573 25.
2553 1496 2854 1591 Ἐπετάσθή
2885 1523 2979 1574 ἐπὶ
3008 1496 3290 1596 πτερύγιον
3317 1525 3552 1595 ἀνέμων.

765 1585 854 1644 25.
889 1589 955 1646 Et
987 1597 1167 1663 posuit
1191 1600 1440 1654 tenebras
1460 1641 1475 1663 ,
1504 1602 1787 1659 latibulum
1816 1623 1975 1662 suum
2007 1628 2018 1662 :

1967 1625 1975 1662 ι
2007 1628 2018 1662 :
2424 1608 2513 1662 24.
2541 1610 2651 1662 Kal
2680 1610 2830 1664 ἔθετο
2843 1585 3044 1676 τσκότος
3067 1585 3387 1686 ἀποκρυφὴν
3413 1585 3578 1669 αὑτοῦ
3597 1630 3611 1645 ·

763 1682 853 1736 25.
896 1683 951 1739 In
980 1688 1207 1744 circuitu
1239 1692 1357 1761 ejus
1384 1696 1790 1752 tabernaculum
1823 1701 1941 1769 ejus
1963 1742 1977 1765 ,

1777 1715 1790 1752 ι
1823 1701 1941 1769 ejus
1963 1742 1977 1765 ,
2425 1699 2514 1754 2’5.
2553 1701 2750 1773 Κύκλῳ
2779 1703 2943 1756 αὑτοῦ
2970 1709 3001 1775 ἡ
3030 1706 3201 1776 σκηνὴ
3225 1705 3385 1758 αὑτοῦ
3407 1747 3421 1771 ,

761 1771 852 1825 26.
886 1772 1192 1834 Teni-brosa
1228 1798 1367 1851 aqua
1408 1784 1460 1837 in
1497 1787 1731 1842 nubibus
1765 1791 1927 1846 aeris.

2425 1791 2514 1845 26.
2544 1771 2820 1849 Σκοτεινὸν
2855 1771 3001 1867 ὕδωρ
3024 1798 3081 1849 ἐν
3105 1771 3356 1866 νεςρέλαις
3383 1797 3575 1868 ἀέρων.

761 1863 850 1918 27.
880 1865 995 1922 Pra:
1022 1869 1232 1942 fulgore
1261 1875 1312 1928 in
1342 1889 1632 1948 conspectu
1675 1881 1794 1952 ejus
1821 1884 1992 1938 nubes
2025 1883 2255 1938 transie-
2289 1868 2329 1922 Β

2293 1868 2329 1922 Β
2427 1886 2517 1939 27.
2571 1886 2704 1939 Ἀπὸ
2754 1891 2850 1959 τῆς
2878 1889 3264 1961 τηλαυγήσεως
3297 1892 3525 1946 ἐνώπιον
3555 1894 3721 1950 αὑτοῦ
3759 1896 3816 1950 αἱ
3849 1911 3937 1948 νε-

690 1963 847 2018 runt,

2359 1971 2516 2038 φέλαι
2543 1971 2754 2040 ἰιῆλοον
2774 2012 2789 2035 ,

755 2045 843 2100 28.
876 2047 1115 2116 Grandi),
1157 2063 1211 2108 et
1244 2059 1508 2114 carbones
1533 2061 1693 2130 ignis.

2428 2063 2517 2118 28.
2557 2063 2800 2129 Χάλαζα,
2831 2065 2925 2118 καὶ
2954 2066 3221 2137 ἄνθρακες
3252 2070 3439 2140 πυρός.

758 2138 847 2193 29.
883 2140 948 2194 Et
981 2144 1204 2199 intonuit
1248 2151 1313 2202 de
1341 2152 1480 2206 ecelo
1517 2151 1814 2208 Dominus:

2427 2154 2519 2210 29.
2549 2155 2659 2209 Kal
2684 2156 3003 2227 ἐϐρόντησεν
3031 2158 3088 2222 ἐξ
3119 2138 3347 2229 οὐρανοῧ
3381 2163 3407 2213 ό
3443 2161 3643 2233 Κύριος
3662 2180 3676 2194 ·

758 2231 847 2288 50.
879 2233 942 2288 Et
971 2236 1284 2296 Altissimus
1311 2242 1456 2296 dedit
1484 2259 1669 2299 vocem
1700 2262 1854 2301 suam
1885 2265 1899 2302 :

2431 2246 2517 2302 50.
2554 2247 2662 2299 Kal
2690 2249 2718 2299 ό
2749 2247 3006 2317 ’Υψιστος
3035 2249 3199 2302 ἒοωκε
3240 2251 3421 2322 φωνὴν
3455 2231 3616 2305 αὑτοῦ
3638 2269 3650 2282 ·

759 2326 847 2381 51.
883 2327 1026 2382 Misit
1063 2332 1287 2396 sagittas
1310 2349 1473 2401 suas;
1509 2348 1561 2390 et
1596 2338 1878 2408 dissipavit
1907 2355 2040 2395 eos:

2429 2340 2517 2394 51.
2567 2341 2938 2406 Ἐξαπέστειλε
2968 2335 3126 2415 βέληζ
3162 2347 3255 2398 καὶ
3281 2347 3601 2418 ἐσκόρπισεν
3628 2346 3826 2411 αὐτούς
3845 2363 3859 2379 ·

759 2416 846 2469 52.
882 2417 946 2472 Ει
985 2418 1199 2490 fulgura
1234 2425 1644 2496 multiplicavit;
1681 2438 1734 2482 et
1766 2429 2108 2484 conturbavit
2133 2444 2247 2486 eos.

2427 2431 2515 2484 52.
2550 2431 2660 2484 Kal
2714 2431 2996 2503 ἀστραπὰς
3049 2434 3315 2507 ἐπλήθυνε
3343 2476 3358 2501 ,
3417 2416 3517 2490 καὶ
3577 2437 3934 2512 συνετάραξεν

2357 2519 2568 2584 αὐτούς.

756 2600 846 2656 55.
888 2600 953 2656 Ει
986 2619 1356 2674 apparuerunt
1388 2608 1564 2665 fontes
1584 2626 1890 2682 aquarum;

2427 2615 2517 2669 55.
2549 2617 2659 2670 Kal
2689 2615 2948 2688 ὤφθησαν
2974 2618 3033 2670 at
3061 2620 3232 2690 πηγαὶ
3263 2621 3372 2674 τῶν
3409 2621 3615 2676 ὑδάτων
3635 2640 3647 2652 ·

1807 2750 2184 2808 ATHANASII
2220 2751 2801 2810 INTERPRETATIO.

760 2915 842 2973 15.
873 2917 1160 2978 Pervcuiat
1188 2924 1254 2979 ad
1284 2941 1406 2981 eum
1440 2931 1764 3000 supplicatio
1796 2948 1915 2988 mea
1940 2974 1957 3000 ,
1987 2944 2039 2989 et
2076 2948 2246 2988 exau-

2425 2935 2510 2991 15.
2538 2935 2803 2989 Φοασάτω
2831 2937 2966 3008 πρὸς
2990 2938 3147 2990 αὑτὸν
3171 2941 3201 3009 ἠ
3229 2940 3404 2993 ίκεσία
3429 2959 3551 3010 μου,
3576 2941 3671 2995 καὶ
3692 2943 3932 2997 εἰσακου-

683 3011 821 3065 diar.

2355 3026 2641 3098 σθήσομαι.

759 3101 842 3157 11.
870 3101 1167 3161 Ter-restria
1196 3127 1208 3175 ;
2278 3171 2320 3191 Α

2278 3171 2320 3191 Α
2432 3117 2517 3172 14.
2555 3118 2635 3171 Τὰ
2667 3121 3014 3191 καταχθόνια.

757 3196 845 3251 15.
873 3195 1176 3254 Potestates
1216 3203 1447 3258 inimici.
2276 3195 2322 3235 ι*

2276 3195 2322 3235 ι*
2425 3209 2510 3263 15.
2544 3209 2610 3261 Al
2633 3209 2887 3281 δυνάμεις
2909 3212 3000 3263 τοῦ
3031 3213 3245 3284 ἐχθροῦ.

755 3287 843 3340 16.
873 3287 1331 3348 Contremuerunt
1361 3296 1785 3354 comminatione
1814 3301 1954 3370 ejus.

2424 3299 2507 3353 16.
2537 3301 2812 3372 Ἐντρομα
2854 3302 3171 3372 γεγένηνται
3207 3304 3293 3357 διὰ
3334 3308 3431 3378 τὴν
3465 3308 3692 3379 ἀπειλὴν
3741 3308 3921 3364 αὐτοῦ.

754 3379 842 3436 17.
881 3381 1245 3450 Defecerunt,
1303 3387 1580 3456 perierunt
1612 3391 1917 3460 daemones,
1992 3402 2248 3465 tanquam

2209 3410 2248 3447 in
2419 3396 2505 3448 17.
2550 3397 2842 3459 Ἐξέλιπον,
2871 3396 3145 3450 ἀπώλοντο
3170 3401 3216 3451 οἱ
3250 3399 3498 3470 δαίμονες
3521 3401 3596 3464 ὡς
3626 3404 3853 3466 καπνός.

684 3468 887 3526 fumus.

759 3563 843 3616 18.
902 3563 1154 3620 Videntcs
1205 3569 1349 3622 enim
1394 3571 1680 3628 Dominum
1733 3575 1786 3629 in
1836 3577 2071 3631 adventu
2108 3578 2248 3648 ejus,

2425 3577 2508 3632 18.
2561 3577 2832 3652 Ὀρῶντες
2859 3579 2966 3650 γὰρ
3000 3581 3090 3632 τὸν
3121 3580 3322 3651 Κύριον
3348 3583 3403 3634 ὲν
3430 3586 3494 3653 τῇ
3531 3584 3804 3656 παρουσία
3837 3585 3932 3638 αὑ-

683 3667 1008 3711 cxarscrunt
1033 3674 1062 3712 a
1098 3658 1232 3715 faeie
1259 3661 1450 3731 ipsius.

2348 3667 2465 3731 τοῦ,
2495 3669 2742 3722 ἐκαίοντο
2760 3669 2866 3721 ἀπὸ
2900 3669 2994 3722 τοῦ
3027 3670 3317 3742 προσώπου
3354 3671 3536 3726 αὐτοῦ.

756 3748 841 3803 10.
877 3749 1166 3808 Sermones
1202 3754 1437 3812 Domini.

2421 3760 2506 3815 19.
2545 3761 2608 3813 υἱ
2636 3760 2783 3828 λόγοι
2809 3762 2901 3814 τοῦ
2935 3763 3159 3833 Κυρίου.

752 3841 842 3896 20.
874 3842 937 3899 Et
975 3847 1193 3905 advenit
1223 3850 1276 3902 in
1305 3861 1535 3919 terram,
1571 3863 1624 3909 et
1652 3855 1925 3924 implevit,
1951 3856 2095 3926 quod
2125 3872 2252 3927 pro-

2423 3853 2511 3907 20.
2544 3852 2653 3905 Kal
2685 3853 3014 3924 παρεγένετο
3041 3856 3134 3908 ἐπὶ
3156 3857 3253 3926 τῆς
3280 3857 3384 3926 γῆς
3405 3897 3419 3920 ,
3453 3857 3549 3911 καὶ
3573 3859 3932 3929 πεπλήρωκεν

692 3934 928 3989 miserat.

2349 3944 2378 3997 ὃ
2411 3943 2793 4014 ἐπηγγείλατο.

753 4027 844 4081 21.
872 4027 1058 4099 Caligo
1093 4032 1343 4090 diabolus
1369 4046 1471 4092 est.

2420 4037 2509 4090 21.
2549 4037 2786 4105 Γνόςςος
2814 4039 2842 4089 ὁ
2872 4038 3114 4100 διάϐολός
3148 4041 3310 4093 ἐστιν.

753 4119 844 4186 22,
875 4123 964 4174 25.
995 4125 1287 4181 Cberubim
1326 4130 1715 4200 interpretatur
1742 4134 1968 4202 cognitio
1988 4173 2003 4197 ,
2031 4143 2082 4188 et
2105 4134 2251 4188 intel-

2418 4129 2510 4195 22,
2543 4129 2633 4184 25.
2676 4129 2956 4200 Χερουϐὶμ
2987 4132 3345 4202 ἑρμηνεύεται
3385 4134 3608 4203 γνῶσις
3653 4137 3750 4188 καὶ
3790 4135 3934 4188 σύν-

685 4209 901 4279 !igenlia
926 4231 943 4268 :
970 4231 1133 4284 super
1155 4219 1334 4288 justos
1368 4223 1530 4287 igitur
1569 4227 1700 4279 dicit
1727 4267 1741 4289 ,
1774 4228 1917 4295 quod
1971 4231 2249 4284 ascendit:

2349 4234 2499 4286 εσιςο
2521 4224 2601 4285 εἰς
2627 4223 2753 4284 τοὺς
2774 4222 3014 4282 δ.καίους
3043 4219 3133 4276 οὖν
3163 4223 3331 4290 λέγει,
3361 4225 3440 4277 ὃτι
3463 4225 3647 4292 ἐπέϐη
3669 4243 3682 4252 ·
3711 4228 3806 4279 καὶ
3829 4227 3935 4297 γὰρ

682 4307 882 4358 etenim
915 4308 1163 4364 similiter
1193 4316 1559 4382 apostolorum
1603 4318 1815 4372 animas
1868 4330 2041 4375 ventos
2093 4322 2246 4377 dixit.

2350 4312 2610 4382 ἀνέμους
2630 4313 2728 4376 τὰς
2750 4312 2927 4382 ψυχας
2947 4313 3054 4365 τῶν
3077 4314 3386 4369 ἀποστόλων
3408 4316 3631 4387 εἴρηκεν
3650 4317 3932 4382 ὡσαύτως.

754 4398 844 4452 21.
876 4398 1243 4458 Tenebrarum
1278 4407 1418 4462 lilios
1447 4425 1475 4462 a
1513 4426 1570 4464 sc
1601 4411 1941 4471 abalienavit.

2421 4407 2511 4461 24.
2545 4407 2682 4469 Τοὺς
2709 4407 2802 4460 τοῦ
2834 4408 3054 4470 σκότους
3083 4408 3521 4480 ὰπηλλοτρίωσεν
3549 4410 3767 4464 ἑαυτοῦ.

752 4491 843 4544 25.
877 4491 1086 4549 Fideles
1110 4497 1228 4564 ejus
2280 4530 2322 4584 ι)

2280 4530 2322 4584 D
2423 4497 2511 4552 25.
2547 4500 2609 4551 Οἱ
2641 4499 2819 4550 πιστοὶ
2843 4498 3026 4555 αὑτοῦ.

751 4580 840 4636 26.
882 4581 1072 4638 Sermo
1104 4589 1479 4655 parabolarum
1514 4593 1565 4646 in
1595 4597 1893 4665 prophetis.
2281 4580 2311 4584 —

2282 4580 2311 4584 —
2421 4591 2512 4644 26.
2557 4593 2614 4644 ὐ
2659 4591 2813 4659 λόγος
2857 4592 2964 4644 τῶν
3005 4591 3326 4662 παραϐολῶν
3357 4595 3415 4646 ὲν
3459 4597 3572 4658 τοῖς
3606 4597 3926 4667 προφήταις.

756 4675 844 4728 27.
877 4676 1014 4731 Ante
1038 4682 1324 4734 adventum
1357 4684 1526 4752 ipsius
1557 4686 1769 4743 Domini
1801 4708 1978 4748 sermo
2020 4697 2250 4766 prophe-

2421 4684 2510 4739 27.
2546 4684 2656 4753 Πρὸ
2688 4684 2789 4752 τῆς
2821 4684 3120 4754 παρουσίας
3150 4685 3314 4736 αὑτοῦ
3352 4685 3445 4738 τοῦ
3484 4686 3689 4757 Κυρίου
3713 4689 3742 4741 ὁ
3781 4687 3929 4755 λόγος

685 4774 860 4819 tarum
902 4770 1275 4838 promulgatas
1304 4783 1403 4826 est.

2352 4775 2458 4828 τῶν
2493 4775 2786 4845 προφητῶν
2814 4776 3216 4846 προεκήρηττεν
3247 4775 3705 4850 [προεκηρύχοη].

753 4859 842 4912 28.
873 4859 1163 4918 Sermones
1187 4866 1567 4933 prophetarum
1601 4871 1892 4941 signiﬁcat,
1917 4878 2008 4946 qui
2032 4880 2250 4948 quidem

2416 4867 2508 4920 28.
2570 4866 2708 4929 Τοὺς
2755 4865 2944 4934 λόγους
2979 4866 3126 4935 λέγει
3160 4868 3266 4921 τῶν
3301 4868 3629 4940 προερητῶν,
3666 4869 3928 4943 σκληροὺς

685 4950 807 5004 duri
839 4964 1021 5015 erant,
1041 4967 1328 5011 exurentes
1365 4970 1544 5012 autem
1579 4976 1901 5031 peccatores.

2358 4959 2454 5029 μὲν
2488 4958 2665 5020 ὄντας,
2698 4961 2948 5019 καίοντας
2975 4959 3029 5011 δὲ
3056 4963 3180 5023 τοὺς
3206 4961 3631 5030 ἁμαρτάνοντας.

754 5041 843 5097 29.
876 5042 1116 5100 intonuit
1148 5046 1382 5117 Spiritus
1408 5062 1632 5108 sanctus
1655 5056 1944 5110 adventum
1973 5074 2153 5114 suum.

2423 5051 2512 5104 29.
2549 5050 2858 5120 Ἐδρόντισε
2887 5051 2948 5103 τὸ
2977 5051 3127 5120 ἅγιον
3177 5051 3401 5123 Πνεῦμα
3430 5052 3526 5124 τὴν
3549 5055 3747 5108 ἑαυτοῦ
3783 5073 3918 5126 παρ-

2354 5143 2560 5196 ουσίαν.

757 5219 843 5273 50.
879 5223 1182 5290 Apostolos.

2427 5235 2514 5289 50.
2553 5235 2690 5297 Τοὺς
2723 5235 3069 5298 ἀποστόλους.

759 5313 850 5368 51.
881 5314 1165 5382 Apostolos
1197 5331 1383 5376 contra
1416 5324 1713 5382 dmwones.

2427 5328 2514 5382 51.
2543 5329 2679 5389 Τοὺς
2707 5327 3034 5390 ἀποστόλους
3066 5327 3204 5380 κατὰ
3232 5325 3339 5379 τῶν
3369 5327 3656 5397 δαιμόνων.

758 5405 843 5458 52.
893 5405 1308 5475 Μηίιίμίὶειιιίι,
1376 5415 1570 5484 inquit,
1620 5419 1944 5487 loquentibus
2004 5422 2253 5489 apostolis

2428 5419 2516 5472 52.
2542 5418 2899 5484 Ἐ.τ.1ἠθυνε,
2926 5417 3093 5486 λέγει,
3119 5417 3182 5471 τὸ
3207 5419 3413 5472 λαϐεῖν
3443 5419 3542 5491 [τῷ
3563 5419 3769 5492 λαλεῖν]
3798 5419 3926 5486 τοὺς

687 5495 847 5548 variis
880 5497 1102 5563 (inanis,
1135 5515 1288 5568 prout
1321 5504 1555 5575 Spiritus
1579 5510 1739 5563 dabat
1772 5509 1942 5579 eloqui
1970 5512 2076 5564 illis
2094 5513 2158 5564 ".

2358 5510 2734 5574 ἀποστόλους
2760 5508 2987 5576 ἑτέραις
3013 5509 3344 5578 γλώσσαις,
3377 5509 3569 5577 καθὼς
3593 5512 3660 5565 τὸ
3692 5512 3925 5581 Πνεῦμα

2355 5605 2554 5659 ἐδίδου
2582 5607 2784 5671 αὐτοῖς
2812 5608 3305 5680 ἀποφθέγγεσθαι.

758 5674 845 5737 55,
872 5674 958 5728 5-1.
1003 5678 1066 5731 Et
1091 5694 1486 5740 concurrerunt
1511 5702 1703 5742 omnes
1723 5730 1738 5754 ,
1762 5695 1817 5743 et
1846 5689 2098 5746 admirati
2127 5699 2256 5745 sunt

2428 5698 2516 5762 55.
2561 5699 2646 5753 31.
2704 5700 2810 5753 Kal
2861 5699 3190 5772 σύνεδραμον
3226 5702 3422 5765 πάντες
3447 5740 3462 5766 ,
3495 5703 3588 5756 καὶ
3626 5702 3925 5774 ἐθαύμαζον

764 5817 808 5846 ’τ
833 5815 950 5872 Aet.
991 5835 1048 5879 ιι,
1088 5820 1134 5874 ι.
