4164 6494
266 454 372 510 7θό
1164 458 1251 512 DE
1291 457 1564 514 TITULIS
1601 456 2053 513 PSALMORUM.
2089 486 2158 495 -—
2192 454 2385 510 PSAL.
2416 452 2579 507 XVII.
3393 452 3495 508 706

336 569 427 626 54.
457 570 568 626 Kal
591 570 934 643 ἁνεκαλύφθη
964 573 1032 626 τὰ
1062 572 1283 637 θεμέλια
1307 574 1403 644 τῆς
1428 575 1781 645 οἰκουμένης,
1865 583 1906 636 Α

1865 583 1906 636 Α
2007 572 2095 627 34.
2133 570 2199 626 Ει
2232 570 2463 625 revelata
2493 578 2620 624 sunt
2649 566 2996 621 fundamenta
3025 568 3174 621 orbis
3196 575 3492 620 terrarum:

336 661 426 716 55.
466 661 600 714 ’Λπὺ
622 661 986 733 ἐπιτιμήσεώς
1013 678 1129 726 σου,
1151 664 1345 737 Κυριε,

2008 666 2097 719 55.
2131 665 2212 718 Ab
2242 663 2609 732 increpatione
2637 671 2726 715 tua
2746 704 2759 726 ,
2794 660 3046 724 Domine,

339 752 429 808 56.
473 753 606 807 Ἀπὸ
630 753 977 823 ὲμπνεύσεως
997 754 1302 823 πνεύματος
1323 756 1491 827 ὀργῆς
1513 773 1626 811 σου.

1467 774 1491 821 ς
1513 773 1626 811 σου.
2006 756 2097 811 56.
2130 756 2211 809 Ab
2240 754 2597 823 inspiratione
2626 753 2849 823 spiritus
2874 752 2966 805 inn
2991 764 3111 805 tum.

337 844 426 898 57.
471 842 872 908 ΔΕξαιτιξστειλεν
910 845 968 911 ἐξ
1001 844 1187 915 ii"ng
1222 847 1312 900 καὶ
1337 846 1495 900 ἐλαΕέ
1524 863 1623 918 με·

1454 846 1495 900 ῑέ
1524 864 1591 918 με
1610 863 1623 876 ·
2008 848 2097 903 ⁸57.
2128 846 2276 901 Misit
2305 847 2371 899 de
2400 859 2637 907 smnmo,
2664 853 2717 897 ct
2742 845 2947 912 accepit
2978 857 3098 908 me;

337 935 427 989 58.
459 934 828 1003 Προσελάὸετό
864 952 931 1005 με
959 935 1016 1002 ἐξ
1041 937 1247 989 ὑδάτων
1273 935 1498 990 πολλῶν.

1400 937 1498 990 ῶν.
2006 940 2095 996 58.
2118 937 2425 1007 Assumpsit
2455 951 2543 991 me
2570 936 2636 991 de
2662 935 2817 1005 aquis
2842 936 3044 989 multis.

335 1024 424 1079 59.
468 1024 763 1095 Ἐρρύσατό
792 1043 857 1096 με
882 1026 940 1092 ἐξ
979 1026 1186 1098 ἐχθρῶν
1212 1044 1316 1098 μου
1345 1026 1605 1092 δυνατῶν,

2008 1032 2097 1087 39.
2130 1031 2339 1100 Eripuit
2365 1045 2451 1083 me
2480 1030 2546 1083 de
2577 1029 2811 1082 inimicis
2841 1029 2975 1081 meis
3006 1025 3337 1090 fortissimis,

337 1116 427 1172 40.
459 1118 568 1170 Καὶ
595 1121 658 1170 ὲκ
683 1118 789 1171 τῶν
815 1118 1113 1188 μισούντων
1151 1133 1241 1190 με’

2004 1125 2092 1179 40.
2124 1123 2185 1176 Ει
2218 1124 2284 1177 ab
2319 1123 2404 1186 iis,
2444 1122 2534 1191 qui
2574 1121 2809 1174 oderunt
2838 1136 2961 1175 me:

333 1205 423 1260 41.
453 1206 572 1259 ’Ὁτι
605 1208 1011 1279 ἐστερεώθησαν
1042 1210 1179 1281 ὑπὲρ
1208 1209 1325 1280 ὲμέ.

2002 1215 2091 1269 41.
2125 1212 2395 1279 Quoniam
2426 1210 2711 1267 confortati
2742 1220 2869 1264 sunt
2903 1226 3066 1279 super
3098 1225 3203 1264 me.

333 1297 425 1354 42.
460 1299 816 1370 Προέφθασάν
842 1319 909 1371 με
936 1303 993 1355 ὲν
1018 1301 1200 1374 ἡμέρᾳ.
1225 1301 1517 1367 κακώσεώς
1544 1320 1646 1380 μου
1664 1320 1679 1334 ·

2002 1304 2091 1358 42.
2127 1302 2509 1357 Przevenerunt
2536 1316 2623 1355 me
2651 1302 2702 1353 in
2731 1301 2818 1354 die
2847 1299 3155 1354 alﬂictiunis
3184 1313 3316 1354 mea:
3341 1316 3354 1330 '

332 1390 423 1445 43.
458 1392 567 1443 Kal
598 1391 814 1460 ἐγένετο
842 1392 1043 1464 Κύριος
1071 1394 1472 1466 ἀντιστήριγμά
1497 1412 1621 1468 μου.

1999 1396 2091 1450 45.
2124 1393 2191 1449 Ει
2221 1393 2396 1448 factus
2426 1400 2512 1447 est
2545 1391 2808 1445 Dominus
2840 1400 3111 1460 protector
3147 1405 3320 1443 incus.

332 1483 423 1537 44.
456 1484 563 1537 Καὶ
588 1484 821 1557 ἐξήγαγέ
848 1503 914 1556 με
939 1486 1019 1548 είς
1044 1485 1355 1557 πλατυσμόν
1375 1504 1387 1516 ·

1375 1504 1387 1516 ‘
2004 1489 2089 1543 44.
2124 1487 2189 1542 Et
2218 1488 2403 1542 eduxit
2432 1500 2517 1540 me
2550 1485 2603 1539 iu
2633 1485 2970 1539 latitudinem
3004 1501 3016 1537 :

330 1574 421 1629 45.
463 1576 708 1631 Ῥύσεταί
738 1595 825 1647 με,
859 1579 942 1631 ὅτι
971 1578 1200 1650 ἠθέλησέ
1233 1597 1320 1650 με.

2004 1583 2094 1637 45.
2133 1580 2351 1636 Salvum
2384 1596 2469 1634 me
2497 1578 2676 1645 faciet,
2706 1580 2963 1649 quoniam
2993 1576 3162 1629 voluit
3193 1590 3296 1629 me.

326 1666 417 1721 46.
448 1670 558 1722 Kal
594 1668 959 1723 ἀνταποδώσει
988 1688 1079 1742 μοι
1109 1671 1311 1744 Κύριος
1338 1673 1479 1728 κατὰ
1499 1672 1597 1745 τὴν
1628 1672 1832 1727 δικαιο-

2002 1674 2091 1730 46.
2124 1674 2190 1728 Ει
2235 1671 2497 1728 retribuet
2528 1672 2661 1727 mibi
2698 1669 2962 1726 Dominus
2994 1668 3290 1724 secundum
3330 1664 3494 1735 justi-

260 1757 425 1830 σὺνην
454 1776 577 1831 μου,

1934 1769 2061 1823 tiam
2091 1784 2268 1823 meam
2303 1784 2314 1819 :

330 1850 419 1904 47.
456 1852 564 1905 Kal
600 1852 743 1906 κατὰ
789 1854 887 1925 τὴν
925 1853 1289 1927 καθαριότητα
1337 1856 1444 1911 τῶν
1487 1858 1683 1929 χειρῶν
1732 1874 1831 1929 μου

2005 1860 2092 1914 47.
2127 1858 2192 1914 Et
2244 1860 2544 1915 secundum
2590 1858 2880 1929 puritatem
2934 1870 3194 1909 manuum
3248 1867 3490 1905 mearum

258 1942 626 1998 ἀνταποδώσει
655 1962 767 2015 μοι.
1864 1936 1902 1993 Β

731 1964 767 1997 ι.
1864 1936 1904 1993 Β
1935 1951 2186 2005 retribuet
2216 1950 2372 2005 milii.

326 2032 415 2086 48.
449 2034 571 2087 Ὅτι
604 2033 844 2104 ἐφύλαξα
866 2035 963 2099 τὰς
994 2034 1148 2100 ὁδοὺς
1181 2037 1385 2106 Κυρίου
1405 2079 1421 2103 ,

1355 2056 1385 2090 υ
1405 2079 1421 2103 9
2002 2043 2092 2098 48.
2128 2043 2269 2109 Quia
2300 2039 2568 2097 custodiri
2599 2038 2715 2092 vias
2741 2037 2956 2091 Domini
2989 2058 2999 2091 :

321 2124 408 2180 40.
439 2127 549 2179 Kal
573 2126 671 2180 οὐκ
699 2126 944 2197 ἡσέϐησα
972 2127 1080 2180 ἀπὸ
1106 2128 1201 2182 τοῦ
1235 2128 1369 2183 Θεοῦ
1406 2147 1509 2200 μου

1346 2128 1369 2182 ὖ
1406 2147 1509 2200 μου
2001 2135 2089 2188 49.
2118 2132 2412 2203 Neeimpie
2452 2131 2594 2203 gessi
2625 2144 2654 2183 τι
2689 2129 2799 2184 Deo
2835 2143 2990 2182 meo:

328 2215 417 2269 50.
456 2216 578 2269 Ὅτι
606 2216 783 2270 πάντα
805 2215 871 2269 τὰ
905 2218 1146 2288 κρίματα
1172 2219 1334 2272 αὐτοῦ
1363 2219 1591 2274 ἐνώπιόν
1631 2237 1731 2292 μου
1754 2236 1769 2251 ⁸

2001 2227 2089 2281 50.
2106 2224 2375 2291 Quoniam
2394 2224 2577 2279 omnia
2591 2222 2795 2294 judicia
2811 2220 2930 2289 ejus
2952 2219 3006 2273 in
3028 2227 3319 2288 conspectu
3338 2230 3459 2270 meo
3478 2255 3493 2270 .

324 2306 435 2375 5L,
456 2308 563 2360 Kal
589 2307 659 2361 τὰ
684 2307 1027 2380 δικαιώματα
1058 2309 1223 2363 αὐτοῦ
1260 2310 1361 2364 οὐκ
1391 2312 1705 2383 ἀπέστησαν
1734 2314 1828 2367 ἀπ’

1486 2312 1705 2383 Ξστησαν
1734 2314 1828 2367 ἀπ’
2000 2318 2089 2373 5|.
2118 2315 2183 2372 Et
2202 2316 2446 2388 justitias
2475 2316 2596 2384 ejus
2628 2330 2736 2367 non
2770 2311 2939 2381 repuli
2966 2328 2994 2363 a
3029 2326 3130 2362 me.

254 2399 413 2469 ἐμοῦ.

324 2493 415 2547 59..
447 2493 557 2546 Kal
595 2493 787 2563 ἔσομαι
815 2493 1042 2564 ἄμωμος
1074 2494 1192 2564 μετ’
1223 2494 1408 2548 αὑτοῦ·

1351 2494 1408 2548 ’δ’
2002 2497 2090 2553 52.
2120 2496 2183 2551 Et
2209 2510 2304 2550 cro
2338 2492 2716 2547 immaculatus
2745 2506 2867 2544 eum
2892 2504 2955 2543 eo
2984 2531 2995 2543 .

323 2585 413 2640 53.
447 2587 559 2640 Kal
587 2587 889 2658 φυλάξομαι
910 2588 1017 2641 ἀπὸ
1046 2586 1143 2659 τῆς
1167 2587 1394 2659 ἀνομίας
1430 2607 1552 2661 μου.

2002 2590 2092 2646 53.
2123 2589 2190 2644 Et
2217 2587 2518 2645 observabo
2557 2601 2643 2640 me
2670 2586 2735 2639 ab
2771 2584 3052 2652 iniquitate
3084 2596 3219 2636 mea.

324 2680 415 2734 54.
456 2681 566 2734 Kal
593 2680 961 2736 ἀνταποίώσει
994 2697 1085 2753 μοι
1112 2679 1313 2753 Κύριος
1344 2682 1486 2737 κατὰ
1504 2681 1603 2752 τὴν
1626 2682 1827 2738 δικαιο-

1998 2680 2086 2735 54.
2119 2679 2185 2733 Ει
2212 2678 2470 2733 retribuet
2502 2675 2633 2729 mihi
2683 2673 2949 2728 Dominus
2991 2672 3290 2726 Secundum
3332 2668 3496 2739 justi-

256 2771 422 2845 σύνην
454 2791 578 2845 μου,

1928 2770 2058 2826 tiam
2097 2785 2298 2834 meam,

1374 2930 1749 2989 ATHANASII
1788 2928 2375 2987 INTERPRETATIO.

248 3098 297 3150 ol
326 3093 706 3159 κατοικοῦντες
721 3093 1070 3167 Ἰερουσαλὴμ
1095 3092 1444 3166 θεωροῦντες,
1475 3094 1571 3150 καὶ
1602 3092 1825 3164 βλέπον-

1929 3090 2235 3145 habitantes
2277 3086 2580 3143 Jerusalem
2635 3086 3090 3150 considerantes,
3151 3091 3206 3137 et
3252 3081 3494 3137 ridentes

248 3204 341 3251 τες
364 3187 490 3250 τοὺς
514 3186 843 3251 ἀποστόλους
863 3188 1153 3252 λαλοῦντας
1174 3187 1244 3241 τὰ
1266 3188 1524 3259 μεγαλεῖα
1543 3188 1637 3243 τοῦ
1660 3189 1793 3245 Θεοῦ
1813 3212 1827 3225 ·
1856 3207 1892 3264 c

1856 3207 1897 3264 ο
1932 3181 2205 3251 apostolos
2243 3180 2527 3248 loquentes
2576 3175 2843 3246 inagnalia
2892 3175 3044 3230 Dei"
3080 3192 3093 3229 :
3126 3174 3294 3243 [antes
3324 3172 3490 3241 enim,

248 3280 445 3347 πηγὰς
476 3280 585 3350 γὰρ
628 3280 720 3332 καὶ
763 3279 1001 3349 θεμέλια
1025 3281 1220 3344 αὐτοὺς
1244 3281 1411 3349 λέγει.

1045 3281 1220 3344 ιύτοὺς
1244 3281 1411 3349 λέγει.
1927 3282 1980 3327 et
2017 3272 2358 3342 fundamenta
2386 3285 2481 3325 eos
2513 3279 2689 3324 vocat.

320 3372 411 3426 55.
443 3371 578 3426 Ἀπὸ
614 3373 713 3445 τῆς
738 3372 1081 3437 διδασκαλίας
1111 3389 1226 3435 σου,

932 3372 1081 3437 αλίας
1111 3389 1226 3435 σου,
1996 3363 2085 3418 '55.
2113 3363 2159 3417 Δ
2186 3362 2432 3418 doctrina
2464 3374 2576 3427 tua,

316 3464 407 3518 56.
432 3465 541 3517 Kal
556 3465 663 3518 ἀπὸ
677 3465 776 3535 τῆς
792 3464 1067 3536 ἐνεργείας
1086 3465 1179 3518 τοῦ
1198 3464 1337 3519 Πνεύ
1345 3483 1513 3537 ματος
1532 3466 1625 3523 τοῦ
1645 3470 1825 3540 ἁγίου.

1472 3484 1513 3531 ις
1532 3466 1625 3523 τοῦ
1645 3470 1825 3540 ἁγίου,
1997 3454 2086 3509 '56.
2123 3451 2189 3507 Et
2219 3453 2287 3507 ab
2320 3454 2636 3524 operatione
2666 3451 2899 3523 Spiritus
2922 3450 3116 3506 sancti.

317 3553 408 3614 37,
446 3553 535 3608 38.
582 3554 1014 3625 Ἐϐαπτίσθησαν
1047 3553 1155 3623 γὰρ
1183 3556 1240 3606 ὲν
1265 3558 1330 3624 τῇ
1357 3556 1541 3627 ἡμέρᾳ
1568 3560 1666 3629 τῆς
1693 3561 1829 3613 Πεν-

1998 3548 2089 3613 57,
2118 3548 2207 3602 58.
2239 3546 2306 3603 Ει
2339 3548 2623 3618 baptizata:
2661 3558 2790 3602 sunt
2820 3549 2871 3600 in
2916 3548 3003 3601 die
3056 3548 3397 3601 l’entecostes
3422 3544 3495 3597 ab

245 3646 516 3716 τηκοστῆς
546 3646 696 3716 παρὰ
718 3645 825 3698 τῶν
857 3645 1170 3698 ἀποστόλων
1197 3644 1367 3715 ψυχαὶ
1397 3647 1472 3711 ὡς
1495 3650 1788 3720 τρισχίλιαι
1809 3667 1823 3682 '

1927 3642 2191 3709 apostolis
2214 3640 2411 3694 anima:
2432 3641 2589 3711 quasi
2617 3641 2716 3694 tria
2742 3640 2908 3694 millia
2933 3640 2954 3670 ⁸
2985 3657 3000 3695 :
3030 3647 3314 3709 propterea
3352 3637 3490 3705 haec,

244 3738 333 3793 διὰ
360 3737 520 3791 τοῦτο
544 3735 688 3806 λέγει
720 3737 785 3790 ἐκ
818 3735 1108 3809 προσώπου
1135 3735 1241 3791 τῶν
1271 3741 1730 3797 πεπιστευκότων.

1538 3741 1730 3797 κάτων,
1927 3731 2056 3785 dicit
2080 3746 2143 3785 ex
2178 3745 2409 3800 persona
2446 3746 2654 3793 eorum,
2683 3730 2777 3799 qui
2809 3728 3176 3785 crediderunt.

318 3829 411 3897 39,
446 3829 536 3885 40.
570 3829 825 3884 Τουτέστι
851 3829 960 3884 τῶν
984 3832 1273 3904 δαιμόνων.

1170 3849 1273 3888 νων.
1993 3823 2084 3887 '59,
2114 3824 2203 3879 40.
2235 3822 2347 3879 lloc
2375 3832 2460 3880 est
2485 3823 2814 3879 daemonum.

317 3919 407 3974 41.
446 3920 815 3992 Ἐῥρύσθησαν
855 3919 963 3993 γὰρ
1003 3919 1392 3991 βαπτισθέντες
1437 3923 1501 3976 ἐκ
1552 3921 1661 3977 τῶν
1695 3940 1827 3977 κατ-

1995 3917 2084 3975 41.
2121 3916 2386 3988 Baptizati
2435 3917 2578 3971 ruitn
2612 3916 2825 3970 liberati
2881 3923 3010 3971 sunt
3041 3916 3099 3985 ιι)⁴
3124 3911 3487 3980 ἀωηιοιιίιιιιε,

244 4009 665 4078 εξουσιαζόντων
701 4009 880 4064 αὐτῶν
909 4010 1197 4081 δαιμόνων.

966 4012 1197 4081 ιιμόνων.
1924 4006 2017 4077 qui
2047 4009 2127 4061 eis
2165 4007 2610 4061 dominabantur.

316 4100 410 4153 Β.
448 4100 575 4153 Ὅτε
602 4100 857 4170 ἠσθένουν
882 4103 949 4172 τῇ
980 4100 1146 4173 ψυχῇ,
1180 4100 1526 4156 συνέκλεισαν
1562 4117 1648 4173 με.

1991 4096 2080 4152 42.
2100 4098 2328 4163 Quando
2345 4099 2525 4152 anima
2551 4096 2798 4151 inﬁrmus
2813 4112 2961 4151 eram
2978 4095 3368 4152 concluserunt
3381 4111 3486 4150 me.

319 4190 603 4257 t3,u.m
620 4190 712 4246 τοῦ
730 4191 1099 4264 βαπτίσματος
1112 4190 1305 4262 ἐστησέ
1324 4209 1390 4264 με
1405 4193 1484 4257 είς
1500 4193 1822 4248 ἀνάπαυσιν.

1990 4188 2083 4255 45,
2112 4188 2199 4244 44.
2244 4187 2348 4243 Per
2396 4188 2726 4259 baptismum
2755 4202 2839 4242 me
2872 4188 2923 4241 in
2956 4185 3144 4258 requie
3185 4185 3484 4241 constituit.

316 4285 406 4341 45.
424 4285 543 4356 Ἀφ’
560 4280 621 4340 οὒ
639 4284 1058 4357 περιεποιήσατό
1076 4301 1164 4355 με,
1184 4283 1485 4356 ῥύσεταίιμε
1500 4284 1593 4339 τοῦ
1612 4284 1821 4339 λοιποῦ.

1993 4278 2081 4335 45.
2112 4278 2189 4333 Ex
2216 4295 2327 4349 quo
2358 4295 2443 4334 me
2474 4278 2786 4348 acquisivit,
2812 4278 3068 4346 deinceps
3100 4293 3185 4332 uie
3220 4277 3485 4338 liberabit.

316 4375 407 4430 46.
442 4376 551 4430 Kal
575 4374 760 4429 λοιπὸν
790 4376 849 4427 ὲν
877 4373 955 4445 τῷ
985 4372 1163 4448 καιρῷ
1194 4373 1293 4445 τῆς
1325 4373 1559 4446 κρίσεως
1587 4376 1824 4430 ἀνταπο-

1735 4393 1824 4430 πο-
1991 4372 2080 4428 46.
2113 4370 2179 4427 Ει
2209 4371 2427 4429 dentum
2455 4372 2639 4431 iudicii
2674 4381 2916 4441 tempore
2947 4372 3208 4427 retribuet
3228 4372 3379 4425 tnilti.

244 4472 405 4527 δώσει
443 4490 551 4527 μοι.

314 4491 405 4527 »σει
482 4491 551 4525 οι.

314 4564 405 4619 47.
437 4491 594 4618 tim
624 4564 725 4636 τὴν
754 4562 1119 4635 καθαριότητα
1149 4564 1257 4618 τῶν
1283 4563 1457 4636 ἔργων
1488 4582 1610 4637 μου.
1850 4565 1895 4621 D

1850 4565 1895 4621 ι)
1991 4548 2082 4607 47.
2135 4548 2442 4604 Secundum
2489 4549 2776 4618 puritatem
2808 4562 3052 4602 mearum
3087 4549 3486 4617 operationum.

313 4657 404 4713 48.
446 4657 556 4719 Τὰς
586 4657 803 4722 ἐντολὰς
829 4654 989 4711 αὑτοῦ
1016 4655 1154 4727 ἔχων
1187 4659 1245 4711 ὲν
1276 4659 1342 4729 τῇ
1370 4658 1568 4730 καρδίᾳ
1596 4673 1722 4730 μου.

1596 4673 1722 4730 μου,
1992 4643 2083 4699 48.
2118 4642 2391 4713 Pmepta
2422 4642 2540 4713 ejus
2570 4643 2776 4697 habens
2807 4642 2858 4695 in
2890 4641 3055 4695 corde
3085 4655 3226 4695 tneo.

317 4748 408 4804 49.
432 4749 620 4812 Ἐκτδς
646 4747 810 4802 αὑτοῦ
840 4748 1012 4820 ἑτέρῳ
1033 4749 1133 4801 οὐκ
1158 4748 1478 4821 ἑλάτρευσα.

1354 4766 1478 4802 usa.
1992 4735 2081 4790 49.
2124 4734 2289 4790 Extra
2322 4750 2447 4788 eum
2481 4733 2613 4787 nulli
2650 4732 2737 4787 alii
2777 4731 2994 4787 SCﬂlVi.

316 4840 407 4897 50.
438 4842 560 4894 Ὅτι
596 4839 747 4893 οὐδὲν
766 4838 885 4892 τῶν
908 4838 1135 4892 ἐντολῶν
1165 4839 1329 4893 αὑτοῦ
1363 4838 1670 4910 ἀπόϐλητόν
1702 4838 1821 4891 ἔστι

1992 4829 2080 4883 50.
2142 4827 2407 4893 Quoniam
2451 4825 2659 4879 nullum
2693 4838 2918 4879 suorum
2953 4835 3345 4894 praeceptorum
3394 4822 3490 4877 de-

247 4933 377 5002 rrap‘
402 4932 546 5002 ἐμοὶ,
574 4929 712 4986 ἀλλὰ
738 4928 844 5001 πρὸ
867 4930 1157 5003 ὀφθαλμῶν
1188 4947 1289 5001 μου
1320 4929 1428 5001 ἔχω
1460 4931 1619 4986 αὐτὰ.

1924 4918 2190 4989 spicatum
2229 4925 2312 4972 est
2343 4916 2485 4987 apud
2514 4930 2635 4978 me,
2690 4914 2783 4970 sed
2812 4928 2922 4984 pra:
2976 4915 3152 4971 oculis
3195 4916 3330 4970 meis
3371 4915 3485 4987 ipsa

1924 5012 2118 5067 habeo.

316 5111 403 5165 51.
433 5109 544 5164 Kal
569 5108 636 5162 τὰ
670 5106 1011 5180 δικαιώματα
1040 5106 1199 5162 αὐτοῦ
1226 5105 1585 5171 ἀδιαλείπτως
1614 5107 1809 5180 μελέτω

1992 5103 2080 5158 51.
2100 5099 2603 5173 Etjustillcationes
2640 5098 2762 5170 ejus
2789 5098 3010 5155 assidua
3034 5098 3316 5154 meditatio
3368 5116 3483 5156 mea

290 5203 349 5257 οὐ
385 5205 520 5256 ἐστι.
1922 5200 2071 5248 sunt.

249 5222 349 5273 μου
385 5222 520 5256 εστι.

315 5295 403 5349 5'2.
439 5292 550 5346 Kal
574 5290 912 5355 ἀεὶ⁶ἇσπιλος
937 5287 1084 5360 αὑτῷ
1117 5287 1434 5362 τηρηθείην.

1922 5222 2081 5337 ωὲξ.
2114 5278 2179 5335 Ει
2215 5280 2334 5335 sine
2366 5278 2487 5335 labe
2520 5277 2621 5348 ipsi
2655 5291 2869 5348 semper
2896 5288 3145 5333 servatus
3176 5293 3320 5333 sum.

309 5386 401 5443 53.
438 5385 674 5457 Τηρήσω
700 5383 931 5454 ἐμαυτὸν
958 5381 1052 5437 τοῦ
1087 5380 1162 5453 μὴ
1186 5383 1498 5453 περιπεσεῖν
1529 5384 1652 5447 ταῖς
1683 5398 1813 5455 προ-

1990 5370 2080 5426 55.
2116 5368 2433 5425 Custodiam
2464 5382 2551 5423 me
2578 5368 2781 5437 ipsum,
2814 5381 2883 5421 ne
2908 5366 3153 5422 decidam
3194 5366 3247 5421 iu
3278 5366 3487 5437 priores

239 5486 423 5558 τέραις
450 5500 549 5555 μου
575 5479 907 5551 ιπιθυμίαις.

795 5481 907 5543 ἰαις.
1920 5477 2071 5517 meas
2101 5460 2439 5531 cupiditates.

539 5574 648 5628 Kal
677 5549 751 5625 ὲν
775 5572 842 5642 τῇ
875 5569 1059 5642 δικαίᾳ
1094 5566 1253 5623 αὐτοῦ
1291 5566 1681 5639 μισθαποδοσία
1717 5584 1807 5639 μοι

1990 5552 2177 5609 διεδ.
2213 5551 2279 5605 Et
2310 5551 2366 5605 in
2394 5550 2542 5620 justa
2567 5550 2691 5621 ejus
2720 5549 3080 5607 retributione
3113 5549 3301 5605 reddet
3329 5551 3484 5617 mihi,

235 5666 424 5737 ἀποδῷ
470 5658 545 5719 ὧν
591 5662 935 5734 εἰργασάμην
981 5660 1209 5715 ἐνώπιον
1251 5660 1438 5726 αὑτοῦ,
1471 5663 1499 5715 ό
1532 5658 1817 5725 ἀποδιδοὺς

1813 5680 1817 5687 ι
1917 5661 2040 5717 qua:
2067 5651 2320 5715 operatus
2344 5658 2465 5700 sum
2493 5658 2678 5699 coram
2708 5645 2848 5715 ipso,
2883 5644 2977 5715 qui
3008 5644 3302 5714 unicuique
3329 5645 3457 5699 retri

240 5760 456 5828 kxiartp
487 5756 629 5812 κατὰ
656 5755 724 5809 τὰ
746 5754 882 5825 ἔργα
913 5753 1099 5807 αὐτοῦ.

1087 5793 1099 5806 ,
1918 5736 2035 5793 buit
2065 5736 2364 5793 secundum
2390 5750 2558 5807 opera
2591 5736 2731 5806 cjus.

314 5872 358 5905 υ
388 5873 506 5927 Act.
542 5887 601 5940 ιι,
635 5870 686 5925 7.
762 5869 807 5903 ιι
833 5868 961 5924 ibid.
1001 5866 1084 5921 tl.
