4164 6488
202 452 299 502 709
1084 454 1168 507 DE
1209 453 1485 510 TlTULIS
1525 450 2271 507 PSALMOBUM.-—PSAL.
2314 449 2478 504 XVII.
3331 449 3440 510 710

269 565 358 621 78.
400 570 510 622 Καὶ
541 569 744 634 ἔδωκάς
783 588 869 640 μοι
899 572 1312 644 ὑπερασπισμδν
1337 575 1626 645 σωτηρίας.
1796 577 1842 632 Α

1547 591 1626 636 ας.
1796 577 1842 632 Α
1944 570 2026 623 78.
2071 569 2135 623 Et
2168 569 2360 623 dedisti
2395 569 2527 622 mibi
2560 569 2944 637 protectionem
2980 569 3191 624 salutis.

275 660 360 714 79.
404 663 512 715 Kal
543 667 574 734 ἡ
603 665 752 730 δεξιά
792 683 882 718 σου
919 666 1238 720 ἀντελάϐετό
1274 686 1394 737 μουο

1285 686 1394 719 ιουο
1948 663 2032 714 79.
2076 661 2136 714 Et
2173 663 2391 715 dextera
2423 671 2509 714 tua
2538 664 2776 730 suscepit
2805 678 2888 716 me
2918 681 2929 717 :

269 750 356 804 80.
401 754 509 805 Kal
541 756 572 824 ή
607 755 818 808 παιδεία
849 774 943 809 σου
973 757 1263 826 ἀνώρθωσέ
1300 775 1365 826 με
1405 761 1484 821 εἰς
1511 758 1660 821 τέλος
1684 775 1696 789 ·

1653 775 1696 819 ;·
1943 753 2030 808 80.
2074 753 2137 807 Et
2171 755 2455 820 disciplina
2489 765 2580 806 tua
2615 755 2850 808 correxit
2884 769 2970 809 me
3001 756 3053 808 in
3091 755 3250 809 ﬁnem
3285 773 3297 808 :

271 843 359 898 81.
401 845 512 898 Kal
543 849 574 916 ἡ
606 847 819 899 παιδεία
850 864 940 899 σου
973 848 1106 917 αὑτή
1145 865 1210 917 με
1239 848 1455 912 διδάξει.

1945 849 2032 900 81.
2073 845 2138 899 Et
2167 847 2451 912 disciplina
2489 855 2600 910 tua,
2639 847 2751 915 ipsa
2790 863 2873 900 me
2907 848 3141 902 docebit.

269 936 356 990 82.
413 939 742 1010 'Ezlatuva;
775 939 843 993 τὰ
873 940 1184 1010 διαόήματά
1220 959 1320 1010 μου
1357 941 1610 995 ὑποκάτω
1645 960 1770 1014 μου,

1482 941 1610 995 ιάτω
1645 960 1770 1014 μου,
1944 936 2033 990 82.
2076 935 2322 989 Dilatasti
2357 951 2577 1004 gressus
2605 952 2754 990 meos
2780 938 2972 991 subtus
3003 953 3126 992 me:

269 1027 358 1082 83.
401 1031 510 1082 Καὶ
543 1031 642 1084 οὑκ
667 1031 931 1103 ἠσθένησε
963 1032 1031 1084 τὰ
1059 1033 1176 1103 ἴχνη
1211 1050 1332 1102 μου.

1941 1029 2031 1082 83.
2073 1028 2135 1082 Et
2166 1045 2270 1081 non
2303 1038 2431 1083 sunt
2458 1029 2728 1083 inﬁrmata
2759 1031 2983 1099 vestigia
3019 1047 3158 1084 mea.

270 1121 356 1176 84.
401 1124 729 1188 Καταδιώξω
757 1127 878 1188 τοὺς
915 1125 1141 1195 ἐχθρούς
1183 1142 1305 1195 μου,
1338 1127 1430 1178 καὶ
1469 1126 1772 1196 καταλήψο-

1941 1121 2030 1175 85.
2074 1121 2377 1191 Persequar
2404 1122 2656 1178 inimicos
2686 1137 2864 1187 meos;
2901 1134 2954 1176 et
2980 1123 3435 1192 Comprcbendam

203 1231 298 1286 μαι
325 1216 522 1279 αὑτούς
545 1233 558 1246 ·
1875 1213 1992 1268 illos
2017 1229 2032 1268 :

270 1306 360 1362 85.
403 1309 509 1361 Kal
541 1309 637 1362 οὑκ
662 1310 1170 1383 ἀποστραφήσομαι,
1200 1313 1302 1373 ἕως
1331 1312 1396 1364 ἂν
1424 1311 1767 1366 ἐκλείπωσιν.

1456 1311 1767 1366 κλείπωσιν,
1942 1305 2030 1360 85.
2074 1303 2136 1357 Et
2167 1320 2271 1357 non
2309 1315 2598 1358 convertar
2629 1306 2802 1360 donec
2830 1307 3100 1360 deliciam.

267 1400 357 1453 86.
414 1400 678 1470 Ἑκθλίῲω
709 1403 924 1466 αὐτοὺς,
943 1405 1034 1456 καὶ
1064 1404 1124 1456 οὐ
1149 1403 1222 1474 μὴ
1250 1403 1509 1457 δύνωνται
1542 1405 1729 1476 στῆναι

1597 1405 1729 1476 τῆναι
1946 1397 2036 1451 86.
2077 1395 2425 1466 Confringam
2455 1397 2610 1462 illos;
2644 1415 2742 1453 nec
2775 1410 3030 1468 poterunt
3062 1409 3204 1454 stare
3231 1417 3241 1450 :

272 1491 360 1544 8⁸7.
405 1493 702 1546 Πεσοὺνται
736 1495 837 1546 ὑπὸ
867 1496 992 1557 τοὺς
1027 1495 1191 1559 πόδας
1224 1512 1348 1563 μου.

1245 1512 1348 1548 ιον,
1942 1488 2030 1542 87.
2068 1488 2276 1543 Cadent
2307 1489 2496 1542 subtus
2535 1489 2696 1557 pedes
2723 1506 2889 1545 meos.

273 1583 362 1638 88.
405 1585 513 1638 Kal
549 1584 885 1656 περιέζωσάς
913 1603 978 1656 με
1003 1586 1230 1656 δύναμιν
1258 1589 1336 1649 είς
1361 1586 1594 1658 πόλεμον
1614 1603 1628 1617 ⁶

1587 1603 1628 1636 ι·
1940 1579 2028 1635 88.
2074 1579 2137 1634 Et
2162 1581 2491 1649 prmcinxisli
2524 1597 2604 1636 me
2640 1584 2838 1636 virtute
2877 1585 2940 1637 ad
2980 1585 3179 1638 bellum
3219 1604 3231 1638 :

269 1676 358 1729 89.
401 1678 762 1740 Συνεπὸδισας
797 1679 1001 1740 πάντας
1034 1681 1158 1742 τοὺς
1192 1681 1654 1751 ἐπανισταμένους
1685 1683 1770 1733 ἐπ’

1942 1674 2031 1728 89.
2073 1674 2137 1729 Et
2184 1676 2542 1746 supplantasti
2591 1692 2778 1732 omnes
2835 1679 3174 1746 insurgentes
3229 1681 3280 1732 in
3334 1695 3435 1743 me,

197 1765 298 1834 ἐμὲ
331 1766 584 1820 ὑποκάτω
620 1786 742 1838 μου.

558 1786 584 1819 o
620 1786 742 1838 μου.
1873 1767 2065 1822 subtus
2096 1782 2201 1821 me.

263 1859 351 1912 90.
396 1860 504 1912 Kal
529 1861 652 1924 τοὺς
682 1860 906 1932 ἐχθρούς
936 1881 1035 1934 μου
1070 1853 1292 1927 ἐδωκάς’
1308 1880 1397 1933 μοι
1428 1863 1594 1918 νῶτον
1614 1880 1628 1894 °

1943 1859 2031 1912 90.
2073 1858 2137 1913 Et
2174 1859 2426 1915 inimicos
2457 1875 2606 1914 meos
2636 1861 2830 1916 dedisti
2870 1864 2998 1917 mihi
3036 1864 3298 1918 dorsum:

266 1947 354 2001 91.
396 1951 504 2002 Kal
531 1954 656 2016 τοὺς
685 1952 975 2023 μισοῦντας
1014 1972 1079 2025 με
1109 1954 1528 2026 ἐξωλόθρευσας.
1801 1939 1845 1997 Β

1246 1954 1528 2026 όθρευσας.
1801 1939 1845 1997 Β
1942 1951 2031 2005 91.
2072 1949 2136 2005 Et
2169 1952 2412 2006 odientes
2445 1967 2531 2006 me
2559 1953 2889 2021 dispel'disli.

265 2039 356 2095 92.
409 2043 762 2114 Ἐκέκραξαν,
793 2048 886 2099 καὶ
914 2048 1014 2099 οὑκ
1039 2043 1106 2118 ἦν
1134 2048 1161 2098 6
1191 2045 1377 2110 σώζων
1397 2063 1410 2076 ο

1945 2045 2035 2102 92.
2074 2043 2480 2109 Clamaverunt,
2511 2061 2610 2100 nec
2639 2057 2752 2100 erat
2784 2049 2876 2113 qui
2913 2049 3091 2103 salvos
3124 2049 3355 2116 faceret;

265 2133 352 2189 93.
397 2135 540 2204 Πρὸς
567 2136 787 2207 Κύριον,
826 2138 920 2190 xal
951 2139 1050 2191 οὑκ
1081 2140 1396 2209 εἰσήκουσεν
1429 2138 1625 2191 αὑτῶν.

1429 2138 1625 2191 αὑτῶν,
1943 2137 2031 2192 95.
2070 2137 2150 2190 Ad
2191 2137 2518 2204 Dominum;
2550 2155 2646 2193 nec
2675 2140 2949 2194 exaudivit
2977 2157 3069 2196 eos

265 2223 352 2279 94.
396 2226 504 2278 Kal
551 2228 793 2281 λεπτυνῶ
825 2230 1020 2292 αὑτοὺς
1063 2230 1192 2284 ὡσεὶ
1226 2229 1384 2300 χνοῦν
1427 2230 1568 2284 κατὰ
1603 2230 1770 2302 πρόσ-

1944 2228 2032 2283 94.
2073 2229 2140 2284 Ει
2171 2231 2537 2286 comminuam
2570 2247 2665 2286 eos
2699 2242 2756 2286 ut
2782 2235 3056 2303 pulverem
3095 2247 3218 2291 ante
3247 2236 3438 2292 faciem

193 2335 341 2372 ωπον
365 2320 563 2391 ἀνέμου
584 2339 597 2354 ο
1875 2323 2015 2377 venti
2045 2342 2058 2376 ι

264 2412 352 2467 95.
407 2416 492 2479 Ὠς
518 2415 684 2487 πηλὸν
709 2417 976 2470 πλατειῶν
1006 2417 1178 2470 λεανῶ
1202 2418 1416 2481 αὑτούς.

1411 2461 1416 2473 .
1946 2416 2035 2471 95.
2080 2416 2152 2471 Ut
2183 2416 2356 2470 lutum
2385 2417 2686 2486 platearum
2715 2417 2906 2472 delebo
2940 2434 3055 2472 cos.

263 2506 352 2561 96.
406 2507 592 2561 Ῥὖσαί
626 2527 692 2578 με
722 2510 829 2562 ἀπὸ
858 2509 1177 2578 ἀντιλογιῶν
1210 2509 1340 2562 λαοῦ
1367 2527 1380 2540 ·

1947 2508 2035 2563 96.
2077 2508 2237 2579 Eripe
2268 2526 2352 2564 me
2379 2511 2446 2564 de
2477 2510 2998 2567 contradictionibus
3031 2513 3212 2581 populi
3238 2529 3252 2564 ι

261 2599 351 2653 97.
392 2601 766 2670 Καταστήσεις
800 2618 867 2672 με
901 2603 981 2664 εἰς
1009 2601 1249 2671 κεφαλὴν
1275 2600 1460 2654 ἐθνῶν.

1429 2620 1460 2652 ρ.
1943 2601 2031 2655 97.
2072 2600 2385 2657 Constitucs
2416 2619 2500 2657 me
2532 2605 2584 2656 in
2618 2615 2780 2674 caput
2809 2607 3073 2675 gentium.

262 2690 350 2746 98.
377 2691 553 2754 .Δαδς,
581 2691 638 2744 ὃν
666 2693 765 2744 οὐκ
795 2693 986 2760 ἔγνων,
1027 2691 1307 2745 ἐδούλευσε
1342 2708 1449 2761 μοι.

1941 2692 2029 2747 98.
2076 2692 2316 2762 Populus
2351 2709 2512 2763 quem
2548 2709 2654 2748 non
2691 2698 2940 2765 cognovi,
2969 2699 3190 2752 servivit
3224 2699 3370 2752 mibi.

1311 2847 1678 2903 ATHANASII
1716 2847 2290 2905 INTERPRETATIO.

265 3004 616 3068 78.Ἔδωκὰς
654 3023 742 3075 μοι
785 3005 894 3076 γὰρ
936 3007 1353 3079 ὑπερασπισμδν
1398 3009 1488 3062 τὸν
1533 3007 1764 3080 σταυρόν

1940 3009 2026 3064 78.
2063 3008 2196 3063 Nam
2228 3011 2422 3069 dedisti
2454 3013 2585 3068 mihi
2620 3031 2837 3072 crucem
2889 3026 3039 3074 tuam
3071 3020 3123 3074 in
3153 3023 3434 3090 protectio-

195 3112 287 3148 σου
296 3138 308 3149 .
1870 3118 1992 3158 nem
2002 3143 2015 3156 .

267 3188 353 3243 79.
379 3189 437 3240 Ὀ
472 3188 596 3252 Υἱός
623 3205 715 3240 σου
750 3188 1072 3242 ἀντελάϐετό
1109 3207 1235 3260 μου.

1159 3207 1235 3242 ου.
1942 3199 2027 3254 79.
2066 3199 2238 3256 Filius
2271 3209 2395 3257 tuus
2433 3205 2670 3272 suscepit
2700 3219 2803 3258 me.

261 3279 351 3344 80,
383 3280 472 3334 81.
514 3281 586 3333 Τὸ
613 3280 922 3352 πτωχεῦσαί
961 3297 1040 3342 σε,
1068 3280 1237 3348 λέγει,
1269 3281 1362 3333 καὶ
1395 3280 1644 3348 γενέσθαι
1672 3279 1764 3332 ἄν·
1793 3329 1834 3386 c

1793 3329 1834 3386 c
1942 3288 2144 3356 80,81.
2201 3290 2497 3360 Pauperem
2541 3293 2714 3361 inquit
2757 3301 2809 3348 ct
2856 3295 3130 3351 hominem
3159 3308 3210 3352 te
3238 3297 3437 3353 factum

193 3368 411 3438 θρωπον
443 3370 731 3442 ἀνώρθωσέ
766 3389 852 3442 με,
895 3373 986 3424 xal
1016 3371 1213 3436 διδάξει
1243 3390 1328 3442 με.
1793 3368 1834 3386 ν

1243 3390 1328 3442 με.
1793 3368 1834 3386 ν
1867 3395 2007 3441 esse.
2038 3382 2274 3436 correxit
2306 3398 2410 3447 me,
2449 3393 2500 3436 et
2529 3384 2742 3438 docebit
2769 3399 2873 3440 me.

262 3464 352 3518 82.
382 3465 711 3528 Ἐπλάτυνας
753 3465 850 3536 τὴν
882 3464 1108 3535 καρδίαν
1145 3482 1267 3534 μου,
1297 3464 1391 3517 τοῦ
1436 3464 1763 3537 πορεύεσθαί

1936 3471 2025 3527 82.
2062 3472 2304 3528 Dilatasti
2355 3489 2450 3528 cor
2499 3491 2699 3542 meum,
2739 3487 2798 3531 ut
2831 3480 3175 3546 procederem
3229 3482 3283 3536 in
3337 3483 3438 3539 viis

195 3559 261 3627 με
295 3558 353 3609 ἐν
391 3561 508 3619 ταῖς
536 3558 672 3618 ὁδοῖς
700 3574 814 3610 σου.
1869 3564 1997 3617 luis.

261 3648 350 3702 83.
392 3650 457 3701 Δί
487 3649 810 3719 ἐνθυμήσεις
843 3667 965 3719 μου.

1938 3655 2025 3710 83.
2062 3655 2431 3726 Cogitationes
2457 3675 2611 3714 meae.

262 3743 353 3799 84.
399 3742 778 3812 Περιγένωμαι
813 3743 920 3795 τῶν
953 3742 1224 3813 λογισμῶν
1256 3742 1350 3795 τοῦ
1374 3743 1568 3816 ἐχθροῦ
1602 3746 1658 3797 ἐν
1688 3745 1764 3816 τῷ

1935 3749 2026 3803 84.
2060 3750 2429 3805 Consiliorum
2480 3752 2706 3818 inimici,
2738 3766 2926 3807 eorum
2979 3754 3240 3810 malitiam
3289 3767 3436 3813 ante-

193 3836 396 3906 φθάσαι
436 3855 501 3908 με
532 3838 629 3908 τὴν
660 3837 855 3892 κακίαν
883 3837 1082 3892 αὑτῶν.

828 3857 855 3890 ν
883 3837 1082 3892 αὑτῶν.
1865 3843 2123 3895 vertendo
2151 3843 2324 3896 victor
2355 3859 2468 3898 ero.

259 3929 351 3985 85.
393 3931 504 3984 Kal
527 3932 587 3983 οὑ
615 3931 890 4002 παύσομαι
918 3932 1021 3995 ἕως
1049 3933 1116 3984 ἂν
1147 3933 1453 3985 ἀνιστῶσιν.

1335 3933 1453 3985 ὀσιν.
1936 3933 2024 3988 85.
2057 3931 2166 3987 Nec
2197 3935 2442 3997 cessabo,
2479 3936 2651 3992 donec
2675 3937 2979 4010 insurgunt.

259 4022 350 4076 86.
390 4022 574 4088 Διώξω
604 4023 819 4086 αὐτοὺς,
847 4025 939 4077 καὶ
965 4025 1066 4077 οὑκ
1090 4025 1518 4096 ἀντιστήσονται.

1333 4043 1518 4079 τονται.
1935 4023 2022 4078 86.
2055 4023 2356 4094 Persequar
2385 4042 2498 4088 eos,
2532 4041 2630 4081 nec
2661 4029 2977 4083 consistent.

261 4114 350 4168 87.
376 4114 658 4180 ’Υποτάξω
691 4116 882 4179 αὐτοὺς
918 4115 1008 4170 ὑπ’
1040 4115 1159 4186 ἐμέ.

1104 4115 1159 4171 .έ.
1935 4115 2025 4170 87.
2060 4115 2175 4169 Sub
2203 4132 2286 4169 me
2315 4133 2409 4170 eos
2441 4117 2748 4184 subjiciam.

260 4204 351 4260 88.
392 4206 736 4277 Περιέζωσάς
782 4223 847 4277 με
893 4207 991 4276 τὴν
1017 4208 1176 4280 χάριν
1202 4208 1295 4262 τοῦ
1323 4209 1476 4276 ἁγίου
1511 4210 1756 4280 Πνεῦμα·

1939 4206 2025 4260 88.
2058 4207 2399 4262 Przeeinxisti
2437 4224 2522 4262 me
2553 4210 2727 4279 gratia
2767 4211 2940 4266 sancti
2970 4211 3206 4283 Spiritus
3237 4214 3336 4279 tui,
3375 4223 3433 4270 ut

189 4298 281 4362 τῆς
322 4316 424 4379 ⁹σου
469 4300 526 4351 ἐν
569 4300 704 4370 αὑτῇ
757 4297 1092 4363 ὁπλίζεσθαι,
1133 4301 1224 4352 καὶ
1260 4301 1612 4357 ἀνθίστασθαι
1643 4305 1764 4366 ταῖς

1469 4302 1612 4357 ισοαι
1643 4305 1764 4366 ταῖς
1865 4299 1980 4366 ipsa
2016 4309 2262 4355 armatus
2297 4299 2499 4356 diaboli
2533 4302 2748 4358 insidiis
2779 4305 3113 4361 resisterem.

195 4391 498 4462 μεθοδείαις
529 4390 622 4443 τοῦ
654 4391 920 4443 διαϐόλου.

262 4483 618 4546 89.Ἕδωκάς
669 4499 758 4553 μοι
806 4483 1050 4546 ἐξουσίαν
1095 4489 1286 4539 πατεῖν
1336 4486 1529 4553 ,ἐπάνω
1589 4487 1763 4555 ὄφεων

1932 4482 2018 4538 89.
2069 4482 2397 4550 Potestatem
2451 4483 2583 4536 mihi
2633 4483 2828 4538 dedisti
2854 4484 3235 4542 deambulandi
3270 4503 3432 4557 super

191 4576 282 4628 καὶ
317 4575 612 4646 σκορπίων,
639 4576 732 4627 xal
761 4575 854 4628 ἐπὶ⁵
883 4577 1062 4629 πᾶσαν
1091 4577 1319 4648 δύναμιν
1345 4579 1438 4632 τοῦ
1473 4578 1686 4650 ἐχθροῦ.

1865 4581 2142 4641 serpentes
2189 4581 2243 4625 et
2277 4572 2594 4638 scorpiones
2646 4583 2700 4628 et
2749 4590 2912 4644 super
2935 4591 3153 4632 omnem
3187 4589 3431 4648 potesta.

1864 4673 1969 4718 tem
1999 4664 2221 4717 inimici.

1864 4681 1902 4718 ιε

258 4753 350 4809 90.
369 4753 612 4817 Ἔδωκὰς
639 4773 727 4825 μοι
755 4755 949 4821 αὐτοὺς
982 4756 1343 4827 ὑποχειρίους.
1792 4681 1835 4737 D

1792 4681 1835 4737 ι)
1864 4681 1969 4718 tem
1999 4681 2221 4717 tmnuct.

1011 4756 1343 4827 ηποχειρίους.
1935 4752 2022 4806 90.
2060 4751 2167 4807 Eos
2198 4753 2327 4807 mihi
2355 4753 2655 4825 subjecisli.

259 4845 350 4901 9|.
391 4846 530 4909 Τοὺς
559 4845 844 4916 δαίμονας.
1934 4845 2022 4898 91.
2060 4844 2360 4901 ῡιιιῐηοηεε.

259 4937 349 5000 9‘2,
377 4939 468 4993 93.
511 4938 663 4992 Κατὰ
705 4939 766 4990 τὺ
809 4940 1190 5011 γεγραμμένον
1219 4941 1276 4992 ἐν
1309 4941 1659 5012 Εὑαγγελίῳο
1704 4945 1766 4996 Τί

1935 4935 2023 5001 99.,
2057 4937 2146 4991 95.
2187 4937 2656 5004 Quemadmodum
2707 4939 2759 4993 in
2821 4939 3112 5010 Evangelio
3168 4944 3426 5014 scriptum

187 5029 334 5098 ἡμῖν
360 5029 456 5082 καὶ
478 5029 596 5093 σοί,
642 5030 854 5098 Ἰησοῦ,
897 5032 988 5085 Υιὲ
1016 5033 1120 5088 τοῦ
1151 5033 1296 5088 Θεοῦ
1325 5033 1431 5086 τοῦ
1460 5037 1762 5103 ὐψίστου;

1864 5036 1947 5081 est
1982 5048 1993 5080 :
2027 5026 2164 5091 Quid
2192 5028 2359 5091 nobis,
2382 5039 2430 5081 et
2461 5029 2576 5092 tibi,
2602 5028 2730 5083 Iesu
2774 5028 2882 5083 Fili
2915 5029 3010 5085 Dei
3031 5032 3320 5088 altissimi?
3346 5053 3427 5090 ve-

187 5117 368 5190 ἦλθες
394 5121 507 5190 πρὸ
537 5123 741 5190 καιροῦ
773 5122 1103 5177 ἀπολέσθαι
1135 5124 1308 5192 ἡμᾶς.

1169 5125 1308 5192 μᾶς,
1866 5119 1991 5171 nisti
2018 5131 2138 5173 ante
2168 5130 2365 5189 tempus
2395 5121 2608 5189 perdere
2637 5138 2727 5175 nos
2748 5123 2813 5176 ⁸⁸.

260 5214 352 5268 94.
375 5213 566 5267 Ἡνίκα
599 5215 897 5286 ἐμφυσήσω
921 5217 1101 5279 αὐτοῖς
1134 5217 1353 5283 ἀφανεῖς
1383 5217 1720 5287 γενήσονται.

1606 5235 1720 5270 ται,
1931 5209 2019 5263 94.
2055 5211 2191 5264 Cum
2223 5221 2409 5265 contra
2446 5229 2540 5267 eos
2581 5213 2865 5268 insutllabo
2894 5214 3250 5285 disperibunt.

255 5307 345 5361 95.
372 5305 665 5376 Ἐξαλείψω
693 5308 886 5370 αὐτοὺς
919 5309 982 5360 ὲκ
1014 5308 1109 5378 τῆς
1139 5308 1362 5376 καρδίας
1397 5325 1518 5379 μου.

1219 5308 1362 5376 pata;
1397 5325 1518 5379 μου,
1929 5298 2019 5353 95.
2058 5299 2132 5354 Ex
2164 5302 2325 5356 corde
2349 5317 2470 5356 meo
2495 5303 2722 5357 abolebo
2747 5319 2863 5358 eos.

255 5398 347 5452 96.
372 5398 560 5451 Ῥῦσαί
597 5415 660 5467 με
707 5399 771 5454 ἐκ
800 5398 908 5452 τῶν
939 5399 1504 5471 ἀντιστρατευομὲνων
1550 5401 1607 5451 ἐν
1649 5401 1760 5464 τοῖς

1927 5388 2013 5443 96.
2054 5390 2215 5461 Eripe
2265 5409 2351 5448 me
2395 5411 2461 5449 ex
2504 5397 2892 5466 voluptatibus,
2920 5414 3041 5469 qua:
3075 5401 3128 5454 in
3164 5402 3423 5460 membris

191 5490 408 5558 μέλεσίν
437 5505 536 5558 μου
570 5489 786 5560 ἡδονῶν.

1859 5482 1994 5534 meis
2027 5485 2257 5538 militant
2286 5497 2473 5540 contra
2509 5504 2613 5544 me.

253 5581 342 5635 97.
385 5581 813 5652 Κατακυριεύειν
842 5601 907 5652 με
937 5582 1043 5635 τῶν
1069 5582 1296 5636 ἐθνικῶν
1323 5581 1592 5653 πράξεων.

1930 5571 2018 5628 97.
2051 5575 2130 5628 Ad
2158 5575 2546 5632 dominandum
2576 5579 2884 5634 actionibus
2911 5583 3244 5652 gentilitatis.

254 5672 342 5726 98.
370 5673 457 5728 99.
500 5673 569 5725 Πε
580 5673 633 5744 pl
661 5672 753 5725 τοῦ
777 5673 1127 5745 κηρύγματος
1153 5672 1260 5726 τῶν
1281 5671 1448 5726 ἐθνῶν
1470 5671 1634 5740 λέγει,
1660 5681 1754 5725 κατ

1930 5667 2018 5732 98,
2043 5671 2132 5725 99.
2166 5670 2238 5725 De
2267 5673 2668 5741 praedicatione,
2703 5690 2824 5744 quae
2850 5679 3098 5746 gentibus
3153 5678 3293 5735 facta
3340 5690 3421 5734 cst

185 5761 282 5830 τῆς
313 5763 556 5830 ὑπακοῆς
585 5761 783 5816 αὐτῶν.

1865 5755 2124 5826 loquitur,
2162 5770 2215 5816 ct
2242 5761 2308 5817 de
2331 5776 2515 5818 earum
2543 5764 2873 5822 obedientia.

253 5874 303 5907 ⁸⁸
340 5873 526 5930 Matth.
553 5892 668 5941 vm,
700 5875 789 5930 29.
