4164 6498
261 444 368 502 ’113
1128 447 1218 504 DE
1257 448 1535 506 TITULIS
1567 448 1905 505 ΡεΑιΜοιιι

1862 449 2016 506 RUM.
2056 480 2125 489 —
2158 447 2356 506 PSAL.
2399 445 2583 504 XVIII.
3399 457 3506 517 716

329 556 384 614 6.
426 558 519 621 Είς
550 558 730 612 πᾶσαν
760 560 858 629 τὴν
884 558 987 629 γῆν
1013 560 1236 630 ἐξῆλθεν
1263 564 1292 615 6
1311 560 1545 631 φθόγγος
1581 561 1758 616 αὐτῶν
1777 577 1792 591 °
1861 572 1905 627 Α

1676 561 1792 616 ;ῶνο
1861 572 1905 627 Α
2002 563 2055 619 6.
2114 562 2171 618 in
2198 579 2414 619 omnem
2443 572 2645 619 terram
2676 563 2847 620 exivit
2880 579 3051 625 sonus
3087 584 3320 629 eorum:

329 648 381 704 7.
424 648 531 701 Καὶ
560 650 639 713 είς
670 648 738 703 τὰ
787 650 999 723 πέρατα
1042 652 1141 722 τῆς
1173 652 1495 725 οἰκουμένης
1524 655 1593 709 τά
1615 655 1834 726 ῥήματα

1621 655 1834 725 ῥήματα
2001 655 2052 708 7.
2115 655 2181 711 Et
2212 656 2266 712 in
2298 656 2433 713 ﬁnes
2465 657 2616 715 orbis
2651 669 2810 718 terra:
2853 662 3019 717 verba
3050 677 3265 721 eorum.

255 741 459 795 αὐτῶν.

325 831 379 885 8.
435 833 522 886 Ἐν
552 833 628 904 τῷ
654 833 789 905 ἡλίῳ
814 834 964 888 ἔθετο
994 837 1056 889 τὸ
1085 838 1350 909 σκήνωμα
1379 839 1543 891 αυτοῦ
1563 851 1579 867 °

1570 851 1579 867 ι
2007 827 2061 884 8.
2102 828 2157 883 ln
2186 830 2301 887 sole
2335 833 2523 902 posuit
2562 833 2974 891 tabernaculum
3006 852 3167 892 suum
3201 858 3214 894 :

326 926 380 981 9.
424 927 534 979 Καὶ
579 928 739 991 αὐτὸς
787 927 862 992 ὡς
904 930 1134 1000 νυμφίος
1169 931 1598 1002 ἐκπορευόμενος
1630 931 1694 984 ἐκ
1727 948 1833 985 πα-

2005 920 2059 976 9.
2107 920 2174 976 Ει
2210 923 2328 993 ipse
2370 935 2631 995 tanquam
2676 939 2913 996 Sponsus
2954 930 3255 999 procedens
3286 931 3353 988 de
3380 933 3503 988 tha-

257 1015 384 1068 στοῦ
411 1017 598 1079 αὐτου,

1934 1012 2081 1067 lamo
2120 1029 2223 1070 suo
2241 1055 2256 1079 ,

330 1106 416 1163 10.
471 1107 879 1175 ’Δγαλλιάσεται
906 1109 983 1174 ὡς
1010 1110 1171 1179 γίγας
1196 1111 1422 1183 δραμεῖν
1448 1112 1566 1166 ὁδὸν
1594 1111 1759 1167 αὑτοῦ
1778 1129 1793 1144 ·

2005 1106 2091 1161 10.
2170 1106 2478 1167 Exsultavit
2530 1121 2589 1167 ut
2647 1111 2801 1185 gigas
2855 1114 2925 1169 ad
2976 1117 3301 1173 currendum
3354 1118 3498 1175 viam

1932 1211 2088 1251 suam
2122 1216 2136 1252 ε

324 1270 409 1324 11.
464 1269 582 1323 Ἀπ’
616 1270 783 1340 ἄκρου
814 1270 908 1325 τοῦ
935 1272 1222 1344 οὑρανοῦὴ
1266 1272 1443 1339 ἔξοδος
1478 1274 1667 1339 αὑτοῦ,

1371 1275 1443 1338 ⁵ος
1478 1274 1667 1367 αρτοῦ.
1779 1364 1802 1367 μ
1998 1290 2086 1347 11.
2119 1291 2163 1343 Α
2193 1307 2408 1347 summo
2438 1297 2577 1348 caelo
2609 1297 2849 1366 egressio
2878 1296 3015 1367 ejus,

326 1360 408 1414 12.
449 1361 557 1414 Καὶ
568 1361 627 1415 τὸ
643 1362 879 1430 κατάντη
887 1381 961 1433 μα
979 1363 1143 1416 αὐτοῦ
1160 1364 1263 1429 ἕως
1278 1366 1447 1436 ἄκρου
1468 1365 1561 1418 τοῦ
1578 1364 1825 1437 οὐρανοῦ

1780 1364 1825 1417 δ’
2001 1383 2067 1436 12
2098 1382 2164 1437 Ει
2188 1399 2449 1440 occursus
2474 1386 2593 1456 ejus
2627 1360 2802 1459 usque
2831 1360 3204 1448 advsummum
3245 1395 3370 1452 celi
3412 1414 3424 1450 :

322 1452 407 1507 15.
452 1454 561 1507 Καὶ
602 1454 704 1508 οὐκ
742 1454 887 1508 ἐστιν
928 1455 986 1519 ὃς
1019 1456 1462 1529 ἀποκρυεήσεται
1486 1458 1583 1529 τῆς
1622 1458 1829 1531 θέρμης

1644 1458 1829 1531 ’έρμης
2004 1472 2089 1527 l3.
2120 1471 2228 1529 Nec
2252 1485 2333 1529 est
2357 1475 2450 1546 qui
2474 1452 2531 1531 se
2553 1452 2855 1536 abscondat
2881 1497 2912 1537 a
2935 1484 3117 1539 calore
3144 1485 3288 1555 ejus.

252 1561 417 1598 αυτου
427 1588 437 1598 .

324 1635 411 1691 14.
464 1638 521 1691 Ὀ
538 1637 697 1708 νόμος
716 1636 919 1708 Κυρίου
943 1636 1191 1709 ἄμωμος,
1218 1640 1559 1711 ἐπιστρέφων
1579 1640 1755 1713 ψυχάς
1773 1659 1786 1672 ·

1994 1650 2079 1704 14.
2116 1648 2220 1705 Lex
2250 1649 2465 1706 Domini
2496 1653 2871 1725 immaculata,
2896 1668 3220 1716 convertens
3242 1661 3454 1719 animas
3479 1681 3493 1719 :

322 1730 408 1785 15.
463 1731 526 1785 Ἦ
570 1732 841 1803 μαρτυρία
884 1733 1090 1805 Κυρίου
1147 1733 1346 1806 πιστὴ,
1396 1734 1691 1804 σοφίζουσα
1733 1737 1827 1807 vi)-

2001 1744 2089 1798 15.
2164 1742 2565 1801 Testimonium
2619 1746 2837 1805 Domini
2907 1751 3103 1820 ﬁdele,
3171 1755 3492 1825 sapientiam

246 1840 375 1879 πια.
1926 1841 2190 1904 prmstans
2220 1835 2484 1903 parvulis.

320 1915 408 1969 16.
451 1913 530 1967 Τὰ
577 1914 917 1988 δικαιώματα
964 1914 1168 1988 Κυρίου
1220 1915 1424 1982 εὐθέα,
1468 1918 1825 1991 εὐφραίνοντα
1853 1929 1900 1990 Β

1853 1929 1900 1990 Β
1995 1924 2083 1979 16.
2138 1923 2372 1979 Iustitiae
2416 1923 2632 1981 Domini
2670 1937 2856 1993 rectae,
2898 1929 3238 1989 laetiﬁcantes
3280 1933 3491 1989 corda:

244 2006 473 2077 καρδίαν
506 2023 520 2037 ·

318 2096 407 2151 17.
459 2096 522 2149 Ἠ
544 2096 727 2164 ἐντολὴ
749 2097 952 2168 Κυρίου
976 2098 1270 2170 τηλαυγὴς,
1290 2100 1596 2168 φωτίζουσα
1621 2100 1821 2170 ὀφθαλ-

2001 2103 2086 2157 17.
2119 2104 2451 2177 Praaceptum
2482 2106 2698 2166 Domini
2722 2111 2986 2178 lucidum,
3010 2114 3329 2174 illuminans
3357 2134 3490 2175 ocu-

290 2187 402 2250 ούς.
1926 2194 2029 2251 los.

431 2280 489 2334 Ὀ
526 2279 686 2350 φόϐος
719 2279 923 2351 Κυρίου
957 2281 1119 2351 ἁγνὸς
1140 2321 1156 2348 ,
1205 2281 1471 2353 διαμένων
1524 2283 1604 2346 είς
1650 2282 1821 2337 αίῶνα

1926 2205 2029 2251 tos.

1996 2287 2083 2342 18.
2125 2287 2313 2344 Timor
2344 2288 2555 2346 Domini
2583 2303 2824 2360 sanctus,
2856 2312 3186 2368 permanens
3223 2302 3279 2356 in
3310 2315 3486 2357 sarcu-

243 2370 437 2434 s-‘Lvoc
454 2388 467 2402 -
1922 2377 2034 2433 lum
2072 2380 2259 2435 saeculi
2288 2394 2303 2434 :

316 2462 402 2517 19.
443 2462 522 2516 Τὰ
550 2462 789 2534 κρίματα
814 2463 1015 2537 Κυρίου
1042 2462 1292 2535 ἀληθινὰ,
1316 2463 1708 2537 δεδικαιωμένα
1730 2468 1820 2522 ἐπὶ

1998 2469 2085 2526 19.
2139 2468 2355 2527 Judicia
2402 2472 2619 2529 Domini
2662 2490 2813 2541 vera,
2849 2476 3151 2548 justilicata
3185 2479 3241 2536 in
3286 2494 3489 2539 semet-

276 2553 304 2606 6
335 2553 468 2608 αὺτὸ
485 2570 498 2583 ·
1920 2561 2039 2617 ipsa
2075 2578 2091 2617 :

242 2569 304 2607 το
376 2569 498 2606 υτο·

312 2569 401 2697 27).
430 2645 768 2718 Ἐπιθυμητὰ
799 2647 937 2719 ὑπὲρ
971 2647 1193 2720 χρυσίον
1228 2648 1319 2702 καὶ
1349 2647 1494 2701 λίθον
1522 2648 1698 2719 τίμιον
1721 2668 1815 2703 πο-

1920 2577 2091 2708 ῳῗοί
2118 2652 2509 2711 Desiderabilia
2547 2672 2712 2730 super
2746 2673 2966 2728 aurum,
3009 2672 3063 2717 et
3103 2662 3337 2735 lapidem
3365 2680 3487 2737 pre-

242 2732 339 2787 λύν
362 2749 378 2763 ·

1922 2743 2121 2799 tiosum
2150 2745 2382 2799 multum
2415 2761 2430 2800 :

312 2826 403 2882 2i.
446 2828 555 2881 Καὶ
583 2828 893 2902 γλυκύτερα
930 2830 1071 2905 ὑπὲρ
1100 2831 1220 2903 μέλι
1255 2830 1349 2883 καὶ
1381 2831 1590 2902 κηρίον.

1460 2831 1590 2902 ρίον.
1987 2834 2077 2889 2!.
2111 2834 2179 2890 Et
2205 2837 2446 2893 dulciora
2485 2854 2647 2910 super
2682 2842 2791 2898 mel
2820 2854 2875 2900 et
2898 2843 3104 2902 favum.

312 2922 401 2977 22.
444 2924 553 2977 Καὶ
578 2926 684 2997 γὰρ
706 2928 735 2979 6
762 2926 942 2989 δοῦλός
977 2942 1069 2979 σου
1098 2926 1358 2996 φυλάσσει
1396 2927 1536 2981 αὑτά

1501 2927 1536 2981 ά
1989 2929 2081 2984 22.
2133 2928 2351 2986 Etenim
2382 2946 2575 2989 servus
2609 2943 2735 2992 tuus
2768 2938 3006 2995 custodit
3039 2954 3102 2995 ea
3130 2960 3144 2996 :

1364 3106 1742 3165 ATHANASII
1784 3109 2367 3173 INTERPRETATIO.

309 3281 365 3336 6.
405 3282 498 3344 Εἰς
543 3281 648 3335 πᾶν
688 3280 837 3346 ἔθνος
872 3282 966 3337 καὶ
1005 3283 1162 3353 γένος
1194 3284 1403 3357 διεδόθη
1433 3287 1466 3357 ὴ
1499 3285 1816 3341 διδασκαλία
1843 3297 1883 3353 C

1843 3297 1883 3353 c
1990 3292 2041 3347 6.
2101 3291 2157 3347 ln
2192 3308 2383 3349 omnes
2408 3305 2615 3367 gentes,
2644 3313 2707 3354 ac
2735 3300 2985 3359 nationes
3018 3320 3209 3365 eorum
3241 3308 3482 3369 doctrina

238 3373 442 3429 αὐτῶν.

1917 3383 2275 3441 disseminata
2306 3396 2407 3443 est.

308 3465 361 3521 7.
404 3465 515 3520 Καὶ
563 3466 820 3538 περιῆλθε
864 3468 933 3523 τὰ
984 3470 1205 3541 ῥήματα
1266 3469 1464 3536 αὐτῶν,
1497 3470 1620 3525 ἔνθα
1667 3473 1812 3527 ἐστὶν

1988 3475 2037 3530 7.
2098 3475 2163 3532 Et
2193 3479 2357 3533 verba
2401 3494 2589 3534 eorum
2626 3496 2990 3551 pervenerunt
3042 3489 3483 3565 ubicunquater-

234 3559 522 3631 ἄνθρωπος
559 3560 649 3613 ἐπὶ
678 3560 778 3630 τῆς
813 3562 933 3631 γῆς.

920 3601 933 3613 .
1911 3585 2095 3625 rarum
2129 3571 2377 3628 homines
2420 3584 2564 3631 sunt.

306 3650 363 3704 8.
391 3650 479 3703 Ἐν
507 3649 585 3720 τῷ
608 3649 720 3720 Υίῷ
748 3649 899 3703 ἔθετο
924 3652 1050 3715 τοὺς
1075 3653 1318 3717 πιστούς.

1135 3653 1318 3717 ηστούς.
1979 3664 2033 3719 8.
2070 3662 2285 3721 Fideles
2322 3667 2377 3721 in
2405 3666 2544 3725 Filio
2575 3671 2779 3740 posuit.

303 3745 359 3800 9.
386 3745 444 3798 ’0
473 3744 633 3809 αὐτὸς
663 3745 866 3817 Κύριος
893 3748 958 3800 ὲκ
985 3744 1078 3798 τοῦ
1108 3743 1335 3816 οὐρανοῦ
1365 3747 1673 3818 ἐρχόμενος.

1384 3748 1673 3818 ιρχόμενος.
1979 3754 2032 3810 9.
2078 3754 2196 3827 Ipse
2227 3757 2491 3815 Dominus
2541 3776 2570 3814 c
2611 3762 2751 3816 cmlo
2786 3764 3028 3821 veniens.

308 3833 397 3889 10.
437 3836 546 3908 Τὴν
580 3837 877 3910 παρουσίαν
902 3836 1063 3891 αὐτοῦ
1093 3836 1367 3909 σημαίνει.

1313 3855 1367 3892 ιι.
1992 3846 2078 3900 10.
2120 3848 2423 3903 Adventum
2458 3865 2619 3904 suum
2668 3852 2957 3923 signiﬁcat.

306 3928 540 3983 11.Ὅτε
572 3929 780 3983 ἔκλινεν
803 3931 1083 4001 οὐρανοὺς,
1114 3931 1209 3983 καὶ
1241 3932 1466 4003 κατέῦη.

1986 3941 2069 3993 11.
2104 3942 2334 4007 Quando
2369 3941 2650 3999 inclinavit
2688 3946 2877 4012 cmlos,
2911 3959 2967 4003 et
2989 3950 3286 4012 descendit.

307 4020 396 4074 i2.
438 4020 547 4092 Τὴν
580 4021 761 4075 ἄνοδον
790 4020 957 4075 αὐτοῦ
988 4021 1156 4090 λέγει.

1985 4035 2071 4088 12.
2122 4037 2512 4093 Ascensionem
2547 4055 2703 4095 suam
2742 4042 3033 4113 significat.

305 4111 394 4166 15.
436 4112 545 4183 Τὴν
580 4112 762 4166 πίστιν
798 4112 982 4168 αὐτοῦ.

798 4112 982 4168 αὐτοῦ.
1984 4124 2068 4180 15.
2104 4126 2147 4178 Α
2181 4126 2285 4182 ﬁde
2318 4144 2439 4184 sua.

306 4200 393 4254 14.
419 4199 478 4255 '0
518 4201 647 4263 Υἱὸς
678 4201 770 4257 τοῦ
814 4202 949 4256 Θεοῦ
994 4203 1398 4276 ἀναμάρτητος,
1427 4205 1502 4269 ὼς
1532 4205 1664 4271 Θεὸς
1691 4206 1809 4260 ἐπι-

1979 4215 2065 4269 14.
2122 4216 2292 4274 Filius
2324 4218 2417 4274 Dei
2446 4219 2834 4289 impeccabilis,
2881 4233 2941 4277 ut
2969 4224 3111 4281 Deus
3152 4236 3477 4286 convertens

234 4292 485 4365 στρέφων
514 4294 578 4347 ἐκ
611 4295 833 4359 σκότους
864 4295 962 4360 τὰς
991 4295 1166 4367 ψυχὰς
1192 4296 1297 4351 τῶν
1326 4297 1624 4370 ἀνθρώπων
1651 4300 1728 4363 είς
1746 4298 1807 4352 τὸ

1906 4322 1934 4361 a
1968 4308 2205 4365 tenebris
2244 4310 2457 4365 animas
2492 4310 2775 4367 hominum
2819 4313 2870 4368 in
2902 4315 3284 4393 admirabilem
3321 4337 3474 4380 suam

231 4384 352 4456 φῶς
383 4385 547 4440 αὑτοῦ
581 4386 641 4441 τὸ
670 4386 998 4457 θαυμαστόν.
1905 4399 2104 4454 lucem.

306 4480 393 4534 15.
415 4480 540 4532 Ὅτε
564 4480 942 4550 ἐμαρτύρησεν
972 4480 1029 4531 ὲν
1059 4478 1136 4549 τῷ
1166 4478 1280 4550 ὄρει
1300 4480 1327 4531 6
1351 4479 1541 4550 Πατὴρ
1565 4481 1691 4551 περὶ
1716 4480 1803 4533 τοῦ

1979 4492 2064 4546 15.
2126 4490 2354 4556 Quando
2379 4491 2539 4548 Pater
2570 4495 2623 4548 in
2667 4508 2848 4552 monte
2887 4500 3263 4557 testimonium
3296 4507 3474 4574 perhi-

232 4569 365 4622 Υίοῦ
402 4569 589 4635 αὑτοῦ,
625 4571 707 4623 ὅτι
742 4568 903 4634 αὑτός
935 4572 1081 4623 ἐστιν
1105 4570 1134 4622 6
1161 4568 1450 4640 μονογενὴς
1473 4570 1636 4623 αὑτοῦ
1653 4571 1801 4640 Υἱὸς,
1834 4643 1873 4659 ﬁ

1834 4643 1873 4659 _
1902 4583 2021 4638 buit
2062 4584 2128 4637 de
2156 4581 2294 4638 Filio
2326 4600 2448 4651 suo,
2482 4586 2626 4658 quod
2672 4587 2787 4659 ipse
2825 4599 2909 4646 est
2960 4590 3132 4649 Filius
3176 4568 3313 4653 suus
3351 4599 3474 4654 uni-

230 4660 328 4715 καὶ
356 4659 690 4713 ἐπιστώσατο
718 4662 844 4726 τοὺς
880 4660 1125 4733 μαθητὰς
1158 4660 1344 4715 αὑτοῦ.
1833 4643 1874 4699 D

1833 4643 1877 4699 θ
1907 4676 2139 4746 genitus,
2165 4684 2220 4730 et
2253 4643 2547 4749 discipulos
2582 4643 2710 4748 ejus
2742 4643 2795 4736 in
2828 4643 2932 4740 ﬁde
2965 4643 3330 4745 conﬁrmavit.

309 4750 391 4806 16.
438 4752 517 4807 Τὰ
551 4752 909 4821 δικαιώματα
939 4753 1157 4821 Κυρίου
1177 4752 1326 4805 οὐδὲν
1352 4752 1562 4822 ἔχουσιν
1593 4753 1802 4817 ἑαυτοῖς

1982 4760 2066 4813 16.
2127 4758 2367 4817 Iustitia:
2416 4763 2632 4818 Domini
2678 4766 2813 4820 nihil
2875 4784 3220 4837 perversum
3252 4773 3472 4843 habent,

232 4843 445 4898 σκολιὸν
468 4843 589 4897 οὐδὲ
616 4843 1071 4915 πραγγαλιῶδες,
1101 4843 1236 4895 ἀλλὰ
1265 4842 1440 4897 πάντα
1470 4844 1623 4915 ὀρθά.

1284 4842 1440 4897 πάντα
1470 4844 1623 4915 ὀρθά.
1910 4853 2045 4908 nihil
2072 4852 2384 4918 distortum,
2418 4856 2510 4909 sed
2545 4857 2729 4912 omnia
2763 4868 2928 4915 recta.

307 4941 391 4993 l7.
419 4940 481 4992 Ἢ
527 4940 712 5010 ἐντολὴ
745 4938 949 5011 Κυρίου
999 4936 1230 5009 καθαρὰ,
1267 4936 1489 5007 ἰωμένη,
1531 4938 1624 4991 καὶ
1670 4936 1805 5008 λαμ-

1983 4943 2069 5000 17.
2121 4944 2323 5000 Purum
2355 4956 2438 5002 est
2470 4949 2786 5005 mandatum
2814 4950 3029 5007 Domini
3063 4969 3285 5020 sanans,
3316 4965 3369 5011 et
3409 4957 3468 5011 il-

231 5032 511 5104 πρύνουσα
541 5032 667 5095 τοὺς
689 5030 1001 5101 ὀφθαλμοὺς
1026 5030 1132 5083 τῶν
1159 5028 1416 5098 καρδνιῐιν.

950 5035 1001 5093 υς
1026 5030 1132 5083 τῶν
1159 5028 1416 5098 καρδσιέιν.
1908 5036 2148 5091 lustrans
2173 5038 2362 5092 oculos
2393 5040 2594 5096 cordis.

305 5122 391 5177 18.
410 5120 579 5175 Ἔνθα
611 5123 640 5174 6
667 5120 829 5191 φόϐος
861 5121 1084 5191 Κυρίου,
1114 5119 1274 5187 ἁγνὸς
1310 5121 1513 5181 ἐκεῖνος
1538 5121 1565 5173 6
1596 5118 1801 5191 ἄνθρω-

1982 5130 2066 5184 18.
2126 5128 2228 5185 Ubi
2276 5140 2360 5186 est
2414 5133 2577 5187 timor
2608 5132 2844 5202 Domini,
2880 5152 3050 5207 purus
3092 5148 3275 5194 manet
3306 5139 3468 5197 homo

229 5230 331 5276 πος
362 5210 604 5283 διαμένει
630 5212 724 5264 καὶ
748 5212 807 5262 ὲν
831 5209 907 5279 τῷ
927 5209 1020 5263 νῦν
1051 5210 1145 5263 καὶ
1171 5211 1229 5262 ὲν
1248 5208 1326 5280 τῷ
1353 5208 1597 5280 μέλλοντι
1621 5209 1795 5263 αἰῶνι.

1437 5209 1597 5262 λλοντι
1621 5209 1795 5263 αἰῶνι·
1905 5222 2014 5287 ille,
2040 5228 2095 5275 et
2120 5221 2172 5275 in
2201 5223 2453 5291 praesenti
2482 5234 2536 5280 et
2567 5224 2620 5280 in
2655 5224 2841 5284 futuro
2864 5230 3081 5286 saeculo.

301 5304 387 5360 19.
428 5304 510 5356 Τὰ
538 5301 881 5371 θεσπίσματα
912 5301 1008 5354 τοῦ
1041 5300 1245 5373 Κυρίου
1274 5299 1476 5370 ⁸ἀψευδῆ
1514 5317 1797 5373 μεμαρτυ-

1977 5310 2062 5365 19.
2116 5308 2347 5365 Oracula
2375 5310 2587 5367 Domini
2620 5316 2740 5371 sine
2770 5318 3054 5373 mendacio
3079 5328 3132 5374 et
3160 5320 3465 5383 testiﬁcata,

230 5397 461 5469 ρημένα,
492 5397 572 5449 ὅτι
620 5395 750 5450 αὐτὸ
793 5393 950 5448 τοῦτό
992 5395 1140 5447 ἔστιν
1170 5394 1198 5446 ὃ
1229 5392 1470 5461 λέγουσι,
1523 5394 1616 5446 καὶ
1650 5394 1800 5449 οὐδὲν

1900 5402 2045 5472 quod
2074 5403 2177 5457 hoc
2214 5401 2390 5472 ipsum
2416 5412 2520 5466 est,
2549 5407 2696 5475 quod
2721 5409 3027 5477 enuntiant,
3058 5419 3114 5465 et
3134 5410 3268 5465 nihil
3298 5412 3463 5476 aliud,

228 5490 446 5561 ἕτερον’
480 5488 589 5541 εἴτε
617 5488 744 5560 περὶ
775 5489 875 5557 τῆς
906 5487 1344 5557 μισθαποδοσίας,
1377 5486 1486 5541 εἴτε
1525 5488 1651 5559 περὶ
1682 5489 1803 5561 κρίο

1898 5494 2014 5549 sive
2062 5494 2129 5549 de
2156 5495 2421 5550 mercedis
2447 5498 2826 5564 retributione,
2878 5507 2991 5557 slve
3028 5502 3097 5558 de
3138 5503 3346 5574 judicio
3401 5508 3460 5558 lo

227 5597 366 5646 σεως
392 5579 724 5652 διηγοῦνται.

518 5579 724 5635 οὖνται.
1901 5597 2160 5655 quantur.

294 5673 385 5729 20.
431 5674 554 5735 Τοῖς
578 5670 893 5743 ἐκζητοῦσιν
921 5670 1108 5725 ταῦτα.

1050 5687 1108 5725 α,
1975 5672 2062 5726 20.
2114 5671 2535 5742 Exquirentibus
2562 5678 2694 5733 hac.

296 5763 385 5818 2|.
426 5764 549 5826 Τοῖς
577 5763 847 5817 συνιοῦσιν
877 5763 1034 5819 αὐτά.

1976 5765 2069 5819 2i.
2128 5762 2560 5836 lntelligentibus
2594 5770 2734 5839 ipsa.

295 5855 386 5911 22.
413 5856 473 5910 '0
500 5854 682 5917 δοῦλός
715 5872 806 5908 σου
837 5855 1094 5927 ὑπάρχων
1124 5856 1381 5925 φυλάσσει
1414 5855 1572 5912 αὑτά.

1474 5855 1572 5912 ιτα.
1976 5856 2067 5910 22.
2124 5856 2225 5922 Qui
2262 5872 2453 5913 servus
2484 5866 2610 5917 tuus
2638 5872 2738 5931 cst,
2770 5864 3002 5920 custodit
3037 5880 3118 5920 ea.

469 5973 743 6033 Ρλτιιοι..
797 5972 913 6034 Gn.
977 5974 1236 6034 XXVII.
3067 5980 3144 6041 23
