4164 6484
718 430 819 480 715
1539 423 1594 476 S.
1635 420 2006 478 ATHANASII
2045 420 2192 478 OPP.
2234 421 2416 476 PARS
2457 421 2543 478 Ill.
2583 452 2651 464 -—
2686 420 3105 477 EXEGETICA.
3838 422 3937 477 716

782 550 873 606 23.
926 548 983 604 ln
1016 546 1383 604 custodiendis
1412 545 1520 601 illis
1544 546 1834 601 retributio
1864 546 2055 600 multa.
2297 552 2343 607 Α

2297 552 2343 607 Α
2437 545 2525 600 25.
2555 546 2641 598 Ἐν
2664 544 2741 615 τῷ
2764 544 3055 613 φυλάσσειν
3083 542 3221 598 αὐτὰ
3248 542 3600 606 ἁνταπόδοσις
3630 541 3821 615 πολλή.

778 642 870 697 24.
912 640 1115 695 Delicta
1160 639 1282 709 quis
1317 636 1608 707 intelligit?
1702 627 1710 635 ’

2443 638 2532 691 24.
2574 637 2996 707 Παραπτώματα
3024 637 3107 700 τίς
3140 639 3390 707 συνήσεις

775 734 871 788 25.
908 732 990 787 Ab
1014 731 1243 787 occultis
1272 731 1408 786 meis
1432 729 1636 784 munda
1667 744 1755 784 me
1782 747 1795 783 :

2443 728 2534 782 25.
2562 728 2655 779 Ἐκ
2684 727 2793 778 τῶν
2826 725 3069 795 κρυφίων
3098 743 3198 795 μου
3232 724 3524 796 καθάρισον
3560 742 3627 795 με
3647 742 3660 757 ·

781 826 867 877 26.
905 823 970 877 Et
999 824 1067 877 ab
1097 822 1288 877 alienis
1321 836 1481 892 parce
1521 835 1682 875 servo
1713 829 1827 874 tuo.

2443 820 2533 874 26.
2574 819 2683 871 Kal
2712 819 2817 871 ἀπὸ
2846 819 3137 889 ἀλλοτρίων
3166 821 3347 885 φεῖσαι
3374 816 3465 870 τοῦ
3503 818 3685 871 δούλου
3724 834 3834 875 σου.

782 915 871 967 9.7.
910 912 967 965 Si
1006 911 1111 966 mei
1140 927 1248 967 non
1284 909 1485 965 fuerint
1512 910 1798 976 dominati,
1832 918 1963 963 tunc
2011 908 2277 963 immacu-

2274 939 2277 949 ι
2446 912 2536 967 27.
2564 911 2685 963 Ἐὰν
2714 913 2786 982 μή
2816 928 2913 981 μου
2942 910 3424 981 κατακυριεύσωσι,
3442 911 3562 963 τότε
3584 910 3812 982 ἄμωμος
3833 912 3918 964 ἔσο

718 1006 856 1057 latus
885 1018 979 1058 ero
1010 1021 1023 1056 :
2381 1022 2476 1075 μαι

782 1096 871 1150 28.
909 1094 976 1148 Et
1008 1095 1347 1149 emundabor
1385 1110 1415 1149 a
1450 1094 1650 1149 delicto
1682 1094 1944 1147 maximo.

2446 1096 2535 1150 28.
2575 1096 2683 1148 Kal
2712 1094 3183 1165 καθαρισθήσομαι
3212 1094 3317 1147 ἀπὸ
3348 1094 3621 1165 ἁμαρτίας
3650 1093 3905 1164 μεγάλης.

786 1188 875 1241 29.
918 1186 983 1242 Et
1011 1196 1172 1241 erunt
1211 1195 1271 1241 ut
1302 1187 1673 1257 complaceant
1717 1187 1933 1257 eloquia
1979 1186 2093 1241 oris
2125 1185 2230 1240 mei
2263 1202 2276 1238 :

2449 1188 2539 1241 29.
2581 1187 2689 1240 Kal
2722 1187 2931 1241 ἔσονται
2958 1189 3036 1250 εἰς
3066 1187 3309 1240 εὐδοκίαν
3339 1187 3405 1238 τὰ
3429 1187 3583 1255 λόγια
3615 1186 3711 1238 τοῦ
3750 1186 3942 1255 στόμα-

2380 1297 2469 1343 τος
2501 1297 2597 1349 μου

792 1369 880 1424 50.
949 1368 1014 1423 Et
1045 1368 1324 1423 meditatio
1372 1368 1555 1423 cordis
1602 1369 1710 1423 mei
1762 1370 1816 1424 in
1862 1380 2155 1440 conspectu
2188 1380 2281 1428 tuo

2451 1372 2537 1423 50.
2579 1370 2686 1423 Kal
2730 1372 2762 1441 ἡ
2814 1368 3008 1440 μελέτη
3054 1371 3152 1439 τῆς
3194 1368 3418 1440 καρδίας
3462 1387 3561 1439 μου
3592 1370 3822 1423 ἐνώπιόν
3858 1384 3942 1421 σου

720 1477 950 1531 semper.

2382 1464 2686 1527 διαπαντός.

788 1557 880 1610 51.
935 1554 1162 1609 Domine
1193 1553 1409 1624 adjutor
1436 1570 1611 1617 meus,
1650 1563 1705 1609 et
1736 1555 2045 1625 redemptor
2102 1573 2278 1612 meus.

2022 1572 2045 1609 r
2102 1573 2278 1612 meus.
2449 1560 2537 1614 51.
2581 1560 2750 1631 Κύριε
2787 1558 2944 1629 βοηθέ
2980 1576 3101 1629 μου,
3136 1559 3228 1613 καὶ
3260 1558 3507 1630 λυτρωτά
3544 1575 3666 1629 μου.

881 1690 947 1745 1η
975 1692 1150 1761 ﬁnem,
1200 1690 1434 1760 psalmus
1472 1690 1663 1745 David.
1703 1689 1913 1745 PSAL.
1963 1689 2121 1744 XIX.
2484 1697 2525 1747 E

2484 1696 2588 1759 Εἰς
2619 1694 2683 1746 τὸ
2717 1694 2907 1759 τέλος,
2936 1693 3176 1763 ψαλμός
3197 1691 3276 1758 τῷ
3307 1692 3499 1746 Δαϐίδ.
3532 1694 3705 1746 ΨΑΛ.
3732 1691 3842 1746 10'.

797 1828 846 1878 1.
884 1823 1150 1878 Exaudiat
1190 1832 1239 1878 te
1274 1823 1536 1876 Dominus
1580 1823 1635 1875 in
1665 1822 1751 1877 die
1792 1824 2207 1879 tribulationis:

2143 1840 2162 1879 Β
2192 1840 2207 1878 :
2454 1826 2506 1879 1.
2534 1826 2856 1880 Ἐπακοῦσαι
2885 1844 2977 1879 σου
3005 1826 3207 1899 Κύριος
3231 1829 3285 1879 ὲν
3310 1827 3492 1897 ἡμέρᾳ
3522 1826 3754 1895 Θλίψεως
3774 1840 3787 1854 ·

789 1914 847 1968 2.
881 1914 1133 1984 Protegat
1165 1922 1217 1967 te
1248 1928 1444 1966 nomen
1505 1911 1598 1966 Dei
1627 1911 1814 1967 Jacob.
2314 1909 2356 1964 Β

2314 1909 2356 1964 Β
2453 1918 2506 1971 2.
2532 1919 2933 1991 ’Υπερασπίσαι
2972 1936 3063 1972 σου
3096 1920 3156 1972 τὸ
3179 1919 3347 1991 ὄνομα
3374 1919 3467 1972 τοῦ
3498 1919 3633 1972 Θεοῦ
3671 1917 3879 1972 Ἰακώϐ.

795 2009 849 2061 5.
883 2006 1055 2060 Mittat
1090 2005 1184 2060 tibi
1219 2006 1481 2061 auxilium
1511 2007 1578 2061 de
1609 2018 1798 2062 sancto
1826 2025 1838 2060 :

2456 2013 2508 2067 5.
2536 2011 2939 2077 Ἐξαποστείλαι
2969 2030 3049 2065 σοι
3082 2013 3326 2083 βοήθειαν
3358 2012 3416 2078 ἐξ
3448 2012 3632 2081 ἁγίων

790 2100 849 2153 ‘4.
884 2098 949 2152 Et
981 2098 1047 2153 de
1074 2098 1205 2153 Sion
1237 2108 1453 2154 tueatur
1495 2109 1566 2154 te.

2456 2105 2509 2158 4.
2552 2106 2660 2157 Kal
2693 2106 2756 2158 ὲκ
2790 2104 2927 2159 Σιὼν
2955 2105 3288 2159 ἀντιλάϐοιτό
3320 2118 3432 2158 σου·

796 2194 852 2247 5.
884 2190 1087 2246 Memor
1113 2192 1180 2245 sit
1208 2192 1385 2245 omnis
1416 2190 1669 2245 sacrificii
1698 2190 1773 2245 tui
1802 2208 1816 2245 :

1802 2208 1816 2245 :
2460 2198 2512 2252 5.
2554 2197 2834 2267 Μνησθείη
2874 2198 3052 2268 πάσης
3085 2198 3273 2262 Θυσίας
3307 2216 3397 2251 σου
3419 2215 3431 2227 ·

794 2282 847 2335 6.
887 2280 951 2335 Ει
983 2280 1359 2335 holocaustum
1391 2289 1543 2333 tuum
1574 2280 1770 2349 pingue
1801 2279 1914 2334 ﬁat.

1885 2289 1914 2334 ῐο
2460 2287 2512 2341 6.
2555 2289 2663 2340 Καὶ
2689 2288 2748 2340 τὸ
2772 2288 3125 2358 ὀλοκαύτωμά
3148 2306 3241 2341 σου
3270 2288 3529 2341 πιανάτω.

803 2374 856 2430 7.
892 2373 1117 2429 Tribuat
1151 2374 1245 2428 tibi
1284 2373 1579 2427 secundum
1622 2387 1717 2426 cor
1745 2381 1895 2425 tuum
1931 2392 1943 2424 :

2461 2380 2515 2431 7.
2554 2378 2672 2450 Δῴη
2710 2396 2788 2431 σοι
2821 2379 3023 2449 Κύριος
3055 2380 3194 2431 κατὰ
3218 2382 3315 2449 τὴν
3344 2380 3565 2451 καρδίαν
3594 2395 3687 2431 σου

793 2468 847 2521 8.
884 2466 947 2521 Et
972 2480 1133 2521 omne
1161 2465 1447 2521 consilium
1474 2474 1628 2519 tuum
1664 2464 1967 2517 conﬁrmet.

2460 2473 2511 2527 8.
2556 2473 2663 2524 Kal
2693 2472 2869 2523 πᾶσαν
2900 2470 2997 2542 τὴν
3029 2471 3221 2542 βουλήν
3254 2489 3346 2525 σου
3378 2470 3676 2541 πληρώσαι.

801 2557 854 2611 9.
892 2556 1217 2611 Lmtabimur
1260 2558 1313 2608 in
1345 2554 1567 2609 salutari
1602 2561 1696 2606 tuo
1725 2570 1739 2605 :

2458 2565 2512 2619 9.
2541 2561 3007 2633 Ἀγαλλιασὸμεθα
3038 2563 3129 2616 ἐπὶ
3156 2563 3233 2634 τῷ
3266 2564 3515 2633 σωτηρίῳ
3550 2579 3641 2614 σου
3662 2578 3675 2590 ’

804 2648 890 2703 10.
924 2647 988 2701 Ει
1018 2648 1069 2702 in
1099 2647 1315 2702 nomine
1344 2647 1435 2701 Dei
1462 2647 1633 2702 nostri
1665 2644 2144 2716 magnificabimur.

2458 2654 2545 2709 10.
2579 2656 2686 2708 Kal
2722 2655 2779 2707 ὲν
2820 2652 3040 2724 ὀνόματι
3085 2639 3289 2726 Κυρίου
3318 2654 3451 2708 Θεοῦ
3490 2654 3647 2725 ἡμῶν
3699 2650 3949 2723 μεγαλυν-

2390 2746 2686 2817 Θησόμεθα.

1842 2910 2217 2965 ATHANASII
2262 2910 2847 2968 INTERPRETATIO.

803 3098 896 3153 23.
964 3095 1023 3149 ln
1088 3090 1366 3148 servandis
1423 3089 1529 3143 illis
1580 3086 1809 3157 quisque
1878 3095 2123 3141 nostrum
2187 3101 2284 3157 pro

2458 3084 2550 3140 23.
2577 3085 2663 3137 Ἐν
2689 3084 2766 3154 τῷ
2799 3081 3018 3154 κρατεῖν
3048 3083 3185 3137 αὐτὰ
3212 3082 3439 3138 ἕκαστον
3470 3082 3647 3154 ἡμῶν,
3676 3081 3948 3137 ἀνταπόδον

738 3189 983 3249 mercede
1015 3188 1174 3241 habet
1203 3184 1365 3239 vitam
1402 3191 1677 3236 atternam.

1557 3195 1677 3235 iam.
2393 3193 2476 3229 σιν
2512 3176 2621 3246 ἔχει
2656 3175 2799 3245 ζωὴν
2830 3175 3201 3245 ἀτελεύτητον.

808 3284 899 3338 24.
947 3279 1141 3335 Cordis
1181 3276 1553 3347 cogitationes.
2315 3298 2357 3357 α

2315 3298 2357 3357 C
2460 3266 2549 3319 24.
2591 3267 2727 3329 Τοὺς
2752 3268 2809 3318 ὲν
2838 3268 2904 3336 τῇ
2934 3268 3128 3338 καρδίᾳ
3153 3266 3462 3336 λογισμούς.

804 3375 893 3427 25.
931 3371 1004 3427 De
1032 3369 1222 3424 iisdem
1260 3364 1677 3433 cogitationibus
1709 3362 1976 3431 loquitur.

1769 3362 1976 3431 quitur.
2459 3358 2548 3412 25.
2591 3358 2711 3410 Τῶν
2746 3358 2922 3411 αὐτῶν
2948 3358 3218 3429 λογισμῶν
3249 3359 3413 3427 λέγει.

802 3465 891 3520 26.
943 3462 1025 3516 Ab
1059 3458 1366 3514 incursibus
1394 3456 1600 3510 inimici
1628 3454 1794 3509 libera
1827 3469 1932 3509 me.

2460 3450 2550 3504 26.
2592 3449 2713 3502 Τῶν
2744 3451 3000 3506 εἰσϐολῶν
3025 3452 3117 3505 τοῦ
3148 3451 3340 3524 ἐχθροῦ
3373 3450 3534 3524 ῥῦσαί
3565 3470 3654 3523 με.

801 3556 899 3610 27.
955 3552 1353 3623 Cogitationes,
1388 3548 1483 3604 ait.

2458 3543 2547 3596 27.
2590 3546 2652 3595 Οἱ
2676 3545 2944 3616 λογισμοὶ,
2974 3545 3139 3613 λέγει.

807 3647 895 3701 28.
927 3643 993 3698 Et
1018 3659 1050 3698 a
1079 3641 1275 3697 diaboli
1304 3638 1670 3695 dominatione
1698 3635 2045 3693 sublevabor.

2457 3632 2549 3688 28.
2590 3634 2699 3686 Kal
2727 3634 3160 3706 κουφισθήσομαι
3190 3635 3289 3706 τῆς
3311 3636 3627 3699 δυναστείας
3652 3636 3749 3690 τοῦ
3781 3635 3950 3691 διαδό-

2394 3724 2508 3778 λου.

807 3825 895 3880 29.
943 3820 1128 3875 Oratio
1162 3833 1303 3881 mea,
1338 3814 1533 3884 inquit.

1521 3854 1533 3866 .
2462 3815 2551 3869 29.
2581 3814 2645 3867 Ἥ
2672 3814 2801 3885 εὐχή
2838 3832 2960 3885 μου,
2990 3816 3159 3884 λέγει.

808 3918 897 3971 50.
944 3913 1012 3967 Et
1060 3909 1387 3969 desiderium
1421 3905 1602 3961 cordis
1649 3904 1755 3959 mei
1811 3902 1867 3955 in
1913 3901 2029 3972 lege
2066 3910 2158 3957 tua
2204 3902 2292 3957 die

2464 3906 2553 3959 50.
2594 3906 2704 3958 Kal
2730 3908 2766 3976 ἡ
2793 3907 3055 3977 ἐπιθυμία
3085 3907 3184 3978 τῆς
3222 3906 3441 3979 καρδίας
3482 3924 3583 3978 μου
3620 3907 3679 3960 ὲν
3705 3906 3783 3978 τῷ
3815 3907 3950 3976 νόμῳ

738 4022 802 4063 ιε
827 4014 1003 4061 nocte.
2396 4014 2487 4051 σου
2521 3997 2729 4068 ἡμέρας
2758 3998 2850 4051 καὶ
2884 3999 3091 4063 νυκτός.

802 4097 894 4152 51.
927 4095 1173 4157 Domine,
1214 4092 1308 4161 qui
1342 4086 1586 4144 defendis
1628 4096 1682 4140 et
1724 4086 1924 4142 liberas
1971 4100 2056 4141 me
2092 4099 2123 4140 a
2175 4085 2291 4141 dia-

2465 4090 2552 4145 51.
2594 4090 2784 4160 Κύριε,
2802 4092 2830 4143 ὁ
2850 4092 3233 4161 ἀνθιστάμενος
3262 4092 3354 4145 καὶ
3378 4090 3739 4162 λυτρούμενός
3767 4110 3835 4163 με
3857 4091 3950 4146 ἀπὺ

741 4189 884 4255 bolo,
911 4196 965 4244 et
996 4184 1256 4241 ministris
1280 4182 1419 4253 ejus.
2400 4182 2493 4235 τοῦ
2515 4182 2778 4249 διαϐόλου,
2808 4182 2899 4236 καὶ
2924 4184 3029 4235 τῶν
3058 4184 3342 4257 ὑπουργῶν
3374 4183 3559 4238 αὐτοῦ.

823 4326 887 4378 Ἡ
920 4320 1243 4395 προκειμένη
1272 4319 1545 4391 ἐπιγραφὴ
1574 4318 1812 4389 περιέχει
1836 4332 1851 4348 ⁸
1882 4318 1985 4383 Εἰς
2021 4318 2085 4371 τὸ
2110 4319 2297 4385 τέλος,
2323 4321 2560 4391 ψαλμὸς
2581 4320 2659 4387 τῷ
2686 4322 2878 4376 Δαϐίδ.
2914 4322 3081 4375 Τοῦτο
3112 4322 3277 4391 λέγει,
3306 4322 3335 4375 ὃ
3368 4323 3493 4394 περὶ
3523 4336 3623 4394 της
3653 4324 3949 4388 συντελείας

741 4415 832 4470 τοῦ
863 4413 1055 4476 αἰῶνος
1089 4412 1319 4482 εἴρηται.

812 4505 1023 4559 Titulus
1064 4501 1381 4572 praepositus
1411 4501 1649 4555 continet
1680 4518 1692 4552 :
1732 4498 1796 4552 In
1838 4498 2015 4568 ﬁnem,
2044 4501 2277 4567 psalmus
2316 4500 2511 4556 David.
2542 4501 2655 4557 Hoc
2685 4512 2866 4559 autem
2899 4503 3186 4575 signiﬁcat,
3218 4502 3363 4573 quod
3390 4501 3455 4556 de
3487 4505 3948 4559 consummatione

744 4595 923 4652 saeculi
951 4594 1192 4665 psalmus
1216 4593 1391 4648 dictus
1428 4599 1530 4645 est.

814 4714 865 4776 1,
895 4711 949 4764 2.
1002 4710 1119 4779 lpse
1145 4709 1287 4764 enim
1321 4709 1494 4763 dixit:
1529 4706 1723 4760 Invoca
1754 4724 1830 4761 me
1866 4710 1920 4761 in
1945 4710 2030 4763 die
2068 4709 2289 4762 tribula-
2322 4713 2365 4767 1)

2322 4713 2365 4767 D
2465 4712 2516 4775 1,
2540 4710 2595 4764 2.
2634 4711 2807 4774 Αὐτὸς
2831 4710 2936 4781 γὰρ
2960 4705 3111 4763 εἶπεν
3130 4727 3145 4741 ο
3182 4709 3570 4765 Ἐπικὰλεσαί
3587 4728 3661 4780 με
3680 4712 3752 4765 ἐν
3777 4711 3948 4782 ἡμέρᾳ

745 4804 902 4861 tionis
937 4812 1061 4866 tua,
1091 4812 1139 4855 et
1176 4817 1355 4854 emam
1385 4812 1452 4864 te,
1484 4810 1531 4855 et
1573 4798 1891 4869 gloriﬁcabis
1917 4817 1993 4854 me
2015 4802 2081 4856 ’⁷.

2396 4802 2653 4871 θλίψεώς
2690 4818 2825 4867 σου,
2852 4802 2948 4855 καὶ
2976 4802 3292 4872 ἐξελοῦμαί
3315 4819 3408 4869 σε,
3438 4804 3536 4858 καὶ
3562 4802 3844 4871 δοξάσεις
3860 4819 3944 4874 με.

814 4898 866 4949 5.
898 4892 1093 4948 Filium
1120 4892 1260 4961 ejus.

2466 4894 2517 4948 5.
2560 4894 2662 4947 Τὸν
2689 4894 2814 4947 Υἱδν
2851 4893 3035 4948 αὑτοῦ.

805 4990 860 5042 4.
892 4986 1114 5041 Ecmlo
1173 4982 1459 5055 signiﬁcat.
1518 4983 1649 5039 Sion
1702 4985 1846 5039 enim
1906 4982 2287 5056 interpretatur

2462 4985 2515 5038 4.
2548 4985 2639 5038 Ἐκ
2670 4984 2763 5037 τοῦ
2806 4983 3032 5054 οὐρανοῦ
3080 4984 3245 5052 λέγει.
3292 4983 3443 5039 Σιὼν
3470 4986 3577 5056 γὰρ
3605 4987 3946 5060 ἑρμηνεύεται

745 5088 915 5143 locus,
946 5078 1035 5133 ubi
1075 5087 1157 5132 est
1192 5077 1621 5133 tabernaculum.

1614 5116 1621 5128 .
2392 5076 2573 5139 τόπος,
2610 5078 2755 5139 ὅπως
2786 5075 2965 5148 [ὅπου]
2995 5078 3027 5145 ἡ
3069 5079 3258 5147 σκηνή.

812 5171 863 5224 5.
902 5169 1108 5233 Sancti,
1139 5170 1332 5239 inquit.

1296 5180 1332 5224 t.
2464 5169 2517 5222 5.
2544 5168 2748 5235 Ἀγίας,
2773 5168 2938 5236 λέγει.

811 5262 864 5313 6.
902 5260 1208 5315 Sanctilicet
1243 5263 1501 5326 animam,
1542 5271 1595 5315 et
1626 5276 1821 5329 corpus
1852 5270 2025 5319 tuum.

2466 5259 2518 5315 6.
2547 5259 2786 5326 ’Δγιάσει
2822 5258 3091 5331 [ἁγιάσαι]
3117 5276 3208 5313 σου
3232 5259 3329 5331 τὴν
3357 5261 3555 5332 ψυχὴν,
3586 5262 3755 5316 καὶτὸ
3783 5261 3942 5332 σῶμα.

813 5355 867 5409 7.
902 5355 1075 5408 Bonas
1108 5364 1230 5409 tuas
1273 5355 1581 5423 petitiones.

2471 5352 2521 5407 7.
2563 5352 2649 5405 Τὰ
2675 5354 2948 5422 αἰτήματα
2975 5372 3067 5407 σου
3097 5354 3163 5407 τὰ
3198 5354 3392 5422 ἀγαθά.

812 5445 864 5499 8.
907 5444 1245 5513 Propositum
1290 5454 1440 5499 tuum
1484 5445 1535 5499 in
1569 5445 1765 5513 ipsum.

2467 5444 2520 5497 8.
2564 5443 2671 5513 Τὴν
2705 5444 2959 5514 πρόθεσίν
2992 5463 3081 5497 σου
3114 5446 3207 5516 τὴν
3235 5448 3313 5507 είς
3342 5446 3520 5499 αὐτόν.

814 5538 865 5591 9.
899 5535 955 5590 In
980 5538 1098 5605 ejus
1131 5553 1229 5606 pro
1254 5538 1409 5593 nobis
1445 5538 1697 5592 adventu.

2468 5535 2519 5587 9.
2554 5536 2639 5587 Ἐν
2669 5539 2733 5605 τῇ
2768 5536 3038 5606 παρουσίᾳ
3066 5540 3129 5607 τῇ
3168 5539 3305 5607 ὑπὲρ
3331 5538 3506 5607 ἡμῶν.

812 5628 900 5683 ιο.
941 5628 1318 5684 Gloriabimur.

2469 5626 2551 5679 10.
2585 5628 3002 5699 Καυχησόμεθα.

816 5806 859 5837 ’⁷
905 5804 1045 5861 Ρηι.
1081 5824 1219 5875 uix,
1255 5808 1333 5862 15.
