4164 6488
237 403 357 458 ’117
1164 407 1251 464 DE
1290 408 1561 466 TITULIS
1603 413 1881 472 PSALMOI

1820 415 2045 473 [0111311.
2095 450 2166 461 -
2204 416 2400 474 PSAL.
2441 412 2558 469 XX.
3359 441 3464 495 ἨΒ

312 522 399 577 11.
427 523 717 596 Πληρώσαι
747 524 948 597 Κύριος
979 526 1153 581 πάντα
1181 529 1250 581 τὰ
1281 530 1555 601 αἰτήματὰ
1590 548 1702 585 σου.
1838 541 1892 599 Α

1689 571 1702 585 .
1838 541 1892 599 Α
1986 537 2074 592 11.
2105 537 2327 610 Impleat
2355 541 2616 600 Dominus
2651 560 2836 603 omnes
2874 549 3158 619 petitiones
3187 561 3327 609 tuas.

313 613 399 667 12.
434 613 548 668 Νῦν
595 614 796 684 ἔγνων,
846 617 927 670 ὃτι
974 617 1144 672 ἔσωσε
1199 620 1401 691 Κύριος
1445 622 1534 675 τὲν
1578 625 1807 696 Χριστὸν

1980 629 2066 683 12.
2098 627 2252 687 Nunc
2283 635 2530 705 cognovi,
2553 638 2810 707 quoniam
2834 640 3041 696 salvum
3068 641 3193 698 fecit
3210 643 3469 704 Dominus

239 706 430 758 αὐτοῦ·

1907 718 2184 776 Christum
2209 738 2366 779 suum
2400 745 2411 780 :

316 796 399 850 15.
446 798 834 852 Ἐπακούσεται
877 799 1042 854 αὐτοῦ
1075 801 1133 866 ἐξ
1176 803 1406 874 οὐρανοῦ
1441 806 1592 874 ἁγίου
1623 808 1806 862 αὐτοῦ·

1554 826 1592 860 νυ
1623 808 1806 862 αὐτοῦ·
1978 812 2065 870 13.
2100 814 2362 873 Exaudiet
2386 819 2536 874 illum
2570 819 2637 876 de
2669 822 2806 876 coelo
2840 833 3029 879 sancto
3064 840 3198 881 suo:

312 886 402 941 H.
444 889 532 942 Ἐν
559 890 890 954 δυναστείαις
916 893 949 963 ὴ
980 894 1222 964 σωτηρία
1245 896 1343 965 τῆς
1367 896 1544 961 δεξιᾶς
1575 899 1758 952 αὐτοῦ.

1497 899 1544 961 ἰς
1575 899 1758 952 αὐτοῦ.
1979 904 2066 959 11.
2095 906 2154 960 In
2185 909 2537 975 potestatibus
2566 911 2716 967 salus
2743 912 2974 967 dexterae
3004 915 3141 984 ejus.

311 977 402 1033 15.
437 974 593 1034 Οὗτοι
620 983 677 1034 ἐν
707 983 932 1054 ἅρμασι,
963 985 1056 1036 καὶ
1083 978 1226 1038 οὗτοι
1255 988 1310 1040 ἐν
1340 989 1542 1051 ἵπποιςσ

1382 1005 1542 1051 τποις’
1981 994 2067 1049 15.
2098 993 2162 1049 Ηί
2189 974 2251 1050 in
2281 999 2551 1065 curribus,
2581 1010 2634 1054 et
2660 1001 2714 1054 hi
2747 1003 2800 1056 in
2833 1003 2987 1073 equis
3014 1023 3026 1057 :

312 1071 402 1125 16.
444 1071 631 1142 Ἡμεῖς
657 1073 712 1127 δὲ
744 1077 801 1127 ὲν
830 1076 1050 1146 ὀνόματι
1079 1078 1282 1150 Κυρίου
1327 1079 1460 1133 Θεοῦ
1505 1082 1657 1151 ἡμῶν
1686 1083 1806 1136 ἑπι-

1981 1089 2069 1142 16.
2099 1087 2208 1146 Nos
2243 1100 2422 1147 autem
2458 1093 2511 1147 in
2545 1095 2763 1150 nomine
2804 1095 3017 1151 Domini
3057 1096 3148 1154 Dei
3184 1101 3349 1154 nostri
3385 1099 3467 1153 in-

239 1162 602 1234 καλεσὸμεθα.

597 1204 602 1217 ι
1909 1181 2241 1238 vocabimus.

312 1257 398 1311 17.
431 1257 592 1309 Αὐτοὶ
619 1258 1092 1331 συνεποδίσθησαν,
1122 1261 1212 1313 καὶ
1238 1260 1452 1314 ἔπεσον*

1981 1274 2066 1327 17.
2099 1273 2205 1343 lpsi
2234 1277 2450 1346 obligati
2485 1287 2631 1345 sunt,
2667 1289 2720 1333 et
2752 1280 3061 1335 ceciderunt
3089 1300 3101 1335 :

312 1347 398 1401 18.
436 1349 623 1418 Ἡμεῖς
661 1349 716 1402 δὲ
744 1349 1064 1419 ἀνέστημεν,
1099 1351 1190 1404 καὶ
1213 1350 1630 1424 ἀνωρθώθημεν.

1982 1365 2068 1420 18.
2101 1364 2210 1421 Nos
2237 1376 2414 1422 autem
2445 1372 2802 1432 surreximus.
2832 1382 2885 1426 et
2908 1373 3069 1428 erecti
3096 1390 3299 1434 sumus.

311 1440 400 1493 19.
432 1439 622 1511 Κύριε,
655 1442 824 1494 σῶσον
852 1442 944 1494 τὸν
977 1441 1216 1511 βασιλέα·

1979 1454 2067 1509 19.
2099 1454 2344 1522 Domine,
2372 1459 2578 1513 salvum
2607 1461 2691 1515 {ac
2723 1477 2900 1532 regem
2930 1479 2942 1515 :

309 1530 398 1585 20.
434 1533 544 1585 Καὶ
577 1534 878 1587 ἐπάκουσον
914 1533 1090 1603 ἡμῶν,
1133 1535 1190 1587 ὲν
1298 1536 1364 1588 ἂν
1409 1536 1589 1610 ἡμέρᾳ
1619 1538 1810 1590 ὲπικα-

1751 1555 1810 1590 α-
1981 1546 2069 1600 20.
2099 1547 2164 1603 Et
2185 1550 2378 1604 exaudi
2401 1565 2500 1606 nos
2523 1552 2576 1604 in
2600 1551 2704 1616 die,
2734 1568 2840 1622 qua
2866 1554 3297 1611 invocaverimus
3326 1567 3395 1612 te.

237 1618 524 1691 λεσώμεθά
552 1639 630 1674 σε.

359 1737 462 1800 Εἰς
492 1735 555 1788 τὸ
589 1735 780 1801 τέλος,
807 1737 1048 1806 ψαλμός
1079 1736 1155 1804 τῷ
1187 1737 1381 1792 Δαϐίδ.
1419 1741 1592 1794 ΨΑΛ.
1622 1743 1703 1793 K’.

1622 1743 1703 1793 K’.
2121 1747 2184 1802 In
2216 1749 2392 1816 ﬁnem,
2422 1751 2655 1819 psalmus
2690 1751 2879 1808 David.
2913 1752 3108 1808 PSAL.
3139 1754 3261 1808 XX.

312 1826 364 1878 1.
396 1825 587 1897 Κύριε,
623 1828 678 1880 ὲν
710 1831 773 1900 τῇ
822 1829 1045 1900 δυνάμει
1073 1846 1164 1882 σου
1201 1829 1627 1900 εὐφρανθήσεται
1657 1831 1685 1881 ὁ
1719 1829 1812 1900 βα·
1832 1903 1880 1963 Β

312 1917 444 1963 ίεύεθ

1547 1847 1627 1883 ται
1657 1831 1685 1881 ὁ
1719 1829 1812 1900 βα·
1832 1903 1880 1963 Β
1983 1839 2032 1891 1.
2063 1836 2306 1902 Domine,
2333 1840 2386 1894 in
2419 1841 2615 1896 virtute
2644 1851 2734 1896 tua
2763 1842 3027 1896 laetabitur
3055 1859 3146 1897 rex
3182 1862 3191 1894 :

241 1916 444 1981 σιλεύς’

311 2009 368 2063 2.
398 2010 504 2062 Καὶ
525 2010 615 2063 ἐπὶ
642 2010 716 2081 τῷ
751 2011 998 2082 σωτηρίῳ
1043 2029 1135 2065 σου
1163 2011 1543 2078 ἀγαλλιάσεται
1573 2012 1798 2083 σφόδρα.

1977 2017 2031 2070 2.
2063 2015 2127 2071 Ει
2157 2032 2319 2087 super
2347 2019 2580 2072 salutare
2607 2027 2756 2072 tuum
2791 2020 3080 2075 exsultabit
3103 2022 3463 2077 vehementer.

309 2100 363 2155 3.
390 2101 497 2171 Τὴν
528 2101 817 2171 ἐπιθυμίαν
837 2105 934 2172 τῆς
962 2101 1185 2173 καρδίας
1211 2102 1372 2155 αὐτοῦ
1403 2102 1608 2166 ἔδωκας
1634 2103 1798 2172 αὐτῷ’

1521 2120 1608 2166 (ας
1634 2103 1798 2172 αὐτῷ·
1978 2106 2032 2160 5.’
2065 2106 2398 2162 Desiderium
2433 2109 2613 2164 cordis
2646 2109 2764 2179 ejus
2799 2110 3036 2164 tribuisti
3071 2111 3118 2164 ei
3152 2126 3165 2162 :

311 2191 366 2245 4.
401 2192 508 2245 Καὶ
545 2193 642 2263 τὴν
675 2193 887 2262 θέλησιν
915 2193 1022 2247 τῶν
1060 2193 1277 2264 χειλέων
1315 2193 1480 2246 αὐτοῦ
1510 2195 1608 2246 οὐκ
1651 2195 1802 2247 ὲστέ-

1978 2199 2031 2254 4.
2068 2197 2134 2253 Et
2162 2199 2437 2256 voluntate
2460 2201 2724 2256 labiorum
2751 2201 2867 2271 ejus
2898 2217 3005 2256 non
3029 2202 3289 2257 fraudasti
3316 2217 3463 2257 eum.

243 2300 416 2357 ρησας
443 2283 623 2337 αὐτόν.

310 2375 365 2429 5.
407 2376 526 2430 Ὅτι
573 2376 918 2448 προέφθασας
965 2375 1129 2430 αὐτὸν
1168 2376 1226 2428 ἐν
1265 2375 1535 2444 εὐλογίαις
1581 2380 1808 2448 χρηστό-

1977 2372 2028 2427 5.
2063 2372 2329 2439 Quoniam
2378 2377 2683 2445 praevenisti
2730 2392 2852 2431 eum
2902 2378 2958 2431 in
3003 2376 3464 2432 benedictionibus

236 2485 401 2539 τητος
420 2483 432 2498 ·

1908 2465 2210 2520 dulcedinis
2239 2484 2250 2520 :

309 2559 365 2612 6.
396 2559 632 2628 Ἔθηκας
677 2559 766 2612 ἐπὶ
799 2558 898 2630 τὴν
941 2557 1178 2629 κεφαλὴν
1229 2556 1391 2611 αὐτοῦ
1440 2556 1697 2626 στέφανον
1743 2561 1806 2612 ὲκ

1976 2555 2028 2608 6.
2077 2554 2313 2613 Posuisti
2363 2559 2416 2612 in
2483 2559 2655 2629 capite
2701 2559 2818 2629 ejus
2863 2574 3118 2615 coronam
3174 2559 3240 2616 de
3288 2561 3462 2631 lapide

237 2649 387 2703 λίθου
414 2649 614 2719 τιμίου.

516 2649 614 2703 ίου.
1905 2647 2160 2715 pretioso.

307 2741 362 2794 7.
396 2741 544 2811 Ζωὴν
567 2740 803 2812 ῂτὴσατό
838 2757 915 2807 σε,
952 2741 1046 2794 καὶ
1076 2739 1279 2802 ἔδωκας
1303 2737 1448 2810 αὐτῷ

1353 2737 1448 2810 in?)
1981 2740 2029 2795 7.
2061 2739 2236 2794 Vitam
2269 2741 2418 2809 petiit
2447 2756 2477 2794 a
2505 2749 2576 2803 te,
2605 2751 2657 2795 et
2688 2741 2919 2797 tribuisti
2948 2744 2997 2798 ei

308 2832 362 2887 8.
395 2834 722 2904 Μακρότητα
766 2833 984 2906 ἡμερῶν
1032 2832 1112 2895 είς
1158 2831 1348 2895 αἰῶνα,
1383 2831 1478 2884 καὶ
1518 2831 1595 2893 είς
1633 2829 1802 2883 αίῶνα

1978 2829 2031 2884 8.
2062 2829 2476 2899 Longitudinem
2519 2831 2727 2886 dierum
2775 2832 2827 2886 in
2863 2833 3140 2898 saeculum,
3168 2842 3221 2888 et
3271 2833 3323 2887 in
3364 2849 3460 2886 sae-

238 2925 452 2987 αἰῶνος·

1909 2921 2088 2977 culum
2118 2921 2296 2975 δεουιὶ
2333 2937 2345 2972 :

308 3017 363 3071 9.
395 3016 618 3088 Μεγάλη
647 3019 679 3086 ἠ
704 3015 829 3082 δόξα
853 3014 1016 3069 αὐτοῦ
1049 3019 1105 3068 ὲν
1131 3016 1208 3087 τῷ
1237 3016 1484 3086 σωτηρίῳ
1510 3032 1622 3066 cou-

1565 3032 1622 3066 μυ·
1980 3007 2033 3064 9.
2061 3006 2247 3078 Magna
2273 3019 2357 3065 est
2391 3011 2558 3082 gloria
2587 3012 2704 3082 ejus
2734 3013 2786 3067 in
2825 3013 3047 3068 salutari
3079 3023 3169 3069 tuo
3196 3032 3209 3067 :

1363 3169 1730 3224 ATHANASII
1765 3167 2350 3225 INTERPRETATIO.

307 3329 394 3383 11.
428 3329 508 3383 Τὰ
535 3330 735 3400 ἀρεστὰ
759 3330 924 3402 αὐτῷ,
955 3331 1047 3384 καὶ
1081 3330 1161 3382 σοὶ
1191 3329 1552 3402 συμφέροντα.

1543 3370 1552 3385 .
1980 3332 2065 3388 11.
2109 3332 2241 3398 Quae
2280 3330 2378 3400 ipsi
2410 3337 2536 3384 sunt
2563 3328 2777 3399 placita,
2806 3335 2860 3384 et
2887 3326 2980 3382 tibi
3019 3327 3187 3382 utilia.

309 3425 397 3478 12.
427 3424 529 3477 Τὸν
557 3423 681 3477 λαὸν
707 3425 868 3478 αὐτοῦ
894 3425 1057 3494 λέγει.

1976 3426 2063 3480 12.
2098 3423 2362 3494 Populum
2392 3422 2509 3492 ejus
2539 3421 2823 3491 signiﬁcat.

307 3516 395 3571 15.
426 3516 642 3585 Γνωστὴ
676 3515 825 3569 ἔσται
853 3518 885 3586 ἡ
913 3514 1062 3585 φωνὴ
1091 3512 1282 3568 ἑαυτοῦ
1312 3515 1463 3586 παρὰ
1486 3514 1562 3584 τῷ
1589 3514 1725 3585 Θεῷ.

1461 3514 1562 3584 ,τῷ
1589 3514 1725 3585 Θεῷ.
1975 3520 2060 3572 15.
2101 3516 2280 3586 Ipsius
2313 3531 2417 3569 vox
2446 3522 2570 3568 nota
2602 3515 2706 3568 erit
2740 3514 2880 3584 apud
2916 3510 3105 3568 Deum.

304 3609 394 3664 ﬂ.
426 3607 545 3661 Τῶν
573 3607 760 3674 ἁγίων,
787 3607 955 3675 λέγει.
1825 3649 1867 3706 C

1825 3649 1867 3706 ϐ
1975 3610 2061 3663 14.
2095 3608 2439 3671 Sanctorum,
2486 3604 2678 3674 inquit.

304 3702 393 3764 15,
422 3699 505 3753 16.
551 3698 738 3768 Ἡμεῖς
763 3698 819 3750 δὲ
848 3696 952 3768 [ὲν]
987 3696 1063 3766 τῷ
1090 3696 1311 3766 ὀνόματι
1354 3695 1526 3764 Ἰησοῦ
1557 3696 1800 3750 ὲπικαλε·
1827 3691 1867 3706 “’

1827 3691 1867 3706 “’
1975 3697 2185 3763 15,16.
2243 3695 2352 3752 Nos
2400 3705 2578 3751 autem
2636 3697 2689 3750 in
2745 3697 2964 3751 nomine
3012 3691 3138 3752 Jesu
3181 3697 3456 3755 invocabi:

231 3791 458 3863 σόμεθα.
1903 3808 2046 3847 mus.

304 3882 394 3936 17.
423 3881 485 3935 Οί
516 3882 787 3952 δαίμονες.

775 3922 787 3934 .
1975 3883 2061 3938 17.
2117 3879 2416 3935 Dmmones.

303 3973 391 4028 18.
437 3974 607 4044 Ἰησοῦ
641 3972 734 4025 τοῦ
763 3970 894 4025 Θεοῦ
930 3969 1086 4042 ἡμῶν
1113 3969 1474 4040 διεγείραντος
1507 3968 1672 4038 ἡμᾶς,
1705 3967 1797 4020 καὶ

1972 3973 2055 4027 18.
2097 3971 2228 4027 Jesu
2272 3969 2383 4026 Deo
2419 3978 2606 4027 nostro
2634 3969 2929 4027 suscitanle
2963 3984 3084 4036 nos,
3122 3979 3177 4026 et
3209 3981 3447 4023 sanantc.

232 4066 360 4119 ιασα
366 4066 548 4135 μένου.

302 4154 390 4208 19.
424 4153 525 4204 Τὸν
551 4153 678 4204 λαὸν
707 4152 873 4220 λέγει.

1970 4141 2056 4194 19.
2089 4137 2354 4209 Populum
2399 4138 2688 4208 signiﬁcat.

296 4243 387 4298 20.
438 4244 524 4297 Ἐν
549 4240 909 4314 οἱῳδηποτοῦν
936 4240 1111 4311 καιρῷ
1136 4240 1413 4311 δεηθῶμέν
1443 4258 1555 4293 σου.

1545 4280 1555 4293 .
1970 4232 2059 4287 20.
2107 4231 2443 4299 Quocunque
2473 4239 2713 4300 tempore
2742 4239 2790 4284 te
2817 4231 3189 4299 deprecemur.

309 4356 376 4409 Ἦ
405 4357 732 4428 προκειμένη
767 4355 1040 4425 ἐπιγραφὴ
1068 4354 1326 4427 περιέχειο
1361 4357 1465 4420 Εἰς
1492 4355 1558 4407 τὸ
1584 4353 1774 4418 τέλος,
1804 4349 2041 4419 ψαλμὸς
2069 4345 2146 4411 τῷ
2173 4345 2364 4399 Δαϐίδ.
2385 4343 2691 4409 Τουτέστιν,
2726 4347 2804 4408 εἰς
2839 4344 2900 4398 τὸ
2928 4347 3076 4409 τέλος
3107 4346 3213 4399 τῶν
3246 4344 3453 4400 αἰώνων

224 4452 255 4503 ὁ
291 4450 504 4522 ψαλμὸς
531 4452 740 4521 εἴρηται
764 4451 840 4520 τῷ
869 4449 979 4520 Υίῷ
1008 4451 1097 4502 τοῦ
1121 4450 1274 4507 Θεοῦ.
1307 4451 1398 4501 καὶ
1429 4447 1502 4518 τῷ
1531 4447 1643 4518 λαῴ
1667 4447 1743 4518 τῷ
1772 4447 1910 4512 ἁγίῳ
1932 4443 2112 4498 αὐτοῦ.
2149 4440 2323 4494 Δαϐὶδ
2356 4441 2462 4510 γὰρ
2496 4438 2620 4510 [είς]
2647 4439 2929 4509 ἀμφότερα
2954 4440 3328 4510 ἑρμηνεύεται,
3360 4444 3454 4494 καὶ

225 4543 307 4604 είς
334 4542 424 4594 τὸν
448 4540 541 4593 τοῦ
571 4541 702 4595 Θεοῦ
733 4542 859 4594 Υἱὸν
891 4543 996 4596 τὸν
1022 4544 1345 4613 ἀγαπητὸν,
1381 4545 1474 4595 καὶ
1509 4545 1588 4606 είς
1619 4543 1707 4594 τὸν
1738 4541 1863 4595 λαὸν
1887 4545 1975 4593 τὸν
2003 4539 2153 4607 ἆγιον
2177 4536 2281 4588 τὸν
2307 4533 2721 4604 πεποθημένον
2745 4535 2846 4589 ὑπὸ
2876 4537 3100 4604 Κυρίου.

298 4637 514 4692 Titulus
541 4639 862 4708 praepositus
884 4642 1125 4696 continet
1157 4661 1170 4696 :
1203 4639 1270 4695 In
1302 4641 1478 4710 ﬁnem,
1510 4641 1744 4709 psalmus
1777 4639 1969 4693 David.
1999 4636 2112 4690 lloc
2138 4643 2240 4699 est,
2274 4635 2417 4703 quod
2447 4635 2501 4688 in
2531 4634 2637 4688 ﬁne
2661 4631 2980 4688 saeculorum
3006 4630 3245 4698 psalmus
3272 4629 3449 4685 dictus

223 4737 309 4783 est
336 4726 427 4782 Dei
459 4727 616 4788 Filio,
651 4737 705 4782 et
734 4731 930 4800 p0pulo
959 4741 1148 4787 sancto
1179 4734 1316 4802 ejus.
1349 4732 1518 4786 David
1563 4735 1706 4786 enim
1746 4732 1811 4785 de
1859 4741 2087 4796 utroque
2128 4726 2534 4795 interpretatur,
2568 4734 2621 4778 et
2647 4725 2712 4777 de
2757 4723 2892 4776 Filio
2936 4719 3028 4774 Dei
3056 4721 3266 4786 dilecto,
3296 4729 3350 4775 et
3382 4721 3449 4775 de

225 4821 427 4890 populo
458 4830 646 4874 sancto
674 4819 969 4876 desiderato
998 4839 1028 4877 a
1057 4821 1306 4879 Domino.

295 4919 348 4971 1.
391 4917 449 4969 ’0
480 4916 604 4979 λαὸς
632 4919 659 4969 ὁ
691 4918 893 4981 πιστός.
1818 4923 1860 4976 D

866 4935 893 4980 :-
1818 4923 1860 4976 D
1963 4918 2012 4971 1.
2044 4916 2280 4985 Populus
2324 4913 2510 4968 ﬁdelis.

292 5011 347 5065 2.
375 5009 464 5079 Τῷ
494 5009 708 5080 σταυρῷ
733 5028 847 5065 σου.

1960 5009 2015 5064 2.
2068 5007 2240 5078 Super
2272 5021 2489 5061 crucem
2525 5014 2692 5059 tuam.

285 5101 340 5155 ὅ.
373 5100 453 5152 Τὰ
485 5101 758 5170 αἰτήματα
791 5101 954 5153 αὐτοῦ
983 5105 1052 5155 τὰ
1075 5103 1271 5170 ἀγαθά.

1078 5103 1271 5170 ἀγαθά.
1959 5100 2011 5152 3.
2055 5098 2344 5154 Petitiones
2376 5097 2494 5166 ejus
2533 5095 2722 5149 bonas.

285 5193 340 5245 4.
372 5191 680 5262 Δεδὼρησαι
705 5192 812 5262 γὰρ
844 5192 991 5263 αὐτῷ
1031 5193 1321 5265 προθύμως
1361 5192 1584 5263 μελετᾷν
1613 5192 1671 5244 ὲν
1709 5189 1786 5260 τῷ

1955 5190 2008 5244 4.
2046 5188 2179 5244 Nam
2208 5190 2256 5243 ei
2285 5187 2499 5243 donasti
2539 5194 2789 5256 prompte
2821 5182 3071 5241 meditari
3099 5183 3154 5237 in
3189 5183 3305 5254 lege
3329 5193 3443 5247 tua.

219 5283 364 5352 νόμῳ
394 5299 508 5348 σου,
539 5282 630 5334 καὶ
658 5283 1001 5351 ἁναγγέλλειν
1033 5285 1130 5356 τὴν
1164 5284 1364 5337 αῖνεσίν
1399 5301 1515 5336 σου.

1075 5286 1130 5356 ὴν
1164 5284 1364 5337 αῖνεσίν
1399 5301 1515 5336 σου.
1884 5291 1938 5338 et
1963 5281 2284 5345 annuntiare
2307 5279 2517 5334 laudem
2552 5287 2719 5331 tuam.

290 5373 341 5427 5.
373 5374 492 5426 Ὀτι
533 5373 863 5445 ηὐτρέπισας
903 5375 1046 5446 αὐτῷ
1075 5375 1319 5443 εὐλογίας
1355 5378 1409 5428 ὲν
1447 5377 1512 5444 τῇ
1541 5373 1785 5444 βασιλείᾳ

1957 5372 2008 5425 5.
2072 5369 2338 5436 Quoniam
2393 5370 2708 5438 prmparastl
2764 5366 2868 5437 ipsi
2928 5365 3334 5422 benedictiones
3390 5365 3440 5417 in

222 5481 334 5518 σου.

1889 5479 2053 5533 regno
2082 5472 2193 5516 tuo.

289 5557 342 5610 ϐ.
376 5557 477 5609 Τὸν
503 5557 705 5629 Κύριον
739 5558 902 5628 λέγει·
935 5559 1132 5622 παντὸς
1156 5559 1262 5630 γὰρ
1301 5557 1491 5611 πιστοῦ
1521 5555 1726 5627 κεφαλὴ
1754 5557 1783 5609 δ

1959 5553 2010 5606 6.
2061 5552 2346 5608 Dominum
2399 5548 2665 5620 signiﬁcat
2714 5557 3075 5604 :cunctorum
3117 5547 3259 5604 enim
3307 5544 3439 5603 iide-

219 5647 344 5710 Υίός
371 5651 537 5702 ἐστιν.

1889 5646 2020 5700 lium
2052 5654 2211 5713 caput
2236 5652 2318 5696 est
2351 5640 2541 5696 Filius.

285 5740 341 5803 '7,
371 5741 424 5797 8.
454 5744 562 5814 Τὴν
591 5744 804 5801 αίώνιον
833 5742 975 5814 ζωὴν
1007 5744 1172 5812 λέγει.

1138 5761 1172 5795 ι,
1965 5736 2016 5800 7,
2047 5733 2101 5790 8.
2145 5734 2322 5787 Vitam
2354 5742 2608 5788 arternam
2633 5732 2782 5787 dicit.

288 5831 339 5885 9.
373 5834 528 5900 Μέγα
554 5834 613 5886 τὸ
643 5833 901 5901 καύχημα
931 5834 1089 5886 αὐτοῦ
1119 5837 1177 5886 ὲν
1200 5834 1273 5900 τῷ
1310 5833 1524 5900 σταυρῷ
1561 5850 1676 5886 σου.

1561 5850 1676 5886 σου.
1947 5829 1996 5882 9.
2051 5824 2236 5894 Magna
2269 5833 2348 5878 est
2376 5823 2624 5893 gloriatio
2665 5825 2782 5891 ejus
2812 5825 2862 5877 in
2901 5837 3062 5878 cruce
3094 5829 3201 5875 tua.
