4164 6504
723 409 824 464 ’119

1553 404 1608 460 S.
1649 404 2017 460 ATHANASII
2056 404 2203 460 OPP.
2246 405 2274 459 Ρ

2386 404 2424 460 S
2461 405 2548 460 111.
2594 430 2649 444 ί·
2701 403 3113 462 EXEGETICA.
3870 407 3964 460 720

790 523 876 578 10.
901 519 1158 588 Gloriam,
1184 530 1236 577 et
1269 537 1525 594 magnum
1556 523 1804 580 decorem
1837 525 2080 595 impones
2111 541 2274 597 super

2446 526 2533 580 11).
2589 524 2756 591 Δόξαν
2817 528 2910 580 καὶ
2984 523 3455 598 μεγαλοπρέπειαν
3521 523 3807 598 ἐπιθήσεις
3884 530 3964 580 ἐπ’

721 632 865 672 eum.

794 705 875 759 11.
906 703 1169 771 Quoniam
1206 704 1361 761 dabis
1392 721 1514 762 eum
1552 705 1607 760 in
1634 704 2064 762 benedicrionem
2099 708 2153 762 in
2181 724 2284 764 sae-

721 795 900 849 culum
935 793 1116 848 saeculi
1156 809 1169 845 :

790 887 875 940 12.
914 886 1237 941 Laztilicabis
1270 902 1392 940 cum
1421 887 1472 941 in
1508 888 1705 954 gaudio
1728 903 1851 943 cum
1881 889 2031 943 vultu
2064 901 2176 945 tuo.

791 980 873 1033 15.
911 979 1176 1044 Quoniam
1209 996 1300 1033 rex
1329 991 1508 1048 sperat
1536 980 1588 1033 in
1624 979 1891 1035 Domino:

791 1071 875 1124 14.
905 1073 968 1124 Et
1005 1072 1068 1124 'ln
1117 1070 1488 1125 misericordia
1521 1071 1783 1126 Altissimi
1820 1087 1928 1125 non
1978 1086 2284 1126 commove-

718 1165 880 1219 bitur.

791 1257 877 1310 15.
908 1256 1214 1310 Inveniatur
1240 1273 1436 1311 manus
1469 1265 1557 1310 tua
1587 1257 1840 1311 omnibus
1870 1257 2105 1312 inimicis
2135 1259 2277 1312 tuis:

791 1349 873 1404 16.
911 1347 1135 1404 Dextera
1165 1358 1255 1402 tua
1282 1349 1520 1402 inveniat
1546 1365 1733 1405 omnes
1762 1351 1853 1419 qui
1888 1359 1937 1404 le
1957 1351 2209 1403 oderunt.

790 1443 875 1496 17.
911 1441 1086 1500 Pones
1138 1457 1264 1507 eos,
1317 1449 1374 1494 ut
1413 1441 1684 1496 ciibanum
1743 1442 1883 1512 ignis
1937 1442 1990 1495 in
2045 1451 2283 1512 tempore

715 1533 898 1586 vultus
933 1531 1032 1584 tui.

788 1624 875 1678 18.
908 1624 1170 1679 Dominus
1203 1622 1256 1676 in
1292 1624 1369 1677 ira
1418 1639 1514 1679 sua
1561 1624 1909 1678 conturbabit
1952 1640 2063 1689 eos,
2095 1634 2146 1680 et
2185 1625 2281 1680 de-

716 1715 922 1769 vorabit
950 1705 1042 1768 cos
1070 1713 1228 1782 ignis.

785 1810 869 1864 19.
903 1807 1159 1864 Fructum
1190 1823 1376 1863 eorum
1413 1809 1478 1862 de
1509 1815 1650 1862 terra
1677 1808 1866 1878 perdes
1894 1827 1907 1874 ;

783 1900 870 1954 20.
902 1900 967 1954 Et
992 1916 1172 1955 semen
1204 1915 1390 1953 eorum
1425 1915 1452 1952 a
1486 1901 1608 1955 filiis
1649 1901 1949 1956 hominum.

782 1990 871 2042 21.
904 1988 1172 2055 Quoniam
1203 1990 1605 2045 declinaverunt
1628 1991 1681 2045 in
1711 1999 1762 2045 te
1791 1991 1931 2045 mala
1965 2009 1978 2044 :

785 2081 875 2137 22.
906 2082 1290 2152 Cogitaverunt
1337 2083 1603 2147 consilia,
1649 2098 1771 2152 quae
1822 2098 1928 2138 non
1988 2091 2279 2153 potuerunt

716 2175 954 2229 stabilire
979 2191 992 2227 :

785 2269 872 2322 25.
900 2267 1167 2334 Quoniam
1204 2282 1369 2337 pones
1398 2283 1492 2323 eos
1515 2267 1734 2322 dorsum
1758 2285 1770 2320 :

781 2361 870 2414 24.
901 2358 956 2413 1η
986 2359 1226 2428 reliquiis
1259 2359 1367 2414 tuis
1391 2360 1721 2429 prmparabis
1746 2359 1955 2415 vultum
1979 2375 2189 2414 eorum.

780 2537 872 2590 25.
899 2535 1172 2600 Exaltare,
1202 2533 1448 2599 Domine,
1475 2535 1526 2588 in
1553 2535 1749 2591 virtute
1771 2545 1881 2593 tua.

782 2629 869 2684 26.
895 2629 1244 2685 Cantabimus
1273 2638 1324 2684 et
1351 2629 1644 2697 psallemus
1673 2632 1900 2686 virtutes
1926 2640 2065 2686 tuas.

2389 617 2573 672 αὐτόν.

2458 710 2546 763 11.
2583 710 2701 763 ’Ότι
2735 708 2926 773 δώσεις
2952 708 3097 779 αὐτῷ
3120 710 3368 779 εὐλογίαν
3396 713 3474 774 εἰς
3496 712 3669 764 αἰῶνα
3700 713 3913 775 αἰῶνοςο

2459 891 2542 946 12.
2561 894 2860 964 Εὑφρανεῖς
2879 896 3038 949 αὐτὸν
3053 899 3108 949 ἐν
3121 898 3262 967 χαρᾷ
3282 896 3417 965 μετὰ
3429 894 3521 947 τοῦ
3539 893 3837 965 προσώπου
3857 909 3928 946 σοι

2457 986 2543 1039 15.
2579 988 2699 1040 ’Ότι
2725 991 2752 1041 ὁ
2778 989 3030 1058 βασιλεὺς
3057 990 3265 1052 ἐλπίζει
3299 990 3389 1041 ἐπὶ
3413 987 3640 1059 Κύριον·

2457 1077 2542 1131 14.
2576 1080 2684 1132 Καὶ
2715 1081 2772 1131 ἐν
2799 1081 2875 1151 τῷ
2905 1080 3043 1134 ἐλέει
3073 1081 3166 1134 τοῦ
3213 1081 3464 1150 Ὑψίστου
3498 1081 3557 1133 οὐ
3593 1079 3668 1152 μὴ
3714 1079 3959 1148 σαλευθῇ.

2455 1253 2539 1306 13.
2568 1254 2826 1326 Εὑρεθείη
2859 1258 2891 1325 ἡ
2923 1256 3042 1325 χείρ
3069 1273 3160 1308 σου
3187 1258 3319 1310 πᾶσι
3345 1260 3456 1318 τοῖς
3483 1255 3698 1325 ἐχθροῖς
3728 1273 3821 1307 σου
3843 1273 3855 1284 ο

2455 1344 2539 1397 16.
2578 1345 2642 1398 Ἦ
2671 1345 2819 1410 δεξιά
2849 1364 2940 1400 σου
2970 1347 3118 1418 εὖροι
3148 1348 3354 1411 πάντας
3384 1350 3509 1410 τοὺς
3549 1348 3845 1418 μισοῦντάς
3883 1363 3958 1400 σε.

2456 1437 2542 1490 17.
2577 1438 2698 1491 ’Ὁτι
2732 1438 2919 1509 θήσεις
2952 1440 3146 1503 αὐτοὺς
3173 1440 3248 1503 ὡς
3281 1440 3527 1493 κλίϐανον
3555 1440 3725 1509 πυρὸς
3750 1441 3829 1502 είς
3856 1456 3959 1491 και·

2385 1529 2476 1600 ρὸν
2509 1530 2597 1583 τοῦ
2626 1536 2920 1602 προσώπου
2958 1551 3073 1586 σου.

2455 1625 2541 1678 18.
2568 1626 2768 1696 Κύριος
2795 1629 2851 1679 ἐν
2885 1629 3020 1699 ὀργῇ
3051 1627 3214 1680 αὑτοῦ
3261 1626 3581 1698 συνταράξει
3615 1625 3836 1690 αὐτοὺς,
3873 1625 3958 1678 καί

2385 1716 2758 1784 καταφάγεται
2784 1719 2981 1781 αὐτοὺς
3005 1718 3134 1789 πῦρ.

2452 1811 2538 1866 19.
2568 1810 2668 1866 Τὸν
2698 1813 2907 1882 καρπον
2936 1811 3111 1864 αὐτῶν
3145 1810 3250 1864 ἀπὸ
3273 1814 3369 1881 τῆς
3396 1811 3497 1880 γῆς
3527 1810 3769 1874 ἀπολεῖς.

2314 1890 2356 1944 Β
2456 1904 2545 1958 20.
2577 1904 2685 1957 Καὶ
2713 1905 2772 1956 τὸ
2801 1906 3019 1975 σπέρμα
3050 1903 3227 1957 αὐτῶν
3248 1904 3352 1956 ἀπὸ
3380 1902 3509 1956 υἱῶν
3531 1902 3856 1975 ἀνθρώπων.

2457 1993 2546 2047 21.
2579 1995 2699 2047 Ὅτι
2725 1994 2938 2048 ἔκλιναν
2965 1996 3042 2059 είς
3072 1995 3130 2048 σὲ
3161 1995 3326 2049 κακά’

2454 2084 2541 2137 22.
2589 2085 2963 2154 Διελογίσαντο
3011 2086 3225 2157 βουλὰς,
3269 2082 3356 2151 αἷς
3397 2084 3474 2158 [in
3505 2103 3672 2157 marg.
3708 2088 3826 2140 cod.
3870 2086 3953 2157 ἀς]

2383 2173 2442 2224 οὑ
2482 2173 2554 2244 μὴ
2581 2173 2838 2228 δύνωνται
2868 2176 3052 2246 στῆναι
3080 2176 3338 2250 [στῆσαι].

2451 2264 2540 2318 25.
2575 2266 2694 2319 ’Ὁτι
2719 2266 2903 2339 θήσεις
2926 2269 3120 2332 αὐτοὺς
3154 2271 3320 2324 νῶτον

2451 2356 2539 2411 24.
2581 2358 2668 2410 Ἐν
2711 2360 2822 2423 τοῖς
2855 2359 3186 2429 περιλοίποις
3216 2379 3309 2415 σου
3351 2364 3659 2434 ὲτοιμάσεις
3691 2363 3752 2416 τὸ
3793 2361 3954 2435 πρόσ-

2384 2463 2530 2498 ωπον
2561 2446 2760 2502 αὐτῶν.

2452 2539 2538 2593 25³.
2586 2541 2875 2613 ’Υψώθητι,
2905 2542 3095 2615 Κύριε,
3129 2546 3186 2598 ἐν
3213 2548 3277 2617 τῇ
3313 2546 3537 2618 δυνάμει
3565 2564 3681 2600 σου.

2453 2633 2541 2688 26.
2575 2634 2810 2705 ’ᾼσομεν
2839 2636 2932 2687 καὶ
2958 2634 3230 2707 ψαλοῦμεν
3254 2637 3352 2702 τὰς
3379 2639 3696 2702 δυναστείας
3734 2655 3848 2692 σου.

1829 2809 2203 2865 ATHANASII
2245 2810 2834 2869 INTERPRETATIO.

784 2968 872 3024 10.
909 2967 968 3022 1n
1009 2982 1177 3037 regno
1215 2979 1330 3022 tuo.

785 3059 871 3111 11.
925 3056 1120 3113 Dicens
1161 3058 1229 3113 ad
1272 3073 1438 3114 eum:

712 3153 813 3205 mei
840 3151 904 3203 ’°.

779 3245 861 3300 12.
901 3243 1098 3300 Videns
1129 3243 1324 3300 faciem
1374 3251 1525 3298 tuam
1557 3242 1612 3298 in
1658 3259 1824 3315 regno
1862 3253 1956 3301 tuo
1983 3244 2273 3300 laetabitur.

1518 3056 1677 3125 Veni,
1730 3056 2028 3112 benedictus
2098 3058 2278 3112 Patris

784 3424 872 3480 15.
911 3421 1151 3492 Populus
1193 3421 1387 3476 fidelis.

782 3515 869 3568 N.
902 3513 1036 3568 Cum
1068 3512 1209 3567 Deus
1254 3512 1369 3580 ipse
1395 3511 1602 3566 venerit
1676 3509 2107 3565 confirmabitur.

784 3607 869 3661 15.
914 3604 1084 3660 Filius
1107 3613 1233 3659 tuus
1266 3602 1569 3674 confringet
1595 3602 1845 3657 inimicos
1890 3611 2030 3656 tuos.

785 3697 866 3754 16.
918 3698 1037 3767 Ipse
1064 3697 1370 3766 unigenitus
1399 3694 1570 3750 Filius
1606 3704 1756 3760 tuus,
1797 3695 1890 3764 qui
1921 3694 2059 3748 sedit
2083 3708 2112 3746 a
2143 3691 2274 3747 dex-

713 3796 808 3850 tris
842 3793 967 3859 tuis,
999 3807 1091 3862 per
1114 3805 1275 3861 quem
1318 3789 1492 3843 fecisti
1529 3789 1731 3854 omnia,
1763 3788 1929 3842 veluti
1960 3803 2056 3857 per
2088 3787 2274 3841 dexte-

711 3903 826 3943 ram
851 3884 1136 3941 concludet
1166 3897 1260 3938 eos
1308 3897 1497 3936 omnes
1540 3882 1596 3935 in
1625 3880 1952 3950 supplicium
1987 3889 2271 3935 aeternum.

777 4072 863 4126 17.
919 4068 1056 4136 Quia
1113 4067 1166 4121 in
1222 4063 1543 4120 sazculorum
1603 4062 2072 4117 consummatione
2123 4061 2271 4117 dabis

705 4183 804 4225 Eos
838 4166 890 4219 in
919 4167 1098 4235 ignem
1127 4169 1416 4216 :eternum.

779 4259 863 4313 l8.
922 4258 1075 4311 Alios
1104 4253 1322 4324 quidem
1371 4251 1426 4304 in
1471 4250 1677 4314 fletum,
1718 4259 1772 4304 et
1806 4249 2089 4304 stridorem
2139 4249 2273 4303 den-

711 4360 844 4405 tium
879 4348 1091 4404 tradet:
1124 4345 1261 4399 alios
1279 4343 1529 4397 autemin
1548 4343 1724 4414 ignem
1755 4343 2268 4412 inexstinguibilem.

783 4445 871 4499 19.
924 4446 981 4497 In
1015 4450 1272 4496 αξιοι-ηοω
1298 4437 1600 4492 doctrinam
1631 4450 1818 4490 eorum
1855 4435 2152 4504 disperdes.

777 4538 868 4592 20.
931 4533 1352 4590 Adinventiones
1379 4544 1568 4584 eorum
1611 4528 1849 4597 iniquas.

774 4631 862 4683 21.
926 4627 1028 4680 Alii
1087 4625 1303 4694 quidem
1341 4623 1682 4690 insurgentes
1736 4621 1791 4674 in
1841 4628 1893 4674 te
1942 4619 1996 4673 in
2036 4619 2268 4674 adventu

713 4735 836 4785 tuo;
867 4721 956 4773 alii
995 4727 1174 4772 autem
1204 4713 1519 4770 resistentes
1549 4711 1761 4765 veritati
1795 4720 1917 4766 tum.

776 4813 864 4866 22.
919 4810 1169 4879 Pugnare
1194 4814 1386 4860 contra
1420 4811 1473 4858 te
1499 4804 1809 4856 voluerunt.

777 4903 866 4967 23,
906 4901 995 4953 24.
1056 4897 1325 4965 Quoniam
1355 4909 1524 4965 pones
1575 4907 1671 4947 eos
1704 4891 1756 4944 in
1788 4889 2112 4960 supplicium
2142 4904 2263 4944 cum

710 4996 804 5058 iis,
840 4993 933 5062 qui
981 4991 1276 5059 perierunt.

781 5085 869 5138 25.
919 5080 1231 5136 Glorilicare
1275 5075 1499 5130 Domine
1545 5073 1596 5127 in
1646 5071 1884 5141 potentia
1932 5070 2266 5126 fortitudinis

712 5185 815 5227 tua:
850 5181 1092 5239 tempore
1130 5165 1340 5236 judicii.

776 5263 867 5318 26.
923 5262 978 5314 ln
1017 5258 1319 5330 praepositis
1350 5257 1573 5327 psalmis
1607 5254 1888 5309 laudantes
1917 5255 2263 5310 narrabimus

711 5357 906 5414 iudicia
941 5352 1200 5408 tremendi
1231 5351 1308 5405 tui
1335 5349 1636 5405 tribunalis.

780 5531 825 5562 "
859 5529 1044 5584 Matth.
1088 5543 1215 5591 xxv,
1251 5527 1340 5581 54.

2462 2967 2546 3022 10.
2594 2970 2678 3021 Ἐν
2705 2972 2770 3040 τῇ
2802 2969 3046 3040 βασιλείᾳ
3074 2986 3189 3023 σου.

2458 3059 2543 3113 11.
2578 3060 2764 3128 Λέγων
2812 3060 2947 3133 πρὸς
2979 3061 3172 3114 αὐτόν’
3230 3061 3430 3131 Δεῦρο,
3482 3064 3516 3116 ό
3550 3064 3945 3133 εὐλογημένος

2307 3135 2349 3192 C
2381 3151 2488 3204 τοῦ
2513 3153 2741 3220 Πατρός
2759 3170 2900 3220 μου.

2450 3245 2537 3298 12.
2571 3245 2802 3316 Θεωρῶν
2843 3245 2902 3297 τὸ
2949 3244 3238 3314 πρόσωπόν
3277 3262 3369 3297 σου
3397 3247 3454 3298 ὲν
3485 3248 3548 3317 τῇ
3583 3245 3828 3324 βασιλείᾳ
3855 3265 3941 3300 σου

2379 3336 2834 3407 εὐφρανθήσεται.

2449 3431 2536 3483 15.
2587 3430 2644 3481 'U
2672 3431 2858 3493 πιστὸς
2883 3429 3028 3492 λαός.

2451 3521 2536 3574 14.
2576 3522 2663 3574 Ἐν
2703 3521 2780 3591 τῷ
2820 3521 2909 3574 τὸν
2953 3519 3082 3572 Θεὸν
3123 3518 3294 3572 ἐλθεῖν
3335 3518 3528 3583 αὑτὸν,
3564 3522 3944 3594 ὲστηριγμένος

2377 3615 2549 3669 ἔσται.

2449 3705 2535 3760 15.
2573 3706 2630 3759 Ὀ
2663 3704 2786 3768 Υἱός
2814 3721 2906 3757 σου
2933 3703 3210 3775 συντρίψει
3235 3704 3360 3766 τοὺς
3382 3700 3609 3773 ἐχθρούς
3635 3721 3749 3755 σου.

2449 3795 2534 3848 16.
2579 3796 2636 3848 '0
2672 3795 2831 3856 αὐτὸς
2875 3795 3162 3863 μονογενὴς
3198 3783 3322 3855 Υἱός
3353 3810 3444 3846 σου
3482 3795 3510 3845 ὁ
3543 3795 3608 3846 ὲκ
3635 3793 3826 3860 δεξιῶν
3855 3812 3937 3849 σου

2378 3885 2680 3957 καθήμενος
2701 3927 2715 3951 ,
2744 3885 2810 3936 δι’
2836 3880 2895 3937 οὗ
2925 3885 3183 3953 ἐποίησας
3216 3885 3281 3936 τά
3316 3884 3490 3937 πάντα
3511 3924 3525 3947 ,
3560 3886 3635 3947 ὡς
3663 3885 3750 3938 διὰ
3773 3887 3942 3952 δεξιᾶς

2378 3977 2681 4046 συγκλείσει
2710 3977 2914 4039 πάντας
2944 3977 3140 4040 αὐτοὺς
3167 3977 3247 4039 είς
3277 3976 3499 4030 αἰωνίαν
3529 3977 3768 4032 κόλασιν.

2449 4069 2534 4122 17.
2568 4069 2688 4121 Ὀτι
2719 4070 2776 4121 ὲν
2806 4071 2871 4138 τῇ
2917 4068 3191 4140 συντελείᾳ
3217 4067 3310 4121 τοῦ
3342 4069 3534 4134 αἰῶνος
3563 4069 3755 4134 δώσεις
3787 4071 3938 4134 αὐτὸς

2378 4160 2619 4235 [αὐτούς]
2654 4163 2732 4224 είς
2759 4161 2819 4214 τὸ
2846 4160 2955 4232 πῦρ
2979 4141 3038 4215 τὸ
3064 4160 3295 4214 αἰώνιον.

2447 4253 2530 4307 18.
2560 4253 2698 4315 Τοὺς
2741 4253 2837 4323 μὲν
2867 4249 2974 4323 γὰρ
3003 4255 3081 4315 εἰς
3111 4253 3200 4304 τὸν
3244 4252 3518 4322 κλαυθμὸν
3564 4253 3658 4306 καὶ
3707 4253 3938 4326 βρυγμὺν

2376 4346 2483 4400 τῶν
2507 4345 2729 4398 ὀδόντων
2758 4344 3001 4417 παραδῷ,
3035 4345 3160 4407 τοὺς
3185 4343 3240 4396 δὲ
3275 4343 3520 4415 ἀσϐέστῳ
3544 4345 3698 4419 πυρί.

2455 4436 2536 4490 19.
2564 4435 2674 4505 Τὴν
2698 4434 3040 4488 διδασκαλίαν
3063 4432 3236 4486 αὐτῶν
3266 4433 3509 4500 ἀφανιεῖς
3532 4436 3609 4496 είς
3634 4433 3727 4486 τὸν
3751 4433 3929 4488 αἰῶνα.

2444 4526 2532 4580 20.
2565 4527 2646 4580 Τά
2669 4525 3073 4597 ἐπιτηδεύματα
3100 4522 3276 4576 αὐτῶν
3309 4523 3377 4575 τά
3400 4523 3566 4593 ὄνομα
3597 4523 3696 4594 (l).

2441 4619 2530 4673 21.
2554 4618 2616 4672 Οἱ
2656 4617 2751 4687 μὲν
2785 4613 3164 4670 ἐπανίστανται
3195 4611 3627 4684 [ὲπανιστάντες]
3673 4613 3750 4684 (2)
3779 4631 3856 4668 σοι
3881 4615 3931 4666 ὲν

2372 4712 2438 4781 τῇ
2460 4708 2729 4779 παρουσίᾳ
2746 4723 2858 4760 σου·
2881 4707 2928 4758 οἱ
2949 4706 3004 4758 δὲ
3021 4705 3397 4774 ἀνθιστάμενοι
3415 4709 3473 4759 ἐν
3486 4706 3553 4775 τῇ
3573 4704 3803 4778 ἀληθεία
3824 4723 3928 4759 σου.

2439 4799 2530 4852 22.
2577 4798 2825 4866 Ἀντᾶραι
2849 4796 3114 4866 ἠθέλησαν
3143 4794 3282 4848 κατά
3307 4793 3421 4848 σοῦ.

2440 4891 2532 4953 25,
2555 4889 2645 4943 24.
2679 4890 2798 4942 Ὅτι
2834 4886 3018 4959 θήσεις
3049 4886 3243 4950 αὐτοὺς
3271 4888 3350 4950 είς
3375 4885 3642 4957 τιμωρίαν
3667 4886 3805 4958 μετά
3830 4885 3929 4940 τῶν

2372 4980 2572 5034 ἀπολλυ
2581 4979 2772 5051 μένων.

2435 5070 2525 5123 25.
2554 5068 2867 5139 Δοξάσθητι,
2894 5067 3084 5138 Κύριε,
3109 5068 3166 5120 ὲν
3191 5066 3267 5146 τῷ
3294 5065 3483 5139 κράτει
3509 5067 3608 5139 τῆς
3638 5066 3817 5139 ἰσχύος
3842 5083 3926 5120 σου

2371 5164 2427 5214 ὲν
2451 5161 2528 5232 τῷ
2559 5160 2732 5230 καιρῷ
2763 5161 2861 5230 τῆς
2884 5160 3136 5230 κρίσεως.

2439 5252 2528 5305 26.
2578 5250 2961 5322 Ἀνυμνοῦντες
3019 5253 3075 5304 ὲν
3122 5254 3232 5315 τοῖς
3279 5251 3659 5323 προκειμένοις
3706 5253 3923 5324 ψαλμοῖς

2371 5341 2737 5414 διηγησόμεθα
2769 5341 2838 5395 τὰ
2869 5344 3123 5416 κριτήρια
3155 5342 3245 5397 τοῦ
3276 5343 3504 5416 φοϐεροῦ
3548 5361 3641 5398 σου
3672 5345 3901 5416 βήματα.-

1654 5681 1949 5742 Addenda
1992 5687 2047 5741 et
2081 5673 2454 5756 corrigenda
2494 5688 2569 5731 ex
2605 5671 2740 5730 eod.
2782 5669 2976 5729 Vatic.

787 5853 852 5919 gi)
888 5853 1101 5920 "Amisi,

2444 5834 2514 5902 (Ξ)
2563 5831 2984 5891 Ἐπαναστάντες
