4164 6496
224 448 324 501 721
1133 448 1222 504 DE
1268 448 1549 508 TlTULlS
1585 449 2036 512 PSALMORUM.
2077 487 2147 498 -
2184 456 2377 514 PSAL.
2417 456 2558 514 XXI.
3362 454 3470 509 722

224 573 327 634 Εἰς
353 568 416 621 τὸ
458 567 649 633 τέλος,
678 569 828 637 υπὲρ
857 567 965 636 τῆς
998 569 1373 639 ἀντιλήψεως
1405 570 1513 640 τῆς
1536 571 1799 642 ἑωθινῆς,
1831 583 1868 635 Α

1831 583 1875 635 Δ
1905 574 1971 630 In
1998 577 2152 646 ﬁnem
2171 618 2185 642 ,
2211 595 2307 647 pro
2333 576 2657 646 susceptione
2685 583 2970 642 matutina,
2998 573 3231 644 psalmus
3275 571 3466 629 David.

547 663 788 738 ψαᾳμὸς
809 660 889 727 τῷ
913 662 1106 715 Δασιδ.
1141 666 1312 717 tua.
1340 663 1470 720 KA'.

1245 669 1312 717 A.
1340 663 1470 720 KA'.
2490 667 2693 724 PSAL.
2730 666 2889 724 XXI.

300 751 351 805 1.
386 752 446 805 '0
468 751 619 817 Θεὸς,
645 756 674 806 6
698 753 828 816 Θεός
863 771 986 824 μου,
1019 755 1251 826 πρόσχες
1279 771 1389 826 μοι·
1418 757 1506 810 ἵνα
1529 756 1582 810 τί
1606 757 1800 826 ἐγκατ-

1975 761 2025 814 1.
2060 757 2223 826 Deus,
2253 759 2396 817 Deus
2427 777 2603 826 meus,
2628 761 2836 831 respice
2863 761 2918 816 in
2937 775 3042 827 me,
3072 773 3240 830 quare
3269 773 3355 812 me
3373 757 3466 812 de-

223 843 408 908 έλιπές
441 863 504 916 με
525 865 539 913 ;

1901 852 2166 922 reliquisti
2191 855 2212 907 ?

297 937 351 990 2.
384 938 615 1009 Μακρὰν
654 939 762 992 ἀπὸ
805 939 904 1010 τῆς
952 940 1224 1011 σωτηρίας
1274 957 1374 1012 μου
1407 942 1455 993 οί
1497 939 1642 1009 λόγοι
1687 941 1795 996 τῶν

1971 945 2022 1000 2.
2060 945 2242 1017 Longe
2269 962 2299 1000 a
2323 961 2494 1003 sanute
2517 963 2635 1002 mea
2661 948 2822 1002 verba
2847 947 3168 1002 delictorum
3199 955 3463 996 meorum.

225 1033 691 1102 παραπτωμάτων
723 1049 844 1102 μου.

296 1125 350 1176 5.
393 1124 449 1175 ὐ
478 1123 608 1186 Θεός
639 1141 770 1194 μου,
812 1123 1147 1196 κεκράξομαι
1180 1122 1410 1196 ἡμέρας,
1434 1124 1528 1178 καὶ
1556 1124 1657 1179 οὐκ
1687 1125 1797 1178 εἰσ-

1969 1124 2021 1177 5.
2049 1123 2191 1179 Deus
2213 1139 2386 1190 meus,
2411 1123 2656 1179 clamabo
2670 1139 2766 1194 per
2784 1122 2947 1191 diem,
2976 1130 3029 1177 et
3050 1136 3158 1176 non
3188 1116 3463 1181 exaudies,

220 1229 453 1286 ακουσῃ,

294 1308 348 1361 ι.
383 1308 491 1359 Kal
521 1307 730 1369 νυκτὸς,
759 1307 852 1359 καὶ
879 1307 979 1359 οὐκ
1006 1307 1085 1369 είς
1116 1305 1298 1359 ἄνοιαν
1330 1307 1472 1378 ἐμοί.

1969 1310 2023 1364 4.
2056 1309 2120 1362 Et
2151 1318 2324 1372 nocte.
2365 1319 2420 1364 et
2447 1325 2554 1365 non
2583 1310 2651 1365 ad
2675 1310 3040 1380 insipientiam
3067 1308 3218 1363 mihi.

291 1396 345 1451 5.
379 1399 450 1450 Σὺ
483 1397 540 1450 δὲ
575 1399 632 1450 ἐν
655 1397 792 1468 ἁγίῳ
814 1400 1104 1462 κατοικεῖς,
1128 1397 1158 1450 6
1179 1397 1398 1460 ἔπαινος
1421 1397 1516 1451 τοῦ
1554 1398 1788 1470 Ἰσραήλ.

1623 1398 1788 1470 τραήλ.
1970 1403 2023 1458 5.
2055 1402 2133 1456 Tu
2169 1412 2344 1456 autem
2377 1404 2431 1457 in
2461 1411 2651 1459 sancto
2682 1404 2916 1468 habitas,
2945 1403 3064 1458 laus
3086 1403 3267 1460 Israel.

293 1489 347 1543 6.
396 1490 517 1543 Ἐπὶ
544 1491 626 1543 σοὶ
652 1491 886 1561 ἧλπισαν
912 1491 958 1542 ol
993 1488 1226 1561 πατέρες
1259 1489 1436 1560 ἡμῶν,

1397 1506 1436 1554 ν,
1968 1493 2021 1546 6.
2073 1491 2131 1546 ln
2164 1502 2215 1547 te
2247 1503 2603 1563 speraverant
2633 1502 2814 1563 patres
2849 1496 3041 1562 nostri,

293 1581 346 1637 7.
383 1581 672 1646 Ἤλπισαν,
715 1582 806 1634 καὶ
829 1581 1042 1653 ὲρῤύσω
1074 1580 1271 1643 αὐτούς

1973 1582 2022 1637 7.
2077 1582 2466 1653 Speraveruut,
2497 1594 2545 1638 et
2580 1584 2819 1639 liberasti
2849 1600 2979 1640 eos:

290 1675 346 1730 8.
380 1675 522 1745 Πρὸς
553 1675 612 1728 σέ
638 1672 957 1745 ὲκέκραξαν,
982 1673 1074 1728 καὶ
1102 1671 1400 1743 ἐσώθησαν,

1966 1675 2020 1730 8.
2080 1675 2161 1730 Ad
2189 1684 2241 1730 te
2271 1661 2664 1742 clamaverunt,
2701 1686 2753 1731 et
2783 1677 2917 1732 salvi
2949 1677 3074 1732 facti
3104 1685 3255 1742 sunt,

292 1768 344 1824 9.
391 1768 512 1821 Ἐπὶ
542 1768 622 1820 σοὶ
647 1767 898 1837 ἧλπισαν,
934 1767 1030 1820 καὶ
1060 1766 1119 1818 οὐ
1156 1762 1626 1838 κατῃσχύνθησαν.

1968 1768 2020 1822 9.
2073 1766 2132 1821 ln
2164 1777 2215 1822 te
2256 1778 2634 1837 speraverunt,
2678 1778 2730 1823 et
2760 1785 2866 1823 non
2898 1779 3026 1824 sunt
3061 1769 3294 1824 confusi.

289 1860 379 1915 10.
427 1859 564 1929 Ἐγὼ
587 1860 644 1913 δέ
675 1857 1050 1931 είμιοσκώληξ,
1075 1856 1168 1911 καὶ
1194 1857 1293 1910 οὐκ
1321 1856 1623 1928 ἄνθρωπος,

1971 1858 2057 1912 10.
2103 1857 2214 1928 Ego
2241 1869 2420 1913 autem
2453 1875 2574 1914 sum
2614 1862 2835 1925 vermis,
2881 1871 2935 1916 et
2981 1877 3088 1915 non
3119 1861 3319 1926 homo;

292 1954 382 2006 11.
419 1952 658 2015 Ὀνειδος
685 1950 1005 2021 ἀνθρώπων,
1037 1949 1131 2002 καὶ
1155 1948 1489 2019 ἐξουθένημα
1513 1947 1594 2020 [in
1619 1965 1788 2020 marg.
1823 1941 1865 1996 Β

1725 1966 1788 2020 ’9.
1823 1941 1865 1996 Β
1967 1948 2052 2005 11.
2100 1946 2464 2019 Opprobrium
2495 1951 2803 2018 hominum,
2834 1963 2884 2007 et
2912 1952 3145 2022 abjectio
3181 1951 3369 2021 plebis.

213 2047 337 2100 eod.
365 2043 720 2115 ἐξουδένωμα]
755 2041 907 2097 λαοῦ.

288 2137 378 2190 12.
405 2136 610 2198 Πάντες
642 2138 691 2188 οἱ
725 2133 1053 2204 θεωροῦντές
1079 2151 1145 2205 με
1168 2131 1600 2204 ἐξεμυκτήρισάν
1635 2149 1723 2204 με·

1635 2149 1723 2204 με·
1967 2129 2048 2185 12.
2108 2129 2311 2185 Omnes
2344 2131 2587 2186 videntes
2619 2146 2728 2195 me,
2776 2131 3088 2186 deriserunt
3117 2144 3202 2184 me
3235 2146 3248 2184 :

288 2228 376 2282 15.
418 2228 711 2298 Ἐλάλησαν
743 2229 800 2280 ἐν
831 2227 1081 2297 χείλεσιν,
1109 2227 1363 2296 ἐκίνησαν
1387 2224 1648 2298 κεφαλήν.

1968 2223 2053 2277 15.
2102 2221 2290 2278 Loculi
2338 2232 2466 2277 sunt
2502 2224 2682 2286 labiis,
2713 2235 2767 2279 et
2801 2233 3086 2279 moverunt
3113 2231 3295 2293 caput.

287 2318 377 2372 14.
406 2317 670 2370 Ἥλπισεν
701 2318 793 2370 ἐπὶ
821 2317 1042 2388 Κύριον,
1076 2315 1330 2386 ῥυσάσθω
1360 2316 1542 2369 αὐτόν·

1496 2333 1542 2368 ν·
1967 2316 2053 2370 14.
2109 2317 2358 2385 Speravit
2387 2317 2438 2369 in
2475 2315 2730 2382 Domino,
2761 2317 2954 2386 eripiat
2980 2332 3140 2370 cum:

286 2405 374 2460 15.
406 2405 638 2459 Σωσάτω
663 2405 841 2468 αὑτὸν,
865 2406 944 2457 ὃτι
967 2403 1106 2456 Θέλει
1137 2405 1318 2459 αὐτόν.

1968 2407 2057 2461 15.
2113 2405 2333 2461 Salvum
2365 2406 2528 2462 faciat
2558 2422 2702 2472 eum,
2733 2407 2992 2475 quoniam
3027 2407 3141 2459 vult
3167 2421 3312 2460 eum.

285 2499 373 2551 16.
406 2498 526 2550 Ὅτι
563 2500 625 2551 σὺ
653 2494 703 2550 εἴ
725 2499 752 2550 6
778 2497 1057 2561 ἐκσπάσας
1094 2515 1159 2569 με
1187 2500 1250 2551 ἐκ
1277 2499 1534 2570 γαστρός

1967 2501 2053 2554 16.
2105 2500 2371 2565 Quoniam
2398 2511 2452 2553 tu
2485 2513 2565 2566 es,
2596 2499 2688 2569 qui
2722 2499 3005 2554 extraxiin
3032 2513 3112 2552 me
3143 2499 3209 2552 de
3235 2505 3452 2552 ventre:

1339 2616 1719 2675 ATHANASII
1761 2618 2342 2675 INTERPBETATIO.

291 2712 358 2767 Ἦ
392 2713 724 2784 προκειμένη
770 2714 1044 2785 επιγραφὴ
1080 2715 1318 2786 περιέχει
1348 2715 1455 2787 (1)’
1484 2719 1588 2782 Εἰς
1620 2717 1684 2771 τὸ
1718 2715 1913 2783 τέλος,
1944 2715 2094 2786 ὑπὲρ
2121 2713 2227 2783 τῆς
2271 2713 2644 2783 ἀντιλήψεως
2670 2711 2777 2780 τῆς
2810 2709 3078 2778 ἑωθινῆς,
3114 2709 3351 2778 ψαλμὸς
3378 2705 3455 2774 τῷ

210 2806 406 2862 Δαϐἰδ.
424 2806 592 2860 Τοῦτο
623 2803 714 2860 οῦν
745 2806 913 2874 λέγει,
946 2807 1026 2858 ὄτι
1046 2805 1254 2878 ψαλμὺς
1269 2808 1480 2881 εἴρηται
1509 2809 1614 2863 ὑπὸ
1655 2810 1748 2864 τοῦ
1779 2810 1940 2864 Δαϐὶδ
1967 2811 2093 2882 περὶ
2125 2809 2226 2880 τῆς
2268 2807 2600 2880 ἀντιλήψεως
2623 2807 2721 2877 τῆς
2742 2804 3037 2876 γενομένης
3072 2805 3201 2872 ἡμῖν
3233 2801 3336 2855 ὑπὸ
3360 2801 3453 2856 τοῦ

211 2900 343 2953 Θεοῦ
359 2902 390 2971 ἡ
399 2901 514 2972 μῶν
530 2899 723 2972 Ἰησοῦ,
744 2900 906 2970 ἡνίκα
922 2899 1190 2953 ἀνέτειλεν
1212 2904 1344 2971 ἡμῖν
1373 2902 1488 2972 φῶς
1513 2903 1600 2956 διὰ
1617 2905 1710 2957 τοῦ
1734 2905 1928 2959 ἐαυτοῦ
1950 2907 2156 2970 πάθους
2180 2908 2293 2968 τοῖς
2323 2904 2653 2976 καθημένοις
2670 2903 2725 2954 ἐν
2747 2902 2928 2954 σκότει
2950 2902 3042 2954 καὶ
3057 2901 3180 2969 σκιᾷ
3199 2899 3451 2953 θανάτου.

277 3015 491 3069 Titulus
524 3014 842 3085 praepositus
881 3012 1120 3066 continet
1149 3027 1162 3063 :
1198 3011 1265 3065 In
1289 3014 1468 3082 ﬁnem,
1499 3032 1594 3085 pro
1625 3018 1949 3084 susceptione
1979 3019 2262 3081 matutina,
2308 3021 2542 3084 psalmus
2575 3012 2765 3066 David.
2800 3009 2912 3064 Hoc.
2945 3017 3122 3063 autem
3155 3007 3451 3078 signiﬁcat,

210 3107 356 3176 quod
390 3107 632 3175 psalmus
664 3106 839 3163 dictus
867 3115 949 3162 est
975 3123 1005 3162 a
1033 3105 1235 3162 Davide
1265 3108 1331 3162 de
1365 3110 1729 3180 susceptione,
1766 3127 1888 3180 quae
1927 3111 2068 3165 facta
2095 3119 2178 3165 est
2221 3110 2376 3164 nobis
2407 3126 2436 3163 a
2469 3109 2577 3163 Deo
2608 3117 2797 3162 nostro
2823 3105 2972 3172 Jesu,
3015 3121 3136 3159 cum
3172 3104 3327 3161 nobis
3359 3120 3449 3162 se-

209 3198 464 3252 dentibus
495 3199 547 3252 in
582 3200 818 3255 tenebris
846 3210 899 3255 et
928 3203 1121 3257 umbra
1152 3205 1364 3269 mortis,
1395 3220 1491 3275 per
1519 3205 1688 3276 ipsius
1716 3207 2023 3276 passionem
2059 3205 2151 3260 lux
2183 3214 2298 3259 orta
2331 3216 2411 3258 est
2435 3206 2498 3258 ".

282 3293 333 3346 1.
381 3293 473 3344 Ἐκ
503 3293 790 3365 προσώπου
825 3296 916 3350 τοῦ
952 3297 1078 3351 λαοῦ
1113 3299 1279 3366 λέγει.
1810 3307 1851 3362 C

1267 3339 1279 3352 .
1810 3307 1851 3362 C
1954 3300 2005 3354 1.
2061 3300 2137 3354 Ex
2177 3314 2408 3370 persona
2435 3297 2617 3368 populi
2653 3295 2911 3365 loquitur.

279 3385 334 3438 2.
372 3385 469 3439 Διὰ
502 3387 569 3440 τὰ
597 3389 1018 3460 παραπτώματά
1054 3407 1155 3462 μου
1182 3391 1495 3464 ἐμακρύνθη
1531 3394 1564 3464 ἡ
1603 3410 1778 3464 σωτη-

1949 3391 2003 3446 2.
2064 3389 2291 3461 Propter
2318 3389 2516 3445 delicta
2544 3403 2664 3444 mea
2693 3387 2855 3459 longe
2882 3386 3024 3443 facta
3057 3393 3141 3442 est
3170 3401 3202 3440 a
3235 3400 3322 3442 me
3349 3399 3441 3442 sa-

211 3476 304 3546 ρία
335 3495 458 3546 μου.

1880 3484 1967 3539 lus
2011 3497 2149 3538 mea.

279 3568 334 3622 5.
379 3570 467 3621 ‘Ev
493 3572 558 3640 τῇ
587 3571 725 3641 ἀρχῇ
755 3571 861 3625 τῶν
894 3574 1205 3645 προφητῶν.

1954 3576 2007 3629 5.
2061 3573 2117 3627 ln
2149 3573 2416 3644 principio
2444 3573 2855 3642 prophetarum.

278 3665 334 3710 Α.
381 3658 502 3710 Ἐπὶ
551 3660 828 3730 συντελείᾳ
855 3661 964 3716 τῶν
1008 3661 1217 3717 αἰώνων
1241 3662 1528 3734 βοήσομαι,
1558 3665 1651 3718 καὶ
1680 3666 1780 3718 οὐκ

1950 3667 2002 3719 4.
2059 3668 2115 3718 1η
2163 3665 2636 3719 consummatione
2679 3664 2999 3718 surculorum
3031 3660 3297 3727 clamabo,
3348 3675 3442 3716 nc-

207 3752 288 3812 εἰς
317 3752 491 3821 μάτην
525 3769 612 3822 μοι
641 3756 950 3825 γενήσεται.

1879 3771 1984 3826 que
2017 3755 2067 3808 id
2112 3754 2245 3808 mihi
2294 3754 2661 3808 frustraneum
2701 3755 2825 3807 erit.

276 3842 330 3896 5.
374 3844 460 3895 ’Ev
485 3843 562 3914 τῷ
579 3846 752 3916 Πατρὶ
768 3850 1058 3914 κατοικεῖς,
1081 3849 1108 3901 6
1131 3848 1345 3913 ἔπαινος
1365 3847 1439 3921 (2)
1459 3849 1566 3903 τῶν
1589 3850 1776 3917 ἁγίων.

1459 3849 1566 3903 τῶν
1589 3850 1776 3917 ἁγίων.
1951 3849 2002 3904 5.
2040 3848 2095 3903 In
2127 3848 2285 3905 Patre
2316 3849 2548 3914 habitas,
2591 3849 2710 3904 laus
2759 3858 3089 3904 sanctorum.

279 3930 397 3984 6-9.
427 3931 549 3985 Νῶε
569 3974 584 3997 ,
632 3934 755 3987 Λὼτ
775 3976 788 4000 ,
827 3936 1042 4002 Ἰακὼ6,
1077 3940 1313 4010 Μωῡσῆς
1333 3980 1347 4003 ,
1387 3939 1588 4011 Ἰησοῦς
1628 3942 1656 3993 ὁ
1687 3938 1776 3993 τοῦ

1950 3961 2068 4017 6-9.
2100 3959 2234 4024 Noe,
2255 3960 2374 4021 Lot.
2407 3959 2591 4025 Jacob,
2616 3961 2847 4031 Moyses,
2877 3959 3037 4015 Jesus
3063 3957 3230 4028 Nave,
3259 3971 3314 4016 et
3338 3959 3434 4015 Ju—

207 4021 388 4090 Ναυῆ,
424 4024 519 4076 καὶ
551 4027 599 4077 οἱ
629 4027 845 4096 Κριταί.
1877 4054 2045 4110 dices.

280 4112 368 4176 10,
408 4112 493 4166 11.
521 4115 597 4181 (5)
642 4115 734 4167 Ἐκ
757 4116 848 4168 τοῦ
880 4117 1170 4188 προσώπου
1193 4121 1285 4173 τοῦ
1314 4122 1516 4192 Κυρίου
1551 4122 1696 4192 λέγει
1719 4123 1778 4176 τὸ

1950 4145 2037 4210 10,
2077 4146 2162 4200 11.
2192 4145 2266 4199 Ex
2297 4162 2525 4216 persona
2558 4145 2772 4201 Domini
2816 4147 2967 4210 dicit,
3007 4147 3280 4217 quomodo
3310 4161 3439 4201 con-

207 4204 300 4257 ἐπὶ
340 4205 442 4275 γῆς
495 4205 723 4276 ὀφθῆναι
771 4208 845 4280 (4)
883 4210 1369 4281 ἀναστρεφόμενον,
1418 4215 1508 4266 καὶ
1555 4215 1647 4268 ἐπὶ
1685 4214 1775 4278 ξύ-

1877 4245 2125 4291 versatus
2178 4236 2231 4289 in
2305 4239 2466 4292 terris
2521 4239 2791 4308 apparuit,
2851 4248 2906 4293 et
2959 4239 3011 4291 in
3059 4237 3238 4291 crucis
3291 4237 3437 4306 ligno

203 4298 297 4352 λου
356 4301 432 4370 (5)
486 4299 579 4353 τοῦ
644 4302 876 4372 σταυροῦ
937 4304 1097 4358 αὐτὸν
1156 4304 1403 4358 τεθνάναι
1462 4307 1776 4375 ἐμπαγέντα

1879 4338 2126 4382 mortuus
2159 4337 2239 4381 est
2268 4327 2434 4384 clavis
2480 4331 2625 4399 ligno
2666 4329 2877 4392 afﬁxus,
2905 4339 2958 4383 et
2988 4345 3110 4384 esca
3145 4328 3320 4384 factus
3355 4337 3437 4382 est

204 4393 283 4463 τῷ
312 4392 388 4463 (6)
423 4393 562 4465 ξύλῳ
592 4395 695 4448 ὑπὸ
715 4395 822 4450 τῶν
851 4397 1014 4467 ἥλων,
1050 4398 1144 4450 κα).
1168 4398 1451 4468 γενόμενον
1487 4399 1559 4469 (7)
1588 4399 1776 4470 δέλεαρ

204 4485 282 4556 τῷ
311 4485 562 4556 διαϐόλῳ.

1878 4422 2115 4475 diabolo.
2149 4419 2454 4491 [Tanquam
2492 4392 2691 4477 vermis
2721 4423 2787 4477 ad
2830 4422 3148 4494 capiendum
3185 4420 3437 4493 piscem.)

278 4580 366 4642 12,
395 4580 483 4634 15.
512 4578 585 4650 (8)
621 4581 806 4642 Ὀντος
849 4578 956 4650 γὰρ
993 4580 1156 4633 αὑτοῦ
1191 4582 1281 4634 ἐπὶ
1320 4581 1412 4634 τοῦ
1444 4583 1692 4654 σταυροῦ,
1725 4584 1773 4635 οἱ
1805 4649 1834 4654 _

1805 4649 1834 4654 _
1950 4576 2034 4638 12,
2079 4574 2163 4628 15.
2219 4575 2354 4633 Cum
2386 4577 2528 4629 enim
2573 4577 2627 4630 in
2663 4593 2824 4632 cruce
2861 4588 3023 4642 esset,
3052 4586 3435 4648 praetereuntes

207 4671 715 4742 παραπορευόμενοι
754 4670 1134 4742 ἐϐλασφήμουν
1188 4672 1345 4725 αὑτὸν
1377 4649 1622 4741 λέγοντες
1646 4689 1659 4702 ’
1704 4649 1848 4726 EID

1799 4649 1848 4707 D
1877 4666 2321 4736 blasphemabant
2367 4683 2490 4721 eum
2547 4669 2833 4725 dicentes:
2892 4669 2952 4724 Si
2997 4668 3174 4724 Filius
3224 4669 3318 4724 Dei
3358 4687 3432 4735 es,

215 4760 347 4826 Υἱὸς
392 4757 448 4814 εἷ
489 4761 596 4814 τοῦ
645 4761 811 4824 Θεοῦ,
860 4762 1141 4830 κατάϐηθι
1181 4763 1298 4816 ἀπὸ
1343 4763 1449 4818 τοῦ
1486 4765 1766 4832 σταυροῦ,

1881 4760 2128 4813 descende
2167 4760 2229 4814 de
2276 4777 2426 4815 cruce
2481 4761 2632 4831 δ”-⁸ο,
2675 4773 2954 4818 moventes
2993 4764 3168 4833 capita
3191 4779 3287 4818 sua
3323 4763 3435 4816 haec

205 4853 476 4916 κινοῦντες
499 4854 595 4918 τὰς
627 4853 864 4923 κεφαλὰς
887 4855 1067 4925 ἔλεγον
1091 4857 1280 4910 ταῦτα.
1301 4919 1304 4922 ,

499 4854 595 4918 τὰς
627 4853 864 4923 κεφαλὰς
887 4855 1067 4925 ἔλεγον
1091 4857 1280 4910 ταῦτα.
1301 4919 1304 4922 ,
1873 4853 2142 4908 dicebant.

277 4943 364 5006 14,
407 4944 494 4996 15.
529 4945 750 5012 Ἔλεγον
787 4946 835 4996 οἱ
870 4945 1174 5017 ἀρχιερεῖς·
1220 4945 1508 5002 Πέποιθεν
1537 4947 1633 5001 ἐπὶ
1662 4947 1769 5002 τὸν

1939 4945 2025 5011 14,
2061 4946 2145 5000 15.
2202 4944 2461 4999 Dicebant
2496 4944 2766 5014 principes
2801 4947 3141 5000 sacerdotum
3193 4964 3207 5000 :
3253 4945 3434 5014 Con/E-

207 5038 353 5090 Θεόν
369 5053 381 5066 ·
411 5036 696 5104 ῥυσάσθω
725 5039 911 5093 αὐτόν
937 5040 1032 5110 (9).

1880 5039 1956 5093 dit
1995 5041 2046 5094 in
2084 5039 2192 5092 Deo
2219 5055 2235 5091 :
2268 5039 2446 5093 liberet
2477 5056 2593 5092 eum
2622 5039 2687 5094 “.

277 5128 361 5182 16.
404 5129 461 5181 Ὀ
508 5130 918 5202 ἐσταυρωμένος
961 5131 1108 5201 λέγει
1149 5133 1228 5203 τῷ
1276 5134 1482 5207 Πατρί·
1530 5136 1626 5188 Ἐκ
1670 5154 1766 5205 τα-

1670 5154 1766 5205 τα-
1953 5132 2039 5185 16.
2089 5130 2391 5185 Crucilixus
2434 5132 2563 5186 dicit
2593 5130 2736 5186 Patri
2763 5149 2777 5186 :
2818 5128 2902 5183 Ex
2931 5138 3076 5183 utero
3104 5135 3225 5181 ante
3255 5127 3309 5179 lu

206 5219 387 5287 στρὸς
409 5221 523 5288 πρὸ
554 5223 889 5291 Ἑωσφόρου
909 5223 1239 5294 ἐγέννησάς
1252 5243 1328 5295 με
1357 5228 1488 5298 (10).

797 5241 889 5277 σου
909 5223 1239 5294 ἐγένησάς
1252 5243 1328 5295 με
1357 5228 1488 5298 (10).
1877 5241 1992 5278 rum
2018 5227 2242 5296 genuisti
2276 5243 2353 5279 me
2379 5226 2441 5279 ".

275 5333 321 5365 υ
354 5331 460 5389 lsa.
493 5350 567 5399 ix,
596 5335 650 5389 2.
726 5335 841 5367 '°°‘°
870 5335 1056 5391 Matth.
1085 5354 1252 5402 xxv",
1281 5340 1369 5395 40.
1444 5339 1485 5370 “
1522 5340 1649 5395 ibid.
1679 5340 1764 5394 45.
1842 5340 1884 5369 ⁸³
1913 5338 1919 5392 1

625 5341 650 5389 ε.
726 5335 841 5367 ³⁸⁸⁸⁸
870 5335 1056 5391 Matth.
1085 5354 1252 5402 xxv",
1281 5340 1369 5395 40.
1444 5339 1485 5370 ⁶¹
1522 5340 1649 5395 ibid.
1679 5340 1764 5394 45.
1842 5340 1884 5369 ⁸³
1913 5338 2053 5393 Psal.
2082 5354 2190 5400 (τις,
2220 5339 2269 5391 5.

1147 5453 1450 5515 Addenda
1512 5463 1568 5516 et
1620 5452 1987 5530 corrigenda
2028 5469 2104 5512 ex
2149 5457 2288 5513 cod.
2329 5452 2522 5512 Vatic.

387 5570 693 5654 Ἐπιγραφὴ
719 5574 750 5654 η
773 5571 856 5654 διά
883 5572 982 5654 τῆς
1011 5571 1376 5644 κινναὸάρεως
1409 5575 1668 5647 περιέχει.
2183 5573 2276 5643 τῷ.

295 5637 349 5713 ἓ)
378 5641 449 5713 ,Ὁ
478 5637 660 5713 επᾶνῄώ
685 5637 791 5695 λτῶν
824 5637 1008 5710 ἁγίων.
1241 5637 1250 5644 ’
1361 5637 1367 5638 ⁷
1483 5637 1494 5647 ·
1567 5637 1598 5646 ’-

1483 5637 1494 5647 ’
1567 5637 1598 5646 ”
1945 5637 2022 5710 (7)
2059 5647 2167 5697 Καὶ
2195 5637 2502 5713 γενόμενον,
2532 5653 2659 5707 ctc.,
2696 5643 2892 5698 desunt
2921 5643 2972 5697 in
3003 5641 3124 5697 cod.

295 5709 350 5782 5)
378 5709 443 5782 Ν.
480 5710 568 5774 10,
602 5711 762 5782 11.νίιι
791 5709 909 5769 cod.
936 5731 990 5769 n.
1026 5715 1090 5770 10
1119 5725 1328 5772 tantum

1224 5728 1328 5772 tum
1941 5709 2016 5782 (8)
2051 5713 2111 5767 Ν.
2147 5709 2344 5780 12,15,
2378 5714 2429 5765 in
2456 5716 2573 5768 cod.
2603 5731 2657 5767 ιι.
2692 5714 2868 5768 11-15.

276 5778 350 5853 (ἐ)
381 5781 551 5853 ὲὺἓὸν
579 5781 822 5853 ὀφθῆναι.
1942 5778 2014 5853 (9)
2043 5778 2247 5846 Αὑτὼν,
2284 5787 2329 5836 εἰ
2363 5784 2502 5836 θέλει
2529 5785 2708 5840 αὐτόν.

278 5850 353 5914 (5)
382 5850 486 5904 Τοῦ
522 5850 713 5919 ξύλου.
1945 5850 2054 5926 (11))
2083 5856 2415 5927 Γεγέννηκάς
2451 5872 2536 5924 με.
