4164 6482
741 412 847 469 725
1574 417 1632 472 S.
1673 418 2043 475 ATHANASII
2079 420 2229 477 OPP.
2270 421 2450 482 PARS
2487 426 2574 483 ΙΙΙ.
2614 459 2682 471 -—
2722 430 3127 488 EXEGETICA.
3852 437 3955 493 724

812 549 898 603 17.
952 547 1086 620 Spes
1115 565 1231 606 mea
1259 556 1328 606 ab
1357 554 1617 610 uberibus
1656 558 1847 613 matris
1873 573 2007 614 mea:
2034 579 2046 613 :
2324 547 2370 602 Α

2324 547 2370 602 Α
2468 543 2553 600 17.
2601 545 2661 598 'H
2688 547 2839 612 ἐλπίς
2875 566 2972 617 μου
2999 550 3106 602 ἀπὸ
3136 550 3353 620 μαστῶν
3377 551 3474 622 τῆς
3499 553 3702 623 μητρός
3735 567 3857 622 μου·

812 638 898 694 18.
954 638 1008 693 ln
1041 649 1091 695 te
1118 640 1391 710 proiectus
1430 657 1550 697 sum
1580 658 1646 698 ex
1679 654 1832 700 utero
1860 665 1874 701 :

1860 665 1874 701 ε
2472 634 2558 688 18.
2595 635 2720 689 Ἐπὶ
2749 639 2806 689 σὲ
2834 640 3133 710 ὲπερῤίφην
3160 641 3224 692 ὲκ
3256 643 3489 712 μήτρας·

809 731 896 783 19.
951 729 1025 786 De
1050 741 1238 787 ventre
1265 736 1454 788 matris
1483 749 1634 799 meae,
1663 734 1804 791 Deus
1829 752 1982 793 meus
2007 753 2066 793 es
2096 749 2151 794 tu
2175 758 2188 793 :

2180 758 2188 793 ε
2473 727 2557 780 19.
2597 729 2726 781 Ἀπὸ
2752 730 2986 800 γαστρὸς
3012 732 3212 802 μητρός
3249 749 3347 802 μου
3373 732 3502 796 Θεός
3532 750 3632 803 μου
3657 728 3708 785 εἴ
3738 731 3824 786 σύ·

805 820 895 873 20.
941 819 1018 875 Ne
1064 822 1384 880 discesseris
1436 839 1466 881 a
1519 840 1626 887 me,
1683 827 1939 896 quoniam
2012 829 2297 884 tribulatio

2147 829 2297 884 “alio
2471 817 2561 873 20.
2589 819 2679 891 Μὴ
2708 821 2947 892 ἀποστῇς
2978 824 3071 875 ἀπ’
3097 823 3251 893 ἐμοῦ,
3285 825 3366 877 ὅτι
3400 824 3572 890 θλίψις
3599 826 3791 895 ἐγγὺς,

740 912 984 979 proxima
1008 921 1113 977 est,

809 1002 896 1056 21.
942 1003 1206 1070 Quoniam
1229 1022 1334 1061 non
1366 1017 1469 1073 est,
1499 1008 1590 1077 qui
1625 1008 1845 1079 adjuvet
1874 1025 1980 1064 me.

1798 1020 1845 1065 et
1874 1025 1980 1064 me.
2473 1002 2561 1055 21.
2598 1003 2720 1058 Ὀτι
2746 1004 2843 1056 οὐκ
2870 1005 3012 1058 ἔστιν
3035 1007 3063 1058 ὁ
3092 1005 3298 1076 βοηθῶν
3334 1024 3442 1078 μοι.

808 1095 896 1149 22.
947 1094 1437 1154 Circumdederunt
1469 1116 1556 1155 me
1586 1102 1741 1155 vituli
1776 1102 1954 1166 multi,

1948 1143 1954 1163 ,
2472 1093 2560 1147 22.
2593 1092 3042 1164 Περιεκὺκλωσάν
3074 1114 3140 1167 με
3172 1098 3356 1168 μόσχοι
3391 1099 3592 1166 πολλοὶ,

807 1187 897 1241 25.
960 1186 1124 1242 Tauri
1153 1188 1381 1260 pingues
1413 1191 1743 1247 obsederunt
1767 1208 1852 1247 me
1881 1212 1894 1246 :

1792 1208 1852 1247 ne
1881 1212 1894 1246 :
2474 1184 2562 1236 25.
2599 1184 2800 1255 Ταῦροι
2829 1186 3008 1249 πίονες
3031 1188 3312 1258 περιέσχον
3350 1207 3436 1259 με·

813 1279 905 1333 24.
952 1282 1290 1349 Aperuerunt
1319 1299 1482 1354 super
1528 1300 1614 1339 me
1641 1300 1703 1339 os
1735 1301 1916 1350 suum,

2469 1275 2560 1329 24.
2597 1277 2848 1340 Ἤνοιξαν
2874 1279 2958 1330 ἐπ’
2986 1278 3084 1348 ἐμὲ
3113 1279 3172 1330 τὸ
3202 1280 3369 1351 στόμα
3404 1281 3599 1345 αὐτῶν,

807 1371 898 1426 25.
952 1371 1104 1428 Sicut
1133 1374 1217 1428 leo
1250 1376 1483 1445 rapiens,
1511 1385 1564 1432 et
1606 1378 1847 1448 rugiens.

2469 1366 2560 1420 25.
2597 1368 2686 1429 Ὠς
2711 1369 2844 1420 λέων
2877 1367 3154 1438 ἁρπάζων,
3186 1371 3280 1423 καὶ
3312 1371 3638 1444 ὼρυόμενος.

808 1460 898 1516 26.
952 1460 1105 1516 Sicut
1140 1477 1279 1532 aqua
1302 1463 1507 1518 effusus
1535 1479 1677 1529 sunt,

1566 1480 1677 1529 um,
2471 1458 2561 1511 26.
2601 1458 2742 1511 Ὠσεὶ
2766 1459 2905 1530 ὕδωρ
2931 1458 3207 1532 ἐξεχύθην,

807 1551 899 1605 27.
956 1552 1020 1606 Et
1049 1553 1297 1624 dispersa
1324 1563 1454 1609 sunt
1486 1556 1671 1610 omnia
1691 1569 1819 1610 ossa
1849 1569 1993 1610 mea.

2473 1549 2561 1603 27.
2591 1550 2699 1604 Καὶ
2731 1551 3112 1622 διεσκορπίσθη
3147 1553 3322 1607 πάντα
3353 1554 3420 1607 τὰ
3449 1557 3580 1609 ὀστᾶ
3615 1572 3735 1627 μου.

809 1642 900 1697 28.
948 1643 1171 1700 Factum
1198 1655 1283 1701 est
1319 1661 1415 1702 cor
1440 1662 1622 1704 meum
1658 1657 1916 1718 tanquam
1973 1662 2097 1703 cera
2129 1647 2302 1717 lique-

2472 1640 2562 1695 28.
2607 1641 2868 1712 Ἐγενήθη
2899 1645 2931 1712 ἡ
2972 1644 3167 1714 καρδία
3198 1662 3297 1715 μου
3321 1645 3452 1699 ὡσεὶ
3481 1648 3645 1717 κηρὸς
3671 1646 3964 1717 τηκόμενος

741 1747 897 1789 scens
928 1732 981 1786 in
1014 1736 1192 1791 medio
1211 1737 1416 1792 ventris
1448 1737 1575 1792 mei.

1509 1737 1575 1792 ei.
2404 1733 2462 1785 ὲν
2495 1731 2644 1803 μέσῳ
2671 1733 2770 1802 τῆς
2798 1733 3002 1795 κοιλίας
3034 1749 3153 1804 μου·

807 1827 899 1881 29.
957 1828 1112 1882 Aruit
1137 1836 1395 1898 tanquam
1428 1837 1565 1885 testa
1596 1831 1768 1886 virtus
1791 1843 1908 1884 mea
1937 1847 1952 1884 :
2334 1889 2370 1898 _

2334 1889 2370 1898 _
2476 1822 2567 1876 29.
2604 1822 2900 1894 Ἐξηράνθη
2924 1822 2999 1886 ὡς
3024 1823 3284 1894 δστρακον
3315 1825 3348 1893 ἡ
3381 1822 3530 1893 ἰσχύς
3567 1842 3687 1894 μου,

803 1917 894 1971 50.
939 1914 1005 1971 Ει
1024 1917 1204 1988 lingua
1234 1889 1353 1972 mea
1376 1919 1602 1974 adhaesit
1626 1917 1876 1974 faucibus
1909 1919 2045 1973 meis
2070 1937 2084 1971 :
2330 1889 2374 1944 Β

2330 1889 2374 1944 Β
2474 1913 2562 1968 50.
2589 1889 2754 1982 Καὶῆ
2783 1889 3004 1980 γλιῖλσσά
3033 1889 3134 1983 μου
3157 1889 3473 1984 κεκόλληται
3495 1889 3824 1985 ’τῷ-λάρυγτί
3847 1929 3964 1987 μινυο

808 2007 898 2060 51.
952 2006 1018 2062 Et
1041 2009 1094 2063 in
1120 2009 1395 2079 pulverem
1427 2011 1617 2065 mortis
1648 2010 1919 2065 deduxisti
1954 2025 2056 2064 me.

2022 2025 2056 2064 Ξ.
2474 2006 2561 2058 51.
2591 2005 2699 2058 Καὶ⁵
2728 2005 2807 2067 είς
2837 2004 2964 2075 χοῦν
2993 2005 3220 2059 θανάτου
3247 2006 3553 2076 κατήγαγές
3581 2025 3666 2077 με.

813 2101 902 2154 52,
954 2098 1225 2166 Quoniam
1264 2102 1672 2157 circumderunt
1698 2117 1785 2156 me
1830 2117 1995 2157 canes
2025 2101 2178 2156 multi
2209 2120 2222 2154 :

1918 2117 1995 2157 tes
2025 2101 2178 2156 multi
2209 2120 2222 2154 :
2473 2096 2560 2150 52.
2591 2096 2712 2147 Ὀτι
2744 2095 3056 2150 ὲκύκλωσάν
3087 2115 3152 2168 με
3178 2101 3336 2160 κύνες
3364 2097 3562 2151 πολλοί·

804 2192 894 2246 55.
946 2192 1254 2250 Concilium
1291 2195 1705 2265 malignantium
1734 2192 1947 2248 obsedit
1977 2208 2081 2248 me.

2475 2184 2562 2237 55.
2592 2184 2884 2254 Συναγωγὴ
2915 2186 3355 2257 πονηρευομένων
3387 2186 3670 2258 περιέσχον
3707 2202 3793 2254 με.

1854 2366 2226 2425 ATHANASII
2265 2365 2855 2423 INTERPRETATIO.

812 2548 895 2602 17.
960 2546 1085 2617 Spes
1117 2565 1232 2602 mea
1282 2549 1344 2602 ab
1373 2549 1617 2621 uberibus
1658 2550 1843 2603 matris
1893 2567 2020 2604 mea
2046 2565 2064 2602 :
2115 2548 2302 2604 Mariae

2471 2549 2557 2603 17.
2594 2549 2670 2619 (1)
2704 2549 2838 2602 ’Ἐπὶ
2865 2547 2938 2602 σὲ
2958 2546 3285 2616 ἐπερῤίφην
3310 2545 3377 2600 ἐκ
3402 2545 3624 2615 μητρός
3643 2564 3657 2576 ·
3686 2546 3872 2617 Μαρία
3893 2545 3966 2616 (2)

739 2635 933 2690 matris
958 2635 1193 2702 Domini,
1229 2647 1323 2691 aut
1364 2639 1630 2708 signiﬁcat
1672 2636 1931 2692 facientes
1973 2638 2301 2690 voluntatem

2399 2640 2492 2693 τοῦ
2519 2640 2722 2710 Κυρίου
2761 2639 2908 2707 λέγει
2934 2641 3059 2702 τοὺς
3096 2639 3380 2702 ποιοῦντας
3403 2640 3463 2692 τὸ
3487 2638 3696 2710 Θέλημα
3735 2642 3830 2692 τοῦ
3861 2640 3968 2694 Πασ-

740 2727 918 2782 Patris
945 2731 1086 2797 ejus,
1124 2728 1217 2798 qui
1252 2729 1305 2782 in
1337 2730 1490 2784 etelis
1539 2739 1642 2796 est,
1695 2730 1798 2784 hoc
1853 2738 1931 2784 est
1978 2729 2299 2797 discipulos,

2400 2729 2527 2799 τρὸς
2560 2729 2741 2792 αὑτοῦ,
2779 2728 2872 2781 τοῦ
2900 2730 2954 2781 ὲν
2977 2729 3239 2800 οὐρανοῖς,
3269 2728 3512 2781 τουτέστι
3543 2730 3669 2792 τοὺς
3705 2729 3964 2799 μαθητάς.

741 2820 842 2873 line
869 2821 1070 2874 modo:
1111 2821 1245 2891 Spes
1274 2830 1364 2875 tua
1397 2822 1450 2875 in
1482 2837 1566 2876 me
1606 2837 1672 2876 ex
1714 2821 1960 2876 doctrina
2003 2820 2304 2889 discipulo-

2413 2822 2477 2873 Ἦ
2515 2822 2664 2883 ἐλπίς
2705 2839 2796 2873 σου
2836 2821 2910 2890 (5)
2951 2822 2983 2889 ὴ
3020 2822 3096 2881 εἰς
3133 2819 3231 2889 ἐμὲ
3273 2821 3333 2871 ἐκ
3373 2822 3468 2890 τῆς
3493 2818 3713 2895 διδαχῆς
3735 2820 3841 2873 τῶν
3873 2837 3969 2890 μα-

740 2926 860 2965 runt
904 2928 1147 2966 meorum
1179 2921 1281 2966 est.

2409 2910 2584 2980 θητῶν
2635 2913 2734 2983 μού
2780 2914 2944 2965 ἐστιν.
2977 2909 3078 2982 [Ἠ
3123 2911 3273 2975 ἐλπίς
3312 2928 3410 2981 μου
3460 2911 3564 2963 ἀπὸ
3611 2911 3831 2981 μαστῶν
3877 2912 3968 2978 τῆς

743 3003 946 3072 μητρός
983 3019 1113 3072 μου·
1149 3003 1364 3074 Μαρίας
1406 3001 1499 3055 τοῦ
1543 3004 1746 3074 Κυρίου
1770 3005 1841 3074 ,ἢ
1875 3004 2016 3072 λέγει
2063 3004 2188 3067 τοὺς
2221 3002 2500 3066 ποιοῦντας
2533 3005 2592 3056 τὸ
2629 3005 2836 3076 θέλημα
2887 3004 2980 3057 τοῦ
3029 3004 3238 3076 Πατρὸς
3283 3003 3466 3067 αὑτοῦ,
3495 3003 3588 3056 τοῦ
3625 3007 3967 3076 ὲνοὺρανοῑς,

739 3093 982 3145 τουτέστι
1017 3094 1140 3157 τοὺς
1186 3093 1448 3165 μαθητὰς,
1489 3095 1686 3158 οὕτως’
1735 3097 1795 3148 ’11
1839 3095 1990 3158 ἐλπίς
2028 3113 2120 3149 σου
2156 3098 2188 3166 ἡ
2217 3097 2296 3157 εἰς
2335 3095 2435 3164 ἐμὲ
2470 3097 2532 3148 ἐκ
2561 3100 2658 3166 τῆς
2679 3098 2895 3167 διδαχῆς
2927 3097 3033 3148 τῶν
3060 3096 3313 3166 μαθητῶν
3339 3097 3438 3166 μού
3477 3095 3670 3168 senm]

821 3187 906 3237 48.
953 3185 1087 3240 lllud
1121 3197 1297 3241 autent
1327 3207 1338 3241 :
1393 3187 1458 3241 In
1495 3199 1541 3241 te
1584 3190 1845 3258 projectus
1881 3205 1995 3242 sum
2024 3205 2087 3242 ex
2131 3201 2299 3253 utero,

2471 3189 2555 3241 18.
2603 3189 2675 3240 Τδ
2709 3188 2799 3252 δὲ,
2842 3187 2970 3240 Ἐπὶ
3020 3187 3095 3240 σὲ
3137 3188 3464 3255 έπείρίρην
3506 3189 3583 3256 (4)
3625 3190 3693 3242 ἐκ
3724 3190 3966 3259 μήτρας,

742 3278 962 3345 quando
1001 3276 1240 3342 Gabriel,
1268 3295 1390 3333 cum
1419 3291 1563 3335 esset
1605 3282 1722 3351 ipse
1771 3282 1823 3334 in
1855 3291 2009 3334 utero
2045 3278 2300 3347 Virginis,

2401 3280 2528 3332 ὅταν
2555 3281 2581 3331 ὁ
2610 3279 2865 3350 Γαϐριὴλ,
2900 3279 3050 3342 ὄντος
3081 3276 3242 3331 αὑτοῦ
3274 3279 3330 3329 ἐν
3371 3280 3551 3348 μήτρᾳ
3581 3281 3676 3349 τῆς
3704 3282 3967 3351 Παρεένου

744 3371 809 3422 (in
840 3383 905 3421 eo
930 3368 1087 3433 dixit,
1122 3371 1266 3438 quod
1300 3371 1469 3426 Filius
1515 3372 1604 3426 Dei
1641 3383 1742 3426 est.

2404 3371 2553 3437 ἔλεγε
2581 3372 2705 3440 περὶ
2736 3369 2922 3434 αὑτοῦ,
2957 3371 3035 3423 ὅτι
3059 3369 3186 3433 Υίὸς
3221 3369 3313 3422 τοῦ
3348 3369 3480 3422 Θεοῦ
3515 3371 3680 3422 ἐστιν.

825 3459 911 3514 19.
945 3457 1006 3512 Et
1058 3461 1110 3513 in
1139 3471 1323 3516 ventre
1357 3479 1478 3517 cum
1537 3479 1707 3517 essent
1760 3463 1899 3532 eius,
1954 3478 2116 3531 quam
2171 3461 2374 3546 miltiC

2332 3490 2374 3546 ε
2479 3459 2562 3512 19.
2618 3461 2725 3511 Καὶ
2769 3460 2826 3512 ὲν
2875 3462 2939 3529 τῇ
2993 3459 3190 3530 γαστρί
3246 3476 3313 3529 με
3357 3459 3502 3522 ὄντα,
3547 3456 3613 3533 ἧς
3670 3459 3973 3532 ἠϐουλήθην

746 3562 972 3607 matrem
991 3568 1112 3607 esse
1141 3555 1381 3618 voluisti,
1413 3558 1667 3625 Spectasti
1701 3573 1786 3611 me
1829 3567 1883 3611 tu
1913 3557 2078 3623 solus,
2105 3554 2264 3609 Pater
2289 3572 2303 3608 :

2409 3548 2762 3622 ιηϐουλήθης]
2818 3550 3019 3622 μητρός
3069 3566 3200 3622 μου,
3247 3550 3500 3605 τεθέασαί
3550 3570 3617 3622 με
3672 3552 3736 3605 σὺ
3782 3552 3965 3622 μόνος,

745 3644 870 3713 quis
912 3656 1054 3695 sum.

2408 3643 2608 3714 Πάτερ’
2639 3644 2700 3696 τὺ
2727 3643 2808 3707 τίς
2840 3644 2974 3714 είμι.

810 3734 896 3786 2θ.
958 3729 1038 3784 Νε
1076 3730 1373 3783 discesseris
1412 3745 1444 3781 α
1478 3743 1592 3782 me:
1633 3742 1734 3798 ego
1767 3730 1908 3784 enim
1939 3733 1992 3786 in
2031 3744 2101 3797 te,
2126 3736 2306 3803 Pater,

2477 3735 2564 3788 20.
2597 3737 2716 3789 Οὐκ
2745 3733 3017 3800 ἀποστῇς
3047 3734 3120 3803 (5)
3153 3733 3252 3786 ἀπ’
3303 3733 3447 3802 ἐμοῦ
3470 3750 3483 3762 ⁵
3516 3731 3624 3801 ἐγὼ
3651 3734 3760 3805 γὰρ
3790 3735 3848 3787 ὲν
3875 3735 3965 3796 σοὶ,

748 3835 803 3879 et
834 3836 888 3879 tu
932 3825 986 3878 in
1021 3839 1126 3877 me.
1165 3821 1434 3875 Passurus
1474 3835 1619 3885 sum,
1676 3823 1821 3890 quod
1873 3825 2013 3893 apud
2061 3827 2309 3886 homines

2410 3827 2611 3897 Πάτερ,
2645 3827 2740 3878 καὶ
2772 3827 2833 3878 σὺ
2866 3827 2922 3878 ἐν
2955 3826 3097 3896 ἐμοί.
3134 3826 3368 3895 Πάσχειν
3401 3826 3597 3896 μέλλω,
3629 3827 3656 3879 ὃ
3689 3827 3840 3899 παρὰ
3867 3829 3967 3890 τοῖς

746 3927 827 3974 est
868 3914 1168 3977 tribulatio,
1217 3927 1325 3965 non
1371 3912 1512 3981 apud
1541 3927 1648 3966 me.

2410 3917 2712 3988 ἀνθρώποις
2742 3919 2855 3970 ἐστι
2883 3917 3078 3987 θλίψις,
3108 3918 3166 3970 οὐ
3195 3918 3304 3989 γὰρ
3335 3916 3514 3990 [παρ’]
3544 3919 3620 3989 (6)
3649 3920 3791 3990 ἐμοί.

821 4008 910 4062 21.
966 4006 1082 4076 Ipse
1114 4006 1256 4059 enim
1288 4004 1388 4058 sibi
1421 4005 1520 4073 ipsi
1566 4006 1880 4071 auxiliatur,
1918 4019 2103 4079 utpote
2136 4014 2310 4067 omni-

2479 4009 2569 4061 21.
2604 4009 2773 4072 Αὐτὸς
2813 4009 2919 4080 γὰρ
2967 4009 3142 4080 ἑαυτῷ
3173 4009 3379 4079 βοηθῶν
3412 4010 3508 4081 (7),
3539 4012 3614 4075 ὡς
3653 4012 3964 4066 παντοδύνα-

749 4109 960 4169 putetis,
1001 4109 1053 4152 et
1092 4113 1272 4151 rerum
1319 4098 1564 4150 omnium
1614 4098 1890 4155 dominus.

1391 4098 1564 4150 inium
1614 4098 1890 4155 dominus.
2414 4117 2510 4170 μος
2550 4102 2642 4153 καὶ
2664 4099 3035 4172 ἐξουσιαστής.

817 4191 1004 4246 22-25.
1056 4190 1128 4246 De
1152 4189 1351 4244 Jtltl:CiS
1386 4191 1646 4259 loquitur,
1689 4194 1906 4260 quando
1937 4195 2310 4250 circumdede-

2479 4190 2662 4244 ‘22-25.
2696 4191 2828 4260 Περὶ
2867 4192 2976 4246 τῶν
3017 4193 3282 4246 Ἰουδαίων
3329 4193 3511 4262 λέγει,
3543 4195 3632 4247 ὅτε
3667 4196 3963 4250 ὲκύκλωσαι

751 4295 881 4338 runt
911 4292 1125 4346 eum,et
1148 4282 1487 4336 clamabant:
1513 4282 1676 4345 Tolle,
1699 4285 1840 4346 tolle,
1859 4286 2104 4354 cruciﬁge
2119 4287 2308 4339 eum".

2414 4280 2596 4344 αὑτὸν,
2617 4282 2710 4333 καὶ
2736 4281 2986 4352 ἔκραζονο
3005 4278 3201 4351 Ἆρον,
3223 4278 3388 4352 ἆρον,
3404 4287 3761 4353 σταύρωσον
3773 4289 3962 4341 αὐτόν.

818 4375 908 4436 26,
949 4375 1036 4433 27.
1087 4375 1221 4428 Ossa
1252 4388 1349 4427 sua
1379 4371 1690 4426 Iudaeorum
1726 4374 1983 4442 populum
2015 4377 2166 4432 dicit.

2481 4371 2569 4438 26,
2600 4372 2690 4427 27.
2726 4375 2885 4426 Ὀστᾶ
2910 4374 3100 4426 ἑαυτοῦ
3120 4375 3207 4427 τὸν
3230 4375 3353 4428 λαὸν
3378 4375 3486 4429 τῶν
3519 4377 3784 4430 Ἰουδαίων
3813 4377 3963 4445 λέγει.

818 4466 909 4521 28.
963 4464 1069 4520 Cor
1100 4481 1258 4519 suum
1298 4481 1484 4519 rursus
1528 4466 1787 4535 pupulum
1815 4465 2122 4522 Judmorum
2157 4469 2309 4534 dicit,

2480 4460 2569 4513 28.
2599 4461 2839 4531 Καρδίαν
2869 4461 3056 4515 ἑαυτοῦ
3083 4464 3172 4515 τὸν
3212 4464 3338 4517 λαὸν
3379 4466 3538 4518 πάλιν
3569 4464 3677 4519 τῶν
3716 4467 3964 4520 Ἰουδαίων

750 4559 876 4626 quia
907 4557 1024 4627 ejus
1057 4558 1271 4627 eloquia
1298 4558 1350 4611 in
1387 4558 1644 4612 cordibus
1675 4574 1863 4614 eorum
1892 4571 2064 4615 erant.

2413 4553 2580 4620 λέγει,
2603 4553 2692 4606 διὰ
2716 4555 2782 4606 τὰ
2797 4555 2951 4622 λόγια
2978 4555 3141 4608 αὑτοῦ
3160 4558 3217 4608 ὲν
3232 4559 3350 4621 ταῖς
3369 4558 3610 4629 καρδίαις
3627 4558 3804 4612 αὐτῶν
3821 4554 3963 4611 εἶναι.

819 4651 908 4704 29.
952 4649 1168 4704 Judzeos
1208 4649 1495 4720 signiﬁcat.

2482 4645 2571 4699 29.
2601 4647 2736 4708 Τοὺς
2774 4647 3055 4710 Ἰουδαίους
3086 4648 3158 4718 (8)
3187 4648 3351 4717 λέγει.

819 4744 909 4796 50.
963 4743 1166 4796 Deiecit
1210 4743 1355 4794 enim
1393 4758 1455 4795 ex
1490 4756 1583 4794 ore
1633 4740 1875 4808 ipsorum
1928 4739 2050 4796 fons
2091 4743 2230 4808 vitae,
2261 4751 2313 4797 et

2485 4739 2573 4792 50.
2615 4737 2853 4804 Ἐξέλιπε
2885 4738 2992 4811 γὰρ
3036 4743 3100 4793 ὲκ
3142 4741 3232 4795 τοῦ
3268 4743 3531 4812 στόματος
3562 4742 3742 4796 αὐτῶν
3774 4746 3806 4814 ἡ
3833 4743 3968 4813 πηγὴ

755 4845 1034 4904 propterea
1064 4832 1288 4887 adhaesit
1320 4832 1372 4885 in
1415 4831 1561 4885 sitim
1610 4833 1840 4900 populus
1875 4831 2205 4888 Judzeorum.
2346 4823 2388 4878 Ῐ)

2346 4823 2388 4878 ῐ)
2417 4832 2515 4900 τῆς
2548 4830 2693 4899 ζωῆς
2713 4871 2726 4893 ,
2761 4832 2855 4883 καὶ
2890 4830 2975 4884 διὰ
3009 4831 3168 4884 τοῦτο
3199 4832 3458 4903 ἐκολλήθη
3492 4833 3571 4903 είς
3612 4833 3770 4903 δίψαν
3799 4837 3825 4889 ὁ
3853 4833 3969 4896 λαὸς

2417 4922 2525 4975 τῶν
2567 4922 2852 4976 Ἰουδαίων.

821 5013 911 5065 51.
963 5011 1041 5066 Ad
1071 5010 1285 5065 Judaaos
1315 5024 1402 5063 me
1433 5007 1653 5064 misisti.

2489 5015 2576 5068 51.
2610 5014 2751 5086 Πρὸς
2783 5016 2906 5078 τοὺς
2953 5015 3235 5079 Ἰουδαίους
3261 5033 3325 5086 με
3359 5015 3699 5081 ἀπέστειλας.

819 5103 907 5166 52,
947 5103 1034 5156 55.
1088 5101 1258 5155 ειυθωί
1285 5100 1433 5156 enim
1469 5101 1942 5156 circumdederunt
1965 5118 2067 5156 me.

2021 5118 2067 5156 ε.
2490 5106 2578 5169 52,
2607 5107 2694 5160 55.
2727 5108 2789 5159 Ol
2821 5105 2928 5177 γὰρ
2967 5106 3202 5161 Ἰουδαῖοι
3231 5106 3544 5163 ὲκύκλωσάν
3573 5125 3663 5178 με.

823 5259 868 5290 ⁸⁸
891 5256 1045 5313 Joatt.
1073 5273 1186 5322 XIX,
1225 5260 1308 5314 15.

1696 5415 1998 5479 Addenda
2033 5424 2094 5479 et
2139 5415 2511 5496 corrigenda
2548 5432 2623 5477 ex
2650 5414 2791 5476 eod.
2833 5411 3031 5476 Vatic.

821 5598 1192 5673 (1)17,ἱη
1228 5604 1346 5659 cod.
1373 5622 1427 5659 η.
1461 5604 1660 5670 17,18.

1461 5604 1547 5670 17,
1574 5604 1660 5659 18.
2489 5607 2564 5670 (5)
2590 5607 2702 5658 Οὐκ
2735 5605 2799 5658 ἂν
2824 5603 3075 5673 ἀπέστης.

938 5671 1184 5745 Μ-ητέρα.
2489 5679 2561 5742 (6)
2590 5676 2701 5745 Γὰρ
2730 5677 2784 5726 ὲν
2809 5675 2934 5745 ὲμῇ.

826 5742 902 5814 (ξ)
937 5738 1061 5814 οὖν.
1098 5738 1108 5742 '
2093 5800 2104 5814 ,
2490 5738 2564 5813 (7)
2593 5738 2798 5814 Βοὴθῶ.

827 5811 900 5876 (1)
937 5812 1128 5868 Ἐστίν.
1163 5814 1234 5867 Τὸ
1257 5815 1343 5869 δέ·
1390 5816 1508 5870 Ἐπὶ
1541 5818 1597 5872 σὲ
1628 5817 1905 5887 ἑπιρίφην,
1937 5829 2037 5876 ctc.
2096 5811 2104 5814 ”
2494 5819 2568 5883 (8)
2600 5811 2736 5878 Τοῦς
2768 5815 2961 5878 αὐτοῦς
3004 5811 3154 5868 Ἰουδ.
