4164 6484
237 425 345 486 725

306 547 397 603 54.
432 548 664 620 Ὠρυξαν
695 549 879 620 χεῖράς
914 566 1012 620 μου
1046 552 1138 604 καὶ
1167 552 1331 616 πόδας
1365 569 1488 624 μου·

309 637 398 694 55.
449 639 847 711 Ἐξηρίθμησαν
878 642 1053 696 πάντα
1083 643 1151 696 τὰ
1175 645 1305 698 ὀστᾶ
1331 662 1456 734 μου..

313 729 403 784 56.
427 730 590 784 Δύτοὶ
617 731 674 784 δὲ
701 733 1050 804 κατενόησαν,
1076 735 1170 789 καί
1190 735 1398 789 ὲπεῖδόν
1421 729 1509 808 pls.

314 905 404 960 57.
434 908 816 980 Διεμερίσαντο
835 911 904 965 τὰ
939 911 1125 982 ἱμάτιά
1155 931 1256 984 μου
1291 916 1531 981 ἑαυτοῖς*

313 995 402 1052 58.
439 999 547 1051 Καὶ
578 1000 669 1053 ἐπὶ
693 1000 784 1053 τὸν
818 1002 1105 1074 ἱματισμόν
1137 1022 1238 1076 μου
1265 1005 1452 1061 ἔϐαλον
1485 1008 1701 1082 κλῆρον.

314 1086 405 1144 59.
434 1090 507 1143 Σὺ
537 1091 616 1156 δὲ,
645 1092 836 1164 Κύριε,
867 1095 941 1167 μὴ
986 1097 1266 1170 μακρύνῃς
1297 1099 1395 1172 τὴν
1429 1100 1680 1174 βοήθειάν
1714 1119 1806 1156 σου

245 1177 341 1230 ἀπ’
367 1179 523 1248 ἐμοῦ.

315 1269 406 1324 40.
434 1272 527 1335 Εἰς
554 1273 653 1343 τὴν
685 1275 964 1349 ἀντίληψίν
1001 1297 1100 1350 μου
1137 1281 1388 1353 πρόσχες.

316 1360 407 1418 41.
451 1363 636 1419 Ῥὖσαι
661 1367 764 1420 ἀπὸ
786 1370 1052 1439 ῥομφαίας
1078 1371 1174 1442 τὴν
1197 1373 1371 1444 ψυχήν
1407 1390 1530 1444 μου,

317 1452 408 1506 42.
435 1455 545 1507 Καὶ
563 1457 628 1510 ἐκ
658 1459 835 1530 χειρὸς
868 1461 1024 1524 κυνὸς
1054 1463 1150 1532 τὴν
1180 1464 1437 1536 μονογενῆ
1470 1483 1592 1536 μου.

317 1544 406 1599 45.
439 1545 619 1599 Σιῦσόν
645 1566 712 1617 με
743 1550 806 1603 ὲκ
836 1551 1095 1623 στόματος
1126 1554 1353 1618 λέοντος,

317 1633 407 1688 44.
446 1637 554 1690 Καὶ
587 1638 692 1692 ἀπὸ
725 1641 968 1713 κεράτων
995 1643 1378 1714 μονοκερώτων
1408 1645 1508 1717 τὴν
1546 1663 1809 1700 ταπεινω-

252 1728 335 1776 σίν
367 1742 487 1794 μου.

322 1814 410 1870 45.
435 1821 771 1894 Διηγήσομαι
799 1825 859 1878 τὸ
886 1821 1055 1896 ὄνομά
1086 1844 1176 1880 σου
1205 1830 1317 1892 τοῖς
1346 1829 1591 1901 ἀδελφοῖς
1616 1845 1738 1901 μου’

322 1905 411 1961 46.
454 1910 540 1964 Ἐν
572 1913 718 1986 μέσῳ
745 1918 1036 1988 ἐκκλησίας
1061 1921 1288 1992 ὑμνήσω
1318 1939 1398 1978 σε.

321 1996 410 2054 47.
447 2003 510 2055 Οἱ
543 2005 855 2072 φοϐούμενοι
877 2009 968 2064 τὸν
996 2010 1217 2085 Κύριον,
1243 2013 1489 2067 αίνέσατε
1521 2013 1700 2068 αὐτόν.

1138 435 1227 490 DE
1265 435 1544 494 TlTULlS
1583 437 2034 499 ΡεΑωιοιιυΜ.
2076 471 2147 483 --
2179 442 2372 499 PSAL.
2408 445 2549 504 XXI.

3353 452 3455 507 7‘26

1827 561 1876 618 Α
1970 559 2057 613 54.
2108 558 2382 619 Foderunt
2412 579 2605 618 manus
2629 578 2797 629 meas,
2833 573 2887 619 et
2912 564 3077 634 pedes
3101 582 3250 622 meos
3280 587 3294 621 :

1971 649 2061 704 55.
2111 649 2602 710 Dinumeraverunt
2630 655 2814 708 omnia
2843 669 2966 709 ossa
3003 669 3143 710 mea.

1967 738 2056 794 56.
2113 739 2220 813 lpsi
2267 759 2396 800 vero
2436 745 2940 811 consideraverum,
2995 756 3049 800 et
3110 744 3461 806 inspexerunt

1902 843 2010 884 me.

1969 919 2060 973 57.
2112 917 2422 974 Diviserunt
2461 920 2565 976 sibi
2593 924 2915 979 vestimenta
2948 939 3064 978 mea
3093 943 3106 978 :

1966 1009 2057 1065 58.
2109 1008 2172 1063 Et
2199 1025 2361 1080 super
2388 1022 2593 1067 vestem
2619 1030 2793 1070 meam
2815 1016 3081 1072 miserunt
3105 1025 3326 1070 sortem.

1977 1101 2066 1156 59.
2119 1098 2198 1155 Tu
2227 1108 2431 1169 autem,
2463 1102 2710 1171 Domine,
2743 1121 2810 1161 ne
2833 1105 3172 1178 elongaveris
3198 1103 3463 1161 auxilium

1905 1205 2057 1250 tuum
2084 1209 2113 1248 3
2143 1209 2228 1249 me
2264 1213 2276 1250 2

1970 1289 2060 1342 40.
2114 1287 2195 1342 Ad
2231 1285 2602 1342 defensionem
2638 1303 2814 1343 meam
2850 1290 3144 1360 conspiee.

1978 1378 2067 1432 4t.
2111 1377 2256 1434 Erue
2276 1394 2305 1433 a
2337 1377 2562 1442 framea,
2590 1378 2754 1446 Deus,
2777 1380 3014 1435 animam
3048 1395 3247 1446 meam,

1978 1467 2067 1522 42.
2123 1467 2188 1522 Et
2209 1470 2276 1524 de
2303 1485 2466 1523 manu
2485 1470 2636 1524 canis
2661 1469 2880 1525 unicam
2898 1473 3094 1526 meam.

1976 1558 2066 1612 45.
2121 1557 2279 1612 Salva
2305 1574 2391 1613 me
2420 1575 2484 1613 ex
2516 1573 2610 1614 ore
2634 1559 2832 1625 leonis,

1981 1648 2071 1706 44.
2121 1649 2186 1704 Et
2252 1666 2281 1704 a
2351 1652 2611 1707 cornibus
2687 1652 3032 1708 unicornium
3106 1651 3464 1708 humilitatem

1909 1757 2108 1797 meam.

1982 1834 2071 1889 45.
2125 1831 2369 1888 Narrabo
2402 1847 2598 1888 nomen
2621 1843 2774 1889 tuum
2799 1833 3057 1890 fratribus
3085 1834 3260 1890 meis:

1835 1914 1878 1970 Β
1975 1926 2065 1981 46.
2116 1929 2175 1980 ln
2218 1926 2398 1981 medio
2427 1927 2669 1982 ecclesia:
2701 1926 2933 1983 laudabo
2967 1937 3035 1983 te.

1980 2016 2068 2070 47.
2121 2015 2224 2082 Qui
2255 2017 2460 2073 timetis
2494 2016 2808 2084 Dominum,
2851 2016 3064 2073 laudate
3093 2031 3238 2073 eum.

1357 2231 1732 2288 ATHANASll
1771 2233 2355 2293 INTERPRETATIO.

321 2416 411 2472 54.
438 2419 575 2482 Τοὺς
605 2420 764 2490 ἥλους
801 2421 926 2487 τοὺς
951 2422 1056 2478 ύπδ
1087 2423 1162 2497 (1)
1200 2425 1307 2480 τῶν
1364 2426 1539 2482 ποδῶν
1580 2428 1673 2482 καὶ
1705 2429 1813 2484 τῶν

253 2509 452 2579 χειρῶν
475 2511 638 2565 αὐτοῦ
671 2512 835 2581 λέγει.
1385 2545 1387 2547 ι

324 2599 415 2654 55.
445 2600 535 2670 Τῷ
559 2601 696 2656 κατὰ
723 2605 938 2660 πάντων
967 2607 1076 2660 τῶν
1127 2607 1301 2679 μελῶν
1345 2613 1709 2680 προσαγαγεῖν
1736 2612 1812 2686 (2)

253 2689 450 2754 αὐτοὺς
490 2694 755 2765 τιμωρίας
786 2697 972 2769 αὐτῷ’
1007 2699 1428 2770 ὲφραγγέλωσαν
1475 2701 1582 2773 γὰρ
1627 2703 1810 2767 αὑτὸν,

252 2781 352 2836 καὶ
401 2784 701 2856 ὲρράπισαν
723 2827 739 2853 ,
782 2789 876 2842 καὶ
926 2789 1252 2861 ἐκολάφισαν
1274 2831 1291 2860 ,
1348 2793 1441 2845 καὶ
1489 2789 1588 2846 εἷθ’
1639 2794 1810 2859 οὕτως

254 2874 624 2946 ἐσταύρωσαν.

324 2968 412 3023 56.
446 2971 569 3023 Ὅτε
603 2971 695 3023 ἐπὶ
735 2971 827 3026 τοῦ
876 2971 1108 3043 σταυροῦ
1133 2973 1366 3045 δρῶντες
1399 2976 1559 3030 αὐτὸν
1591 2976 1807 3047 ἔλεγονο

256 3056 414 3111 Οὺὰί
441 3056 515 3127 (5)
559 3059 786 3127 ἄλλους
825 3061 1112 3128 ἔσωσεν,
1151 3063 1368 3118 ἑαυτὸν
1420 3069 1491 3120 οὺ
1561 3065 1809 3123 δύναται

253 3160 387 3204 σωσ
387 3163 466 3201 αι.

323 3233 413 3300 57,
443 3234 529 3289 58.
560 3237 622 3290 Ol
653 3239 1059 3312 σταυρώσαντες
1087 3244 1250 3299 αὑτὸν
1277 3246 1619 3317 στρατιῶται.

326 3323 417 3391 59,
447 3325 534 3382 40.
567 3329 786 3399 Πρῶτον
811 3333 908 3404 μὲν
927 3336 955 3386 ὁ
984 3335 1266 3406 προφήτης
1293 3336 1438 3404 λέγει
1467 3339 1601 3410 πρὸς
1614 3338 1773 3392 αὑτὸν
1793 3378 1807 3401 ,

1980 2427 2070 2483 54.
2119 2427 2310 2483 Claves
2342 2429 2396 2484 in
2430 2429 2678 2500 pedibus,
2723 2438 2779 2488 et
2825 2431 3076 2488 manibus
3117 2431 3236 2502 ejus
3265 2431 3470 2504 signiti-

1909 2530 1970 2570 ca
1979 2525 2016 2570 ι.

1986 2605 2074 2659 55.
2118 2604 2221 2660 Per
2273 2609 2455 2664 omnia
2517 2610 2688 2681 ipsius
2754 2615 2995 2671 membra
3043 2616 3376 2672 admovendo
3420 2615 3470 2671 ei

1908 2693 2204 2750 cruciatus.
2268 2695 2647 2767 lpsum’enim
2711 2702 3145 2775 ﬂagellaverunt,
3203 2719 3256 2762 et
3301 2707 3473 2777 alapis

1911 2798 2318 2857 percusserunt,
2360 2800 2416 2846 et
2438 2793 2872 2864 colaphizarunt,
2935 2807 3098 2868 atque
3149 2801 3224 2856 ita
3278 2801 3473 2855 deinde

1910 2877 2302 2934 cruciﬁxerunt

1982 2969 2071 3026 56.
2111 2969 2342 3037 Quando
2395 2990 2450 3030 in
2501 2991 2665 3034 cruce
2712 2995 2835 3035 eum
2876 2982 3117 3040 videntes
3168 2984 3468 3041 dixerunt:

1921 3057 2079 3112 Vah!
2106 3060 2238 3118 alios
2273 3064 2446 3121 salvos
2485 3068 2632 3137 fecit,
2665 3071 2891 3140 seipsum
2929 3089 3027 3128 non
3059 3084 3224 3142 potest
3269 3076 3473 3132 salvum

1909 3149 2080 3219 facere
2113 3153 2178 3207 “.

1982 3242 2073 3307 57,
2105 3243 2195 3297 58.
2230 3242 2450 3311 Milites,
2485 3246 2577 3316 qui
2601 3263 2724 3301 eum
2750 3250 3162 3306 crucilixerunt.

1985 3333 2075 3399 59,
2105 3333 2195 3388 40.
2226 3332 2471 3390 Primum
2500 3338 2716 3407 quidem
2746 3341 3004 3411 propheta
3043 3342 3109 3397 ad
3133 3358 3256 3398 eum
3295 3345 3426 3400 dicit
3455 3364 3469 3400 :

253 3415 336 3469 ὅτι
393 3417 506 3483 Σὺ,
576 3421 780 3488 Κύριε,
821 3423 990 3476 ταῦτα
1033 3425 1106 3495 (4)
1156 3427 1442 3496 ὑπομένων
1484 3428 1574 3498 ὑφ’
1619 3428 1807 3502 [ὑπὲρ]
1835 3429 1878 3487 C

1835 3429 1878 3487 C
1915 3430 2013 3498 Tu,
2045 3432 2288 3500 Domine,
2319 3435 2434 3492 hate
2457 3438 2664 3508 patiens
2686 3455 2783 3508 pro
2805 3443 2984 3505 nobis,
3015 3443 3233 3498 imitans
3259 3459 3380 3510 nos,
3410 3461 3473 3499 ne

253 3507 432 3578 ἡμῶν.
469 3511 795 3580 μιμούμενος
833 3516 1008 3585 ἡμᾶς,
1039 3515 1168 3590 [μὴ]
1189 3519 1500 3589 μακρύνιις
1527 3520 1641 3591 τὴν
1661 3522 1812 3590 βοή·

253 3599 422 3656 θειάν
446 3613 560 3654 σου
591 3603 690 3656 ἀπ’
722 3605 888 3672 ἐμοῦ,
916 3607 1010 3660 τοῦ
1048 3609 1177 3663 λαοῦ
1209 3610 1318 3664 τῶν
1358 3612 1642 3679 Ἰουδαίων,
1673 3615 1810 3669 ἀλλ’

251 3691 341 3754 είς
372 3690 700 3760 ἀντίληψιν
745 3696 913 3764 ἡμῶν
948 3698 1353 3769 εὐδοκίμησον
1396 3703 1494 3774 (5).
1551 3707 1704 3760 Ἔστι
1753 3708 1810 3761 δὲ

251 3781 349 3834 καὶ
389 3783 452 3836 ὲκ
489 3785 776 3856 προσώπου
800 3789 964 3843 αὐτοῦ
991 3791 1084 3845 τοῦ
1117 3792 1320 3865 Κυρίου
1342 3794 1591 3863 λέγεσθαι
1615 3797 1806 3864 ταῦτα,

252 3872 600 3931 ὑποτύπωσιν
641 3880 772 3948 ἡμῖν
809 3879 984 3943 διδοὺς
1020 3882 1080 3937 τὺ
1108 3883 1366 3949 τοιούτοις
1398 3885 1575 3956 λόγοις
1609 3889 1808 3961 κεχρῆ-

253 3965 378 4020 σθαι
409 3968 466 4019 ὲν
497 3968 671 4039 καιρῷ
703 3972 1042 4043 μαρτυρίουέ
1152 4007 1163 4030 ε
1207 4015 1210 4024 .
1339 3982 1341 3985 ’

323 4058 412 4121 41,
439 4058 528 4114 45.
553 4060 724 4125 Αὐτὸς
750 4064 1106 4136 προσεύχεται
1131 4063 1246 4131 νῦν,
1271 4067 1401 4132 Θεὸς
1425 4070 1518 4136 ὢν,
1549 4071 1806 4143 ῥυσοῆναι

247 4149 360 4205 ἀπὸ
400 4149 493 4204 τοῦ
542 4151 805 4219 διαϐόλου,
851 4157 936 4210 ἴνα
969 4159 1055 4223 σὺ,
1095 4158 1378 4231 ἄνθρωπος
1421 4160 1516 4228 ὢν,
1555 4164 1630 4236 μὴ
1675 4165 1807 4236 ἀμε-

247 4241 418 4316 λήσῃς
452 4243 549 4313 (6)-

324 4336 412 4390 44.
442 4338 515 4391 Τὸ
557 4338 724 4411 κέρας
769 4339 862 4393 τοῦ
900 4343 1269 4414 μονοκέρωτος
1307 4345 1504 4416 ὑψηλόν
1547 4347 1682 4409 ἐστι,
1716 4348 1808 4401 καὶ

248 4430 620 4500 ἀναιρετικὸνο
662 4432 790 4502 περὶ
829 4427 922 4486 οὖν
965 4433 1063 4504 τῆς
1115 4436 1341 4507 καρδίας
1392 4437 1500 4491 τῶν
1544 4438 1806 4492 Ἰουδαίων

247 4521 347 4591 τῆς
379 4520 554 4586 δολίας
583 4522 676 4576 καὶ
711 4523 916 4594 ὑψηλῆς
943 4523 1110 4594 λέγει.

323 4613 412 4668 45.
455 4614 528 4684 (7)
568 4613 651 4679 Τῷ
686 4614 836 4681 λαῷ,
861 4615 1042 4683 λέγει,
1091 4617 1450 4689 διηγήσομαι
1500 4621 1567 4675 τὸ
1621 4623 1807 4694 ὄνομά

1909 3522 2231 3593 elongaveris
2275 3528 2539 3580 auxilium
2579 3543 2727 3582 tuum
2778 3547 2808 3583 a
2866 3548 2962 3599 mc,
3002 3533 3106 3588 hoc
3144 3545 3227 3589 est
3272 3537 3472 3606 p0pulo

1908 3611 2154 3677 Judaieo,
2184 3617 2274 3669 sed
2319 3619 2638 3686 cainplaceal
2680 3621 2775 3674 tibi
2821 3623 2875 3676 in
2926 3625 3192 3678 auxilium
3234 3635 3472 3683 nostrum

1909 3706 2100 3758 venire.
2136 3704 2375 3762 Possunt
2408 3709 2572 3765 etiam
2620 3711 2734 3767 hare
2774 3714 2882 3768 dici
2925 3731 2990 3768 ex
3021 3731 3255 3785 persona
3301 3717 3472 3788 ipsius

1910 3793 2151 3863 Domini,
2187 3799 2282 3868 qui
2311 3803 2618 3871 exemplum
2647 3804 2802 3859 nobis
2833 3807 3064 3875 praebuit
3088 3807 3176 3862 his
3207 3808 3474 3864 sermoni-

1909 3885 2014 3942 bus
2041 3891 2226 3945 utendi
2263 3901 2503 3961 tempore
2526 3896 2795 3963 martyrii.

1974 4064 2162 4122 41υ45.
2221 4066 2338 4137 Ipse
2369 4085 2515 4124 nunc
2558 4080 2702 4138 orat,
2735 4089 2860 4127 cum
2895 4073 3038 4129 Deus
3095 4075 3188 4139 sit,
3234 4083 3294 4129 ut
3331 4074 3470 4130 libe-

1908 4165 2060 4212 retur
2091 4173 2122 4212 a
2146 4158 2364 4216 diabolo
2396 4180 2410 4215 :
2454 4177 2522 4217 ne
2555 4173 2610 4217 tu
2646 4179 2770 4219 cum
2800 4166 2876 4220 sis
2904 4166 3088 4232 homo,
3138 4167 3471 4238 negligenter

1906 4262 2058 4318 agas.

1973 4338 2062 4394 44.
2117 4340 2300 4395 Cornu
2331 4343 2609 4398 unicornis
2651 4345 2918 4402 cleratum
2969 4359 3071 4415 est,
3121 4361 3175 4405 et
3225 4351 3470 4407 mortife-

1904 4448 2026 4487 rum
2062 4451 2074 4486 :
2110 4433 2177 4488 de
2205 4435 2366 4490 corde
2389 4435 2552 4508 igitur
2583 4436 2891 4496 Judmorum
2919 4442 3110 4499 doloso
3146 4455 3199 4499 et
3236 4445 3470 4515 superbo

1905 4525 2163 4594 loquitur.

1975 4616 2064 4670 45.
2113 4613 2340 4684 Populo,
2368 4613 2567 4684 inquit,
2597 4617 2826 4670 narrabo
2849 4636 3036 4675 nomen
3066 4629 3250 4688 tuum;
3277 4638 3468 4694 quern-

247 4716 365 4754 σου
389 4717 403 4730 ·
451 4700 525 4763 ὡς
561 4701 777 4773 εἴρηκεν
813 4706 870 4757 ὲν
919 4705 1267 4780 Εὑαγγελίῳ·
1311 4710 1691 4779 Ἐφανέρωσα
1736 4713 1802 4768 τὸ
1835 4765 1875 4782 ἢ

1835 4765 1875 4782 ἢ
1907 4704 2199 4760 admodum
2229 4705 2368 4759 dixit
2402 4705 2454 4758 in
2503 4703 2795 4776 Evangelio
2830 4726 2843 4763 :
2888 4709 3227 4782 Manifestavi
3281 4730 3466 4771 nomen

246 4789 435 4861 ὄνομά
462 4807 576 4846 σου
608 4793 730 4860 τοῖς
760 4794 1107 4864 ἀνθρώποις.

317 4883 406 4937 46.
435 4884 512 4953 (8)
543 4885 678 4957 Περὶ
706 4887 814 4941 τῶν
844 4886 1014 4956 ἁγίων
1041 4888 1205 4957 λέγει.

318 4973 406 5029 47.
440 4975 513 5045 (9)
548 4975 685 5039 Τοὺς
709 4977 931 5040 πιστοὺς
961 4976 1127 5046 λέγει.

321 5155 370 5188 ⁸⁸
386 5153 575 5210 Matth.
610 5171 778 5222 xxvn,
805 5155 896 5212 42.
971 5155 1017 5189 “
1049 5154 1206 5212 Joan.
1241 5169 1374 5223 xm,
1403 5155 1454 5209 6.

1911 4809 2058 4851 tuum
2086 4795 2379 4850 hominibus
2409 4795 2472 4847 ".

1975 4888 2066 4943 46.
2122 4886 2198 4941 De
2231 4889 2434 4945 sanctis
2476 4890 2738 4960 loquitur.

1977 4977 2067 5033 47.
2116 4977 2324 5036 Fideles
2350 4981 2638 5052 signiﬁcat.

1182 5361 1502 5427 'Addenda
1531 5369 1590 5429 et
1619 5363 1987 5446 corrigenaa
2020 5383 2096 5428 ex
2136 5381 2274 5428 con.
2307 5368 2506 5430 Vatic.

344 5549 391 5604 ll
435 5549 575 5602 Ἐπι.

344 5551 362 5604 Ι
435 5550 575 5602 Ἐπι.

313 5550 393 5691 is;
423 5618 598 5691 Αύτοῦ
631 5621 924 5691 προσάγειν
946 5623 1065 5676 αὐτ.

425 5689 578 5777 ρύχί.

345 5759 388 5832 -.1
426 5760 490 5832 _0_
507 5776 578 5832 δᾳ

335 5755 388 5815 4i
430 5759 488 5813 '0
504 5755 701 5812 ταῦτα.

315 5827 394 5900 (5)
425 5827 748 5884 Εὑδὸκησον.

1975 5553 2048 5625 (6)
2083 5553 2348 5625 ῘΑμελεῖς-

1972 5623 2049 5692 (7)
2083 5623 2292 5679 ln‘cod.
2320 5643 2374 5679 n.
2407 5625 2494 5689 45,
2529 5629 2618 5684 46.

1973 5693 2048 5762 (8)
2084 5692 2140 5748 ln
2170 5695 2289 5750 cod.
2321 5711 2374 5748 η.
2401 5695 2488 5751 47.

1972 5761 2047 5833 (9)
2072 5763 2127 5819 In
2158 5764 2276 5821 col.
2309 5781 2364 5821 n.
2395 5765 2478 5822 48.
