4164 6492
714 432 807 487 7-37
1549 426 1605 482 S.
1647 427 2020 484 ATHANASII
2060 429 2206 486 OPP.
2251 431 2429 487 PARS
2470 433 2557 487 Ill.
2588 463 2653 473 —
2696 433 3100 489 EKEGETICA.
3822 438 3917 495 728

781 545 870 598 48.
900 542 1223 597 Universum
1266 556 1449 597 semen
1484 539 1673 604 Jacob,
1710 542 2008 612 gloriﬁcate
2040 559 2185 600 eum.
2296 560 2340 613 Α

2296 560 2340 613 Α
2438 547 2527 602 48.
2569 548 2745 600 ’Ἂπαν
2773 548 2833 600 τὸ
2868 548 3089 618 σπέρμα
3126 547 3338 613 Ἰακὼϐ,
3365 548 3618 613 δοξάσατε
3652 550 3835 606 αὐτόν.

777 636 865 690 49.
901 633 1109 688 Timeat
1141 649 1264 688 eum
1300 648 1460 687 omne
1486 647 1670 687 semen
1705 632 1869 689 Israel
1900 652 1913 687 :

2434 636 2522 694 49.
2538 637 2830 708 Φοϐηθήτω
2849 638 2911 707 δὴ
2930 636 3195 689 ἁπάὐτοῦ
3216 636 3357 691 ἅπαν
3374 638 3432 690 τὸ
3448 637 3665 709 σπέρμα
3681 640 3914 711 Ἰσραήλ·

776 728 864 783 50.
900 725 1162 793 Quoniam
1189 741 1297 779 non
1330 726 1554 795 sprevit,
1583 741 1761 796 neque
1784 725 2024 781 oﬂ‘eusus
2052 738 2133 782 est
2163 726 2259 780 de-

2436 729 2521 783 50.
2567 728 2689 782 ’Ότι
2724 730 2824 782 οὐκ
2869 729 3218 794 ἐξουδένωσεν
3242 770 3256 796 ,
3300 730 3419 784 οὐδὲ
3459 729 3812 804 προσώχθησε
3850 733 3914 804 τῇ

708 820 1013 891 precatione
1040 818 1313 888 pauperis,

1282 835 1313 883 ι,
2360 819 2539 889 δεήσει
2572 819 2664 871 τοῦ
2694 820 2926 890 πτωχοῦ,

779 911 863 965 51.
896 910 1004 965 Nec
1026 910 1215 963 avertit
1241 908 1429 963 faciem
1462 923 1616 962 suam
1645 923 1675 961 a
1701 924 1825 963 me:

2434 909 2521 961 51.
2564 908 2695 962 Ούδέ
2727 910 3031 980 ἀπέστρεψε
3057 910 3118 963 τὸ
3147 909 3431 982 πρόσωπον
3453 910 3615 964 αὐτοῦ
3644 912 3736 964 ἀπ’
3760 912 3912 982 ἐμοῦ⁹

775 1004 864 1059 52.
901 1002 965 1057 Et
994 1018 1115 1059 cum
1142 1003 1431 1056 clamarem
1464 1002 1530 1056 ad
1557 1016 1701 1069 eum,
1730 1000 2007 1057 exaudivit
2033 1015 2141 1055 me.

2434 997 2521 1050 52.
2564 999 2674 1051 Καὶ
2726 1001 2783 1050 ἐν
2836 998 2913 1069 τῷ
2951 999 3280 1071 κεκραγέναι
3323 1017 3389 1071 με
3434 1000 3570 1072 πρὸς
3610 1001 3770 1054 αὑτὸν
3807 1002 3914 1054 είσ-

2359 1089 2561 1160 ήκουσέ
2593 1106 2714 1159 μου.

775 1181 867 1235 53.
900 1180 1052 1250 Apud
1087 1191 1136 1235 te
1162 1181 1279 1236 laus
1309 1195 1428 1234 mea
1456 1199 1469 1233 :

2430 1181 2517 1236 53.
2562 1182 2717 1253 Παρὰ
2753 1183 2845 1235 σοῦ
2871 1184 2897 1235 ὁ
2924 1183 3139 1247 ἔπαινός
3171 1202 3289 1254 μου·

774 1272 862 1327 54.
897 1272 953 1325 In
986 1273 1214 1328 ecclesia
1252 1288 1446 1340 magna
1482 1269 1781 1325 conﬁtebor
1815 1269 1909 1324 tibi
1937 1288 1951 1323 :

2434 1275 2519 1331 54.
2574 1277 2661 1329 Ἐν
2691 1277 2954 1349 ἐκκλησίᾳ
2986 1279 3196 1351 μεγάλῃ
3228 1278 3685 1351 ἐξομολογησομαί
3715 1297 3825 1334 σοι*

770 1365 857 1420 55.
894 1364 1027 1420 Vota
1079 1381 1195 1419 mea
1243 1364 1467 1418 reddam
1512 1364 1566 1417 in
1614 1372 1908 1433 conspectu
1952 1363 2256 1418 timentium

2242 1380 2256 1418 ι
2431 1366 2519 1420 55.
2562 1368 2670 1431 Τὰς
2718 1369 2883 1438 εὐχάς
2929 1387 3028 1440 μου
3075 1371 3340 1425 ἀποδώσω
3392 1372 3619 1425 ἐνώπιον
3660 1372 3768 1425 τῶν
3805 1369 3886 1445 [ἐν

706 1455 783 1528 [in
809 1466 1097 1525 conspectu
1128 1455 1342 1510 Domini
1368 1456 1610 1509 omnium
1637 1452 1968 1526 timentium]
1992 1470 2136 1509 eum.

2357 1454 2524 1507 ώπιον
2547 1455 2623 1526 τῷ
2656 1458 2843 1528 Κυρίῳ
2868 1460 3084 1514 πάντων
3111 1460 3239 1533 τῶν]
3260 1462 3420 1531 φοϐου
3430 1462 3603 1533 μένων
3627 1462 3808 1515 αὐτόν.

770 1548 858 1602 56.
892 1548 1061 1601 Edent
1088 1563 1372 1617 pauperes,
1402 1557 1455 1601 et
1483 1546 1873 1602 saturahuutur
1898 1562 1912 1599 :

2425 1542 2511 1597 56.
2550 1546 2814 1613 Φάγονται
2849 1547 3097 1619 πένητες,
3134 1550 3228 1603 καὶ
3267 1548 3772 1620 ὲμπλησθήσονταιο

771 1638 858 1692 57.
898 1637 962 1691 Et
990 1638 1287 1691 laudabunt
1316 1635 1627 1701 Dominum,
1658 1635 1750 1704 qui
1783 1635 2068 1704 requirunt
2091 1648 2251 1688 eum:

2238 1652 2251 1688 :
2423 1636 2512 1689 57.
2555 1638 2663 1690 Καὶ
2690 1638 2961 1692 αίνέσουσι
2991 1640 3193 1711 Κύριον
3219 1643 3266 1693 οἱ
3289 1640 3640 1711 ἐκζητοῦντες
3674 1639 3866 1693 αὐτόν’

765 1730 852 1784 58.
890 1728 1083 1783 Vivent
1112 1728 1272 1783 corda
1307 1743 1496 1782 eorum
1523 1728 1575 1780 in
1606 1726 1861 1781 saeculum
1891 1726 2095 1781 saeculi.

2426 1728 2512 1781 58.
2559 1730 2823 1799 Ζήσονται
2858 1732 2913 1783 αί
2947 1732 3161 1803 καρδίαι
3185 1734 3360 1785 αὐτῶν
3389 1735 3467 1796 εἰς
3496 1732 3664 1785 αίῶνα
3694 1731 3904 1793 αἰῶνος.

770 1823 857 1877 59.
896 1821 1350 1887 Rcminisccnlur,
1380 1830 1433 1876 et
1457 1830 1839 1877 convertentur
1864 1820 1929 1875 ad
1966 1819 2253 1875 Dominum

2425 1818 2511 1873 59.
2552 1820 3001 1891 Μνησθήσονται,
3076 1822 3170 1875 καὶ
3234 1823 3725 1892 ἐπιστραφήσονται
3778 1820 3913 1891 πρὸς

698 1916 937 1971 universi
964 1914 1095 1968 ﬁnes
1120 1923 1277 1967 teme
1308 1929 1320 1964 :
2284 1906 2325 1960 Β

2284 1906 2325 1960 Β
2354 1910 2555 1983 Κύριον
2586 1912 2761 1965 πάντα
2794 1912 2861 1965 τὰ
2895 1914 3103 1985 πέρατα
3135 1916 3233 1985 τῆς
3259 1914 3389 1984 γῆς·

764 2006 852 2059 60.
889 2004 953 2059 Et
999 2005 1301 2059 adorabunt
1331 2005 1383 2057 in
1409 2011 1701 2072 conspectu
1727 2000 1844 2071 ejus
1872 2000 2140 2054 universa:
2169 1995 2249 2050 fa-

2419 2003 2507 2059 60.
2546 2004 2654 2058 Καὶ
2687 2008 3150 2076 προσκυνήσουσιν
3196 2004 3421 2059 ἐνώπιον
3452 2002 3617 2057 αὐτοῦ
3657 2004 3829 2056 πᾶσαι
3858 2001 3915 2056 αἱ

698 2100 860 2154 milia:
890 2100 1151 2169 gentium.

2357 2096 2580 2167 πατριαὶ
2613 2096 2719 2149 τῶν
2751 2097 2936 2151 ἐθνῶν.

769 2192 855 2245 61.
888 2191 959 2260 (a)
991 2191 1252 2255 Quoniam
1281 2189 1492 2243 Domini
1522 2195 1604 2242 est
1638 2201 1888 2255 regnum,

1736 2201 1888 2251 num,
2426 2187 2516 2242 61.
2562 2190 2680 2241 Ὅτι
2709 2189 2801 2241 τοῦ
2828 2190 3029 2259 Κυρίου
3058 2191 3090 2258 ἡ
3119 2188 3380 2257 βασιλεία,

763 2283 855 2338 62.
882 2282 945 2336 Et
978 2283 1092 2352 ipse
1116 2282 1429 2336 dominatur
1461 2279 1724 2352 gentium.

2424 2278 2509 2331 62.
2552 2278 2657 2331 Kal
2684 2279 2842 2341 αὐτὸς
2866 2276 3111 2342 δεσπόξει
3140 2278 3246 2330 τῶν
3269 2277 3456 2332 ἐθνῶν.

767 2376 856 2431 65.
888 2373 1348 2429 Mandueaverunt
1370 2414 1385 2440 ,
1432 2385 1486 2429 et
1515 2375 1880 2429 adoraverunt
1907 2380 2096 2422 omnes
2130 2365 2251 2434 pin-

2426 2369 2513 2423 65.
2555 2370 2825 2440 Ἐφαγον,
2859 2370 2951 2423 καὶ
2981 2369 3389 2441 προσεκύνησαν
3426 2368 3624 2432 πάντες
3652 2370 3704 2421 οί
3737 2368 3916 2431 πίονες

694 2481 826 2537 gues
857 2476 1012 2520 terra:
1038 2485 1053 2520 :

956 2481 1012 2520 ‘te
1038 2485 1053 2520 :
2357 2475 2453 2527 της
2480 2474 2600 2529 γης·

762 2580 839 2654 (a)
878 2579 1026 2635 Vers.
1054 2579 1142 2642 61,
1176 2578 1243 2632 62
1270 2588 1463 2634 uesunt
1489 2593 1543 2632 tn
1569 2578 1686 2633 cod.
1717 2575 1997 2631 Barberin.

1818 2682 2188 2742 ATHANASU
2226 2674 2804 2737 INTERPRETATIO.

762 2808 850 2875 48,
877 2808 962 2862 49.
1000 2807 1309 2874 Personam,
1342 2824 1462 2879 quae
1486 2822 1648 2878 supra
1672 2816 1811 2871 orat,
1847 2806 2035 2860 timeat
2062 2803 2249 2871 utique

2413 2793 2501 2859 48,
2533 2790 2622 2845 49.
2664 2789 2795 2843 Ἀπὸ
2826 2786 3116 2859 προσώπου
3146 2784 3241 2839 τοῦ
3266 2784 3520 2855 ἀνωτέρω
3546 2788 3915 2858 προσευχομέ-

694 2918 852 2957 omne
883 2917 1048 2972 genus
1082 2916 1303 2960 eorum.
1336 2901 1430 2970 qui
1476 2899 1637 2954 corde
1669 2898 1856 2952 mundi
1891 2905 2036 2952 sunt.
2085 2891 2249 2947 lsrael

2345 2901 2435 2936 νου
2468 2880 2760 2952 φοϐηθήτω
2807 2878 2871 2949 δὴ
2911 2878 3053 2931 ἅπαν
3100 2876 3160 2929 τὸ
3203 2875 3357 2945 γένος
3398 2874 3507 2929 τῶν
3549 2875 3806 2948 καθαρῶν
3847 2881 3911 2948 τῇ

693 2993 836 3049 enim
871 2994 1251 3062 interpretatur
1275 3008 1415 3045 mens
1441 2992 1614 3046 videns
1638 2990 1825 3045 Deum.

2346 2974 2561 3047 καρδίαν
2613 2970 2832 3043 Ἰσραὴλ
2873 2970 2981 3041 γὰρ
3032 2968 3387 3041 ἑρμηνεύεται
3428 2967 3576 3036 νοῦς
3616 2967 3771 3038 ὀρῶν
3812 2968 3913 3023 τόν

2349 3070 2513 3125 Θεόν.

762 3171 849 3237 50,
880 3170 967 3224 51.
998 3169 1261 3236 Quoniam
1295 3185 1401 3225 non
1440 3168 1683 3238 despexit
1728 3166 2006 3221 hominum
2054 3180 2244 3237 genus,
2273 3098 2315 3155 Ο
2349 3162 2367 3166 ’

2349 3098 2513 3125 σουγ.

2273 3098 2315 3155 C
2349 3162 2367 3166 ’
2420 3162 2508 3225 5U,
2534 3158 2622 3213 51.
2656 3160 2775 3211 Ὅτι
2808 3157 2906 3209 οὐκ
2944 3154 3287 3227 ἀπεφρόνησε
3317 3154 3388 3225 (1)
3426 3152 3518 3205 τοῦ
3575 3154 3765 3222 γένους
3806 3153 3914 3207 τῶν

692 3277 792 3317 nec
820 3261 1060 3331 permisit
1091 3276 1185 3315 eos
1208 3260 1403 3329 perire,
1437 3260 1779 3313 abominatus
1810 3258 1880 3313 ob
1908 3272 2097 3313 eorum
2125 3271 2249 3326 pec-

2347 3251 2681 3324 ἀνθρώπων,
2713 3250 2805 3302 καὶ
2844 3250 2943 3300 οὐκ
2975 3247 3155 3298 εἴασεν
3193 3245 3387 3307 αὐτοὺς
3434 3245 3762 3299 ἀπόλλυσθαι
3797 3246 3910 3316 βδε-

691 3364 829 3420 cata,
861 3368 1033 3423 neque
1062 3352 1113 3405 in
1145 3353 1300 3405 linem
1327 3350 1527 3405 oblitus
1556 3358 1637 3405 est
1663 3347 1900 3419 ﬁgmenti
1929 3347 2035 3402 sui.

2346 3340 2673 3410 λυσσόμενος
2701 3338 2792 3390 ἐπὶ
2814 3339 2932 3399 ταῖς
2960 3335 3253 3405 ἁμαρτίαις
3280 3334 3478 3401 αὐτῶν,
3506 3335 3626 3391 οὐδὲ
3653 3337 3732 3398 είς
3762 3336 3910 3398 τέλος

2345 3434 2437 3487 τοῦ
2474 3432 2787 3502 πλάσματος
2820 3429 2982 3483 αὑτοῦ
3017 3427 3326 3481 ἐπελάθετο.

759 3527 848 3581 52.
878 3525 943 3579 Et
968 3526 1093 3580 dum
1135 3540 1258 3580 cum
1306 3525 1637 3589 invocarem,
1669 3532 1728 3576 ut
1758 3522 1870 3592 ipse
1903 3522 1955 3576 in
1985 3521 2245 3577 auxilium

2412 3524 2499 3579 52.
2531 3524 2639 3576 Kal.
2674 3524 2731 3574 ἐν
2770 3520 2846 3591 τῷ
2874 3521 3057 3573 καλεῖν
3088 3521 3247 3573 αὑτὸν
3283 3518 3454 3572 ἐλθεῖν
3485 3518 3647 3571 αὐτὸν
3676 3520 3757 3582 εἰς
3791 3518 3908 3589 βοη-

691 3635 869 3675 meum
898 3620 1134 3683 veniret,
1169 3617 1441 3671 exaudivit
1473 3631 1591 3681 me;
1641 3626 1695 3671 et
1730 3630 1835 3670 non
1879 3616 2053 3671 solum
2076 3616 2244 3683 venit,

2346 3617 2493 3670 θειάν
2524 3632 2655 3685 μου,
2689 3612 2973 3683 είσήκουσέ
3022 3628 3154 3683 μου·
3192 3612 3285 3665 καὶ
3324 3612 3384 3664 ού
3432 3611 3591 3682 μόνον
3632 3611 3905 3682 ἐλήλυθεν,

690 3712 783 3768 sed
817 3713 976 3767 etiam
1008 3724 1200 3781 passus
1228 3717 1311 3762 est
1339 3723 1434 3777 pro
1466 3722 1571 3761 me.

2345 3705 2478 3764 ἀλλὰ
2510 3706 2604 3759 καὶ
2634 3702 2896 3756 πέπονθεν
2925 3702 3061 3771 ὑπὲρ
3089 3700 3242 3770 ἐμοῦ.

760 3804 848 3858 55.
881 3802 993 3857 Hoc
1027 3810 1141 3864 est,
1176 3799 1317 3870 quod
1366 3800 1421 3852 in
1463 3797 1754 3868 Evangelio
1778 3796 1913 3852 dixit
1938 3796 2241 3853 Dominus:

2415 3799 2500 3853 55.
2533 3795 2701 3849 Τοῦτό
2735 3798 2880 3849 ἐστιν
2911 3795 3045 3865 ὅπερ
3078 3793 3261 3861 ἔλεγεν
3297 3793 3355 3845 ἐν
3389 3792 3707 3864 Εὑαγγελίῳ
3740 3796 3768 3847 ό
3796 3795 3904 3847 Κύ-

691 3894 784 3951 Est
822 3893 978 3948 Pater
1005 3910 1169 3959 meus,
1201 3893 1288 3961 qui
1314 3890 1575 3959 glori/{cat
1609 3889 1771 3943 me".

2347 3906 2489 3961 ριος’
2524 3891 2733 3942 Ἔστιν
2759 3890 2790 3940 ό
2820 3884 3020 3953 Πατήρ
3046 3902 3162 3953 μου
3195 3887 3227 3937 ό
3251 3881 3508 3947 δοξάζων
3530 3901 3606 3953 με

758 3987 845 4042 54.
870 3984 980 4041 Hoc
1008 3986 1306 4053 adimplens
1340 3984 1391 4036 in
1418 3983 1709 4052 Evangelio
1739 3982 1875 4037 dixit
1904 4000 1917 4035 :
1950 3980 2247 4052 Conﬁtebar

2408 3982 2495 4038 54.
2526 3980 2693 4033 Τοῦτο
2721 3978 2940 4051 πληρῶν
2970 3980 3025 4029 ἐν
3058 3977 3375 4046 Εὑαγγελίῳ
3404 3976 3587 4044 ἔλεγεν
3609 3994 3622 4007 ο
3669 3977 3902 4047 Ἐξομο-

688 4078 801 4144 tibi,
834 4077 996 4131 Pater
1029 4076 1244 4127 Domine
1271 4074 1382 4126 εωίὶ
1400 4084 1446 4127 et
1481 4083 1632 4127 terra:
1647 4073 1709 4134 δ’,

2342 4072 2677 4143 λογήσομαί
2710 4086 2827 4134 σοι,
2858 4070 3032 4136 Κύριε
3058 4065 3247 4135 Πάτερ
3272 4065 3375 4119 τοῦ
3401 4068 3659 4135 οὐρανοῦ
3682 4070 3777 4122 καὶ
3799 4067 3906 4136 τῆς

2368 4185 2472 4234 ηις.

2368 4185 2403 4219 .,

760 4250 847 4304 55.
882 4248 1010 4315 Quae
1039 4248 1261 4317 promisi
1292 4261 1384 4317 per
1414 4245 1729 4316 prophetas,
1759 4245 2012 4315 impieno.
2345 4185 2365 4236 Ἰ

2368 4185 2403 4219 η
2459 4207 2472 4219 .

2345 4185 2365 4236 7
2404 4185 2501 4311 155.
2529 4260 2706 4329 Ἀπερ
2747 4253 3154 4326 ἐπηγγειλάμην
3172 4250 3259 4305 δια
3289 4250 3395 4303 τῶν
3420 4250 3737 4323 προφητῶν,
3771 4252 3898 4325 πλη·

2380 4366 2523 4405 ωσω.

756 4424 845 4479 56.
876 4422 1293 4479 Justiﬁcatioues
1322 4421 1577 4490 Domini,
1618 4431 1671 4479 et
1709 4421 2075 4493 implebuntur
2118 4420 2241 4495 Spio
2273 4436 2317 4492 ι)
2346 4367 2400 4420 po

2380 4367 2523 4405 ωσω.

2273 4436 2317 4492 Ι)
2346 4367 2376 4420 ρ
2419 4441 2506 4496 56.
2541 4441 2620 4494 Τὰ
2642 4438 2982 4509 δικαιώματα
3005 4436 3100 4493 τοῦ
3123 4434 3348 4507 Κυρίου,
3374 4435 3468 4489 καὶ
3494 4434 3903 4505 ἐμπλησθήσον-

686 4517 795 4572 fill!
825 4526 1029 4573 SaDClo-
2341 4552 2431 4590 ται
2450 4532 2587 4586 Πνεύ
2597 4550 2757 4603 ματος
2778 4530 2955 4598 ἁγίου.

757 4608 844 4663 57.
875 4607 1110 4679 Hymnus
1138 4606 1415 4675 speciosos
1447 4604 1514 4661 de
1543 4620 1609 4661 eo
1652 4608 1947 4662 cantabunt
1991 4608 2241 4664 oblectati

2411 4630 2498 4683 57.
2531 4629 2768 4698 ’Ύμνους
2794 4626 3121 4697 ὼραιότητος
3150 4625 3373 4677 εἴπωσιν
3406 4623 3483 4685 εις
3512 4620 3673 4673 αὑτὸν
3706 4621 3755 4673 οἱ
3784 4636 3902 4691 τερ·-

686 4702 804 4771 ejus
830 4700 1244 4769 pulchritudine.

1865 4790 1878 4793 Α
1947 4791 1955 4793 _
2341 4722 2564 4793 εὐμενοι
2592 4718 2685 4771 τοῦ
2720 4718 2946 4781 κάλλους
2979 4716 3137 4770 αὐτόν
3162 4715 3257 4785 (2).

754 4793 842 4849 58.
883 4792 1063 4846 Letale
1110 4800 1387 4861 peccatum
1423 4792 1477 4845 in
1513 4791 1645 4862 ipsis
1676 4807 1783 4847 non
1815 4790 2137 4865 admittent.)

2408 4790 2496 4866 58.
2540 4810 2833 4881 Ἀμαρτίαν
2867 4808 3235 4879 θανατηφόρον
3263 4805 3323 4857 οὐ
3356 4803 3595 4871 δέξονται
3622 4806 3679 4858 ἐν
3703 4806 3900 4870 αὐτοῖς.

754 4887 841 4942 59.
875 4884 1315 4940 Reeordabuntur
1346 4884 1484 4950 ejus,
1511 4884 1604 4954 qui
1631 4883 1776 4953 ipsos
1802 4882 1947 4937 fecit.

2410 4904 2498 4958 59.
2529 4902 2940 4972 Μνησθήσονται
2972 4901 3064 4953 τοῦ
3099 4898 3451 4969 πεποιηκότος
3475 4896 3691 4962 αὐτούς.

752 4977 839 5031 60.
877 4976 1072 5031 Tribus
1105 4986 1278 5031 terra).

2164 5064 2169 5065 ί
2406 4993 2494 5048 60.
2526 4997 2589 5046 Αἰ
2624 4994 2784 5063 φυλαὶ
2816 4995 2913 5065 τῆς
2936 4992 3056 5062 γῆς.

752 5067 839 5129 61,
865 5065 953 5121 62.
985 5064 1100 5135 Ipse
1126 5066 1268 5129 enim
1304 5071 1388 5121 est
1413 5082 1505 5121 rex
1537 5083 1743 5138 regum,
1770 5076 1822 5122 et
1856 5068 2119 5121 Dominus
2144 5064 2240 5120 do-

2408 5083 2509 5148 61,
2540 5083 2625 5137 62.
2656 5084 2826 5146 Αὐτὸς
2867 5064 2971 5154 γάρ
3010 5084 3123 5135 ἐστι
3161 5080 3407 5152 βασιλεὺς
3438 5079 3551 5134 τῶν
3599 5080 3902 5151 βασιλευόν-

684 5158 1003 5212 minantium
1024 5197 1038 5221 ,
1075 5166 1127 5211 et
1155 5159 1302 5212 solus
1333 5159 1593 5216 Dominus
1622 5161 1785 5214 totius
1818 5159 2042 5213 humani
2078 5171 2239 5228 gene-

2344 5193 2470 5240 των,
2509 5176 2601 5227 xal.
2630 5174 2830 5246 Κύριος
2862 5174 2968 5228 τῶν
2997 5174 3370 5246 κυριευόντων,
3399 5172 3493 5226 zal.
3524 5174 3685 5243 μόνος
3706 5173 3902 5227 Δεσπό-

684 5251 779 5314 ris,
815 5258 995 5319 utpote
1027 5251 1117 5318 qui
1149 5251 1297 5305 solus
1330 5252 1546 5321 proprio
1579 5253 1841 5321 sanguine
1866 5266 1961 5306 eos
1987 5250 2234 5306 redemit.

2344 5285 2439 5339 της
2471 5268 2666 5330 παντὸς
2692 5265 2785 5319 τοῦ
2816 5266 3003 5335 γένους
3035 5265 3144 5319 τῶν
3168 5264 3485 5337 ἀνθρώπων,
3516 5264 3589 5329 ὡς
3620 5266 3777 5336 μόνος
3804 5263 3900 5319 αι’,-

2341 5356 2463 5416 τοὺς
2489 5353 2821 5425 ἐξαγοράσας
2843 5354 2920 5424 τῷ
2952 5354 3063 5424 ἰδίῳ
3094 5355 3301 5425 αἵματι.

751 5425 836 5478 63.
874 5425 1337 5495 Parttmpaveruut
1370 5442 1594 5497 gratiam
1632 5425 1722 5479 Dei
1754 5427 1936 5481 animo
1966 5442 2232 5498 po.ences.

2413 5444 2499 5498 63.
2526 5444 2834 5498 Μετέλαὸον
2866 5447 2963 5517 τῆς
2992 5446 3209 5515 χάριτος
3236 5444 3327 5500 τοῦ
3353 5445 3485 5500 Θεοῦ
3516 5446 3565 5501 οι
3593 5444 3805 5502 δυνατοὶ
3832 5446 3894 5516 τῇ

745 5605 793 5639 ⁸⁸
816 5606 973 5661 Joan.
999 5623 1118 5669 vm,
1153 5608 1238 5661 54.
1316 5608 1355 5638 ⁸⁷
1386 5607 1573 5662 Matth.
1602 5622 1655 5671 κ,
1683 5605 1774 5659 25.

1626 5722 1930 5786 Addenda
1976 5730 2033 5784 et
2067 5720 2436 5803 corrigenda
2471 5737 2546 5779 ex
2578 5720 2714 5780 cod.
2755 5721 2945 5781 Vatic.

754 5846 821 5914 ιι)
857 5850 928 5900 Ου
961 5848 1324 5917 κατεφρόνησε
1345 5876 1357 5894 ι
2425 5846 2495 5917 (2)
2530 5845 2721 5902 Αὐτοῦ.
