4164 6494
251 422 356 479 729
1159 433 1246 488 DE
1287 435 1563 494 TITUIJS
1603 438 2055 498 PSALMOBUM.
2099 475 2161 485 —
2204 444 2400 502 PSAL.
2439 445 2606 504 XXII.
3374 451 3477 504 730

321 542 410 598 64.
444 545 702 600 Ἐνώπιον
725 549 887 605 αὑτοῦ
917 552 1314 623 προπεσοῦνται
1340 554 1540 619 πάντες
1567 558 1617 610 oi
1645 575 1813 613 κατα·
1843 575 1888 631 Α

1843 575 1888 631 Α
1981 560 2069 614 64.
2105 561 2159 614 Ιιι
2191 571 2489 633 conspectu
2516 564 2637 634 ejus
2663 562 2855 620 cadent
2876 564 3101 628 fomnes,
3129 564 3224 620 oui
3248 567 3474 620 descen-

246 632 526 702 ϐαίνοντες
554 642 633 697 εἰς
662 640 785 709 γῆν.

740 661 785 694 ν.
1917 650 2053 706 dunt
2078 651 2130 704 in
2161 661 2384 708 terram.

319 727 412 782 65.
443 730 551 782 Καὶ
579 732 610 801 ἡ
636 731 780 804 ψυχή
819 752 918 804 μου
945 735 1091 807 αὐτῷ
1117 736 1181 809 ζῇ
1202 777 1217 800 ,

1168 740 1217 809 5,
1984 741 2070 794 65.
2107 739 2170 794 Et
2194 744 2376 797 anima
2411 759 2531 800 mea
2563 744 2639 799 illi
2664 743 2812 811 vivit,

318 815 406 874 66.
441 823 548 874 Καὶ
571 822 630 875 τὸ
665 825 882 895 σπέρμα
919 845 1018 897 μου
1050 829 1323 883 δουλεύσει
1353 830 1522 902 αὐτῷ.

1353 830 1522 902 αὐτῷ.
1987 832 2073 886 66.
2106 833 2171 888 Et
2197 850 2381 889 semen
2411 852 2592 891 meum
2620 837 2820 893 serviet
2847 836 2980 907 ipsi.|

317 910 406 965 67.
455 911 903 988 Ἀναγγελήσεται
937 918 1012 989 τῷ
1042 921 1225 992 Κυρίῳ
1257 922 1420 990 γενεὰ
1447 925 1480 994 ἡ
1515 924 1809 997 ἐρχομένη·

1737 941 1809 997 ιη·
1986 925 2074 982 67.
2106 926 2532 982 Annuntiabitur
2558 928 2792 984 Domino
2819 929 3091 1000 generatio
3118 938 3343 984 ventura
3367 945 3381 984 :

317 1003 405 1057 68.
435 1005 542 1058 Καὶ
571 1007 924 1075 ἀναγγελοῦσι
950 1010 1048 1081 τὴν
1069 1013 1410 1085 δικαιοσύνην
1438 1015 1602 1068 αὐτοῦ

1397 1032 1410 1067 I
1438 1015 1602 1068 αὐτοῦ
1984 1014 2073 1068 68.
2102 1014 2168 1069 Et
2197 1017 2603 1071 annuntiabunt
2627 1017 2895 1087 justitiam
2923 1020 3041 1089 ejus

314 1092 406 1150 69.
435 1095 565 1166 Λαῷ
585 1097 663 1167 τῷ
688 1098 1068 1171 τεχθησομένῳ
1094 1141 1107 1164 ,
1136 1102 1194 1157 ὃν
1236 1104 1489 1173 ἐποίησεν
1529 1109 1557 1159 ὁ
1585 1106 1809 1179 Κύριος.

1980 1106 2069 1162 69.
2103 1105 2340 1176 Populo,
2373 1109 2466 1178 qui
2509 1119 2792 1174 nascetur,
2829 1126 2989 1180 quem
3035 1110 3164 1164 fecit
3189 1108 3469 1164 Dominus.

564 1190 807 1258 Ψαλμὸς
829 1189 907 1256 τῷ
924 1192 1128 1266 ιΔαϐίδ.
1160 1197 1329 1249 ΨΑΛ.
1362 1199 1492 1251 KB'.

2229 1199 2474 1255 Psalmus
2504 1202 2692 1256 David.
2728 1202 2933 1257 PSAL.
2958 1203 3151 1257 XXII.

314 1275 368 1330 1.
405 1277 607 1348 Κύριος
637 1281 908 1350 ποιμαίνει
948 1302 1014 1354 με
1035 1325 1050 1347 ,
1086 1287 1180 1339 καὶ
1205 1287 1354 1341 οὐδέν
1382 1307 1448 1359 με
1488 1291 1805 1363 ὑστερήσειε

1673 1294 1805 1362 ᾕσειο
1978 1290 2030 1344 1.
2063 1290 2329 1347 Dominus
2357 1294 2534 1362 pascit
2563 1310 2669 1359 me,
2701 1304 2754 1350 ct
2785 1295 2916 1348 nihil
2940 1296 3071 1348 mihi
3103 1295 3276 1350 deerit
3303 1334 3317 1348 .

311 1367 366 1420 2.
400 1369 494 1431 Είς
523 1369 684 1424 τόπον
709 1371 870 1442 χλόης
900 1375 1016 1427 ἐκεῖ
1045 1393 1110 1446 με
1145 1381 1583 1449 κατεσκήνωσεν·

1464 1397 1583 1434 σεν·
1975 1383 2027 1437 2.
2063 1383 2120 1436 ιη
2155 1385 2274 1440 loco
2310 1400 2523 1454 pascuae
2559 1387 2633 1440 ibi
2663 1403 2749 1442 me
2777 1389 3060 1443 collocavit
3091 1406 3103 1442 :

308 1459 365 1512 3.
407 1460 529 1513 Ἐπὶ
559 1460 749 1526 ὓδατος
781 1466 1136 1530 ἀναπαύσεως
1161 1469 1418 1541 ἐξέθρεψέ
1458 1490 1546 1544 με.

307 1549 364 1602 4.
397 1551 508 1620 Τὴν
533 1551 707 1624 ψυχήν
739 1572 840 1624 μου
869 1557 1199 1629 ἐπέστρεψεν
1219 1577 1232 1590 °

307 1641 361 1694 5.
410 1641 670 1714 Ὠδήγησέ
701 1662 766 1715 με
796 1647 886 1699 ἐπὶ
917 1649 1135 1718 τρίϐους
1161 1650 1529 1726 δικαιοσύνης,

305 1728 360 1783 6.
399 1731 619 1786 Ἕνεκεν
648 1733 740 1788 τοῦ
769 1735 1029 1807 ὀνόματος
1059 1741 1245 1795 αὐτοῦ.

306 1820 362 1874 7.
403 1822 525 1877 Ἐὰν
553 1824 661 1897 γὰρ
695 1827 787 1880 καὶ
813 1830 1062 1899 πορευθῶ
1088 1833 1144 1884 ἐν
1177 1833 1326 1904 μέσῳ
1360 1838 1516 1900 σκιᾶς
1549 1837 1801 1903 Θανάτου,

305 1909 359 1964 8.
398 1911 471 1963 Οὐ
503 1914 875 1986 φοϐηθήσομαι
899 1918 1062 1981 κακὰ,
1091 1920 1170 1973 ὅτι
1203 1923 1266 1976 σὺ
1292 1927 1410 1993 μετ’
1436 1925 1570 1996 ἐμοῦ
1596 1923 1663 1980 εἷ.

306 2000 360 2055 9.
404 2001 467 2054 Ἦ
503 2003 696 2073 ῥάϐδος
731 2023 822 2059 σου
865 2008 958 2061 καὶ
992 2010 1024 2080 ἡ
1069 2008 1340 2082 βακτηρία
1374 2031 1497 2081 σου,
1541 2010 1702 2069 αὗταί
1735 2036 1803 2087 με

231 2094 612 2162 παρεκάλεσαν

304 2182 392 2235 10.
435 2184 763 2255 Ἠτοίμασας
792 2189 1018 2244 ἐνώπιόν
1051 2210 1153 2263 μου
1182 2194 1458 2265 τράπεζαν
1494 2197 1800 2265 ἐξεναντίας

231 2271 338 2325 τῶν
366 2272 651 2332 θλιϐόντων
679 2295 746 2348 με
769 2297 784 2311 ο

305 2363 391 2418 Η,
437 2367 721 2434 Ἑλίπανας
748 2373 804 2424 ἐν
829 2371 995 2443 ἐλαίῳ
1025 2374 1120 2447 τὴν
1150 2378 1393 2451 κεφαλήν
1426 2397 1527 2451 μου

1979 1475 2032 1527 5.
2070 1474 2245 1544 Super
2275 1492 2470 1546 aquam
2501 1476 2813 1532 rcfectionis
2843 1479 3093 1534 educavit
3126 1495 3232 1534 me.

1977 1566 2029 1618 4.
2064 1567 2313 1620 Animam
2343 1583 2516 1622 meam
2540 1571 2804 1624 convertit
2831 1587 2843 1623 :

1972 1658 2023 1711 5.
2060 1656 2292 1711 Deduxit
2321 1675 2406 1714 me
2432 1676 2596 1730 super
2624 1662 2846 1716 semitas
2875 1660 3121 1731 justitize,

1973 1748 2025 1805 6.
2056 1748 2276 1818 Pr0pter
2301 1765 2495 1805 nomen
2523 1769 2700 1808 suum.

1979 1835 2028 1892 7.
2067 1837 2201 1892 Nam
2231 1839 2332 1893 etsi
2364 1840 2711 1897 ambulavero
2737 1842 2791 1896 in
2820 1843 2999 1898 medio
3026 1843 3230 1898 umbra:
3256 1845 3466 1912 mortis,

1837 1939 1878 1993 Β
1978 1927 2031 1983 8.
2068 1928 2184 1984 Νοη
2218 1930 2420 1985 timebo
2445 1931 2620 1999 mala;
2651 1932 2911 2002 quoniam
2940 1942 2994 1988 tu
3027 1951 3238 1989 mecum
3266 1951 3345 1992 es.

1979 2019 2032 2074 9.
2065 2018 2229 2090 Virga
2265 2031 2380 2087 tua,
2415 2031 2469 2076 et
2503 2022 2731 2080 baculus
2763 2034 2908 2090 tuus,
2936 2024 3050 2095 ipsa
3079 2041 3161 2080 me
3192 2027 3468 2081 consolala

1904 2119 2050 2164 sunt.

1977 2203 2063 2256 10.
2101 2203 2314 2260 Parasti
2354 2207 2408 2260 in
2448 2218 2741 2278 conspectu
2780 2225 2903 2265 meo
2930 2226 3174 2266 mensam
3211 2210 3467 2265 adversus

1904 2306 2021 2359 eos,
2051 2295 2143 2364 qui
2176 2296 2434 2350 tribulam
2461 2313 2545 2351 me
2571 2314 2584 2351 :

1977 2383 2062 2436 Η.
2102 2381 2462 2454 lmpinguasti
2498 2387 2552 2440 in
2587 2387 2707 2444 oleo
2736 2397 2899 2460 caput
2929 2406 3151 2446 meum:

1348 2511 1722 2567 ATHANASII
1760 2499 2343 2571 INTERPRETATIO.

1970 2627 2057 2682 64.
2094 2626 2315 2695 Omnes,
2347 2645 2441 2699 qui
2471 2639 2684 2686 terrena
2713 2631 2972 2702 cogitant.

1973 2721 2061 2775 65.
2096 2720 2202 2791 lpsi
2231 2721 2446 2792 quidem
2481 2724 2660 2778 anima
2687 2739 2830 2791 mea,
2871 2725 3075 2780 mundo
3111 2735 3289 2780 autem
3316 2741 3463 2782 mor-

1896 2824 1987 2868 tua
2022 2825 2105 2869 est
2139 2834 2151 2869 :

1967 2904 2054 2958 66.
2094 2905 2158 2959 Et
2191 2907 2367 2960 omnis
2399 2923 2518 2961 mea
2551 2910 2806 2979 cogitatio
2838 2911 3094 2966 subdetur
3121 2912 3244 2982 ipsi.

1967 2995 2055 3049 67.
2089 2994 2323 3066 Accepta
2355 2999 2455 3052 erit
2490 2998 2736 3053 Domino.

1967 3085 2052 3142 68.
2087 3086 2466 3144 Pra’dicabuut
2498 3100 2759 3161 praecepta
2795 3092 2935 3161 ejus.

1971 3179 2059 3233 69.
2099 3178 2202 3244 Qui
2234 3193 2497 3246 nascetur,
2528 3184 2723 3253 inquit,
2756 3185 2808 3237 in
2841 3185 3129 3254 baptismo.

302 3272 368 3324 Ἦ
394 3275 724 3348 προκειμένη
759 3277 1037 3350 ἐπιγραφὴ
1069 3281 1310 3351 περιέχει
1342 3281 1450 3353 (2)·
1492 3285 1736 3354 Ψαλμὸς
1771 3287 1852 3353 τῷ
1875 3292 2073 3357 Δαόὶδ,
2116 3296 2361 3348 τουτέστι
2388 3297 2630 3366 ψαλμὸς
2661 3296 2739 3362 τῷ
2781 3300 3046 3367 γεγονότι
3086 3299 3316 3366 ποιμένι
3346 3297 3462 3352 τῶν

221 3367 550 3465 προϐάτων.
576 3372 744 3441 Δῆλον
771 3371 899 3465 γὰρς
926 3375 1006 3428 ὅτι
1028 3376 1055 3427 6
1080 3376 1244 3428 Δαϐὶδ
1271 3383 1474 3448 ποιμὴν
1495 3375 1562 3450 ἦν
1589 3381 1894 3451 προϐάτων.
1923 3388 2156 3461 Ψαλμδς
2186 3388 2279 3446 οὖν
2300 3392 2377 3464 τῷ
2402 3393 2582 3460 Δαϐιδ,
2608 3393 2749 3463 λέγω
2772 3394 2827 3447 δὲ
2851 3393 2929 3465 τῷ
2952 3393 3064 3464 Υἱῷ
3088 3393 3180 3446 τοῦ
3211 3393 3365 3458 Θεοῦ,
3386 3394 3461 3464 τῷ

221 3458 372 3528 καλῷ
403 3461 624 3531 Ποιμένι
645 3477 657 3491 ·
692 3464 771 3516 διὸ
796 3464 986 3532 ἐπάγει
1016 3465 1150 3535 πρὸς
1178 3467 1337 3521 αὑτὸν
1369 3470 1539 3538 λέγων
1559 3487 1570 3500 ·

295 3553 508 3612 Titulus
543 3558 861 3627 praepositus
891 3560 1133 3615 continet
1158 3577 1172 3613 :
1202 3561 1450 3619 Psalmus
1482 3567 1670 3634 David,
1697 3572 1802 3628 hoc
1830 3585 1934 3643 est,
1964 3577 2203 3648 psalmus
2236 3581 2304 3645 ei,
2334 3583 2424 3652 qui
2467 3583 2570 3652 fuit
2608 3593 2791 3649 pastor
2812 3585 3005 3641 ovium.
3039 3582 3315 3653 Siquidem
3346 3598 3458 3638 ma-

221 3647 482 3745 nifestum
513 3657 618 3716 est,
643 3650 787 3720 quod
817 3651 984 3707 David
1011 3663 1128 3707 erat
1159 3665 1344 3723 pastor
1376 3660 1580 3715 ovium.
1615 3661 1866 3724 Psalmus
1910 3670 2074 3741 igitur
2116 3672 2306 3741 David,
2333 3647 2726 3745 Dei,'inquam,
2756 3675 2913 3739 Filio,
2940 3676 3032 3736 qui
3062 3647 3253 3733 Pastor
3285 3676 3459 3731 bonus

222 3738 326 3794 fuit
355 3762 365 3795 :
399 3741 518 3795 ideo
545 3742 726 3797 subdit
754 3743 820 3797 ad
849 3760 972 3798 eum
1003 3745 1188 3801 dicens
1218 3761 1231 3798 :

299 2618 389 2671 ϐλ.
426 2619 629 2684 Πάντες
655 2621 704 2673 οἱ
738 2621 806 2674 τὰ
833 2622 997 2694 γήινα
1033 2625 1372 2696 φρονοῦντες.

295 2703 384 2757 65.
415 2705 570 2776 Αὐτῷ
606 2706 703 2776 μὲν
730 2709 763 2780 ἡ
793 2709 937 2782 ψυχή
965 2706 1079 2784 ’μου
1111 2714 1186 2785 (1)
1208 2733 1221 2746 ·
1270 2716 1347 2787 τῷ
1386 2716 1442 2770 δὲ
1491 2718 1680 2792 κόσμῳ
1711 2737 1799 2774 τε-

225 2794 536 2851 θανάτωται
555 2815 568 2828 ⁸

298 2888 386 2944 66.
419 2891 527 2943 Καὶ
561 2891 709 2945 πᾶσά
737 2910 838 2963 μου
867 2893 1162 2966 ἐνθύμησις
1191 2897 1594 2970 ὑποταγήσεται
1625 2901 1796 2972 αὐτῷ.

293 2980 382 3035 67.
415 2983 586 3053 Δεκτὴ
620 2984 770 3038 ἔσται
803 2984 880 3056 τῷ
915 2986 1120 3057 Κυρίῳ.

290 3069 379 3123 68.
415 3071 722 3143 Κηρύξουσι
752 3073 851 3137 τὰς
879 3075 1096 3139 ἐντολὰς
1128 3077 1311 3131 αὑτοῦ.

295 3159 382 3215 69.
421 3163 857 3233 Τεχθησομένῳ,
889 3165 1055 3234 λέγει,
1082 3168 1138 3218 ἐν
1159 3168 1235 3237 τῷ
1263 3168 1616 3242 βαπτίσματι.

1823 3043 1863 3100 C

295 3853 345 3907 1.
383 3852 440 3904 Ὀ
472 3853 673 3925 ποιμὴν
701 3854 730 3906 ὁ
763 3854 959 3921 καλὸς,
1002 3855 1100 3928 τήν
1128 3856 1306 3930 ψυχὴν
1345 3859 1508 3913 αὑτοῦ
1536 3863 1796 3935 τεθεικὼς

220 3944 364 4016 ὑπὲρ
390 3944 544 4014 ἡμῶν
577 3945 675 4015 (5).

290 4034 348 4088 ‘2.
391 4035 478 4088 Ἐν
506 4037 571 4106 τῇ
611 4035 901 4108 Ἐκκλησία
929 4037 1022 4091 τοῦ
1053 4037 1210 4106 Θεοῦ,
1237 4041 1362 4096 ἔνθα
1383 4046 1432 4097 oi
1459 4044 1601 4115 ἅγιοι
1626 4047 1791 4104 αὑτοῦ

219 4125 492 4183 ἀνθοῦσιν.

294 4220 348 4274 3.
395 4219 480 4272 'Ev
509 4221 572 4290 τῇ
602 4220 894 4291 χάριτι,τοῦ
923 4222 1236 4294 Πνεύματος
1264 4226 1436 4294 ἁγίου.

1157 4241 1236 4288 τος
1264 4226 1436 4294 ἁγίου.
1964 4241 2016 4293 5.
2049 4237 2105 4293 1η
2135 4241 2307 4310 gratia
2343 4238 2578 4307 Spiritus
2608 4240 2801 4294 sancti.

297 4311 365 4378 4,
418 4312 471 4366 5.
521 4313 614 4365 Ἐκ
662 4312 761 4382 τῆς
813 4316 1185 4387 αἰχμαλωσίας
1230 4317 1325 4371 τοῦ
1375 4319 1620 4375 διαϐόλου
1672 4324 1792 4377 ἐπι-

1961 4333 2019 4396 4,
2057 4331 2109 4385 5.
2157 4331 2198 4383 Ε
2239 4331 2436 4383 diaboli
2477 4331 2786 4400 captivitate
2817 4331 3054 4386 animam
3092 4349 3264 4388 meam
3298 4333 3364 4390 ad
3399 4351 3451 4390 se

224 4403 462 4475 στρέψας
480 4404 575 4475 τὴν
603 4403 779 4477 ψυχήν
809 4425 909 4477 μου
930 4407 1003 4479 (4)
1033 4409 1170 4481 πρὸς
1195 4411 1388 4466 ἑαυτὸν
1421 4412 1791 4487 ὡδήγησεν(5)

1350 4429 1388 4466 ιν
1421 4412 1791 4487 ὡδήγησεν(5)
1895 4430 2218 4478 convertens
2252 4421 2473 4476 deduxit
2500 4426 2553 4476 in
2583 4434 2844 4494 praecepta
2874 4439 2994 4492 sua,

224 4496 318 4549 ἐπὶ
343 4495 443 4558 τὰς
471 4495 683 4559 ἐντολὰς
714 4497 899 4563 αὑτοῦ,

291 4589 342 4640 6.
381 4587 548 4658 ’Υπὲρ
581 4587 962 4661 τοῦιόνὸματος
992 4594 1178 4649 αὐτοῦ.

297 4676 347 4729 7.
379 4677 475 4740 Είς
501 4676 561 4729 τὸ
585 4680 960 4752 τιμωρηθῆναι
987 4703 1054 4756 με
1080 4685 1218 4759 ὑπὲρ
1250 4687 1362 4743 σοῦ.

287 4768 340 4822 8.
377 4769 451 4821 Οὐ
485 4772 703 4842 πτοήσει
736 4789 801 4842 με
831 4777 978 4829 πᾶσα
1002 4781 1241 4852 τιμωρία
1265 4822 1278 4846 ,
1310 4783 1391 4834 ὅτι
1428 4783 1492 4836 σὺ
1522 4780 1786 4853 ἐνισχύεις

225 4875 291 4929 με
322 4859 611 4928 ὑπομένειν
640 4860 859 4926 ταύτας.

291 4948 344 5003 9.
384 4950 444 5002 '0
483 4951 610 5015 Υἱός
643 4969 736 5006 σου
780 4955 875 5008 καὶ
913 4956 973 5009 τὸ
999 4958 1223 5031 Πνεῦμά
1268 4978 1361 5014 σου
1408 4962 1470 5016 τὸ
1506 4962 1656 5033 ἅγιον
1684 4965 1785 5018 ἐπ-

1969 3874 2020 3930 l.
2074 3874 2254 3931 Bonus
2284 3886 2492 3946 pastor,
2537 3875 2628 3947 qui
2673 3879 2854 3948 posuit
2883 3879 3118 3935 animam
3165 3898 3319 3937 suam
3360 3900 3457 3954 pro

1892 3969 2069 4025 nobis.

1962 4059 2014 4114 2.
2050 4060 2107 4114 In
2138 4059 2374 4117 Ecclesia
2413 4061 2527 4129 Dei,
2557 4062 2647 4116 ubi
2677 4064 2848 4119 sancti
2877 4064 2996 4135 ejus
3027 4065 3239 4123 ﬂorent.

1816 4580 1860 4636 Β
1958 4595 2009 4650 6.
2043 4594 2148 4649 Pro
2176 4593 2393 4648 nomine
2422 4594 2560 4664 ejus.

1963 4685 2012 4742 7.
2045 4684 2179 4740 Cum
2210 4700 2306 4754 ego
2331 4691 2598 4739 tormenta
2631 4697 2729 4752 pro
2761 4689 2812 4737 te
2845 4682 3175 4738 sustinuero.

1961 4780 2013 4831 8.
2044 4776 2233 4831 Nullus
2265 4792 2352 4830 me
2378 4776 2652 4831 cruciatus
2680 4775 2917 4840 terrebit,
2946 4775 3201 4845 quoniam
3227 4784 3283 4831 tu
3311 4776 3448 4833 vires

1893 4868 2026 4924 mihi
2056 4868 2283 4937 praebes,
2314 4876 2373 4921 ut
2403 4867 2525 4921 illos
2557 4864 2845 4936 perferam.

1963 4959 2016 5014 9.
2059 4957 2230 5013 Filius
2265 4968 2422 5024 tuus,
2458 4966 2512 5012 et
2543 4956 2778 5028 Spiritus
2813 4965 3037 5012 sanctus
3066 4963 3193 5013 tuus
3223 4972 3445 5013 conver-

222 5041 487 5111 ἔστρεψαν
518 5060 605 5114 με.

557 5061 605 5098 ει
1889 5060 2068 5106 terunt
2096 5065 2200 5104 me.

291 5132 378 5187 10.
411 5134 519 5205 Τὴν
552 5136 870 5208 ἐπουράνιον
912 5139 1057 5209 λέγει
1086 5143 1364 5216 τράπεζαν
1397 5145 1460 5200 τὸ
1491 5147 1786 5218 μυστήριον

1961 5144 2048 5198 10.
2082 5143 2366 5200 ιξωιεειεω
2405 5159 2648 5199 mensam
2676 5152 2832 5199 vocat
2871 5142 3187 5216 mysterium
3222 5143 3445 5198 immor-

221 5225 281 5278 τὸ
308 5224 592 5280 ἀθάνατον.
1883 5237 2007 5293 tale.

295 5317 384 5370 Η.
422 5317 494 5370 Τὸ
527 5317 701 5371 ἔλαιον
734 5318 885 5389 λέγει
925 5322 1023 5393 τῆς
1061 5323 1282 5396 χάριτος
1307 5324 1402 5380 τοῦ
1432 5324 1586 5396 ἁγίου
1621 5325 1788 5385 Πνεύς

1480 5324 1586 5396 γίου
1621 5325 1788 5385 Πνεύ-
1958 5325 2043 5380 ll.
2072 5323 2260 5382 Oleum
2295 5325 2426 5382 dicit
2453 5327 2641 5398 gratia:
2667 5326 2904 5398 Spiritus
2933 5328 3124 5383 sancti.

227 5421 410 5470 ματος.

226 5423 410 5477 ματος.

1170 5527 1475 5591 Addenda
1517 5538 1582 5592 et
1614 5527 1984 5607 corrigenda
2031 5543 2107 5586 ex
2135 5525 2272 5586 cod.
2303 5524 2503 5584 Vatic.

297 5662 372 5730 (l)
417 5665 482 5717 Ἢ
512 5665 654 5735 ψυχή
695 5683 792 5736 μου
823 5666 910 5738 ζῇ.
1983 5672 2037 5740 4)
2064 5671 2128 5726 Ν.
2153 5669 2206 5724 ι.
2250 5671 2343 5723 Ἐκ
2364 5670 2526 5740 τῆς...
2557 5669 2656 5740 τὴν
2677 5669 3005 5752 ψυχήνημου.

297 5737 370 5814 (ἓ)
413 5732 590 5814 ᾝΔδιὰ
619 5736 714 5814 τῆς
743 5737 1108 5814 κινναϐάρεως
1137 5740 1402 5812 περιέχει.
1959 5674 2032 5814 ξε)
2059 5742 2122 5797 Ν.
2155 5743 2207 5799 5.
2248 5741 2506 5812 Ὠδήγησέ
2545 5756 2677 5809 με...
2714 5741 2902 5795 αὐτου.

295 5737 370 5814 (2)
413 5732 714 5814 31511
743 5732 1108 5814 θειννᾶὁᾴρεως
1137 5740 1402 5812 περιέχει.
2059 5742 2122 5797 Ν.
2155 5743 2207 5799 5.
2248 5732 2506 5812 Ὠδήγήσέ
2545 5732 2902 5809 με’...ἀδτοῦξ

298 5807 372 5875 (5)
413 5805 634 5876 Τίθησιν
666 5805 802 5878 ὑπὲρ
830 5805 1128 5880 προϐάτων.
