4164 6494
722 415 814 467 ’131
1569 407 1627 464 S.
1667 403 2035 460 ATHANASII
2075 403 2223 459 OPP.
2265 402 2366 458 PA]

2296 402 2440 458 ’ARS
2477 402 2564 458 ιιι.
2604 432 2675 442 -
2711 398 3116 456 ΕΧΕΟΕΤΙΟΑ.
3842 392 3940 448 752

795 525 880 580 12.
920 523 984 578 Et
1005 524 1142 578 calix
1167 531 1294 578 tuus
1318 521 1617 588 inebrians,
1642 535 1806 590 quam
1840 519 2134 589 praeclarus
2160 527 2279 572 est:
2312 527 2357 577 Α

2312 527 2357 577 Α
2457 514 2546 568 12.
2577 515 2686 567 Καὶ
2709 514 2770 567 τὸ
2800 513 3060 583 ποτήριόν
3096 527 3190 564 σου
3223 508 3490 580 μεθύσκον
3523 525 3610 578 με,
3645 508 3779 562 ὡσεὶ
3807 512 3939 582 κρά-

2391 608 2559 660 ίιστον
2575 619 2588 632 ·

797 705 882 757 15.
921 703 983 757 Et
1013 701 1388 757 misericordia
1414 711 1503 755 tua
1535 701 1898 770 subsequetur
1921 713 2007 752 me
2029 696 2282 752 omnibus

2453 697 2541 751 15.
2571 697 2680 749 Καὶ
2725 695 2785 747 τὸ
2831 693 2977 756 ἔλεός
3021 708 3114 746 σου
3159 690 3478 756 καταδιώξει
3525 708 3592 762 με
3633 692 3813 754 πάσας
3849 691 3939 756 τὰς

721 799 909 852 diebus
936 797 1058 850 vitae
1091 811 1222 849 mem
1250 811 1262 847 :

2383 787 2594 860 ἡμέρας
2623 786 2717 855 τῆς
2751 784 2896 854 ζωῆς
2929 799 3061 854 μου·

795 888 880 941 14.
918 887 980 938 Et
1010 897 1067 941 ut
1094 887 1389 941 inhabilem
1426 886 1478 940 in
1511 885 1676 940 domo
1711 882 1926 938 Domini
1954 883 2010 937 in
2051 881 2284 952 longitu-

2455 879 2544 934 14.
2575 877 2684 930 Καὶ
2711 877 2772 929 τὸ
2794 878 3064 931 κατοικεῖν
3086 893 3152 946 με
3179 876 3235 928 ὲν
3264 873 3396 946 οἴκῳ
3417 875 3622 948 Κυρίου
3645 876 3724 938 είς
3752 873 3945 946 μακρό-

722 980 901 1034 dinem
932 979 1166 1036 dierum.

1151 1021 1166 1036 .
2382 987 2519 1043 τητα
2546 972 2650 1041 ήμε
2658 970 2786 1041 ρῶν.

721 1094 909 1146 Prima
955 1093 1202 1156 Sabbati,
1261 1091 1495 1161 psalmus
1551 1089 1738 1145 David.
1796 1088 1994 1143 PSAL.
2055 1087 2282 1143 XXIII.

2394 1081 2638 1152 Ψαλμός
2663 1080 2743 1147 τῷ
2767 1080 2943 1135 Δαϐὶδ
2969 1078 3080 1147 τῆς
3095 1078 3236 1149 μιᾶς
3260 1079 3580 1133 Σαϐὄὰτου.
3615 1080 3790 1133 ΨΑΛ.
3813 1079 3941 1131 KI”.

795 1188 845 1238 1.
879 1184 1094 1238 Domini
1125 1193 1206 1238 est
1240 1194 1400 1248 terra,
1433 1191 1484 1237 et
1516 1181 1790 1251 plenitudo
1817 1180 1957 1250 ejus,

2455 1177 2506 1229 1.
2541 1175 2646 1228 Τοῦ
2677 1175 2877 1245 Κυρίου
2905 1174 2939 1245 ή
2967 1173 3061 1243 γῆ,
3088 1173 3182 1225 καὶ
3208 1172 3269 1225 τὸ
3299 1172 3572 1244 πλήρωμα
3604 1171 3774 1240 αὐτῆς
3793 1213 3808 1237 ,

792 1277 847 1329 2.
880 1275 1038 1330 Orbis
1064 1285 1360 1337 terrarum,
1379 1284 1431 1329 et
1455 1273 1716 1335 universi,
1735 1274 1827 1342 qui
1853 1272 2100 1326 habitant
2119 1271 2173 1327 in
2198 1287 2283 1328 eo.

2455 1266 2510 1319 2.
2539 1267 2601 1318 Ἢ
2617 1265 2909 1337 οἰκουμένη
2927 1265 3021 1318 καὶ
3042 1264 3238 1328 πάντες
3254 1265 3302 1317 οἱ
3320 1263 3700 1324 κατοικοῦντες
3717 1264 3774 1314 ὲν
3790 1261 3947 1333 αὐτῇ.

794 1367 847 1419 5.
883 1367 1019 1432 Quia
1057 1369 1170 1436 ipse
1200 1381 1364 1434 super
1400 1365 1568 1418 maria
1602 1363 1848 1418 fundavit
1878 1378 2004 1417 eum
2034 1382 2046 1418 :

2454 1357 2508 1413 5.
2538 1357 2709 1420 Αὐτὸς
2732 1357 2840 1428 γὰρ
2872 1357 2964 1410 ἐπὶ
2990 1355 3271 1410 θαλασσῶν
3297 1355 3651 1426 ἐθεμελίωσεν
3677 1353 3868 1425 αὐτὴν,

792 1458 848 1509 4.
883 1456 946 1510 Et
979 1474 1142 1526 super
1174 1457 1397 1511 [lumina
1425 1457 1747 1525 prrcparavit
1775 1470 1923 1509 eum.

2453 1447 2508 1504 4.
2545 1449 2652 1501 Καὶ
2678 1450 2768 1501 ἐπὶ
2789 1448 3048 1519 ποταμῶν
3075 1447 3368 1520 ἡτοίμασεν
3397 1447 3587 1518 αὐτὴν.

793 1549 847 1601 5.
883 1548 1012 1613 Quis
1041 1549 1295 1602 ascendet
1321 1550 1374 1600 in
1403 1561 1643 1601 montem
1679 1546 1940 1601 Domini?

2457 1539 2511 1596 5.
2538 1539 2633 1601 Τίς
2656 1538 2980 1610 ἀναϐήσεται
3013 1541 3094 1601 είς
3119 1538 3182 1592 τὸ
3203 1539 3328 1609 ὅρος
3347 1536 3439 1590 τοῦ
3474 1538 3678 1608 Κυρίου
3699 1555 3713 1602 ;

795 1637 848 1692 6.
883 1641 989 1692 Aut
1020 1640 1144 1707 quis
1173 1638 1337 1692 stabit
1368 1639 1420 1691 in
1455 1637 1575 1691 loco
1603 1646 1793 1691 sancto
1827 1635 1986 1706 ejus?

2457 1628 2511 1684 6.
2546 1628 2617 1680 Ἦ
2642 1627 2725 1691 τίς
2756 1627 3009 1698 στήσεται
3037 1628 3093 1680 ὲν
3115 1627 3265 1697 τόπῳ
3293 1627 3433 1696 ἁγίῳ
3458 1625 3656 1693 aurci;

798 1728 848 1786 7.
883 1729 1148 1784 lnnocens
1183 1732 1456 1794 manibus,
1485 1740 1537 1784 ct
1561 1731 1766 1784 mundo
1788 1729 1989 1784 corde:

2457 1724 2510 1776 7.
2554 1723 2752 1786 Ἀοῶος
2778 1723 2953 1795 χερσὶ,
2981 1722 3076 1775 καὶ
3103 1723 3339 1794 καθαρὸς
3371 1726 3438 1794 τῇ
3473 1721 3692 1792 καρδίᾳ,

793 1821 848 1877 8.
882 1821 985 1887 Qui
1020 1839 1123 1876 non
1153 1823 1359 1891 accepit
1394 1823 1445 1874 in
1473 1836 1615 1875 vano
1642 1822 1880 1874 animam
1910 1835 2066 1875 suam
2095 1835 2109 1851 '
2317 1857 2368 1917 Β

2317 1857 2368 1917 Β
2464 1815 2517 1870 8.
2548 1817 2644 1880 Ὃς
2673 1817 2773 1869 οὐκ
2797 1815 2986 1868 ἐλαϐεν
3013 1815 3105 1868 ἐπὶ
3141 1814 3351 1886 ματαίῳ
3383 1815 3482 1884 τὴν
3511 1814 3690 1883 ψυχὴν
3716 1811 3903 1876 αὐτοῦ,

795 1913 849 1968 9.
884 1913 992 1967 Nec
1017 1913 1219 1982 juravit
1250 1913 1304 1965 in
1333 1913 1456 1966 dolo
1481 1913 1730 1981 proximo
1761 1926 1862 1964 suo
1891 1930 1903 1964 :
2318 1903 2367 1917 ”’

2318 1903 2367 1917 ’⁷
2462 1909 2518 1964 9.
2551 1908 2661 1961 Καὶ
2685 1907 2782 1959 οὐκ
2809 1905 3019 1977 ὤμοσεν
3051 1907 3142 1959 ἐπὶ
3173 1905 3308 1976 δόλῳ
3335 1905 3410 1976 τῷ
3443 1905 3668 1976 πλησίον
3701 1903 3867 1958 αὑτοῦ
3887 1919 3900 1933 ·

794 2003 884 2058 10.
919 2003 1015 2058 llic
1044 2006 1273 2072 accipiet
1305 2005 1738 2058 benedictionem
1775 2019 1804 2055 a
1830 2000 2084 2065 Domino,

2465 2000 2550 2055 10.
2585 1999 2662 2070 (a)
2699 1991 2866 2063 Οὗτος
2890 1999 3116 2070 λήψεται
3144 1998 3387 2068 εὐλογίαν
3415 1997 3564 2068 παρὰ
3589 1999 3817 2067 Κυρίου,

797 2095 882 2148 11.
915 2095 978 2148 Ει
1011 2095 1443 2149 misericordiam
1481 2110 1509 2146 a
1541 2093 1649 2147 Deo
1680 2093 1905 2148 salutari
1941 2107 2064 2148 suo.

2466 2093 2550 2148 11.
2578 2093 2687 2146 Kal.
2719 2091 3084 2163 ἐλεημοσύνην
3113 2091 3261 2162 παρὰ
3283 2089 3417 2144 Θεοῦ
3450 2091 3693 2162 σωτῆρος
3722 2089 3908 2145 αὑτοῦ.

793 2184 878 2236 12.
918 2183 1039 2238 llznc
1067 2194 1149 2238 cst
1173 2185 1444 2254 generatio
1465 2185 1820 2254 quzcrcntium
1847 2199 1972 2238 eum
1998 2198 2013 2236 :

2472 2184 2554 2239 12.
2588 2183 2735 2253 Αὕτη
2765 2185 2798 2254 ἡ
2830 2183 2991 2251 γενεὰ
3017 2183 3316 2254 ζητούντων
3339 2181 3432 2235 τὸν
3456 2182 3679 2252 Κύριον,

796 2276 881 2328 15.
919 2275 1285 2339 Quaerendum
1317 2275 1508 2329 faciem
1540 2274 1633 2329 Dei
1665 2273 1853 2330 Jacob.

2471 2274 2556 2329 15.
2591 2274 2902 2345 Ζητούντων
2931 2276 2994 2326 τὸ
3019 2275 3306 2344 πρόσωπον
3333 2272 3427 2327 τοῦ
3456 2271 3591 2325 Θεοῦ
3628 2270 3845 2327 Ἰακώϐ.

800 2367 883 2420 14.
917 2366 1154 2419 Attollitc
1183 2378 1385 2435 portas,
1415 2367 1713 2436 principes,
1740 2374 1950 2420 vestras
1977 2379 1994 2416 :

1977 2379 1994 2416 ε
2473 2367 2559 2422 14.
2588 2370 2786 2439 Ἀρατε
2816 2368 3008 2432 πύλας,
3031 2369 3080 2420 οἱ
3106 2367 3382 2438 ἄρχοντες,
3413 2365 3567 2437 ὑμῶν
3585 2381 3602 2397 ο

797 2457 884 2510 15.
919 2457 982 2510 Ει
1009 2458 1320 2523 clevamini,
1347 2465 1517 2526 portae
1544 2456 1827 2510 aeternales
1855 2471 1869 2508 :

1855 2471 1869 2508 ἔ
2474 2458 2560 2512 15.
2592 2459 2700 2512 Καὶ
2732 2458 3026 2531 ὲπάρΟητε,
3061 2458 3224 2511 πύλαι
3253 2456 3491 2510 αἰώνιοι·

794 2547 882 2602 16.
913 2549 976 2601 Et
1004 2549 1250 2603 introibit
1275 2565 1366 2602 rex
1405 2549 1607 2618 gloriae.

2472 2547 2559 2603 16.
2593 2550 2703 2601 Καὶ
2732 2549 3092 2601 εἰσελεύσεται
3117 2548 3144 2599 ὁ
3175 2546 3424 2617 βασιλεὺς
3446 2547 3546 2618 τῆς
3574 2546 3754 2619 δόξης.

798 2639 885 2692 17.
917 2638 1049 2704 Quis
1079 2650 1162 2693 est
1193 2641 1292 2692 iste
1321 2654 1415 2693 rex
1445 2638 1664 2708 gloriae!

2471 2638 2557 2692 17.
2591 2638 2688 2701 Τίς
2712 2639 2858 2690 ἐστιν
2891 2632 3042 2701 οὗτος
3069 2639 3097 2690 ὁ
3128 2636 3378 2706 βασιλεὺς
3401 2636 3500 2706 τῆς
3525 2636 3716 2708 δόξης

801 2730 885 2784 18.
923 2730 1185 2784 Dominus
1219 2730 1396 2796 fortis,
1428 2742 1480 2785 et
1507 2740 1726 2800 potens,

2472 2729 2558 2783 18.
2589 2729 2787 2799 Κύριος
2813 2729 3069 2799 κραταιὸς
3097 2729 3191 2782 καὶ
3212 2728 3432 2792 δυνατὸς
3455 2769 3470 2797 ,

802 2821 888 2876 19.
930 2821 1188 2876 Dominus
1221 2832 1412 2892 puteus
1446 2823 1498 2876 in
1531 2823 1738 2892 praelia.

2469 2821 2554 2876 19.
2585 2821 2786 2893 Κύριος
2813 2821 3031 2884 δυνατὸς
3060 2823 3116 2873 ἐν
3145 2821 3381 2892 πολέμῳ.

795 2913 871 2986 (αν)
913 2909 1079 2976 Οὗτος
1126 2914 1349 2982 λήψεται
1389 2914 1641 2986 εὐλογίαν
1685 2915 1835 2986 παρὰ
1874 2913 2287 2986 ΘεοῦΣωτῆρος
2355 2912 2550 2976 αὑτοῦ,
2610 2916 2704 2966 καὶ
2740 2912 3112 2986 -ἐλεηοήσεται
3143 2913 3246 2966 ὑπὸ
3272 2912 3365 2965 τοῦ
3405 2911 3538 2986 Θεοῦ
3574 2909 3668 2964 τοῦ
3705 2908 3952 2986 σώζοντος

725 2980 908 3038 αὺτὸν.
945 2986 1041 3036 llic
1103 2980 1320 3051 accipiet
1380 2980 1787 3036 benedictionem
1812 3002 1844 3037 a
1897 2983 2004 3037 Deo
2056 2980 2329 3038 Saluatore
2356 3002 2473 3051 suo,
2495 2995 2543 3038 et
2569 2980 2987 3038 misericordiam
3037 2993 3430 3053 cousequetura
3465 2981 3597 3051 Deo,
3637 2982 3729 3053 qui
3761 2980 3952 3038 salvum

728 3055 855 3118 facit
881 3071 1022 3109 eum.
1059 3053 1115 3106 In
1143 3071 1312 3124 marg.
1349 3055 1471 3108 cod.
1503 3053 1784 3108 Barbcrin.

1841 3164 2215 3220 ATIlANASll
2256 3163 2845 3220 lNTERPRETATlO.

805 3281 1272 3341 12.1mmortalcm
1303 3296 1487 3356 potum
1511 3289 1678 3344 divini
1709 3290 1990 3360 sanguinis
2013 3290 2298 3360 signiﬁcat.
2329 3297 2372 3354 c

2293 3332 2298 3345 .
2329 3297 2372 3354 c
2477 3289 2562 3344 12.
2593 3287 2702 3359 Τὴν
2739 3284 3002 3341 ἀθάνατον
3034 3285 3191 3339 πόσιν
3221 3285 3315 3339 τοῦ
3346 3284 3492 3339 θείου
3536 3285 3770 3355 αἵματος
3796 3282 3937 3353 λέγει

807 3376 890 3428 15.
928 3376 1299 3432 lndesinenter
1326 3380 1457 3433 mibi
1493 3381 1614 3436 erit.

2474 3382 2557 3436 15.
2600 3378 2975 3441 Ἀδιαλείπτως
3006 3395 3094 3449 μοι
3124 3378 3196 3449 (Ι)
3224 3377 3393 3434 ἔσται.

801 3468 888 3520 11.
927 3466 982 3520 In
1017 3484 1251 3537 superna
1287 3468 1608 3526 Jerusalem.

2475 3473 2558 3525 14.
2594 3473 2686 3534 Εἰς
2709 3471 2805 3542 τὴν
2829 3470 2938 3524 ἄνω
2977 3469 3347 3541 Ἰερουσαλήμ.

811 3577 876 3631 Ἦ
906 3583 1234 3654 προκειμένη
1261 3583 1537 3654 ἐπιγραφὴ
1565 3584 1804 3655 περιέχει
1834 3585 1912 3656 (‘2)
1934 3603 1946 3616 ·
1970 3585 2213 3654 Ψαλμὸς
2237 3584 2315 3650 τῷ
2339 3585 2514 3639 Δαὸὶδ
2531 3585 2640 3654 τῆς
2655 3584 2796 3656 μιᾶς
2816 3581 3136 3639 Σαϐϐάτου.
3162 3582 3331 3638 Τοῦτο
3351 3583 3626 3654 σημαίνει,
3651 3584 3734 3636 ὅτι
3755 3581 3954 3652 εἴρηται

728 3673 758 3725 ὁ
785 3671 998 3741 ψαλμὸς
1027 3675 1174 3745 παρὰ
1196 3677 1286 3729 τοῦ
1314 3677 1476 3730 Δαϐὶδ
1499 3679 1624 3748 περὶ
1653 3679 1748 3748 τῆς
1783 3681 2128 3743 ἀναστάσεως
2158 3680 2248 3733 τοῦ
2282 3679 2503 3751 Κυρίου.

803 3765 1013 3820 Titulus
1047 3769 1369 3836 pra-positus
1399 3771 1643 3824 continet
1673 3787 1685 3822 :
1720 3771 1965 3824 I’sulmus
1999 3771 2164 3825 David
2188 3773 2361 3844 prima
2382 3771 2754 3828 Sabbatorum.
2775 3768 2889 3824 lloc
2905 3776 3085 3822 autem
3110 3767 3400 3838 signiﬁcat,
3425 3767 3572 3838 quod
3594 3767 3839 3838 psalmus
3882 3767 3954 3821 di-

731 3871 852 3915 ctus
886 3869 970 3915 cst
998 3877 1028 3914 a
1061 3861 1256 3916 Daride
1287 3863 1352 3916 dc
1382 3866 1778 3919 resurrectione
1804 3865 2038 3922 Domini.

803 3956 854 4008 1.
892 3955 949 4006 1n
980 3955 1248 4024 principio
1274 3958 1418 4012 enim
1453 3957 1579 4012 fecit
1615 3970 1837 4014 terram.

2471 3963 2518 4014 1.
2558 3961 2645 4012 Ἐν
2673 3959 2812 4030 ἀρχῇ
2838 3958 2946 4029 γὰρ
2977 3957 3199 4026 ἐποίησε
3225 3951 3322 4023 τὴν
3352 3951 3455 4021 γῆν
3481 3949 3577 4021 (5).

801 4044 857 4097 9..
893 4044 1087 4098 Omnia
1115 4055 1317 4111 autent,
1349 4064 1472 4116 qua:
1498 4049 1552 4103 in
1579 4064 1642 4104 ea
1670 4060 1817 4118 sunt,
1848 4060 1902 4106 et
1932 4053 2024 4122 qui
2056 4053 2300 4107 habitant

2465 4054 2518 4104 9..
2552 4051 2734 4104 Πάντα
2777 4050 2832 4102 δὲ
2862 4049 2930 4101 τὰ
2963 4050 3019 4100 ἐν
3054 4047 3190 4115 αὐτῇ
3222 4042 3381 4106 αὐτὸς
3417 4042 3638 4113 ἐποίησε
3659 4081 3674 4104 ,
3710 4041 3806 4096 καὶ
3844 4043 3954 4104 τοὺς

732 4134 787 4189 in
823 4151 907 4197 ea,
943 4136 1054 4205 ipse
1086 4136 1226 4194 fecit.

2400 4142 2739 4203 ἐνοικοῦντας
2768 4143 2826 4193 ὲν
2855 4140 3011 4210 αὐτῇ.

803 4225 857 4279 5.
896 4225 1059 4280 Terra
1089 4229 1232 4282 enim
1263 4245 1328 4284 ex
1362 4245 1502 4301 aqua
1532 4232 1691 4303 jussu
1717 4237 1836 4305 ejus
1869 4235 2141 4291 consistit.

2469 4234 2520 4287 5.
2553 4232 2626 4301 Γῆ
2653 4233 2758 4302 γὰρ
2784 4231 2842 4296 ἐξ
2881 4230 3067 4294 ὕδατός
3097 4232 3211 4282 ἐστι
3245 4225 3554 4280 συνεστῶσα
3581 4226 3647 4294 τῇ
3675 4221 3838 4277 αὑτοῦ
3871 4239 3954 4275 κε-

2400 4325 2413 4337 ι
2473 4325 2484 4338 1

2400 4342 2595 4378 Λευςει.

803 4402 859 4461 αἱ.
901 4403 968 4460 Ut
1001 4422 1095 4476 per
1119 4424 1241 4462 eum
1271 4411 1495 4466 ﬂumina
1521 4414 1834 4469 transirent.

2469 4417 2520 4468 .1.
2555 4415 2644 4477 Εἰς
2675 4414 2734 4466 τὸ
2762 4413 3016 4466 διοδεύειν
3038 4411 3164 4476 τοὺς
3196 4425 3472 4480 ποταμούς
3499 4409 3555 4461 ἐν
3577 4409 3738 4481 αὐτῇ.

804 4494 857 4548 5.
893 4495 950 4550 In
984 4499 1259 4554 cmlcstem
1287 4502 1584 4568 civitatem,
1615 4505 1810 4575 inquit.

2469 4509 2521 4562 5.
2555 4509 2647 4570 Εἰς
2673 4509 2770 4577 τὴν
2800 4506 3118 4577 ἐπουράνιον
3153 4505 3323 4570 πόλιν,
3359 4504 3524 4572 λέγει.

803 4586 856 4640 6.
891 4586 1022 4654 Quis
1047 4590 1242 4660 dignus
1267 4596 1483 4649 :eternis
1513 4596 1920 4652 mansionibus?

1918 4606 1920 4620 '
2466 4601 2517 4654 6.
2554 4601 2648 4663 Τίς
2679 4601 2826 4666 ἄξιος
2848 4599 2924 4670 (4)
2950 4599 3055 4651 τῶν
3084 4598 3317 4651 αἰωνίων
3349 4595 3562 4667 μονῶν;

809 4677 860 4732 7.
894 4679 1119 4735 Omnem
1165 4700 1195 4738 a
1239 4699 1297 4739 se
1338 4687 1598 4755 abjiciens
1629 4689 1966 4760 iniquitatem
1987 4731 2001 4755 ,
2035 4699 2088 4745 ct
2116 4691 2296 4745 omnia

2469 4690 2522 4743 7.
2560 4690 2617 4740 Ὀ
2644 4690 2820 4742 πᾶσαν
2849 4687 3059 4741 ἀδικίαν
3091 4687 3440 4759 ἀπορρίπτων
3484 4683 3579 4752 ἀφ’
3615 4681 3810 4738 ἑαυτοῦ
3829 4723 3844 4752 ,
3873 4681 3959 4738 καὶ

736 4768 802 4822 ad
830 4768 922 4826 Dei
948 4773 1277 4829 voluntatem
1305 4775 1530 4833 faciens.

2399 4779 2575 4833 πάντα
2605 4778 2770 4830 ποιῶν
2797 4779 2876 4841 εἰς
2903 4778 2965 4830 τὸ
2984 4776 3076 4830 τοῦ
3106 4777 3237 4830 Θεοῦ
3269 4775 3530 4847 βούλημα.

807 4861 860 4918 8.
893 4863 1021 4931 Quae
1053 4864 1104 4920 in
1140 4868 1343 4923 mundo
1377 4878 1523 4934 sunt,
1553 4885 1659 4924 non
1692 4870 1893 4928 dilexit.

1821 4872 1893 4928 iit.
2464 4874 2518 4928 8.
2553 4874 2664 4925 Ούκ
2690 4874 2942 4944 ἠγάπησε
2973 4873 3041 4926 τὰ
3071 4874 3126 4925 ὲν
3150 4871 3228 4942 τῷ
3259 4871 3465 4941 κόσμῳ.

804 4956 857 5011 9.
886 4956 1071 5028 Ncquc
1098 4959 1379 5029 pejeravit,
1409 4978 1583 5032 neque
1618 4964 1874 5021 mentitus
1901 4973 2002 5020 est.

1849 4982 1874 5021 s
1901 4973 2002 5020 est.
2466 4963 2519 5017 9.
2549 4963 2661 5016 Οὐκ
2683 4963 3044 5035 ἐπιώρκησεν,
3071 4963 3189 5016 οὐδὲ
3213 4961 3489 5032 ἐψεύσατο.

808 5048 894 5116 10,
930 5051 1014 5103 1t.
1049 5050 1224 5116 Nunc,
1251 5062 1304 5107 ct
1331 5054 1384 5107 iu
1416 5053 1600 5110 futuro
1631 5057 1849 5116 smculo.

2466 5056 2550 5118 10,
2583 5055 2665 5108 11.
2713 5056 2799 5108 Ἐν
2829 5055 2907 5125 τῷ
2941 5055 3035 5108 νῦν
3068 5054 3144 5125 (ὅ)
3175 5055 3267 5107 καὶ
3301 5055 3357 5106 ὲν
3383 5053 3463 5123 τῷ
3492 5053 3741 5124 μέλλοντι
3789 5053 3959 5109 αἰῶνι.

807 5139 892 5192 12.
929 5139 1272 5210 Diligentiam
1302 5143 1610 5201 Dominum.

2468 5145 2552 5199 1‘2.
2597 5143 2955 5213 Ἀγαπὼντων
2980 5143 3071 5196 τὸν
3099 5141 3319 5214 Κύριον.

809 5229 893 5281 15.
936 5231 1364 5286 Desiderantium
1399 5236 1575 5304 ipsum
1605 5235 1807 5290 videre.
2329 5229 2372 5283 θ

2329 5229 2372 5283 D
2471 5236 2558 5291 15.
2595 5235 3031 5307 Ἐπιουμούντων
3064 5235 3224 5288 αύτδν
3256 5234 3574 5288 θεάσασθαι.

808 5324 994 5378 λιιι-19.
1038 5323 1111 5378 De
1137 5323 1403 5380 descensu
1434 5327 1693 5396 loquitur,
1727 5341 1891 5397 quem
1922 5325 2050 5382 fecit
2074 5325 2128 5381 in
2159 5325 2294 5382 infe-

2469 5325 2659 5380 14-19.
2685 5325 2821 5396 Περὶ
2847 5325 2945 5395 τῆς
2974 5323 3325 5387 καταϐάσεως
3349 5323 3527 5392 λέγει,
3562 5319 3632 5396 ἦς
3672 5327 3956 5398 ἐποιήσατο

739 5412 910 5469 riores
943 5424 1123 5484 partes
1150 5425 1326 5483 teme,
1351 5425 1403 5472 et
1433 5417 1684 5487 spoliavit
1707 5414 1997 5473 infernum.

2396 5418 2463 5471 τὰ
2491 5417 2565 5486 (6)
2579 5417 2859 5471 κατώτεοα
2878 5417 3017 5488 μέρη
3033 5416 3131 5487 τῆς
3155 5416 3277 5486 γῆς,
3290 5416 3384 5470 καὶ
3397 5415 3694 5471 ἐσκύλευσε
3710 5417 3799 5472 τὸν
3813 5417 3952 5489 ᾅδην.

1675 5510 1975 5576 Addenda
2025 5515 2084 5575 et
2117 5508 2487 5590 corrigenda
2535 5529 2612 5572 ex
2646 5510 2783 5572 cod.
2817 5509 3017 5572 Vatic.

803 5608 878 5682 (1)
916 5609 1275 5682 {Maiis-.3?“
1311 5627 1463 5682 μοικ

2483 5612 2557 5682 (5)
2590 5610 2914 5682 Ν.710.ᾃκα“ι
2943 5613 3000 5682 ἐν
3023 5610 3101 5682 τῷ
3121 5609 3236 5682 νύν,
3261 5617 3365 5665 etc.
3392 5606 3466 5682 Ν.
3488 5609 3577 5682 11.
3607 5612 3720 5666 Καὶ
3747 5607 3953 5682 ἐλεηθή-

809 5680 886 5753 1?)
925 5681 985 5753 Ἡ
1012 5681 1098 5734 διὰ
1123 5681 1218 5750 τῆς
1249 5678 1614 5753 κινναϐάρεως
1646 5699 1790 5753 περι.
2411 5678 2560 5753 σεται
2587 5681 2690 5753 om
2721 5680 2812 5753 τοῦ
2844 5679 2976 5736 Θεοῦ
3000 5678 3095 5735 τοῦ
3125 5679 3384 5746 σώζοντος
3409 5678 3592 5736 αὐτόν.

805 5751 882 5822 (5)
917 5752 1022 5817 Γῆν
1053 5753 1146 5805 καὶ
1178 5749 1373 5822 πάντα.
1481 5749 1492 5753 ⁷
1717 5749 1727 5753 ⁷
2481 5751 2557 5822 (6)
2593 5749 2684 5814 Εἰς
2708 5751 2794 5806 τά.

811 5821 887 5890 (ι)
921 5823 1033 5887 Πᾶς
1056 5821 1388 5893 ἀξιούμενος.
