4164 6496
234 452 345 512 757
1142 448 1230 504 DE
1267 448 1539 505 TITULIS
1576 446 2024 504 PSALMORUM.
2064 475 2134 487 ——
2171 442 2365 498 PSAL.
2406 441 2573 496 XXV.
3351 444 3456 501 738

305 568 397 625 29.
431 568 543 623 Kal.
569 572 600 640 ἠ
624 568 853 639 διαθήκη
887 567 1049 623 αὑτοῦ
1082 568 1307 640 δηλώσει
1336 570 1539 632 αὐτοῖς.
1822 576 1869 633 Α

1822 576 1869 633 Α
1962 566 2051 621 29.
2089 564 2153 618 Ει
2184 572 2563 619 testamentum
2595 562 2767 631 ipsius
2796 560 3167 617 manifestabit
3190 562 3318 619 illis.

305 658 395 714 50.
427 659 491 712 Ol
519 658 782 729 ὀφθαλμοί
813 675 912 729 μου
942 657 1229 723 διαπαντὸς
1258 660 1392 730 πρὸς
1412 660 1503 713 τὸν
1535 659 1759 731 Κύριον,

1416 660 1503 713 τὸν
1535 659 1759 731 Κύριον,
1965 656 2052 711 50.
2080 654 2235 710 Oculi
2267 654 2372 708 mei
2402 668 2616 724 semper
2645 654 2712 707 ad
2747 652 3060 717 Dominum,

306 747 399 803 51.
432 749 553 802 Ὀτι
575 750 733 813 αὐτὸς
754 752 1019 804 ὲκσπάσει
1036 754 1099 805 ὲκ
1115 753 1336 821 παγίδος
1350 754 1476 817 τοὺς
1494 754 1655 817 πόδας
1674 771 1792 823 μου.

1966 750 2052 802 51.
2088 747 2351 814 Quoniam
2395 749 2509 818 ipse
2540 748 2732 801 evellet
2761 748 2827 801 de
2864 747 3057 817 laqueo
3085 746 3247 816 pedes
3284 761 3455 804 meos.

308 840 400 895 52.
444 840 759 910 Ἐπίϐλεψον
782 842 867 893 ἐπ’
890 843 1008 913 ἐμὲ,
1035 844 1128 896 καὶ
1161 843 1383 914 ἐλέησόν
1417 862 1483 913 με
1514 861 1528 875 ο

1428 862 1483 896 ιε
1514 861 1528 875 ο
1964 839 2050 893 52.
2086 839 2310 909 Respice
2341 840 2392 892 in
2422 854 2525 903 ine,
2558 848 2613 893 et
2646 840 2902 892 miserere
2930 839 3072 893 mei:

306 929 397 983 55.
432 931 550 983 Ὀτι
590 931 882 1002 μονογενὴς
916 934 1009 985 καὶ
1033 933 1245 1003 πτωχός
1273 936 1387 1004 είμι
1415 933 1544 1001 ἐγώ.

1432 933 1544 1001 ιγώ.
1963 931 2051 985 55.
2088 929 2225 996 Quia
2257 930 2453 984 unicus
2482 938 2535 982 et
2571 944 2773 999 pauper
2802 944 2922 983 sum
2954 945 3076 1000 ego.

310 1022 399 1076 54.
431 1024 497 1076 Δί
534 1023 740 1092 θλίψεις
764 1025 862 1095 τῆς
894 1025 1118 1096 καρδίας
1149 1043 1249 1095 μου
1278 1026 1721 1096 ὲπληθύνθησαν·

1966 1022 2051 1077 54.
2086 1021 2483 1076 Tribulationes
2506 1023 2687 1076 cordis
2711 1023 2813 1076 mei
2840 1023 3211 1092 multiplicata:
3238 1032 3395 1079 sunt:

302 1115 395 1171 55.
439 1117 534 1169 Ἐκ
566 1116 674 1169 τῶν
707 1116 959 1185 ἀναγκῶν
997 1134 1094 1187 μου
1121 1117 1356 1186 ἐξάγαγέ
1393 1136 1481 1189 με.

1417 1136 1481 1171 ιε.
1965 1115 2051 1169 55.
2088 1113 2158 1169 De
2184 1114 2596 1168 necessitatibus
2629 1114 2764 1169 meis
2801 1130 2929 1168 erue
2959 1132 3061 1170 me.

305 1209 394 1265 56.
436 1210 539 1263 Ἴδε
567 1210 662 1282 τὴν
694 1212 1019 1265 ταπείνωσίν
1049 1229 1149 1281 μου
1179 1212 1385 1265 καὶτὸν
1414 1213 1579 1265 κόπον
1612 1229 1713 1281 μου
1749 1229 1764 1244 ⁸

1965 1204 2050 1258 56.
2087 1205 2221 1260 Vide
2268 1205 2625 1259 humilitatem
2674 1216 2927 1261 meamet
2962 1208 3203 1264 laborem
3238 1226 3454 1267 meum:

306 1302 397 1356 57.
431 1304 539 1356 Καὶ
574 1304 709 1371 ἄφες
731 1304 906 1368 πάπας
932 1303 1029 1367 τὰς
1062 1305 1333 1376 ἁμαρτίας
1368 1321 1491 1374 μου.

1429 1322 1491 1357 ιυ.
1964 1298 2052 1352 57.
2085 1297 2149 1351 Ει
2180 1298 2388 1351 dimitte
2430 1298 2680 1353 universa
2705 1300 2902 1355 delicta
2934 1318 3073 1357 mea.

305 1394 395 1450 58.
433 1397 535 1449 Ἴδε
561 1397 685 1459 τοὺς
712 1397 937 1468 ἐχθρούς
966 1415 1089 1469 μου,
1116 1399 1197 1451 ὅτι
1242 1396 1656 1469 ὲπληθύνθησαν
1675 1414 1686 1426 ο

1965 1390 2054 1445 58.
2091 1388 2319 1460 Respice
2350 1390 2604 1446 inimicos
2630 1407 2801 1456 meos,
2828 1395 3088 1463 quoniam
3117 1397 3458 1468 multiplicati

1896 1490 2025 1536 sunt
2052 1500 2066 1535 :

305 1570 393 1626 59.
424 1570 535 1624 Καὶ
572 1573 725 1642 μῖσος
750 1572 927 1626 ἄδικον
950 1571 1219 1643 ὲμίσησάν
1249 1588 1339 1642 με.

1291 1588 1339 1627 ε.
1961 1574 2049 1628 59.
2086 1573 2151 1629 Et
2184 1576 2309 1630 odio
2344 1576 2531 1647 iniquo
2564 1577 2796 1632 oderunt
2827 1594 2932 1634 me.

304 1661 393 1717 40.
428 1662 666 1729 Φύλαξον
693 1664 791 1734 τὴν
817 1664 995 1735 ψυχήν
1029 1683 1150 1735 μου,
1176 1665 1267 1717 καὶ
1307 1662 1468 1734 ῥῦσαί
1498 1677 1585 1733 με·

1535 1677 1585 1714 ε·
1964 1665 2053 1719 40.
2090 1666 2311 1723 Custodi
2345 1671 2579 1723 animam
2604 1686 2802 1735 meam,
2833 1682 2886 1726 et
2910 1688 3037 1728 erue
3060 1688 3179 1729 me:

304 1754 395 1808 Η.
427 1756 518 1827 Μὴ
547 1755 1015 1827 καταισχυνθείην,
1048 1756 1129 1809 ὅτι
1160 1756 1362 1827 ἠλπισα
1394 1755 1485 1807 ἐπὶ
1523 1753 1607 1807 σέ.

1961 1758 2051 1812 41.
2088 1758 2205 1814 Νοη
2240 1762 2583 1826 erubescam,
2621 1766 2878 1834 quoniam
2908 1770 3119 1836 speravi
3155 1768 3208 1821 in
3242 1776 3314 1824 te.

306 1845 398 1903 42.
436 1848 667 1901 Ἀκακοι
706 1849 799 1901 καὶ
832 1848 1008 1912 εὐθείς
1055 1846 1349 1900 ὲκολλῶντό
1396 1862 1508 1916 μοι,
1569 1845 1649 1897 ὅτι
1692 1844 1793 1897 ὑπ-
1830 1927 1859 1931 _

1830 1927 1859 1931 _
1961 1849 2050 1903 42.
2083 1848 2398 1908 lnnocentes
2416 1864 2468 1908 et
2489 1856 2620 1910 recti
2647 1856 2992 1912 adhaeserunt
3010 1858 3164 1927 milii,
3184 1861 3311 1931 quia
3338 1878 3455 1918 sus.

231 1938 431 2010 έμεινά
454 1956 532 2004 σε,
552 1939 745 2011 Κύριε.
1827 1927 1867 1981 Β

491 1957 532 2004 ε,
552 1939 745 2011 Κύριε.
1827 1927 1867 1981 Β
1899 1939 2037 1993 tinui
2065 1949 2135 1994 te.

303 2031 395 2087 45.
426 2032 734 2104 Λύτρωσαι,
760 2034 789 2086 ὁ
818 2031 967 2096 Θεὸς,
994 2029 1084 2084 τὸν
1126 2030 1341 2103 Ἰσραὴλ
1371 2031 1434 2084 ὲκ
1457 2028 1645 2083 πασῶν
1683 2028 1791 2081 τῶν

1968 2030 2059 2085 45.
2095 2029 2311 2100 Libera,
2348 2032 2510 2100 Deus,
2537 2033 2701 2089 Israel
2745 2049 2808 2090 ex
2852 2038 3107 2094 omnibus
3154 2039 3457 2097 tribulatio-

228 2122 469 2195 θλίψεων
504 2124 690 2179 αὑτοῦ.

580 2124 690 2179 τοῦ.
1900 2121 2063 2177 nibus
2088 2124 2224 2179 suis.

547 2255 787 2328 Ψαλμὸς
816 2254 895 2322 τῷ
922 2253 1119 2311 Δαϐίδ.
1150 2256 1324 2309 ΨΑΛ.
1353 2257 1484 2311 KE'.

2240 2253 2487 2310 Psalmus
2515 2256 2706 2312 David.
2744 2258 2946 2317 rSAL.
2976 2261 3080 2316 XX
3098 2263 3155 2319 ι’.

304 2372 357 2425 1.
389 2370 586 2443 Κρῖνόν
614 2388 727 2442 μοι,
756 2369 946 2442 Κύριε,
969 2370 1051 2423 ὅτι
1079 2367 1188 2437 ἐγὼ
1220 2371 1277 2422 ὲν
1306 2367 1510 2441 ἀκακία
1541 2386 1641 2440 μου
1671 2370 1795 2421 ἐπο-

1973 2366 2021 2419 l.
2053 2364 2240 2421 Judica
2270 2384 2374 2435 me,
2400 2368 2664 2438 Domine;
2692 2376 2949 2443 quoniam
2981 2392 3082 2447 ego
3109 2378 3164 2433 in
3197 2377 3456 2434 innocen-

231 2464 436 2537 ρεύθην
461 2478 477 2494 ο

1900 2460 1974 2514 tia
2008 2478 2126 2517 mea
2152 2463 2430 2535 ingressus
2460 2480 2580 2519 sum
2608 2482 2620 2518 :

1366 2660 1738 2716 ATHANASII
1777 2661 2361 2720 lNTERPREI‘ATlO.

302 2846 394 2901 29.
423 2847 633 2914 Διδάξει
654 2846 867 2913 αὐτούς.

810 2848 867 2913 lg.
1972 2854 2061 2910 29.
2093 2855 2313 2913 Docebit
2337 2874 2454 2916 eos.

304 2942 393 2997 50.
429 2942 542 3011 Τῆς
569 2941 793 3014 καρδίας
826 2959 925 3013 μου
958 2940 1118 3012 λέγει.

1034 2958 1118 3012 (ει.
1977 2944 2065 2998 50.
2100 2946 2293 3005 Cordis
2324 2951 2452 3018 mei,
2484 2949 2678 3019 inquit.

306 3034 366 3088 51
382 3074 396 3088 .
442 3033 573 3086 Ἀπὸ
608 3033 890 3103 ἁμαρτιῶν
912 3033 1011 3103 (1).

785 3033 890 3087 ςιῶν
912 3033 1011 3103 (1).
1978 3034 2065 3092 51.
2103 3039 2148 3091 Α
2178 3043 2429 3110 peccatis.

303 3124 394 3178 52.
427 3124 667 3196 Πρὸσχες
690 3123 747 3175 τὸ
771 3123 993 3187 ἀσθενές
1017 3140 1137 3193 μου,
1168 3124 1263 3177 καὶ
1292 3123 1514 3196 ἐλέησόν
1544 3142 1632 3196 με.

1980 3126 2066 3180 '52.
2097 3128 2326 3183 Attende
2354 3130 2719 3186 inﬁrmitatem
2749 3146 2945 3197 meam,
2969 3138 3023 3186 et
3053 3131 3306 3187 miserere
3330 3135 3455 3190 mei.

305 3216 394 3269 55.
428 3215 608 3285 Μηδὲν
644 3214 718 3285 (2)
744 3214 904 3285 ἔχων.
1827 3263 1870 3322 c

862 3234 904 3269 ν.
1827 3263 1870 3322 c
1976 3219 2063 3275 55.
2096 3217 2243 3273 Nihil
2281 3220 2506 3276 habetis.

302 3308 390 3361 54.
427 3308 492 3359 Αἱ
522 3308 783 3379 ἁμαρτίαι
818 3326 938 3379 μου,
1830 3308 1870 3322 ’⁸

857 3326 938 3366 ου.
1830 3308 1870 3322 “’“
1976 3310 2065 3364 54.
2095 3309 2326 3367 Peccata
2360 3328 2500 3367 mea.

322 3399 395 3455 n5.
436 3400 567 3453 Ἀπὸ
593 3402 874 3472 ἁμαρτιῶν

781 3402 874 3455 ιῶν
915 3401 1011 3473 (5).
1974 3402 2064 3457 55.
2097 3402 2141 3454 A
2170 3404 2424 3471 peccatis.

301 3489 371 3545 56
402 3531 415 3555 ,
449 3490 538 3544 57.
569 3492 778 3555 Ἐπιδε,
809 3493 889 3545 ὅτι
919 3492 1047 3564 χοῦς
1083 3495 1217 3564 εἰμι,
1248 3493 1340 3548 καὶ
1368 3493 1602 3566 πρόσχες
1620 3494 1680 3548 τὸ
1710 3494 1792 3548 δυ⁹

1973 3494 2064 3559 56,
2095 3495 2182 3548 57.
2208 3494 2412 3564 inspice
2437 3494 2689 3564 quoniam
2725 3494 2900 3564 pulvis
2926 3512 3067 3563 sum,
3101 3506 3154 3553 et
3180 3499 3456 3556 considera

230 3581 395 3636 νατὸν
424 3581 531 3635 τῶν
567 3582 898 3653 ἐπιθεμένων
930 3600 1019 3652 μοι
1047 3585 1316 3654 πολεμίων
1337 3584 1434 3656 (εί),
1474 3587 1565 3640 καὶ
1590 3587 1795 3653 σπλαγ-

1903 3596 2192 3655 potentiam
2214 3587 2550 3639 inimicorum
2570 3586 2884 3639 irruentium
2903 3588 2957 3639 in
2982 3603 3087 3651 me,
3105 3596 3156 3643 et
3173 3589 3460 3648 miseratus

231 3673 470 3744 χνισθεὶς
504 3674 639 3742 ἄφες
668 3674 848 3737 πάσας
871 3675 970 3734 τὰς
1004 3676 1277 3746 ἁμαρτίας
1311 3694 1432 3747 μου.

1084 3677 1277 3746 αρτίας
1311 3694 1432 3747 μου.
1903 3677 2111 3732 dimitte
2139 3677 2316 3731 omnia
2342 3688 2558 3747 peccata
2593 3692 2728 3730 mea.

305 3762 397 3818 58.
432 3763 567 3825 Τοὺς
591 3763 846 3833 δαίμονας
874 3764 1042 3831 λέγει.

1972 3767 2059 3823 58.
2097 3767 2372 3823 Daemones
2407 3768 2694 3838 signiﬁcat.

302 3856 395 3910 59.
433 3856 611 3925 Μηδὲν
637 3856 957 3927 ἀδικηθέντα
984 3856 1060 3927 (5)
1091 3857 1180 3910 ὑπ’
1205 3857 1361 3929 ἐμοῦ.

1972 3859 2061 3915 59.
2098 3858 2251 3914 Nulla
2278 3862 2421 3913 enim
2456 3860 2653 3929 injuria
2690 3874 2719 3913 a
2752 3876 2835 3913 me
2862 3859 3035 3917 all‘ecti
3066 3871 3213 3917 sunt.

302 3946 395 4001 40.
434 3949 527 4000 Ἐκ
552 3947 657 4001 τῶν
685 3948 941 4003 ἐναντίων
964 3948 1263 4019 δυνάμεων.

1200 3966 1263 4002 ιν.
1972 3952 2060 4007 40.
2086 3952 2128 4004 Α
2163 3952 2452 4007 contrariis
2484 3952 2844 4019 potestatibus

310 4041 402 4094 41.
432 4042 523 4111 Μὴ
550 4040 927 4113 ἀλλοτριώσεις
964 4058 1031 4110 με
1063 4041 1287 4107 ἑαυτοῦ,
1317 4043 1398 4096 ὃτι
1442 4041 1644 4113 ἧλπισα
1672 4084 1685 4108 ,
1719 4043 1800 4095 ὅτι

1975 4045 2061 4099 41.
2088 4042 2170 4097 Me
2201 4058 2231 4096 a
2258 4052 2309 4097 te
2342 4044 2460 4113 ipso
2486 4057 2590 4097 non
2622 4042 2902 4109 alienabis,
2934 4044 3191 4116 quoniam
3224 4052 3456 4116 speravi,

233 4132 504 4207 προσδέξῃ
532 4150 621 4203 με.

1904 4135 2048 4209 quod
2081 4150 2167 4189 me
2196 4134 2452 4205 excipies.

305 4226 398 4281 42.
433 4224 621 4294 Χαρᾶς
657 4222 1006 4298 ὲπληρούμην
1037 4225 1382 4296 μεμνημένος
1416 4224 1523 4278 τῶν
1564 4226 1803 4293 ἐπαγγε-

1975 4226 2064 4281 42.
2087 4226 2296 4281 Gaudio
2328 4226 2577 4297 impletus
2616 4241 2759 4291 sum,
2787 4228 3209 4297 promissionum
3242 4238 3458 4287 tuarum

235 4318 371 4375 λιῶν
404 4334 522 4372 σου.

1905 4318 2242 4373 recordatus.

306 4408 399 4467 45.
415 4411 518 4465 Τὸν
539 4409 863 4478 νοῦν,λέγει,
884 4407 974 4461 τὸν
1000 4406 1208 4480 ὁρῶντα
1231 4407 1321 4462 τὸν
1338 4407 1467 4461 Θεὸν
1501 4407 1797 4463 λύτοωσαι.
1832 4383 1875 4437 D

1660 4424 1797 4463 υσαι.
1832 4383 1875 4437 D
1974 4409 2062 4463 45.
2091 4408 2341 4473 Mentem,
2372 4406 2563 4476 inquit,
2592 4421 2713 4475 qua:
2737 4406 2880 4461 videt
2901 4406 3096 4477 Deum,
3119 4410 3304 4469 libera.

320 4576 385 4628 Ἥ
418 4573 747 4645 προκειμένη
777 4571 1051 4641 ἐπιγραφὴ
1075 4569 1315 4640 περιέχει
1338 4584 1350 4596 ’
1391 4567 1462 4639 (6)
1495 4569 1738 4637 Ψαλμὸς
1770 4569 1849 4635 τῷ
1876 4569 2070 4636 Δαϐίδ,
2110 4570 2373 4633 τουτέστι,
2414 4569 2657 4639 Ψαλμὸς
2689 4569 2768 4636 τῷ
2806 4569 2915 4636 Υἱῷ
2937 4572 3042 4625 τοῦ
3093 4573 3258 4628 Θεοῦ.
3299 4574 3467 4629 Δαϐὶδ

238 4671 348 4744 γὰρ
371 4668 726 4740 ἑρμηνεύεται
748 4666 952 4733 ἱκανὸς
984 4665 1151 4734 χειρί.
1186 4666 1319 4738 ὅπερ
1354 4666 1501 4719 ἐστὶν
1535 4668 1567 4719 ό
1594 4666 1636 4717 Υ
1635 4663 1723 4730 ίὸς
1746 4662 1852 4719 τοῦ
1885 4666 2053 4729 Θεοῦ,
2086 4665 2160 4733 (7)
2189 4665 2328 4719 καθὰ
2349 4667 2377 4718 ὁ
2401 4667 2683 4737 προφήτης
2719 4663 2968 4737 Ἐζεκιὴλ
2994 4666 3268 4722 δείκνυται
3288 4669 3463 4739 λέγων

311 4804 525 4859 Titulus
546 4802 865 4874 prapositus
891 4802 1167 4857 continet:
1194 4800 1441 4855 Psalmus
1466 4800 1654 4865 David,
1685 4802 1788 4857 hoc
1822 4811 1907 4858 est
1932 4822 1945 4858 :
1984 4803 2227 4857 Psalmus
2264 4802 2409 4857 Filio
2435 4804 2547 4858 Dei.
2577 4803 2741 4858 David
2777 4804 2922 4859 enim
2958 4804 3344 4875 interpretatur
3368 4824 3461 4877 po-

242 4914 352 4959 ‘ens
386 4918 565 4963 manu,
594 4902 735 4971 quod
769 4907 854 4955 est
881 4896 1054 4953 Filius
1080 4899 1195 4961 Dei,
1223 4898 1684 4968 quemadmodum
1718 4902 1981 4971 pr0pheta
2022 4899 2275 4955 Ezechiel
2309 4901 2573 4963 ostendit,
2606 4900 2793 4956 dicens
2820 4902 2873 4955 iu
2905 4901 3111 4955 visione
3135 4900 3413 4956 cherubim
3441 4921 3458 4958 :

308 4998 358 5052 1.
391 4996 647 5068 Θέλησον,
672 4998 843 5071 Κύριε
878 4995 973 5066 (8),
1005 4994 1361 5054 καταδικάσαι
1388 4996 1529 5066 ἐμοὶ,
1566 4996 1661 5050 καὶ
1689 4998 1801 5060 τοῖς

1968 4998 2018 5050 l.
2049 4994 2224 5061 Veiis,
2256 4995 2503 5060 Domine,
2529 4995 2776 5065 judicare
2820 4999 2960 5051 inter
3007 5012 3094 5051 me
3137 5007 3192 5051 et
3232 4996 3461 5069 Babylo-

236 5088 620 5151 Βαὸυλωνιίοις,
649 5090 729 5141 ὅτι
758 5087 868 5157 ἐγὼ
896 5087 991 5159 μὲν
1017 5087 1164 5157 πάσῃ
1191 5085 1395 5156 ἀκακία
1418 5085 1691 5158 κέχρημαι
1714 5087 1796 5150 είς

1903 5084 2043 5147 nios.
2076 5086 2333 5154 quoniam
2380 5100 2476 5155 ego
2510 5086 2726 5154 quidem
2758 5086 2810 5139 in
2841 5102 2936 5140 eos
2966 5088 3112 5141 omni
3148 5086 3458 5142 innocentia

243 5186 460 5247 αὐτοὺς,
494 5179 719 5255 [αὐτοὶ]
751 5181 805 5233 δὲ
831 5182 910 5243 εις
934 5179 1033 5251 ἐμὲ
1057 5180 1267 5250 πονηρά
1298 5177 1565 5251 [πονηρίίει
1588 5178 1633 5252 l-

1588 5178 1633 5252 ].
1907 5194 2040 5234 usus
2063 5194 2181 5232 sum
2209 5195 2224 5244 ;
2263 5178 2363 5249 ipsi
2391 5190 2568 5234 autem
2595 5179 2648 5233 in
2673 5194 2758 5234 me
2782 5180 2929 5234 omni
2963 5180 3220 5252 nequitia.

1185 5355 1483 5419 Addenda
1510 5361 1571 5417 et
1629 5354 1995 5434 corrigenda
2029 5374 2107 5419 ex
2144 5358 2281 5419 cod.
2316 5357 2514 5418 Vatic.

315 5553 390 5621 (ι)
431 5551 563 5623 Ἀπὸ
588 5552 771 5623 πάσης
800 5551 1092 5623 ἁμαρτίας·
1979 5546 2052 5623 (ἓ)
2096 5547 2160 5623 fl}
2183 5546 2785 5623 5‘?Eﬁ¢."}1’_‘_¢55‘95w~7
2823 5564 2947 5618 περ·

316 5616 390 5692 ἐξ)
421 5622 653 5692 Μηδένα.
726 5616 738 5623 ’
841 5616 930 5692 ξ’

1979 5618 2053 5692 (.7)
2094 5618 2266 5692 Ὡεοῦ
2292 5616 2425 5692 βέοῡ
2449 5618 2593 5692 res.
2628 5616 2731 5692 ee-

428 5686 667 5764 ]Εκτῶν
700 5689 936 5764 ἀνομιῶν
971 5708 1093 5764 μου.

1975 5686 2049 5764 (8)
2092 5687 2338 5759 Ἐλέησόν
2370 5704 2437 5759 με
2470 5687 2640 5756 λέγει,
2672 5686 2895 5758 Κύριος.
2917 5687 3145 5760 Reliqua
3168 5689 3363 5746 desunt
3396 5693 3452 5748 in

319 5708 392 5764 ιο)
444 5708 533 5745 ἰικ
559 5710 667 5744 των
700 5708 936 5811 ανομιων
971 5708 1093 5760 μου.
1975 5708 2022 5754 ιο

319 5762 392 5833 ιι)
425 5762 700 5833 Πολέμων,
733 5778 801 5813 κα
849 5760 921 5825 ὡς
952 5761 1150 5828 σπλαγ.
1904 5760 2022 5815 cod.

322 5831 393 5888 (5)
440 5831 829 5889 'AB:xr.0évn.;.
