4164 6490
732 410 836 474 739
1569 412 1626 466 8.
1665 410 2031 466 ATHANASII
2065 410 2216 469 OPP.
2255 413 2376 469 PAF

2301 413 2438 470 ΛΚΒ
2479 414 2567 470 lll.
2611 444 2681 457 -—
2715 413 3131 471 EXEGETICA.
3839 417 3945 475 ⁸140

792 534 850 590 2.
880 534 941 590 Et
972 535 1026 590 in
1055 534 1287 590 Domino
1316 548 1561 605 sperans,
1595 549 1702 588 non
1737 534 2073 589 inﬁrmabor.
2314 543 2360 599 Α

2314 543 2360 599 Α
2455 540 2508 593 2.
2540 539 2647 592 Kal.
2671 539 2762 590 ἐπὶ
2788 537 2866 609 τῷ
2893 539 3085 610 Κυρίῳ
3105 537 3363 604 ἐλπίζων,
3397 535 3457 590 οὗ
3487 536 3563 608 μὴ
3590 535 3894 610 ἀσθενήσω.

793 628 848 684 '5.
878 626 1048 682 Proba
1078 643 1185 693 me,
1218 626 1466 693 Domine,
1493 636 1548 681 et
1581 634 1727 680 tenta
1757 641 1878 682 me:

2450 632 2502 684 5.
2538 631 2836 701 Δοκίμασόν
2865 649 2954 702 με,
2991 631 3184 700 Κύριε,
3213 631 3307 683 καὶ
3337 631 3427 682 πεί
3435 630 3596 700 ρασόν
3625 647 3692 700 με
3713 647 3727 662 ·

792 722 846 778 ι.
877 719 984 776 Ure
1006 735 1165 776 renes
1194 733 1365 785 meos,
1391 729 1444 774 et
1467 734 1563 773 cor
1591 734 1795 774 meum.

2456 722 2509 776 4.
2546 721 2804 793 Πύρωσον
2849 723 2974 785 τοὺς
3017 720 3246 792 νεφρούς
3297 738 3397 793 μου
3437 721 3531 774 καὶ
3571 720 3670 791 τὴν
3722 721 3943 792 καρδίαν

2434 831 2537 866 Ου’

792 893 845 948 5.
874 892 1144 960 Quoniam
1188 891 1561 948 misericordia
1613 903 1706 947 tua
1753 903 1878 948 ante
1903 894 2092 949 oculos
2135 909 2286 950 meos
2391 832 2430 884 μ

2434 832 2493 866 ου
2523 832 2537 846 σ

2391 832 2430 884 μ
2457 905 2509 960 5.
2541 906 2661 959 Ὅτι
2693 906 2754 959 τὸ
2779 905 2925 970 ἔλεός
2957 923 3050 959 σου
3073 905 3359 959 κατέναντι
3389 905 3496 957 τῶν
3524 904 3819 974 ὀφθαλμῶν
3847 902 3941 973 μού

729 992 839 1037 es“
2389 1001 2503 1052 ἐστι
2532 1039 2546 1064 ,

793 1071 846 1128 6.
873 1071 940 1127 Ει
963 1075 1260 1144 complacui
1289 1075 1346 1129 in
1367 1075 1591 1128 veritate
1622 1083 1734 1128 tua.

2458 1090 2511 1145 6.
2542 1092 2652 1145 Kal.
2678 1090 3017 1161 εὐηρέστησα
3049 1090 3107 1142 ὲν
3127 1091 3192 1160 τῇ
3222 1088 3446 1160 ἀληθείᾳ
3481 1105 3597 1141 σου.

793 1162 847 1216 7.
883 1161 997 1217 Non
1030 1165 1144 1218 sedi
1171 1180 1293 1218 cum
1326 1163 1556 1218 concilio
1582 1163 1877 1218 vanitatis:

2461 1182 2511 1234 7.
2544 1182 2655 1234 Οὐκ
2679 1179 2908 1234 ἐκάθισα
2934 1179 3070 1250 μετά
3095 1179 3373 1250 συνεδρίου
3408 1179 3768 1250 ματαιότητος
3792 1195 3808 1210 ·

793 1256 846 1308 8.
881 1253 944 1308 Et
979 1271 1100 1309 cum
1135 1256 1322 1324 iniqua
1354 1255 1665 1324 gerentibus
1696 1271 1802 1308 non
1834 1256 2071 1312 introibo
2101 1276 2112 1310 :

2459 1273 2510 1326 8.
2543 1274 2650 1324 Kal
2681 1272 2817 1343 μετά
2853 1270 3308 1343 παρανομούντων
3335 1271 3395 1323 οὑ
3427 1269 3500 1340 μή
3527 1271 3776 1326 εἰσέλθω.

794 1345 847 1400 9.
872 1346 1026 1401 0divi
1053 1347 1339 1401 ecclesiam
1372 1347 1811 1416 malignantium.

2461 1366 2515 1418 9.
2558 1367 2824 1436 Ἐμίσησα
2859 1365 3152 1434 ἐκκλησίαν
3173 1363 3618 1434 πονηρευομένων
3638 1378 3652 1393 ·

797 1436 884 1489 10.
922 1436 1140 1490 Etcum
1179 1438 1359 1506 impiis
1390 1453 1496 1490 non
1530 1437 1750 1492 sedebo.

2460 1457 2546 1510 10.
2583 1457 2691 1509 Καὶ
2739 1457 2874 1528 μετά
2901 1457 3112 1509 ἀσεϐῶν
3137 1457 3197 1509 οὺ
3235 1456 3309 1527 μὴ
3341 1457 3566 1509 καθίσω.

798 1526 883 1580 11.
914 1526 1130 1582 Lavabo
1160 1528 1296 1582 inter
1323 1529 1634 1582 innocentes
1660 1543 1857 1582 manus
1891 1543 2075 1582 meas:

1988 1544 2039 1582 35
2062 1548 2075 1582 ³
2460 1549 2545 1602 11.
2582 1526 2821 1618 Νίψομαι
2855 1549 2911 1599 ἐν
2935 1547 3130 1610 ἀθώοις
3157 1547 3252 1610 τὰς
3283 1547 3466 1618 χεῖράς
3493 1565 3594 1616 μου
3620 1564 3632 1578 ⁸

801 1618 889 1672 12.
925 1620 991 1674 Et
1012 1621 1354 1675 circnmdabo
1391 1622 1558 1674 altare
1584 1629 1761 1683 tuum,
1792 1619 2042 1687 Domine,

2465 1640 2550 1693 12.
2583 1642 2688 1692 Kal.
2715 1639 2974 1692 κυκλώσω
2999 1639 3059 1692 τὸ
3085 1640 3466 1710 θυσιαπήριόν
3494 1656 3608 1702 σου,
3635 1640 3806 1710 Κύριε
3832 1681 3847 1706 ,

800 1710 886 1764 13.
917 1709 984 1764 Ut
1009 1710 1090 1782 [ut
1125 1709 1241 1782 ego]
1277 1712 1492 1765 audiam
1519 1726 1703 1764 vocem
1728 1710 1925 1775 laudis,

2465 1731 2547 1786 15.
2582 1732 2687 1785 Τοῦ
2723 1731 2952 1786 ἀκοῦσαι
2983 1732 3162 1802 φωνῆς
3196 1709 3341 1802 [που
3366 1730 3593 1784 ἀκοῦσαί
3633 1748 3701 1801 με
3728 1709 3948 1802 ἐφωνὴν]

2392 1817 2646 1881 αίνέσεώς
2676 1836 2791 1881 σου,

798 1909 882 1965 i4.
914 1909 981 1964 Et
1010 1926 1257 1964 enarrem
1288 1912 1537 1965 universa
1576 1912 1848 1966 mirabilia
1880 1923 1990 1965 tua.
2320 1901 2362 1956 Β

2320 1901 2362 1956 Β
2464 1909 2548 1963 Us.
2584 1910 2690 1962 Ka‘:
2722 1910 3082 1981 διηγήσασθαι
3111 1911 3285 1964 πάντα
3310 1911 3376 1964 τὰ
3405 1910 3684 1981 Θαυμάσιά
3710 1927 3825 1966 σου.

799 2000 888 2054 15.
927 1999 1169 2062 Domine,
1197 2001 1358 2056 dilexi
1386 2003 1633 2056 decorem
1663 2003 1856 2058 domus
1895 2011 2021 2068 tuae,

2468 2001 2554 2054 15.
2586 2000 2782 2072 Κύριε,
2811 2004 3072 2074 ἠγάπησα
3097 2003 3427 2072 εὐπρέπειαν
3453 2005 3598 2056 οίκου
3628 2020 3744 2069 σου,

797 2089 886 2144 16.
921 2089 986 2143 Ει
1014 2090 1191 2145 locum
1226 2092 1574 2146 habitationis
1612 2094 1795 2161 gloria:
1831 2103 1956 2148 ture.

1945 2135 1956 2148 .
2467 2093 2554 2148 16.
2587 2095 2696 2146 Ka‘t
2718 2095 2880 2147 τόπον
2911 2095 3262 2165 σκηνώματπ
3296 2095 3452 2166 δόξης
3476 2113 3589 2150 σου.

801 2179 888 2232 17.
926 2178 1002 2236 Ne
1024 2182 1218 2249 perdas
1243 2199 1364 2237 cum
1390 2183 1589 2252 impiis,
1625 2182 1786 2249 Deus,
1816 2184 2052 2238 animam
2080 2198 2291 2238 meam:

2471 2185 2556 2240 17.
2589 2185 2679 2256 Μὴ
2709 2186 3078 2258 συναπολέσης
3105 2185 3242 2258 μετά
3265 2187 3474 2240 ἀσεϐῶν
3496 2187 3596 2258 τὴν
3609 2187 3788 2258 ψυχήν
3818 2205 3915 2257 μου
3936 2227 3948 2251 ,

803 2272 887 2326 18.
926 2272 990 2326 Et
1016 2290 1137 2328 cum
1170 2276 1301 2330 viris
1322 2276 1647 2346 sanguinum
1670 2276 1831 2330 vitam
1861 2292 2035 2330 meam
2064 2294 2076 2331 :

2474 2275 2559 2329 18.
2590 2277 2700 2328 Καὶ
2733 2275 2870 2346 μετὰ
2918 2277 3123 2347 ἀνδρῶν
3158 2278 3404 2348 αἱμάτων
3433 2279 3529 2349 τὴν
3559 2278 3703 2348 ζωήν
3753 2294 3854 2348 μου
3879 2295 3890 2307 ·

1843 2409 2215 2465 ATHANASII
2257 2405 2839 2465 lN'l'ERPRETATlO.

729 2522 787 2574 ἐν
810 2525 875 2592 τῇ
899 2522 1131 2594 ὀπτασίᾳ
1160 2524 1264 2576 τῶν
1286 2525 1547 2596 χερουϐίμ
1567 2541 1578 2556 ³
1597 2525 1687 2591 Ὡς
1714 2525 1882 2594 φωνὴ
1909 2526 1983 2596 (1)
2014 2523 2412 2594 παρεμϐολῆς.
2439 2521 2647 2577 Οὐκοῦν
2662 2520 2738 2591 τῷ
2763 2522 2933 2573 είπεϊν
2960 2520 3139 2586 αὑτὸν,
3157 2520 3252 2585 Ὠς
3279 2518 3444 2588 φωνὴ
3471 2519 3678 2573 ἱκανοῦ
3701 2520 3800 2589 (a).
3823 2523 3956 2589 ἀκηο

731 2612 911 2665 κοέναι
941 2615 1036 2683 τήν
1073 2615 1251 2685 φωνὴν
1281 2617 1468 2686 εἴρηκε
1497 2616 1589 2670 τοῦ
1613 2618 1746 2670 Θεοῦ
1775 2618 1968 2686 Λόγου.
2009 2617 2232 2682 Ἱκανὸς
2259 2616 2368 2687 γὰρ
2396 2615 2544 2685 χειρὶ
2571 2616 2598 2666 ὀ
2626 2615 2758 2677 Θεὸς
2783 2615 2956 2683 Λόγος
2974 2614 3040 2667 ἂν
3064 2615 3169 2684 εἴη.
3201 2615 3512 2685 Είρήκαμεν
3532 2613 3659 2682 γὰρ,
3687 2614 3769 2665 ὅτι
3802 2617 3955 2666 Ψαλ-

728 2702 840 2772 μὸς
867 2703 946 2769 τῷ
986 2705 1093 2770 Υἱῷ
1121 2707 1225 2759 τοῦ
1257 2708 1423 2771 Θεοῦ,
1453 2708 1640 2779 ἐπειδὴ
1673 2708 1835 2762 Δαϐὶδ
1870 2709 2228 2782 ἑρμηνεύεται
2262 2708 2469 2772 ἱκανὸς
2499 2706 2649 2774 χειρὶ
2670 2744 2684 2769 ,
2721 2707 2858 2776 ὅπερ
2891 2707 3038 2758 ἐστὶν
3064 2709 3092 2759 ὀ
3123 2706 3254 2768 Θεὸς
3293 2706 3494 2773 Λόγος,
3546 2703 3687 2758 καθά
3729 2705 3835 2758 ὑπὸ
3861 2706 3951 2758 τοῦ

734 2795 1010 2865 προφήτου
1057 2793 1312 2866 ’ῐεζεκιὴλ
1340 2797 1760 2868 μεμαθήκαμεν.

742 2907 806 2962 Ut
831 2924 927 2963 vox
956 2911 1198 2978 potentis.
1228 2909 1472 2965 Profecto
1503 2912 1729 2968 dicendo
1756 2912 1952 2982 ipsum,
1988 2909 2053 2966 Ut
2078 2925 2174 2964 vox
2193 2911 2442 2980 potentis,
2471 2925 2656 2966 vocem
2692 2910 2986 2974 audivisse,
3022 2908 3160 2964 dixit
3216 2908 3308 2964 Dei
3347 2907 3527 2965 Verbi.
3569 2910 3765 2967 Potens
3813 2931 3951 2971 enim

735 3017 892 3054 manu
922 3000 1062 3055 Deus
1087 2999 1319 3055 Verbum
1346 3002 1644 3072 utiqueest.
1665 3002 2125 3072 Diximusitaque,
2153 3001 2293 3070 quod
2309 2999 2553 3054 Ptalmus
2582 3000 2724 3054 Filio
2747 3000 2873 3063 Dei;
2901 3001 3158 3070 quoniam
3181 2998 3348 3055 David
3375 3000 3757 3070 interpretatur
3781 3016 3951 3071 potens

734 3111 915 3160 manu,
941 3094 1086 3165 quod
1113 3103 1197 3149 est
1220 3093 1362 3150 Deus
1380 3092 1637 3162 Verbum,
1655 3094 2110 3166 quemadmodum
2143 3109 2172 3147 a
2201 3093 2460 3164 propheta
2493 3080 2772 3149 Ezechiele
2797 3091 3105 3148 didicimus.

795 3210 850 3263 ε.
873 3207 1056 3265 Habeo
1098 3210 1243 3264 enim
1275 3209 1671 3265 confortantem
1712 3226 1796 3265 me
1828 3209 2019 3276 Deum,
2055 3209 2108 3263 in
2139 3223 2298 3279 quem
2327 3209 2369 3266 C

2327 3209 2369 3266 C
2469 3208 2524 3263 2.
2558 3209 2706 3278 Ἐχω
2727 3207 2833 3277 γὰρ
2863 3205 2952 3259 τὸν
2976 3206 3373 3279 ἐνδυναμοῦντά
3404 3225 3467 3278 με
3503 3208 3634 3261 Θεὸν
3666 3209 3767 3281 (2),
3793 3211 3870 3273 είς
3899 3210 3951 3262 ὃν

736 3316 918 3369 spero.

2403 3299 2621 3365 ἐλπίζω.

805 3393 858 3457 5,
881 3391 933 3445 4.
956 3390 1024 3446 Ut
1045 3392 1288 3447 cordium
1313 3393 1558 3464 cognitor
1585 3393 1726 3449 nosti
1754 3393 1936 3449 omnia
1965 3409 2085 3463 qua:
2109 3393 2164 3447 in
2189 3407 2296 3456 me,

2471 3393 2523 3457 5,
2554 3391 2606 3445 4.
2651 3391 2735 3455 Ὦς
2765 3388 3198 3462 καρδιογνώστης
3233 3385 3378 3453 οἶδας
3408 3391 3582 3443 πάντα
3614 3393 3682 3443 τὰ
3716 3395 3772 3444 ἐν
3813 3393 3946 3462 ἐμοὶ,

737 3485 1016 3554 quomodo
1043 3495 1169 3540 sunt
1199 3487 1341 3541 circa
1370 3496 1441 3540 te.

1265 3502 1341 3541 rea
1370 3496 1441 3540 te.
2399 3483 2519 3546 πῶς
2546 3486 2650 3536 είσι
2675 3482 2802 3554 περὶ
2832 3483 2909 3537 σέ.

806 3577 859 3630 5.
893 3575 1160 3641 Quoniam
1194 3576 1565 3630 misericordia
1598 3586 1712 3641 tua,
1745 3592 1908 3647 quam
1942 3577 2074 3631 mihi
2104 3590 2303 3646 praece-

2473 3576 2525 3631 5.
2561 3577 2683 3628 Ὅτι
2713 3576 2773 3628 τὸ
2803 3575 2947 3638 ἔλεός
2986 3591 3100 3640 σου,
3136 3575 3164 3627 δ
3200 3574 3531 3646 προσέταξάς
3565 3593 3654 3645 μοι
3683 3578 3851 3628 ποιεῖν
3881 3576 3950 3636 εἰς

735 3667 884 3739 pisti,
918 3676 977 3720 ut
1005 3667 1360 3738 indigentibus
1388 3667 1639 3736 facerem,
1671 3680 1793 3724 ante
1813 3669 1998 3724 oculos
2029 3683 2176 3722 meos
2196 3677 2297 3722 est.

2142 3683 2176 3722 is
2196 3677 2297 3722 est.
2403 3667 2528 3730 τοὺς
2553 3665 2741 3737 χρείαν
2776 3665 3017 3736 ἔχοντας,
3045 3665 3149 3737 πρὸ
3180 3665 3470 3736 ὀφθαλμῶν
3499 3666 3598 3735 μού
3623 3669 3786 3719 ἐστιν.

804 3761 857 3813 6.
890 3758 956 3815 Ει
978 3761 1032 3816 in
1062 3761 1165 3816 hoc
1199 3760 1445 3817 faciendo
1476 3761 1651 3818 ﬁdelis
1687 3772 1936 3832 repertus
1963 3778 2084 3818 sum
2111 3775 2297 3816 coram

2473 3756 2526 3811 6.
2555 3758 2664 3811 Kal.
2690 3759 2746 3811 ἐν
2767 3757 2844 3828 τῷ
2873 3761 3044 3810 ποιεῖν
3081 3775 3146 3826 με
3168 3756 3328 3809 τοῦτο
3371 3758 3562 3820 πιστὸς
3615 3759 3844 3830 εὑρέθην
3874 3758 3949 3809 ἐν-

742 3860 812 3905 te.

2403 3847 2574 3903 ὡπιόν
2607 3867 2720 3902 σου.

811 3943 862 3995 7.
890 3939 1008 3993 Non
1037 3939 1282 4008 acquievi
1309 3939 1620 4010 iniquorum
1655 3941 2202 3996 murmurationibus.

2478 3943 2531 3996 7.
2569 3942 2643 3994 Οὐ
2677 3940 3169 4010 συνανεπαυσάμην
3191 3941 3518 4010 γογγυσμοῖς
3551 3941 3626 4009 (3)
3663 3944 3921 4012 πονηροῖς.

812 4033 866 4087 8.
893 4033 1078 4101 Neque
1108 4046 1231 4085 cum
1267 4032 1346 4087 eis
1373 4033 1721 4087 consociatus
1756 4047 1900 4087 sum.

1588 4033 1721 4086 latus
1756 4047 1900 4087 sum.
2475 4035 2528 4089 8.
2557 4035 2689 4088 Οὑδέ
2713 4033 3011 4106 συνεθέμην
3034 4034 3232 4096 αὐτοῖς.

813 4122 866 4176 9.
897 4122 1314 4188 Mnltitudinem,
1351 4123 1559 4193 inquit,
1591 4124 1717 4179 odio
1762 4124 1924 4180 habui
1972 4139 2182 4191 eorum,
2209 4124 2302 4195 qui

2473 4127 2523 4180 9.
2556 4127 2801 4196 Πλῆθος,
2839 4126 3019 4194 λέγει,
3065 4125 3300 4197 ἐμίσησα
3343 4126 3788 4197 ἐπανισταμένων
3829 4124 3951 4178 κατὰ

741 4218 1029 4282 insurgunt
1056 4215 1110 4268 in
1140 4230 1286 4278 eum,
1316 4216 1408 4284 qui
1441 4215 1569 4271 fecit
1598 4232 1709 4273 eos.

1451 4215 1569 4271 fecit
1598 4232 1709 4273 eos.
2403 4219 2496 4273 τοῦ
2533 4220 2856 4290 ποιήσαντος
2883 4217 3095 4280 αὐτούς.

824 4307 908 4360 10.
941 4305 1056 4361 Νοη
1081 4307 1428 4362 consiliabor.

2479 4311 2564 4364 10.
2597 4311 2674 4362 Οὐ
2707 4309 2782 4381 (4)
2813 4311 2885 4381 μὴ
2915 4307 3268 4379 συνεδρεύσω.

810 4400 896 4454 11.
924 4401 1131 4454 Animae
1156 4417 1350 4455 manus
1382 4399 1677 4469 signiﬁcat.
2018 4391 2022 4396 ⁵

2018 4391 2022 4396 δ
2479 4403 2563 4455 11.
2602 4403 2711 4464 Τάς
2735 4403 2834 4472 τῆς
2855 4401 3034 4473 ψυχῆς
3071 4402 3144 4470 (5)
3179 4403 3364 4472 χεῖρας
3383 4398 3550 4468 λέγει.

809 4489 896 4544 12.
931 4488 995 4543 Et
1025 4490 1120 4543 tibi
1147 4489 1484 4543 ministrabo.
2330 4545 2370 4564 λ

2330 4545 2370 4564 λ
2479 4493 2566 4547 η.
2601 4495 2710 4546 Καὶ
2733 4493 3103 4564 λειτουργήσω
3125 4509 3221 4547 σοι.

811 4583 898 4645 13,
949 4582 1034 4636 14.
1085 4581 1390 4636 Leetionem
1433 4580 1739 4652 signiﬁcat:
1775 4581 1844 4637 Et
1895 4582 1996 4655 [ut]
2052 4597 2288 4637 enarrem
2330 4545 2372 4598 θ

2330 4545 2372 4598 D
2479 4545 2566 4650 15,
2723 4585 2832 4655 Τὴν
2874 4545 3177 4652 ἀνάγνωσιν
3211 4545 3357 4652 λέγει
3381 4600 3396 4615 ·
3433 4582 3540 4637 Καὶ
3573 4581 3652 4653 (6)
3681 4579 3951 4650 διηγήσα-

742 4675 917 4728 omnia
947 4673 1220 4727 mirabilia
1252 4683 1362 4740 tua.

2398 4679 2538 4731 σθαι
2569 4676 2769 4730 πάντα
2802 4677 2873 4730 τὰ
2904 4675 3203 4746 θαυμάσιὰ
3234 4691 3369 4729 σου.

812 4763 898 4816 15.
937 4761 1197 4831 Ρορυιυω
1229 4763 1464 4818 ﬁdelem-
2472 4772 2560 4826 15.
2596 4773 2698 4824 Τὸν
2722 4771 2848 4824 λαὸν
2879 4770 2970 4822 τὸν
2993 4768 3201 4822 πιστόν.

814 4853 900 4906 16.
937 4851 1035 4908 Ubi
1069 4854 1360 4910 inbabitas.

2474 4864 2562 4918 16.
2593 4864 2759 4918 Ἔνθα
2782 4865 3075 4925 κατοικεῖς.

811 4949 896 5003 17.
925 4947 1001 5004 Ne
1025 4965 1110 5005 me
1138 4951 1436 5006 constituas
1465 4965 1496 5004 a
1529 4949 1767 5005 sinistris
1790 4949 1914 5004 tuis.

2475 4956 2564 5010 17.
2593 4954 2687 5025 Μὴ
2714 4957 2915 5026 στήσῃς
2942 4971 3007 5024 με
3038 4952 3096 5019 ἐξ
3118 4951 3421 5024 ἀριστερῶν
3448 4967 3563 5005 σου.

812 5041 898 5096 18.
929 5039 1348 5097 Homicidarum.

2479 5047 2563 5102 18.
2602 5048 2722 5100 ’Λνθ
2731 5046 3113 5119 ρωποκτόνων.

1678 5175 1975 5237 Addenda
2010 5183 2071 5238 et
2103 5178 2475 5255 corrigenda
2532 5201 2606 5244 ex
2656 5185 2791 5245 cod.
2825 5183 3026 5245 Vatic.

807 5301 884 5381 ςι)
917 5301 1014 5381 ,Ὦς
1044 5301 1191 5381 φωνή
1218 5300 1399 5381 ἱκανοῦ
1421 5303 1477 5353 ἐν
1503 5298 1933 5381 τῷρπορεύεσθαι
1968 5300 2105 5381 αότά
2133 5301 2285 5381 φωνή
2468 5307 2543 5381 (ἓ)
2577 5307 2807 5381 Χριστόν
2815 5347 2828 5381 γ

735 5372 828 5446 τοῦ
843 5369 1065 5446 *Λόγουζ
1091 5369 1190 5446 ὡςς
1211 5369 1370 5446 φωνή
1394 5369 1766 5446 παρεμϐολῆς,
1789 5380 1934 5446 _etc.,
1979 5373 2165 5446 είρηκε
2191 5369 2286 5446 τοῦ
2578 5369 2895 5446 Λὸγισμοῖς.

736 5441 870 5526 Θεοῦ
905 5443 1093 5508 Λόγον.
1121 5441 1327 5494 υύκοῦν
1351 5443 1378 5492 ὀ
1396 5441 1586 5528 ima;
1619 5442 1758 5562 χειρὶ
1779 5443 1807 5493 ὀ
1827 5441 1957 5501 Θεὸς
1987 5441 2156 5508 Λόγος
2177 5442 2284 5510 είη.
2469 5446 2543 5514 (4)
2572 5441 2679 5500 Καὶ
2706 5441 2841 5526 μετὰ
2875 5445 3092 5500 ἀσεϐῶν
3115 5445 3198 5512 οὐ,
3228 5453 3334 5500 etc.

737 5512 906 5562 Λυτδν
953 5513 1108 5562 (fort.
1133 5512 1324 5562 αὐτὸς)
1365 5527 1454 5562 ουν
1496 5513 1586 5562 τὸν
1627 5515 1702 5562 ῲα
1743 5511 1836 5562 μὸν
1878 5512 2140 5562 πΩοὈέοει
2180 5528 2192 5540 ·
2230 5511 2290 5562 τὸ
2469 5516 2544 5562 (Pii
2579 5519 2770 5562 Wuvn:
2805 5536 2903 5562 μου

737 5512 915 5587 Λρτὸν.
953 5513 1108 5587 ([υνι.
1133 5512 1341 5587 αὐτος).
1365 5507 2140 5587 οβνμτδνςψαλμόν-προφέρει
2180 5528 2192 5540 ·
2230 5507 2290 5587 τὸ
2579 5507 2770 5586 Ψυχῆς
2804 5536 2903 5587 μου

737 5578 847 5684 γὰρ
871 5582 1044 5634 εἰπεῖν
1069 5581 1297 5633 ἐνταῦθα
1315 5581 1524 5651 ψαλμός
1549 5581 1626 5651 τῷ
1644 5578 1828 5634 ίΔαὸίδ.
1847 5578 2160 5652 Είρήκαμεν
2183 5581 2291 5651 γὰρ

739 5645 971 5718 γαλμός,
996 5659 1101 5706 etc.

1659 5578 2160 5652 Δαϐίδ.Είρήκαμεν
2183 5581 2291 5651 γὰρ
2577 5578 2706 5652 Kai,
2729 5578 2834 5643 etc.
2875 5589 3059 5641 desunt
3089 5586 3142 5638 in
3182 5585 3303 5639 cod.

810 5761 884 5840 (α)
917 5763 997 5826 Σ..
1026 5763 1111 5840 ΘΑ.,
1145 5763 1336 5835 βροντὴ
1371 5764 1502 5840 Θεοῦ
1545 5766 1750 5818 ικανοῦ.
1788 5734 1869 5829 0',
1901 5766 2048 5836 φωνή
2083 5764 2214 5817 Θεοῦ
2251 5763 2451 5819 σαδδαί.

2301 5763 2451 5819 ιδδαί.
2483 5767 2584 5830 Ἀ..
2623 5766 2824 5821 ίκανοῦ.
2868 5766 3090 5821 Iiexaol.
3117 5765 3266 5835 Orig.
3295 5780 3381 5834 ap.
3418 5763 3837 5821 Montfauc.Vo:r
3869 5758 3945 5812 Boi

742 5838 1128 5898 omnipotentis,
1160 5852 1298 5890 vers.
1339 5838 1481 5898 vulg.
3567 5842 3572 5845 ’
