  <div class='ocr_page' id='page_1' title='image "/cluster/home/n/w/nwhite01/storage/ocr_20150623/27/uva.x030474749/380.png"; bbox 0 0 4164 6496; ppageno 0'>
   <div class='ocr_carea' id='block_1_1' title="bbox 233 440 3476 511">
    <p class='ocr_par' dir='ltr' id='par_1_1' title="bbox 233 440 3476 511">
     <span class='ocr_line' id='line_1_1' title="bbox 233 440 3476 511; baseline 0.004 -14"><span class='ocrx_word' id='word_1_1' title='bbox 233 441 341 500; x_wconf 77' lang='grc'><strong>741</strong></span> <span class='ocrx_word' id='word_1_2' title='bbox 1126 441 1218 497; x_wconf 83' lang='lat' dir='ltr'><strong>DE</strong></span> <span class='ocrx_word' id='word_1_3' title='bbox 1257 440 1530 497; x_wconf 80' lang='lat' dir='ltr'><strong>TITULIS</strong></span> <span class='ocrx_word' id='word_1_4' title='bbox 1567 440 2008 499; x_wconf 72' lang='lat' dir='ltr'><strong>PSALMORUM.</strong></span> <span class='ocrx_word' id='word_1_5' title='bbox 2050 477 2118 488; x_wconf 88' lang='lat'><strong>--</strong></span> <span class='ocrx_word' id='word_1_6' title='bbox 2156 445 2350 502; x_wconf 80' lang='lat' dir='ltr'><strong>PSAL.</strong></span> <span class='ocrx_word' id='word_1_7' title='bbox 2390 446 2576 505; x_wconf 78' lang='lat' dir='ltr'><strong>XXVI.</strong></span> <span class='ocrx_word' id='word_1_8' title='bbox 3370 455 3476 511; x_wconf 71' lang='lat'><strong>742</strong></span> 
     </span>
    </p>
   </div>
   <div class='ocr_carea' id='block_1_2' title="bbox 310 553 1954 637">
    <p class='ocr_par' dir='ltr' id='par_1_2' title="bbox 310 553 1890 626">
     <span class='ocr_line' id='line_1_2' title="bbox 310 553 1890 626; baseline -0.003 -16"><span class='ocrx_word' id='word_1_9' title='bbox 310 554 400 611; x_wconf 82' lang='grc'><strong>19.</strong></span> <span class='ocrx_word' id='word_1_10' title='bbox 432 553 535 610; x_wconf 77' lang='lat' dir='ltr'><strong>‘Ov</strong></span> <span class='ocrx_word' id='word_1_11' title='bbox 567 555 628 610; x_wconf 87' lang='lat' dir='ltr'><strong><em>tv</em></strong></span> <span class='ocrx_word' id='word_1_12' title='bbox 655 553 844 626; x_wconf 68' lang='grc' dir='ltr'>χερσὶν</span> <span class='ocrx_word' id='word_1_13' title='bbox 867 554 924 611; x_wconf 85' lang='grc' dir='ltr'><strong>αί</strong></span> <span class='ocrx_word' id='word_1_14' title='bbox 951 554 1199 626; x_wconf 76' lang='grc' dir='ltr'><strong>ἀνομίαι·</strong></span> <span class='ocrx_word' id='word_1_15' title='bbox 1843 564 1890 618; x_wconf 77' lang='grc' dir='ltr'><strong>Α</strong></span> 
     </span>
    </p>
   </div>
   <div class='ocr_carea' id='block_1_3' title="bbox 1589 553 3233 637">
    <p class='ocr_par' dir='ltr' id='par_1_3' title="bbox 1843 558 3233 637">
     <span class='ocr_line' id='line_1_3' title="bbox 1843 558 3233 637; baseline 0.009 -27"><span class='ocrx_word' id='word_1_16' title='bbox 1843 564 1890 618; x_wconf 79' lang='grc' dir='ltr'><strong>Α</strong></span> <span class='ocrx_word' id='word_1_17' title='bbox 1989 558 2073 612; x_wconf 88' lang='grc'><strong>19.</strong></span> <span class='ocrx_word' id='word_1_18' title='bbox 2101 559 2158 613; x_wconf 93' lang='lat' dir='ltr'><strong>ln</strong></span> <span class='ocrx_word' id='word_1_19' title='bbox 2193 577 2426 631; x_wconf 89' lang='lat' dir='ltr'><strong>quorum</strong></span> <span class='ocrx_word' id='word_1_20' title='bbox 2455 564 2706 620; x_wconf 87' lang='lat' dir='ltr'><strong>manibus</strong></span> <span class='ocrx_word' id='word_1_21' title='bbox 2736 565 3050 637; x_wconf 76' lang='lat' dir='ltr'><strong>iniquitates</strong></span> <span class='ocrx_word' id='word_1_22' title='bbox 3077 576 3233 633; x_wconf 86' lang='lat' dir='ltr'><strong>sunt;</strong></span> 
     </span>
    </p>
   </div>
   <div class='ocr_carea' id='block_1_4' title="bbox 306 647 1950 726">
    <p class='ocr_par' dir='ltr' id='par_1_4' title="bbox 306 647 1394 720">
     <span class='ocr_line' id='line_1_4' title="bbox 306 647 1394 720; baseline -0.003 -17"><span class='ocrx_word' id='word_1_23' title='bbox 306 648 397 703; x_wconf 82' lang='lat'><strong>20.</strong></span> <span class='ocrx_word' id='word_1_24' title='bbox 440 649 504 701; x_wconf 84' lang='grc' dir='ltr'><strong><em>Ἥ</em></strong></span> <span class='ocrx_word' id='word_1_25' title='bbox 535 648 685 715; x_wconf 74' lang='grc' dir='ltr'>δεξιὰ</span> <span class='ocrx_word' id='word_1_26' title='bbox 708 647 887 702; x_wconf 82' lang='grc' dir='ltr'>αὐτῶν</span> <span class='ocrx_word' id='word_1_27' title='bbox 916 648 1157 720; x_wconf 84' lang='grc' dir='ltr'>ἐπλήσθη</span> <span class='ocrx_word' id='word_1_28' title='bbox 1189 647 1394 718; x_wconf 85' lang='grc' dir='ltr'><strong>δώρων.</strong></span> 
     </span>
    </p>
   </div>
   <div class='ocr_carea' id='block_1_5' title="bbox 1615 647 3259 726">
    <p class='ocr_par' dir='ltr' id='par_1_5' title="bbox 1980 649 3259 726">
     <span class='ocr_line' id='line_1_5' title="bbox 1980 649 3259 726; baseline 0.009 -24"><span class='ocrx_word' id='word_1_29' title='bbox 1980 649 2068 703; x_wconf 86' lang='lat'><strong>20.</strong></span> <span class='ocrx_word' id='word_1_30' title='bbox 2105 650 2332 707; x_wconf 80' lang='lat' dir='ltr'><strong>Dextera</strong></span> <span class='ocrx_word' id='word_1_31' title='bbox 2361 669 2550 710; x_wconf 92' lang='lat' dir='ltr'><strong>eorum</strong></span> <span class='ocrx_word' id='word_1_32' title='bbox 2582 657 2781 726; x_wconf 92' lang='lat' dir='ltr'><strong>repleta</strong></span> <span class='ocrx_word' id='word_1_33' title='bbox 2807 670 2890 714; x_wconf 89' lang='lat' dir='ltr'><strong>est</strong></span> <span class='ocrx_word' id='word_1_34' title='bbox 2921 661 3259 716; x_wconf 80' lang='lat' dir='ltr'><strong>muneribus.</strong></span> 
     </span>
    </p>
   </div>
   <div class='ocr_carea' id='block_1_6' title="bbox 307 738 1951 822">
    <p class='ocr_par' dir='ltr' id='par_1_6' title="bbox 307 738 1474 813">
     <span class='ocr_line' id='line_1_6' title="bbox 307 738 1474 813; baseline -0.002 -18"><span class='ocrx_word' id='word_1_35' title='bbox 307 738 399 796; x_wconf 74' lang='lat' dir='ltr'><strong>2i.</strong></span> <span class='ocrx_word' id='word_1_36' title='bbox 441 739 584 810; x_wconf 82' lang='grc' dir='ltr'><strong>Ἐγὼ</strong></span> <span class='ocrx_word' id='word_1_37' title='bbox 615 741 670 794; x_wconf 84' lang='grc' dir='ltr'><strong>δὲ</strong></span> <span class='ocrx_word' id='word_1_38' title='bbox 697 742 754 795; x_wconf 83' lang='grc' dir='ltr'><strong>ἐν</strong></span> <span class='ocrx_word' id='word_1_39' title='bbox 780 741 984 813; x_wconf 76' lang='grc' dir='ltr'>ἀκακία</span> <span class='ocrx_word' id='word_1_40' title='bbox 1007 759 1109 811; x_wconf 91' lang='grc' dir='ltr'><strong>μου</strong></span> <span class='ocrx_word' id='word_1_41' title='bbox 1137 741 1440 812; x_wconf 78' lang='grc' dir='ltr'><strong>ἐπορεύθην</strong></span> <span class='ocrx_word' id='word_1_42' title='bbox 1461 758 1474 772; x_wconf 76' lang='grc' dir='ltr'><strong>ο</strong></span> 
     </span>
    </p>
   </div>
   <div class='ocr_carea' id='block_1_7' title="bbox 1825 738 3469 822">
    <p class='ocr_par' dir='ltr' id='par_1_7' title="bbox 1979 739 3469 822">
     <span class='ocr_line' id='line_1_7' title="bbox 1979 739 3469 822; baseline 0.01 -30"><span class='ocrx_word' id='word_1_43' title='bbox 1979 739 2080 800; x_wconf 74' lang='grc'><strong>21..</strong></span> <span class='ocrx_word' id='word_1_44' title='bbox 2101 740 2212 811; x_wconf 85' lang='lat' dir='ltr'><strong>Ego</strong></span> <span class='ocrx_word' id='word_1_45' title='bbox 2236 753 2413 798; x_wconf 89' lang='lat' dir='ltr'><strong>autem</strong></span> <span class='ocrx_word' id='word_1_46' title='bbox 2438 746 2492 800; x_wconf 92' lang='lat' dir='ltr'><strong>in</strong></span> <span class='ocrx_word' id='word_1_47' title='bbox 2515 747 2822 802; x_wconf 78' lang='lat' dir='ltr'><strong>innocentia</strong></span> <span class='ocrx_word' id='word_1_48' title='bbox 2855 765 2974 804; x_wconf 90' lang='lat' dir='ltr'><strong>mea</strong></span> <span class='ocrx_word' id='word_1_49' title='bbox 3001 752 3281 822; x_wconf 79' lang='lat' dir='ltr'><strong>ingressus</strong></span> <span class='ocrx_word' id='word_1_50' title='bbox 3311 765 3469 807; x_wconf 78' lang='lat' dir='ltr'><strong>sum:</strong></span> 
     </span>
    </p>
   </div>
   <div class='ocr_carea' id='block_1_8' title="bbox 313 832 1957 904">
    <p class='ocr_par' dir='ltr' id='par_1_8' title="bbox 313 832 1560 904">
     <span class='ocr_line' id='line_1_8' title="bbox 313 832 1560 904; baseline 0.002 -18"><span class='ocrx_word' id='word_1_51' title='bbox 313 832 407 888; x_wconf 83' lang='lat'><strong>22.</strong></span> <span class='ocrx_word' id='word_1_52' title='bbox 438 832 726 904; x_wconf 86' lang='grc' dir='ltr'>Λύτρωσαί</span> <span class='ocrx_word' id='word_1_53' title='bbox 757 850 846 903; x_wconf 86' lang='grc' dir='ltr'><strong>με,</strong></span> <span class='ocrx_word' id='word_1_54' title='bbox 875 832 1066 904; x_wconf 86' lang='grc' dir='ltr'>Κύριε,</span> <span class='ocrx_word' id='word_1_55' title='bbox 1102 834 1195 885; x_wconf 74' lang='grc' dir='ltr'>καὶ</span> <span class='ocrx_word' id='word_1_56' title='bbox 1223 832 1442 902; x_wconf 79' lang='grc' dir='ltr'>ἐλέησόν</span> <span class='ocrx_word' id='word_1_57' title='bbox 1473 850 1560 903; x_wconf 84' lang='grc' dir='ltr'>με.</span> 
     </span>
    </p>
   </div>
   <div class='ocr_carea' id='block_1_9' title="bbox 1335 832 2979 904">
    <p class='ocr_par' dir='ltr' id='par_1_9' title="bbox 1335 832 2979 903">
     <span class='ocr_line' id='line_1_9' title="bbox 1335 832 2979 903; baseline 0.007 -20"><span class='ocrx_word' id='word_1_58' title='bbox 1335 832 1442 902; x_wconf 69' lang='grc' dir='ltr'>ισόν</span> <span class='ocrx_word' id='word_1_59' title='bbox 1473 850 1560 903; x_wconf 90' lang='grc' dir='ltr'>με.</span> <span class='ocrx_word' id='word_1_60' title='bbox 1978 832 2066 885; x_wconf 75' lang='lat'><strong>29..</strong></span> <span class='ocrx_word' id='word_1_61' title='bbox 2106 833 2330 889; x_wconf 81' lang='lat' dir='ltr'><strong>Redime</strong></span> <span class='ocrx_word' id='word_1_62' title='bbox 2358 851 2464 899; x_wconf 85' lang='lat' dir='ltr'><strong>me,</strong></span> <span class='ocrx_word' id='word_1_63' title='bbox 2491 846 2544 892; x_wconf 89' lang='lat' dir='ltr'><strong>et</strong></span> <span class='ocrx_word' id='word_1_64' title='bbox 2567 839 2823 894; x_wconf 90' lang='lat' dir='ltr'><strong>miserere</strong></span> <span class='ocrx_word' id='word_1_65' title='bbox 2851 842 2979 896; x_wconf 89' lang='lat' dir='ltr'><strong>mei.</strong></span> 
     </span>
    </p>
   </div>
   <div class='ocr_carea' id='block_1_10' title="bbox 307 922 1951 996">
    <p class='ocr_par' dir='ltr' id='par_1_10' title="bbox 307 923 1381 996">
     <span class='ocr_line' id='line_1_10' title="bbox 307 923 1381 996; baseline -0.001 -19"><span class='ocrx_word' id='word_1_66' title='bbox 307 923 399 979; x_wconf 80' lang='lat'><strong>25.</strong></span> <span class='ocrx_word' id='word_1_67' title='bbox 444 925 502 978; x_wconf 86' lang='lat'><strong>&#39;0</strong></span> <span class='ocrx_word' id='word_1_68' title='bbox 536 925 671 988; x_wconf 85' lang='grc' dir='ltr'>ποῦς</span> <span class='ocrx_word' id='word_1_69' title='bbox 705 943 803 996; x_wconf 92' lang='grc' dir='ltr'><strong>μου</strong></span> <span class='ocrx_word' id='word_1_70' title='bbox 843 926 974 995; x_wconf 77' lang='grc' dir='ltr'>ἔστη</span> <span class='ocrx_word' id='word_1_71' title='bbox 1011 926 1067 977; x_wconf 91' lang='grc' dir='ltr'><strong>ἐν</strong></span> <span class='ocrx_word' id='word_1_72' title='bbox 1094 924 1381 994; x_wconf 77' lang='grc' dir='ltr'>εύθύτητιο</span> 
     </span>
    </p>
   </div>
   <div class='ocr_carea' id='block_1_11' title="bbox 1263 922 2907 996">
    <p class='ocr_par' dir='ltr' id='par_1_11' title="bbox 1263 922 2907 994">
     <span class='ocr_line' id='line_1_11' title="bbox 1263 922 2907 994; baseline 0.005 -18"><span class='ocrx_word' id='word_1_73' title='bbox 1263 941 1346 994; x_wconf 86' lang='grc' dir='ltr'><strong>ητι</strong></span> <span class='ocrx_word' id='word_1_74' title='bbox 1367 941 1381 955; x_wconf 78' lang='grc' dir='ltr'><strong><em>ο</em></strong></span> <span class='ocrx_word' id='word_1_75' title='bbox 1979 922 2067 974; x_wconf 76' lang='lat'><strong>23.</strong></span> <span class='ocrx_word' id='word_1_76' title='bbox 2105 922 2206 977; x_wconf 86' lang='lat' dir='ltr'><strong>Pes</strong></span> <span class='ocrx_word' id='word_1_77' title='bbox 2232 939 2382 979; x_wconf 91' lang='lat' dir='ltr'><strong>meus</strong></span> <span class='ocrx_word' id='word_1_78' title='bbox 2406 928 2552 981; x_wconf 86' lang='lat' dir='ltr'><strong>stetit</strong></span> <span class='ocrx_word' id='word_1_79' title='bbox 2586 929 2638 982; x_wconf 84' lang='lat' dir='ltr'><strong>in</strong></span> <span class='ocrx_word' id='word_1_80' title='bbox 2671 931 2907 986; x_wconf 88' lang='lat' dir='ltr'><strong>directo:</strong></span> 
     </span>
    </p>
   </div>
   <div class='ocr_carea' id='block_1_12' title="bbox 303 1013 1947 1088">
    <p class='ocr_par' dir='ltr' id='par_1_12' title="bbox 303 1013 1533 1087">
     <span class='ocr_line' id='line_1_12' title="bbox 303 1013 1533 1087; baseline 0.002 -21"><span class='ocrx_word' id='word_1_81' title='bbox 303 1013 396 1070; x_wconf 65' lang='lat'><strong>24.</strong></span> <span class='ocrx_word' id='word_1_82' title='bbox 441 1015 529 1067; x_wconf 87' lang='grc' dir='ltr'>Ἐν</span> <span class='ocrx_word' id='word_1_83' title='bbox 565 1015 883 1087; x_wconf 79' lang='grc' dir='ltr'><strong>ἐκκλησίαις</strong></span> <span class='ocrx_word' id='word_1_84' title='bbox 913 1016 1192 1086; x_wconf 82' lang='grc' dir='ltr'><strong>εὐλογήσω</strong></span> <span class='ocrx_word' id='word_1_85' title='bbox 1227 1033 1306 1079; x_wconf 92' lang='grc' dir='ltr'><strong>σε,</strong></span> <span class='ocrx_word' id='word_1_86' title='bbox 1343 1014 1533 1086; x_wconf 83' lang='grc' dir='ltr'>Κύριε.</span> 
     </span>
    </p>
   </div>
   <div class='ocr_carea' id='block_1_13' title="bbox 1513 1013 3157 1088">
    <p class='ocr_par' dir='ltr' id='par_1_13' title="bbox 1520 1013 3157 1088">
     <span class='ocr_line' id='line_1_13' title="bbox 1520 1013 3157 1088; baseline 0.011 -27"><span class='ocrx_word' id='word_1_87' title='bbox 1520 1056 1533 1068; x_wconf 85' lang='grc'><strong>,</strong></span> <span class='ocrx_word' id='word_1_88' title='bbox 1979 1013 2068 1066; x_wconf 76' lang='grc'><strong>24.</strong></span> <span class='ocrx_word' id='word_1_89' title='bbox 2105 1014 2162 1069; x_wconf 86' lang='grc' dir='ltr'><strong>1η</strong></span> <span class='ocrx_word' id='word_1_90' title='bbox 2192 1015 2449 1073; x_wconf 86' lang='lat' dir='ltr'><strong>Ecclesiis</strong></span> <span class='ocrx_word' id='word_1_91' title='bbox 2475 1020 2786 1076; x_wconf 89' lang='lat' dir='ltr'><strong>benedicam</strong></span> <span class='ocrx_word' id='word_1_92' title='bbox 2810 1033 2882 1088; x_wconf 88' lang='lat' dir='ltr'><strong>te,</strong></span> <span class='ocrx_word' id='word_1_93' title='bbox 2911 1023 3157 1079; x_wconf 89' lang='lat' dir='ltr'><strong>Domine.</strong></span> 
     </span>
    </p>
   </div>
   <div class='ocr_carea' id='block_1_14' title="bbox 242 1168 1886 1248">
    <p class='ocr_par' dir='ltr' id='par_1_14' title="bbox 242 1169 1801 1240">
     <span class='ocr_line' id='line_1_14' title="bbox 242 1169 1801 1240; baseline 0.004 -19"><span class='ocrx_word' id='word_1_94' title='bbox 242 1169 487 1238; x_wconf 74' lang='grc' dir='ltr'>Ψαλμὸς</span> <span class='ocrx_word' id='word_1_95' title='bbox 515 1170 594 1236; x_wconf 83' lang='grc' dir='ltr'>τῷ</span> <span class='ocrx_word' id='word_1_96' title='bbox 613 1170 807 1235; x_wconf 74' lang='grc' dir='ltr'>Δαϐίδ,</span> <span class='ocrx_word' id='word_1_97' title='bbox 837 1170 949 1240; x_wconf 80' lang='grc' dir='ltr'>πρὸ</span> <span class='ocrx_word' id='word_1_98' title='bbox 973 1170 1076 1226; x_wconf 88' lang='grc' dir='ltr'>τοῦ</span> <span class='ocrx_word' id='word_1_99' title='bbox 1093 1169 1433 1240; x_wconf 81' lang='grc' dir='ltr'>χρισθῆναι.</span> <span class='ocrx_word' id='word_1_100' title='bbox 1475 1175 1640 1228; x_wconf 79' lang='grc' dir='ltr'><strong>ΨΑΛ.</strong></span> <span class='ocrx_word' id='word_1_101' title='bbox 1660 1175 1801 1240; x_wconf 69' lang='lat' dir='ltr'><strong>Kq’.</strong></span> 
     </span>
    </p>
   </div>
   <div class='ocr_carea' id='block_1_15' title="bbox 1821 1168 3465 1248">
    <p class='ocr_par' dir='ltr' id='par_1_15' title="bbox 1909 1168 3465 1248">
     <span class='ocr_line' id='line_1_15' title="bbox 1909 1168 3465 1248; baseline 0.006 -24"><span class='ocrx_word' id='word_1_102' title='bbox 1909 1168 2154 1227; x_wconf 76' lang='lat' dir='ltr'><strong>Psalmus</strong></span> <span class='ocrx_word' id='word_1_103' title='bbox 2182 1175 2372 1241; x_wconf 82' lang='lat' dir='ltr'><strong>David,</strong></span> <span class='ocrx_word' id='word_1_104' title='bbox 2402 1177 2704 1248; x_wconf 71' lang='lat' dir='ltr'><strong>priusquam</strong></span> <span class='ocrx_word' id='word_1_105' title='bbox 2733 1179 2996 1235; x_wconf 79' lang='lat' dir='ltr'><strong>(iniretur.</strong></span> <span class='ocrx_word' id='word_1_106' title='bbox 3024 1180 3223 1236; x_wconf 81' lang='lat' dir='ltr'><strong>PSAL.</strong></span> <span class='ocrx_word' id='word_1_107' title='bbox 3253 1179 3358 1236; x_wconf 77' lang='lat' dir='ltr'><strong>XX</strong></span> <span class='ocrx_word' id='word_1_108' title='bbox 3372 1180 3465 1235; x_wconf 74' lang='lat' dir='ltr'><strong>VI.</strong></span> 
     </span>
    </p>
   </div>
   <div class='ocr_carea' id='block_1_16' title="bbox 311 1325 1955 1407">
    <p class='ocr_par' dir='ltr' id='par_1_16' title="bbox 311 1325 1802 1404">
     <span class='ocr_line' id='line_1_16' title="bbox 311 1325 1802 1404; baseline 0.004 -25"><span class='ocrx_word' id='word_1_109' title='bbox 311 1325 360 1380; x_wconf 89' lang='grc'><strong>1.</strong></span> <span class='ocrx_word' id='word_1_110' title='bbox 393 1327 594 1397; x_wconf 87' lang='grc' dir='ltr'>Κύριος</span> <span class='ocrx_word' id='word_1_111' title='bbox 617 1330 892 1401; x_wconf 83' lang='grc' dir='ltr'>φωτισμός</span> <span class='ocrx_word' id='word_1_112' title='bbox 929 1348 1028 1402; x_wconf 93' lang='grc' dir='ltr'><strong>μου</strong></span> <span class='ocrx_word' id='word_1_113' title='bbox 1063 1332 1156 1384; x_wconf 78' lang='grc' dir='ltr'><strong>καὶ</strong></span> <span class='ocrx_word' id='word_1_114' title='bbox 1186 1332 1368 1404; x_wconf 84' lang='grc' dir='ltr'>σωτήρ</span> <span class='ocrx_word' id='word_1_115' title='bbox 1396 1350 1518 1404; x_wconf 88' lang='grc' dir='ltr'>μου,</span> <span class='ocrx_word' id='word_1_116' title='bbox 1554 1332 1673 1384; x_wconf 82' lang='grc' dir='ltr'>τίνα</span> <span class='ocrx_word' id='word_1_117' title='bbox 1706 1349 1802 1402; x_wconf 74' lang='grc' dir='ltr'><strong>φο-</strong></span> 
     </span>
    </p>
   </div>
   <div class='ocr_carea' id='block_1_17' title="bbox 1825 1325 3469 1407">
    <p class='ocr_par' dir='ltr' id='par_1_17' title="bbox 1976 1327 3469 1407">
     <span class='ocr_line' id='line_1_17' title="bbox 1976 1327 3469 1407; baseline 0.007 -27"><span class='ocrx_word' id='word_1_118' title='bbox 1976 1327 2024 1380; x_wconf 73' lang='lat' dir='ltr'><strong>t.</strong></span> <span class='ocrx_word' id='word_1_119' title='bbox 2059 1327 2320 1385; x_wconf 88' lang='lat' dir='ltr'><strong>Dominus</strong></span> <span class='ocrx_word' id='word_1_120' title='bbox 2363 1332 2690 1388; x_wconf 87' lang='lat' dir='ltr'><strong>illuminatio</strong></span> <span class='ocrx_word' id='word_1_121' title='bbox 2724 1351 2842 1392; x_wconf 87' lang='lat' dir='ltr'><strong>mea</strong></span> <span class='ocrx_word' id='word_1_122' title='bbox 2866 1347 2919 1392; x_wconf 90' lang='lat' dir='ltr'><strong>et</strong></span> <span class='ocrx_word' id='word_1_123' title='bbox 2954 1337 3102 1393; x_wconf 88' lang='lat' dir='ltr'><strong>salus</strong></span> <span class='ocrx_word' id='word_1_124' title='bbox 3134 1352 3275 1406; x_wconf 89' lang='lat' dir='ltr'><strong>mea,</strong></span> <span class='ocrx_word' id='word_1_125' title='bbox 3306 1353 3469 1407; x_wconf 88' lang='lat' dir='ltr'><strong>quem</strong></span> 
     </span>
    </p>
   </div>
   <div class='ocr_carea' id='block_1_18' title="bbox 237 1419 1881 1491">
    <p class='ocr_par' dir='ltr' id='par_1_18' title="bbox 237 1419 582 1491">
     <span class='ocr_line' id='line_1_18' title="bbox 237 1419 582 1491; baseline 0.006 -20"><span class='ocrx_word' id='word_1_126' title='bbox 237 1419 582 1491; x_wconf 79' lang='grc' dir='ltr'>6ηθήσομαι;</span> 
     </span>
    </p>
   </div>
   <div class='ocr_carea' id='block_1_19' title="bbox 497 1419 2141 1491">
    <p class='ocr_par' dir='ltr' id='par_1_19' title="bbox 497 1420 2141 1484">
     <span class='ocr_line' id='line_1_19' title="bbox 497 1420 2141 1484; baseline 0 -11"><span class='ocrx_word' id='word_1_127' title='bbox 497 1439 549 1474; x_wconf 87' lang='grc' dir='ltr'><strong>αι</strong></span> <span class='ocrx_word' id='word_1_128' title='bbox 566 1437 582 1484; x_wconf 88' lang='grc'>;</span> <span class='ocrx_word' id='word_1_129' title='bbox 1905 1420 2141 1475; x_wconf 85' lang='lat' dir='ltr'><strong>timebo?</strong></span> 
     </span>
    </p>
   </div>
   <div class='ocr_carea' id='block_1_20' title="bbox 306 1513 1950 1591">
    <p class='ocr_par' dir='ltr' id='par_1_20' title="bbox 306 1513 1798 1590">
     <span class='ocr_line' id='line_1_20' title="bbox 306 1513 1798 1590; baseline 0.003 -24"><span class='ocrx_word' id='word_1_130' title='bbox 306 1513 361 1567; x_wconf 97' lang='lat'><strong>2.</strong></span> <span class='ocrx_word' id='word_1_131' title='bbox 398 1514 599 1585; x_wconf 84' lang='grc' dir='ltr'>Κύριος</span> <span class='ocrx_word' id='word_1_132' title='bbox 629 1515 1037 1590; x_wconf 76' lang='grc' dir='ltr'><strong>ὑπερασπιστὴς</strong></span> <span class='ocrx_word' id='word_1_133' title='bbox 1061 1517 1159 1588; x_wconf 80' lang='grc' dir='ltr'>τῆς</span> <span class='ocrx_word' id='word_1_134' title='bbox 1189 1515 1334 1587; x_wconf 81' lang='grc' dir='ltr'>ζωῆς</span> <span class='ocrx_word' id='word_1_135' title='bbox 1367 1534 1489 1588; x_wconf 91' lang='grc' dir='ltr'>μου,</span> <span class='ocrx_word' id='word_1_136' title='bbox 1523 1517 1630 1570; x_wconf 83' lang='grc' dir='ltr'>ἀπὸ</span> <span class='ocrx_word' id='word_1_137' title='bbox 1654 1517 1798 1580; x_wconf 89' lang='grc' dir='ltr'>τίνος</span> 
     </span>
    </p>
   </div>
   <div class='ocr_carea' id='block_1_21' title="bbox 1821 1513 3465 1591">
    <p class='ocr_par' dir='ltr' id='par_1_21' title="bbox 1969 1513 3465 1591">
     <span class='ocr_line' id='line_1_21' title="bbox 1969 1513 3465 1591; baseline 0.006 -25"><span class='ocrx_word' id='word_1_138' title='bbox 1969 1513 2024 1567; x_wconf 88' lang='lat'><strong>2.</strong></span> <span class='ocrx_word' id='word_1_139' title='bbox 2074 1513 2338 1570; x_wconf 87' lang='lat' dir='ltr'><strong>Dominus</strong></span> <span class='ocrx_word' id='word_1_140' title='bbox 2379 1522 2654 1583; x_wconf 88' lang='lat' dir='ltr'><strong>protector</strong></span> <span class='ocrx_word' id='word_1_141' title='bbox 2697 1515 2819 1570; x_wconf 72' lang='lat' dir='ltr'><strong>vita:</strong></span> <span class='ocrx_word' id='word_1_142' title='bbox 2868 1532 3080 1582; x_wconf 68' lang='lat' dir='ltr'><strong>meae,a</strong></span> <span class='ocrx_word' id='word_1_143' title='bbox 3132 1535 3240 1588; x_wconf 94' lang='lat' dir='ltr'><strong>quo</strong></span> <span class='ocrx_word' id='word_1_144' title='bbox 3295 1523 3465 1591; x_wconf 76' lang='lat' dir='ltr'><strong>trepi-</strong></span> 
     </span>
    </p>
   </div>
   <div class='ocr_carea' id='block_1_22' title="bbox 231 1602 2082 1670">
    <p class='ocr_par' dir='ltr' id='par_1_22' title="bbox 231 1602 2082 1670">
     <span class='ocr_line' id='line_1_22' title="bbox 231 1602 2082 1670; baseline 0.002 -15"><span class='ocrx_word' id='word_1_145' title='bbox 231 1602 485 1656; x_wconf 81' lang='grc' dir='ltr'>δειλιάσω</span> <span class='ocrx_word' id='word_1_146' title='bbox 506 1622 520 1670; x_wconf 87' lang='grc'>;</span> <span class='ocrx_word' id='word_1_147' title='bbox 1899 1605 2082 1660; x_wconf 84' lang='lat' dir='ltr'><strong>dabo?</strong></span> 
     </span>
    </p>
   </div>
   <div class='ocr_carea' id='block_1_23' title="bbox 306 1692 1950 1770">
    <p class='ocr_par' dir='ltr' id='par_1_23' title="bbox 306 1696 1798 1770">
     <span class='ocr_line' id='line_1_23' title="bbox 306 1696 1798 1770; baseline 0.001 -20"><span class='ocrx_word' id='word_1_148' title='bbox 306 1697 358 1750; x_wconf 80' lang='lat'><strong>3.</strong></span> <span class='ocrx_word' id='word_1_149' title='bbox 401 1697 488 1749; x_wconf 83' lang='lat' dir='ltr'><strong>‘Ev</strong></span> <span class='ocrx_word' id='word_1_150' title='bbox 521 1696 597 1768; x_wconf 79' lang='grc' dir='ltr'><strong>τῷ</strong></span> <span class='ocrx_word' id='word_1_151' title='bbox 625 1696 860 1765; x_wconf 78' lang='grc' dir='ltr'><strong>ἐγγίζειν</strong></span> <span class='ocrx_word' id='word_1_152' title='bbox 894 1700 979 1752; x_wconf 80' lang='grc' dir='ltr'>ἐπ’</span> <span class='ocrx_word' id='word_1_153' title='bbox 1004 1700 1100 1770; x_wconf 85' lang='grc' dir='ltr'><strong>ἐμὲ</strong></span> <span class='ocrx_word' id='word_1_154' title='bbox 1129 1699 1449 1764; x_wconf 76' lang='grc' dir='ltr'><strong>κακοῦντας,</strong></span> <span class='ocrx_word' id='word_1_155' title='bbox 1477 1699 1569 1754; x_wconf 81' lang='grc' dir='ltr'>τοῦ</span> <span class='ocrx_word' id='word_1_156' title='bbox 1607 1701 1798 1769; x_wconf 79' lang='grc' dir='ltr'><strong>φαγεῖν</strong></span> 
     </span>
    </p>
   </div>
   <div class='ocr_carea' id='block_1_24' title="bbox 1819 1692 3463 1770">
    <p class='ocr_par' dir='ltr' id='par_1_24' title="bbox 1970 1692 3463 1764">
     <span class='ocr_line' id='line_1_24' title="bbox 1970 1692 3463 1764; baseline 0.003 -12"><span class='ocrx_word' id='word_1_157' title='bbox 1970 1699 2022 1752; x_wconf 81' lang='grc'><strong>5.</strong></span> <span class='ocrx_word' id='word_1_158' title='bbox 2056 1695 2193 1750; x_wconf 92' lang='lat' dir='ltr'><strong>Dum</strong></span> <span class='ocrx_word' id='word_1_159' title='bbox 2245 1692 2678 1763; x_wconf 85' lang='lat' dir='ltr'><strong>appropinquant</strong></span> <span class='ocrx_word' id='word_1_160' title='bbox 2729 1708 2891 1763; x_wconf 87' lang='lat' dir='ltr'><strong>super</strong></span> <span class='ocrx_word' id='word_1_161' title='bbox 2937 1711 3023 1751; x_wconf 92' lang='lat' dir='ltr'><strong>me</strong></span> <span class='ocrx_word' id='word_1_162' title='bbox 3070 1711 3352 1764; x_wconf 91' lang='lat' dir='ltr'><strong>nocentes,</strong></span> <span class='ocrx_word' id='word_1_163' title='bbox 3405 1713 3463 1759; x_wconf 84' lang='lat' dir='ltr'><strong>ut</strong></span> 
     </span>
    </p>
   </div>
   <div class='ocr_carea' id='block_1_25' title="bbox 229 1787 1873 1857">
    <p class='ocr_par' dir='ltr' id='par_1_25' title="bbox 229 1787 730 1857">
     <span class='ocr_line' id='line_1_25' title="bbox 229 1787 730 1857; baseline 0.002 -17"><span class='ocrx_word' id='word_1_164' title='bbox 229 1787 331 1850; x_wconf 82' lang='grc' dir='ltr'><strong>τάς</strong></span> <span class='ocrx_word' id='word_1_165' title='bbox 361 1789 569 1857; x_wconf 79' lang='grc' dir='ltr'>σάρκας</span> <span class='ocrx_word' id='word_1_166' title='bbox 594 1806 692 1857; x_wconf 92' lang='grc' dir='ltr'><strong>μου</strong></span> <span class='ocrx_word' id='word_1_167' title='bbox 716 1806 730 1820; x_wconf 79' lang='grc' dir='ltr'><strong>ο</strong></span> 
     </span>
    </p>
   </div>
   <div class='ocr_carea' id='block_1_26' title="bbox 843 1787 2487 1857">
    <p class='ocr_par' dir='ltr' id='par_1_26' title="bbox 1897 1791 2487 1850">
     <span class='ocr_line' id='line_1_26' title="bbox 1897 1791 2487 1850; baseline -0.014 -5"><span class='ocrx_word' id='word_1_168' title='bbox 1897 1791 2060 1844; x_wconf 80' lang='lat' dir='ltr'><strong>edant</strong></span> <span class='ocrx_word' id='word_1_169' title='bbox 2081 1801 2273 1841; x_wconf 89' lang='lat' dir='ltr'><strong>carnes</strong></span> <span class='ocrx_word' id='word_1_170' title='bbox 2304 1801 2487 1850; x_wconf 88' lang='lat' dir='ltr'><strong>meas;</strong></span> 
     </span>
    </p>
   </div>
   <div class='ocr_carea' id='block_1_27' title="bbox 302 1873 1946 1962">
    <p class='ocr_par' dir='ltr' id='par_1_27' title="bbox 302 1879 1872 1962">
     <span class='ocr_line' id='line_1_27' title="bbox 302 1879 1872 1962; baseline 0.002 -30"><span class='ocrx_word' id='word_1_171' title='bbox 302 1879 356 1932; x_wconf 67' lang='grc'><strong>1,</strong></span> <span class='ocrx_word' id='word_1_172' title='bbox 387 1882 448 1932; x_wconf 91' lang='grc' dir='ltr'>Οί</span> <span class='ocrx_word' id='word_1_173' title='bbox 478 1881 746 1946; x_wconf 74' lang='grc' dir='ltr'>θλίϐοντες</span> <span class='ocrx_word' id='word_1_174' title='bbox 789 1901 856 1954; x_wconf 88' lang='grc' dir='ltr'><strong>με</strong></span> <span class='ocrx_word' id='word_1_175' title='bbox 887 1884 979 1936; x_wconf 73' lang='grc' dir='ltr'><strong>καὶ</strong></span> <span class='ocrx_word' id='word_1_176' title='bbox 1001 1885 1050 1937; x_wconf 87' lang='grc' dir='ltr'>οἱ</span> <span class='ocrx_word' id='word_1_177' title='bbox 1090 1884 1270 1957; x_wconf 82' lang='grc' dir='ltr'>ἐχθροί</span> <span class='ocrx_word' id='word_1_178' title='bbox 1301 1903 1421 1956; x_wconf 86' lang='grc' dir='ltr'>μου,</span> <span class='ocrx_word' id='word_1_179' title='bbox 1449 1885 1604 1938; x_wconf 69' lang='grc' dir='ltr'>αὐτοὶ</span> <span class='ocrx_word' id='word_1_180' title='bbox 1628 1881 1793 1954; x_wconf 79' lang='grc' dir='ltr'>ὴσθέ-</span> <span class='ocrx_word' id='word_1_181' title='bbox 1829 1906 1872 1962; x_wconf 77' lang='grc' dir='ltr'>Β</span> 
     </span>
    </p>
   </div>
   <div class='ocr_carea' id='block_1_28' title="bbox 1818 1873 3462 1962">
    <p class='ocr_par' dir='ltr' id='par_1_28' title="bbox 1829 1873 3462 1962">
     <span class='ocr_line' id='line_1_28' title="bbox 1829 1873 3462 1962; baseline 0.004 -31"><span class='ocrx_word' id='word_1_182' title='bbox 1829 1906 1872 1962; x_wconf 76' lang='grc' dir='ltr'>Β</span> <span class='ocrx_word' id='word_1_183' title='bbox 1970 1880 2020 1933; x_wconf 71' lang='grc'><strong>4.</strong></span> <span class='ocrx_word' id='word_1_184' title='bbox 2054 1878 2158 1944; x_wconf 86' lang='lat' dir='ltr'><strong>Qui</strong></span> <span class='ocrx_word' id='word_1_185' title='bbox 2205 1876 2467 1931; x_wconf 88' lang='lat' dir='ltr'><strong>tribulant</strong></span> <span class='ocrx_word' id='word_1_186' title='bbox 2514 1888 2599 1927; x_wconf 89' lang='lat' dir='ltr'><strong>me</strong></span> <span class='ocrx_word' id='word_1_187' title='bbox 2644 1873 2848 1931; x_wconf 90' lang='lat' dir='ltr'><strong>inimici</strong></span> <span class='ocrx_word' id='word_1_188' title='bbox 2894 1878 3021 1943; x_wconf 89' lang='lat' dir='ltr'><strong>mei,</strong></span> <span class='ocrx_word' id='word_1_189' title='bbox 3059 1879 3158 1949; x_wconf 88' lang='lat' dir='ltr'><strong>ipsi</strong></span> <span class='ocrx_word' id='word_1_190' title='bbox 3211 1880 3462 1938; x_wconf 82' lang='lat' dir='ltr'><strong>inﬁrmati</strong></span> 
     </span>
    </p>
   </div>
   <div class='ocr_carea' id='block_1_29' title="bbox 229 1969 1873 2039">
    <p class='ocr_par' dir='ltr' id='par_1_29' title="bbox 229 1970 761 2039">
     <span class='ocr_line' id='line_1_29' title="bbox 229 1970 761 2039; baseline 0.008 -19"><span class='ocrx_word' id='word_1_191' title='bbox 229 1986 295 2039; x_wconf 90' lang='grc' dir='ltr'><strong>νη</strong></span> <span class='ocrx_word' id='word_1_192' title='bbox 306 1986 402 2021; x_wconf 86' lang='grc' dir='ltr'><strong>σαν</strong></span> <span class='ocrx_word' id='word_1_193' title='bbox 428 1971 519 2022; x_wconf 74' lang='grc' dir='ltr'><strong>καὶ</strong></span> <span class='ocrx_word' id='word_1_194' title='bbox 544 1970 761 2025; x_wconf 75' lang='grc' dir='ltr'>ἔπεσαν.</span> 
     </span>
    </p>
   </div>
   <div class='ocr_carea' id='block_1_30' title="bbox 821 1969 2465 2039">
    <p class='ocr_par' dir='ltr' id='par_1_30' title="bbox 1899 1969 2465 2029">
     <span class='ocr_line' id='line_1_30' title="bbox 1899 1969 2465 2029; baseline -0.016 0"><span class='ocrx_word' id='word_1_195' title='bbox 1899 1982 2026 2029; x_wconf 80' lang='lat' dir='ltr'><strong>sunt</strong></span> <span class='ocrx_word' id='word_1_196' title='bbox 2045 1982 2099 2025; x_wconf 93' lang='lat' dir='ltr'><strong>et</strong></span> <span class='ocrx_word' id='word_1_197' title='bbox 2131 1969 2465 2025; x_wconf 88' lang='lat' dir='ltr'><strong>ceciderunt.</strong></span> 
     </span>
    </p>
   </div>
   <div class='ocr_carea' id='block_1_31' title="bbox 305 2059 1949 2139">
    <p class='ocr_par' dir='ltr' id='par_1_31' title="bbox 305 2060 1798 2139">
     <span class='ocr_line' id='line_1_31' title="bbox 305 2060 1798 2139; baseline 0.005 -25"><span class='ocrx_word' id='word_1_198' title='bbox 305 2060 356 2114; x_wconf 84' lang='lat'><strong>5.</strong></span> <span class='ocrx_word' id='word_1_199' title='bbox 403 2062 526 2114; x_wconf 78' lang='grc' dir='ltr'>Ἐάν</span> <span class='ocrx_word' id='word_1_200' title='bbox 571 2063 946 2135; x_wconf 78' lang='grc' dir='ltr'>παρατάξηται</span> <span class='ocrx_word' id='word_1_201' title='bbox 981 2067 1066 2117; x_wconf 78' lang='grc' dir='ltr'>ἐπ’</span> <span class='ocrx_word' id='word_1_202' title='bbox 1088 2065 1187 2136; x_wconf 83' lang='grc' dir='ltr'>ἐμὲ</span> <span class='ocrx_word' id='word_1_203' title='bbox 1215 2064 1553 2138; x_wconf 82' lang='grc' dir='ltr'>παοεμὸολὴ,</span> <span class='ocrx_word' id='word_1_204' title='bbox 1590 2067 1651 2120; x_wconf 89' lang='grc' dir='ltr'><strong>ού</strong></span> <span class='ocrx_word' id='word_1_205' title='bbox 1701 2086 1798 2139; x_wconf 83' lang='grc' dir='ltr'><strong>φο-</strong></span> 
     </span>
    </p>
   </div>
   <div class='ocr_carea' id='block_1_32' title="bbox 1817 2059 3461 2139">
    <p class='ocr_par' dir='ltr' id='par_1_32' title="bbox 1967 2059 3461 2129">
     <span class='ocr_line' id='line_1_32' title="bbox 1967 2059 3461 2129; baseline 0.002 -12"><span class='ocrx_word' id='word_1_206' title='bbox 1967 2064 2020 2118; x_wconf 86' lang='grc'><strong>5.</strong></span> <span class='ocrx_word' id='word_1_207' title='bbox 2053 2061 2109 2116; x_wconf 91' lang='lat' dir='ltr'><strong>Si</strong></span> <span class='ocrx_word' id='word_1_208' title='bbox 2146 2062 2448 2116; x_wconf 85' lang='lat' dir='ltr'><strong>consistant</strong></span> <span class='ocrx_word' id='word_1_209' title='bbox 2470 2059 2758 2113; x_wconf 89' lang='lat' dir='ltr'><strong>adversum</strong></span> <span class='ocrx_word' id='word_1_210' title='bbox 2793 2075 2879 2116; x_wconf 91' lang='lat' dir='ltr'><strong>me</strong></span> <span class='ocrx_word' id='word_1_211' title='bbox 2919 2069 3100 2117; x_wconf 90' lang='lat' dir='ltr'><strong>castra</strong></span> <span class='ocrx_word' id='word_1_212' title='bbox 3125 2103 3139 2129; x_wconf 96' lang='lat'><strong>,</strong></span> <span class='ocrx_word' id='word_1_213' title='bbox 3170 2080 3278 2119; x_wconf 91' lang='lat' dir='ltr'><strong>non</strong></span> <span class='ocrx_word' id='word_1_214' title='bbox 3302 2067 3461 2120; x_wconf 87' lang='lat' dir='ltr'><strong>time-</strong></span> 
     </span>
    </p>
   </div>
   <div class='ocr_carea' id='block_1_33' title="bbox 227 2150 1871 2227">
    <p class='ocr_par' dir='ltr' id='par_1_33' title="bbox 227 2150 972 2227">
     <span class='ocr_line' id='line_1_33' title="bbox 227 2150 972 2227; baseline 0.009 -25"><span class='ocrx_word' id='word_1_215' title='bbox 227 2150 527 2222; x_wconf 75' lang='grc' dir='ltr'>ϐηθήσεται</span> <span class='ocrx_word' id='word_1_216' title='bbox 557 2157 589 2224; x_wconf 80' lang='grc' dir='ltr'>ἡ</span> <span class='ocrx_word' id='word_1_217' title='bbox 623 2156 819 2225; x_wconf 88' lang='grc' dir='ltr'>καρδία</span> <span class='ocrx_word' id='word_1_218' title='bbox 845 2173 972 2227; x_wconf 87' lang='grc' dir='ltr'>μου·</span> 
     </span>
    </p>
   </div>
   <div class='ocr_carea' id='block_1_34' title="bbox 705 2150 2349 2227">
    <p class='ocr_par' dir='ltr' id='par_1_34' title="bbox 705 2156 2349 2227">
     <span class='ocr_line' id='line_1_34' title="bbox 705 2156 2349 2227; baseline -0.002 -19"><span class='ocrx_word' id='word_1_219' title='bbox 705 2156 819 2225; x_wconf 85' lang='grc' dir='ltr'>ρδία</span> <span class='ocrx_word' id='word_1_220' title='bbox 845 2173 972 2227; x_wconf 87' lang='grc' dir='ltr'>μου·</span> <span class='ocrx_word' id='word_1_221' title='bbox 1907 2157 1988 2213; x_wconf 81' lang='lat' dir='ltr'><strong>bit</strong></span> <span class='ocrx_word' id='word_1_222' title='bbox 2011 2170 2106 2210; x_wconf 89' lang='lat' dir='ltr'><strong>cor</strong></span> <span class='ocrx_word' id='word_1_223' title='bbox 2133 2168 2313 2207; x_wconf 86' lang='lat' dir='ltr'><strong>meum</strong></span> <span class='ocrx_word' id='word_1_224' title='bbox 2338 2170 2349 2206; x_wconf 96' lang='lat'>:</span> 
     </span>
    </p>
   </div>
   <div class='ocr_carea' id='block_1_35' title="bbox 302 2242 1946 2324">
    <p class='ocr_par' dir='ltr' id='par_1_35' title="bbox 302 2242 1799 2323">
     <span class='ocr_line' id='line_1_35' title="bbox 302 2242 1799 2323; baseline 0.007 -27"><span class='ocrx_word' id='word_1_225' title='bbox 302 2242 354 2296; x_wconf 88' lang='lat'><strong>6.</strong></span> <span class='ocrx_word' id='word_1_226' title='bbox 401 2245 524 2298; x_wconf 80' lang='grc' dir='ltr'>Ἐάν</span> <span class='ocrx_word' id='word_1_227' title='bbox 554 2246 829 2319; x_wconf 78' lang='grc' dir='ltr'>ἐπαναστῇ</span> <span class='ocrx_word' id='word_1_228' title='bbox 857 2248 944 2300; x_wconf 83' lang='grc' dir='ltr'>ἐπ’</span> <span class='ocrx_word' id='word_1_229' title='bbox 981 2248 1080 2320; x_wconf 83' lang='grc' dir='ltr'><strong>ἐμὲ</strong></span> <span class='ocrx_word' id='word_1_230' title='bbox 1115 2249 1369 2320; x_wconf 87' lang='grc' dir='ltr'>πόλεμος,</span> <span class='ocrx_word' id='word_1_231' title='bbox 1403 2250 1463 2303; x_wconf 86' lang='grc' dir='ltr'><strong>ἐν</strong></span> <span class='ocrx_word' id='word_1_232' title='bbox 1483 2251 1657 2323; x_wconf 80' lang='grc' dir='ltr'>ταύτῃ</span> <span class='ocrx_word' id='word_1_233' title='bbox 1688 2253 1799 2322; x_wconf 85' lang='grc' dir='ltr'><strong>ἐγὼ</strong></span> 
     </span>
    </p>
   </div>
   <div class='ocr_carea' id='block_1_36' title="bbox 1816 2242 3460 2324">
    <p class='ocr_par' dir='ltr' id='par_1_36' title="bbox 1967 2243 3460 2324">
     <span class='ocr_line' id='line_1_36' title="bbox 1967 2243 3460 2324; baseline 0.004 -23"><span class='ocrx_word' id='word_1_234' title='bbox 1967 2248 2018 2302; x_wconf 88' lang='grc'><strong>6.</strong></span> <span class='ocrx_word' id='word_1_235' title='bbox 2054 2246 2111 2300; x_wconf 87' lang='lat' dir='ltr'><strong>Si</strong></span> <span class='ocrx_word' id='word_1_236' title='bbox 2141 2251 2399 2314; x_wconf 81' lang='lat' dir='ltr'><strong>exsurgat</strong></span> <span class='ocrx_word' id='word_1_237' title='bbox 2430 2243 2716 2299; x_wconf 86' lang='lat' dir='ltr'><strong>adversum</strong></span> <span class='ocrx_word' id='word_1_238' title='bbox 2751 2260 2837 2300; x_wconf 92' lang='lat' dir='ltr'><strong>me</strong></span> <span class='ocrx_word' id='word_1_239' title='bbox 2869 2246 3134 2316; x_wconf 70' lang='lat' dir='ltr'><strong>praelium,</strong></span> <span class='ocrx_word' id='word_1_240' title='bbox 3167 2248 3220 2302; x_wconf 94' lang='lat' dir='ltr'><strong>in</strong></span> <span class='ocrx_word' id='word_1_241' title='bbox 3239 2249 3342 2306; x_wconf 92' lang='lat' dir='ltr'><strong>hoc</strong></span> <span class='ocrx_word' id='word_1_242' title='bbox 3367 2266 3460 2324; x_wconf 77' lang='lat' dir='ltr'><strong>ego</strong></span> 
     </span>
    </p>
   </div>
   <div class='ocr_carea' id='block_1_37' title="bbox 225 2336 1869 2412">
    <p class='ocr_par' dir='ltr' id='par_1_37' title="bbox 225 2336 742 2412">
     <span class='ocr_line' id='line_1_37' title="bbox 225 2336 742 2412; baseline 0.012 -25"><span class='ocrx_word' id='word_1_243' title='bbox 225 2336 436 2400; x_wconf 84' lang='grc' dir='ltr'>ἐλπίζω</span> <span class='ocrx_word' id='word_1_244' title='bbox 471 2336 682 2410; x_wconf 87' lang='grc' dir='ltr'>[ἐλπιῶ</span> 
     </span>
    </p>
   </div>
   <div class='ocr_carea' id='block_1_38' title="bbox 507 2336 2151 2412">
    <p class='ocr_par' dir='ltr' id='par_1_38' title="bbox 511 2338 2151 2412">
     <span class='ocr_line' id='line_1_38' title="bbox 511 2338 2151 2412; baseline 0.002 -22"><span class='ocrx_word' id='word_1_245' title='bbox 511 2338 682 2391; x_wconf 84' lang='grc' dir='ltr'>ἐλπιῶ</span> <span class='ocrx_word' id='word_1_246' title='bbox 700 2339 742 2412; x_wconf 90' lang='grc'><strong>].</strong></span> <span class='ocrx_word' id='word_1_247' title='bbox 1905 2341 2151 2412; x_wconf 87' lang='lat' dir='ltr'><strong>sperabo.</strong></span> 
     </span>
    </p>
   </div>
   <div class='ocr_carea' id='block_1_39' title="bbox 301 2426 1945 2508">
    <p class='ocr_par' dir='ltr' id='par_1_39' title="bbox 301 2426 1794 2508">
     <span class='ocr_line' id='line_1_39' title="bbox 301 2426 1794 2508; baseline 0.008 -29"><span class='ocrx_word' id='word_1_248' title='bbox 301 2426 352 2481; x_wconf 88' lang='lat'><strong>7.</strong></span> <span class='ocrx_word' id='word_1_249' title='bbox 381 2429 524 2482; x_wconf 83' lang='grc' dir='ltr'>Μίαν</span> <span class='ocrx_word' id='word_1_250' title='bbox 557 2432 846 2504; x_wconf 73' lang='grc' dir='ltr'><strong>ᾐτησάμην</strong></span> <span class='ocrx_word' id='word_1_251' title='bbox 880 2433 1030 2506; x_wconf 82' lang='grc' dir='ltr'>παρὰ</span> <span class='ocrx_word' id='word_1_252' title='bbox 1066 2433 1292 2506; x_wconf 77' lang='grc' dir='ltr'>Κυρίου,</span> <span class='ocrx_word' id='word_1_253' title='bbox 1321 2436 1525 2508; x_wconf 90' lang='grc' dir='ltr'>ταύτην</span> <span class='ocrx_word' id='word_1_254' title='bbox 1555 2436 1794 2508; x_wconf 87' lang='grc' dir='ltr'>ζητήσω,</span> 
     </span>
    </p>
   </div>
   <div class='ocr_carea' id='block_1_40' title="bbox 1601 2426 3245 2508">
    <p class='ocr_par' dir='ltr' id='par_1_40' title="bbox 1601 2427 3245 2508">
     <span class='ocr_line' id='line_1_40' title="bbox 1601 2427 3245 2508; baseline -0.002 -19"><span class='ocrx_word' id='word_1_255' title='bbox 1601 2438 1794 2508; x_wconf 76' lang='grc' dir='ltr'>ητήσω,</span> <span class='ocrx_word' id='word_1_256' title='bbox 1972 2434 2025 2488; x_wconf 87' lang='lat'><strong>7.</strong></span> <span class='ocrx_word' id='word_1_257' title='bbox 2059 2433 2235 2488; x_wconf 83' lang='lat' dir='ltr'><strong>Unam</strong></span> <span class='ocrx_word' id='word_1_258' title='bbox 2270 2429 2398 2500; x_wconf 89' lang='lat' dir='ltr'><strong>petii</strong></span> <span class='ocrx_word' id='word_1_259' title='bbox 2432 2444 2462 2483; x_wconf 90' lang='lat' dir='ltr'><strong>a</strong></span> <span class='ocrx_word' id='word_1_260' title='bbox 2498 2427 2746 2492; x_wconf 87' lang='lat' dir='ltr'><strong>Domino,</strong></span> <span class='ocrx_word' id='word_1_261' title='bbox 2774 2427 2914 2483; x_wconf 90' lang='lat' dir='ltr'><strong>hanc</strong></span> <span class='ocrx_word' id='word_1_262' title='bbox 2947 2430 3245 2498; x_wconf 89' lang='lat' dir='ltr'><strong>requiram,</strong></span> 
     </span>
    </p>
   </div>
   <div class='ocr_carea' id='block_1_41' title="bbox 296 2518 1940 2596">
    <p class='ocr_par' dir='ltr' id='par_1_41' title="bbox 296 2518 1796 2596">
     <span class='ocr_line' id='line_1_41' title="bbox 296 2518 1796 2596; baseline 0.005 -23"><span class='ocrx_word' id='word_1_263' title='bbox 296 2518 351 2574; x_wconf 87' lang='lat'><strong>8.</strong></span> <span class='ocrx_word' id='word_1_264' title='bbox 388 2521 492 2574; x_wconf 79' lang='grc' dir='ltr'>Τοῦ</span> <span class='ocrx_word' id='word_1_265' title='bbox 523 2526 794 2576; x_wconf 80' lang='grc' dir='ltr'>κατοικεῖν</span> <span class='ocrx_word' id='word_1_266' title='bbox 844 2541 910 2593; x_wconf 86' lang='grc' dir='ltr'><strong>με</strong></span> <span class='ocrx_word' id='word_1_267' title='bbox 953 2526 1010 2579; x_wconf 89' lang='grc' dir='ltr'><strong>ἐν</strong></span> <span class='ocrx_word' id='word_1_268' title='bbox 1066 2525 1198 2595; x_wconf 83' lang='grc' dir='ltr'>οίκῳ</span> <span class='ocrx_word' id='word_1_269' title='bbox 1241 2527 1445 2596; x_wconf 80' lang='grc' dir='ltr'>Κυρίου</span> <span class='ocrx_word' id='word_1_270' title='bbox 1484 2529 1658 2591; x_wconf 81' lang='grc' dir='ltr'>πάσας</span> <span class='ocrx_word' id='word_1_271' title='bbox 1698 2529 1796 2592; x_wconf 87' lang='grc' dir='ltr'>τὰς</span> 
     </span>
    </p>
   </div>
   <div class='ocr_carea' id='block_1_42' title="bbox 1813 2518 3457 2596">
    <p class='ocr_par' dir='ltr' id='par_1_42' title="bbox 1971 2521 3457 2582">
     <span class='ocr_line' id='line_1_42' title="bbox 1971 2521 3457 2582; baseline 0.002 -3"><span class='ocrx_word' id='word_1_272' title='bbox 1971 2529 2022 2580; x_wconf 87' lang='lat'><strong>8.</strong></span> <span class='ocrx_word' id='word_1_273' title='bbox 2055 2524 2127 2579; x_wconf 89' lang='lat' dir='ltr'><strong>Ut</strong></span> <span class='ocrx_word' id='word_1_274' title='bbox 2160 2524 2454 2579; x_wconf 89' lang='lat' dir='ltr'><strong>inbabitem</strong></span> <span class='ocrx_word' id='word_1_275' title='bbox 2487 2523 2541 2576; x_wconf 92' lang='lat' dir='ltr'><strong>in</strong></span> <span class='ocrx_word' id='word_1_276' title='bbox 2566 2522 2729 2577; x_wconf 88' lang='lat' dir='ltr'><strong>domo</strong></span> <span class='ocrx_word' id='word_1_277' title='bbox 2755 2521 2969 2576; x_wconf 89' lang='lat' dir='ltr'><strong>Domini</strong></span> <span class='ocrx_word' id='word_1_278' title='bbox 2992 2524 3247 2580; x_wconf 86' lang='lat' dir='ltr'><strong>omnibus</strong></span> <span class='ocrx_word' id='word_1_279' title='bbox 3273 2525 3457 2582; x_wconf 89' lang='lat' dir='ltr'><strong>diebus</strong></span> 
     </span>
    </p>
   </div>
   <div class='ocr_carea' id='block_1_43' title="bbox 225 2612 1869 2684">
    <p class='ocr_par' dir='ltr' id='par_1_43' title="bbox 225 2612 909 2684">
     <span class='ocr_line' id='line_1_43' title="bbox 225 2612 909 2684; baseline -0.001 -2"><span class='ocrx_word' id='word_1_280' title='bbox 225 2612 442 2682; x_wconf 72' lang='grc' dir='ltr'><strong>ἡμέρας</strong></span> <span class='ocrx_word' id='word_1_281' title='bbox 467 2613 563 2683; x_wconf 80' lang='grc' dir='ltr'><strong>τῆς</strong></span> <span class='ocrx_word' id='word_1_282' title='bbox 590 2612 733 2684; x_wconf 70' lang='grc' dir='ltr'>ζωῆς</span> <span class='ocrx_word' id='word_1_283' title='bbox 764 2631 863 2684; x_wconf 84' lang='grc' dir='ltr'><strong>μου</strong></span> <span class='ocrx_word' id='word_1_284' title='bbox 889 2654 909 2681; x_wconf 86' lang='lat'><strong>.</strong></span> 
     </span>
    </p>
   </div>
   <div class='ocr_carea' id='block_1_44' title="bbox 554 2612 2198 2684">
    <p class='ocr_par' dir='ltr' id='par_1_44' title="bbox 554 2612 2198 2684">
     <span class='ocr_line' id='line_1_44' title="bbox 554 2612 2198 2684; baseline 0.002 -18"><span class='ocrx_word' id='word_1_285' title='bbox 554 2631 563 2675; x_wconf 85' lang='lat'><strong>;</strong></span> <span class='ocrx_word' id='word_1_286' title='bbox 590 2612 733 2684; x_wconf 85' lang='grc' dir='ltr'>ζωῆς</span> <span class='ocrx_word' id='word_1_287' title='bbox 764 2631 863 2684; x_wconf 88' lang='grc' dir='ltr'><strong>μου</strong></span> <span class='ocrx_word' id='word_1_288' title='bbox 889 2654 909 2681; x_wconf 83' lang='grc'><strong>,</strong></span> <span class='ocrx_word' id='word_1_289' title='bbox 1898 2618 2020 2671; x_wconf 65' lang='lat' dir='ltr'><strong>vitae</strong></span> <span class='ocrx_word' id='word_1_290' title='bbox 2046 2632 2198 2681; x_wconf 66' lang='lat' dir='ltr'><strong>mete,</strong></span> 
     </span>
    </p>
   </div>
   <div class='ocr_carea' id='block_1_45' title="bbox 1347 2717 2347 2780">
    <p class='ocr_par' dir='ltr' id='par_1_45' title="bbox 1347 2717 2347 2780">
     <span class='ocr_line' id='line_1_45' title="bbox 1347 2717 2347 2780; baseline -0.005 -4"><span class='ocrx_word' id='word_1_291' title='bbox 1347 2722 1728 2780; x_wconf 81' lang='lat' dir='ltr'><strong>ATHANASII</strong></span> <span class='ocrx_word' id='word_1_292' title='bbox 1763 2717 2347 2778; x_wconf 79' lang='lat' dir='ltr'><strong>INTERPRETATIO.</strong></span> 
     </span>
    </p>
   </div>
   <div class='ocr_carea' id='block_1_46' title="bbox 299 2815 1943 2892">
    <p class='ocr_par' dir='ltr' id='par_1_46' title="bbox 299 2815 1298 2874">
     <span class='ocr_line' id='line_1_46' title="bbox 299 2815 1298 2874; baseline 0.006 -6"><span class='ocrx_word' id='word_1_293' title='bbox 299 2816 383 2871; x_wconf 83' lang='grc'><strong>19.</strong></span> <span class='ocrx_word' id='word_1_294' title='bbox 415 2815 534 2868; x_wconf 83' lang='grc' dir='ltr'><strong>Τῶν</strong></span> <span class='ocrx_word' id='word_1_295' title='bbox 554 2816 640 2870; x_wconf 77' lang='grc' dir='ltr'>διὰ</span> <span class='ocrx_word' id='word_1_296' title='bbox 665 2817 892 2871; x_wconf 74' lang='grc' dir='ltr'>πλοῦτον</span> <span class='ocrx_word' id='word_1_297' title='bbox 921 2819 1298 2874; x_wconf 79' lang='grc' dir='ltr'>ἐκκλινάντων.</span> 
     </span>
    </p>
   </div>
   <div class='ocr_carea' id='block_1_47' title="bbox 1577 2815 3221 2892">
    <p class='ocr_par' dir='ltr' id='par_1_47' title="bbox 1977 2815 3221 2892">
     <span class='ocr_line' id='line_1_47' title="bbox 1977 2815 3221 2892; baseline 0.002 -21"><span class='ocrx_word' id='word_1_298' title='bbox 1977 2820 2063 2874; x_wconf 86' lang='grc'><strong>19.</strong></span> <span class='ocrx_word' id='word_1_299' title='bbox 2096 2816 2176 2871; x_wconf 92' lang='lat' dir='ltr'><strong>Ob</strong></span> <span class='ocrx_word' id='word_1_300' title='bbox 2203 2816 2418 2871; x_wconf 85' lang='lat' dir='ltr'><strong>divitias</strong></span> <span class='ocrx_word' id='word_1_301' title='bbox 2441 2815 2827 2872; x_wconf 88' lang='lat' dir='ltr'><strong>declinantinm</strong></span> <span class='ocrx_word' id='word_1_302' title='bbox 2857 2817 2914 2890; x_wconf 85' lang='grc' dir='ltr'>[α</span> <span class='ocrx_word' id='word_1_303' title='bbox 2945 2819 3052 2889; x_wconf 82' lang='lat' dir='ltr'><strong>lege</strong></span> <span class='ocrx_word' id='word_1_304' title='bbox 3085 2820 3221 2892; x_wconf 88' lang='lat' dir='ltr'><strong>tua].</strong></span> 
     </span>
    </p>
   </div>
   <div class='ocr_carea' id='block_1_48' title="bbox 295 2905 1939 2983">
    <p class='ocr_par' dir='ltr' id='par_1_48' title="bbox 295 2905 1745 2983">
     <span class='ocr_line' id='line_1_48' title="bbox 295 2905 1745 2983; baseline 0.003 -20"><span class='ocrx_word' id='word_1_305' title='bbox 295 2907 386 2963; x_wconf 77' lang='lat'><strong>20.</strong></span> <span class='ocrx_word' id='word_1_306' title='bbox 416 2909 660 2979; x_wconf 81' lang='grc' dir='ltr'>Ἐτοιμοι</span> <span class='ocrx_word' id='word_1_307' title='bbox 691 2905 828 2981; x_wconf 80' lang='grc' dir='ltr'>ἦσαν</span> <span class='ocrx_word' id='word_1_308' title='bbox 855 2910 944 2963; x_wconf 79' lang='grc' dir='ltr'><strong>ἀεὶ</strong></span> <span class='ocrx_word' id='word_1_309' title='bbox 975 2915 1242 2964; x_wconf 86' lang='grc' dir='ltr'>συναινεῖν</span> <span class='ocrx_word' id='word_1_310' title='bbox 1278 2912 1336 2964; x_wconf 84' lang='grc' dir='ltr'><strong>ἐν</strong></span> <span class='ocrx_word' id='word_1_311' title='bbox 1371 2929 1517 2983; x_wconf 82' lang='grc' dir='ltr'>πασῃ</span> <span class='ocrx_word' id='word_1_312' title='bbox 1541 2913 1745 2983; x_wconf 77' lang='grc' dir='ltr'><strong>ἀδικίᾳ.</strong></span> 
     </span>
    </p>
   </div>
   <div class='ocr_carea' id='block_1_49' title="bbox 1812 2905 3456 2983">
    <p class='ocr_par' dir='ltr' id='par_1_49' title="bbox 1967 2908 3456 2979">
     <span class='ocr_line' id='line_1_49' title="bbox 1967 2908 3456 2979; baseline 0.005 -16"><span class='ocrx_word' id='word_1_313' title='bbox 1967 2910 2055 2963; x_wconf 79' lang='lat'><strong>20.</strong></span> <span class='ocrx_word' id='word_1_314' title='bbox 2080 2908 2324 2978; x_wconf 87' lang='lat' dir='ltr'><strong>Prompti</strong></span> <span class='ocrx_word' id='word_1_315' title='bbox 2348 2924 2560 2979; x_wconf 89' lang='lat' dir='ltr'><strong>semper</strong></span> <span class='ocrx_word' id='word_1_316' title='bbox 2582 2920 2737 2964; x_wconf 87' lang='lat' dir='ltr'><strong>erant</strong></span> <span class='ocrx_word' id='word_1_317' title='bbox 2760 2909 2826 2964; x_wconf 90' lang='lat' dir='ltr'><strong>ad</strong></span> <span class='ocrx_word' id='word_1_318' title='bbox 2848 2914 3292 2967; x_wconf 83' lang='lat' dir='ltr'><strong>consentiendum</strong></span> <span class='ocrx_word' id='word_1_319' title='bbox 3313 2917 3456 2970; x_wconf 87' lang='lat' dir='ltr'><strong>omni</strong></span> 
     </span>
    </p>
   </div>
   <div class='ocr_carea' id='block_1_50' title="bbox 1901 3001 2200 3070">
    <p class='ocr_par' dir='ltr' id='par_1_50' title="bbox 1901 3001 2200 3070">
     <span class='ocr_line' id='line_1_50' title="bbox 1901 3001 2200 3070; baseline -0.003 -15"><span class='ocrx_word' id='word_1_320' title='bbox 1901 3001 2200 3070; x_wconf 72' lang='lat' dir='ltr'><strong>injustitiar.</strong></span> 
     </span>
    </p>
   </div>
   <div class='ocr_carea' id='block_1_51' title="bbox 293 3084 1937 3168">
    <p class='ocr_par' dir='ltr' id='par_1_51' title="bbox 293 3084 1388 3158">
     <span class='ocr_line' id='line_1_51' title="bbox 293 3084 1388 3158; baseline -0.001 -18"><span class='ocrx_word' id='word_1_321' title='bbox 293 3084 384 3140; x_wconf 71' lang='grc'><strong>21.</strong></span> <span class='ocrx_word' id='word_1_322' title='bbox 409 3085 520 3138; x_wconf 86' lang='grc' dir='ltr'>Ούκ</span> <span class='ocrx_word' id='word_1_323' title='bbox 549 3086 607 3137; x_wconf 92' lang='grc' dir='ltr'><strong>ἐν</strong></span> <span class='ocrx_word' id='word_1_324' title='bbox 633 3084 788 3156; x_wconf 86' lang='grc' dir='ltr'>δόλῳ,</span> <span class='ocrx_word' id='word_1_325' title='bbox 821 3085 918 3138; x_wconf 88' lang='grc' dir='ltr'><strong>ούκ</strong></span> <span class='ocrx_word' id='word_1_326' title='bbox 948 3088 1006 3138; x_wconf 89' lang='lat' dir='ltr'><strong>tv</strong></span> <span class='ocrx_word' id='word_1_327' title='bbox 1032 3087 1388 3158; x_wconf 80' lang='grc' dir='ltr'>μνησικακίᾳ.</span> 
     </span>
    </p>
   </div>
   <div class='ocr_carea' id='block_1_52' title="bbox 1785 3084 3429 3168">
    <p class='ocr_par' dir='ltr' id='par_1_52' title="bbox 1963 3091 3429 3168">
     <span class='ocr_line' id='line_1_52' title="bbox 1963 3091 3429 3168; baseline 0.005 -23"><span class='ocrx_word' id='word_1_328' title='bbox 1963 3092 2053 3146; x_wconf 82' lang='lat'><strong>2|.</strong></span> <span class='ocrx_word' id='word_1_329' title='bbox 2094 3091 2278 3162; x_wconf 80' lang='lat' dir='ltr'><strong>Neque</strong></span> <span class='ocrx_word' id='word_1_330' title='bbox 2319 3092 2374 3147; x_wconf 92' lang='lat' dir='ltr'><strong>in</strong></span> <span class='ocrx_word' id='word_1_331' title='bbox 2417 3091 2562 3158; x_wconf 89' lang='lat' dir='ltr'><strong>dolo,</strong></span> <span class='ocrx_word' id='word_1_332' title='bbox 2589 3107 2762 3162; x_wconf 89' lang='lat' dir='ltr'><strong>neque</strong></span> <span class='ocrx_word' id='word_1_333' title='bbox 2807 3093 2860 3147; x_wconf 93' lang='lat' dir='ltr'><strong>in</strong></span> <span class='ocrx_word' id='word_1_334' title='bbox 2903 3094 3275 3152; x_wconf 86' lang='lat' dir='ltr'><strong>recordatione</strong></span> <span class='ocrx_word' id='word_1_335' title='bbox 3317 3097 3429 3168; x_wconf 87' lang='lat' dir='ltr'><strong>inju</strong></span> 
     </span>
    </p>
   </div>
   <div class='ocr_carea' id='block_1_53' title="bbox 1899 3200 2127 3239">
    <p class='ocr_par' dir='ltr' id='par_1_53' title="bbox 1899 3200 2127 3239">
     <span class='ocr_line' id='line_1_53' title="bbox 1899 3200 2127 3239; baseline -0.004 -1"><span class='ocrx_word' id='word_1_336' title='bbox 1899 3200 2127 3239; x_wconf 81' lang='lat' dir='ltr'><strong>narum.</strong></span> 
     </span>
    </p>
   </div>
   <div class='ocr_carea' id='block_1_54' title="bbox 293 3271 1937 3348">
    <p class='ocr_par' dir='ltr' id='par_1_54' title="bbox 293 3271 1790 3348">
     <span class='ocr_line' id='line_1_54' title="bbox 293 3271 1790 3348; baseline 0.001 -21"><span class='ocrx_word' id='word_1_337' title='bbox 293 3273 383 3327; x_wconf 80' lang='lat'><strong>22.</strong></span> <span class='ocrx_word' id='word_1_338' title='bbox 413 3273 520 3327; x_wconf 72' lang='grc' dir='ltr'><strong>Καὶ</strong></span> <span class='ocrx_word' id='word_1_339' title='bbox 547 3271 641 3325; x_wconf 81' lang='grc' dir='ltr'>τοῦ</span> <span class='ocrx_word' id='word_1_340' title='bbox 667 3271 761 3326; x_wconf 79' lang='grc' dir='ltr'>νῦν</span> <span class='ocrx_word' id='word_1_341' title='bbox 795 3272 989 3336; x_wconf 85' lang='grc' dir='ltr'>αίῶνος</span> <span class='ocrx_word' id='word_1_342' title='bbox 1008 3273 1100 3326; x_wconf 72' lang='grc' dir='ltr'>τοῦ</span> <span class='ocrx_word' id='word_1_343' title='bbox 1135 3273 1374 3345; x_wconf 86' lang='grc' dir='ltr'>πονηροῦ</span> <span class='ocrx_word' id='word_1_344' title='bbox 1403 3273 1677 3346; x_wconf 77' lang='grc' dir='ltr'>λύτρωσαί</span> <span class='ocrx_word' id='word_1_345' title='bbox 1703 3293 1790 3348; x_wconf 92' lang='grc' dir='ltr'><strong>με,</strong></span> 
     </span>
    </p>
   </div>
   <div class='ocr_carea' id='block_1_55' title="bbox 1809 3271 3453 3348">
    <p class='ocr_par' dir='ltr' id='par_1_55' title="bbox 1962 3272 3453 3344">
     <span class='ocr_line' id='line_1_55' title="bbox 1962 3272 3453 3344; baseline 0.003 -13"><span class='ocrx_word' id='word_1_346' title='bbox 1962 3277 2052 3332; x_wconf 73' lang='lat'><strong>22.</strong></span> <span class='ocrx_word' id='word_1_347' title='bbox 2081 3275 2144 3330; x_wconf 84' lang='lat' dir='ltr'><strong>Et</strong></span> <span class='ocrx_word' id='word_1_348' title='bbox 2185 3291 2214 3328; x_wconf 89' lang='lat' dir='ltr'><strong>a</strong></span> <span class='ocrx_word' id='word_1_349' title='bbox 2248 3273 2499 3342; x_wconf 53' lang='lat' dir='ltr'><strong>prasenti</strong></span> <span class='ocrx_word' id='word_1_350' title='bbox 2544 3272 2743 3325; x_wconf 68' lang='lat' dir='ltr'><strong>saeculo</strong></span> <span class='ocrx_word' id='word_1_351' title='bbox 2796 3275 2941 3328; x_wconf 85' lang='lat' dir='ltr'><strong>malo</strong></span> <span class='ocrx_word' id='word_1_352' title='bbox 2981 3275 3149 3332; x_wconf 88' lang='lat' dir='ltr'><strong>libera</strong></span> <span class='ocrx_word' id='word_1_353' title='bbox 3176 3294 3284 3344; x_wconf 92' lang='lat' dir='ltr'><strong>me,</strong></span> <span class='ocrx_word' id='word_1_354' title='bbox 3314 3291 3366 3334; x_wconf 89' lang='lat' dir='ltr'><strong>et</strong></span> <span class='ocrx_word' id='word_1_355' title='bbox 3402 3281 3453 3336; x_wconf 90' lang='lat' dir='ltr'><strong>in</strong></span> 
     </span>
    </p>
   </div>
   <div class='ocr_carea' id='block_1_56' title="bbox 222 3365 1866 3438">
    <p class='ocr_par' dir='ltr' id='par_1_56' title="bbox 222 3365 1864 3438">
     <span class='ocr_line' id='line_1_56' title="bbox 222 3365 1864 3438; baseline 0.001 -18"><span class='ocrx_word' id='word_1_356' title='bbox 222 3366 322 3420; x_wconf 71' lang='grc' dir='ltr'>καὶ</span> <span class='ocrx_word' id='word_1_357' title='bbox 349 3368 406 3419; x_wconf 87' lang='lat' dir='ltr'><strong>tv</strong></span> <span class='ocrx_word' id='word_1_358' title='bbox 433 3369 499 3436; x_wconf 80' lang='grc' dir='ltr'>τῇ</span> <span class='ocrx_word' id='word_1_359' title='bbox 535 3365 799 3438; x_wconf 81' lang='grc' dir='ltr'>μελλούσῃ</span> <span class='ocrx_word' id='word_1_360' title='bbox 831 3367 1012 3438; x_wconf 89' lang='grc' dir='ltr'>κρίσει</span> <span class='ocrx_word' id='word_1_361' title='bbox 1037 3366 1255 3438; x_wconf 80' lang='grc' dir='ltr'>ἐλέησόν</span> <span class='ocrx_word' id='word_1_362' title='bbox 1287 3384 1354 3436; x_wconf 89' lang='grc' dir='ltr'><strong>με</strong></span> <span class='ocrx_word' id='word_1_363' title='bbox 1378 3368 1470 3438; x_wconf 90' lang='grc'><strong>(1).</strong></span> <span class='ocrx_word' id='word_1_364' title='bbox 1823 3378 1864 3436; x_wconf 80' lang='lat' dir='ltr'><strong>C</strong></span> 
     </span>
    </p>
   </div>
   <div class='ocr_carea' id='block_1_57' title="bbox 1111 3365 2755 3438">
    <p class='ocr_par' dir='ltr' id='par_1_57' title="bbox 1111 3365 2755 3438">
     <span class='ocr_line' id='line_1_57' title="bbox 1111 3365 2755 3438; baseline 0.001 -20"><span class='ocrx_word' id='word_1_365' title='bbox 1111 3366 1255 3438; x_wconf 79' lang='grc' dir='ltr'>Ξησόν</span> <span class='ocrx_word' id='word_1_366' title='bbox 1287 3384 1354 3436; x_wconf 88' lang='grc' dir='ltr'><strong>με</strong></span> <span class='ocrx_word' id='word_1_367' title='bbox 1378 3368 1470 3438; x_wconf 91' lang='grc'><strong>(1).</strong></span> <span class='ocrx_word' id='word_1_368' title='bbox 1823 3378 1864 3436; x_wconf 81' lang='lat' dir='ltr'>c</span> <span class='ocrx_word' id='word_1_369' title='bbox 1900 3369 2083 3424; x_wconf 79' lang='lat' dir='ltr'><strong>futuro</strong></span> <span class='ocrx_word' id='word_1_370' title='bbox 2104 3367 2313 3438; x_wconf 88' lang='lat' dir='ltr'><strong>judicio</strong></span> <span class='ocrx_word' id='word_1_371' title='bbox 2344 3365 2602 3421; x_wconf 88' lang='lat' dir='ltr'><strong>miserere</strong></span> <span class='ocrx_word' id='word_1_372' title='bbox 2630 3365 2755 3419; x_wconf 93' lang='lat' dir='ltr'><strong>mci.</strong></span> 
     </span>
    </p>
   </div>
   <div class='ocr_carea' id='block_1_58' title="bbox 308 3479 3453 3556">
    <p class='ocr_par' dir='ltr' id='par_1_58' title="bbox 308 3479 3453 3556">
     <span class='ocr_line' id='line_1_58' title="bbox 308 3479 3453 3556; baseline 0.003 -24"><span class='ocrx_word' id='word_1_373' title='bbox 308 3479 372 3532; x_wconf 83' lang='lat' dir='ltr'><strong>&#39;H</strong></span> <span class='ocrx_word' id='word_1_374' title='bbox 408 3479 734 3550; x_wconf 80' lang='grc' dir='ltr'>προκειμένη</span> <span class='ocrx_word' id='word_1_375' title='bbox 759 3479 1038 3550; x_wconf 82' lang='grc' dir='ltr'>ἐπιγραφὴ</span> <span class='ocrx_word' id='word_1_376' title='bbox 1070 3479 1310 3551; x_wconf 81' lang='grc' dir='ltr'>περιέχει</span> <span class='ocrx_word' id='word_1_377' title='bbox 1341 3479 1436 3550; x_wconf 70' lang='grc'><strong>(2)·</strong></span> <span class='ocrx_word' id='word_1_378' title='bbox 1474 3479 1719 3549; x_wconf 76' lang='grc' dir='ltr'>Ψαλμὸς</span> <span class='ocrx_word' id='word_1_379' title='bbox 1750 3481 1824 3553; x_wconf 76' lang='grc'><strong>(5)</strong></span> <span class='ocrx_word' id='word_1_380' title='bbox 1856 3482 1935 3548; x_wconf 82' lang='grc' dir='ltr'>τῷ</span> <span class='ocrx_word' id='word_1_381' title='bbox 1969 3482 2163 3545; x_wconf 78' lang='grc' dir='ltr'><strong>Δαΰὶδ,</strong></span> <span class='ocrx_word' id='word_1_382' title='bbox 2201 3481 2312 3550; x_wconf 84' lang='grc' dir='ltr'>πρὸ</span> <span class='ocrx_word' id='word_1_383' title='bbox 2345 3480 2450 3534; x_wconf 82' lang='grc' dir='ltr'>τοῦ</span> <span class='ocrx_word' id='word_1_384' title='bbox 2472 3479 2807 3549; x_wconf 79' lang='grc' dir='ltr'>χρισθῆναι.</span> <span class='ocrx_word' id='word_1_385' title='bbox 2837 3481 2948 3552; x_wconf 80' lang='grc' dir='ltr'>Πρὸ</span> <span class='ocrx_word' id='word_1_386' title='bbox 2988 3481 3080 3535; x_wconf 80' lang='grc' dir='ltr'>τοῦ</span> <span class='ocrx_word' id='word_1_387' title='bbox 3113 3487 3453 3556; x_wconf 81' lang='grc' dir='ltr'>φωτίσματος</span> 
     </span>
    </p>
   </div>
   <div class='ocr_carea' id='block_1_59' title="bbox 223 3571 3451 3646">
    <p class='ocr_par' dir='ltr' id='par_1_59' title="bbox 223 3571 3451 3646">
     <span class='ocr_line' id='line_1_59' title="bbox 223 3571 3451 3646; baseline 0.002 -19"><span class='ocrx_word' id='word_1_388' title='bbox 223 3575 307 3638; x_wconf 80' lang='grc' dir='ltr'><strong>είς</strong></span> <span class='ocrx_word' id='word_1_389' title='bbox 342 3575 466 3637; x_wconf 69' lang='grc' dir='ltr'>τοὺς</span> <span class='ocrx_word' id='word_1_390' title='bbox 487 3592 720 3644; x_wconf 90' lang='grc' dir='ltr'>κατηχου</span> <span class='ocrx_word' id='word_1_391' title='bbox 730 3574 920 3644; x_wconf 88' lang='grc' dir='ltr'>μένους</span> <span class='ocrx_word' id='word_1_392' title='bbox 942 3577 1155 3644; x_wconf 76' lang='grc' dir='ltr'>εἴρηται</span> <span class='ocrx_word' id='word_1_393' title='bbox 1183 3577 1211 3626; x_wconf 82' lang='grc' dir='ltr'>ὁ</span> <span class='ocrx_word' id='word_1_394' title='bbox 1236 3574 1449 3644; x_wconf 77' lang='grc' dir='ltr'>ψαλμὺς</span> <span class='ocrx_word' id='word_1_395' title='bbox 1465 3575 1540 3644; x_wconf 68' lang='grc'><strong>(4)</strong></span> <span class='ocrx_word' id='word_1_396' title='bbox 1563 3576 1641 3645; x_wconf 83' lang='grc' dir='ltr'><strong>τῷ</strong></span> <span class='ocrx_word' id='word_1_397' title='bbox 1669 3576 1832 3628; x_wconf 76' lang='grc' dir='ltr'>Δαδὶδ</span> <span class='ocrx_word' id='word_1_398' title='bbox 1856 3577 2029 3629; x_wconf 87' lang='grc' dir='ltr'>είπείν</span> <span class='ocrx_word' id='word_1_399' title='bbox 2054 3576 2131 3645; x_wconf 83' lang='grc' dir='ltr'><strong>τῷ</strong></span> <span class='ocrx_word' id='word_1_400' title='bbox 2153 3576 2316 3629; x_wconf 74' lang='grc' dir='ltr'><strong>Δαὸὶδ</strong></span> <span class='ocrx_word' id='word_1_401' title='bbox 2350 3571 2504 3646; x_wconf 76' lang='grc' dir='ltr'>[εἷπε</span> <span class='ocrx_word' id='word_1_402' title='bbox 2533 3576 2608 3644; x_wconf 82' lang='grc' dir='ltr'>τῷ</span> <span class='ocrx_word' id='word_1_403' title='bbox 2629 3575 2844 3646; x_wconf 71' lang='grc' dir='ltr'>ΔαϐίδῙ,</span> <span class='ocrx_word' id='word_1_404' title='bbox 2873 3577 3113 3630; x_wconf 80' lang='grc' dir='ltr'>τουτέστι</span> <span class='ocrx_word' id='word_1_405' title='bbox 3141 3580 3262 3644; x_wconf 80' lang='grc' dir='ltr'>τοῖς</span> <span class='ocrx_word' id='word_1_406' title='bbox 3285 3581 3451 3644; x_wconf 80' lang='grc' dir='ltr'>ἐξου-</span> 
     </span>
    </p>
   </div>
   <div class='ocr_carea' id='block_1_60' title="bbox 227 3667 3439 3740">
    <p class='ocr_par' dir='ltr' id='par_1_60' title="bbox 227 3667 3439 3740">
     <span class='ocr_line' id='line_1_60' title="bbox 227 3667 3439 3740; baseline 0.002 -20"><span class='ocrx_word' id='word_1_407' title='bbox 227 3669 590 3737; x_wconf 74' lang='grc' dir='ltr'>θενημένοις·</span> <span class='ocrx_word' id='word_1_408' title='bbox 619 3668 775 3720; x_wconf 76' lang='grc' dir='ltr'>τοῦτο</span> <span class='ocrx_word' id='word_1_409' title='bbox 801 3668 910 3738; x_wconf 82' lang='grc' dir='ltr'>γὰρ</span> <span class='ocrx_word' id='word_1_410' title='bbox 939 3667 1297 3738; x_wconf 78' lang='grc' dir='ltr'>ἑρμηνεύεται</span> <span class='ocrx_word' id='word_1_411' title='bbox 1326 3668 1386 3720; x_wconf 78' lang='grc' dir='ltr'>τὸ</span> <span class='ocrx_word' id='word_1_412' title='bbox 1412 3668 1506 3720; x_wconf 76' lang='grc' dir='ltr'>τοῦ</span> <span class='ocrx_word' id='word_1_413' title='bbox 1528 3668 1690 3720; x_wconf 64' lang='grc' dir='ltr'>Δαὸὶδ</span> <span class='ocrx_word' id='word_1_414' title='bbox 1717 3669 1905 3739; x_wconf 78' lang='grc' dir='ltr'>ὄνομα,</span> <span class='ocrx_word' id='word_1_415' title='bbox 1935 3670 2324 3737; x_wconf 77' lang='grc' dir='ltr'>ἐξουθένημα.</span> <span class='ocrx_word' id='word_1_416' title='bbox 2350 3668 2579 3735; x_wconf 83' lang='grc' dir='ltr'>Λέγεται</span> <span class='ocrx_word' id='word_1_417' title='bbox 2604 3669 2659 3720; x_wconf 82' lang='grc' dir='ltr'><strong>δὲ</strong></span> <span class='ocrx_word' id='word_1_418' title='bbox 2690 3671 2782 3721; x_wconf 70' lang='grc' dir='ltr'><strong>καὶ</strong></span> <span class='ocrx_word' id='word_1_419' title='bbox 2813 3670 3016 3735; x_wconf 72' lang='grc' dir='ltr'>ἱκανὸς</span> <span class='ocrx_word' id='word_1_420' title='bbox 3046 3671 3212 3740; x_wconf 74' lang='grc' dir='ltr'>χειρὶ,</span> <span class='ocrx_word' id='word_1_421' title='bbox 3237 3675 3328 3726; x_wconf 79' lang='grc' dir='ltr'>καὶ</span> <span class='ocrx_word' id='word_1_422' title='bbox 3352 3689 3439 3727; x_wconf 80' lang='grc' dir='ltr'>πε-</span> 
     </span>
    </p>
   </div>
   <div class='ocr_carea' id='block_1_61' title="bbox 223 3759 3450 3834">
    <p class='ocr_par' dir='ltr' id='par_1_61' title="bbox 223 3759 3450 3834">
     <span class='ocr_line' id='line_1_61' title="bbox 223 3759 3450 3834; baseline 0.001 -18"><span class='ocrx_word' id='word_1_423' title='bbox 223 3762 582 3832; x_wconf 73' lang='grc' dir='ltr'>ποθημένος,</span> <span class='ocrx_word' id='word_1_424' title='bbox 617 3763 710 3816; x_wconf 75' lang='grc' dir='ltr'>καὶ</span> <span class='ocrx_word' id='word_1_425' title='bbox 736 3761 949 3816; x_wconf 83' lang='grc' dir='ltr'>τοῦτον</span> <span class='ocrx_word' id='word_1_426' title='bbox 969 3763 1257 3829; x_wconf 79' lang='grc' dir='ltr'>ὲπόθησα,</span> <span class='ocrx_word' id='word_1_427' title='bbox 1283 3764 1376 3815; x_wconf 73' lang='grc' dir='ltr'>καὶ</span> <span class='ocrx_word' id='word_1_428' title='bbox 1406 3759 1583 3828; x_wconf 78' lang='grc' dir='ltr'>οὗτος</span> <span class='ocrx_word' id='word_1_429' title='bbox 1610 3763 1934 3831; x_wconf 73' lang='grc' dir='ltr'>ἀγαπητὸς,</span> <span class='ocrx_word' id='word_1_430' title='bbox 1970 3761 2065 3815; x_wconf 74' lang='grc' dir='ltr'><strong>καὶ</strong></span> <span class='ocrx_word' id='word_1_431' title='bbox 2096 3761 2202 3815; x_wconf 78' lang='grc' dir='ltr'><strong>τὸν</strong></span> <span class='ocrx_word' id='word_1_432' title='bbox 2225 3759 2638 3829; x_wconf 75' lang='grc' dir='ltr'>πεποθημένον</span> <span class='ocrx_word' id='word_1_433' title='bbox 2663 3759 2725 3832; x_wconf 88' lang='grc' dir='ltr'>[ὁ</span> <span class='ocrx_word' id='word_1_434' title='bbox 2757 3761 2963 3832; x_wconf 83' lang='grc' dir='ltr'>πεποοη</span> <span class='ocrx_word' id='word_1_435' title='bbox 2976 3763 3131 3831; x_wconf 81' lang='grc' dir='ltr'>μένος</span> <span class='ocrx_word' id='word_1_436' title='bbox 3161 3764 3204 3834; x_wconf 77' lang='lat' dir='ltr'><strong>j,</strong></span> <span class='ocrx_word' id='word_1_437' title='bbox 3236 3766 3327 3817; x_wconf 76' lang='grc' dir='ltr'><strong>καὶ</strong></span> <span class='ocrx_word' id='word_1_438' title='bbox 3349 3767 3450 3833; x_wconf 80' lang='grc' dir='ltr'><strong>μό-</strong></span> 
     </span>
    </p>
   </div>
   <div class='ocr_carea' id='block_1_62' title="bbox 223 3855 3452 3930">
    <p class='ocr_par' dir='ltr' id='par_1_62' title="bbox 223 3855 3452 3930">
     <span class='ocr_line' id='line_1_62' title="bbox 223 3855 3452 3930; baseline -0.001 -18"><span class='ocrx_word' id='word_1_439' title='bbox 223 3875 351 3924; x_wconf 76' lang='grc' dir='ltr'>νος.</span> <span class='ocrx_word' id='word_1_440' title='bbox 381 3859 578 3911; x_wconf 77' lang='grc' dir='ltr'>Λοιπὸν</span> <span class='ocrx_word' id='word_1_441' title='bbox 611 3858 746 3925; x_wconf 84' lang='grc' dir='ltr'>πρὸς</span> <span class='ocrx_word' id='word_1_442' title='bbox 778 3859 876 3930; x_wconf 84' lang='grc' dir='ltr'><strong>τὴν</strong></span> <span class='ocrx_word' id='word_1_443' title='bbox 900 3858 1219 3913; x_wconf 79' lang='grc' dir='ltr'>ἀκολουθίαν</span> <span class='ocrx_word' id='word_1_444' title='bbox 1253 3857 1346 3912; x_wconf 77' lang='grc' dir='ltr'>τοῦ</span> <span class='ocrx_word' id='word_1_445' title='bbox 1385 3857 1598 3928; x_wconf 72' lang='grc' dir='ltr'>ψαλμοῦ</span> <span class='ocrx_word' id='word_1_446' title='bbox 1629 3857 1725 3928; x_wconf 83' lang='grc' dir='ltr'>τὴν</span> <span class='ocrx_word' id='word_1_447' title='bbox 1753 3858 2049 3930; x_wconf 82' lang='grc' dir='ltr'>ἑρμηνείαν</span> <span class='ocrx_word' id='word_1_448' title='bbox 2073 3857 2166 3911; x_wconf 83' lang='grc' dir='ltr'>τοῦ</span> <span class='ocrx_word' id='word_1_449' title='bbox 2197 3856 2411 3927; x_wconf 67' lang='grc' dir='ltr'>ψαλμοῦ</span> <span class='ocrx_word' id='word_1_450' title='bbox 2445 3855 2788 3926; x_wconf 77' lang='grc' dir='ltr'>λαμϐάνομεν</span> <span class='ocrx_word' id='word_1_451' title='bbox 2834 3855 2960 3928; x_wconf 80' lang='grc' dir='ltr'>[τοῦ</span> <span class='ocrx_word' id='word_1_452' title='bbox 2991 3857 3252 3926; x_wconf 83' lang='grc' dir='ltr'>ὀνόματος</span> <span class='ocrx_word' id='word_1_453' title='bbox 3293 3857 3452 3910; x_wconf 73' lang='grc' dir='ltr'><strong>Δαϐὶὸ</strong></span> 
     </span>
    </p>
   </div>
   <div class='ocr_carea' id='block_1_63' title="bbox 221 3947 628 4021">
    <p class='ocr_par' dir='ltr' id='par_1_63' title="bbox 221 3947 628 4021">
     <span class='ocr_line' id='line_1_63' title="bbox 221 3947 628 4021; baseline 0 -17"><span class='ocrx_word' id='word_1_454' title='bbox 221 3947 468 4020; x_wconf 78' lang='grc' dir='ltr'>λαμϐάνο</span> <span class='ocrx_word' id='word_1_455' title='bbox 475 3967 572 4020; x_wconf 89' lang='grc' dir='ltr'><strong>μεν</strong></span> <span class='ocrx_word' id='word_1_456' title='bbox 585 3949 604 4021; x_wconf 94' lang='grc'>]</span> <span class='ocrx_word' id='word_1_457' title='bbox 615 3990 628 4004; x_wconf 94' lang='grc'><strong>.</strong></span> 
     </span>
    </p>
   </div>
   <div class='ocr_carea' id='block_1_64' title="bbox 290 4039 3453 4110">
    <p class='ocr_par' dir='ltr' id='par_1_64' title="bbox 290 4039 3453 4110">
     <span class='ocr_line' id='line_1_64' title="bbox 290 4039 3453 4110; baseline 0.001 -14"><span class='ocrx_word' id='word_1_458' title='bbox 290 4039 506 4096; x_wconf 76' lang='lat' dir='ltr'><strong>Titulus</strong></span> <span class='ocrx_word' id='word_1_459' title='bbox 543 4041 865 4110; x_wconf 62' lang='lat' dir='ltr'><strong>praepositus</strong></span> <span class='ocrx_word' id='word_1_460' title='bbox 887 4049 1132 4095; x_wconf 77' lang='lat' dir='ltr'><strong>continet</strong></span> <span class='ocrx_word' id='word_1_461' title='bbox 1159 4059 1171 4093; x_wconf 92' lang='lat'>:</span> <span class='ocrx_word' id='word_1_462' title='bbox 1203 4039 1451 4092; x_wconf 77' lang='lat' dir='ltr'><strong>Psatmus</strong></span> <span class='ocrx_word' id='word_1_463' title='bbox 1481 4039 1646 4093; x_wconf 83' lang='lat' dir='ltr'><strong>David</strong></span> <span class='ocrx_word' id='word_1_464' title='bbox 1679 4049 1959 4108; x_wconf 75' lang='lat' dir='ltr'><strong>antequam</strong></span> <span class='ocrx_word' id='word_1_465' title='bbox 2017 4040 2280 4092; x_wconf 76' lang='lat' dir='ltr'><strong>(iniretur.</strong></span> <span class='ocrx_word' id='word_1_466' title='bbox 2312 4039 2561 4093; x_wconf 87' lang='lat' dir='ltr'><strong>Psalmus</strong></span> <span class='ocrx_word' id='word_1_467' title='bbox 2593 4039 2760 4093; x_wconf 84' lang='lat' dir='ltr'><strong>David</strong></span> <span class='ocrx_word' id='word_1_468' title='bbox 2788 4039 2967 4094; x_wconf 89' lang='lat' dir='ltr'><strong>dictus</strong></span> <span class='ocrx_word' id='word_1_469' title='bbox 3001 4050 3084 4094; x_wconf 83' lang='lat' dir='ltr'><strong>est</strong></span> <span class='ocrx_word' id='word_1_470' title='bbox 3114 4043 3167 4095; x_wconf 92' lang='lat' dir='ltr'><strong>in</strong></span> <span class='ocrx_word' id='word_1_471' title='bbox 3195 4044 3453 4098; x_wconf 83' lang='lat' dir='ltr'><strong>catechu-</strong></span> 
     </span>
    </p>
   </div>
   <div class='ocr_carea' id='block_1_65' title="bbox 221 4129 3452 4201">
    <p class='ocr_par' dir='ltr' id='par_1_65' title="bbox 221 4129 3452 4201">
     <span class='ocr_line' id='line_1_65' title="bbox 221 4129 3452 4201; baseline 0 -12"><span class='ocrx_word' id='word_1_472' title='bbox 221 4149 416 4189; x_wconf 86' lang='lat' dir='ltr'><strong>menos</strong></span> <span class='ocrx_word' id='word_1_473' title='bbox 442 4142 566 4187; x_wconf 91' lang='lat' dir='ltr'><strong>ante</strong></span> <span class='ocrx_word' id='word_1_474' title='bbox 608 4133 1061 4186; x_wconf 88' lang='lat' dir='ltr'><strong>illuminationem</strong></span> <span class='ocrx_word' id='word_1_475' title='bbox 1095 4131 1319 4201; x_wconf 89' lang='lat' dir='ltr'><strong>(nempe</strong></span> <span class='ocrx_word' id='word_1_476' title='bbox 1343 4142 1464 4185; x_wconf 86' lang='lat' dir='ltr'><strong>ante</strong></span> <span class='ocrx_word' id='word_1_477' title='bbox 1491 4132 1864 4200; x_wconf 86' lang='lat' dir='ltr'><strong>baptismum).</strong></span> <span class='ocrx_word' id='word_1_478' title='bbox 1905 4131 2068 4193; x_wconf 82' lang='lat' dir='ltr'><strong>Dixit,</strong></span> <span class='ocrx_word' id='word_1_479' title='bbox 2102 4129 2290 4196; x_wconf 88' lang='lat' dir='ltr'><strong>David,</strong></span> <span class='ocrx_word' id='word_1_480' title='bbox 2324 4129 2427 4184; x_wconf 86' lang='lat' dir='ltr'><strong>hoc</strong></span> <span class='ocrx_word' id='word_1_481' title='bbox 2471 4141 2551 4184; x_wconf 89' lang='lat' dir='ltr'><strong>est</strong></span> <span class='ocrx_word' id='word_1_482' title='bbox 2601 4133 2928 4199; x_wconf 81' lang='lat' dir='ltr'><strong>contemptis.</strong></span> <span class='ocrx_word' id='word_1_483' title='bbox 2973 4131 3046 4186; x_wconf 92' lang='lat' dir='ltr'><strong>lta</strong></span> <span class='ocrx_word' id='word_1_484' title='bbox 3094 4136 3237 4188; x_wconf 89' lang='lat' dir='ltr'><strong>enim</strong></span> <span class='ocrx_word' id='word_1_485' title='bbox 3287 4137 3452 4190; x_wconf 88' lang='lat' dir='ltr'><strong>inter-</strong></span> 
     </span>
    </p>
   </div>
   <div class='ocr_carea' id='block_1_66' title="bbox 220 4221 3452 4298">
    <p class='ocr_par' dir='ltr' id='par_1_66' title="bbox 220 4221 3452 4298">
     <span class='ocr_line' id='line_1_66' title="bbox 220 4221 3452 4298; baseline 0 -16"><span class='ocrx_word' id='word_1_486' title='bbox 220 4234 467 4298; x_wconf 90' lang='lat' dir='ltr'><strong>pretatur</strong></span> <span class='ocrx_word' id='word_1_487' title='bbox 491 4225 654 4278; x_wconf 88' lang='lat' dir='ltr'><strong>David</strong></span> <span class='ocrx_word' id='word_1_488' title='bbox 688 4239 904 4288; x_wconf 88' lang='lat' dir='ltr'><strong>nomen,</strong></span> <span class='ocrx_word' id='word_1_489' title='bbox 941 4223 1273 4290; x_wconf 81' lang='lat' dir='ltr'><strong>contemptio.</strong></span> <span class='ocrx_word' id='word_1_490' title='bbox 1308 4222 1610 4290; x_wconf 80' lang='lat' dir='ltr'><strong>Exponitur</strong></span> <span class='ocrx_word' id='word_1_491' title='bbox 1631 4223 1791 4276; x_wconf 87' lang='lat' dir='ltr'><strong>etiam</strong></span> <span class='ocrx_word' id='word_1_492' title='bbox 1824 4229 1878 4275; x_wconf 92' lang='lat' dir='ltr'><strong>et</strong></span> <span class='ocrx_word' id='word_1_493' title='bbox 1911 4237 2069 4273; x_wconf 81' lang='lat' dir='ltr'><strong>manu</strong></span> <span class='ocrx_word' id='word_1_494' title='bbox 2107 4229 2309 4290; x_wconf 85' lang='lat' dir='ltr'><strong>potens,</strong></span> <span class='ocrx_word' id='word_1_495' title='bbox 2342 4231 2394 4275; x_wconf 92' lang='lat' dir='ltr'><strong>et</strong></span> <span class='ocrx_word' id='word_1_496' title='bbox 2427 4222 2776 4284; x_wconf 76' lang='lat' dir='ltr'><strong>desideratus,</strong></span> <span class='ocrx_word' id='word_1_497' title='bbox 2805 4233 2856 4276; x_wconf 91' lang='lat' dir='ltr'><strong>et</strong></span> <span class='ocrx_word' id='word_1_498' title='bbox 2896 4221 3030 4276; x_wconf 82' lang='lat' dir='ltr'><strong>hunc</strong></span> <span class='ocrx_word' id='word_1_499' title='bbox 3061 4225 3370 4289; x_wconf 78' lang='lat' dir='ltr'><strong>desideravi,</strong></span> <span class='ocrx_word' id='word_1_500' title='bbox 3398 4237 3452 4282; x_wconf 89' lang='lat' dir='ltr'><strong>et</strong></span> 
     </span>
    </p>
   </div>
   <div class='ocr_carea' id='block_1_67' title="bbox 221 4309 3449 4380">
    <p class='ocr_par' dir='ltr' id='par_1_67' title="bbox 221 4309 3449 4380">
     <span class='ocr_line' id='line_1_67' title="bbox 221 4309 3449 4380; baseline 0 -10"><span class='ocrx_word' id='word_1_501' title='bbox 221 4320 307 4371; x_wconf 84' lang='lat' dir='ltr'><strong>hic</strong></span> <span class='ocrx_word' id='word_1_502' title='bbox 329 4317 574 4380; x_wconf 77' lang='lat' dir='ltr'><strong>dilectus,</strong></span> <span class='ocrx_word' id='word_1_503' title='bbox 602 4324 658 4370; x_wconf 92' lang='lat' dir='ltr'><strong>et</strong></span> <span class='ocrx_word' id='word_1_504' title='bbox 695 4314 1046 4380; x_wconf 73' lang='lat' dir='ltr'><strong>desideratus,</strong></span> <span class='ocrx_word' id='word_1_505' title='bbox 1079 4320 1133 4366; x_wconf 88' lang='lat' dir='ltr'><strong>et</strong></span> <span class='ocrx_word' id='word_1_506' title='bbox 1157 4311 1319 4364; x_wconf 75' lang='lat' dir='ltr'><strong>solus.</strong></span> <span class='ocrx_word' id='word_1_507' title='bbox 1357 4311 1622 4364; x_wconf 79' lang='lat' dir='ltr'><strong>Caeterum</strong></span> <span class='ocrx_word' id='word_1_508' title='bbox 1652 4319 2050 4380; x_wconf 88' lang='lat' dir='ltr'><strong>consequenter</strong></span> <span class='ocrx_word' id='word_1_509' title='bbox 2093 4311 2159 4364; x_wconf 93' lang='lat' dir='ltr'><strong>ad</strong></span> <span class='ocrx_word' id='word_1_510' title='bbox 2186 4309 2461 4365; x_wconf 86' lang='lat' dir='ltr'><strong>Psalmum</strong></span> <span class='ocrx_word' id='word_1_511' title='bbox 2494 4311 2991 4368; x_wconf 76' lang='lat' dir='ltr'><strong>interpretationem</strong></span> <span class='ocrx_word' id='word_1_512' title='bbox 3018 4314 3255 4369; x_wconf 85' lang='lat' dir='ltr'><strong>nominis</strong></span> <span class='ocrx_word' id='word_1_513' title='bbox 3285 4316 3449 4371; x_wconf 90' lang='lat' dir='ltr'><strong>David</strong></span> 
     </span>
    </p>
   </div>
   <div class='ocr_carea' id='block_1_68' title="bbox 223 4411 550 4480">
    <p class='ocr_par' dir='ltr' id='par_1_68' title="bbox 223 4411 550 4480">
     <span class='ocr_line' id='line_1_68' title="bbox 223 4411 550 4480; baseline -0.009 -12"><span class='ocrx_word' id='word_1_514' title='bbox 223 4411 338 4468; x_wconf 78' lang='lat' dir='ltr'><strong>acci</strong></span> <span class='ocrx_word' id='word_1_515' title='bbox 347 4413 550 4480; x_wconf 91' lang='lat' dir='ltr'><strong>pimus.</strong></span> 
     </span>
    </p>
   </div>
   <div class='ocr_carea' id='block_1_69' title="bbox 293 4497 1937 4572">
    <p class='ocr_par' dir='ltr' id='par_1_69' title="bbox 293 4497 1862 4572">
     <span class='ocr_line' id='line_1_69' title="bbox 293 4497 1862 4572; baseline -0.003 -16"><span class='ocrx_word' id='word_1_516' title='bbox 293 4504 348 4557; x_wconf 88' lang='grc'><strong>1.</strong></span> <span class='ocrx_word' id='word_1_517' title='bbox 385 4501 586 4572; x_wconf 87' lang='grc' dir='ltr'>Κύριος</span> <span class='ocrx_word' id='word_1_518' title='bbox 613 4499 880 4568; x_wconf 69' lang='grc' dir='ltr'>φωτίζων,</span> <span class='ocrx_word' id='word_1_519' title='bbox 925 4499 1019 4556; x_wconf 75' lang='grc' dir='ltr'>καὶ</span> <span class='ocrx_word' id='word_1_520' title='bbox 1069 4497 1256 4563; x_wconf 63' lang='grc' dir='ltr'>σώζων</span> <span class='ocrx_word' id='word_1_521' title='bbox 1312 4515 1379 4568; x_wconf 89' lang='grc' dir='ltr'><strong>με</strong></span> <span class='ocrx_word' id='word_1_522' title='bbox 1424 4499 1488 4550; x_wconf 85' lang='grc' dir='ltr'><strong>ἐκ</strong></span> <span class='ocrx_word' id='word_1_523' title='bbox 1538 4499 1783 4564; x_wconf 86' lang='grc' dir='ltr'>πάντων,</span> <span class='ocrx_word' id='word_1_524' title='bbox 1819 4503 1862 4557; x_wconf 89' lang='lat' dir='ltr'><strong>D</strong></span> 
     </span>
    </p>
   </div>
   <div class='ocr_carea' id='block_1_70' title="bbox 1806 4497 3450 4572">
    <p class='ocr_par' dir='ltr' id='par_1_70' title="bbox 1819 4497 3450 4571">
     <span class='ocr_line' id='line_1_70' title="bbox 1819 4497 3450 4571; baseline 0.006 -19"><span class='ocrx_word' id='word_1_525' title='bbox 1819 4503 1862 4557; x_wconf 89' lang='lat' dir='ltr'><strong>D</strong></span> <span class='ocrx_word' id='word_1_526' title='bbox 1962 4499 2014 4553; x_wconf 94' lang='grc'><strong>1.</strong></span> <span class='ocrx_word' id='word_1_527' title='bbox 2042 4497 2305 4551; x_wconf 91' lang='lat' dir='ltr'><strong>Dominus</strong></span> <span class='ocrx_word' id='word_1_528' title='bbox 2332 4497 2664 4561; x_wconf 85' lang='lat' dir='ltr'><strong>illuminans,</strong></span> <span class='ocrx_word' id='word_1_529' title='bbox 2684 4507 2735 4553; x_wconf 91' lang='lat' dir='ltr'><strong>et</strong></span> <span class='ocrx_word' id='word_1_530' title='bbox 2750 4514 2816 4553; x_wconf 78' lang='lat' dir='ltr'><strong>ex</strong></span> <span class='ocrx_word' id='word_1_531' title='bbox 2834 4500 3086 4557; x_wconf 91' lang='lat' dir='ltr'><strong>omnibus</strong></span> <span class='ocrx_word' id='word_1_532' title='bbox 3103 4501 3319 4560; x_wconf 85' lang='lat' dir='ltr'><strong>salvans</strong></span> <span class='ocrx_word' id='word_1_533' title='bbox 3339 4521 3450 4571; x_wconf 92' lang='lat' dir='ltr'><strong>me,</strong></span> 
     </span>
    </p>
   </div>
   <div class='ocr_carea' id='block_1_71' title="bbox 221 4583 1865 4662">
    <p class='ocr_par' dir='ltr' id='par_1_71' title="bbox 221 4591 838 4662">
     <span class='ocr_line' id='line_1_71' title="bbox 221 4591 838 4662; baseline -0.008 -14"><span class='ocrx_word' id='word_1_534' title='bbox 221 4596 360 4649; x_wconf 80' lang='grc' dir='ltr'>τινα</span> <span class='ocrx_word' id='word_1_535' title='bbox 385 4591 794 4662; x_wconf 72' lang='grc' dir='ltr'>φοϐηθήσομαι</span> <span class='ocrx_word' id='word_1_536' title='bbox 819 4607 838 4652; x_wconf 87' lang='grc'><em>;</em></span> 
     </span>
    </p>
   </div>
   <div class='ocr_carea' id='block_1_72' title="bbox 662 4583 2306 4662">
    <p class='ocr_par' dir='ltr' id='par_1_72' title="bbox 662 4583 2306 4658">
     <span class='ocr_line' id='line_1_72' title="bbox 662 4583 2306 4658; baseline -0.005 -14"><span class='ocrx_word' id='word_1_537' title='bbox 662 4609 794 4658; x_wconf 69' lang='lat' dir='ltr'><strong>quae</strong></span> <span class='ocrx_word' id='word_1_538' title='bbox 819 4607 838 4652; x_wconf 81' lang='lat'><strong>,&#39;</strong></span> <span class='ocrx_word' id='word_1_539' title='bbox 1887 4600 2036 4654; x_wconf 89' lang='lat' dir='ltr'><strong>quem</strong></span> <span class='ocrx_word' id='word_1_540' title='bbox 2073 4583 2259 4635; x_wconf 81' lang='lat' dir='ltr'><strong>timebo</strong></span> <span class='ocrx_word' id='word_1_541' title='bbox 2282 4584 2306 4636; x_wconf 84' lang='lat'><strong><em>?</em></strong></span> 
     </span>
    </p>
   </div>
   <div class='ocr_carea' id='block_1_73' title="bbox 289 4671 1933 4754">
    <p class='ocr_par' dir='ltr' id='par_1_73' title="bbox 289 4679 1789 4754">
     <span class='ocr_line' id='line_1_73' title="bbox 289 4679 1789 4754; baseline -0.003 -15"><span class='ocrx_word' id='word_1_542' title='bbox 289 4687 347 4740; x_wconf 92' lang='lat'><strong>2.</strong></span> <span class='ocrx_word' id='word_1_543' title='bbox 376 4685 578 4754; x_wconf 87' lang='grc' dir='ltr'>Κύριος</span> <span class='ocrx_word' id='word_1_544' title='bbox 623 4681 877 4753; x_wconf 82' lang='grc' dir='ltr'>πρόνοιαν</span> <span class='ocrx_word' id='word_1_545' title='bbox 918 4682 1150 4732; x_wconf 87' lang='grc' dir='ltr'>ποιεῖται</span> <span class='ocrx_word' id='word_1_546' title='bbox 1187 4679 1287 4750; x_wconf 81' lang='grc' dir='ltr'>τῆς</span> <span class='ocrx_word' id='word_1_547' title='bbox 1328 4680 1472 4751; x_wconf 83' lang='grc' dir='ltr'>ζωῆς</span> <span class='ocrx_word' id='word_1_548' title='bbox 1518 4698 1641 4751; x_wconf 90' lang='grc' dir='ltr'>μου,</span> <span class='ocrx_word' id='word_1_549' title='bbox 1671 4680 1789 4735; x_wconf 84' lang='grc' dir='ltr'><strong>ἀπὸ</strong></span> 
     </span>
    </p>
   </div>
   <div class='ocr_carea' id='block_1_74' title="bbox 1804 4671 3448 4754">
    <p class='ocr_par' dir='ltr' id='par_1_74' title="bbox 1957 4671 3448 4748">
     <span class='ocr_line' id='line_1_74' title="bbox 1957 4671 3448 4748; baseline 0.003 -22"><span class='ocrx_word' id='word_1_550' title='bbox 1957 4673 2010 4728; x_wconf 87' lang='lat'><strong>2.</strong></span> <span class='ocrx_word' id='word_1_551' title='bbox 2043 4671 2305 4727; x_wconf 88' lang='lat' dir='ltr'><strong>Dominus</strong></span> <span class='ocrx_word' id='word_1_552' title='bbox 2346 4687 2531 4726; x_wconf 88' lang='lat' dir='ltr'><strong>curam</strong></span> <span class='ocrx_word' id='word_1_553' title='bbox 2567 4671 2704 4742; x_wconf 79' lang='lat' dir='ltr'><strong>gerit</strong></span> <span class='ocrx_word' id='word_1_554' title='bbox 2752 4672 2873 4727; x_wconf 65' lang='lat' dir='ltr'><strong>vitae</strong></span> <span class='ocrx_word' id='word_1_555' title='bbox 2907 4688 3060 4739; x_wconf 69' lang='lat' dir='ltr'><strong>mete,</strong></span> <span class='ocrx_word' id='word_1_556' title='bbox 3091 4692 3122 4728; x_wconf 93' lang='lat' dir='ltr'><strong>a</strong></span> <span class='ocrx_word' id='word_1_557' title='bbox 3157 4691 3259 4746; x_wconf 86' lang='lat' dir='ltr'><strong>qua</strong></span> <span class='ocrx_word' id='word_1_558' title='bbox 3287 4681 3448 4748; x_wconf 73' lang='lat' dir='ltr'><strong>trepi-</strong></span> 
     </span>
    </p>
   </div>
   <div class='ocr_carea' id='block_1_75' title="bbox 221 4766 2069 4846">
    <p class='ocr_par' dir='ltr' id='par_1_75' title="bbox 221 4766 2069 4846">
     <span class='ocr_line' id='line_1_75' title="bbox 221 4766 2069 4846; baseline -0.009 -12"><span class='ocrx_word' id='word_1_559' title='bbox 221 4781 391 4846; x_wconf 79' lang='grc' dir='ltr'>τίνος</span> <span class='ocrx_word' id='word_1_560' title='bbox 409 4774 692 4831; x_wconf 74' lang='grc' dir='ltr'>δειλιάσω</span> <span class='ocrx_word' id='word_1_561' title='bbox 719 4790 738 4838; x_wconf 88' lang='grc'><strong><em>;</em></strong></span> <span class='ocrx_word' id='word_1_562' title='bbox 1889 4767 2024 4819; x_wconf 88' lang='lat' dir='ltr'><strong>dabo</strong></span> <span class='ocrx_word' id='word_1_563' title='bbox 2044 4766 2069 4818; x_wconf 69' lang='lat'><strong>.9</strong></span> 
     </span>
    </p>
   </div>
   <div class='ocr_carea' id='block_1_76' title="bbox 290 4852 1934 4938">
    <p class='ocr_par' dir='ltr' id='par_1_76' title="bbox 290 4855 1322 4938">
     <span class='ocr_line' id='line_1_76' title="bbox 290 4855 1322 4938; baseline -0.012 -12"><span class='ocrx_word' id='word_1_564' title='bbox 290 4873 347 4926; x_wconf 77' lang='lat'><strong>3.</strong></span> <span class='ocrx_word' id='word_1_565' title='bbox 383 4871 522 4933; x_wconf 78' lang='grc' dir='ltr'>Τοὺς</span> <span class='ocrx_word' id='word_1_566' title='bbox 543 4868 801 4938; x_wconf 85' lang='grc' dir='ltr'>δαίμονας</span> <span class='ocrx_word' id='word_1_567' title='bbox 824 4866 990 4934; x_wconf 86' lang='grc' dir='ltr'>λεγει.</span> <span class='ocrx_word' id='word_1_568' title='bbox 1319 4855 1322 4859; x_wconf 65' lang='grc'><em>’</em></span> 
     </span>
    </p>
   </div>
   <div class='ocr_carea' id='block_1_77' title="bbox 861 4852 2505 4938">
    <p class='ocr_par' dir='ltr' id='par_1_77' title="bbox 861 4852 2505 4934">
     <span class='ocr_line' id='line_1_77' title="bbox 861 4852 2505 4934; baseline -0.008 -15"><span class='ocrx_word' id='word_1_569' title='bbox 861 4883 990 4934; x_wconf 87' lang='grc' dir='ltr'>εγει.</span> <span class='ocrx_word' id='word_1_570' title='bbox 1319 4855 1322 4859; x_wconf 60' lang='grc'><em>’</em></span> <span class='ocrx_word' id='word_1_571' title='bbox 1959 4857 2012 4911; x_wconf 76' lang='grc' dir='ltr'><strong>ὅ.</strong></span> <span class='ocrx_word' id='word_1_572' title='bbox 2051 4854 2332 4909; x_wconf 66' lang='lat' dir='ltr'><strong>Daemones</strong></span> <span class='ocrx_word' id='word_1_573' title='bbox 2357 4852 2505 4907; x_wconf 87' lang='lat' dir='ltr'><strong>dicit.</strong></span> 
     </span>
    </p>
   </div>
   <div class='ocr_carea' id='block_1_78' title="bbox 293 4945 1937 5029">
    <p class='ocr_par' dir='ltr' id='par_1_78' title="bbox 293 4953 1535 5029">
     <span class='ocr_line' id='line_1_78' title="bbox 293 4953 1535 5029; baseline -0.007 -13"><span class='ocrx_word' id='word_1_574' title='bbox 293 4962 347 5016; x_wconf 62' lang='grc' dir='ltr'><strong>ὁ.</strong></span> <span class='ocrx_word' id='word_1_575' title='bbox 377 4963 454 5029; x_wconf 89' lang='grc'><strong>(5)</strong></span> <span class='ocrx_word' id='word_1_576' title='bbox 486 4960 597 5022; x_wconf 86' lang='grc' dir='ltr'>Τὰς</span> <span class='ocrx_word' id='word_1_577' title='bbox 617 4956 784 5020; x_wconf 81' lang='grc' dir='ltr'>αὑτὰς</span> <span class='ocrx_word' id='word_1_578' title='bbox 814 4957 1060 5020; x_wconf 73' lang='grc' dir='ltr'>ἐναντίας</span> <span class='ocrx_word' id='word_1_579' title='bbox 1081 4955 1339 5024; x_wconf 86' lang='grc' dir='ltr'>δυνάμεις</span> <span class='ocrx_word' id='word_1_580' title='bbox 1371 4953 1535 5022; x_wconf 82' lang='grc' dir='ltr'>λέγει.</span> 
     </span>
    </p>
   </div>
   <div class='ocr_carea' id='block_1_79' title="bbox 1396 4945 3040 5029">
    <p class='ocr_par' dir='ltr' id='par_1_79' title="bbox 1396 4945 3040 5022">
     <span class='ocr_line' id='line_1_79' title="bbox 1396 4945 3040 5022; baseline -0.002 -20"><span class='ocrx_word' id='word_1_581' title='bbox 1396 4955 1535 5022; x_wconf 83' lang='grc' dir='ltr'>ἐγει.</span> <span class='ocrx_word' id='word_1_582' title='bbox 1962 4947 2014 5000; x_wconf 71' lang='grc' dir='ltr'>εί.</span> <span class='ocrx_word' id='word_1_583' title='bbox 2049 4947 2199 5015; x_wconf 91' lang='lat' dir='ltr'><strong>lpsas</strong></span> <span class='ocrx_word' id='word_1_584' title='bbox 2227 4945 2529 5000; x_wconf 88' lang='lat' dir='ltr'><strong>contrarias</strong></span> <span class='ocrx_word' id='word_1_585' title='bbox 2562 4953 2854 5012; x_wconf 87' lang='lat' dir='ltr'><strong>potestates</strong></span> <span class='ocrx_word' id='word_1_586' title='bbox 2889 4945 3040 5000; x_wconf 90' lang='lat' dir='ltr'><strong>dicit.</strong></span> 
     </span>
    </p>
   </div>
   <div class='ocr_carea' id='block_1_80' title="bbox 296 5035 1940 5118">
    <p class='ocr_par' dir='ltr' id='par_1_80' title="bbox 296 5044 1785 5118">
     <span class='ocr_line' id='line_1_80' title="bbox 296 5044 1785 5118; baseline -0.008 -9"><span class='ocrx_word' id='word_1_587' title='bbox 296 5055 350 5118; x_wconf 85' lang='lat'><strong>5,</strong></span> <span class='ocrx_word' id='word_1_588' title='bbox 382 5052 435 5107; x_wconf 88' lang='lat'><strong>6.</strong></span> <span class='ocrx_word' id='word_1_589' title='bbox 476 5051 600 5104; x_wconf 78' lang='grc' dir='ltr'>Ἐάν</span> <span class='ocrx_word' id='word_1_590' title='bbox 642 5050 918 5118; x_wconf 78' lang='grc' dir='ltr'>ἐπαναστῇ</span> <span class='ocrx_word' id='word_1_591' title='bbox 967 5051 1054 5101; x_wconf 88' lang='grc' dir='ltr'>ἐπ’</span> <span class='ocrx_word' id='word_1_592' title='bbox 1093 5047 1192 5118; x_wconf 81' lang='grc' dir='ltr'><strong>ἐμὲ</strong></span> <span class='ocrx_word' id='word_1_593' title='bbox 1239 5047 1470 5116; x_wconf 86' lang='grc' dir='ltr'>πόλεμος</span> <span class='ocrx_word' id='word_1_594' title='bbox 1520 5046 1710 5117; x_wconf 80' lang='grc' dir='ltr'>ὁρατὸς</span> <span class='ocrx_word' id='word_1_595' title='bbox 1752 5044 1785 5116; x_wconf 71' lang='grc' dir='ltr'>ἢ</span> 
     </span>
    </p>
   </div>
   <div class='ocr_carea' id='block_1_81' title="bbox 1799 5035 3443 5118">
    <p class='ocr_par' dir='ltr' id='par_1_81' title="bbox 1963 5035 3443 5106">
     <span class='ocr_line' id='line_1_81' title="bbox 1963 5035 3443 5106; baseline 0.003 -14"><span class='ocrx_word' id='word_1_596' title='bbox 1963 5039 2016 5101; x_wconf 85' lang='grc'>5,</span> <span class='ocrx_word' id='word_1_597' title='bbox 2046 5037 2098 5091; x_wconf 87' lang='lat'><strong>6.</strong></span> <span class='ocrx_word' id='word_1_598' title='bbox 2128 5035 2185 5090; x_wconf 86' lang='lat' dir='ltr'><strong>Si</strong></span> <span class='ocrx_word' id='word_1_599' title='bbox 2221 5045 2468 5106; x_wconf 77' lang='lat' dir='ltr'><strong>exsurgat</strong></span> <span class='ocrx_word' id='word_1_600' title='bbox 2501 5036 2742 5089; x_wconf 73' lang='lat' dir='ltr'><strong>adversus</strong></span> <span class='ocrx_word' id='word_1_601' title='bbox 2767 5053 2843 5088; x_wconf 87' lang='lat' dir='ltr'><strong>me</strong></span> <span class='ocrx_word' id='word_1_602' title='bbox 2869 5037 3103 5104; x_wconf 74' lang='lat' dir='ltr'><strong>prwlium</strong></span> <span class='ocrx_word' id='word_1_603' title='bbox 3126 5039 3336 5095; x_wconf 80' lang='lat' dir='ltr'><strong>visibile</strong></span> <span class='ocrx_word' id='word_1_604' title='bbox 3352 5052 3443 5096; x_wconf 89' lang='lat' dir='ltr'><strong>aut</strong></span> 
     </span>
    </p>
   </div>
   <div class='ocr_carea' id='block_1_82' title="bbox 223 5127 1867 5221">
    <p class='ocr_par' dir='ltr' id='par_1_82' title="bbox 223 5138 1782 5221">
     <span class='ocr_line' id='line_1_82' title="bbox 223 5138 1782 5221; baseline -0.008 -17"><span class='ocrx_word' id='word_1_605' title='bbox 223 5149 470 5221; x_wconf 77' lang='grc' dir='ltr'>ἀόρατος,</span> <span class='ocrx_word' id='word_1_606' title='bbox 494 5146 550 5197; x_wconf 88' lang='grc' dir='ltr'><strong>ἐν</strong></span> <span class='ocrx_word' id='word_1_607' title='bbox 578 5146 643 5213; x_wconf 79' lang='grc' dir='ltr'>τῇ</span> <span class='ocrx_word' id='word_1_608' title='bbox 678 5142 856 5195; x_wconf 88' lang='grc' dir='ltr'>πίστει</span> <span class='ocrx_word' id='word_1_609' title='bbox 896 5139 989 5192; x_wconf 83' lang='grc' dir='ltr'>τοῦ</span> <span class='ocrx_word' id='word_1_610' title='bbox 1029 5138 1231 5212; x_wconf 82' lang='grc' dir='ltr'>Κυρίου</span> <span class='ocrx_word' id='word_1_611' title='bbox 1266 5139 1375 5207; x_wconf 79' lang='grc' dir='ltr'>ἐγὼ</span> <span class='ocrx_word' id='word_1_612' title='bbox 1420 5138 1624 5202; x_wconf 82' lang='grc' dir='ltr'>ἐλπίζω</span> <span class='ocrx_word' id='word_1_613' title='bbox 1659 5155 1782 5210; x_wconf 86' lang='grc' dir='ltr'>τρο-</span> 
     </span>
    </p>
   </div>
   <div class='ocr_carea' id='block_1_83' title="bbox 1797 5127 3441 5221">
    <p class='ocr_par' dir='ltr' id='par_1_83' title="bbox 1892 5127 3441 5202">
     <span class='ocr_line' id='line_1_83' title="bbox 1892 5127 3441 5202; baseline 0.003 -16"><span class='ocrx_word' id='word_1_614' title='bbox 1892 5130 2180 5196; x_wconf 88' lang='lat' dir='ltr'><strong>invisibile,</strong></span> <span class='ocrx_word' id='word_1_615' title='bbox 2217 5130 2270 5184; x_wconf 90' lang='lat' dir='ltr'><strong>in</strong></span> <span class='ocrx_word' id='word_1_616' title='bbox 2294 5129 2396 5183; x_wconf 75' lang='lat' dir='ltr'><strong>[ide</strong></span> <span class='ocrx_word' id='word_1_617' title='bbox 2420 5127 2633 5183; x_wconf 89' lang='lat' dir='ltr'><strong>Domini</strong></span> <span class='ocrx_word' id='word_1_618' title='bbox 2662 5145 2760 5198; x_wconf 83' lang='lat' dir='ltr'><strong>ego</strong></span> <span class='ocrx_word' id='word_1_619' title='bbox 2794 5144 2985 5196; x_wconf 88' lang='lat' dir='ltr'><strong>spero,</strong></span> <span class='ocrx_word' id='word_1_620' title='bbox 3015 5130 3068 5184; x_wconf 86' lang='lat' dir='ltr'><strong>iu</strong></span> <span class='ocrx_word' id='word_1_621' title='bbox 3106 5130 3284 5202; x_wconf 77' lang='lat' dir='ltr'><strong>fugam</strong></span> <span class='ocrx_word' id='word_1_622' title='bbox 3316 5135 3441 5190; x_wconf 88' lang='lat' dir='ltr'><strong>illud</strong></span> 
     </span>
    </p>
   </div>
   <div class='ocr_carea' id='block_1_84' title="bbox 225 5224 1869 5293">
    <p class='ocr_par' dir='ltr' id='par_1_84' title="bbox 225 5234 658 5293">
     <span class='ocr_line' id='line_1_84' title="bbox 225 5234 658 5293; baseline -0.021 0"><span class='ocrx_word' id='word_1_623' title='bbox 225 5239 454 5293; x_wconf 80' lang='grc' dir='ltr'>ποῦσθαι</span> <span class='ocrx_word' id='word_1_624' title='bbox 477 5234 658 5288; x_wconf 79' lang='grc' dir='ltr'>αὐτόν.</span> 
     </span>
    </p>
   </div>
   <div class='ocr_carea' id='block_1_85' title="bbox 509 5224 2153 5293">
    <p class='ocr_par' dir='ltr' id='par_1_85' title="bbox 509 5224 2153 5287">
     <span class='ocr_line' id='line_1_85' title="bbox 509 5224 2153 5287; baseline -0.004 -4"><span class='ocrx_word' id='word_1_625' title='bbox 509 5234 658 5287; x_wconf 77' lang='grc' dir='ltr'>ὺτόν.</span> <span class='ocrx_word' id='word_1_626' title='bbox 1889 5224 2153 5277; x_wconf 89' lang='lat' dir='ltr'><strong>converti.</strong></span> 
     </span>
    </p>
   </div>
   <div class='ocr_carea' id='block_1_86' title="bbox 293 5313 1937 5394">
    <p class='ocr_par' dir='ltr' id='par_1_86' title="bbox 293 5320 1500 5394">
     <span class='ocr_line' id='line_1_86' title="bbox 293 5320 1500 5394; baseline -0.007 -12"><span class='ocrx_word' id='word_1_627' title='bbox 293 5329 346 5383; x_wconf 91' lang='lat'><strong>7.</strong></span> <span class='ocrx_word' id='word_1_628' title='bbox 377 5328 520 5380; x_wconf 80' lang='grc' dir='ltr'>Μίαν</span> <span class='ocrx_word' id='word_1_629' title='bbox 546 5325 758 5394; x_wconf 65' lang='grc' dir='ltr'>αίτηῒσιν</span> <span class='ocrx_word' id='word_1_630' title='bbox 783 5320 1067 5393; x_wconf 74' lang='grc' dir='ltr'>ᾐτησάμην</span> <span class='ocrx_word' id='word_1_631' title='bbox 1098 5321 1248 5391; x_wconf 86' lang='grc' dir='ltr'>παρά</span> <span class='ocrx_word' id='word_1_632' title='bbox 1272 5320 1500 5390; x_wconf 86' lang='grc' dir='ltr'>Κυρίου.</span> 
     </span>
    </p>
   </div>
   <div class='ocr_carea' id='block_1_87' title="bbox 1656 5313 3300 5394">
    <p class='ocr_par' dir='ltr' id='par_1_87' title="bbox 1961 5313 3300 5384">
     <span class='ocr_line' id='line_1_87' title="bbox 1961 5313 3300 5384; baseline 0.007 -19"><span class='ocrx_word' id='word_1_633' title='bbox 1961 5314 2013 5367; x_wconf 90' lang='lat'><strong>7.</strong></span> <span class='ocrx_word' id='word_1_634' title='bbox 2044 5313 2219 5368; x_wconf 84' lang='lat' dir='ltr'><strong>Unam</strong></span> <span class='ocrx_word' id='word_1_635' title='bbox 2252 5315 2665 5384; x_wconf 77' lang='lat' dir='ltr'><strong>postulationem</strong></span> <span class='ocrx_word' id='word_1_636' title='bbox 2696 5316 2960 5384; x_wconf 89' lang='lat' dir='ltr'><strong>postulavi</strong></span> <span class='ocrx_word' id='word_1_637' title='bbox 2990 5333 3019 5371; x_wconf 89' lang='lat' dir='ltr'><strong>a</strong></span> <span class='ocrx_word' id='word_1_638' title='bbox 3053 5317 3300 5374; x_wconf 92' lang='lat' dir='ltr'><strong>Domino.</strong></span> 
     </span>
    </p>
   </div>
   <div class='ocr_carea' id='block_1_88' title="bbox 291 5405 1935 5487">
    <p class='ocr_par' dir='ltr' id='par_1_88' title="bbox 291 5411 1468 5487">
     <span class='ocr_line' id='line_1_88' title="bbox 291 5411 1468 5487; baseline -0.008 -14"><span class='ocrx_word' id='word_1_639' title='bbox 291 5420 344 5474; x_wconf 92' lang='lat'><strong>8.</strong></span> <span class='ocrx_word' id='word_1_640' title='bbox 380 5419 472 5480; x_wconf 80' lang='grc' dir='ltr'><strong>Εἰς</strong></span> <span class='ocrx_word' id='word_1_641' title='bbox 503 5418 602 5487; x_wconf 85' lang='grc' dir='ltr'>τὴν</span> <span class='ocrx_word' id='word_1_642' title='bbox 627 5414 944 5484; x_wconf 76' lang='grc' dir='ltr'>ἐπουράνιον</span> <span class='ocrx_word' id='word_1_643' title='bbox 973 5412 1135 5466; x_wconf 81' lang='grc' dir='ltr'>αὑτοῦ</span> <span class='ocrx_word' id='word_1_644' title='bbox 1173 5411 1468 5482; x_wconf 86' lang='grc' dir='ltr'>βασιλείαν.</span> 
     </span>
    </p>
   </div>
   <div class='ocr_carea' id='block_1_89' title="bbox 1070 5405 2714 5487">
    <p class='ocr_par' dir='ltr' id='par_1_89' title="bbox 1070 5405 2714 5482">
     <span class='ocr_line' id='line_1_89' title="bbox 1070 5405 2714 5482; baseline -0.003 -17"><span class='ocrx_word' id='word_1_645' title='bbox 1070 5412 1135 5465; x_wconf 74' lang='grc' dir='ltr'><strong>ὀὗ</strong></span> <span class='ocrx_word' id='word_1_646' title='bbox 1173 5411 1468 5482; x_wconf 86' lang='grc' dir='ltr'>βασιλείαν.</span> <span class='ocrx_word' id='word_1_647' title='bbox 1958 5405 2012 5459; x_wconf 88' lang='grc'><strong>8.</strong></span> <span class='ocrx_word' id='word_1_648' title='bbox 2049 5405 2107 5459; x_wconf 89' lang='lat' dir='ltr'><strong>ln</strong></span> <span class='ocrx_word' id='word_1_649' title='bbox 2139 5407 2344 5460; x_wconf 66' lang='lat' dir='ltr'><strong>caelesti</strong></span> <span class='ocrx_word' id='word_1_650' title='bbox 2377 5407 2496 5475; x_wconf 88' lang='lat' dir='ltr'><strong>ejus</strong></span> <span class='ocrx_word' id='word_1_651' title='bbox 2531 5421 2714 5476; x_wconf 78' lang='lat' dir='ltr'><strong>regno.</strong></span> 
     </span>
    </p>
   </div>
   <div class='ocr_carea' id='block_1_90' title="bbox 1165 5499 2504 5581">
    <p class='ocr_par' dir='ltr' id='par_1_90' title="bbox 1165 5499 2504 5581">
     <span class='ocr_line' id='line_1_90' title="bbox 1165 5499 2504 5581; baseline -0.004 -16"><span class='ocrx_word' id='word_1_652' title='bbox 1165 5505 1464 5567; x_wconf 83' lang='lat' dir='ltr'><strong>Addenda</strong></span> <span class='ocrx_word' id='word_1_653' title='bbox 1512 5511 1572 5564; x_wconf 88' lang='lat' dir='ltr'><strong>et</strong></span> <span class='ocrx_word' id='word_1_654' title='bbox 1621 5499 1995 5581; x_wconf 80' lang='lat' dir='ltr'><strong>corrigenda</strong></span> <span class='ocrx_word' id='word_1_655' title='bbox 2026 5516 2104 5559; x_wconf 78' lang='lat' dir='ltr'><strong>ex</strong></span> <span class='ocrx_word' id='word_1_656' title='bbox 2135 5499 2270 5560; x_wconf 90' lang='lat' dir='ltr'><strong>cod.</strong></span> <span class='ocrx_word' id='word_1_657' title='bbox 2304 5499 2504 5559; x_wconf 82' lang='lat' dir='ltr'><strong>Vatic.</strong></span> 
     </span>
    </p>
   </div>
   <div class='ocr_carea' id='block_1_91' title="bbox 293 5622 3216 5706">
    <p class='ocr_par' dir='ltr' id='par_1_91' title="bbox 293 5622 3216 5706">
     <span class='ocr_line' id='line_1_91' title="bbox 293 5622 3216 5706; baseline -0.003 -18"><span class='ocrx_word' id='word_1_658' title='bbox 293 5634 371 5706; x_wconf 90' lang='grc'><strong>(1)</strong></span> <span class='ocrx_word' id='word_1_659' title='bbox 394 5630 458 5686; x_wconf 78' lang='grc' dir='ltr'><strong>Ν.</strong></span> <span class='ocrx_word' id='word_1_660' title='bbox 489 5631 575 5686; x_wconf 77' lang='lat'><strong>25.</strong></span> <span class='ocrx_word' id='word_1_661' title='bbox 617 5631 1044 5706; x_wconf 24' lang='grc' dir='ltr'>Τεθλεμεᾼλίωμαι,</span> <span class='ocrx_word' id='word_1_662' title='bbox 1107 5629 1273 5697; x_wconf 81' lang='grc' dir='ltr'>λέγει,</span> <span class='ocrx_word' id='word_1_663' title='bbox 1315 5630 1407 5682; x_wconf 74' lang='grc' dir='ltr'><strong>ἐπὶ</strong></span> <span class='ocrx_word' id='word_1_664' title='bbox 1449 5628 1528 5681; x_wconf 81' lang='grc' dir='ltr'><strong>σέ.</strong></span> <span class='ocrx_word' id='word_1_665' title='bbox 1582 5625 1647 5683; x_wconf 85' lang='grc' dir='ltr'><strong>Ν.</strong></span> <span class='ocrx_word' id='word_1_666' title='bbox 1678 5628 1766 5682; x_wconf 71' lang='grc'><strong>24.</strong></span> <span class='ocrx_word' id='word_1_667' title='bbox 2154 5622 2394 5706; x_wconf 39' lang='grc' dir='ltr'>ψαλμόςτ</span> <span class='ocrx_word' id='word_1_668' title='bbox 2417 5624 2488 5675; x_wconf 85' lang='grc' dir='ltr'><strong>Τὸ</strong></span> <span class='ocrx_word' id='word_1_669' title='bbox 2517 5623 2570 5675; x_wconf 76' lang='grc' dir='ltr'><strong>δὲ</strong></span> <span class='ocrx_word' id='word_1_670' title='bbox 2593 5625 2781 5706; x_wconf 45' lang='grc' dir='ltr'>είπεῖν.</span> <span class='ocrx_word' id='word_1_671' title='bbox 2798 5623 2876 5706; x_wconf 67' lang='grc' dir='ltr'>τῷ</span> <span class='ocrx_word' id='word_1_672' title='bbox 2891 5625 3081 5706; x_wconf 43' lang='grc' dir='ltr'><strong>..1αὸίῇ</strong></span> <span class='ocrx_word' id='word_1_673' title='bbox 3115 5635 3216 5706; x_wconf 71' lang='lat' dir='ltr'><strong>etc.</strong></span> 
     </span>
    </p>
   </div>
   <div class='ocr_carea' id='block_1_92' title="bbox 239 5643 3437 5765">
    <p class='ocr_par' dir='ltr' id='par_1_92' title="bbox 239 5643 3437 5765">
     <span class='ocr_line' id='line_1_92' title="bbox 293 5643 3216 5706; baseline -0.004 -18"><span class='ocrx_word' id='word_1_674' title='bbox 293 5643 371 5706; x_wconf 86' lang='grc'><strong>(1)</strong></span> <span class='ocrx_word' id='word_1_675' title='bbox 395 5643 458 5686; x_wconf 72' lang='grc' dir='ltr'><strong>Ν.</strong></span> <span class='ocrx_word' id='word_1_676' title='bbox 489 5643 575 5686; x_wconf 70' lang='lat'><strong>25.</strong></span> <span class='ocrx_word' id='word_1_677' title='bbox 617 5643 1044 5702; x_wconf 79' lang='grc' dir='ltr'>ἰἐυεμελιωμαι,</span> <span class='ocrx_word' id='word_1_678' title='bbox 1109 5643 1273 5697; x_wconf 76' lang='grc' dir='ltr'>λεγει,</span> <span class='ocrx_word' id='word_1_679' title='bbox 1315 5643 1407 5682; x_wconf 77' lang='lat' dir='ltr'><strong>tm</strong></span> <span class='ocrx_word' id='word_1_680' title='bbox 1449 5643 1528 5681; x_wconf 87' lang='grc' dir='ltr'>σε.</span> <span class='ocrx_word' id='word_1_681' title='bbox 1583 5643 1647 5683; x_wconf 69' lang='grc' dir='ltr'><strong>Ν.</strong></span> <span class='ocrx_word' id='word_1_682' title='bbox 1678 5643 1766 5682; x_wconf 66' lang='grc' dir='ltr'><strong>Ζθ.</strong></span> <span class='ocrx_word' id='word_1_683' title='bbox 1952 5643 2027 5692; x_wconf 63' lang='lat' dir='ltr'><strong>to)</strong></span> <span class='ocrx_word' id='word_1_684' title='bbox 2085 5643 2126 5676; x_wconf 94' lang='grc' dir='ltr'>υ</span> <span class='ocrx_word' id='word_1_685' title='bbox 2154 5643 2384 5692; x_wconf 74' lang='grc' dir='ltr'>ψαλμος.</span> <span class='ocrx_word' id='word_1_686' title='bbox 2427 5643 2488 5675; x_wconf 86' lang='grc' dir='ltr'><strong>ιο</strong></span> <span class='ocrx_word' id='word_1_687' title='bbox 2517 5643 2570 5675; x_wconf 88' lang='grc' dir='ltr'><strong>οε</strong></span> <span class='ocrx_word' id='word_1_688' title='bbox 2593 5643 2766 5690; x_wconf 79' lang='grc' dir='ltr'>ειπειν</span> <span class='ocrx_word' id='word_1_689' title='bbox 2798 5643 2828 5676; x_wconf 89' lang='grc' dir='ltr'><strong>τ</strong></span> <span class='ocrx_word' id='word_1_690' title='bbox 2903 5643 3063 5677; x_wconf 71' lang='lat' dir='ltr'><strong>acuto</strong></span> <span class='ocrx_word' id='word_1_691' title='bbox 3115 5643 3216 5681; x_wconf 86' lang='lat' dir='ltr'><strong>etc.</strong></span> 
     </span>
     <span class='ocr_line' id='line_1_93' title="bbox 239 5643 3437 5765; baseline -0.002 -6"><span class='ocrx_word' id='word_1_692' title='bbox 239 5705 325 5759; x_wconf 86' lang='grc' dir='ltr'>Ἐν</span> <span class='ocrx_word' id='word_1_693' title='bbox 347 5707 456 5765; x_wconf 86' lang='grc' dir='ltr'>τοῖς</span> <span class='ocrx_word' id='word_1_694' title='bbox 480 5705 686 5765; x_wconf 83' lang='grc' dir='ltr'>πιστοῖς</span> <span class='ocrx_word' id='word_1_695' title='bbox 715 5702 861 5764; x_wconf 83' lang='grc' dir='ltr'>λαοῖς</span> <span class='ocrx_word' id='word_1_696' title='bbox 882 5701 1088 5764; x_wconf 79' lang='grc' dir='ltr'>δοξάσω</span> <span class='ocrx_word' id='word_1_697' title='bbox 1120 5717 1200 5752; x_wconf 90' lang='grc' dir='ltr'>σε.</span> <span class='ocrx_word' id='word_1_698' title='bbox 1929 5695 2026 5765; x_wconf 80' lang='grc'><strong>(5)</strong></span> <span class='ocrx_word' id='word_1_699' title='bbox 2055 5691 2119 5747; x_wconf 89' lang='grc' dir='ltr'><strong>Ν.</strong></span> <span class='ocrx_word' id='word_1_700' title='bbox 2153 5694 2470 5765; x_wconf 38' lang='grc' dir='ltr'>4.-Ὀμοίως</span> <span class='ocrx_word' id='word_1_701' title='bbox 2494 5695 2619 5765; x_wconf 81' lang='grc' dir='ltr'>περὶ</span> <span class='ocrx_word' id='word_1_702' title='bbox 2645 5694 2821 5748; x_wconf 80' lang='grc' dir='ltr'>αὐτῶν</span> <span class='ocrx_word' id='word_1_703' title='bbox 2833 5643 3010 5762; x_wconf 60' lang='grc' dir='ltr'><strong>ίλέγει.</strong></span> <span class='ocrx_word' id='word_1_704' title='bbox 3131 5697 3180 5751; x_wconf 86' lang='grc'><strong>5.</strong></span> <span class='ocrx_word' id='word_1_705' title='bbox 3213 5695 3320 5760; x_wconf 78' lang='grc' dir='ltr'>Τὰς</span> <span class='ocrx_word' id='word_1_706' title='bbox 3341 5698 3437 5753; x_wconf 63' lang='grc' dir='ltr'><strong>αὖ·</strong></span> 
     </span>
    </p>
   </div>
   <div class='ocr_carea' id='block_1_93' title="bbox 315 5761 1959 5844">
    <p class='ocr_par' dir='ltr' id='par_1_93' title="bbox 315 5761 1959 5844">
     <span class='ocr_line' id='line_1_94' title="bbox 315 5761 1959 5844; baseline -0.006 -18"><span class='ocrx_word' id='word_1_707' title='bbox 315 5774 372 5844; x_wconf 85' lang='lat'><strong>2)</strong></span> <span class='ocrx_word' id='word_1_708' title='bbox 415 5761 596 5844; x_wconf 67' lang='grc' dir='ltr'>’Βδιά</span> <span class='ocrx_word' id='word_1_709' title='bbox 616 5761 715 5840; x_wconf 68' lang='grc' dir='ltr'>τῆς</span> <span class='ocrx_word' id='word_1_710' title='bbox 741 5761 1105 5844; x_wconf 73' lang='grc' dir='ltr'>κινναϐάρεως</span> <span class='ocrx_word' id='word_1_711' title='bbox 1137 5786 1256 5840; x_wconf 88' lang='grc' dir='ltr'>περ.</span> <span class='ocrx_word' id='word_1_712' title='bbox 1879 5763 1959 5824; x_wconf 67' lang='grc' dir='ltr'>τάς</span> 
     </span>
    </p>
   </div>
   <div class='ocr_carea' id='block_1_94' title="bbox 1015 5761 2659 5844">
    <p class='ocr_par' dir='ltr' id='par_1_94' title="bbox 1015 5761 2659 5840">
     <span class='ocr_line' id='line_1_95' title="bbox 1015 5761 2659 5840; baseline -0.004 -18"><span class='ocrx_word' id='word_1_713' title='bbox 1015 5787 1105 5832; x_wconf 79' lang='grc' dir='ltr'><strong>εως</strong></span> <span class='ocrx_word' id='word_1_714' title='bbox 1137 5786 1256 5840; x_wconf 88' lang='grc' dir='ltr'>περ.</span> <span class='ocrx_word' id='word_1_715' title='bbox 1879 5761 2109 5828; x_wconf 68' lang='grc' dir='ltr'>τάς,ἐιο</span> <span class='ocrx_word' id='word_1_716' title='bbox 2139 5805 2152 5828; x_wconf 97' lang='grc'><strong>,</strong></span> <span class='ocrx_word' id='word_1_717' title='bbox 2191 5761 2252 5816; x_wconf 85' lang='grc' dir='ltr'><strong>Ν.</strong></span> <span class='ocrx_word' id='word_1_718' title='bbox 2285 5761 2337 5816; x_wconf 79' lang='grc'><strong>6.</strong></span> <span class='ocrx_word' id='word_1_719' title='bbox 2387 5765 2528 5828; x_wconf 85' lang='grc' dir='ltr'>Ἐάν,</span> <span class='ocrx_word' id='word_1_720' title='bbox 2561 5761 2659 5820; x_wconf 76' lang='lat' dir='ltr'><strong>etc.</strong></span> 
     </span>
    </p>
   </div>
   <div class='ocr_carea' id='block_1_95' title="bbox 295 5776 1020 5914">
    <p class='ocr_par' dir='ltr' id='par_1_95' title="bbox 295 5776 1020 5914">
     <span class='ocr_line' id='line_1_96' title="bbox 315 5776 1020 5844; baseline -0.007 -18"><span class='ocrx_word' id='word_1_721' title='bbox 315 5776 372 5844; x_wconf 81' lang='lat'><strong>2)</strong></span> <span class='ocrx_word' id='word_1_722' title='bbox 415 5776 478 5825; x_wconf 88' lang='lat' dir='ltr'><strong>&#39;H</strong></span> <span class='ocrx_word' id='word_1_723' title='bbox 508 5776 596 5824; x_wconf 83' lang='grc' dir='ltr'><strong>διὰ</strong></span> <span class='ocrx_word' id='word_1_724' title='bbox 616 5776 715 5840; x_wconf 80' lang='grc' dir='ltr'>τῆς</span> <span class='ocrx_word' id='word_1_725' title='bbox 741 5776 1020 5840; x_wconf 78' lang='grc' dir='ltr'>κιννασάρε</span> 
     </span>
     <span class='ocr_line' id='line_1_97' title="bbox 295 5776 1020 5914; baseline -0.006 -18"><span class='ocrx_word' id='word_1_726' title='bbox 295 5776 370 5913; x_wconf 57' lang='grc'><strong>13)</strong></span> <span class='ocrx_word' id='word_1_727' title='bbox 396 5843 619 5914; x_wconf 77' lang='grc' dir='ltr'>Ψαλμός</span> <span class='ocrx_word' id='word_1_728' title='bbox 647 5844 788 5896; x_wconf 75' lang='lat' dir='ltr'><strong>deest</strong></span> <span class='ocrx_word' id='word_1_729' title='bbox 822 5843 874 5894; x_wconf 82' lang='lat' dir='ltr'><strong>in</strong></span> <span class='ocrx_word' id='word_1_730' title='bbox 907 5841 1020 5893; x_wconf 79' lang='lat' dir='ltr'><strong>cod.</strong></span> 
     </span>
    </p>
   </div>
  </div>
