4164 6492
729 444 831 497 ’143
1565 429 1621 482 S.
1665 425 2040 480 ATHANASII
2085 422 2232 480 OPP.
2273 421 2453 476 PARS
2493 421 2583 475 111.
2625 450 2694 462 -
2733 420 3143 477 ΕΧΕΟΕΤΙΟΑ.
3872 424 3964 476 744

799 557 854 611 9.
882 551 949 608 Ut
971 551 1182 606 videam
1208 547 1541 618 voluptatem
1568 543 1812 609 Domini,
2325 544 2369 600 Α

2325 544 2369 600 Α
2466 537 2516 591 9.
2546 536 2651 589 Τοῦ
2685 536 2909 610 θεωρεῖν
2939 554 3002 607 με
3037 535 3134 606 τὴν
3175 534 3510 606 τερπνὸτητα
3547 532 3750 603 Κυρίου
3781 574 3792 595 ,

801 643 887 699 10.
925 641 991 696 Et
1018 641 1230 696 visitem
1265 637 1521 705 templum
1554 644 1801 690 sanctum
1838 631 1976 699 ejus.

2470 625 2554 680 10.
2589 629 2695 680 Καὶ
2729 627 3152 680 ἐπισκέπτεσθαι
3175 627 3265 680 τὸν
3293 626 3417 679 ναὸν
3443 626 3533 678 τὸν
3559 627 3716 694 ἅγιον
3741 624 3925 678 αὑτοῦ.

798 736 886 790 ‘ll.
917 733 1186 799 Quoniam
1209 727 1492 783 abscondit
1522 742 1608 781 me
1637 727 1688 780 in
1722 722 2076 779 tabernaculo
2103 735 2226 782 suo.

1921 722 2076 778 aculo
2103 735 2226 782 suo.
2469 715 2554 769 11.
2586 717 2706 770 Ὅτι
2730 717 2932 789 ἔκρυψέ
2968 735 3033 787 με
3061 718 3118 770 ἐν
3151 719 3320 788 σκηνῇ
3365 714 3528 769 αὑτοῦ
3550 756 3565 781 ,

802 828 887 881 12.
918 824 977 878 ln
1013 825 1098 877 die
1133 821 1402 875 malorum
1436 835 1683 874 meorum
1711 816 1944 887 protexit
1972 829 2057 868 me
2083 813 2138 867 in
2169 811 2298 866 abs-

2466 806 2554 864 12.
2604 807 2689 860 Ἐν
2721 809 2902 879 ἡμέρᾳ
2918 809 3100 862 κακῶν
3127 827 3225 879 μου
3257 809 3331 880 (α)
3364 807 3635 861 ἐσκέπασέ
3650 825 3718 879 με
3745 809 3805 860 ἐν
3833 809 3956 861 ἀπο-

731 916 946 975 condito
975 915 1307 971 tabernaculi
1339 913 1444 967 sui.

2401 897 2592 971 κρύφςρ
2614 898 2712 967 τῆς
2747 899 2951 968 σκηνῆς
2978 898 3167 952 αὑτοῦ.

803 1013 886 1065 15.
920 1001 976 1063 lii
1007 1019 1154 1079 petra
1186 1006 1438 1060 exaltavil
1468 1018 1590 1066 me;

1577 1019 1590 1066 ς
2471 989 2556 1043 15.
2602 990 2689 1042 Ἑν
2717 989 2893 1062 πέτρᾳ
2924 991 3104 1060 ὖψωσέ
3131 1009 3217 1061 με.

801 1102 888 1158 14.
919 1102 981 1155 Ει
1005 1116 1146 1154 nunc
1172 1114 1297 1154 ecce
1327 1097 1586 1152 exaltavit
1608 1100 1772 1163 caput
1800 1103 1978 1144 meum
2005 1101 2169 1156 super
2195 1084 2302 1138 ini-

2473 1082 2556 1135 14.
2588 1084 2697 1135 Καὶ
2716 1083 2808 1134 νῦν
2834 1084 2939 1135 ίδοὺ
2967 1083 3147 1154 ὖψωσε
3179 1083 3420 1156 κεφαλήν
3454 1101 3555 1155 μου
3603 1086 3692 1138 ἐπ’
3741 1084 3955 1155 ἐχθρούς

733 1196 907 1248 micos
940 1209 1112 1247 meos.
2404 1190 2528 1243 μου.

803 1285 888 1339 13.
921 1282 1181 1346 Circuivi,
1215 1290 1268 1335 et
1304 1277 1577 1334 immolavi
1615 1274 1668 1328 in
1691 1270 2038 1329 tabernaculo
2061 1269 2178 1338 ejus
2204 1267 2302 1320 ho-

2474 1266 2559 1320 15.
2604 1267 2936 1334 Ἐκύκλωσα,
2981 1268 3072 1321 καὶ
3110 1267 3273 1321 ἔθυσα
3301 1269 3357 1320 ἐν
3378 1271 3440 1339 τῇ
3473 1271 3642 1340 σκηνῇ
3683 1267 3844 1322 αὑτοῦ
3873 1268 3957 1321 θυ-

730 1376 887 1430 stiam
918 1377 1093 1429 laudis
1131 1382 1184 1427 et
1207 1370 1584 1443 jubilationis:

2402 1357 2517 1411 σίαν
2550 1358 2621 1429 (ὁ)
2656 1360 2911 1422 αἰνέσεως
2939 1361 3033 1412 καὶ
3063 1359 3397 1429 ἀλαλαγμοῦ·

801 1467 886 1521 16.
927 1467 1191 1530 Cantabo,
1225 1473 1277 1519 et
1306 1463 1576 1533 psalmum
1603 1459 1780 1513 dicam
1812 1454 2064 1509 Domino.

1737 1472 1780 1510 m
1812 1454 2064 1509 Domino.
2469 1451 2553 1505 16.
2591 1453 2740 1522 ’ᾼσω
2772 1453 2863 1505 καὶ
2883 1451 3038 1521 ψαλῶ
3071 1451 3146 1522 τῷ
3174 1451 3381 1523 Κυρίῳ.

801 1561 887 1614 17.
921 1559 1148 1625 Exaudi,
1177 1557 1421 1622 Domine,
1454 1567 1642 1608 vocem
1688 1565 1882 1614 meam,
1913 1563 2020 1618 qua
2070 1545 2301 1600 clamavi

2472 1542 2558 1595 17.
2594 1543 2942 1606 Εῐσάκουσον,
2978 1542 3168 1614 Κύριε,
3191 1543 3290 1613 τῆς
3344 1543 3525 1612 φωνῆς
3553 1560 3674 1614 μου,
3726 1539 3793 1614 ἧς
3846 1543 3959 1596 ἐκέ-

737 1644 805 1699 ad
840 1654 932 1699 te:

2401 1633 2576 1706 κραξα
2605 1635 2738 1704 πρὸς
2771 1635 2828 1687 σέ
2855 1635 2926 1706 (c)
2954 1653 2964 1665 '

801 1739 888 1792 18.
924 1736 1179 1798 Miserere
1203 1733 1330 1797 mei,
1365 1740 1419 1786 et
1452 1729 1646 1785 exaudi
1680 1744 1789 1782 me.

2473 1726 2558 1780 18.
2600 1726 2849 1795 Ἐλέησόν
2882 1744 2968 1796 με,
3004 1727 3095 1779 καὶ
3123 1728 3435 1780 εἰσάκουσον
3469 1745 3591 1798 μου.

801 1828 887 1881 19.
919 1825 1036 1878 Tibi
1065 1825 1200 1878 dixit
1231 1838 1324 1876 cor
1357 1835 1534 1874 meum
1562 1839 1573 1873 :
1609 1818 1899 1872 Dominum
1930 1831 2192 1886 quaeram.

2179 1855 2192 1870 .
2473 1817 2559 1870 19.
2586 1817 2674 1868 Σοὶ
2698 1813 2847 1868 εἶπεν
2879 1819 2909 1888 ἡ
2942 1817 3135 1889 καρδία
3173 1835 3268 1888 μου
3295 1832 3308 1845 ·
3348 1819 3550 1889 Κύριον
3580 1820 3822 1890 ζητήσω,

797 1919 887 1972 20.
926 1917 1227 1986 Εχαυὶεἱνὶι
1253 1924 1302 1969 te
1326 1913 1489 1982 facies
1519 1928 1668 1967 mea:
2329 1901 2372 1956 B

2329 1901 2372 1956 B
2461 1907 2549 1960 20.
2591 1909 2912 1979 Ἐξεζὴτησέ
2941 1927 3000 1961 σε
3023 1910 3084 1961 τὸ
3117 1910 3403 1980 πρόσωπόν
3439 1928 3538 1980 μου
3561 1928 3572 1941 ·

794 2008 881 2062 21.
918 2007 1128 2060 Faciem
1167 2014 1333 2068 luam,
1367 2002 1608 2066 Domino,
1645 2000 1943 2069 requiram.

2471 1999 2558 2052 21.
2594 1999 2665 2051 Τὸ
2695 1999 2980 2070 πρόσωπόν
3012 2017 3126 2064 σου,
3161 2002 3350 2071 Κύριε,
3387 2001 3621 2072 ζητήσω.

794 2100 883 2152 22.
916 2097 990 2150 Ne
1020 2107 1231 2151 avertas
1260 2097 1449 2149 faciem
1476 2106 1620 2148 tuam
1657 2108 1686 2144 a
1722 2109 1806 2144 me
1847 2109 1858 2144 :

2475 2092 2563 2146 22.
2596 2091 2685 2162 Μὴ
2714 2093 3057 2165 ἀποστρέψῃς
3084 2094 3142 2146 τὸ
3172 2094 3459 2165 πρόσωπόν
3493 2111 3585 2146 σου
3617 2094 3710 2145 ἀπ’
3753 2091 3886 2162 ἐμοῦ
3913 2109 3925 2121 ·

799 2191 888 2242 25.
922 2189 983 2242 Ει
1011 2204 1076 2242 ne
1106 2188 1343 2242 declines
1377 2187 1428 2238 in
1461 2185 1535 2236 ira
1566 2199 1594 2238 a
1631 2196 1786 2236 servo
1814 2191 1925 2235 tuo.

2471 2185 2560 2238 25.
2590 2186 2697 2238 Καὶ
2736 2186 2808 2256 μὴ
2841 2186 3090 2258 ἐκκλίνῃς
3123 2188 3180 2239 ἐν
3206 2187 3340 2258 ὀργῇ
3371 2187 3476 2239 ἀπὸ
3504 2186 3599 2239 τοῦ
3635 2185 3824 2239 δούλου
3851 2201 3961 2236 σου.

797 2283 888 2335 21.
922 2281 1150 2351 Adjntor
1181 2291 1330 2333 meus
1356 2288 1494 2343 esto,
1521 2294 1586 2331 ne
1615 2276 1960 2343 derelinquas
1996 2289 2117 2328 me:

2471 2276 2559 2329 24.
2588 2278 2788 2346 Βοηθός
2820 2295 2917 2348 μου
2946 2280 3125 2345 γενοῦ,
3165 2280 3238 2351 μὴ
3270 2278 3685 2350 ἁποσκορπίσῃς
3726 2295 3794 2348 με
3816 2292 3829 2306 ·

797 2371 885 2422 25.
921 2369 1105 2438 Neque
1137 2369 1403 2440 despicias
1431 2384 1536 2431 me,
1573 2367 1713 2421 Deus
1745 2364 1996 2419 salutaris
2020 2378 2194 2416 meus.

2471 2367 2560 2420 25.
2590 2368 2696 2418 Καὶ
2729 2368 2803 2438 μὴ
2829 2369 3196 2441 ἐγκαταλίπῃς
3222 2387 3310 2438 με,
3331 2371 3359 2420 ὁ
3392 2370 3522 2432 Θεὸς
3545 2370 3572 2421 ὁ
3601 2369 3786 2438 σωτήρ
3814 2382 3930 2437 μου.

801 2461 889 2514 26.
917 2461 1183 2526 Quoniam
1233 2471 1386 2530 pater
1426 2476 1578 2516 mens
1626 2468 1678 2512 et
1724 2467 1896 2510 mater
1938 2471 2057 2509 mea
2100 2454 2296 2510 dereli-

2470 2457 2558 2510 26.
2603 2458 2774 2510 Ὀτιὸ
2815 2460 2996 2530 πατὴρ
3041 2477 3139 2531 μου
3170 2461 3325 2532 καὶὴ
3374 2462 3555 2534 μήτηρ
3603 2478 3702 2531 μου
3746 2459 3959 2528 ἐγκατέ-

734 2565 969 2624 queruut
1002 2569 1127 2606 me:

1033 2569 1088 2606 ie
1115 2571 1127 2606 :
2400 2545 2556 2599 λιπόν
2584 2564 2649 2617 με
2666 2564 2677 2576 ·

799 2645 888 2698 27.
929 2643 1189 2698 Dominus
1222 2652 1399 2697 autem
1431 2642 1724 2709 assumpsit
1754 2655 1859 2695 me.

1845 2677 1859 2693 .
2469 2637 2558 2691 27.
2607 2640 2663 2690 Ὁ
2687 2639 2742 2693 δὲ
2769 2639 2971 2712 Κύριος
3003 2643 3368 2713 προσελάϐετό
3395 2660 3482 2713 με.

797 2736 887 2792 28.
925 2735 1117 2803 Legem
1150 2750 1286 2804 pone
1316 2735 1468 2800 mihi,
1503 2733 1752 2798 Domine,
1783 2733 1837 2786 in
1868 2733 1952 2786 via
1992 2740 2080 2784 tua
2110 2748 2122 2783 :

2473 2727 2562 2780 28.
2591 2729 2966 2802 Νομοθέτησόν
2995 2751 3084 2803 με,
3112 2734 3303 2805 Κύριε,
3338 2738 3394 2788 ἐν
3423 2737 3490 2806 τῇ
3521 2731 3629 2804 ὀδῷ
3660 2749 3776 2785 σου·

801 2848 876 2918 (τι)
907 2847 1004 2918 ῌίε
1037 2848 1235 2902 desinit
1268 2865 1320 2900 ιι.
1354 2848 1414 2900 11
1453 2847 1506 2900 in
1533 2846 1654 2918 coll.
1688 2845 1853 2918 Barb.

801 2917 874 2984 ib)
909 2917 971 2971 V.
1014 2919 1095 2979 16,
1129 2918 1352 2980 Θυσίαν,
1383 2926 1513 2979 etc.,
1540 2917 1618 2986 τῷ
1649 2917 1856 2988 Κυρίῳ.

803 2991 874 3060 (c)
912 2989 1053 3060 Πρὸς
1084 2989 1142 3040 σέ
1171 2989 1368 3043 desunt
1400 2989 1455 3040 in
1484 2989 1608 3041 cod.

1858 3099 2226 3156 ATHANASII
2258 3056 2841 3155 iurenpaan'rio.

801 3260 856 3323 9,
885 3259 970 3315 10.
997 3259 1237 3315 Gloriam
1264 3260 1403 3331 ejus.
2334 3266 2375 3322 C

2334 3266 2375 3322 C
2477 3256 2530 3321 9,
2571 3256 2655 3309 10.
2689 3256 2797 3327 Τὴν
2827 3255 2984 3321 δόξαν
3011 3256 3175 3310 αὑτοῦ
3209 3257 3307 3328 (1).

803 3351 889 3405 ll.
919 3349 984 3406 Ut
1013 3367 1094 3406 me
1123 3353 1418 3407 custodiret
1444 3352 1497 3405 in
1519 3350 1770 3422 puritate,
1791 3351 2029 3406 animam
2056 3361 2110 3405 et
2133 3365 2303 3404 mem-

2479 3350 2564 3402 11.
2594 3348 2883 3401 Φυλὰττειν
2917 3366 2984 3418 με
3035 3350 3093 3402 ἐν
3127 3350 3318 3421 ἁγνείᾳ
3341 3388 3355 3412 ,
3408 3349 3506 3421 τὴν
3540 3349 3718 3422 ψυχὴν
3760 3353 3853 3406 καὶ
3896 3354 3957 3405 τὰ

747 3441 838 3496 bra
874 3459 1014 3498 mea.

2408 3439 2542 3510 μέλη
2573 3457 2697 3510 μου.

806 3535 891 3588 12.
921 3533 1200 3590 lnlirmum
1227 3551 1312 3590 me
1334 3536 1570 3604 peccatis
1594 3535 1805 3590 sanavit
1826 3533 2086 3589 Dominus
2110 3534 2162 3587 in
2187 3533 2304 3603 ejus

2477 3530 2562 3584 12.
2607 3530 2959 3584 ’Λσθενοῦντὰ
2995 3549 3058 3601 με
3096 3533 3152 3583 ἐν
3202 3532 3496 3602 ἁμαρτίαις
3552 3533 3741 3587 ἰάσατο
3785 3536 3842 3587 ἐν
3889 3535 3957 3604 τῷ

737 3624 1024 3692 baptismo,
1053 3633 1107 3677 et
1149 3625 1384 3694 seipsum
1419 3642 1503 3680 me
1535 3627 1730 3681 induit.
1768 3625 1902 3680 Nam
1928 3626 2303 3696 baptisterium

2406 3624 2737 3696 βαπτίσματι
2765 3625 2952 3688 αὐτοῦ,
2998 3624 3092 3677 καὶ
3133 3625 3320 3677 ἑαυτόν
3367 3643 3433 3696 με
3482 3627 3718 3680 ἐνέδυσε.
3758 3628 3829 3679 Τὸ
3858 3627 3956 3699 γὰρ

737 3726 815 3770 est
848 3717 999 3770 locus
1027 3717 1378 3774 absconditus
1402 3719 1678 3774 Ecclesiae.

2405 3719 2762 3787 φωτιστήριον
2793 3718 3105 3788 ἀπόκρυψόν
3136 3719 3250 3769 ἐστι
3279 3718 3379 3786 τῆς
3423 3719 3768 3790 Ἐκκλησίας.

805 3810 889 3862 15.
925 3809 1235 3865 1Edificavit
1267 3828 1350 3866 me
1381 3813 1642 3868 Dominus
1677 3814 1732 3868 iu
1762 3813 1901 3882 ipso.

2478 3808 2561 3861 15.
2612 3807 2936 3877 ’ῼκοδόμησέ
2974 3824 3039 3877 με
3069 3810 3096 3858 ὁ
3123 3808 3322 3878 Κύριος
3353 3810 3407 3861 ἐν
3431 3809 3597 3879 αὐτῷ.

810 3899 896 3951 14.
935 3899 999 3952 Et
1031 3901 1301 3955 dominari
1336 3905 1569 3957 inimicis
1598 3904 1732 3957 meis
1765 3918 1848 3956 me
1883 3901 2032 3956 fecit.

2481 3899 2564 3952 M.
2606 3901 2823 3969 Ἀρχειν
2855 3915 2919 3968 με
2947 3899 3054 3951 τῶν
3084 3897 3290 3968 ἐχθρῶν
3317 3917 3414 3969 μου
3453 3901 3768 3972 πεποίηκεν.

805 3989 892 4044 15.
921 3989 1097 4046 Mente
1133 4008 1267 4062 pura
1321 3996 1620 4048 orationem
1658 4008 1829 4048 meam
1870 3993 1938 4047 ad
1969 4008 2091 4048 eum
2125 4001 2305 4046 trans-

2475 3988 2560 4042 15.
2611 3989 2696 4041 Ἐν
2733 3988 2946 4062 καθαρᾷ
2975 3989 3180 4060 διανοίᾳ
3223 4007 3323 4060 μου
3361 3991 3460 4062 τὴν
3504 3992 3668 4064 εὐχήν
3723 4011 3824 4063 μου
3871 3995 3958 4046 ἀν-

739 4079 888 4137 misi.

2405 4082 2502 4135 ἐπε
2512 4082 2626 4153 μψα
2647 4083 2810 4151 αὐτῷ.

813 4173 896 4226 16.
931 4171 1185 4227 Laudans
1218 4189 1363 4237 eum,
1391 4183 1443 4229 et
1487 4175 1728 4230 clamans
1765 4175 1817 4228 in
1849 4175 2208 4230 exsultatione
2239 4175 2304 4229 ad

2478 4175 2562 4228 16.
2599 4176 2773 4227 Αἰνῶν
2801 4175 2983 4238 αὐτὸν,
3036 4175 3129 4227 καὶ
3181 4173 3318 4245 βοῶν
3350 4177 3409 4228 ὲν
3465 4176 3783 4230 ἀγαλλιάσει
3830 4177 3956 4248 πρὶς

740 4263 944 4334 ipsum.
2408 4267 2588 4320 αὐτόν.

811 4355 898 4420 17,
934 4356 1016 4408 18.
1050 4352 1363 4409 Orationem
1401 4352 1586 4405 refert.

2477 4358 2563 4420 17,
2592 4357 2675 4413 18.
2712 4361 2983 4429 Διηγεῖται
3018 4360 3118 4431 τὴν
3146 4362 3309 4432 εὐχήν

813 4448 896 4502 19.
928 4447 1344 4516 Conglutiuatus
1378 4462 1500 4500 sum
1532 4445 1652 4498 tibi.

1469 4462 1500 4498 η
1532 4445 1652 4498 tibi.
2479 4448 2561 4503 19.
2599 4449 2984 4520 Συνεταξάμην
3009 4467 3109 4504 σοι.

803 4540 892 4602 20,
923 4539 1011 4593 21.
1041 4539 1232 4592 Anima
1265 4555 1381 4592 mea
1411 4538 1593 4592 videre
1622 4548 1671 4593 te
1700 4537 1994 4593 desiderat.

2476 4541 2564 4601 20,
2597 4541 2682 4592 21.
2732 4541 2793 4594 Ἠ
2826 4541 2967 4612 ψυχή
3006 4561 3106 4613 μου
3142 4543 3415 4615 θεωρῆσαί
3451 4562 3510 4598 σε
3541 4546 3822 4617 ἐπιθυμεῖ.

806 4631 896 4685 22.
928 4629 1004 4684 Ne
1025 4629 1240 4685 auferas
1267 4630 1526 4698 Spiritum
1565 4641 1813 4686 sanctum
1850 4639 2002 4685 tuum
2032 4646 2061 4684 a
2089 4647 2190 4686 me.
2328 4629 2376 4687 D

2328 4629 2376 4687 υ
2469 4631 2557 4684 22.
2592 4633 2682 4703 Μὴ
2714 4633 3003 4706 ἁντανὲλῃς
3063 4635 3123 4688 τὸ
3172 4637 3396 4706 Πνεῦμα
3427 4655 3518 4691 σου
3553 4638 3616 4691 τὸ
3664 4641 3817 4707 ἅγιον
3869 4640 3953 4692 ἀπ’

2411 4720 2564 4790 ἐμοῦ.

807 4808 896 4860 25.
932 4804 1008 4860 Ne
1043 4807 1215 4861 iratus
1247 4808 1524 4876 relinquas
1549 4823 1654 4862 me.

2478 4811 2565 4864 25.
2600 4813 2688 4884 Μὴ
2716 4814 2985 4885 ὀργισθεὶς
3020 4816 3093 4885 (3)
3126 4817 3522 4890 ἐγκαταλείψῃς
3556 4837 3644 4890 με.

809 4897 897 4961 21,
927 4899 1014 4952 25.
1049 4897 1232 4969 Neque
1274 4899 1485 4955 deficiat
1533 4900 1665 4954 mibi
1719 4900 1808 4953 lux
1864 4910 1957 4955 tua
1982 4941 1996 4965 ,
2033 4917 2100 4956 ne
2126 4917 2301 4958 czecus

2477 4900 2565 4963 24,
2595 4902 2682 4955 25.
2718 4904 2807 4974 Μὴ
2831 4904 3090 4977 ἐκκλείψῃ
3119 4904 3192 4977 (4)
3221 4906 3279 4958 τὸ
3316 4906 3429 4975 φῶς
3462 4925 3555 4960 σου
3577 4910 3674 4962 ἀπ’
3699 4909 3852 4980 ἐμοῦ,
3875 4910 3952 4962 ἵνα

741 4990 938 5045 emciar
969 4992 1022 5045 in
1059 4993 1266 5047 visione
1292 4995 1490 5048 mentis
1527 5010 1677 5049 meae.

2410 4991 2482 5062 μὴ
2509 4992 2770 5060 τυφλωθῶ
2802 4997 2879 5057 εἰς
2899 4996 3086 5066 ὅρασιν
3114 4998 3209 5067 τῆς
3234 4997 3471 5060 διανοίας
3508 5018 3632 5070 μου.

809 5077 898 5142 26,
932 5079 1020 5132 27.
1066 5079 1282 5134 Nullum
1325 5083 1587 5136 auxilium
1639 5100 1726 5140 me
1771 5084 2022 5148 habente,
2075 5086 2169 5141 tibi
2218 5100 2300 5138 me

2468 5081 2556 5146 26,
2592 5083 2679 5136 27.
2715 5085 2996 5154 Μηδεμίαν
3027 5088 3305 5158 ἀντίληψιν
3350 5089 3565 5160 ἔχοντος
3598 5092 3696 5165 (5),
3745 5095 3828 5148 σοὶ
3865 5110 3951 5149 πε-

742 5168 974 5222 vindica.

2410 5173 2685 5243 ριποίησαί
2718 5193 2804 5244 με.

811 5259 897 5313 28.
939 5257 1127 5315 Statue
1161 5273 1246 5313 me
1269 5259 1324 5312 in
1360 5257 1476 5328 lege
1506 5268 1616 5313 tua.

2478 5265 2567 5319 28.
2609 5269 2932 5339 Ἐπίστησόν
2967 5288 3034 5341 με
3057 5273 3147 5326 τὸν
3182 5274 3344 5344 νόμον
3379 5291 3471 5328 σου
3504 5275 3582 5346 (6)

1684 5432 1987 5496 Addenda
2017 5443 2076 5498 et
2126 5437 2500 5517 corrigenda
2532 5459 2607 5502 ex
2639 5445 2777 5505 cod.
2815 5445 3014 5507 Vatic.

819 5605 891 5672 (l)
923 5604 982 5656 In
1014 5605 1133 5660 cod.
1164 5623 1218 5661 n.
1244 5607 1296 5661 9.
1333 5613 1559 5659 tantum.
1589 5602 1652 5659 Ν.
1691 5605 1774 5659 10.
1811 5606 2114 5675 φυλάττειν.
2142 5625 2194 5662 n.
2224 5609 2307 5660 11.

759 5670 1109 5750 ’Δσθενοδντά
1138 5693 1225 5750 με,
1256 5686 1358 5750 et_c.
1395 5676 1658 5729 ἐνέδυσεν.
1697 5677 1761 5729 Ν.
1796 5677 1879 5730 12.
1939 5677 2010 5730 Τὸ
2047 5679 2174 5749 γάρ,
2206 5690 2308 5732 etc.

2300 5648 2307 5660 .
2608 5612 2879 5691 Ἐκλίψῃς,
2907 5629 3036 5682 etc.,
3071 5621 3155 5673 ἵνα
3185 5620 3257 5691 μὴ
3283 5620 3534 5692 τυφλωθῇ
3569 5625 3599 5694 η
3624 5626 3829 5696 ὅρασις,
3857 5636 3944 5681 etc.

2300 5718 2308 5731 .
2484 5681 2538 5748 (5
2587 5684 2700 5734 Μου
2729 5685 2959 5750 ἔχοντος,
2995 5693 3057 5744 σὺ
3087 5693 3424 5750 περιποιήσω
3451 5710 3574 5750 μου.

1137 5693 1225 5763 με,
1256 5686 1358 5763 εἰς.
1395 5676 1658 5729 ἐνέδυσεν.
1697 5677 1761 5729 Ν.
1796 5677 1879 5730 12.
1939 5677 2010 5730 Τὸ
2047 5679 2174 5749 γάρ,
2206 5690 2308 5732 etc.
2581 5681 2700 5763 2196
2729 5674 2959 5763 ζέοντος,
2995 5674 3057 5744 οἶ)
3087 5674 3424 5763 περιτέοιήᾶω
3451 5674 3574 5763 μόδ.

927 5745 1346 5867 ξιέχὴνξίηυτοῦι.
2059 5745 2067 5748 ⁷
2124 5745 2132 5749 ·
2476 5745 2550 5820 ('6)
2581 5745 2835 5826 τῴνόέίῳ
2868 5745 2975 5811 σὼ.

995 5833 1117 5867 ονισ
1155 5835 1174 5867 ε
1206 5835 1231 5871 ζ
1287 5835 1314 5866 (τ
1345 5834 1392 5867 C.
