4164 6486
709 406 808 465 747

775 525 830 581 3,
857 523 957 590 Qui
986 524 1278 593 loquuntur
1310 538 1495 591 pacem
1527 537 1648 576 cum
1681 523 1932 591 proximo
1955 539 2089 578 suo:

778 705 830 760 9.
861 704 994 758 Mala
1020 714 1197 759 autem
1238 705 1288 757 in
1320 705 1576 759 cordibus
1598 718 1809 759 eorum.

775 798 860 851 10.
887 798 960 851 Da
997 799 1122 861 illis,
1152 797 1395 862 Domine,
1421 795 1718 852 secundum
1754 811 1918 866 Opera
1951 812 2168 860 eorum,

781 891 864 942 11.
915 889 979 942 Et
1030 889 1324 944 secundum
1376 889 1673 957 nequitiam
1708 887 2156 943 adinventionum
2191 890 2270 959 ip-

706 998 917 1040 eorum.

778 1075 866 1130 12.
899 1074 1205 1127 Secundum
1234 1087 1396 1142 opera
1417 1089 1679 1128 manuum
1707 1088 1899 1128 corum
1927 1074 2104 1128 tribue
2131 1073 2265 1128 illis:

777 1166 863 1219 15.
896 1164 1075 1219 Redde
1114 1164 1518 1218 retributionem
1547 1180 1736 1219 eorum
1772 1165 1926 1234 ipsis.

776 1256 861 1308 14.
897 1254 1166 1321 Quoniam
1196 1269 1302 1308 non
1343 1255 1730 1310 intellexerunt
1760 1271 1923 1326 opera
1957 1256 2194 1320 Domini,

776 1350 862 1402 15.
898 1349 962 1402 Et
987 1350 1038 1401 in
1072 1363 1233 1416 opera
1264 1363 1523 1403 manuum
1550 1350 1663 1418 ejus
1698 1369 1708 1402 :

776 1441 864 1496 16.
893 1439 1142 1494 Destrues
1171 1440 1314 1506 illos,
1340 1450 1394 1494 et
1429 1456 1537 1494 non
1574 1440 1865 1496 aediﬁcabis
1900 1455 2016 1496 eos.

778 1623 862 1676 17.
907 1623 1225 1678 Benedictus
1258 1623 1539 1689 Dominus,
1568 1640 1827 1695 quoniam
1867 1625 2143 1680 exaudivit
2175 1640 2269 1678 vo-

705 1729 819 1768 cem
854 1715 1248 1785 deprecationis
1272 1731 1422 1771 mem.

775 1805 859 1858 18.
892 1805 1152 1861 Dominus
1180 1805 1396 1876 adjutor
1424 1822 1578 1862 meus
1602 1816 1656 1862 et
1691 1817 1963 1877 protector
1991 1826 2164 1865 meus.

1512 403 1567 458 S.
1611 401 1973 458 ATIIANASII
2015 403 2160 456 (ΠΨ.
2201 403 2378 460 PARS
2418 403 2505 457 ΙΙΙ.
2545 435 2612 442 -
2653 401 3073 457 ΕΧΕΟΕΤΙΟΑ.

3853 400 3950 458 718

2297 529 2342 583 Α
2439 523 2489 574 8.
2527 521 2646 573 Τῶν
2677 520 2976 574 λαλούντων
3005 520 3229 589 εἰρήνην
3259 518 3400 588 μετὰ
3429 518 3534 572 τῶν
3584 517 3832 589 πλησίων
3859 518 3952 571 αὑ-

2378 632 2507 666 των’

2445 707 2498 760 9.
2528 704 2688 757 Κακὰ
2715 705 2769 756 δὲ
2803 707 2860 757 ὲν
2886 705 3004 766 ταῖς
3033 703 3278 774 καρδίαις
3298 703 3496 755 αὑτῶν.

2447 797 2533 851 10.
2562 797 2660 859 Δὸς
2690 797 2890 861 αὑτοῖς,
2914 795 3108 866 Κύριε,
3146 795 3287 848 κατὰ
3312 795 3380 847 τὰ
3403 795 3540 866 ἔργα
3562 794 3768 856 αὐτῶν,

2448 889 2532 942 11.
2571 888 2678 942 Kal
2717 887 2855 940 κατὰ
2905 886 3002 957 τὴν
3055 886 3318 956 πονηρίαν
3356 885 3462 939 τῶν
3503 884 3950 955 ἐπιτηδευμάτων

2375 981 2576 1036 αὑτῶν.

2444 1073 2530 1125 12.
2566 1071 2722 1125 Κατὰ
2751 1069 2817 1122 τὰ
2847 1068 2982 1140 ἔργα
3005 1067 3111 1122 τῶν
3135 1067 3332 1138 χειρῶν
3361 1067 3538 1121 αὑτῶν
3568 1068 3656 1130 δὸς
3683 1065 3872 1127 αὑτοῖς
3892 1079 3909 1096 ο

2445 1166 2532 1222 13.
2575 1164 2793 1226 Ἀπόδος
2812 1163 2871 1214 τὸ
2897 1162 3242 1230 ἀνταπόδομα
3272 1160 3449 1213 αὐτῶν
3474 1161 3680 1222 αὐτοῖς.

2443 1257 2528 1309 14.
2560 1257 2680 1308 Ὀτι
2711 1255 2771 1308 οὑ
2799 1255 3037 1323 συνῆκαν
3066 1255 3144 1316 εἰς
3171 1255 3240 1306 τὰ
3265 1254 3400 1325 ἔργα
3435 1253 3640 1326 Κυρίου
3664 1293 3679 1315 ,

2444 1347 2530 1400 15.
2567 1347 2674 1401 Kal
2704 1349 2782 1410 είς
2811 1347 2879 1400 τὰ
2906 1347 3041 1416 ἔργα
3069 1347 3177 1400 τῶν
3205 1346 3404 1417 χειρῶν
3443 1345 3630 1401 αὑτοῦ.

2446 1439 2531 1491 16.
2569 1439 2829 1503 Καθελεῖς
2863 1439 3078 1504 αὑτοὺς,
3115 1440 3210 1493 καὶ
3232 1440 3292 1491 οὑ
3330 1439 3404 1510 μὴ
3445 1438 3824 1509 οίκοδομήσεις
3852 1435 3948 1488 αὑ-

2445 1571 2530 1680 1ῗ7.
2558 1624 2857 1696 Εὐλογητὸς
2870 1625 3093 1698 Κύριος,
3115 1627 3197 1680 ὅτι
3226 1627 3510 1697 είσήκουσε
3528 1627 3626 1696 τῆς
3643 1625 3830 1696 φωνῆς
3849 1626 3944 1695 τῆς

2370 1719 2608 1790 δεήσεως
2640 1737 2762 1791 μου.

2445 1811 2530 1865 18.
2573 1811 2773 1879 Κύριος
2807 1810 2998 1882 βοηθός
3024 1828 3126 1882 μου
3155 1811 3248 1865 καὶ
3278 1809 3690 1883 ὑπερασπιστὴς
3725 1828 3847 1880 μου.

771 1897 863 1953 .19.
899 1896 953 1950 In
985 1899 1101 1966 ipso
1129 1900 1365 1968 speravit
1390 1915 1485 1954 cor
1521 1915 1725 1966 meum,
1760 1912 1815 1957 et
1846 1903 2067 1974 adjutus
2099 1920 2220 1959 sum
2256 1924 2268 1958 :
2301 1882 2344 1935 Β
2446 1901 2533 1957 19.
2577 1902 2692 1954 Ἐπ’

2301 1882 2344 1935 Β
2446 1901 2533 1957 19.
2577 1902 2692 1954 Ἐπ’
2719 1901 2868 1972 αὑτῷ
2898 1900 3179 1974 ἠλπισενη
3209 1882 3405 1972 καρδία
3437 1918 3560 1972 μου,
3596 1901 3692 1954 καὶ
3721 1900 3948 1971 ὲὸοηθή-

768 2083 863 2136 20.
895 2082 960 2137 Et
991 2084 1233 2140 reﬂoruit
1263 2101 1391 2141 caro
1423 2102 1543 2142 mea
1577 2105 1590 2142 :

771 2174 861 2229 21.
896 2173 961 2229 Ει
991 2191 1058 2229 ex
1089 2177 1368 2232 voluntate
1403 2193 1521 2233 mea
1549 2180 1850 2235 conﬁtebor
1883 2180 1954 2236 ei.

771 2268 862 2323 22.
894 2268 1158 2325 Dominus
1193 2270 1456 2325 fortitudo
1483 2272 1658 2341 plebis
1692 2288 1805 2327 sua:
1833 2291 1848 2336 ;

769 2361 862 2416 23.
890 2361 955 2416 Et
984 2372 1257 2432 protector
1276 2364 1638 2421 salvationum
1667 2364 1872 2420 Christi
1901 2365 1986 2421 sui
2019 2374 2121 2421 est.

772 2543 862 2598 21.
892 2543 1112 2598 Salvum
1146 2543 1230 2598 fac
1262 2545 1518 2615 populum
1538 2554 1717 2612 tuum,
1748 2545 1992 2611 Domine,
2021 2557 2074 2602 et
2105 2549 2268 2604 bene-

703 2633 789 2688 dic
829 2635 1127 2689 hatreditati
1164 2647 1290 2690 tum.

771 2725 860 2779 25.
895 2725 958 2780 Ει
989 2742 1112 2796 rege
1151 2741 1266 2792 eos,
1293 2735 1346 2782 et
1381 2726 1579 2783 extolle
1628 2727 1748 2783 illos
1792 2743 1969 2800 usque
2015 2729 2072 2783 in
2103 2739 2262 2785 teter-

703 2834 856 2873 num.

2377 1993 2510 2065 Θην·

2440 2083 2530 2139 20.
2564 2085 2671 2137 Kal
2692 2083 2949 2138 ἀνέθαλεν
2982 2085 3015 2155 ἡ
3051 2081 3188 2153 σάρξ
3221 2101 3361 2154 μουσ

2441 2180 2532 2234 21.
2565 2179 2674 2232 Kal
2699 2179 2763 2230 ὲκ
2790 2177 3093 2247 θελήματός
3133 2195 3234 2248 μου
3283 2175 3750 2248 ὲξομολογήσομαι
3782 2177 3928 2248 αὑτῷ

2439 2274 2531 2327 22.
2560 2272 2762 2342 Κύριος
2787 2271 3111 2343 κραταίωμα
3139 2269 3232 2323 τοῦ
3267 2269 3398 2323 λαοῦ
3426 2269 3591 2322 αὑτοῦ
3615 2286 3630 2298 ·

2441 2364 2530 2419 23.
2568 2366 2676 2417 Καὶ
2705 2363 3116 2433 ὑπερασπιστὴς
3150 2362 3258 2415 τῶν
3276 2361 3559 2433 σωτηρίων
3594 2361 3689 2415 τοῦ
3713 2361 3948 2433 Χριστοῦ

2374 2455 2537 2510 αὑτοῦ
2562 2458 2728 2508 ἐστιν.

2442 2548 2532 2603 24.
2565 2547 2745 2600 Σῶσον
2767 2545 2856 2600 τὸν
2882 2545 3008 2600 λαόν
3043 2563 3158 2609 σου,
3181 2545 3275 2598 κα1¹
3305 2543 3600 2615 εὑλόγησον
3626 2545 3726 2617 τὴν
3755 2545 3949 2616 κληρο-

2379 2642 2565 2712 νομίαν
2597 2657 2713 2695 σου.

2442 2733 2532 2786 25.
2565 2733 2673 2786 Kal
2694 2731 2955 2804 ποίμανον
2989 2732 3206 2800 αὑτοὺς,
3233 2729 3331 2787 καὶ
3359 2730 3562 2804 ἑπαρον
3588 2731 3793 2794 αὐτοὺς
3846 2730 3946 2794 ἕως

2372 2823 2468 2877 τοῦ
2499 2824 2715 2889 αἰῶνος.

1813 2994 2186 3051 ATHANASII
2227 2995 2812 3053 INTERPRETATIO.

776 3175 830 3238 7,
878 3175 930 3229 9.
987 3174 1122 3228 (lum
1182 3175 1554 3243 daemonibus,
1606 3185 1662 3232 et
1704 3177 2040 3246 hypocritis,
2082 3184 2137 3229 et
2180 3175 2262 3230 in-
2294 3181 2337 3239 c
2440 3177 2549 3243 7,9.
2581 3177 2702 3231 Τῶν

2297 3181 2337 3239 C
2440 3177 2549 3243 7,9.
2581 3177 2702 3231 Τῶν
2715 3177 3002 3248 δαιμόνων,
3021 3179 3114 3232 καὶ
3135 3179 3466 3251 ὑποκριτῶν,
3487 3177 3583 3232 καὶ
3607 3178 3938 3249 μανιαστῶν.

704 3283 877 3323 sanis.

775 3359 861 3414 10.
891 3353 1356 3422 Quemadmodum
1399 3351 1641 3421 duplices
1669 3361 1818 3416 sunt,
1847 3353 1912 3408 da
1953 3353 2059 3411 illis
2086 3355 2266 3427 dupli-

703 3467 820 3508 cem
848 3449 1215 3503 amictioncm.

774 3544 864 3598 11.
893 3541 1198 3595 Secundum
1240 3539 1534 3608 injustitias
1558 3551 1767 3592 eorum.

779 3634 867 3697 12,
897 3634 982 3688 15.
1016 3632 1488 3699 Quemadmodum
1528 3639 1930 3685 consueverunt
1980 3632 2122 3687 mala
2157 3635 2271 3688 sin-

707 3729 848 3802 gulis
870 3728 1023 3792 dare,
1053 3728 1125 3780 ita
1150 3727 1218 3779 da
1248 3725 1402 3794 ipsis.

777 3822 864 3884 14,
904 3820 990 3874 15.
1022 3817 1290 3884 Quoniam
1325 3831 1425 3872 nec
1454 3833 1618 3889 opera
1639 3818 1856 3875 Domini
1893 3820 2034 3876 scire
2059 3820 2266 3885 volunt,

709 3929 808 3969 nec
828 3912 1035 3983 judicia
1055 3911 1195 3980 ejus.

787 4007 866 4060 16.
915 4003 1189 4061 Percuties
1225 4018 1343 4070 eos,
1393 4013 1447 4061 et
1497 4020 1605 4061 non
1651 4005 1915 4072 sanabis;
1971 4021 2078 4060 non
2126 4019 2270 4060 enim

709 4098 1073 4169 pmnitebunt.

781 4194 865 4245 17.
899 4192 1210 4246 Benedictus
1249 4190 1531 4258 Dominus,
1557 4191 1806 4260 quoniam
1833 4191 2073 4260 implevit
2102 4207 2272 4244 vocem

709 4285 1086 4352 deprecationis
1117 4299 1264 4338 mea.

782 4375 868 4429 18.
906 4374 1167 4428 Dominus
1203 4383 1492 4446 protegens
1532 4387 1640 4438 me,
1667 4382 1721 4429 et
1751 4373 2037 4442 insurgens
2076 4371 2130 4426 in
2172 4371 2275 4425 ini-

711 4466 882 4520 micos
909 4479 1082 4518 meos.

783 4555 867 4608 19.
899 4551 960 4606 Ei
991 4554 1230 4623 seipsum
1281 4553 1505 4608 tradidit
1533 4566 1630 4609 cor
1658 4567 1862 4617 meum,
1904 4560 1960 4607 et
1986 4549 2266 4606 conforta-
2303 4523 2346 4578 D

712 4660 825 4700 tum
858 4655 940 4700 est
967 4646 1034 4699 ab
1057 4662 1142 4700 eo.

780 4737 868 4790 20.
903 4738 960 4791 In
989 4738 1407 4792 resurrectione.

779 4830 870 4883 21.
907 4828 1156 4899 Prompte
1204 4831 1298 4885 tibi
1346 4833 1599 4898 serviam,
1645 4841 1698 4886 et
1747 4830 1958 4885 tradam
2004 4828 2272 4899 meipsum

711 4923 830 4980 tibi.

778 5014 869 5067 22.
908 5013 1169 5067 Dominus
1195 5014 1367 5069 virtus
1395 5010 1574 5081 populi
1604 5011 1711 5064 sui.

779 5109 868 5159 25.
905 5104 1225 5160 Sanctorum
1250 5104 1364 5158 Filii
1389 5104 1468 5159 sui
1493 5111 1762 5170 protector
1786 5111 1892 5157 est.

778 5198 867 5248 24.
902 5195 964 5249 Et
997 5210 1142 5250 nunc
1167 5205 1219 5248 et
1247 5196 1297 5247 in
1336 5193 1518 5246 futuro
1547 5192 1770 5246 sarculo.

779 5288 1141 5344 25.6lorilica
1175 5302 1269 5341 eos
1307 5288 1360 5339 in
1386 5300 1550 5356 regno
1582 5293 1699 5339 tuo.

2442 3353 2528 3408 10.
2560 3352 2635 3423 (1)
2664 3352 2862 3418 ΚαΘώς
2899 3356 3004 3408 είσι
3046 3354 3238 3421 δισσοὶ,
3265 3355 3354 3418 δὸς
3383 3355 3567 3420 αὐτοῖς
3608 3357 3791 3412 δισσὸν
3823 3357 3942 3410 σύν-

2373 3459 2613 3513 τριμμα.

2444 3535 2534 3589 11.
2562 3527 2758 3600 Κατως
2776 3538 2873 3600 τὰς
2897 3535 3107 3600 ἀδικίας
3130 3536 3328 3592 αὑτῶν.

2445 3627 2534 3691 12,
2567 3629 2652 3683 15.
2682 3629 2878 3693 Καθὼς
2918 3630 3129 3702 πονηρὰ
3170 3631 3424 3684 εἰώθασιν
3473 3633 3687 3703 ἑκάστῳ
3725 3632 3940 3694 διδόναι,

2372 3717 2544 3782 οὕτως
2564 3719 2652 3782 δὸς
2681 3721 2884 3782 αὑτοῖς.

2445 3812 2532 3876 14,
2570 3813 2656 3866 15.
2691 3813 2810 3865 Ὅτι
2835 3813 2970 3884 ἔργα
2995 3813 3199 3885 Κυρίου
3226 3813 3421 3868 ειδέναι
3444 3817 3503 3869 οὑ
3536 3817 3800 3881 Θέλουσιν,
3827 3817 3944 3871 οὐδὲ

2372 3902 2441 3954 τὰ
2475 3901 2818 3972 δικαιώματα
2848 3902 3032 3956 αὑτοῦ.

2447 3994 2536 4048 16.
2595 3995 2860 4060 Πατάξεις
2904 3995 3120 4059 αὐτοὺς,
3162 3996 3259 4051 καὶ
3319 3997 3378 4050 οὑ
3429 3997 3504 4069 μὴ
3534 3999 3694 4070 ίάσῃ·
3736 4000 3797 4052 οὑ
3838 3999 3942 4070 γὰρ

2378 4088 2803 4158 μετανοήσουσιν
2836 4088 2935 4157 (2).

2447 4178 2532 4232 17.
2561 4178 2900 4248 Εὐλογητὸς
2917 4179 3150 4248 Κύριος,
3176 4179 3263 4234 ὅτι
3282 4179 3566 4252 ἐπλήρωσε
3596 4181 3714 4250 τὴν
3739 4182 3944 4252 φωνὴν

2375 4269 2484 4338 τῆς
2515 4269 2778 4337 δεήσεώς
2801 4288 2940 4341 μου.

2448 4360 2533 4413 18.
2566 4360 2768 4431 Κύριος
2816 4361 3031 4414 σκέπων
3088 4378 3177 4432 με,
3213 4361 3308 4415 καὶ
3361 4361 3789 4433 ἑπανιστάμενος
3833 4365 3942 4421 τοῖς

2379 4451 2592 4523 ἐχθροῖς
2616 4469 2738 4522 μου.

2447 4543 2532 4599 19.
2555 4542 2712 4612 Αὐτῷ
2741 4541 2937 4607 ἑαυτὴν
2971 4542 3231 4608 ἐξέδωκεν
3262 4545 3297 4615 ἡ
3325 4543 3522 4615 καρδία
3553 4561 3676 4615 μου,
3716 4547 3810 4601 καὶ
3868 4547 3940 4599 ὲν-

2376 4634 2694 4705 εδυναμώθη
2723 4636 2814 4689 ὑπ’
2835 4635 3020 4691 αὑτοῦ.

2437 4726 2534 4782 20.
2581 4727 2669 4780 Ἐν
2696 4730 2761 4798 τῇ
2787 4729 3100 4783 ἀναστάσει.

2442 4819 2533 4872 21.
2595 4818 2896 4892 Προϐὑμως
2933 4820 3200 4874 δουλεύσω
3252 4838 3372 4887 σοι,
3433 4822 3529 4876 καὶ
3588 4821 3811 4875 ἐκδώσω
3860 4838 3935 4874 σοι

2375 4910 2607 4980 ἐμαυτόν
2634 4911 2733 4981 (3).

2450 5002 2541 5055 22.
2576 5002 2777 5073 Κύριος
2813 5003 3039 5075 δύναμις
3071 5005 3164 5059 τοῦ
3199 5005 3327 5058 λαοῦ
3357 5004 3545 5060 αὑτοῦ.

2449 5091 2539 5144 22.
2576 5093 2694 5145 Τῶν
2717 5094 2884 5161 ἁγίων
2901 5094 2992 5147 τοῦ
3016 5094 3144 5150 Υἱοῦ
3157 5096 3320 5149 αὑτοῦ
3340 5097 3754 5170 ὑπερασπιστῇς
3776 5101 3931 5151 ἐστιν.

2447 5183 2536 5235 21.
2575 5184 2682 5235 Καὶ
2721 5186 2776 5235 ἐν
2813 5185 2888 5255 τῷ
2917 5186 3010 5239 νῦν
3044 5188 3137 5240 καὶ
3175 5189 3232 5240 ὲν
3261 5187 3338 5258 τῷ
3368 5188 3614 5260 μέλλοντι
3641 5191 3816 5244 αἰῶνι.

2449 5275 2537 5328 25,
2569 5276 2798 5341 Δόξασον
2829 5279 3024 5344 αὐτοὺς
3053 5281 3110 5332 ὲν
3141 5283 3206 5352 τῇ
3241 5280 3488 5354 βασιλείᾳ
3521 5299 3638 5336 σου.

1656 5478 1962 5540 Addenda
1999 5487 2060 5542 et
2091 5481 2464 5561 corrigenda
2503 5499 2578 5543 ex
2611 5480 2748 5542 cod.
2789 5480 2989 5541 Yatic.

788 5679 860 5748 (1)
882 5677 946 5733 N.
978 5678 1067 5732 -10,
1096 5677 1255 5748 Καγᾲ
1272 5677 1358 5739 δὸς
1387 5679 1441 5729 ἐν
1465 5679 1580 5738 ταῖς
1598 5677 1844 5747 καρδίαις
1866 5675 2060 5728 αὐτῶν.
2084 5673 2152 5748 Ν..
2174 5675 2255 5726 11.

717 5744 908 5812 καθώς
945 5751 1066 5812 εἰσι,
1101 5759 1202 5801 ulc.
1247 5747 1309 5802 N.
1349 5749 1433 5801 12.
1475 5751 1628 5802 Κατὰ
1677 5744 1780 5809 ’τὰς
1838 5749 1970 5815 (non
2017 5744 2253 5809 καθώς).

714 5821 773 5869 Ν.
811 5820 894 5876 13,
927 5819 1118 5883 Καθὼς
1142 5820 1492 5888 πονηρά,ριρ.

2440 5679 2515 5742 (2)
2563 5678 2736 5750 Ἰἀσῃς
2767 5679 2964 5742 αὐτούς
2995 5696 3006 5709 ·
3032 5679 3092 5730 οὐ
3122 5677 3229 5747 γὰρ
3261 5694 3378 5747 μετ.

2439 5751 2513 5819 (5)
2546 5751 2822 5804 Δουλεύσω
2859 5769 2938 5803 σοι
2972 5750 3222 5819 ἐμαυτόν.
