  <div class='ocr_page' id='page_1' title='image "/cluster/home/n/w/nwhite01/storage/ocr_20150623/27/uva.x030474749/384.png"; bbox 0 0 4164 6496; ppageno 0'>
   <div class='ocr_carea' id='block_1_1' title="bbox 222 426 3453 506">
    <p class='ocr_par' dir='ltr' id='par_1_1' title="bbox 222 426 3453 506">
     <span class='ocr_line' id='line_1_1' title="bbox 222 426 3453 506; baseline -0.007 0"><span class='ocrx_word' id='word_1_1' title='bbox 222 451 332 506; x_wconf 79' lang='lat'><strong>749</strong></span> <span class='ocrx_word' id='word_1_2' title='bbox 1072 443 1160 498; x_wconf 84' lang='lat' dir='ltr'><strong>DE</strong></span> <span class='ocrx_word' id='word_1_3' title='bbox 1206 442 1479 498; x_wconf 82' lang='lat' dir='ltr'><strong>TITULIS</strong></span> <span class='ocrx_word' id='word_1_4' title='bbox 1518 437 1974 496; x_wconf 61' lang='grc' dir='ltr'>Ρελωιοιιυιι.</span> <span class='ocrx_word' id='word_1_5' title='bbox 2012 468 2081 478; x_wconf 85' lang='lat'><strong>—-—</strong></span> <span class='ocrx_word' id='word_1_6' title='bbox 2120 434 2312 490; x_wconf 65' lang='lat' dir='ltr'><strong>PSAL.</strong></span> <span class='ocrx_word' id='word_1_7' title='bbox 2358 432 2596 487; x_wconf 66' lang='lat' dir='ltr'><strong>XXVIII.</strong></span> <span class='ocrx_word' id='word_1_8' title='bbox 3348 426 3453 484; x_wconf 82' lang='lat'><strong>750</strong></span> 
     </span>
    </p>
   </div>
   <div class='ocr_carea' id='block_1_2' title="bbox 451 547 2095 632">
    <p class='ocr_par' dir='ltr' id='par_1_2' title="bbox 451 551 1868 632">
     <span class='ocr_line' id='line_1_2' title="bbox 451 551 1868 632; baseline -0.004 -11"><span class='ocrx_word' id='word_1_9' title='bbox 451 551 695 621; x_wconf 66' lang='grc' dir='ltr'><strong>(Ῐὶὶξωῦΐσ</strong></span> <span class='ocrx_word' id='word_1_10' title='bbox 738 562 813 629; x_wconf 79' lang='grc' dir='ltr'>τῷ</span> <span class='ocrx_word' id='word_1_11' title='bbox 841 562 1039 628; x_wconf 78' lang='grc' dir='ltr'><strong>Δαΰὶδ,</strong></span> <span class='ocrx_word' id='word_1_12' title='bbox 1066 563 1279 628; x_wconf 79' lang='grc' dir='ltr'><strong>ἐξόδου</strong></span> <span class='ocrx_word' id='word_1_13' title='bbox 1306 562 1562 632; x_wconf 78' lang='grc' dir='ltr'>σκηνῆς.</span> <span class='ocrx_word' id='word_1_14' title='bbox 1821 571 1868 621; x_wconf 70' lang='grc' dir='ltr'>Α</span> 
     </span>
    </p>
   </div>
   <div class='ocr_carea' id='block_1_3' title="bbox 1584 547 3228 632">
    <p class='ocr_par' dir='ltr' id='par_1_3' title="bbox 1821 547 3228 621">
     <span class='ocr_line' id='line_1_3' title="bbox 1821 547 3228 621; baseline -0.005 -11"><span class='ocrx_word' id='word_1_15' title='bbox 1821 571 1868 621; x_wconf 68' lang='grc' dir='ltr'>Α</span> <span class='ocrx_word' id='word_1_16' title='bbox 2114 554 2359 608; x_wconf 80' lang='lat' dir='ltr'><strong>Psalmus</strong></span> <span class='ocrx_word' id='word_1_17' title='bbox 2394 552 2583 613; x_wconf 83' lang='lat' dir='ltr'><strong>David,</strong></span> <span class='ocrx_word' id='word_1_18' title='bbox 2614 551 2787 603; x_wconf 74' lang='lat' dir='ltr'><strong>exitus</strong></span> <span class='ocrx_word' id='word_1_19' title='bbox 2812 566 2839 602; x_wconf 84' lang='lat' dir='ltr'><strong>e</strong></span> <span class='ocrx_word' id='word_1_20' title='bbox 2870 547 3228 603; x_wconf 76' lang='lat' dir='ltr'><strong>tabernaculo.</strong></span> 
     </span>
    </p>
   </div>
   <div class='ocr_carea' id='block_1_4' title="bbox 872 639 2937 712">
    <p class='ocr_par' dir='ltr' id='par_1_4' title="bbox 872 639 2937 712">
     <span class='ocr_line' id='line_1_4' title="bbox 872 639 2937 712; baseline -0.01 0"><span class='ocrx_word' id='word_1_21' title='bbox 872 660 1045 712; x_wconf 79' lang='grc' dir='ltr'><strong>ΨΔΛ.</strong></span> <span class='ocrx_word' id='word_1_22' title='bbox 1080 660 1215 711; x_wconf 68' lang='grc' dir='ltr'><strong>κη’.</strong></span> <span class='ocrx_word' id='word_1_23' title='bbox 2415 641 2617 696; x_wconf 76' lang='lat' dir='ltr'><strong>PSAL.</strong></span> <span class='ocrx_word' id='word_1_24' title='bbox 2651 639 2937 694; x_wconf 80' lang='lat' dir='ltr'><strong><em>XXVIII.</em></strong></span> 
     </span>
    </p>
   </div>
   <div class='ocr_carea' id='block_1_5' title="bbox 306 734 1950 821">
    <p class='ocr_par' dir='ltr' id='par_1_5' title="bbox 306 749 1352 821">
     <span class='ocr_line' id='line_1_5' title="bbox 306 749 1352 821; baseline -0.005 -15"><span class='ocrx_word' id='word_1_25' title='bbox 306 753 359 807; x_wconf 89' lang='lat'><strong>1.</strong></span> <span class='ocrx_word' id='word_1_26' title='bbox 401 752 685 820; x_wconf 77' lang='grc' dir='ltr'>Ἐνέγκατε</span> <span class='ocrx_word' id='word_1_27' title='bbox 711 749 789 820; x_wconf 83' lang='grc' dir='ltr'>τῷ</span> <span class='ocrx_word' id='word_1_28' title='bbox 816 750 1025 821; x_wconf 88' lang='grc' dir='ltr'>Κυρίῳ,</span> <span class='ocrx_word' id='word_1_29' title='bbox 1049 749 1153 802; x_wconf 78' lang='grc' dir='ltr'>υἱοὶ</span> <span class='ocrx_word' id='word_1_30' title='bbox 1185 749 1320 802; x_wconf 74' lang='grc' dir='ltr'>Θεοῦ</span> <span class='ocrx_word' id='word_1_31' title='bbox 1340 766 1352 779; x_wconf 93' lang='grc'><strong>·</strong></span> 
     </span>
    </p>
   </div>
   <div class='ocr_carea' id='block_1_6' title="bbox 1171 734 2815 821">
    <p class='ocr_par' dir='ltr' id='par_1_6' title="bbox 1185 734 2815 802">
     <span class='ocr_line' id='line_1_6' title="bbox 1185 734 2815 802; baseline -0.001 -12"><span class='ocrx_word' id='word_1_32' title='bbox 1185 749 1320 802; x_wconf 64' lang='grc' dir='ltr'><strong>θεοῦ</strong></span> <span class='ocrx_word' id='word_1_33' title='bbox 1340 766 1352 779; x_wconf 90' lang='grc'><strong>-</strong></span> <span class='ocrx_word' id='word_1_34' title='bbox 1968 737 2017 791; x_wconf 90' lang='grc'><strong>1.</strong></span> <span class='ocrx_word' id='word_1_35' title='bbox 2059 737 2257 791; x_wconf 79' lang='lat' dir='ltr'><strong>Atl&#39;ertc</strong></span> <span class='ocrx_word' id='word_1_36' title='bbox 2283 736 2533 801; x_wconf 89' lang='lat' dir='ltr'><strong>Domino,</strong></span> <span class='ocrx_word' id='word_1_37' title='bbox 2561 734 2653 789; x_wconf 83' lang='lat' dir='ltr'><strong>lilii</strong></span> <span class='ocrx_word' id='word_1_38' title='bbox 2683 734 2815 801; x_wconf 85' lang='lat' dir='ltr'><strong>Dei;</strong></span> 
     </span>
    </p>
   </div>
   <div class='ocr_carea' id='block_1_7' title="bbox 305 828 1949 914">
    <p class='ocr_par' dir='ltr' id='par_1_7' title="bbox 305 839 1415 914">
     <span class='ocr_line' id='line_1_7' title="bbox 305 839 1415 914; baseline -0.004 -15"><span class='ocrx_word' id='word_1_39' title='bbox 305 846 361 900; x_wconf 92' lang='grc'>2.</span> <span class='ocrx_word' id='word_1_40' title='bbox 404 845 690 913; x_wconf 78' lang='grc' dir='ltr'>Ἐνέγκατε</span> <span class='ocrx_word' id='word_1_41' title='bbox 710 839 789 914; x_wconf 78' lang='grc' dir='ltr'>τῷ</span> <span class='ocrx_word' id='word_1_42' title='bbox 827 842 1016 913; x_wconf 81' lang='grc' dir='ltr'><strong>Κυρίῳ</strong></span> <span class='ocrx_word' id='word_1_43' title='bbox 1056 844 1203 907; x_wconf 76' lang='grc' dir='ltr'>υἱοὺς</span> <span class='ocrx_word' id='word_1_44' title='bbox 1226 843 1415 913; x_wconf 72' lang='grc' dir='ltr'>κριῶν.</span> 
     </span>
    </p>
   </div>
   <div class='ocr_carea' id='block_1_8' title="bbox 1308 828 2952 914">
    <p class='ocr_par' dir='ltr' id='par_1_8' title="bbox 1308 828 2952 896">
     <span class='ocr_line' id='line_1_8' title="bbox 1308 828 2952 896; baseline -0.006 -7"><span class='ocrx_word' id='word_1_45' title='bbox 1308 843 1415 896; x_wconf 67' lang='grc' dir='ltr'>ιὼν,</span> <span class='ocrx_word' id='word_1_46' title='bbox 1964 828 2017 882; x_wconf 86' lang='grc'><strong>2.</strong></span> <span class='ocrx_word' id='word_1_47' title='bbox 2046 829 2245 883; x_wconf 74' lang='lat' dir='ltr'><strong>Aﬂ’ertc</strong></span> <span class='ocrx_word' id='word_1_48' title='bbox 2276 828 2507 882; x_wconf 92' lang='lat' dir='ltr'><strong>Domino</strong></span> <span class='ocrx_word' id='word_1_49' title='bbox 2533 828 2676 882; x_wconf 84' lang='lat' dir='ltr'><strong>lilios</strong></span> <span class='ocrx_word' id='word_1_50' title='bbox 2702 828 2952 881; x_wconf 88' lang='lat' dir='ltr'><strong>arietum.</strong></span> 
     </span>
    </p>
   </div>
   <div class='ocr_carea' id='block_1_9' title="bbox 305 919 1949 1007">
    <p class='ocr_par' dir='ltr' id='par_1_9' title="bbox 305 934 1535 1007">
     <span class='ocr_line' id='line_1_9' title="bbox 305 934 1535 1007; baseline -0.004 -14"><span class='ocrx_word' id='word_1_51' title='bbox 305 941 359 994; x_wconf 79' lang='lat'><strong>3.</strong></span> <span class='ocrx_word' id='word_1_52' title='bbox 395 940 677 1007; x_wconf 76' lang='grc' dir='ltr'><strong>Ἐνέγκατε</strong></span> <span class='ocrx_word' id='word_1_53' title='bbox 705 936 781 1007; x_wconf 83' lang='grc' dir='ltr'>τῷ</span> <span class='ocrx_word' id='word_1_54' title='bbox 812 935 1001 1005; x_wconf 87' lang='grc' dir='ltr'>Κυρίῳ</span> <span class='ocrx_word' id='word_1_55' title='bbox 1029 934 1184 998; x_wconf 84' lang='grc' dir='ltr'>δόξαν</span> <span class='ocrx_word' id='word_1_56' title='bbox 1220 937 1314 988; x_wconf 76' lang='grc' dir='ltr'>καὶ</span> <span class='ocrx_word' id='word_1_57' title='bbox 1334 937 1499 1006; x_wconf 80' lang='grc' dir='ltr'>τιμήν</span> <span class='ocrx_word' id='word_1_58' title='bbox 1522 953 1535 967; x_wconf 73' lang='grc' dir='ltr'><strong>ο</strong></span> 
     </span>
    </p>
   </div>
   <div class='ocr_carea' id='block_1_10' title="bbox 1530 919 3174 1007">
    <p class='ocr_par' dir='ltr' id='par_1_10' title="bbox 1530 919 3174 988">
     <span class='ocr_line' id='line_1_10' title="bbox 1530 919 3174 988; baseline -0.002 -12"><span class='ocrx_word' id='word_1_59' title='bbox 1530 953 1535 967; x_wconf 71' lang='grc' dir='ltr'><strong>ι</strong></span> <span class='ocrx_word' id='word_1_60' title='bbox 1968 922 2021 975; x_wconf 72' lang='lat'><strong>3.</strong></span> <span class='ocrx_word' id='word_1_61' title='bbox 2058 920 2257 975; x_wconf 75' lang='lat' dir='ltr'><strong>Alferte</strong></span> <span class='ocrx_word' id='word_1_62' title='bbox 2284 919 2513 974; x_wconf 90' lang='lat' dir='ltr'><strong>Domino</strong></span> <span class='ocrx_word' id='word_1_63' title='bbox 2541 920 2766 988; x_wconf 77' lang='lat' dir='ltr'><strong>gloriam</strong></span> <span class='ocrx_word' id='word_1_64' title='bbox 2792 928 2845 973; x_wconf 87' lang='lat' dir='ltr'><strong>et</strong></span> <span class='ocrx_word' id='word_1_65' title='bbox 2872 920 3129 974; x_wconf 79' lang='lat' dir='ltr'><strong>honorem</strong></span> <span class='ocrx_word' id='word_1_66' title='bbox 3160 936 3174 973; x_wconf 90' lang='lat'><strong>:</strong></span> 
     </span>
    </p>
   </div>
   <div class='ocr_carea' id='block_1_11' title="bbox 304 1010 1948 1101">
    <p class='ocr_par' dir='ltr' id='par_1_11' title="bbox 304 1029 1651 1101">
     <span class='ocr_line' id='line_1_11' title="bbox 304 1029 1651 1101; baseline -0.001 -16"><span class='ocrx_word' id='word_1_67' title='bbox 304 1032 359 1086; x_wconf 96' lang='lat'><strong>4.</strong></span> <span class='ocrx_word' id='word_1_68' title='bbox 407 1032 691 1101; x_wconf 77' lang='grc' dir='ltr'>Ἐνέγκατε</span> <span class='ocrx_word' id='word_1_69' title='bbox 716 1029 793 1101; x_wconf 82' lang='grc' dir='ltr'><strong>τῷ</strong></span> <span class='ocrx_word' id='word_1_70' title='bbox 819 1030 1005 1101; x_wconf 80' lang='grc' dir='ltr'>Κυρίῳ</span> <span class='ocrx_word' id='word_1_71' title='bbox 1033 1029 1191 1095; x_wconf 78' lang='grc' dir='ltr'>δόξαν</span> <span class='ocrx_word' id='word_1_72' title='bbox 1213 1030 1434 1100; x_wconf 85' lang='grc' dir='ltr'>ὀνόματι</span> <span class='ocrx_word' id='word_1_73' title='bbox 1464 1029 1651 1083; x_wconf 73' lang='grc' dir='ltr'>αὐτοῦ’</span> 
     </span>
    </p>
   </div>
   <div class='ocr_carea' id='block_1_12' title="bbox 1531 1010 3175 1101">
    <p class='ocr_par' dir='ltr' id='par_1_12' title="bbox 1536 1010 3175 1083">
     <span class='ocr_line' id='line_1_12' title="bbox 1536 1010 3175 1083; baseline 0.002 -22"><span class='ocrx_word' id='word_1_74' title='bbox 1536 1029 1651 1083; x_wconf 59' lang='grc' dir='ltr'><strong>τοῦ.</strong></span> <span class='ocrx_word' id='word_1_75' title='bbox 1969 1013 2020 1065; x_wconf 80' lang='lat'><strong>4.</strong></span> <span class='ocrx_word' id='word_1_76' title='bbox 2051 1012 2247 1065; x_wconf 78' lang='lat' dir='ltr'><strong>Allerte</strong></span> <span class='ocrx_word' id='word_1_77' title='bbox 2269 1010 2500 1065; x_wconf 90' lang='lat' dir='ltr'><strong>Domino</strong></span> <span class='ocrx_word' id='word_1_78' title='bbox 2528 1012 2755 1081; x_wconf 79' lang='lat' dir='ltr'><strong>gloriam</strong></span> <span class='ocrx_word' id='word_1_79' title='bbox 2788 1011 2994 1065; x_wconf 85' lang='lat' dir='ltr'><strong>nomini</strong></span> <span class='ocrx_word' id='word_1_80' title='bbox 3027 1011 3175 1081; x_wconf 76' lang='lat' dir='ltr'><strong>ejus:</strong></span> 
     </span>
    </p>
   </div>
   <div class='ocr_carea' id='block_1_13' title="bbox 306 1104 1950 1196">
    <p class='ocr_par' dir='ltr' id='par_1_13' title="bbox 306 1120 1792 1196">
     <span class='ocr_line' id='line_1_13' title="bbox 306 1120 1792 1196; baseline -0.003 -18"><span class='ocrx_word' id='word_1_81' title='bbox 306 1125 361 1179; x_wconf 80' lang='lat'><strong>5.</strong></span> <span class='ocrx_word' id='word_1_82' title='bbox 386 1124 803 1196; x_wconf 80' lang='grc' dir='ltr'>Προσκυνήσατε</span> <span class='ocrx_word' id='word_1_83' title='bbox 840 1122 916 1191; x_wconf 80' lang='grc' dir='ltr'><strong>τῷ</strong></span> <span class='ocrx_word' id='word_1_84' title='bbox 935 1122 1120 1191; x_wconf 90' lang='grc' dir='ltr'>Κυρίῳ</span> <span class='ocrx_word' id='word_1_85' title='bbox 1153 1122 1211 1173; x_wconf 81' lang='grc' dir='ltr'>ἐν</span> <span class='ocrx_word' id='word_1_86' title='bbox 1243 1120 1379 1191; x_wconf 76' lang='grc' dir='ltr'>αὐλῇ</span> <span class='ocrx_word' id='word_1_87' title='bbox 1422 1121 1555 1192; x_wconf 81' lang='grc' dir='ltr'>ἁγίᾳ</span> <span class='ocrx_word' id='word_1_88' title='bbox 1610 1120 1792 1175; x_wconf 74' lang='grc' dir='ltr'>αὐτοῦ.</span> 
     </span>
    </p>
   </div>
   <div class='ocr_carea' id='block_1_14' title="bbox 1600 1104 3244 1196">
    <p class='ocr_par' dir='ltr' id='par_1_14' title="bbox 1610 1104 3244 1175">
     <span class='ocr_line' id='line_1_14' title="bbox 1610 1104 3244 1175; baseline 0.002 -18"><span class='ocrx_word' id='word_1_89' title='bbox 1610 1120 1792 1175; x_wconf 58' lang='grc' dir='ltr'><strong>αὑτοῦ,</strong></span> <span class='ocrx_word' id='word_1_90' title='bbox 1969 1108 2025 1159; x_wconf 86' lang='grc'><strong>5.</strong></span> <span class='ocrx_word' id='word_1_91' title='bbox 2052 1106 2287 1160; x_wconf 80' lang='lat' dir='ltr'><strong>Adorate</strong></span> <span class='ocrx_word' id='word_1_92' title='bbox 2312 1104 2600 1159; x_wconf 91' lang='lat' dir='ltr'><strong>Dominum</strong></span> <span class='ocrx_word' id='word_1_93' title='bbox 2633 1106 2686 1157; x_wconf 90' lang='lat' dir='ltr'><strong>in</strong></span> <span class='ocrx_word' id='word_1_94' title='bbox 2718 1106 2858 1159; x_wconf 88' lang='lat' dir='ltr'><strong>atrio</strong></span> <span class='ocrx_word' id='word_1_95' title='bbox 2888 1113 3078 1160; x_wconf 78' lang='lat' dir='ltr'><strong>saneto</strong></span> <span class='ocrx_word' id='word_1_96' title='bbox 3104 1106 3244 1175; x_wconf 85' lang='lat' dir='ltr'><strong>ejus.</strong></span> 
     </span>
    </p>
   </div>
   <div class='ocr_carea' id='block_1_15' title="bbox 305 1194 1949 1287">
    <p class='ocr_par' dir='ltr' id='par_1_15' title="bbox 305 1194 1305 1287">
     <span class='ocr_line' id='line_1_15' title="bbox 305 1194 1305 1287; baseline -0.005 -18"><span class='ocrx_word' id='word_1_97' title='bbox 305 1215 360 1269; x_wconf 82' lang='lat'><strong>6.</strong></span> <span class='ocrx_word' id='word_1_98' title='bbox 576 1215 780 1285; x_wconf 90' lang='grc' dir='ltr'>Κυρίου</span> <span class='ocrx_word' id='word_1_99' title='bbox 808 1214 900 1266; x_wconf 72' lang='grc' dir='ltr'><strong>ἐπὶ</strong></span> <span class='ocrx_word' id='word_1_100' title='bbox 921 1211 1029 1265; x_wconf 81' lang='grc' dir='ltr'><strong>τῶν</strong></span> <span class='ocrx_word' id='word_1_101' title='bbox 1063 1213 1270 1266; x_wconf 74' lang='grc' dir='ltr'>ὑδάτων</span> <span class='ocrx_word' id='word_1_102' title='bbox 1288 1230 1305 1246; x_wconf 81' lang='grc' dir='ltr'><strong>ο</strong></span> 
     </span>
    </p>
   </div>
   <div class='ocr_carea' id='block_1_16' title="bbox 1193 1194 2837 1287">
    <p class='ocr_par' dir='ltr' id='par_1_16' title="bbox 1194 1194 2837 1266">
     <span class='ocr_line' id='line_1_16' title="bbox 1194 1194 2837 1266; baseline 0.001 -20"><span class='ocrx_word' id='word_1_103' title='bbox 1194 1230 1305 1266; x_wconf 77' lang='grc' dir='ltr'>ων.</span> <span class='ocrx_word' id='word_1_104' title='bbox 1969 1198 2021 1250; x_wconf 79' lang='lat'><strong>6.</strong></span> <span class='ocrx_word' id='word_1_105' title='bbox 2051 1194 2167 1249; x_wconf 80' lang='lat' dir='ltr'><strong>Vox</strong></span> <span class='ocrx_word' id='word_1_106' title='bbox 2196 1195 2408 1249; x_wconf 84' lang='lat' dir='ltr'><strong>Domini</strong></span> <span class='ocrx_word' id='word_1_107' title='bbox 2440 1210 2605 1263; x_wconf 82' lang='lat' dir='ltr'><strong>super</strong></span> <span class='ocrx_word' id='word_1_108' title='bbox 2627 1210 2799 1263; x_wconf 82' lang='lat' dir='ltr'><strong>aquas</strong></span> <span class='ocrx_word' id='word_1_109' title='bbox 2825 1213 2837 1247; x_wconf 92' lang='lat'><strong><em>:</em></strong></span> 
     </span>
    </p>
   </div>
   <div class='ocr_carea' id='block_1_17' title="bbox 307 1286 1951 1375">
    <p class='ocr_par' dir='ltr' id='par_1_17' title="bbox 307 1303 1293 1375">
     <span class='ocr_line' id='line_1_17' title="bbox 307 1303 1293 1375; baseline -0.006 -12"><span class='ocrx_word' id='word_1_110' title='bbox 307 1309 359 1363; x_wconf 90' lang='lat'><strong>7.</strong></span> <span class='ocrx_word' id='word_1_111' title='bbox 404 1308 462 1362; x_wconf 86' lang='grc' dir='ltr'>ὐ</span> <span class='ocrx_word' id='word_1_112' title='bbox 496 1308 627 1371; x_wconf 78' lang='grc' dir='ltr'>Θεὸς</span> <span class='ocrx_word' id='word_1_113' title='bbox 658 1306 758 1375; x_wconf 85' lang='grc' dir='ltr'>τῆς</span> <span class='ocrx_word' id='word_1_114' title='bbox 778 1306 933 1374; x_wconf 77' lang='grc' dir='ltr'>δόξης</span> <span class='ocrx_word' id='word_1_115' title='bbox 967 1303 1259 1375; x_wconf 81' lang='grc' dir='ltr'>ὲὸρόντησε</span> <span class='ocrx_word' id='word_1_116' title='bbox 1279 1320 1293 1332; x_wconf 71' lang='grc'><strong>⁸</strong></span> 
     </span>
    </p>
   </div>
   <div class='ocr_carea' id='block_1_18' title="bbox 1182 1286 2826 1375">
    <p class='ocr_par' dir='ltr' id='par_1_18' title="bbox 1182 1286 2826 1375">
     <span class='ocr_line' id='line_1_18' title="bbox 1182 1286 2826 1375; baseline -0.006 -27"><span class='ocrx_word' id='word_1_117' title='bbox 1182 1322 1259 1375; x_wconf 58' lang='grc' dir='ltr'><strong>ισε</strong></span> <span class='ocrx_word' id='word_1_118' title='bbox 1279 1320 1293 1332; x_wconf 88' lang='lat'><strong>-</strong></span> <span class='ocrx_word' id='word_1_119' title='bbox 1970 1289 2019 1339; x_wconf 89' lang='lat'><strong>7.</strong></span> <span class='ocrx_word' id='word_1_120' title='bbox 2054 1286 2198 1341; x_wconf 82' lang='lat' dir='ltr'><strong>Deus</strong></span> <span class='ocrx_word' id='word_1_121' title='bbox 2227 1286 2527 1356; x_wconf 88' lang='lat' dir='ltr'><strong>majestatis</strong></span> <span class='ocrx_word' id='word_1_122' title='bbox 2551 1286 2787 1339; x_wconf 73' lang='lat' dir='ltr'><strong>intonuit</strong></span> <span class='ocrx_word' id='word_1_123' title='bbox 2812 1303 2826 1349; x_wconf 91' lang='lat'><strong>;</strong></span> 
     </span>
    </p>
   </div>
   <div class='ocr_carea' id='block_1_19' title="bbox 304 1378 1948 1471">
    <p class='ocr_par' dir='ltr' id='par_1_19' title="bbox 304 1395 1202 1471">
     <span class='ocr_line' id='line_1_19' title="bbox 304 1395 1202 1471; baseline -0.004 -18"><span class='ocrx_word' id='word_1_124' title='bbox 304 1400 358 1454; x_wconf 90' lang='lat'><strong>8.</strong></span> <span class='ocrx_word' id='word_1_125' title='bbox 387 1398 589 1471; x_wconf 86' lang='grc' dir='ltr'>Κύριος</span> <span class='ocrx_word' id='word_1_126' title='bbox 615 1399 706 1451; x_wconf 76' lang='grc' dir='ltr'><strong>ἐπὶ</strong></span> <span class='ocrx_word' id='word_1_127' title='bbox 738 1396 944 1450; x_wconf 78' lang='grc' dir='ltr'>ὑδάτων</span> <span class='ocrx_word' id='word_1_128' title='bbox 974 1395 1202 1450; x_wconf 84' lang='grc' dir='ltr'><strong>πολλῶν.</strong></span> 
     </span>
    </p>
   </div>
   <div class='ocr_carea' id='block_1_20' title="bbox 1311 1378 2955 1471">
    <p class='ocr_par' dir='ltr' id='par_1_20' title="bbox 1968 1378 2955 1449">
     <span class='ocr_line' id='line_1_20' title="bbox 1968 1378 2955 1449; baseline -0.003 -15"><span class='ocrx_word' id='word_1_129' title='bbox 1968 1379 2020 1434; x_wconf 92' lang='grc'><strong>8.</strong></span> <span class='ocrx_word' id='word_1_130' title='bbox 2053 1378 2317 1433; x_wconf 91' lang='lat' dir='ltr'><strong>Dominus</strong></span> <span class='ocrx_word' id='word_1_131' title='bbox 2346 1395 2509 1449; x_wconf 80' lang='lat' dir='ltr'><strong>super</strong></span> <span class='ocrx_word' id='word_1_132' title='bbox 2535 1394 2706 1447; x_wconf 84' lang='lat' dir='ltr'><strong>aquas</strong></span> <span class='ocrx_word' id='word_1_133' title='bbox 2736 1379 2955 1433; x_wconf 86' lang='lat' dir='ltr'><strong>multas.</strong></span> 
     </span>
    </p>
   </div>
   <div class='ocr_carea' id='block_1_21' title="bbox 306 1467 1950 1560">
    <p class='ocr_par' dir='ltr' id='par_1_21' title="bbox 306 1467 1069 1560">
     <span class='ocr_line' id='line_1_21' title="bbox 306 1467 1069 1560; baseline -0.008 -15"><span class='ocrx_word' id='word_1_134' title='bbox 306 1490 361 1545; x_wconf 89' lang='lat'><strong>9.</strong></span> <span class='ocrx_word' id='word_1_135' title='bbox 575 1487 779 1559; x_wconf 90' lang='grc' dir='ltr'>Κυρίου</span> <span class='ocrx_word' id='word_1_136' title='bbox 802 1488 859 1540; x_wconf 83' lang='grc' dir='ltr'>ὲν</span> <span class='ocrx_word' id='word_1_137' title='bbox 885 1486 1028 1557; x_wconf 74' lang='grc' dir='ltr'>ἰσχύϊ</span> <span class='ocrx_word' id='word_1_138' title='bbox 1049 1501 1069 1516; x_wconf 61' lang='grc'><strong><em>⁵</em></strong></span> 
     </span>
    </p>
   </div>
   <div class='ocr_carea' id='block_1_22' title="bbox 1147 1467 2791 1560">
    <p class='ocr_par' dir='ltr' id='par_1_22' title="bbox 1974 1467 2791 1525">
     <span class='ocr_line' id='line_1_22' title="bbox 1974 1467 2791 1525; baseline 0.002 -2"><span class='ocrx_word' id='word_1_139' title='bbox 1974 1469 2027 1523; x_wconf 90' lang='grc'><strong>9.</strong></span> <span class='ocrx_word' id='word_1_140' title='bbox 2062 1467 2179 1522; x_wconf 79' lang='lat' dir='ltr'><strong>Vox</strong></span> <span class='ocrx_word' id='word_1_141' title='bbox 2212 1468 2427 1522; x_wconf 88' lang='lat' dir='ltr'><strong>Domini</strong></span> <span class='ocrx_word' id='word_1_142' title='bbox 2456 1469 2509 1521; x_wconf 93' lang='lat' dir='ltr'><strong>in</strong></span> <span class='ocrx_word' id='word_1_143' title='bbox 2544 1468 2744 1523; x_wconf 87' lang='lat' dir='ltr'><strong>virtute</strong></span> <span class='ocrx_word' id='word_1_144' title='bbox 2777 1486 2791 1525; x_wconf 89' lang='lat'><strong>:</strong></span> 
     </span>
    </p>
   </div>
   <div class='ocr_carea' id='block_1_23' title="bbox 305 1558 1949 1652">
    <p class='ocr_par' dir='ltr' id='par_1_23' title="bbox 305 1558 1379 1652">
     <span class='ocr_line' id='line_1_23' title="bbox 305 1558 1379 1652; baseline -0.005 -17"><span class='ocrx_word' id='word_1_145' title='bbox 305 1582 395 1638; x_wconf 89' lang='lat'><strong>10.</strong></span> <span class='ocrx_word' id='word_1_146' title='bbox 601 1558 802 1651; x_wconf 84' lang='grc' dir='ltr'>Κυρίου</span> <span class='ocrx_word' id='word_1_147' title='bbox 837 1581 895 1632; x_wconf 79' lang='grc' dir='ltr'>ὲν</span> <span class='ocrx_word' id='word_1_148' title='bbox 922 1578 1379 1650; x_wconf 77' lang='grc' dir='ltr'>μεγαλοπρεπειᾳ.</span> 
     </span>
    </p>
   </div>
   <div class='ocr_carea' id='block_1_24' title="bbox 1360 1558 3004 1652">
    <p class='ocr_par' dir='ltr' id='par_1_24' title="bbox 1360 1558 3004 1630">
     <span class='ocr_line' id='line_1_24' title="bbox 1360 1558 3004 1630; baseline -0.002 -14"><span class='ocrx_word' id='word_1_149' title='bbox 1360 1618 1379 1630; x_wconf 29' lang='grc' dir='ltr'><strong>η,</strong></span> <span class='ocrx_word' id='word_1_150' title='bbox 1971 1561 2058 1615; x_wconf 89' lang='grc'><strong>10.</strong></span> <span class='ocrx_word' id='word_1_151' title='bbox 2093 1559 2205 1614; x_wconf 81' lang='lat' dir='ltr'><strong>Vox</strong></span> <span class='ocrx_word' id='word_1_152' title='bbox 2238 1559 2453 1613; x_wconf 84' lang='lat' dir='ltr'><strong>Domini</strong></span> <span class='ocrx_word' id='word_1_153' title='bbox 2490 1559 2544 1612; x_wconf 90' lang='lat' dir='ltr'><strong>in</strong></span> <span class='ocrx_word' id='word_1_154' title='bbox 2584 1558 3004 1629; x_wconf 80' lang='lat' dir='ltr'><strong>magniﬁcentia.</strong></span> 
     </span>
    </p>
   </div>
   <div class='ocr_carea' id='block_1_25' title="bbox 304 1652 1948 1743">
    <p class='ocr_par' dir='ltr' id='par_1_25' title="bbox 304 1669 1496 1743">
     <span class='ocr_line' id='line_1_25' title="bbox 304 1669 1496 1743; baseline -0.007 -16"><span class='ocrx_word' id='word_1_155' title='bbox 304 1673 393 1730; x_wconf 84' lang='lat'><strong>11.</strong></span> <span class='ocrx_word' id='word_1_156' title='bbox 426 1672 580 1743; x_wconf 61' lang='lat' dir='ltr'><strong>Qtnv‘lj</strong></span> <span class='ocrx_word' id='word_1_157' title='bbox 604 1671 807 1741; x_wconf 84' lang='grc' dir='ltr'>Κυρίου</span> <span class='ocrx_word' id='word_1_158' title='bbox 843 1669 1214 1741; x_wconf 79' lang='grc' dir='ltr'>συντρίϐοντος</span> <span class='ocrx_word' id='word_1_159' title='bbox 1237 1670 1463 1739; x_wconf 80' lang='grc' dir='ltr'>κέδρους</span> <span class='ocrx_word' id='word_1_160' title='bbox 1480 1686 1496 1702; x_wconf 78' lang='grc' dir='ltr'><strong>ο</strong></span> 
     </span>
    </p>
   </div>
   <div class='ocr_carea' id='block_1_26' title="bbox 1496 1652 3140 1743">
    <p class='ocr_par' dir='ltr' id='par_1_26' title="bbox 1971 1652 3140 1722">
     <span class='ocr_line' id='line_1_26' title="bbox 1971 1652 3140 1722; baseline -0.003 -13"><span class='ocrx_word' id='word_1_161' title='bbox 1971 1655 2059 1709; x_wconf 80' lang='grc'><strong>11.</strong></span> <span class='ocrx_word' id='word_1_162' title='bbox 2095 1652 2206 1707; x_wconf 81' lang='lat' dir='ltr'><strong>Vox</strong></span> <span class='ocrx_word' id='word_1_163' title='bbox 2238 1652 2451 1707; x_wconf 90' lang='lat' dir='ltr'><strong>Domini</strong></span> <span class='ocrx_word' id='word_1_164' title='bbox 2483 1652 2874 1722; x_wconf 78' lang='lat' dir='ltr'><strong>confringentis</strong></span> <span class='ocrx_word' id='word_1_165' title='bbox 2902 1652 3095 1706; x_wconf 90' lang='lat' dir='ltr'><strong>cedros</strong></span> <span class='ocrx_word' id='word_1_166' title='bbox 3127 1669 3140 1705; x_wconf 86' lang='lat'>:</span> 
     </span>
    </p>
   </div>
   <div class='ocr_carea' id='block_1_27' title="bbox 306 1743 1950 1834">
    <p class='ocr_par' dir='ltr' id='par_1_27' title="bbox 306 1758 1795 1834">
     <span class='ocr_line' id='line_1_27' title="bbox 306 1758 1795 1834; baseline -0.005 -16"><span class='ocrx_word' id='word_1_167' title='bbox 306 1764 396 1818; x_wconf 96' lang='grc'>12.</span> <span class='ocrx_word' id='word_1_168' title='bbox 427 1764 537 1818; x_wconf 70' lang='grc' dir='ltr'>Καὶ</span> <span class='ocrx_word' id='word_1_169' title='bbox 552 1761 827 1834; x_wconf 75' lang='grc' dir='ltr'>συντρίψει</span> <span class='ocrx_word' id='word_1_170' title='bbox 842 1760 1043 1830; x_wconf 85' lang='grc' dir='ltr'>Κύριος</span> <span class='ocrx_word' id='word_1_171' title='bbox 1058 1761 1156 1826; x_wconf 83' lang='grc' dir='ltr'><strong>τάς</strong></span> <span class='ocrx_word' id='word_1_172' title='bbox 1189 1760 1283 1813; x_wconf 84' lang='grc' dir='ltr'>κέδ</span> <span class='ocrx_word' id='word_1_173' title='bbox 1294 1776 1419 1831; x_wconf 88' lang='grc' dir='ltr'>ρους</span> <span class='ocrx_word' id='word_1_174' title='bbox 1440 1758 1532 1812; x_wconf 79' lang='grc' dir='ltr'><strong>τοῦ</strong></span> <span class='ocrx_word' id='word_1_175' title='bbox 1546 1758 1795 1812; x_wconf 78' lang='grc' dir='ltr'>Διδάνου·</span> 
     </span>
    </p>
   </div>
   <div class='ocr_carea' id='block_1_28' title="bbox 1618 1743 3262 1834">
    <p class='ocr_par' dir='ltr' id='par_1_28' title="bbox 1618 1743 3262 1816">
     <span class='ocr_line' id='line_1_28' title="bbox 1618 1743 3262 1816; baseline -0.008 -4"><span class='ocrx_word' id='word_1_176' title='bbox 1618 1758 1795 1812; x_wconf 76' lang='grc' dir='ltr'>δάνου·</span> <span class='ocrx_word' id='word_1_177' title='bbox 1973 1747 2060 1801; x_wconf 82' lang='grc'><strong>12.</strong></span> <span class='ocrx_word' id='word_1_178' title='bbox 2094 1745 2159 1800; x_wconf 84' lang='lat' dir='ltr'><strong>Et</strong></span> <span class='ocrx_word' id='word_1_179' title='bbox 2186 1743 2492 1816; x_wconf 79' lang='lat' dir='ltr'><strong>confringet</strong></span> <span class='ocrx_word' id='word_1_180' title='bbox 2520 1744 2782 1800; x_wconf 89' lang='lat' dir='ltr'><strong>Dominus</strong></span> <span class='ocrx_word' id='word_1_181' title='bbox 2816 1744 3005 1798; x_wconf 86' lang='lat' dir='ltr'><strong>cedros</strong></span> <span class='ocrx_word' id='word_1_182' title='bbox 3032 1743 3262 1800; x_wconf 74' lang='lat' dir='ltr'><strong>Libani:</strong></span> 
     </span>
    </p>
   </div>
   <div class='ocr_carea' id='block_1_29' title="bbox 308 1834 1952 1923">
    <p class='ocr_par' dir='ltr' id='par_1_29' title="bbox 308 1848 1798 1923">
     <span class='ocr_line' id='line_1_29' title="bbox 308 1848 1798 1923; baseline -0.004 -14"><span class='ocrx_word' id='word_1_183' title='bbox 308 1856 397 1910; x_wconf 78' lang='grc'>15.</span> <span class='ocrx_word' id='word_1_184' title='bbox 429 1855 539 1909; x_wconf 75' lang='grc' dir='ltr'>Καὶ</span> <span class='ocrx_word' id='word_1_185' title='bbox 566 1855 818 1910; x_wconf 87' lang='grc' dir='ltr'>λεπτυνεῖ</span> <span class='ocrx_word' id='word_1_186' title='bbox 855 1852 1024 1917; x_wconf 72' lang='grc' dir='ltr'>αὑτὰς</span> <span class='ocrx_word' id='word_1_187' title='bbox 1053 1852 1129 1916; x_wconf 83' lang='grc' dir='ltr'><strong>ὡς</strong></span> <span class='ocrx_word' id='word_1_188' title='bbox 1172 1851 1262 1905; x_wconf 86' lang='grc' dir='ltr'>τὸν</span> <span class='ocrx_word' id='word_1_189' title='bbox 1293 1851 1494 1923; x_wconf 81' lang='grc' dir='ltr'>μόσχον</span> <span class='ocrx_word' id='word_1_190' title='bbox 1524 1849 1617 1902; x_wconf 83' lang='grc' dir='ltr'>τοῦ</span> <span class='ocrx_word' id='word_1_191' title='bbox 1644 1848 1798 1922; x_wconf 77' lang='grc' dir='ltr'>[τὸν]</span> 
     </span>
    </p>
   </div>
   <div class='ocr_carea' id='block_1_30' title="bbox 1813 1834 3457 1923">
    <p class='ocr_par' dir='ltr' id='par_1_30' title="bbox 1972 1834 3457 1907">
     <span class='ocr_line' id='line_1_30' title="bbox 1972 1834 3457 1907; baseline 0.001 -16"><span class='ocrx_word' id='word_1_192' title='bbox 1972 1837 2061 1893; x_wconf 76' lang='lat'><strong>13.</strong></span> <span class='ocrx_word' id='word_1_193' title='bbox 2088 1836 2154 1892; x_wconf 85' lang='lat' dir='ltr'><strong>Et</strong></span> <span class='ocrx_word' id='word_1_194' title='bbox 2184 1838 2516 1893; x_wconf 83' lang='lat' dir='ltr'><strong>comminuet</strong></span> <span class='ocrx_word' id='word_1_195' title='bbox 2541 1851 2635 1892; x_wconf 86' lang='lat' dir='ltr'><strong>eas</strong></span> <span class='ocrx_word' id='word_1_196' title='bbox 2678 1845 2935 1907; x_wconf 79' lang='lat' dir='ltr'><strong>tanquam</strong></span> <span class='ocrx_word' id='word_1_197' title='bbox 2963 1835 3194 1891; x_wconf 82' lang='lat' dir='ltr'><strong>vitulum</strong></span> <span class='ocrx_word' id='word_1_198' title='bbox 3226 1834 3417 1891; x_wconf 87' lang='lat' dir='ltr'><strong>Libani</strong></span> <span class='ocrx_word' id='word_1_199' title='bbox 3442 1854 3457 1892; x_wconf 87' lang='lat'><strong>:</strong></span> 
     </span>
    </p>
   </div>
   <div class='ocr_carea' id='block_1_31' title="bbox 229 1929 1868 2001">
    <p class='ocr_par' dir='ltr' id='par_1_31' title="bbox 229 1929 1868 2001">
     <span class='ocr_line' id='line_1_31' title="bbox 229 1929 1868 2001; baseline -0.001 0"><span class='ocrx_word' id='word_1_200' title='bbox 229 1946 471 2001; x_wconf 74' lang='grc' dir='ltr'>Λιϐάνου</span> <span class='ocrx_word' id='word_1_201' title='bbox 490 1961 507 1977; x_wconf 77' lang='grc' dir='ltr'><strong>ο</strong></span> <span class='ocrx_word' id='word_1_202' title='bbox 1824 1929 1868 1984; x_wconf 84' lang='grc' dir='ltr'><strong>Β</strong></span> 
     </span>
    </p>
   </div>
   <div class='ocr_carea' id='block_1_32' title="bbox 307 2031 1951 2111">
    <p class='ocr_par' dir='ltr' id='par_1_32' title="bbox 307 2034 1652 2111">
     <span class='ocr_line' id='line_1_32' title="bbox 307 2034 1652 2111; baseline -0.001 -19"><span class='ocrx_word' id='word_1_203' title='bbox 307 2038 396 2094; x_wconf 81' lang='lat'><strong>14.</strong></span> <span class='ocrx_word' id='word_1_204' title='bbox 429 2039 539 2092; x_wconf 81' lang='lat' dir='ltr'><strong>Kal.</strong></span> <span class='ocrx_word' id='word_1_205' title='bbox 558 2039 587 2093; x_wconf 88' lang='grc' dir='ltr'><strong>ό</strong></span> <span class='ocrx_word' id='word_1_206' title='bbox 619 2038 970 2111; x_wconf 78' lang='grc' dir='ltr'>ἠγαπημένος</span> <span class='ocrx_word' id='word_1_207' title='bbox 994 2037 1070 2101; x_wconf 82' lang='grc' dir='ltr'><strong>ὡς</strong></span> <span class='ocrx_word' id='word_1_208' title='bbox 1098 2036 1215 2100; x_wconf 78' lang='grc' dir='ltr'>υίὸς</span> <span class='ocrx_word' id='word_1_209' title='bbox 1246 2034 1652 2107; x_wconf 83' lang='grc' dir='ltr'>μονοκερὼτων.</span> 
     </span>
    </p>
   </div>
   <div class='ocr_carea' id='block_1_33' title="bbox 1815 2031 3459 2111">
    <p class='ocr_par' dir='ltr' id='par_1_33' title="bbox 1971 2031 3459 2103">
     <span class='ocr_line' id='line_1_33' title="bbox 1971 2031 3459 2103; baseline 0.003 -15"><span class='ocrx_word' id='word_1_210' title='bbox 1971 2034 2059 2089; x_wconf 74' lang='grc'><strong>14.</strong></span> <span class='ocrx_word' id='word_1_211' title='bbox 2090 2031 2159 2088; x_wconf 82' lang='lat' dir='ltr'><strong>Et</strong></span> <span class='ocrx_word' id='word_1_212' title='bbox 2180 2032 2407 2089; x_wconf 84' lang='lat' dir='ltr'><strong>dilectus</strong></span> <span class='ocrx_word' id='word_1_213' title='bbox 2429 2034 2888 2103; x_wconf 84' lang='lat' dir='ltr'><strong>quemadmodum</strong></span> <span class='ocrx_word' id='word_1_214' title='bbox 2916 2034 3061 2090; x_wconf 80' lang='lat' dir='ltr'><strong>illius</strong></span> <span class='ocrx_word' id='word_1_215' title='bbox 3088 2036 3459 2092; x_wconf 85' lang='lat' dir='ltr'><strong>unicornium.</strong></span> 
     </span>
    </p>
   </div>
   <div class='ocr_carea' id='block_1_34' title="bbox 304 2125 1948 2200">
    <p class='ocr_par' dir='ltr' id='par_1_34' title="bbox 304 2126 1631 2200">
     <span class='ocr_line' id='line_1_34' title="bbox 304 2126 1631 2200; baseline 0.001 -19"><span class='ocrx_word' id='word_1_216' title='bbox 304 2127 395 2183; x_wconf 87' lang='lat'><strong>15.</strong></span> <span class='ocrx_word' id='word_1_217' title='bbox 429 2129 583 2199; x_wconf 61' lang='grc' dir='ltr'>Φωνὴ</span> <span class='ocrx_word' id='word_1_218' title='bbox 608 2128 813 2200; x_wconf 89' lang='grc' dir='ltr'>Κυρίου</span> <span class='ocrx_word' id='word_1_219' title='bbox 840 2127 1222 2191; x_wconf 82' lang='grc' dir='ltr'>διακόπτοντος</span> <span class='ocrx_word' id='word_1_220' title='bbox 1247 2126 1420 2195; x_wconf 80' lang='grc' dir='ltr'><strong>φλόγα</strong></span> <span class='ocrx_word' id='word_1_221' title='bbox 1439 2127 1631 2198; x_wconf 86' lang='grc' dir='ltr'>πυρός.</span> 
     </span>
    </p>
   </div>
   <div class='ocr_carea' id='block_1_35' title="bbox 1698 2125 3342 2200">
    <p class='ocr_par' dir='ltr' id='par_1_35' title="bbox 1972 2125 3342 2199">
     <span class='ocr_line' id='line_1_35' title="bbox 1972 2125 3342 2199; baseline 0.001 -18"><span class='ocrx_word' id='word_1_222' title='bbox 1972 2126 2063 2181; x_wconf 79' lang='grc'>15.</span> <span class='ocrx_word' id='word_1_223' title='bbox 2092 2126 2207 2182; x_wconf 73' lang='lat' dir='ltr'><strong>Vox</strong></span> <span class='ocrx_word' id='word_1_224' title='bbox 2237 2125 2453 2181; x_wconf 88' lang='lat' dir='ltr'><strong>Domini</strong></span> <span class='ocrx_word' id='word_1_225' title='bbox 2476 2126 2848 2181; x_wconf 86' lang='lat' dir='ltr'><strong>iutercidentis</strong></span> <span class='ocrx_word' id='word_1_226' title='bbox 2873 2125 3149 2181; x_wconf 86' lang='lat' dir='ltr'><strong>ﬂammam</strong></span> <span class='ocrx_word' id='word_1_227' title='bbox 3179 2128 3342 2199; x_wconf 90' lang='lat' dir='ltr'><strong>ignis.</strong></span> 
     </span>
    </p>
   </div>
   <div class='ocr_carea' id='block_1_36' title="bbox 306 2215 1950 2291">
    <p class='ocr_par' dir='ltr' id='par_1_36' title="bbox 306 2218 1443 2291">
     <span class='ocr_line' id='line_1_36' title="bbox 306 2218 1443 2291; baseline -0.001 -17"><span class='ocrx_word' id='word_1_228' title='bbox 306 2218 393 2275; x_wconf 87' lang='grc'><strong>16.</strong></span> <span class='ocrx_word' id='word_1_229' title='bbox 422 2220 578 2291; x_wconf 71' lang='grc' dir='ltr'>Φωνὴ</span> <span class='ocrx_word' id='word_1_230' title='bbox 603 2220 807 2291; x_wconf 85' lang='grc' dir='ltr'>Κυρίου</span> <span class='ocrx_word' id='word_1_231' title='bbox 834 2220 1168 2283; x_wconf 85' lang='grc' dir='ltr'>συσσείοντος</span> <span class='ocrx_word' id='word_1_232' title='bbox 1205 2218 1409 2290; x_wconf 64' lang='grc' dir='ltr'>ἔρημοι</span> <span class='ocrx_word' id='word_1_233' title='bbox 1428 2235 1443 2249; x_wconf 90' lang='grc'><strong>·</strong></span> 
     </span>
    </p>
   </div>
   <div class='ocr_carea' id='block_1_37' title="bbox 1540 2215 3184 2291">
    <p class='ocr_par' dir='ltr' id='par_1_37' title="bbox 1972 2215 3184 2274">
     <span class='ocr_line' id='line_1_37' title="bbox 1972 2215 3184 2274; baseline 0.002 -3"><span class='ocrx_word' id='word_1_234' title='bbox 1972 2216 2059 2271; x_wconf 88' lang='grc'><strong>16.</strong></span> <span class='ocrx_word' id='word_1_235' title='bbox 2092 2215 2210 2273; x_wconf 78' lang='lat' dir='ltr'><strong>Vox</strong></span> <span class='ocrx_word' id='word_1_236' title='bbox 2240 2215 2456 2273; x_wconf 88' lang='lat' dir='ltr'><strong>Domini</strong></span> <span class='ocrx_word' id='word_1_237' title='bbox 2479 2218 2841 2274; x_wconf 90' lang='lat' dir='ltr'><strong>concutientis</strong></span> <span class='ocrx_word' id='word_1_238' title='bbox 2868 2218 3143 2274; x_wconf 88' lang='lat' dir='ltr'><strong>desertum</strong></span> <span class='ocrx_word' id='word_1_239' title='bbox 3170 2237 3184 2273; x_wconf 93' lang='lat'><strong>:</strong></span> 
     </span>
    </p>
   </div>
   <div class='ocr_carea' id='block_1_38' title="bbox 1359 2333 2348 2391">
    <p class='ocr_par' dir='ltr' id='par_1_38' title="bbox 1359 2333 2348 2391">
     <span class='ocr_line' id='line_1_38' title="bbox 1359 2333 2348 2391; baseline -0.001 -1"><span class='ocrx_word' id='word_1_240' title='bbox 1359 2333 1721 2391; x_wconf 56' lang='grc' dir='ltr'>λτιιΑΝΑδιι</span> <span class='ocrx_word' id='word_1_241' title='bbox 1761 2333 2348 2391; x_wconf 78' lang='lat' dir='ltr'><strong>INTERPRETATIO.</strong></span> 
     </span>
    </p>
   </div>
   <div class='ocr_carea' id='block_1_39' title="bbox 316 2467 3464 2545">
    <p class='ocr_par' dir='ltr' id='par_1_39' title="bbox 316 2467 3464 2545">
     <span class='ocr_line' id='line_1_39' title="bbox 316 2467 3464 2545; baseline 0.002 -21"><span class='ocrx_word' id='word_1_242' title='bbox 316 2470 383 2524; x_wconf 84' lang='grc' dir='ltr'><strong><em>Ἦ</em></strong></span> <span class='ocrx_word' id='word_1_243' title='bbox 412 2469 742 2542; x_wconf 76' lang='grc' dir='ltr'>προκειμένη</span> <span class='ocrx_word' id='word_1_244' title='bbox 777 2470 1055 2541; x_wconf 75' lang='grc' dir='ltr'>ἐπιγραφὴ</span> <span class='ocrx_word' id='word_1_245' title='bbox 1093 2470 1332 2541; x_wconf 80' lang='grc' dir='ltr'>περιέχει</span> <span class='ocrx_word' id='word_1_246' title='bbox 1367 2470 1441 2540; x_wconf 88' lang='lat' dir='ltr'><strong>(l)</strong></span> <span class='ocrx_word' id='word_1_247' title='bbox 1460 2488 1472 2501; x_wconf 87' lang='grc'><strong>·</strong></span> <span class='ocrx_word' id='word_1_248' title='bbox 1511 2468 1752 2539; x_wconf 75' lang='grc' dir='ltr'>Ψαλμὸς</span> <span class='ocrx_word' id='word_1_249' title='bbox 1778 2467 1858 2534; x_wconf 80' lang='grc' dir='ltr'>τῷ</span> <span class='ocrx_word' id='word_1_250' title='bbox 1885 2468 2084 2535; x_wconf 78' lang='grc' dir='ltr'><strong>Δασὶδ,</strong></span> <span class='ocrx_word' id='word_1_251' title='bbox 2112 2469 2327 2533; x_wconf 82' lang='grc' dir='ltr'>ἐξόδου</span> <span class='ocrx_word' id='word_1_252' title='bbox 2355 2469 2593 2539; x_wconf 80' lang='grc' dir='ltr'><strong>σκηνῆς</strong></span> <span class='ocrx_word' id='word_1_253' title='bbox 2614 2488 2627 2501; x_wconf 90' lang='grc'><strong>·</strong></span> <span class='ocrx_word' id='word_1_254' title='bbox 2652 2470 2952 2534; x_wconf 81' lang='grc' dir='ltr'>τουτέστιν,</span> <span class='ocrx_word' id='word_1_255' title='bbox 2984 2472 3013 2524; x_wconf 87' lang='grc' dir='ltr'><strong>ό</strong></span> <span class='ocrx_word' id='word_1_256' title='bbox 3044 2470 3257 2542; x_wconf 54' lang='lat' dir='ltr'><strong>eam;</strong></span> <span class='ocrx_word' id='word_1_257' title='bbox 3277 2471 3354 2544; x_wconf 79' lang='grc' dir='ltr'><strong>τῷ</strong></span> <span class='ocrx_word' id='word_1_258' title='bbox 3388 2474 3464 2545; x_wconf 83' lang='grc'>(2)</span> 
     </span>
    </p>
   </div>
   <div class='ocr_carea' id='block_1_40' title="bbox 233 2559 3468 2643">
    <p class='ocr_par' dir='ltr' id='par_1_40' title="bbox 233 2559 3468 2643">
     <span class='ocr_line' id='line_1_40' title="bbox 233 2559 3468 2643; baseline 0.001 -24"><span class='ocrx_word' id='word_1_259' title='bbox 233 2566 399 2620; x_wconf 78' lang='grc' dir='ltr'>Δαϐὶδ</span> <span class='ocrx_word' id='word_1_260' title='bbox 420 2565 652 2639; x_wconf 74' lang='grc' dir='ltr'>εἴρηται,</span> <span class='ocrx_word' id='word_1_261' title='bbox 674 2565 800 2636; x_wconf 77' lang='grc' dir='ltr'>περὶ</span> <span class='ocrx_word' id='word_1_262' title='bbox 824 2559 899 2618; x_wconf 82' lang='grc' dir='ltr'>ὧν</span> <span class='ocrx_word' id='word_1_263' title='bbox 936 2565 1137 2633; x_wconf 72' lang='grc' dir='ltr'>ὀφείλει</span> <span class='ocrx_word' id='word_1_264' title='bbox 1160 2565 1389 2628; x_wconf 71' lang='grc' dir='ltr'>ἕκαστος</span> <span class='ocrx_word' id='word_1_265' title='bbox 1402 2565 1731 2637; x_wconf 85' lang='grc' dir='ltr'>προσφέρειν</span> <span class='ocrx_word' id='word_1_266' title='bbox 1751 2563 1891 2636; x_wconf 83' lang='grc' dir='ltr'>Θεῷ,</span> <span class='ocrx_word' id='word_1_267' title='bbox 1920 2564 1981 2619; x_wconf 80' lang='grc' dir='ltr'>τὸ</span> <span class='ocrx_word' id='word_1_268' title='bbox 2004 2565 2207 2634; x_wconf 77' lang='grc' dir='ltr'>ἀγαθὸν</span> <span class='ocrx_word' id='word_1_269' title='bbox 2228 2564 2358 2637; x_wconf 85' lang='grc' dir='ltr'>[τῶν</span> <span class='ocrx_word' id='word_1_270' title='bbox 2384 2564 2624 2638; x_wconf 76' lang='grc' dir='ltr'>ἀγαθῶν]</span> <span class='ocrx_word' id='word_1_271' title='bbox 2647 2568 2710 2619; x_wconf 79' lang='grc' dir='ltr'>ὲκ</span> <span class='ocrx_word' id='word_1_272' title='bbox 2738 2568 2839 2638; x_wconf 79' lang='grc' dir='ltr'>τῆς</span> <span class='ocrx_word' id='word_1_273' title='bbox 2867 2568 3088 2639; x_wconf 83' lang='grc' dir='ltr'><strong>καρδίας</strong></span> <span class='ocrx_word' id='word_1_274' title='bbox 3106 2568 3292 2634; x_wconf 80' lang='grc' dir='ltr'>αὑτοῦ,</span> <span class='ocrx_word' id='word_1_275' title='bbox 3322 2570 3468 2643; x_wconf 73' lang='grc' dir='ltr'>ἔργῳ</span> 
     </span>
    </p>
   </div>
   <div class='ocr_carea' id='block_1_41' title="bbox 232 2645 3459 2734">
    <p class='ocr_par' dir='ltr' id='par_1_41' title="bbox 232 2645 3459 2734">
     <span class='ocr_line' id='line_1_41' title="bbox 232 2645 3459 2734; baseline 0.002 -22"><span class='ocrx_word' id='word_1_276' title='bbox 232 2661 333 2713; x_wconf 76' lang='grc' dir='ltr'>ικαὶ</span> <span class='ocrx_word' id='word_1_277' title='bbox 353 2658 528 2729; x_wconf 78' lang='grc' dir='ltr'>λόγῳο</span> <span class='ocrx_word' id='word_1_278' title='bbox 561 2660 625 2711; x_wconf 81' lang='grc' dir='ltr'>ἑκ</span> <span class='ocrx_word' id='word_1_279' title='bbox 661 2659 769 2730; x_wconf 75' lang='grc' dir='ltr'><strong>γὰρ</strong></span> <span class='ocrx_word' id='word_1_280' title='bbox 800 2658 899 2727; x_wconf 84' lang='grc' dir='ltr'><strong>τῆς</strong></span> <span class='ocrx_word' id='word_1_281' title='bbox 931 2658 1157 2729; x_wconf 85' lang='grc' dir='ltr'>καρδίας</span> <span class='ocrx_word' id='word_1_282' title='bbox 1187 2659 1575 2729; x_wconf 68' lang='grc' dir='ltr'>ἐκπορεύονται</span> <span class='ocrx_word' id='word_1_283' title='bbox 1602 2661 1802 2715; x_wconf 74' lang='grc' dir='ltr'>πάντα.</span> <span class='ocrx_word' id='word_1_284' title='bbox 1835 2645 2123 2714; x_wconf 72' lang='grc' dir='ltr'>Διά’τοῦτο</span> <span class='ocrx_word' id='word_1_285' title='bbox 2147 2657 2300 2715; x_wconf 77' lang='grc' dir='ltr'>εἶπεν</span> <span class='ocrx_word' id='word_1_286' title='bbox 2326 2678 2341 2690; x_wconf 70' lang='grc'><strong><em>⁵</em></strong></span> <span class='ocrx_word' id='word_1_287' title='bbox 2388 2661 2636 2727; x_wconf 79' lang='grc' dir='ltr'>Ἐξόδου</span> <span class='ocrx_word' id='word_1_288' title='bbox 2654 2662 2911 2731; x_wconf 80' lang='grc' dir='ltr'>σκηνῆς,</span> <span class='ocrx_word' id='word_1_289' title='bbox 2946 2663 3087 2731; x_wconf 83' lang='grc' dir='ltr'>λέγω</span> <span class='ocrx_word' id='word_1_290' title='bbox 3121 2664 3184 2734; x_wconf 78' lang='grc' dir='ltr'>δὴ</span> <span class='ocrx_word' id='word_1_291' title='bbox 3204 2664 3274 2719; x_wconf 86' lang='grc' dir='ltr'><strong>τά</strong></span> <span class='ocrx_word' id='word_1_292' title='bbox 3304 2668 3459 2720; x_wconf 73' lang='grc' dir='ltr'>ἐκπο-</span> 
     </span>
    </p>
   </div>
   <div class='ocr_carea' id='block_1_42' title="bbox 236 2753 981 2825">
    <p class='ocr_par' dir='ltr' id='par_1_42' title="bbox 236 2753 981 2825">
     <span class='ocr_line' id='line_1_42' title="bbox 236 2753 981 2825; baseline -0.001 -18"><span class='ocrx_word' id='word_1_293' title='bbox 236 2754 510 2825; x_wconf 79' lang='grc' dir='ltr'>ρευόμενα</span> <span class='ocrx_word' id='word_1_294' title='bbox 530 2754 595 2805; x_wconf 80' lang='grc' dir='ltr'>ἐκ</span> <span class='ocrx_word' id='word_1_295' title='bbox 618 2753 715 2823; x_wconf 82' lang='grc' dir='ltr'>τῆς</span> <span class='ocrx_word' id='word_1_296' title='bbox 738 2753 981 2823; x_wconf 83' lang='grc' dir='ltr'>καρδίας.</span> 
     </span>
    </p>
   </div>
   <div class='ocr_carea' id='block_1_43' title="bbox 314 2870 3470 2945">
    <p class='ocr_par' dir='ltr' id='par_1_43' title="bbox 314 2870 3470 2945">
     <span class='ocr_line' id='line_1_43' title="bbox 314 2870 3470 2945; baseline 0.001 -20"><span class='ocrx_word' id='word_1_297' title='bbox 314 2870 532 2926; x_wconf 81' lang='lat' dir='ltr'><strong>Titulus</strong></span> <span class='ocrx_word' id='word_1_298' title='bbox 548 2871 871 2942; x_wconf 64' lang='lat' dir='ltr'><strong>praepositus</strong></span> <span class='ocrx_word' id='word_1_299' title='bbox 883 2872 1123 2929; x_wconf 87' lang='lat' dir='ltr'><strong>continet</strong></span> <span class='ocrx_word' id='word_1_300' title='bbox 1149 2894 1162 2929; x_wconf 93' lang='lat'>:</span> <span class='ocrx_word' id='word_1_301' title='bbox 1196 2872 1443 2928; x_wconf 75' lang='lat' dir='ltr'><strong>Psalmus</strong></span> <span class='ocrx_word' id='word_1_302' title='bbox 1470 2873 1661 2939; x_wconf 80' lang='lat' dir='ltr'><strong>David,</strong></span> <span class='ocrx_word' id='word_1_303' title='bbox 1684 2874 1857 2928; x_wconf 74' lang='lat' dir='ltr'><strong>exitus</strong></span> <span class='ocrx_word' id='word_1_304' title='bbox 1878 2891 1906 2929; x_wconf 77' lang='grc' dir='ltr'><strong>ε</strong></span> <span class='ocrx_word' id='word_1_305' title='bbox 1922 2873 2257 2929; x_wconf 76' lang='lat' dir='ltr'><strong>tabernaculo</strong></span> <span class='ocrx_word' id='word_1_306' title='bbox 2284 2890 2305 2929; x_wconf 91' lang='lat'><strong><em>:</em></strong></span> <span class='ocrx_word' id='word_1_307' title='bbox 2327 2889 2521 2945; x_wconf 85' lang='lat' dir='ltr'><strong>nempe</strong></span> <span class='ocrx_word' id='word_1_308' title='bbox 2544 2873 2795 2931; x_wconf 89' lang='lat' dir='ltr'><strong>Psalmus</strong></span> <span class='ocrx_word' id='word_1_309' title='bbox 2817 2889 2847 2929; x_wconf 89' lang='lat' dir='ltr'><strong>a</strong></span> <span class='ocrx_word' id='word_1_310' title='bbox 2863 2873 3065 2930; x_wconf 83' lang='lat' dir='ltr'><strong>Davide</strong></span> <span class='ocrx_word' id='word_1_311' title='bbox 3092 2874 3269 2929; x_wconf 85' lang='lat' dir='ltr'><strong>dictus</strong></span> <span class='ocrx_word' id='word_1_312' title='bbox 3293 2882 3377 2930; x_wconf 88' lang='lat' dir='ltr'><strong>est</strong></span> <span class='ocrx_word' id='word_1_313' title='bbox 3401 2874 3470 2928; x_wconf 90' lang='lat' dir='ltr'><strong>de</strong></span> 
     </span>
    </p>
   </div>
   <div class='ocr_carea' id='block_1_44' title="bbox 234 2968 3471 3045">
    <p class='ocr_par' dir='ltr' id='par_1_44' title="bbox 234 2968 3471 3045">
     <span class='ocr_line' id='line_1_44' title="bbox 234 2968 3471 3045; baseline 0.001 -22"><span class='ocrx_word' id='word_1_314' title='bbox 234 2968 305 3025; x_wconf 87' lang='lat' dir='ltr'><strong>iis</strong></span> <span class='ocrx_word' id='word_1_315' title='bbox 344 2985 466 3041; x_wconf 75' lang='lat' dir='ltr'><strong>qua:</strong></span> <span class='ocrx_word' id='word_1_316' title='bbox 508 2970 739 3042; x_wconf 88' lang='lat' dir='ltr'><strong>quisque</strong></span> <span class='ocrx_word' id='word_1_317' title='bbox 775 2973 933 3029; x_wconf 90' lang='lat' dir='ltr'><strong>debet</strong></span> <span class='ocrx_word' id='word_1_318' title='bbox 977 2974 1171 3029; x_wconf 77' lang='lat' dir='ltr'><strong>oli‘erre</strong></span> <span class='ocrx_word' id='word_1_319' title='bbox 1220 2974 1351 3041; x_wconf 70' lang='lat' dir='ltr'><strong>Duo,</strong></span> <span class='ocrx_word' id='word_1_320' title='bbox 1388 2975 1528 3029; x_wconf 85' lang='lat' dir='ltr'><strong>bona</strong></span> <span class='ocrx_word' id='word_1_321' title='bbox 1570 2989 1634 3028; x_wconf 81' lang='lat' dir='ltr'><strong>ex</strong></span> <span class='ocrx_word' id='word_1_322' title='bbox 1696 2973 1862 3029; x_wconf 87' lang='lat' dir='ltr'><strong>corde</strong></span> <span class='ocrx_word' id='word_1_323' title='bbox 1906 2989 2031 3042; x_wconf 85' lang='lat' dir='ltr'><strong>suo,</strong></span> <span class='ocrx_word' id='word_1_324' title='bbox 2067 2988 2229 3045; x_wconf 81' lang='lat' dir='ltr'><strong>Opere</strong></span> <span class='ocrx_word' id='word_1_325' title='bbox 2260 2980 2315 3028; x_wconf 88' lang='lat' dir='ltr'><strong>et</strong></span> <span class='ocrx_word' id='word_1_326' title='bbox 2340 2988 2590 3030; x_wconf 85' lang='lat' dir='ltr'><strong>sermone</strong></span> <span class='ocrx_word' id='word_1_327' title='bbox 2617 2990 2632 3038; x_wconf 89' lang='lat'><strong>;</strong></span> <span class='ocrx_word' id='word_1_328' title='bbox 2658 2989 2725 3030; x_wconf 77' lang='lat' dir='ltr'><strong>ex</strong></span> <span class='ocrx_word' id='word_1_329' title='bbox 2748 2972 2913 3028; x_wconf 91' lang='lat' dir='ltr'><strong>corde</strong></span> <span class='ocrx_word' id='word_1_330' title='bbox 2940 2970 3088 3026; x_wconf 91' lang='lat' dir='ltr'><strong>enim</strong></span> <span class='ocrx_word' id='word_1_331' title='bbox 3120 2971 3304 3026; x_wconf 84' lang='lat' dir='ltr'><strong>omnia</strong></span> <span class='ocrx_word' id='word_1_332' title='bbox 3342 2987 3471 3026; x_wconf 85' lang='lat' dir='ltr'><strong>oro-</strong></span> 
     </span>
    </p>
   </div>
   <div class='ocr_carea' id='block_1_45' title="bbox 233 3067 1877 3141">
    <p class='ocr_par' dir='ltr' id='par_1_45' title="bbox 233 3067 1877 3141">
     <span class='ocr_line' id='line_1_45' title="bbox 233 3067 1877 3141; baseline 0.001 -18"><span class='ocrx_word' id='word_1_333' title='bbox 233 3067 457 3126; x_wconf 79' lang='lat' dir='ltr'><strong>cedunt.</strong></span> <span class='ocrx_word' id='word_1_334' title='bbox 492 3071 615 3128; x_wconf 84' lang='lat' dir='ltr'><strong>Ideo</strong></span> <span class='ocrx_word' id='word_1_335' title='bbox 640 3073 815 3141; x_wconf 86' lang='lat' dir='ltr'><strong>inquit</strong></span> <span class='ocrx_word' id='word_1_336' title='bbox 844 3088 857 3124; x_wconf 88' lang='lat'><strong>:</strong></span> <span class='ocrx_word' id='word_1_337' title='bbox 895 3072 1085 3125; x_wconf 76' lang='lat' dir='ltr'><strong>Exitus</strong></span> <span class='ocrx_word' id='word_1_338' title='bbox 1107 3087 1134 3125; x_wconf 75' lang='grc' dir='ltr'><strong>ε</strong></span> <span class='ocrx_word' id='word_1_339' title='bbox 1164 3069 1523 3135; x_wconf 71' lang='grc' dir='ltr'>εαὸίνιιαειιιο,</span> <span class='ocrx_word' id='word_1_340' title='bbox 1545 3084 1737 3140; x_wconf 84' lang='lat' dir='ltr'><strong>nempe</strong></span> <span class='ocrx_word' id='word_1_341' title='bbox 1764 3084 1877 3125; x_wconf 76' lang='lat' dir='ltr'><strong>exet</strong></span> 
     </span>
    </p>
   </div>
   <div class='ocr_carea' id='block_1_46' title="bbox 694 3067 2338 3141">
    <p class='ocr_par' dir='ltr' id='par_1_46' title="bbox 700 3069 2338 3141">
     <span class='ocr_line' id='line_1_46' title="bbox 700 3069 2338 3141; baseline 0.002 -17"><span class='ocrx_word' id='word_1_342' title='bbox 700 3073 815 3141; x_wconf 86' lang='lat' dir='ltr'><strong>quit</strong></span> <span class='ocrx_word' id='word_1_343' title='bbox 844 3088 857 3124; x_wconf 88' lang='lat'><strong>:</strong></span> <span class='ocrx_word' id='word_1_344' title='bbox 895 3072 1085 3125; x_wconf 76' lang='lat' dir='ltr'><strong>Exitus</strong></span> <span class='ocrx_word' id='word_1_345' title='bbox 1107 3087 1134 3125; x_wconf 74' lang='grc' dir='ltr'><strong>ε</strong></span> <span class='ocrx_word' id='word_1_346' title='bbox 1164 3069 1523 3135; x_wconf 72' lang='grc' dir='ltr'>εαὸίνιιαειιιο,</span> <span class='ocrx_word' id='word_1_347' title='bbox 1545 3084 1737 3140; x_wconf 81' lang='lat' dir='ltr'><strong>nempe</strong></span> <span class='ocrx_word' id='word_1_348' title='bbox 1764 3070 2019 3126; x_wconf 78' lang='lat' dir='ltr'><strong>exeuntia</strong></span> <span class='ocrx_word' id='word_1_349' title='bbox 2047 3086 2116 3126; x_wconf 80' lang='lat' dir='ltr'><strong>ex</strong></span> <span class='ocrx_word' id='word_1_350' title='bbox 2150 3070 2338 3127; x_wconf 87' lang='lat' dir='ltr'><strong>corde.</strong></span> 
     </span>
    </p>
   </div>
   <div class='ocr_carea' id='block_1_47' title="bbox 309 3182 1953 3256">
    <p class='ocr_par' dir='ltr' id='par_1_47' title="bbox 309 3183 1873 3256">
     <span class='ocr_line' id='line_1_47' title="bbox 309 3183 1873 3256; baseline -0.004 -16"><span class='ocrx_word' id='word_1_351' title='bbox 309 3186 362 3240; x_wconf 90' lang='lat'><strong>1.</strong></span> <span class='ocrx_word' id='word_1_352' title='bbox 391 3186 465 3256; x_wconf 78' lang='lat'><strong>(3)</strong></span> <span class='ocrx_word' id='word_1_353' title='bbox 492 3186 629 3248; x_wconf 79' lang='grc' dir='ltr'>Τοὺς</span> <span class='ocrx_word' id='word_1_354' title='bbox 658 3183 985 3247; x_wconf 83' lang='grc' dir='ltr'>ἀποστόλους</span> <span class='ocrx_word' id='word_1_355' title='bbox 1011 3184 1182 3251; x_wconf 84' lang='grc' dir='ltr'>λέγει.</span> <span class='ocrx_word' id='word_1_356' title='bbox 1830 3198 1873 3256; x_wconf 76' lang='lat' dir='ltr'>c</span> 
     </span>
    </p>
   </div>
   <div class='ocr_carea' id='block_1_48' title="bbox 1031 3182 2675 3256">
    <p class='ocr_par' dir='ltr' id='par_1_48' title="bbox 1031 3182 2675 3256">
     <span class='ocr_line' id='line_1_48' title="bbox 1031 3182 2675 3256; baseline 0.001 -20"><span class='ocrx_word' id='word_1_357' title='bbox 1031 3184 1182 3251; x_wconf 84' lang='grc' dir='ltr'>.έγει.</span> <span class='ocrx_word' id='word_1_358' title='bbox 1830 3198 1873 3256; x_wconf 77' lang='lat' dir='ltr'>c</span> <span class='ocrx_word' id='word_1_359' title='bbox 1975 3184 2029 3237; x_wconf 90' lang='lat'><strong>1.</strong></span> <span class='ocrx_word' id='word_1_360' title='bbox 2070 3182 2362 3251; x_wconf 83' lang='lat' dir='ltr'><strong>Apostolos</strong></span> <span class='ocrx_word' id='word_1_361' title='bbox 2384 3184 2675 3253; x_wconf 82' lang='lat' dir='ltr'><strong>signiﬁcat.</strong></span> 
     </span>
    </p>
   </div>
   <div class='ocr_carea' id='block_1_49' title="bbox 306 3273 1950 3345">
    <p class='ocr_par' dir='ltr' id='par_1_49' title="bbox 306 3273 1290 3345">
     <span class='ocr_line' id='line_1_49' title="bbox 306 3273 1290 3345; baseline -0.004 -15"><span class='ocrx_word' id='word_1_362' title='bbox 306 3275 363 3331; x_wconf 72' lang='grc'><strong>2.</strong></span> <span class='ocrx_word' id='word_1_363' title='bbox 389 3276 526 3339; x_wconf 73' lang='grc' dir='ltr'>Τοὺς</span> <span class='ocrx_word' id='word_1_364' title='bbox 558 3273 804 3345; x_wconf 74' lang='grc' dir='ltr'>μαθητὰς</span> <span class='ocrx_word' id='word_1_365' title='bbox 823 3275 930 3327; x_wconf 85' lang='grc' dir='ltr'>τῶν</span> <span class='ocrx_word' id='word_1_366' title='bbox 956 3274 1290 3327; x_wconf 89' lang='grc' dir='ltr'>ἀποστόλων.</span> 
     </span>
    </p>
   </div>
   <div class='ocr_carea' id='block_1_50' title="bbox 1142 3273 2786 3345">
    <p class='ocr_par' dir='ltr' id='par_1_50' title="bbox 1142 3273 2786 3345">
     <span class='ocr_line' id='line_1_50' title="bbox 1142 3273 2786 3345; baseline 0.002 -18"><span class='ocrx_word' id='word_1_367' title='bbox 1142 3274 1290 3327; x_wconf 62' lang='grc' dir='ltr'>ϐλων.</span> <span class='ocrx_word' id='word_1_368' title='bbox 1980 3274 2036 3328; x_wconf 80' lang='grc'><strong>2.</strong></span> <span class='ocrx_word' id='word_1_369' title='bbox 2065 3273 2370 3344; x_wconf 83' lang='lat' dir='ltr'><strong>Discipulos</strong></span> <span class='ocrx_word' id='word_1_370' title='bbox 2394 3276 2786 3345; x_wconf 84' lang='lat' dir='ltr'><strong>apostolorum.</strong></span> 
     </span>
    </p>
   </div>
   <div class='ocr_carea' id='block_1_51' title="bbox 307 3363 1951 3438">
    <p class='ocr_par' dir='ltr' id='par_1_51' title="bbox 307 3365 1487 3432">
     <span class='ocr_line' id='line_1_51' title="bbox 307 3365 1487 3432; baseline 0.001 -13"><span class='ocrx_word' id='word_1_371' title='bbox 307 3367 363 3420; x_wconf 77' lang='lat'><strong>3.</strong></span> <span class='ocrx_word' id='word_1_372' title='bbox 390 3365 494 3419; x_wconf 84' lang='grc' dir='ltr'>Τδν</span> <span class='ocrx_word' id='word_1_373' title='bbox 514 3366 573 3431; x_wconf 75' lang='grc' dir='ltr'><strong>ἐξ</strong></span> <span class='ocrx_word' id='word_1_374' title='bbox 615 3366 879 3419; x_wconf 88' lang='grc' dir='ltr'>Ἰουδαίων</span> <span class='ocrx_word' id='word_1_375' title='bbox 909 3366 1002 3420; x_wconf 72' lang='grc' dir='ltr'>καὶ</span> <span class='ocrx_word' id='word_1_376' title='bbox 1041 3366 1100 3432; x_wconf 74' lang='grc' dir='ltr'><strong>ἐξ</strong></span> <span class='ocrx_word' id='word_1_377' title='bbox 1138 3366 1307 3419; x_wconf 79' lang='grc' dir='ltr'><strong>ὲονῶν</strong></span> <span class='ocrx_word' id='word_1_378' title='bbox 1336 3366 1487 3420; x_wconf 85' lang='grc' dir='ltr'>λαόν.</span> 
     </span>
    </p>
   </div>
   <div class='ocr_carea' id='block_1_52' title="bbox 1372 3363 3016 3438">
    <p class='ocr_par' dir='ltr' id='par_1_52' title="bbox 1372 3363 3016 3438">
     <span class='ocr_line' id='line_1_52' title="bbox 1372 3363 3016 3438; baseline 0.001 -19"><span class='ocrx_word' id='word_1_379' title='bbox 1372 3366 1487 3420; x_wconf 86' lang='grc' dir='ltr'>αόν.</span> <span class='ocrx_word' id='word_1_380' title='bbox 1981 3365 2033 3420; x_wconf 77' lang='grc'><strong>5.</strong></span> <span class='ocrx_word' id='word_1_381' title='bbox 2062 3363 2327 3435; x_wconf 86' lang='lat' dir='ltr'><strong>Populum</strong></span> <span class='ocrx_word' id='word_1_382' title='bbox 2350 3382 2416 3421; x_wconf 81' lang='lat' dir='ltr'><strong>ex</strong></span> <span class='ocrx_word' id='word_1_383' title='bbox 2437 3364 2638 3423; x_wconf 60' lang='lat' dir='ltr'><strong>Iudaeis</strong></span> <span class='ocrx_word' id='word_1_384' title='bbox 2664 3377 2719 3423; x_wconf 86' lang='lat' dir='ltr'><strong>et</strong></span> <span class='ocrx_word' id='word_1_385' title='bbox 2746 3369 3016 3438; x_wconf 80' lang='lat' dir='ltr'><strong>gentibus.</strong></span> 
     </span>
    </p>
   </div>
   <div class='ocr_carea' id='block_1_53' title="bbox 308 3455 1952 3533">
    <p class='ocr_par' dir='ltr' id='par_1_53' title="bbox 308 3456 1806 3527">
     <span class='ocr_line' id='line_1_53' title="bbox 308 3456 1806 3527; baseline 0.001 -17"><span class='ocrx_word' id='word_1_386' title='bbox 308 3456 363 3511; x_wconf 85' lang='lat'><strong>4.</strong></span> <span class='ocrx_word' id='word_1_387' title='bbox 396 3457 533 3521; x_wconf 77' lang='grc' dir='ltr'>Τοὺς</span> <span class='ocrx_word' id='word_1_388' title='bbox 566 3456 959 3521; x_wconf 83' lang='grc' dir='ltr'>πιστεύσαντας</span> <span class='ocrx_word' id='word_1_389' title='bbox 988 3456 1066 3527; x_wconf 81' lang='grc' dir='ltr'>τῷ</span> <span class='ocrx_word' id='word_1_390' title='bbox 1096 3456 1306 3527; x_wconf 85' lang='grc' dir='ltr'>Κυρίῳ,</span> <span class='ocrx_word' id='word_1_391' title='bbox 1347 3457 1440 3510; x_wconf 82' lang='grc' dir='ltr'>καὶ</span> <span class='ocrx_word' id='word_1_392' title='bbox 1480 3456 1806 3521; x_wconf 77' lang='grc' dir='ltr'>ἐλπίσαντας</span> 
     </span>
    </p>
   </div>
   <div class='ocr_carea' id='block_1_54' title="bbox 1825 3455 3469 3533">
    <p class='ocr_par' dir='ltr' id='par_1_54' title="bbox 1982 3455 3469 3533">
     <span class='ocr_line' id='line_1_54' title="bbox 1982 3455 3469 3533; baseline 0.005 -23"><span class='ocrx_word' id='word_1_393' title='bbox 1982 3457 2036 3511; x_wconf 78' lang='lat'><strong>4.</strong></span> <span class='ocrx_word' id='word_1_394' title='bbox 2079 3455 2379 3514; x_wconf 85' lang='lat' dir='ltr'><strong>Credentes</strong></span> <span class='ocrx_word' id='word_1_395' title='bbox 2422 3457 2695 3523; x_wconf 90' lang='lat' dir='ltr'><strong>Domino,</strong></span> <span class='ocrx_word' id='word_1_396' title='bbox 2727 3470 2781 3515; x_wconf 88' lang='lat' dir='ltr'><strong>et</strong></span> <span class='ocrx_word' id='word_1_397' title='bbox 2828 3461 2882 3514; x_wconf 88' lang='lat' dir='ltr'><strong>in</strong></span> <span class='ocrx_word' id='word_1_398' title='bbox 2933 3460 3053 3530; x_wconf 84' lang='lat' dir='ltr'><strong>ejus</strong></span> <span class='ocrx_word' id='word_1_399' title='bbox 3084 3460 3303 3516; x_wconf 87' lang='lat' dir='ltr'><strong>nomine</strong></span> <span class='ocrx_word' id='word_1_400' title='bbox 3348 3474 3469 3533; x_wconf 84' lang='lat' dir='ltr'><strong>spc-</strong></span> 
     </span>
    </p>
   </div>
   <div class='ocr_carea' id='block_1_55' title="bbox 232 3550 1876 3621">
    <p class='ocr_par' dir='ltr' id='par_1_55' title="bbox 232 3550 1429 3621">
     <span class='ocr_line' id='line_1_55' title="bbox 232 3550 1429 3621; baseline 0.002 -18"><span class='ocrx_word' id='word_1_401' title='bbox 232 3550 568 3621; x_wconf 80' lang='grc' dir='ltr'>τῷ,ὀνόματι</span> <span class='ocrx_word' id='word_1_402' title='bbox 593 3550 780 3605; x_wconf 80' lang='grc' dir='ltr'>αὐτοῦ.</span> <span class='ocrx_word' id='word_1_403' title='bbox 1424 3570 1429 3575; x_wconf 81' lang='lat'><strong><em>‘</em></strong></span> 
     </span>
    </p>
   </div>
   <div class='ocr_carea' id='block_1_56' title="bbox 470 3550 2114 3621">
    <p class='ocr_par' dir='ltr' id='par_1_56' title="bbox 470 3550 2114 3605">
     <span class='ocr_line' id='line_1_56' title="bbox 470 3550 2114 3605; baseline -0.002 0"><span class='ocrx_word' id='word_1_404' title='bbox 470 3568 568 3605; x_wconf 81' lang='grc' dir='ltr'>ιατι</span> <span class='ocrx_word' id='word_1_405' title='bbox 593 3550 780 3605; x_wconf 81' lang='grc' dir='ltr'>αὐτοῦ.</span> <span class='ocrx_word' id='word_1_406' title='bbox 1424 3570 1429 3575; x_wconf 63' lang='grc' dir='ltr'><strong>ε</strong></span> <span class='ocrx_word' id='word_1_407' title='bbox 1911 3555 2114 3603; x_wconf 87' lang='lat' dir='ltr'><strong>rantes.</strong></span> 
     </span>
    </p>
   </div>
   <div class='ocr_carea' id='block_1_57' title="bbox 310 3624 1954 3713">
    <p class='ocr_par' dir='ltr' id='par_1_57' title="bbox 310 3639 1124 3713">
     <span class='ocr_line' id='line_1_57' title="bbox 310 3639 1124 3713; baseline -0.002 -16"><span class='ocrx_word' id='word_1_408' title='bbox 310 3644 367 3699; x_wconf 86' lang='lat'><strong>5.</strong></span> <span class='ocrx_word' id='word_1_409' title='bbox 404 3644 492 3696; x_wconf 86' lang='grc' dir='ltr'>Ἐν</span> <span class='ocrx_word' id='word_1_410' title='bbox 520 3646 583 3713; x_wconf 77' lang='grc' dir='ltr'>τῇ</span> <span class='ocrx_word' id='word_1_411' title='bbox 612 3642 723 3695; x_wconf 81' lang='grc' dir='ltr'><strong>ἀνω</strong></span> <span class='ocrx_word' id='word_1_412' title='bbox 754 3639 1124 3712; x_wconf 80' lang='grc' dir='ltr'>Ἰερουσαλήμ.</span> 
     </span>
    </p>
   </div>
   <div class='ocr_carea' id='block_1_58' title="bbox 1094 3624 2738 3713">
    <p class='ocr_par' dir='ltr' id='par_1_58' title="bbox 1094 3624 2738 3709">
     <span class='ocr_line' id='line_1_58' title="bbox 1094 3624 2738 3709; baseline 0.002 -17"><span class='ocrx_word' id='word_1_413' title='bbox 1094 3658 1124 3695; x_wconf 89' lang='grc' dir='ltr'><strong>ι.</strong></span> <span class='ocrx_word' id='word_1_414' title='bbox 1984 3640 2039 3693; x_wconf 83' lang='lat'><strong>5.</strong></span> <span class='ocrx_word' id='word_1_415' title='bbox 2066 3638 2121 3692; x_wconf 88' lang='lat' dir='ltr'><strong>In</strong></span> <span class='ocrx_word' id='word_1_416' title='bbox 2152 3653 2385 3709; x_wconf 89' lang='lat' dir='ltr'><strong>superna</strong></span> <span class='ocrx_word' id='word_1_417' title='bbox 2416 3624 2738 3695; x_wconf 79' lang='lat' dir='ltr'><strong>Jerusalem.</strong></span> 
     </span>
    </p>
   </div>
   <div class='ocr_carea' id='block_1_59' title="bbox 308 3728 1952 3802">
    <p class='ocr_par' dir='ltr' id='par_1_59' title="bbox 308 3728 1116 3801">
     <span class='ocr_line' id='line_1_59' title="bbox 308 3728 1116 3801; baseline -0.005 -15"><span class='ocrx_word' id='word_1_418' title='bbox 308 3733 366 3786; x_wconf 83' lang='lat'><strong>6.</strong></span> <span class='ocrx_word' id='word_1_419' title='bbox 394 3731 468 3784; x_wconf 84' lang='grc' dir='ltr'>Τδ</span> <span class='ocrx_word' id='word_1_420' title='bbox 492 3731 747 3801; x_wconf 80' lang='grc' dir='ltr'>κήρυγμα</span> <span class='ocrx_word' id='word_1_421' title='bbox 768 3731 848 3793; x_wconf 88' lang='grc' dir='ltr'><strong>είς</strong></span> <span class='ocrx_word' id='word_1_422' title='bbox 872 3730 942 3782; x_wconf 83' lang='grc' dir='ltr'>τὰ</span> <span class='ocrx_word' id='word_1_423' title='bbox 967 3728 1116 3801; x_wconf 77' lang='grc' dir='ltr'><strong>ἔθνη.</strong></span> 
     </span>
    </p>
   </div>
   <div class='ocr_carea' id='block_1_60' title="bbox 1130 3728 2774 3802">
    <p class='ocr_par' dir='ltr' id='par_1_60' title="bbox 1982 3730 2774 3802">
     <span class='ocr_line' id='line_1_60' title="bbox 1982 3730 2774 3802; baseline 0.004 -18"><span class='ocrx_word' id='word_1_424' title='bbox 1982 3730 2037 3784; x_wconf 84' lang='lat'><strong>6.</strong></span> <span class='ocrx_word' id='word_1_425' title='bbox 2064 3730 2385 3785; x_wconf 73' lang='lat' dir='ltr'><strong>Przedicatio</strong></span> <span class='ocrx_word' id='word_1_426' title='bbox 2417 3731 2471 3785; x_wconf 92' lang='lat' dir='ltr'><strong>in</strong></span> <span class='ocrx_word' id='word_1_427' title='bbox 2502 3732 2774 3802; x_wconf 76' lang='lat' dir='ltr'><strong>gentibus.</strong></span> 
     </span>
    </p>
   </div>
   <div class='ocr_carea' id='block_1_61' title="bbox 308 3820 1952 3896">
    <p class='ocr_par' dir='ltr' id='par_1_61' title="bbox 308 3820 1802 3893">
     <span class='ocr_line' id='line_1_61' title="bbox 308 3820 1802 3893; baseline -0.002 -16"><span class='ocrx_word' id='word_1_428' title='bbox 308 3823 365 3877; x_wconf 86' lang='lat'><strong>7.</strong></span> <span class='ocrx_word' id='word_1_429' title='bbox 402 3822 478 3875; x_wconf 77' lang='grc' dir='ltr'><strong>Τὸ</strong></span> <span class='ocrx_word' id='word_1_430' title='bbox 498 3821 722 3893; x_wconf 73' lang='grc' dir='ltr'>Πνεῦμα</span> <span class='ocrx_word' id='word_1_431' title='bbox 739 3822 800 3875; x_wconf 80' lang='grc' dir='ltr'>τὸ</span> <span class='ocrx_word' id='word_1_432' title='bbox 822 3821 977 3892; x_wconf 82' lang='grc' dir='ltr'>ἀγιον</span> <span class='ocrx_word' id='word_1_433' title='bbox 1003 3821 1099 3893; x_wconf 80' lang='grc' dir='ltr'>τὴν</span> <span class='ocrx_word' id='word_1_434' title='bbox 1125 3820 1319 3875; x_wconf 78' lang='grc' dir='ltr'>ἑαυτοῦ</span> <span class='ocrx_word' id='word_1_435' title='bbox 1348 3820 1655 3892; x_wconf 84' lang='grc' dir='ltr'>παρουσίαν</span> <span class='ocrx_word' id='word_1_436' title='bbox 1707 3822 1802 3874; x_wconf 65' lang='grc' dir='ltr'><strong>ἐπὶ</strong></span> 
     </span>
    </p>
   </div>
   <div class='ocr_carea' id='block_1_62' title="bbox 1831 3820 3475 3896">
    <p class='ocr_par' dir='ltr' id='par_1_62' title="bbox 1984 3820 3475 3896">
     <span class='ocr_line' id='line_1_62' title="bbox 1984 3820 3475 3896; baseline 0.005 -22"><span class='ocrx_word' id='word_1_437' title='bbox 1984 3820 2036 3875; x_wconf 85' lang='grc'>7.</span> <span class='ocrx_word' id='word_1_438' title='bbox 2084 3821 2320 3891; x_wconf 89' lang='lat' dir='ltr'><strong>Spiritus</strong></span> <span class='ocrx_word' id='word_1_439' title='bbox 2358 3830 2581 3878; x_wconf 84' lang='lat' dir='ltr'><strong>sanctus</strong></span> <span class='ocrx_word' id='word_1_440' title='bbox 2627 3823 2711 3878; x_wconf 88' lang='lat' dir='ltr'><strong>sui</strong></span> <span class='ocrx_word' id='word_1_441' title='bbox 2758 3823 2927 3893; x_wconf 89' lang='lat' dir='ltr'><strong>ipsius</strong></span> <span class='ocrx_word' id='word_1_442' title='bbox 2970 3823 3261 3879; x_wconf 74' lang='lat' dir='ltr'><strong>adventum</strong></span> <span class='ocrx_word' id='word_1_443' title='bbox 3311 3840 3475 3896; x_wconf 81' lang='lat' dir='ltr'><strong>super</strong></span> 
     </span>
    </p>
   </div>
   <div class='ocr_carea' id='block_1_63' title="bbox 234 3913 1878 3985">
    <p class='ocr_par' dir='ltr' id='par_1_63' title="bbox 234 3913 736 3977">
     <span class='ocr_line' id='line_1_63' title="bbox 234 3913 736 3977; baseline 0.002 -9"><span class='ocrx_word' id='word_1_444' title='bbox 234 3914 369 3977; x_wconf 79' lang='grc' dir='ltr'>τοὺς</span> <span class='ocrx_word' id='word_1_445' title='bbox 388 3913 736 3977; x_wconf 82' lang='grc' dir='ltr'>ἀποστόλους.</span> 
     </span>
    </p>
   </div>
   <div class='ocr_carea' id='block_1_64' title="bbox 570 3913 2214 3985">
    <p class='ocr_par' dir='ltr' id='par_1_64' title="bbox 570 3913 2214 3985">
     <span class='ocr_line' id='line_1_64' title="bbox 570 3913 2214 3985; baseline 0 -18"><span class='ocrx_word' id='word_1_446' title='bbox 570 3913 736 3977; x_wconf 67' lang='grc' dir='ltr'>ϐλους.</span> <span class='ocrx_word' id='word_1_447' title='bbox 1913 3914 2214 3985; x_wconf 85' lang='lat' dir='ltr'><strong>apostolos.</strong></span> 
     </span>
    </p>
   </div>
   <div class='ocr_carea' id='block_1_65' title="bbox 308 4004 1952 4077">
    <p class='ocr_par' dir='ltr' id='par_1_65' title="bbox 308 4004 1659 4077">
     <span class='ocr_line' id='line_1_65' title="bbox 308 4004 1659 4077; baseline -0.001 -15"><span class='ocrx_word' id='word_1_448' title='bbox 308 4006 366 4062; x_wconf 85' lang='lat'><strong>8.</strong></span> <span class='ocrx_word' id='word_1_449' title='bbox 416 4006 643 4077; x_wconf 83' lang='grc' dir='ltr'>Ὁμοίως</span> <span class='ocrx_word' id='word_1_450' title='bbox 668 4009 727 4059; x_wconf 73' lang='grc' dir='ltr'>ἐν</span> <span class='ocrx_word' id='word_1_451' title='bbox 756 4008 868 4069; x_wconf 78' lang='grc' dir='ltr'>τοῖς</span> <span class='ocrx_word' id='word_1_452' title='bbox 904 4004 1079 4059; x_wconf 79' lang='grc' dir='ltr'>ἔθνεσι</span> <span class='ocrx_word' id='word_1_453' title='bbox 1098 4006 1161 4059; x_wconf 86' lang='grc' dir='ltr'><strong>τδ</strong></span> <span class='ocrx_word' id='word_1_454' title='bbox 1182 4007 1447 4077; x_wconf 82' lang='grc' dir='ltr'>κήρυγμα</span> <span class='ocrx_word' id='word_1_455' title='bbox 1469 4004 1659 4061; x_wconf 80' lang='grc' dir='ltr'>αὐτοῦ.</span> 
     </span>
    </p>
   </div>
   <div class='ocr_carea' id='block_1_66' title="bbox 1433 4004 3077 4077">
    <p class='ocr_par' dir='ltr' id='par_1_66' title="bbox 1433 4004 3077 4076">
     <span class='ocr_line' id='line_1_66' title="bbox 1433 4004 3077 4076; baseline 0.002 -18"><span class='ocrx_word' id='word_1_456' title='bbox 1433 4004 1659 4061; x_wconf 80' lang='grc' dir='ltr'><strong>ιαύτοῦ.</strong></span> <span class='ocrx_word' id='word_1_457' title='bbox 1982 4006 2037 4061; x_wconf 89' lang='grc'><strong>8.</strong></span> <span class='ocrx_word' id='word_1_458' title='bbox 2067 4007 2194 4061; x_wconf 83' lang='lat' dir='ltr'><strong>Item</strong></span> <span class='ocrx_word' id='word_1_459' title='bbox 2225 4006 2343 4076; x_wconf 88' lang='lat' dir='ltr'><strong>ejus</strong></span> <span class='ocrx_word' id='word_1_460' title='bbox 2369 4004 2683 4075; x_wconf 74' lang='lat' dir='ltr'><strong>prtedicatio</strong></span> <span class='ocrx_word' id='word_1_461' title='bbox 2716 4004 2770 4057; x_wconf 89' lang='lat' dir='ltr'><strong>in</strong></span> <span class='ocrx_word' id='word_1_462' title='bbox 2805 4005 3077 4073; x_wconf 77' lang='lat' dir='ltr'><strong>gentibus.</strong></span> 
     </span>
    </p>
   </div>
   <div class='ocr_carea' id='block_1_67' title="bbox 309 4077 1953 4168">
    <p class='ocr_par' dir='ltr' id='par_1_67' title="bbox 309 4077 1527 4168">
     <span class='ocr_line' id='line_1_67' title="bbox 309 4077 1527 4168; baseline -0.001 -16"><span class='ocrx_word' id='word_1_463' title='bbox 309 4096 367 4153; x_wconf 90' lang='lat'><strong>9.</strong></span> <span class='ocrx_word' id='word_1_464' title='bbox 398 4077 471 4151; x_wconf 66' lang='lat' dir='ltr'><strong>To</strong></span> <span class='ocrx_word' id='word_1_465' title='bbox 491 4098 748 4168; x_wconf 79' lang='grc' dir='ltr'>κήρυγμα</span> <span class='ocrx_word' id='word_1_466' title='bbox 771 4095 934 4149; x_wconf 76' lang='grc' dir='ltr'>αὑτοῦ</span> <span class='ocrx_word' id='word_1_467' title='bbox 956 4094 1122 4149; x_wconf 83' lang='grc' dir='ltr'>ποιῶν</span> <span class='ocrx_word' id='word_1_468' title='bbox 1148 4095 1223 4165; x_wconf 86' lang='lat'><strong>(4)</strong></span> <span class='ocrx_word' id='word_1_469' title='bbox 1251 4096 1527 4167; x_wconf 81' lang='grc' dir='ltr'>δυνάμεις.</span> 
     </span>
    </p>
   </div>
   <div class='ocr_carea' id='block_1_68' title="bbox 1403 4077 3047 4168">
    <p class='ocr_par' dir='ltr' id='par_1_68' title="bbox 1403 4092 3047 4166">
     <span class='ocr_line' id='line_1_68' title="bbox 1403 4092 3047 4166; baseline 0.001 -17"><span class='ocrx_word' id='word_1_470' title='bbox 1403 4114 1527 4161; x_wconf 76' lang='grc' dir='ltr'>ιεις.</span> <span class='ocrx_word' id='word_1_471' title='bbox 1982 4096 2035 4149; x_wconf 84' lang='grc'><strong>9.</strong></span> <span class='ocrx_word' id='word_1_472' title='bbox 2064 4095 2197 4165; x_wconf 87' lang='lat' dir='ltr'><strong>Ejus</strong></span> <span class='ocrx_word' id='word_1_473' title='bbox 2218 4095 2529 4166; x_wconf 76' lang='lat' dir='ltr'><strong>praedicatio</strong></span> <span class='ocrx_word' id='word_1_474' title='bbox 2560 4092 2769 4148; x_wconf 82' lang='lat' dir='ltr'><strong>faciens</strong></span> <span class='ocrx_word' id='word_1_475' title='bbox 2799 4095 3047 4150; x_wconf 77' lang='lat' dir='ltr'><strong>virtutes.</strong></span> 
     </span>
    </p>
   </div>
   <div class='ocr_carea' id='block_1_69' title="bbox 312 4184 1956 4261">
    <p class='ocr_par' dir='ltr' id='par_1_69' title="bbox 312 4188 1383 4261">
     <span class='ocr_line' id='line_1_69' title="bbox 312 4188 1383 4261; baseline 0 -18"><span class='ocrx_word' id='word_1_476' title='bbox 312 4189 404 4243; x_wconf 87' lang='grc'><strong>10.</strong></span> <span class='ocrx_word' id='word_1_477' title='bbox 437 4189 510 4241; x_wconf 85' lang='grc' dir='ltr'>Τδ</span> <span class='ocrx_word' id='word_1_478' title='bbox 526 4188 695 4259; x_wconf 74' lang='grc' dir='ltr'>ὄνομα</span> <span class='ocrx_word' id='word_1_479' title='bbox 722 4188 925 4261; x_wconf 85' lang='grc' dir='ltr'>Κυρίου</span> <span class='ocrx_word' id='word_1_480' title='bbox 949 4188 1383 4261; x_wconf 76' lang='grc' dir='ltr'>ὲνδοξαζόμενον.</span> 
     </span>
    </p>
   </div>
   <div class='ocr_carea' id='block_1_70' title="bbox 1316 4184 2960 4261">
    <p class='ocr_par' dir='ltr' id='par_1_70' title="bbox 1316 4184 2960 4255">
     <span class='ocr_line' id='line_1_70' title="bbox 1316 4184 2960 4255; baseline -0.001 -13"><span class='ocrx_word' id='word_1_481' title='bbox 1316 4206 1383 4243; x_wconf 67' lang='grc' dir='ltr'><strong>ιν.</strong></span> <span class='ocrx_word' id='word_1_482' title='bbox 1984 4187 2072 4242; x_wconf 92' lang='grc'><strong>10.</strong></span> <span class='ocrx_word' id='word_1_483' title='bbox 2098 4184 2300 4242; x_wconf 78' lang='lat' dir='ltr'><strong>Nomen</strong></span> <span class='ocrx_word' id='word_1_484' title='bbox 2337 4186 2550 4241; x_wconf 89' lang='lat' dir='ltr'><strong>Domini</strong></span> <span class='ocrx_word' id='word_1_485' title='bbox 2579 4185 2960 4255; x_wconf 82' lang='lat' dir='ltr'><strong>glorilicatum.</strong></span> 
     </span>
    </p>
   </div>
   <div class='ocr_carea' id='block_1_71' title="bbox 311 4278 1955 4351">
    <p class='ocr_par' dir='ltr' id='par_1_71' title="bbox 311 4278 1054 4351">
     <span class='ocr_line' id='line_1_71' title="bbox 311 4278 1054 4351; baseline 0 -18"><span class='ocrx_word' id='word_1_486' title='bbox 311 4280 403 4334; x_wconf 87' lang='lat'><strong>11.</strong></span> <span class='ocrx_word' id='word_1_487' title='bbox 436 4281 574 4343; x_wconf 81' lang='grc' dir='ltr'>Τοὺς</span> <span class='ocrx_word' id='word_1_488' title='bbox 602 4278 859 4351; x_wconf 82' lang='grc' dir='ltr'>δαίμονας</span> <span class='ocrx_word' id='word_1_489' title='bbox 885 4280 1054 4347; x_wconf 81' lang='grc' dir='ltr'>λέγει.</span> 
     </span>
    </p>
   </div>
   <div class='ocr_carea' id='block_1_72' title="bbox 1063 4278 2707 4351">
    <p class='ocr_par' dir='ltr' id='par_1_72' title="bbox 1992 4278 2707 4348">
     <span class='ocr_line' id='line_1_72' title="bbox 1992 4278 2707 4348; baseline -0.001 -15"><span class='ocrx_word' id='word_1_490' title='bbox 1992 4280 2074 4335; x_wconf 80' lang='lat' dir='ltr'><strong>li.</strong></span> <span class='ocrx_word' id='word_1_491' title='bbox 2116 4278 2399 4334; x_wconf 64' lang='lat' dir='ltr'><strong>Daemones</strong></span> <span class='ocrx_word' id='word_1_492' title='bbox 2419 4279 2707 4348; x_wconf 82' lang='lat' dir='ltr'><strong>signiﬁcat.</strong></span> 
     </span>
    </p>
   </div>
   <div class='ocr_carea' id='block_1_73' title="bbox 313 4369 1957 4440">
    <p class='ocr_par' dir='ltr' id='par_1_73' title="bbox 313 4370 1590 4440">
     <span class='ocr_line' id='line_1_73' title="bbox 313 4370 1590 4440; baseline -0.001 -12"><span class='ocrx_word' id='word_1_493' title='bbox 313 4374 404 4429; x_wconf 91' lang='grc'><strong>12.</strong></span> <span class='ocrx_word' id='word_1_494' title='bbox 428 4373 566 4438; x_wconf 80' lang='grc' dir='ltr'>Τοὺς</span> <span class='ocrx_word' id='word_1_495' title='bbox 590 4372 938 4435; x_wconf 80' lang='grc' dir='ltr'>διδασκάλους</span> <span class='ocrx_word' id='word_1_496' title='bbox 972 4371 1082 4425; x_wconf 83' lang='grc' dir='ltr'><strong>τῶν</strong></span> <span class='ocrx_word' id='word_1_497' title='bbox 1131 4370 1399 4425; x_wconf 87' lang='grc' dir='ltr'>Ἰουδαίων</span> <span class='ocrx_word' id='word_1_498' title='bbox 1419 4372 1590 4440; x_wconf 85' lang='grc' dir='ltr'>λέγει.</span> 
     </span>
    </p>
   </div>
   <div class='ocr_carea' id='block_1_74' title="bbox 1428 4369 3072 4440">
    <p class='ocr_par' dir='ltr' id='par_1_74' title="bbox 1428 4369 3072 4440">
     <span class='ocr_line' id='line_1_74' title="bbox 1428 4369 3072 4440; baseline 0.001 -17"><span class='ocrx_word' id='word_1_499' title='bbox 1428 4372 1590 4440; x_wconf 76' lang='grc' dir='ltr'>λέγει.</span> <span class='ocrx_word' id='word_1_500' title='bbox 1988 4370 2077 4425; x_wconf 86' lang='grc'><strong>12.</strong></span> <span class='ocrx_word' id='word_1_501' title='bbox 2123 4369 2403 4440; x_wconf 80' lang='lat' dir='ltr'><strong>Signiﬁcat</strong></span> <span class='ocrx_word' id='word_1_502' title='bbox 2424 4369 2713 4438; x_wconf 88' lang='lat' dir='ltr'><strong>magistros</strong></span> <span class='ocrx_word' id='word_1_503' title='bbox 2737 4369 3072 4428; x_wconf 57' lang='lat' dir='ltr'><strong>Iudaeorum.</strong></span> 
     </span>
    </p>
   </div>
   <div class='ocr_carea' id='block_1_75' title="bbox 314 4458 1958 4535">
    <p class='ocr_par' dir='ltr' id='par_1_75' title="bbox 314 4463 1803 4535">
     <span class='ocr_line' id='line_1_75' title="bbox 314 4463 1803 4535; baseline -0.003 -14"><span class='ocrx_word' id='word_1_504' title='bbox 314 4466 404 4521; x_wconf 77' lang='grc'>15.</span> <span class='ocrx_word' id='word_1_505' title='bbox 440 4466 624 4528; x_wconf 71' lang='grc' dir='ltr'>Οὕτως</span> <span class='ocrx_word' id='word_1_506' title='bbox 660 4463 936 4535; x_wconf 81' lang='grc' dir='ltr'>συντρίψει</span> <span class='ocrx_word' id='word_1_507' title='bbox 960 4465 1086 4527; x_wconf 77' lang='grc' dir='ltr'>τοὺς</span> <span class='ocrx_word' id='word_1_508' title='bbox 1106 4464 1371 4535; x_wconf 87' lang='grc' dir='ltr'>ἀρχοντας</span> <span class='ocrx_word' id='word_1_509' title='bbox 1400 4463 1496 4517; x_wconf 79' lang='grc' dir='ltr'>καὶ</span> <span class='ocrx_word' id='word_1_510' title='bbox 1544 4464 1636 4517; x_wconf 81' lang='grc' dir='ltr'>τὸν</span> <span class='ocrx_word' id='word_1_511' title='bbox 1676 4464 1803 4519; x_wconf 76' lang='grc' dir='ltr'>λαὸν</span> 
     </span>
    </p>
   </div>
   <div class='ocr_carea' id='block_1_76' title="bbox 1836 4458 3480 4535">
    <p class='ocr_par' dir='ltr' id='par_1_76' title="bbox 1985 4458 3480 4535">
     <span class='ocr_line' id='line_1_76' title="bbox 1985 4458 3480 4535; baseline 0.007 -22"><span class='ocrx_word' id='word_1_512' title='bbox 1985 4461 2070 4513; x_wconf 78' lang='grc'>15.</span> <span class='ocrx_word' id='word_1_513' title='bbox 2121 4458 2196 4513; x_wconf 85' lang='lat' dir='ltr'><strong>Ita</strong></span> <span class='ocrx_word' id='word_1_514' title='bbox 2230 4458 2533 4527; x_wconf 79' lang='lat' dir='ltr'><strong>confringet</strong></span> <span class='ocrx_word' id='word_1_515' title='bbox 2574 4462 2847 4531; x_wconf 89' lang='lat' dir='ltr'><strong>principes</strong></span> <span class='ocrx_word' id='word_1_516' title='bbox 2896 4475 2951 4518; x_wconf 86' lang='lat' dir='ltr'><strong>et</strong></span> <span class='ocrx_word' id='word_1_517' title='bbox 2996 4467 3223 4535; x_wconf 86' lang='lat' dir='ltr'><strong>populos</strong></span> <span class='ocrx_word' id='word_1_518' title='bbox 3265 4467 3480 4526; x_wconf 66' lang='lat' dir='ltr'><strong>Iudaeo-</strong></span> 
     </span>
    </p>
   </div>
   <div class='ocr_carea' id='block_1_77' title="bbox 238 4548 1882 4633">
    <p class='ocr_par' dir='ltr' id='par_1_77' title="bbox 238 4548 1882 4627">
     <span class='ocr_line' id='line_1_77' title="bbox 238 4548 1882 4627; baseline -0.005 -14"><span class='ocrx_word' id='word_1_519' title='bbox 238 4558 353 4613; x_wconf 77' lang='grc' dir='ltr'><strong>τῶν</strong></span> <span class='ocrx_word' id='word_1_520' title='bbox 393 4558 679 4619; x_wconf 84' lang='grc' dir='ltr'>Ἰουδαίων,</span> <span class='ocrx_word' id='word_1_521' title='bbox 716 4556 791 4620; x_wconf 82' lang='grc' dir='ltr'>ὡς</span> <span class='ocrx_word' id='word_1_522' title='bbox 820 4555 1017 4627; x_wconf 85' lang='grc' dir='ltr'>μόσχον</span> <span class='ocrx_word' id='word_1_523' title='bbox 1039 4555 1097 4609; x_wconf 83' lang='grc' dir='ltr'>ὃν</span> <span class='ocrx_word' id='word_1_524' title='bbox 1123 4557 1381 4627; x_wconf 70' lang='grc' dir='ltr'>ἐποίησαν</span> <span class='ocrx_word' id='word_1_525' title='bbox 1407 4557 1464 4608; x_wconf 82' lang='grc' dir='ltr'>ὲν</span> <span class='ocrx_word' id='word_1_526' title='bbox 1486 4558 1552 4627; x_wconf 78' lang='grc' dir='ltr'><strong>τῇ</strong></span> <span class='ocrx_word' id='word_1_527' title='bbox 1592 4557 1804 4627; x_wconf 81' lang='grc' dir='ltr'><strong>ἐρήμῳ,</strong></span> <span class='ocrx_word' id='word_1_528' title='bbox 1838 4548 1882 4605; x_wconf 84' lang='lat' dir='ltr'><strong>D</strong></span> 
     </span>
    </p>
   </div>
   <div class='ocr_carea' id='block_1_78' title="bbox 1836 4548 3480 4633">
    <p class='ocr_par' dir='ltr' id='par_1_78' title="bbox 1838 4548 3480 4633">
     <span class='ocr_line' id='line_1_78' title="bbox 1838 4548 3480 4633; baseline 0.007 -28"><span class='ocrx_word' id='word_1_529' title='bbox 1838 4548 1886 4605; x_wconf 89' lang='lat' dir='ltr'><strong>D</strong></span> <span class='ocrx_word' id='word_1_530' title='bbox 1912 4568 2055 4614; x_wconf 90' lang='lat' dir='ltr'><strong>rum,</strong></span> <span class='ocrx_word' id='word_1_531' title='bbox 2086 4560 2145 4604; x_wconf 92' lang='lat' dir='ltr'><strong>ut</strong></span> <span class='ocrx_word' id='word_1_532' title='bbox 2172 4550 2425 4615; x_wconf 78' lang='lat' dir='ltr'><strong>vitulum,</strong></span> <span class='ocrx_word' id='word_1_533' title='bbox 2475 4566 2638 4621; x_wconf 81' lang='lat' dir='ltr'><strong>quem</strong></span> <span class='ocrx_word' id='word_1_534' title='bbox 2678 4554 2731 4606; x_wconf 93' lang='lat' dir='ltr'><strong>in</strong></span> <span class='ocrx_word' id='word_1_535' title='bbox 2763 4569 2948 4609; x_wconf 88' lang='lat' dir='ltr'><strong>eremo</strong></span> <span class='ocrx_word' id='word_1_536' title='bbox 2980 4555 3236 4623; x_wconf 80' lang='lat' dir='ltr'><strong>iecerant,</strong></span> <span class='ocrx_word' id='word_1_537' title='bbox 3269 4560 3480 4633; x_wconf 77' lang='lat' dir='ltr'><strong>Moyses</strong></span> 
     </span>
    </p>
   </div>
   <div class='ocr_carea' id='block_1_79' title="bbox 234 4641 1878 4719">
    <p class='ocr_par' dir='ltr' id='par_1_79' title="bbox 234 4648 871 4719">
     <span class='ocr_line' id='line_1_79' title="bbox 234 4648 871 4719; baseline 0.002 -16"><span class='ocrx_word' id='word_1_538' title='bbox 234 4650 303 4703; x_wconf 75' lang='grc' dir='ltr'><strong>δν</strong></span> <span class='ocrx_word' id='word_1_539' title='bbox 332 4649 587 4703; x_wconf 82' lang='grc' dir='ltr'>ἑλέπτυνε</span> <span class='ocrx_word' id='word_1_540' title='bbox 606 4648 871 4719; x_wconf 83' lang='grc' dir='ltr'>Μωῦσῆς.</span> 
     </span>
    </p>
   </div>
   <div class='ocr_carea' id='block_1_80' title="bbox 614 4641 2258 4719">
    <p class='ocr_par' dir='ltr' id='par_1_80' title="bbox 614 4641 2258 4719">
     <span class='ocr_line' id='line_1_80' title="bbox 614 4641 2258 4719; baseline -0.004 -18"><span class='ocrx_word' id='word_1_541' title='bbox 614 4648 871 4719; x_wconf 83' lang='grc' dir='ltr'>Μωῦσῆς.</span> <span class='ocrx_word' id='word_1_542' title='bbox 1914 4641 2258 4697; x_wconf 89' lang='lat' dir='ltr'><strong>comminuit.</strong></span> 
     </span>
    </p>
   </div>
   <div class='ocr_carea' id='block_1_81' title="bbox 313 4726 1957 4805">
    <p class='ocr_par' dir='ltr' id='par_1_81' title="bbox 313 4726 1804 4805">
     <span class='ocr_line' id='line_1_81' title="bbox 313 4726 1804 4805; baseline -0.003 -14"><span class='ocrx_word' id='word_1_543' title='bbox 313 4737 404 4792; x_wconf 81' lang='lat'><strong>14.</strong></span> <span class='ocrx_word' id='word_1_544' title='bbox 434 4738 543 4791; x_wconf 80' lang='grc' dir='ltr'>Καὶ</span> <span class='ocrx_word' id='word_1_545' title='bbox 568 4738 597 4789; x_wconf 84' lang='grc' dir='ltr'>ὁ</span> <span class='ocrx_word' id='word_1_546' title='bbox 639 4736 764 4799; x_wconf 76' lang='grc' dir='ltr'>λαὸς</span> <span class='ocrx_word' id='word_1_547' title='bbox 794 4738 824 4789; x_wconf 85' lang='grc' dir='ltr'><strong>ό</strong></span> <span class='ocrx_word' id='word_1_548' title='bbox 849 4726 1041 4797; x_wconf 82' lang='grc' dir='ltr'>πιστὸς</span> <span class='ocrx_word' id='word_1_549' title='bbox 1084 4734 1197 4804; x_wconf 76' lang='grc' dir='ltr'>ἔχει</span> <span class='ocrx_word' id='word_1_550' title='bbox 1240 4734 1381 4787; x_wconf 83' lang='grc' dir='ltr'><strong>κατά</strong></span> <span class='ocrx_word' id='word_1_551' title='bbox 1424 4735 1518 4787; x_wconf 81' lang='grc' dir='ltr'>τοῦ</span> <span class='ocrx_word' id='word_1_552' title='bbox 1547 4732 1804 4805; x_wconf 83' lang='grc' dir='ltr'>μετώπου</span> 
     </span>
    </p>
   </div>
   <div class='ocr_carea' id='block_1_82' title="bbox 1836 4726 3480 4805">
    <p class='ocr_par' dir='ltr' id='par_1_82' title="bbox 1984 4730 3480 4803">
     <span class='ocr_line' id='line_1_82' title="bbox 1984 4730 3480 4803; baseline 0.009 -18"><span class='ocrx_word' id='word_1_553' title='bbox 1984 4733 2073 4787; x_wconf 80' lang='lat'><strong>14.</strong></span> <span class='ocrx_word' id='word_1_554' title='bbox 2105 4730 2171 4785; x_wconf 87' lang='lat' dir='ltr'><strong>Et</strong></span> <span class='ocrx_word' id='word_1_555' title='bbox 2197 4734 2431 4803; x_wconf 90' lang='lat' dir='ltr'><strong>populus</strong></span> <span class='ocrx_word' id='word_1_556' title='bbox 2460 4734 2633 4791; x_wconf 79' lang='lat' dir='ltr'><strong>ﬁdelis</strong></span> <span class='ocrx_word' id='word_1_557' title='bbox 2670 4738 2831 4793; x_wconf 84' lang='lat' dir='ltr'><strong>habet</strong></span> <span class='ocrx_word' id='word_1_558' title='bbox 2874 4740 2927 4794; x_wconf 92' lang='lat' dir='ltr'><strong>in</strong></span> <span class='ocrx_word' id='word_1_559' title='bbox 2959 4740 3137 4798; x_wconf 80' lang='lat' dir='ltr'><strong>fronte</strong></span> <span class='ocrx_word' id='word_1_560' title='bbox 3179 4758 3277 4798; x_wconf 85' lang='lat' dir='ltr'><strong>sua</strong></span> <span class='ocrx_word' id='word_1_561' title='bbox 3308 4759 3480 4799; x_wconf 91' lang='lat' dir='ltr'><strong>cornu</strong></span> 
     </span>
    </p>
   </div>
   <div class='ocr_carea' id='block_1_83' title="bbox 240 4822 1884 4900">
    <p class='ocr_par' dir='ltr' id='par_1_83' title="bbox 240 4826 1514 4900">
     <span class='ocr_line' id='line_1_83' title="bbox 240 4826 1514 4900; baseline -0.004 -15"><span class='ocrx_word' id='word_1_562' title='bbox 240 4830 410 4885; x_wconf 83' lang='grc' dir='ltr'>αὑτοῦ</span> <span class='ocrx_word' id='word_1_563' title='bbox 434 4829 598 4900; x_wconf 76' lang='grc' dir='ltr'>κέρας</span> <span class='ocrx_word' id='word_1_564' title='bbox 625 4826 847 4899; x_wconf 79' lang='grc' dir='ltr'>ὑψηλὸν,</span> <span class='ocrx_word' id='word_1_565' title='bbox 872 4827 947 4890; x_wconf 84' lang='grc' dir='ltr'><strong>ὡς</strong></span> <span class='ocrx_word' id='word_1_566' title='bbox 968 4827 1082 4891; x_wconf 82' lang='grc' dir='ltr'>υίὸς</span> <span class='ocrx_word' id='word_1_567' title='bbox 1109 4826 1514 4897; x_wconf 83' lang='grc' dir='ltr'>μονοκερώτων.</span> 
     </span>
    </p>
   </div>
   <div class='ocr_carea' id='block_1_84' title="bbox 1222 4822 2866 4900">
    <p class='ocr_par' dir='ltr' id='par_1_84' title="bbox 1222 4822 2866 4897">
     <span class='ocr_line' id='line_1_84' title="bbox 1222 4822 2866 4897; baseline 0.003 -18"><span class='ocrx_word' id='word_1_568' title='bbox 1222 4826 1514 4897; x_wconf 82' lang='grc' dir='ltr'>&gt;κερώτων.</span> <span class='ocrx_word' id='word_1_569' title='bbox 1914 4822 2203 4889; x_wconf 82' lang='lat' dir='ltr'><strong>elevatum,</strong></span> <span class='ocrx_word' id='word_1_570' title='bbox 2233 4833 2292 4877; x_wconf 91' lang='lat' dir='ltr'><strong>ut</strong></span> <span class='ocrx_word' id='word_1_571' title='bbox 2322 4824 2467 4880; x_wconf 81' lang='lat' dir='ltr'><strong>ﬁlius</strong></span> <span class='ocrx_word' id='word_1_572' title='bbox 2502 4827 2866 4883; x_wconf 91' lang='lat' dir='ltr'><strong>unicornium.</strong></span> 
     </span>
    </p>
   </div>
   <div class='ocr_carea' id='block_1_85' title="bbox 317 4912 1961 4989">
    <p class='ocr_par' dir='ltr' id='par_1_85' title="bbox 317 4913 1806 4989">
     <span class='ocr_line' id='line_1_85' title="bbox 317 4913 1806 4989; baseline -0.005 -14"><span class='ocrx_word' id='word_1_573' title='bbox 317 4920 407 4977; x_wconf 87' lang='lat'><strong>15.</strong></span> <span class='ocrx_word' id='word_1_574' title='bbox 438 4920 565 4973; x_wconf 79' lang='grc' dir='ltr'>Ὅτε</span> <span class='ocrx_word' id='word_1_575' title='bbox 597 4913 717 4971; x_wconf 83' lang='grc' dir='ltr'>εἶπε</span> <span class='ocrx_word' id='word_1_576' title='bbox 753 4916 830 4988; x_wconf 81' lang='grc' dir='ltr'><strong>τῷ</strong></span> <span class='ocrx_word' id='word_1_577' title='bbox 877 4916 1046 4989; x_wconf 76' lang='grc' dir='ltr'>λῃστῇ</span> <span class='ocrx_word' id='word_1_578' title='bbox 1066 4932 1082 4949; x_wconf 69' lang='grc' dir='ltr'>θ</span> <span class='ocrx_word' id='word_1_579' title='bbox 1109 4917 1245 4971; x_wconf 79' lang='grc' dir='ltr'>Μετ’</span> <span class='ocrx_word' id='word_1_580' title='bbox 1274 4916 1419 4985; x_wconf 83' lang='grc' dir='ltr'><strong>ἐμοῦ</strong></span> <span class='ocrx_word' id='word_1_581' title='bbox 1458 4916 1572 4985; x_wconf 77' lang='grc' dir='ltr'><strong>ἔσῃ</strong></span> <span class='ocrx_word' id='word_1_582' title='bbox 1611 4917 1680 4970; x_wconf 76' lang='grc' dir='ltr'><strong>ἐν</strong></span> <span class='ocrx_word' id='word_1_583' title='bbox 1727 4913 1806 4980; x_wconf 83' lang='grc' dir='ltr'>τῷ</span> 
     </span>
    </p>
   </div>
   <div class='ocr_carea' id='block_1_86' title="bbox 1837 4912 3481 4989">
    <p class='ocr_par' dir='ltr' id='par_1_86' title="bbox 1985 4912 3481 4982">
     <span class='ocr_line' id='line_1_86' title="bbox 1985 4912 3481 4982; baseline 0.009 -16"><span class='ocrx_word' id='word_1_584' title='bbox 1985 4914 2072 4967; x_wconf 88' lang='grc'>15.</span> <span class='ocrx_word' id='word_1_585' title='bbox 2115 4912 2345 4980; x_wconf 84' lang='lat' dir='ltr'><strong>Quando</strong></span> <span class='ocrx_word' id='word_1_586' title='bbox 2383 4918 2521 4973; x_wconf 74' lang='lat' dir='ltr'><strong>dixit</strong></span> <span class='ocrx_word' id='word_1_587' title='bbox 2554 4920 2787 4977; x_wconf 89' lang='lat' dir='ltr'><strong>latroni:</strong></span> <span class='ocrx_word' id='word_1_588' title='bbox 2831 4921 3003 4977; x_wconf 80' lang='lat' dir='ltr'><strong>Hodie</strong></span> <span class='ocrx_word' id='word_1_589' title='bbox 3052 4940 3256 4979; x_wconf 81' lang='lat' dir='ltr'><strong>mecum</strong></span> <span class='ocrx_word' id='word_1_590' title='bbox 3288 4928 3395 4982; x_wconf 76' lang='lat' dir='ltr'><strong>eris</strong></span> <span class='ocrx_word' id='word_1_591' title='bbox 3430 4929 3481 4981; x_wconf 84' lang='lat' dir='ltr'><strong>in</strong></span> 
     </span>
    </p>
   </div>
   <div class='ocr_carea' id='block_1_87' title="bbox 240 5004 1884 5083">
    <p class='ocr_par' dir='ltr' id='par_1_87' title="bbox 240 5012 607 5081">
     <span class='ocr_line' id='line_1_87' title="bbox 240 5012 607 5081; baseline -0.003 -15"><span class='ocrx_word' id='word_1_592' title='bbox 240 5012 607 5081; x_wconf 69' lang='grc' dir='ltr'>παραδείσῳ.</span> 
     </span>
    </p>
   </div>
   <div class='ocr_carea' id='block_1_88' title="bbox 614 5004 2258 5083">
    <p class='ocr_par' dir='ltr' id='par_1_88' title="bbox 1914 5004 2258 5083">
     <span class='ocr_line' id='line_1_88' title="bbox 1914 5004 2258 5083; baseline 0.003 -26"><span class='ocrx_word' id='word_1_593' title='bbox 1914 5004 2165 5083; x_wconf 79' lang='lat' dir='ltr'><strong>paradiso</strong></span> <span class='ocrx_word' id='word_1_594' title='bbox 2190 5008 2258 5063; x_wconf 81' lang='grc'><strong>⁸¹.</strong></span> 
     </span>
    </p>
   </div>
   <div class='ocr_carea' id='block_1_89' title="bbox 316 5096 1960 5184">
    <p class='ocr_par' dir='ltr' id='par_1_89' title="bbox 316 5100 1803 5174">
     <span class='ocr_line' id='line_1_89' title="bbox 316 5100 1803 5174; baseline -0.002 -18"><span class='ocrx_word' id='word_1_595' title='bbox 316 5102 403 5156; x_wconf 86' lang='grc'><strong>16.</strong></span> <span class='ocrx_word' id='word_1_596' title='bbox 441 5104 715 5174; x_wconf 79' lang='grc' dir='ltr'>Ἀκίνητον</span> <span class='ocrx_word' id='word_1_597' title='bbox 738 5102 864 5159; x_wconf 80' lang='grc' dir='ltr'>ὄντα</span> <span class='ocrx_word' id='word_1_598' title='bbox 888 5102 980 5156; x_wconf 80' lang='grc' dir='ltr'><strong>τὸν</strong></span> <span class='ocrx_word' id='word_1_599' title='bbox 1006 5101 1206 5172; x_wconf 84' lang='grc' dir='ltr'>κόσμον</span> <span class='ocrx_word' id='word_1_600' title='bbox 1234 5104 1330 5174; x_wconf 81' lang='grc' dir='ltr'>τῆς</span> <span class='ocrx_word' id='word_1_601' title='bbox 1361 5100 1803 5173; x_wconf 85' lang='grc' dir='ltr'>εἰδωλολατρειας</span> 
     </span>
    </p>
   </div>
   <div class='ocr_carea' id='block_1_90' title="bbox 1842 5096 3486 5184">
    <p class='ocr_par' dir='ltr' id='par_1_90' title="bbox 1987 5096 3486 5184">
     <span class='ocr_line' id='line_1_90' title="bbox 1987 5096 3486 5184; baseline 0.013 -35"><span class='ocrx_word' id='word_1_602' title='bbox 1987 5097 2073 5150; x_wconf 90' lang='grc'>16.</span> <span class='ocrx_word' id='word_1_603' title='bbox 2106 5096 2388 5163; x_wconf 76' lang='lat' dir='ltr'><strong>Mundum,</strong></span> <span class='ocrx_word' id='word_1_604' title='bbox 2424 5102 2520 5170; x_wconf 90' lang='lat' dir='ltr'><strong>qui</strong></span> <span class='ocrx_word' id='word_1_605' title='bbox 2548 5102 2616 5156; x_wconf 85' lang='lat' dir='ltr'><strong>ab</strong></span> <span class='ocrx_word' id='word_1_606' title='bbox 2647 5102 2953 5160; x_wconf 87' lang='lat' dir='ltr'><strong>idololatria</strong></span> <span class='ocrx_word' id='word_1_607' title='bbox 2979 5110 3225 5163; x_wconf 81' lang='lat' dir='ltr'><strong>amoveri</strong></span> <span class='ocrx_word' id='word_1_608' title='bbox 3252 5126 3358 5166; x_wconf 89' lang='lat' dir='ltr'><strong>non</strong></span> <span class='ocrx_word' id='word_1_609' title='bbox 3387 5126 3486 5184; x_wconf 80' lang='lat' dir='ltr'><strong>po-</strong></span> 
     </span>
    </p>
   </div>
   <div class='ocr_carea' id='block_1_91' title="bbox 246 5192 1890 5265">
    <p class='ocr_par' dir='ltr' id='par_1_91' title="bbox 246 5193 1443 5265">
     <span class='ocr_line' id='line_1_91' title="bbox 246 5193 1443 5265; baseline -0.002 -18"><span class='ocrx_word' id='word_1_610' title='bbox 246 5196 556 5265; x_wconf 80' lang='grc' dir='ltr'>μετήγαγεν</span> <span class='ocrx_word' id='word_1_611' title='bbox 577 5197 657 5258; x_wconf 82' lang='grc' dir='ltr'><strong>είς</strong></span> <span class='ocrx_word' id='word_1_612' title='bbox 695 5195 875 5248; x_wconf 87' lang='grc' dir='ltr'>πίστιν</span> <span class='ocrx_word' id='word_1_613' title='bbox 894 5196 923 5247; x_wconf 89' lang='grc' dir='ltr'><strong>ὀ</strong></span> <span class='ocrx_word' id='word_1_614' title='bbox 951 5194 1107 5263; x_wconf 74' lang='grc' dir='ltr'>λόγος</span> <span class='ocrx_word' id='word_1_615' title='bbox 1127 5193 1307 5246; x_wconf 72' lang='grc' dir='ltr'>αὐτῶν</span> <span class='ocrx_word' id='word_1_616' title='bbox 1341 5193 1443 5263; x_wconf 79' lang='grc'><strong>(5).</strong></span> 
     </span>
    </p>
   </div>
   <div class='ocr_carea' id='block_1_92' title="bbox 1610 5192 3254 5265">
    <p class='ocr_par' dir='ltr' id='par_1_92' title="bbox 1918 5192 3254 5258">
     <span class='ocr_line' id='line_1_92' title="bbox 1918 5192 3254 5258; baseline 0.014 -20"><span class='ocrx_word' id='word_1_617' title='bbox 1918 5195 2075 5250; x_wconf 87' lang='lat' dir='ltr'><strong>terat,</strong></span> <span class='ocrx_word' id='word_1_618' title='bbox 2113 5202 2297 5244; x_wconf 89' lang='lat' dir='ltr'><strong>sermo</strong></span> <span class='ocrx_word' id='word_1_619' title='bbox 2319 5192 2695 5258; x_wconf 87' lang='lat' dir='ltr'><strong>apostolorum</strong></span> <span class='ocrx_word' id='word_1_620' title='bbox 2725 5196 2965 5252; x_wconf 69' lang='lat' dir='ltr'><strong>traduxit</strong></span> <span class='ocrx_word' id='word_1_621' title='bbox 2996 5199 3050 5253; x_wconf 92' lang='lat' dir='ltr'><strong>in</strong></span> <span class='ocrx_word' id='word_1_622' title='bbox 3074 5199 3254 5257; x_wconf 81' lang='lat' dir='ltr'><strong>ﬁdem.</strong></span> 
     </span>
    </p>
   </div>
   <div class='ocr_carea' id='block_1_93' title="bbox 313 5370 833 5441">
    <p class='ocr_par' dir='ltr' id='par_1_93' title="bbox 313 5370 833 5441">
     <span class='ocr_line' id='line_1_93' title="bbox 313 5370 833 5441; baseline -0.008 -12"><span class='ocrx_word' id='word_1_623' title='bbox 313 5372 359 5406; x_wconf 80' lang='lat'><strong>&quot;</strong></span> <span class='ocrx_word' id='word_1_624' title='bbox 382 5372 515 5429; x_wconf 86' lang='lat' dir='ltr'><strong>Luc.</strong></span> <span class='ocrx_word' id='word_1_625' title='bbox 547 5387 705 5441; x_wconf 83' lang='lat' dir='ltr'><strong>mu,</strong></span> <span class='ocrx_word' id='word_1_626' title='bbox 744 5370 833 5427; x_wconf 78' lang='lat'><strong>43.</strong></span> 
     </span>
    </p>
   </div>
   <div class='ocr_carea' id='block_1_94' title="bbox 1188 5525 2538 5606">
    <p class='ocr_par' dir='ltr' id='par_1_94' title="bbox 1188 5525 2538 5606">
     <span class='ocr_line' id='line_1_94' title="bbox 1188 5525 2538 5606; baseline -0.002 -14"><span class='ocrx_word' id='word_1_627' title='bbox 1188 5529 1323 5592; x_wconf 83' lang='lat' dir='ltr'><strong>Add</strong></span> <span class='ocrx_word' id='word_1_628' title='bbox 1348 5528 1490 5591; x_wconf 63' lang='lat' dir='ltr'><strong>inde</strong></span> <span class='ocrx_word' id='word_1_629' title='bbox 1532 5534 1593 5591; x_wconf 89' lang='lat' dir='ltr'><strong>et</strong></span> <span class='ocrx_word' id='word_1_630' title='bbox 1634 5525 2005 5606; x_wconf 80' lang='lat' dir='ltr'><strong>corrigenda</strong></span> <span class='ocrx_word' id='word_1_631' title='bbox 2038 5545 2115 5589; x_wconf 80' lang='lat' dir='ltr'><strong>cx</strong></span> <span class='ocrx_word' id='word_1_632' title='bbox 2148 5529 2287 5590; x_wconf 87' lang='lat' dir='ltr'><strong>cod.</strong></span> <span class='ocrx_word' id='word_1_633' title='bbox 2335 5530 2538 5591; x_wconf 83' lang='lat' dir='ltr'><strong>Vatic.</strong></span> 
     </span>
    </p>
   </div>
   <div class='ocr_carea' id='block_1_95' title="bbox 260 5691 2321 5834">
    <p class='ocr_par' dir='ltr' id='par_1_95' title="bbox 260 5691 2321 5834">
     <span class='ocr_line' id='line_1_95' title="bbox 260 5691 2321 5834; baseline -0.003 -83"><span class='ocrx_word' id='word_1_634' title='bbox 260 5698 270 5710; x_wconf 84' lang='lat'><strong>&#39;</strong></span> <span class='ocrx_word' id='word_1_635' title='bbox 315 5699 391 5834; x_wconf 49' lang='grc' dir='ltr'><strong>ξι)</strong></span> <span class='ocrx_word' id='word_1_636' title='bbox 434 5697 610 5780; x_wconf 55' lang='grc' dir='ltr'>Ἥ.διά</span> <span class='ocrx_word' id='word_1_637' title='bbox 627 5698 725 5771; x_wconf 76' lang='grc' dir='ltr'>τῆς</span> <span class='ocrx_word' id='word_1_638' title='bbox 762 5697 1127 5768; x_wconf 55' lang='grc' dir='ltr'>κιπασάρεως</span> <span class='ocrx_word' id='word_1_639' title='bbox 1159 5714 1283 5769; x_wconf 84' lang='grc' dir='ltr'>περ.</span> <span class='ocrx_word' id='word_1_640' title='bbox 1982 5691 2321 5791; x_wconf 39' lang='lat' dir='ltr'><strong>(9119mm;</strong></span> 
     </span>
     <span class='ocr_line' id='line_1_96' title="bbox 337 5766 2286 5834; baseline -0.003 -13"><span class='ocrx_word' id='word_1_641' title='bbox 337 5770 392 5834; x_wconf 85' lang='grc'>2)</span> <span class='ocrx_word' id='word_1_642' title='bbox 420 5771 547 5824; x_wconf 86' lang='grc' dir='ltr'>Του.</span> <span class='ocrx_word' id='word_1_643' title='bbox 1981 5770 2055 5833; x_wconf 75' lang='grc' dir='ltr'><strong>(ο)</strong></span> <span class='ocrx_word' id='word_1_644' title='bbox 2092 5766 2286 5818; x_wconf 78' lang='grc' dir='ltr'>Αυτου.</span> 
     </span>
    </p>
   </div>
   <div class='ocr_carea' id='block_1_96' title="bbox 337 5764 2286 5839">
    <p class='ocr_par' dir='ltr' id='par_1_96' title="bbox 337 5764 2286 5839">
     <span class='ocr_line' id='line_1_97' title="bbox 337 5764 2286 5839; baseline -0.003 -18"><span class='ocrx_word' id='word_1_645' title='bbox 337 5764 547 5839; x_wconf 59' lang='lat' dir='ltr'><strong>suos.</strong></span> <span class='ocrx_word' id='word_1_646' title='bbox 682 5764 695 5771; x_wconf 83' lang='lat'><strong>&#39;</strong></span> <span class='ocrx_word' id='word_1_647' title='bbox 822 5838 827 5839; x_wconf 17' lang='grc' dir='ltr'><em>ν</em></span> <span class='ocrx_word' id='word_1_648' title='bbox 995 5764 1005 5768; x_wconf 80' lang='lat'><strong><em>‘</em></strong></span> <span class='ocrx_word' id='word_1_649' title='bbox 1230 5764 1241 5769; x_wconf 85' lang='lat'>&#39;</span> <span class='ocrx_word' id='word_1_650' title='bbox 1981 5764 2286 5833; x_wconf 53' lang='lat' dir='ltr'><strong>(sm-5:05.</strong></span> 
     </span>
    </p>
   </div>
   <div class='ocr_carea' id='block_1_97' title="bbox 315 5838 923 5911">
    <p class='ocr_par' dir='ltr' id='par_1_97' title="bbox 315 5838 923 5911">
     <span class='ocr_line' id='line_1_98' title="bbox 315 5838 923 5911; baseline 0 -18"><span class='ocrx_word' id='word_1_651' title='bbox 315 5838 391 5911; x_wconf 76' lang='lat'><strong>(3)</strong></span> <span class='ocrx_word' id='word_1_652' title='bbox 417 5838 481 5895; x_wconf 82' lang='grc' dir='ltr'><strong>Ν.</strong></span> <span class='ocrx_word' id='word_1_653' title='bbox 517 5842 565 5895; x_wconf 79' lang='grc'><strong>1.</strong></span> <span class='ocrx_word' id='word_1_654' title='bbox 596 5841 657 5895; x_wconf 83' lang='grc' dir='ltr'>Οί</span> <span class='ocrx_word' id='word_1_655' title='bbox 680 5838 923 5907; x_wconf 78' lang='grc' dir='ltr'>ἄγγελοι.</span> 
     </span>
    </p>
   </div>
  </div>
