4164 6486
235 463 348 519 753
1120 453 1210 509 DE
1246 454 1522 512 TlTULlS
1562 454 2016 511 l‘SALMCPJJM.
2058 484 2129 495 -—
2170 452 2368 509 PSAL.
2407 449 2600 506 XXIX.
2675 506 2678 513 ,
3376 449 3481 507 76‘

310 572 365 631 8.
390 573 514 627 ὐτι
543 571 682 643 ὀργὴ
705 573 763 624 ἐν
783 568 860 639 τῷ
889 566 1045 639 θυμῴ
1081 567 1245 621 αὐτοῦ
1266 606 1282 631 ,
1837 574 1882 627 Α

1837 574 1882 627 Α
1980 568 2035 622 8.
2074 566 2347 633 Quoniam
2380 566 2462 619 ira
2493 564 2547 617 in
2579 562 2952 634 indignatione
2978 562 3094 633 ejus
3121 581 3137 629 ;

310 663 363 719 9.
394 664 503 717 Kal
535 661 649 732 ζωὴ
683 662 742 714 ὲν
771 659 849 731 τῷ
878 658 1142 730 θελήματι
1164 658 1351 713 αὐτοῦ.

1194 658 1351 713 ιύτοῦ.
1981 660 2032 713 9.
2065 659 2131 713 Et
2153 659 2264 712 vita
2292 658 2347 711 in
2379 656 2657 710 voluntate
2681 656 2838 724 ejus:

314 751 401 807 10.
435 751 509 805 Τὸ
530 750 768 823 ἑσπέρας
798 749 1180 822 αὐλισοήσεται
1212 749 1510 821 κλαυθμὸς,

1488 770 1510 812 ἰ
1985 754 2075 808 10.
2107 752 2188 806 Ad
2221 764 2512 820 vesperum
2540 748 2916 803 demorabitur
2940 747 3096 802 ﬂetus
3120 764 3132 801 :

312 843 400 896 11.
436 844 546 896 Καὶ
576 845 655 907 εἰς
685 842 744 895 τὸ
767 842 914 914 πρωὶ
934 840 1271 910 ἀγαλλίασις.

1210 859 1271 905 ις.
1981 847 2069 902 11.
2103 843 2168 899 Ει
2196 843 2262 898 ad
2294 839 2622 897 matutinum
2651 838 2854 894 laetitia.

314 935 402 990 12.
439 934 580 1003 Ἐγὼ
610 935 668 988 δὲ
688 929 819 988 εἶπα
863 936 923 988 ἐν
951 936 1017 1005 τῇ
1049 933 1275 1005 εὐθηνίᾳ
1321 950 1452 1005 μου*
1500 934 1576 986 Οὐ
1606 931 1683 1005 μὴ
1711 950 1807 986 σα-

1982 936 2070 990 12.
2117 933 2232 1004 Ego
2289 943 2471 988 autem
2512 930 2626 985 dixi
2676 930 2732 984 in
2778 929 3111 985 abundantia
3162 944 3282 984 mea
3316 948 3329 984 :
3358 928 3475 985 Non

233 1024 415 1080 λευθῶ
442 1028 522 1089 εἰς
539 1026 629 1079 τὸν
652 1026 844 1081 αἰῶνα.

1910 1034 2171 1084 tnovehor
2202 1026 2256 1080 iu
2282 1035 2566 1080 ateruum.

311 1114 399 1169 15.
438 1113 630 1186 Κύριε,
655 1120 713 1170 ὲν
740 1115 818 1186 τῷ
849 1115 1114 1187 θελήματι
1146 1132 1239 1168 σου
1269 1114 1551 1186 παρέσχου
1584 1114 1661 1185 τῷ
1680 1113 1807 1169 κάλ-

1982 1121 2071 1175 15.
2105 1119 2356 1184 Domine,
2409 1118 2464 1172 in
2516 1115 2795 1172 voluntate
2843 1124 2933 1170 tua
2965 1115 3257 1184 praestitisti
3296 1114 3474 1171 decori

236 1204 323 1258 λει
352 1222 455 1275 μου
487 1206 715 1277 δύναμιν
736 1222 749 1235 ·

712 1222 749 1247 ’⁵
1912 1228 2032 1268 nteo
2060 1213 2314 1267 virtutem
2343 1230 2356 1265 :

312 1295 399 1349 M.
443 1295 816 1369 ’Δπὲστρεψας
852 1296 909 1349 δὲ
942 1295 1002 1350 τὸ
1030 1296 1318 1367 πρόσωπον
1353 1312 1468 1360 σου,
1501 1297 1596 1349 κα)⁵
1624 1297 1809 1367 ἐγενή-

1982 1307 2069 1362 14.
2124 1304 2385 1361 Avertiin
2433 1302 2630 1358 faciem
2663 1312 2813 1356 tuam
2853 1315 2883 1353 a
2918 1315 3024 1363 me,
3054 1308 3108 1354 ct
3150 1297 3327 1355 tactus
3354 1315 3473 1354 sum

236 1386 340 1458 θην
370 1388 792 1459 τεταραγμένος.

642 1388 792 1451 ιένος.
1908 1398 2286 1456 conturbatus.

316 1482 400 1536 i5.
433 1482 575 1553 Πρὸς
605 1482 686 1546 σὲ,
723 1481 917 1552 Κύριε,
943 1480 1282 1554 κεκράξομαι
1303 1498 1317 1513 ·

1231 1499 1282 1535 αι
1303 1498 1317 1513 ⁶
1979 1491 2066 1546 15.
2097 1489 2177 1543 Ad
2204 1499 2277 1553 te,
2312 1486 2557 1552 Domine,
2584 1485 2833 1540 clamabo
2864 1502 2875 1537 :

310 1575 398 1629 1ϋ.
427 1576 538 1628 Καὶ
559 1575 693 1645 apo;
723 1574 815 1628 τὸν
838 1574 972 1628 Θεόν
1007 1592 1109 1646 μου
1132 1574 1489 1647 δεηθήσομαι.

1414 1591 1489 1629 αι.
1981 1581 2069 1637 16.
2100 1579 2168 1634 Et
2198 1580 2265 1635 ad
2296 1577 2468 1634 Deum
2493 1591 2672 1631 meum
2704 1575 3058 1645 deprecabor.

309 1666 398 1721 17.
433 1667 528 1730 Τίς
556 1667 794 1737 ὠφέλεια
820 1669 877 1720 ὲν
902 1667 979 1738 τῷ
1000 1667 1191 1739 αἵματί
1227 1685 1350 1738 μου,
1375 1665 1526 1737 ἐντῷ
1552 1666 1810 1720 καταϐαί-

1979 1674 2067 1730 17.
2092 1672 2227 1740 Quze
2259 1672 2466 1727 utilitas
2499 1671 2552 1724 in
2589 1668 2854 1738 sanguine
2884 1683 3024 1735 meo,
3050 1668 3177 1722 dum
3208 1664 3478 1721 descendo

234 1775 352 1811 νειν
385 1775 452 1828 με
484 1760 563 1821 εἰς
580 1756 912 1831 διαφθοράν;

806 1758 912 1824 ’ἀν;
1909 1769 1963 1822 iu
1994 1763 2450 1836 corruptionem?

313 1849 401 1905 18.
430 1849 520 1920 Μὴ
549 1850 999 1920 ἐξομολογήσεται
1027 1867 1109 1903 σοι
1138 1849 1264 1920 χοῦς
1289 1867 1302 1880 ο
1837 1917 1882 1927 Ἀ

1837 1917 1882 1927 ,η
1984 1859 2070 1913 18.
2098 1855 2353 1927 Nunquid
2388 1853 2735 1909 conﬁtebitur
2766 1852 2862 1907 tibi
2896 1851 3071 1922 pulvis
3100 1869 3112 1915 ;

311 1941 399 1995 19.
432 1917 819 2010 aramus
850 1942 949 2013 τὴν
973 1917 1229 2013 ἀλήθειάν
1261 1958 1353 1995 σου
1381 1958 1395 2004 ;
1837 1917 1885 1975 Β

1837 1917 1885 1975 Β
1985 1951 2073 2004 19.
2115 1917 2912 2003 Aut-annuntiabitveritatem
2943 1941 3131 1997 tuam?
3212 1980 3218 1989 .

311 2031 402 2086 20.
442 2032 677 2085 ’Ἤκουσε
702 2032 926 2103 Κύριος,
962 2034 1057 2087 καὶ
1080 2032 1276 2103 ἠλέησὲ
1307 2049 1373 2104 με

1984 2040 2075 2095 20.
2115 2039 2340 2094 Audivit
2374 2038 2659 2104 Dominus,
2684 2044 2739 2091 et
2771 2035 3028 2091 misertus
3054 2042 3137 2089 est
3160 2032 3299 2087 mei:

308 2123 397 2177 21.
432 2122 633 2193 Κύριος
660 2124 891 2196 ἐγενήθη
915 2124 1107 2195 βοηθός
1134 2141 1256 2195 μου.

1984 2132 2074 2187 21.
2109 2130 2373 2185 Dominus
2393 2129 2573 2185 factus
2600 2137 2686 2184 est
2708 2126 2926 2197 adjutor
2956 2141 3126 2182 meus.

307 2214 400 2269 22.
432 2215 739 2286 Ἐστρεψας
761 2216 852 2270 τὸν
884 2218 1112 2271 κοπετόν
1146 2233 1246 2288 μου
1274 2218 1353 2280 εἰς
1387 2215 1563 2287 χαρὰν
1586 2214 1707 2285 ὲμοί
1726 2229 1741 2245 ·

1988 2224 2081 2279 22.
2100 2222 2431 2279 Convertisti
2454 2222 2733 2291 planctum
2764 2233 2945 2273 meum
2968 2218 3022 2271 in
3050 2215 3303 2288 gaudium
3323 2217 3479 2270 mihi.

307 2307 399 2361 25.
436 2307 735 2378 Διέῥρηξας
772 2309 863 2361 τὸν
915 2310 1114 2364 σάκκον
1165 2326 1289 2381 μου,
1333 2308 1429 2362 καὶ
1468 2306 1808 2378 πριὲζωσὰς

1984 2315 2076 2368 23.
2109 2312 2443 2368 Conscidisti
2493 2326 2712 2367 saccum
2744 2324 2945 2372 meum,
2976 2317 3032 2363 et
3076 2306 3478 2362 circumdedisti

238 2414 309 2468 με
349 2398 684 2470 εὐφροσύνην

607 2417 684 2470 ἠν
1915 2421 2000 2460 me
2029 2404 2211 2459 lzetitia
2238 2422 2251 2458 :

306 2494 398 2548 21.
427 2496 613 2561 Ὅπως
646 2498 715 2551 ἂν
734 2496 879 2570 ψάλῃ
912 2516 993 2553 σοι
1016 2503 1049 2573 ἡ
1077 2501 1204 2567 δόξα
1231 2519 1356 2573 μου,
1387 2502 1481 2555 καὶ
1507 2499 1568 2553 οὐ
1607 2498 1683 2570 μὴ
1705 2516 1803 2553 κα-

1983 2496 2075 2551 24.
2128 2494 2200 2551 Ut
2245 2504 2429 2551 cantet
2489 2495 2583 2549 tibi
2628 2494 2799 2563 gloria
2848 2509 3004 2556 mea,
3059 2502 3113 2547 et
3169 2508 3274 2546 nou
3328 2506 3476 2545 cout-

232 2585 456 2655 τανυγῶ
476 2603 490 2618 ’

1914 2604 2124 2659 pungar
2148 2607 2161 2643 :

306 2678 397 2734 25.
433 2679 603 2754 Κύριε
622 2684 651 2737 ό
677 2683 811 2748 Θεός
840 2702 962 2756 μου,
994 2689 1073 2751 εἰς
1099 2687 1188 2741 τὸν
1217 2687 1388 2741 αἰῶνα
1419 2684 1807 2757 ἑξομολογήσοο

1987 2681 2079 2735 25.
2130 2679 2360 2736 Domine
2389 2679 2533 2736 Deus
2558 2693 2734 2745 meus.
2781 2681 2836 2732 in
2880 2686 3141 2733 aeternum
3179 2674 3480 2731 conﬁtebor

238 2773 337 2842 μαί
360 2789 459 2828 σοι.
1912 2774 2030 2828 tibi.

1363 2932 1735 2992 ATIIANASII
1777 2931 2355 2990 lNTEllPRETATIO.

310 3089 361 3143 8.
399 3090 485 3144 ‘Ev
508 3093 574 3161 τῇ
600 3092 965 3166 ἀγανακτήσει
993 3094 1158 3150 αὑτοῦ
1189 3096 1325 3168 ὀργὴ
1356 3095 1664 3169 ἐπέρχεται,
1684 3095 1806 3149 καθ’

1984 3092 2038 3150 8.
2065 3094 2123 3150 ln
2154 3093 2525 3165 indignatione
2560 3095 2681 3163 ejus
2720 3092 2801 3147 ira
2836 3090 3053 3146 advenit
3093 3089 3146 3142 in
3183 3085 3304 3141 illos
3348 3097 3477 3137 con-

235 3175 315 3235 ὧν
342 3183 659 3250 ἀγανακτεῖ.
1762 3250 1765 3255 ν

1762 3250 1765 3255 ί
1913 3194 1995 3240 tra
2020 3200 2163 3256 quos
2190 3185 2521 3256 indignatur.

309 3272 365 3328 9.
408 3273 496 3327 Ἐν
518 3276 638 3337 ταῖς
671 3274 911 3340 ἐντολαῖς
944 3276 1131 3332 αὐτοῦ.

973 3276 1131 3332 ιύτοῦ.
1982 3276 2038 3332 9.
2077 3276 2138 3331 In
2160 3276 2445 3347 praeceptis
2477 3274 2617 3346 ejus.

558 3369 626 3477 τῇ
648 3366 889 3477 aqua:th
918 3367 1113 3469 πένθος
1138 3368 1275 3425 ἕπε.
1834 3413 1882 3477 c

1107 3386 1113 3430 :
1138 3368 1275 3477 ὶπξ.
1335 3459 1347 3477 9
1434 3457 1481 3477 μ
1505 3459 1518 3477 ν
1834 3413 1882 3477 c
2098 3364 2159 3477 inn
2187 3376 2413 3477 peccato
2434 3366 2619 3477 'l‘uctuis
2647 3372 2751 3468 est.

307 3454 398 3509 11.
432 3454 541 3509 Καὶ
567 3456 623 3508 ὲν
645 3457 759 3517 τοῖς
787 3454 968 3527 ἔργοις
993 3456 1087 3511 τοῦ
1118 3458 1294 3527 φωτὸς
1324 3457 1660 3527 ἀγαλλίασις.
1835 3451 1882 3477 ν

1412 3457 1660 3523 ιλλίασις.
1835 3451 1882 3477 ν
1983 3457 2073 3514 11.
2110 3454 2178 3513 Ει
2204 3456 2261 3513 in
2299 3456 2558 3529 operibus
2583 3454 2722 3510 lueis
2745 3451 3056 3510 exsultatio.

312 3546 400 3600 12.
444 3543 584 3614 Ἐγὼ
609 3544 688 3610 δὲ,
712 3547 840 3601 ὅταν
868 3546 1136 3619 ἥμαρτον,
1162 3548 1369 3618 ἔλεγον*
1393 3550 1466 3602 Οὒ
1505 3550 1580 3621 μὴ
1603 3549 1803 3622 ἐπέλθῃ

1984 3547 2070 3605 12.
2106 3547 2219 3617 Ego
2246 3557 2429 3605 autem
2473 3563 2599 3605 cum
2648 3545 2908 3619 peccavi,
2957 3542 3113 3598 dixi:
3161 3539 3279 3596 Non
3315 3540 3478 3596 adve-

235 3635 326 3689 ἐπ’
351 3633 451 3705 ἐμὲ
488 3634 652 3689 κακά.

1910 3639 2067 3696 nient
2094 3639 2151 3694 in
2179 3654 2267 3695 me
2292 3640 2456 3695 mala.

310 3727 396 3783 15.
429 3727 500 3781 Σὺ
524 3726 603 3792 δὲ,
625 3727 732 3799 πρὸ
759 3725 851 3781 τοῦ
900 3728 1166 3798 ἁμαρτεῖν
1195 3743 1283 3800 με,
1322 3726 1530 3792 ἔδωκας
1560 3729 1626 3799 τῇ
1659 3727 1804 3799 ψυχῇ

1985 3731 2073 3786 15.
2104 3728 2187 3786 Tu
2225 3739 2435 3796 autem,
2476 3730 2797 3802 priusquam
2834 3739 3137 3798 peccarem,
3171 3721 3363 3777 dedisti
3411 3736 3476 3779 a-

240 3836 343 3889 μου
370 3818 469 3891 τὴν
498 3818 657 3889 χάριν
693 3834 809 3872 σου.

1911 3822 2075 3879 nime
2102 3838 2241 3879 mea
2270 3823 2504 3895 gratiam
2531 3834 2702 3880 tuam.

310 3910 397 3964 M.
428 3910 688 3981 ’Ὕστερον
709 3910 764 3964 δὲ
792 3910 1169 3982 ἡμαρτηκότος
1200 3912 1692 3984 μου,ἁπεστράφης
1715 3930 1801 3983 με.

1982 3916 2069 3971 14.
2103 3915 2298 3973 Postea
2331 3924 2513 3971 autem
2542 3924 2803 3987 peccante
2831 3929 2938 3980 me,
2970 3917 3251 3966 aversatus
3279 3922 3339 3961 es
3367 3920 3473 3964 me.

236 4004 331 4057 καὶ
358 4005 414 4055 ὲν
441 4002 610 4071 ἀγῶνι
640 4001 819 4072 πολλῷ
843 4002 1109 4072 ἐγενόμην
1154 4002 1508 4073 μνημονεύων
1539 4005 1637 4075 τῆς
1667 4005 1803 4076 ὴμέ-

1909 4020 1964 4066 et
2006 4010 2060 4063 in
2085 4022 2289 4079 angore
2316 4008 2490 4064 multo
2519 4008 2597 4062 fui
2628 4016 2850 4078 propter
2892 4000 3325 4058 recordationem
3370 3995 3474 4051 dici

239 4111 340 4166 ρας
371 4093 466 4164 τῆς
487 4094 739 4166 κρίσεως.

487 4094 739 4166 κρίσεως.
1905 4097 2116 4169 jmlicii.

309 4184 399 4241 15.
429 4185 571 4262 ῌρὸς
603 4185 661 4238 σὲ
690 4185 782 4238 τὸν
810 4187 1036 4257 ποιητήν
1067 4202 1168 4257 μου
1195 4184 1476 4257 βοήσομαι.

1421 4203 1476 4240 ιι.
1980 4188 2068 4243 15.
2094 4189 2179 4245 Ad
2212 4197 2266 4244 te
2291 4187 2552 4244 factorem
2593 4198 2773 4239 meum
2801 4181 3065 4237 clamabo.

307 4277 398 4331 16.
439 4278 547 4330 Καὶ
581 4277 716 4347 πρὸς
751 4276 809 4329 σὲ
842 4277 931 4330 τὸν
958 4276 1148 4349 ἔφορόν
1180 4294 1280 4347 μου
1311 4277 1661 4348 δεηθήσομαι.

1981 4279 2065 4334 16.
2097 4280 2164 4334 Et
2191 4280 2258 4335 ad
2288 4289 2339 4335 te
2371 4279 2733 4348 inspectorem
2772 4289 2952 4330 meum
2986 4274 3328 4343 deprecabor.

307 4367 395 4420 17.
425 4366 647 4435 Ἔλεγον
678 4366 898 4438 ἐμαυτῷ
917 4381 933 4399 ·
961 4368 1055 4431 Τίς
1078 4367 1317 4437 ὠφέλεια
1342 4369 1408 4438 τῇ
1438 4368 1581 4439 ψυχῇ
1615 4370 1801 4438 μουιέν

1982 4373 2069 4428 17.
2108 4371 2365 4428 Dicebam
2396 4368 2755 4438 mihimetipsi
2786 4384 2800 4397 ο
2847 4365 2979 4433 Qua:
3008 4365 3214 4419 utilitas
3254 4364 3308 4419 in
3348 4377 3472 4434 pec-

232 4459 312 4531 τῷ
338 4459 672 4530 ἁμαρτάνειν
697 4475 765 4530 με
793 4476 808 4524 ;

1907 4466 2083 4521 cando
2110 4464 2307 4520 anima;
2338 4478 2470 4518 mea:
2497 4462 2519 4515 ἲ

306 4552 394 4617 18,
429 4550 515 4606 19.
554 4552 624 4605 Ἢ
688 4550 824 4622 μετά
871 4551 929 4604 τὸ
978 4549 1269 4606 ἀποθανεῖν
1312 4549 1802 4623 ἐξομολογήσασϐαί

1982 4556 2071 4624 18,
2124 4557 2210 4612 19.
2247 4557 2331 4609 Au
2379 4564 2670 4626 postquam
2727 4559 2976 4607 mortuus
3031 4548 3184 4603 fuero
3225 4545 3471 4602 conﬁteri

234 4663 317 4699 σοι
346 4643 575 4715 δύναμαι
597 4662 611 4710 ;

1907 4647 2004 4703 tibi
2034 4644 2299 4717 possum?

302 4736 393 4799 20,
419 4734 509 4789 2i.
535 4731 751 4802 Κύριος
781 4731 1034 4803 ἐγενήθη
1067 4734 1292 4802 ,ϐοηθός
1309 4750 1447 4803 μου,
1477 4730 1648 4785 ταῦτά
1702 4748 1797 4803 μου
1834 4775 1877 4829 D

1834 4775 1877 4829 Β
1976 4738 2067 4803 20,
2101 4736 2191 4792 21.
2221 4734 2298 4791 Ita
2342 4749 2429 4789 me
2461 4734 2824 4805 deprecante,
2882 4732 3134 4786 Dominus
3174 4731 3346 4801 [actus
3392 4736 3471 4783 est

233 4826 672 4900 προσευχομένου
694 4826 793 4897 (1).
1834 4826 1862 4829 ⁷

666 4845 672 4875 ⁵
694 4826 793 4897 (1)·
1834 4826 1862 4829 ⁷
1907 4832 2122 4900 adjutor
2146 4845 2310 4884 meus.

301 4918 393 4973 22.
424 4919 498 4972 Τὸ
522 4917 714 4982 πένθος
736 4918 834 4989 τῆς
856 4918 1130 4991 ἁμαρτίας
1168 4934 1290 4987 μου.

1096 4935 1130 4981 ης
1168 4934 1290 4987 μου·
1976 4922 2066 4976 22.
2106 4921 2338 4978 Luctum
2368 4919 2574 4991 peccati
2614 4919 2740 4973 mei.

300 5010 391 5065 23.
432 5009 542 5081 Τὴν
572 5009 849 5082 ἁμαρτίαν
876 5025 979 5081 μου
1001 5008 1312 5080 διέῤῥηξας,
1339 5009 1434 5062 καὶ
1468 5007 1805 5078 περιέζωσάς

1971 5014 2062 5070 25.
2094 5012 2385 5070 Peccatum
2410 5030 2587 5070 meum
2614 5012 2955 5077 conscidisti,
2987 5020 3041 5065 et
3065 5008 3471 5065 circumdedisti

235 5120 304 5176 με
324 5104 425 5177 τὴν
451 5104 609 5175 χάριν
638 5120 753 5159 σου.

693 5121 753 5159 ιυ.
1906 5120 1993 5165 me
2022 5104 2195 5176 gratia
2225 5113 2337 5159 tua.

298 5195 389 5250 24.
426 5196 613 5259 Ὅπως
633 5196 700 5251 ἂν
735 5196 881 5268 ψάλῃ
918 5213 998 5251 σοι
1025 5199 1059 5268 ἡ
1094 5195 1289 5267 καρδία
1323 5211 1447 5266 μου,
1499 5194 1593 5248 καὶ
1626 5193 1685 5246 οὔ
1725 5193 1799 5265 μὴ

1973 5194 2064 5249 24.
2108 5193 2182 5250 Ut
2225 5203 2406 5251 cantet
2456 5196 2550 5252 tibi
2582 5212 2677 5253 cor
2726 5210 2929 5258 meum,
2968 5202 3023 5249 et
3066 5208 3174 5247 non
3224 5206 3311 5247 me
3354 5206 3470 5261 pm—

233 5286 614 5359 μεταμληθῶ.

472 5286 614 5358 .τ;οὦ.
1905 5285 2116 5341 nitebit.

299 5376 391 5432 25.
424 5378 538 5431 Οὐκ
572 5378 630 5431 ὲν
677 5376 854 5449 καιρῷ
898 5378 973 5450 μὴ
1021 5377 1274 5431 δουλὼσω
1301 5376 1378 5448 (2)
1415 5393 1496 5429 σοι
1538 5373 1793 5446 ἐμαυτὸν,

1972 5374 2064 5431 25.
2100 5372 2219 5430 Non
2257 5375 2324 5431 ad
2376 5383 2591 5446 tempus
2622 5391 2709 5431 me
2758 5377 2872 5445 ipse
2919 5372 3016 5429 tibi
3059 5373 3113 5429 in
3149 5369 3465 5429 servitutem

228 5469 345 5527 ἀλλ’
385 5472 466 5532 εἰς
501 5471 591 5524 τὸν
621 5470 811 5525 αἰῶνα.

1904 5467 2175 5535 addicam,
2208 5466 2301 5523 sed
2329 5466 2382 5520 in
2416 5475 2698 5522 aeternum.

1178 5669 1481 5732 Addenda
1514 5678 1573 5733 et
1612 5668 1987 5750 corrigenda
2040 5684 2119 5730 ex
2151 5666 2288 5730 cod.
2322 5666 2523 5731 Vatie.

296 5856 377 5937 (ι)
404 5860 589 5918 Ταῦτά
627 5878 726 5934 μου
768 5875 919 5933 προσ.
949 5860 1062 5917 haec
1093 5870 1303 5918 tantum
1335 5860 1388 5918 in
1414 5859 1537 5916 rod.

949 5860 1062 5917 haec
1093 5870 1303 5918 tantum
1335 5860 1388 5918 in
1414 5859 1537 5916 rod.
1964 5861 2041 5933 (2)
2072 5860 2263 5934 Καιρῷ
2298 5879 2403 5917 τινι
2432 5862 2576 5919 δονλ.
