4164 6496
272 454 382 514 757
1168 462 1256 517 DE
1296 464 1572 521 TITULIS
1616 467 2061 527 PSALMORUM.
2119 501 2187 513 -—-
2225 471 2419 528 PSAL.
2458 473 2625 531 XXX.
3406 480 3510 537 758

346 575 433 630 19.
464 576 739 649 Ἐστησας
761 578 820 633 ἐν
854 579 1151 655 εὐρυχώρῳ
1183 584 1308 649 τοὺς
1340 585 1507 650 πόδας
1548 605 1669 659 μου.
1879 599 1921 653 Α

1659 632 1669 643 .
1879 599 1921 653 Α
2031 591 2117 645 19.
2152 589 2403 645 Statuisti
2441 591 2493 645 in
2533 593 2654 647 loco
2680 592 2920 662 spatioso
2948 594 3109 664 ped'es
3132 610 3303 649 meos.

338 667 433 722 20.
482 668 733 741 Ἐλέησόν
760 689 882 743 μου,
913 674 1107 745 Κύριε,
1134 677 1217 729 ὅτι
1250 676 1500 749 θλίϐομαι
1522 695 1536 707 ’

2018 681 2106 735 20.
2140 681 2395 737 Miserere
2426 684 2552 749 mei,
2590 684 2836 744 Domine.
2867 686 3123 755 quoniam
3151 686 3410 742 tribulor:

340 761 437 817 21.
484 764 788 836 Ἐταράχθη
820 767 879 819 ἐν
910 765 1067 839 Θυμῷ
1095 770 1123 823 ὁ
1152 770 1430 841 ὀφθαλμός
1456 789 1557 842 μου
1582 813 1597 838 ,

1592 815 1597 835 ,
2018 775 2106 829 21.
2141 775 2512 831 Conturbatus
2540 785 2623 832 est
2654 778 2706 831 in
2738 778 2817 832 ira
2845 777 3038 834 oculus
3063 794 3236 846 meus,

339 854 431 908 22.
475 853 537 907 Ἢ
573 854 716 926 ψυχή
746 873 868 926 μου,
904 858 1051 929 καὶή
1084 861 1295 931 γαστήρ
1326 878 1450 931 μου.

1379 878 1450 914 δυ.
2018 868 2110 921 22.
2143 868 2341 922 Anima
2373 883 2512 932 mea,
2550 877 2604 923 et
2637 880 2823 924 venter
2849 884 3023 925 meus.

338 945 433 1000 25.
464 948 588 1000 Ὀτι
616 947 861 1012 ἐξέλιπεν
885 949 943 1003 ἐν
973 950 1131 1022 ὀδύνῃ
1162 953 1195 1023 ἡ
1222 951 1333 1022 ζωή
1370 970 1493 1023 μοιν

2017 960 2110 1016 25.
2148 958 2419 1027 Quoniam
2447 961 2645 1016 defecit
2670 961 2724 1015 in
2754 962 2941 1019 dolore
2972 965 3077 1018 vita
3109 977 3227 1018 mea
3253 981 3267 1028 ;

338 1037 429 1091 24.
455 1038 563 1091 Kal
587 1039 653 1092 τὰ
674 1038 764 1110 ἐτη
793 1057 894 1110 μου
927 1041 983 1095 ἐν
1018 1046 1358 1113 στεναγμοῖς.

1280 1046 1358 1107 ιῖς.
2015 1052 2106 1106 24.
2137 1051 2204 1106 Ει
2235 1052 2364 1108 anni
2400 1054 2505 1109 mei
2536 1054 2589 1109 in
2617 1054 2924 1124 gemitibus.

336 1128 430 1181 25.
482 1128 804 1202 Ἠσθένησεν
825 1132 882 1187 ἐν
910 1133 1156 1205 πτωχείᾳ
1189 1136 1223 1205 ἡ
1262 1135 1413 1205 ἰσχύς
1452 1152 1573 1206 μου·

2021 1144 2115 1199 25.
2146 1144 2423 1200 Inﬁrmata
2458 1154 2541 1202 est
2573 1146 2626 1200 in
2652 1154 2968 1217 paupertate
2994 1147 3167 1201 virtus
3194 1160 3313 1201 mea
3339 1164 3358 1200 :

336 1220 427 1274 26.
478 1224 588 1277 Kal
615 1224 681 1279 τὰ
703 1226 835 1279 ὀστᾶ
859 1243 959 1297 μου
991 1227 1393 1299 ἐταράχθησαν.

2025 1235 2115 1289 26.
2151 1234 2217 1290 Et
2242 1250 2366 1291 ossa
2400 1252 2517 1291 mea
2548 1238 2867 1292 conturbata
2900 1246 3044 1290 sunt.

342 1313 432 1366 27.
483 1314 643 1388 Παρὰ
684 1316 891 1384 πάντας
952 1319 1082 1383 τοὺς
1132 1318 1360 1389 ἐχθρούς
1424 1336 1525 1389 μου
1587 1319 1848 1391 ἐγενήθην

2024 1327 2118 1382 27.
2161 1326 2340 1399 Super
2377 1343 2569 1384 omnes
2600 1329 2853 1384 inimicos
2878 1342 3028 1383 meos
3060 1326 3233 1383 factus
3260 1341 3379 1383 sum
3415 1341 3511 1397 0p-

268 1402 498 1469 ὄνειδος*

1952 1419 2232 1488 probrium
2259 1438 2272 1475 :

343 1497 433 1551 28.
465 1497 576 1552 Kal
607 1500 718 1561 τοῖς
749 1497 956 1567 γείτοσι
990 1516 1091 1570 μου
1126 1503 1351 1575 σφόδρα,

1154 1503 1351 1575 δφόδρα,
2026 1509 2117 1566 28.
2151 1509 2216 1565 Ει
2236 1512 2434 1567 vicinis
2465 1512 2601 1567 meis
2625 1512 2798 1575 valde,

339 1588 432 1646 29.
467 1589 576 1643 Kal
602 1588 762 1658 φόϐος
788 1592 900 1653 τοῖς
924 1595 1182 1658 γνωστοῖς
1206 1612 1328 1664 μου.

1098 1595 1182 1655 οῖς
1206 1612 1328 1664 μου.
2021 1602 2112 1658 29.
2139 1602 2205 1657 Et
2228 1604 2394 1660 timor
2419 1605 2564 1661 notis
2590 1605 2742 1659 meis.

341 1677 433 1732 50.
467 1680 529 1732 Οἱ
563 1677 890 1749 θεωροῦντες
921 1698 988 1751 με
1016 1681 1120 1746 ἔξω
1150 1682 1347 1752 ἔφυγον
1381 1685 1477 1738 ἀπ’
1509 1685 1665 1755 ἐμοῦ·

2029 1695 2121 1750 50.
2154 1696 2258 1761 Qui
2283 1696 2537 1750 videbant
2569 1710 2655 1750 me
2686 1694 2832 1750 iuras
2858 1694 3110 1765 fugerunt
3137 1712 3167 1750 a
3202 1710 3288 1751 me
3315 1714 3327 1749 :

342 1769 433 1824 51.
494 1769 828 1843 Ἐπελήσθην
855 1772 987 1827 ὡσεὶ
1012 1775 1204 1845 νεκρὸς
1234 1775 1343 1829 ἀπὸ
1370 1776 1617 1847 καρδίας·

2025 1790 2115 1845 51.
2172 1787 2442 1843 Oblivioni
2501 1787 2664 1841 datus
2718 1802 2839 1841 sum
2890 1796 3145 1857 tanquam
3196 1795 3443 1843 mortuus
3483 1800 3514 1840 ι

1955 1880 2122 1936 corde
2148 1898 2163 1933 :

341 1948 435 2003 52.
470 1949 760 2022 Ἐγενήθην
786 1951 917 2005 ὡσεὶ
940 1952 1131 2017 σκεῦος
1164 1954 1461 2018 ἀπολωλός.
1881 1938 1923 1992 Β

1881 1938 1923 1992 Β
2024 1972 2115 2027 52.
2152 1970 2350 2027 Factus
2376 1987 2496 2026 sum
2533 1980 2790 2042 tanquam
2824 1987 2920 2027 vas
2951 1971 3240 2042 perditum.

343 2041 435 2096 55.
470 2042 592 2097 Ὀτι
618 2045 826 2114 ηκουσα
853 2044 1017 2115 ψόγον
1066 2046 1275 2100 πολλῶν
1316 2046 1722 2119 παροικούντων
1756 2065 1849 2102 κυ-

2022 2064 2111 2117 55.
2169 2063 2440 2130 Quoniam
2495 2041 2677 2119 audivi
2723 2064 3175 2136 vituperationem
3223 2062 3518 2118 multorum

274 2132 487 2185 κλόθεψ

1955 2155 2420 2210 commorantium
2455 2156 2510 2210 in
2537 2156 2771 2212 circuitu
2802 2175 2815 2210 :

346 2227 437 2281 54.
485 2228 573 2282 Ἐν
622 2224 701 2297 τῷ
753 2226 1175 2297 ἐπιωναχθῆναι
1221 2227 1415 2291 αὐτοὺς
1468 2227 1584 2299 ἅμα
1614 2230 1701 2282 ἐπ’
1728 2230 1847 2301 ἐμὲ,

2026 2247 2114 2301 54.
2135 2245 2193 2300 ln
2212 2262 2277 2302 eo
2293 2248 2421 2301 dum
2440 2249 2796 2303 convenirent
2814 2248 2914 2318 ipsi
2932 2248 3094 2303 simul
3112 2248 3394 2302 adversum
3410 2260 3520 2311 me,

345 2319 438 2375 55.
470 2318 575 2372 Τοῦ
609 2318 792 2372 λαϐεῖν
816 2317 914 2389 τὴν
934 2316 1108 2388 ψυχήν
1144 2335 1243 2389 μου
1274 2318 1675 2376 ἐϐουλεύσαντο.

2029 2338 2118 2393 55.
2140 2338 2400 2409 Accipere
2435 2340 2674 2394 animam
2706 2355 2882 2397 meam
2914 2340 3188 2396 consiliati
3212 2349 3357 2396 sunt.

340 2410 432 2465 56.
482 2409 622 2479 Ἐγὼ
646 2410 700 2463 δὲ
729 2410 820 2462 ἐπὶ
860 2409 962 2473 σοὶ,
992 2408 1185 2482 Κύριε,
1212 2410 1432 2479 ἡλπισα.

2029 2430 2118 2484 56.
2158 2429 2269 2500 Ego
2291 2440 2473 2487 autem
2510 2433 2562 2487 in
2587 2440 2661 2500 te,
2686 2432 2935 2500 Domine,
2963 2432 3197 2503 speravi.

345 2504 437 2558 57.
472 2501 634 2557 Εἶπα·
664 2503 735 2556 Σὺ
762 2497 814 2555 εἴ
838 2502 865 2554 ὀ
886 2501 1016 2566 Θεός
1048 2518 1169 2573 μου·

2034 2521 2124 2577 57.
2156 2522 2301 2589 Dixi,
2333 2523 2473 2581 Deus
2500 2540 2656 2582 meus
2683 2541 2743 2582 es
2780 2535 2834 2581 tu
2865 2542 2883 2581 :

345 2595 437 2651 58.
481 2595 568 2649 Ἐν
591 2598 709 2659 ταῖς
740 2592 896 2666 χερσί
926 2612 1019 2649 σου
1054 2596 1103 2649 οἱ
1131 2594 1323 2665 κλῆροι
1359 2614 1481 2667 μου.

1379 2614 1481 2650 ιου.
2029 2612 2117 2669 58.
2147 2612 2205 2667 in
2238 2616 2493 2673 manibus
2531 2616 2641 2673 tuis
2668 2628 2841 2674 sortes
2869 2632 3023 2674 meae.

346 2687 437 2741 59.
478 2686 668 2740 Ῥὖσαί
703 2704 770 2757 με
801 2688 867 2740 ἐκ
896 2686 1076 2758 χειρὸς
1105 2687 1313 2758 ἐχθρῶν
1349 2705 1472 2757 μου,

2032 2704 2123 2759 59.
2153 2703 2313 2775 Eripe
2335 2721 2423 2761 me
2453 2708 2521 2763 de
2548 2723 2712 2763 manu
2746 2708 3093 2765 inimicorum
3126 2722 3392 2770 meorum,

349 2779 441 2834 40.
477 2778 587 2834 Kal
606 2780 669 2833 ἐκ
698 2778 804 2833 τῶν
834 2778 1276 2833 καταδιωκόντων
1308 2796 1395 2850 με,

1252 2796 1276 2833 ν
1308 2796 1395 2850 μευ
2030 2794 2118 2851 40.
2160 2795 2225 2852 Ει
2256 2813 2286 2853 a
2316 2801 2767 2870 persequentibus
2792 2815 2896 2856 me.

1401 2939 1771 2998 ATHANASII
1813 2944 2400 3014 INTERPRETATIO.

350 3075 439 3131 19.
486 3074 574 3128 Ἐν
600 3075 719 3139 ταῖς
752 3074 991 3139 ἐντολαῖς
1018 3092 1131 3131 σου.
1874 3095 1917 3152 ο

1018 3092 1131 3131 σου.
1874 3095 1917 3152 C
2020 3094 2107 3147 19.
2136 3093 2193 3147 1η
2225 3095 2498 3152 mandatis
2528 3096 2657 3153 tuis.

351 3167 445 3223 20.
475 3168 597 3224 Ὀτι
623 3168 681 3222 ἐν
717 3169 829 3232 τοῖς
872 3166 1202 3239 προλαϐοῦσι
1249 3168 1461 3241 χρόνοις
1493 3186 1582 3240 μοι
1612 3171 1854 3242 ἦμαρτόν
1887 3149 1905 3152 ἡ

2030 3182 2120 3241 20.
2163 3183 2433 3253 Quoniam
2470 3189 2760 3259 prateritis
2788 3187 3127 3258 temporibus
3162 3185 3255 3241 tibi
3284 3184 3517 3255 peccavi.

283 3276 391 3315 σοι.

354 3350 447 3408 21.
489 3349 627 3406 Ὑπὸ
647 3349 739 3406 τοῦ
761 3351 1010 3408 διαϐόλου
1040 3354 1073 3424 ἡ
1102 3352 1310 3408 διάνοια
1340 3371 1461 3426 μου.

1150 3352 1310 3408 avoid
1340 3371 1461 3426 μου.
2028 3364 2117 3423 21,
2145 3367 2189 3419 Α
2218 3366 2435 3422 diabolo
2474 3382 2626 3424 mens
2651 3382 2794 3422 mea.

353 3442 446 3500 22.
479 3443 590 3498 Kal
616 3446 649 3515 ἡ
684 3444 917 3517 γαστὴρ,
942 3444 1111 3514 λέγει,
1128 3446 1226 3517 τῆς
1250 3446 1425 3518 ψυχῆς
1451 3461 1570 3519 μουο
1605 3446 1747 3517 λέγω
1769 3449 1856 3522 δὴ,

2031 3457 2121 3511 22.
2158 3456 2223 3512 Et
2265 3466 2473 3524 venter,
2500 3460 2596 3523 ait,
2627 3459 2822 3513 animae
2856 3472 2990 3513 meae
3028 3474 3044 3512 :
3093 3456 3231 3521 libi,
3277 3455 3519 3524 inquam,

282 3534 415 3589 ῑνθα
443 3534 732 3590 συνέλαϐον
753 3536 851 3607 τὴν
880 3536 1170 3606 ἁμαρτίαν.

880 3536 1170 3606 ἁμαρτίαν.
1960 3548 2184 3617 concepi
2215 3557 2520 3618 peccatum.

354 3624 444 3680 25.
488 3625 576 3678 Ἑν
606 3625 873 3696 ἁμαρτίᾳ,
903 3624 1071 3692 λέγει.

1023 3643 1071 3679 μι.
2028 3640 2118 3693 25.
2153 3637 2210 3693 1η
2242 3652 2486 3711 peccato,
2515 3640 2667 3696 dicit.

353 3714 445 3770 24.
491 3715 548 3770 Ὀ
574 3716 681 3780 πᾶς
704 3715 893 3786 χρόνος
925 3732 1025 3786 μου
1053 3714 1387 3788 βαρούμενος
1420 3716 1524 3770 ὑπὸ
1556 3716 1855 3788 ἁμαρτιῶν.

1792 3716 1855 3772 ὃν.
2030 3729 2120 3784 21.
2157 3728 2330 3786 Omne
2360 3746 2541 3786 meum
2573 3739 2785 3800 tempus
2814 3738 3094 3800 gravatum
3126 3745 3155 3782 a
3181 3726 3436 3797 peccatis.

354 3805 448 3859 25.
494 3806 584 3859 Ἐν
612 3804 931 3877 ἀϐοηθησίᾳ.

2032 3820 2123 3876 25.
2158 3819 2213 3875 1η
2242 3822 2432 3875 auxilii
2463 3822 2667 3891 inopia.

352 3896 445 3952 26.
473 3898 875 3970 Συμπέφυρμαι
900 3900 966 3969 τῇ
993 3897 1255 3970 ἁμαρτία.

2029 3914 2121 3969 26.
2155 3913 2445 3985 Subjectus
2476 3922 2531 3969 et
2563 3912 2887 3969 commistus
2913 3926 3033 3967 sum
3067 3920 3308 3981 peccato.

357 3994 450 4048 27.
483 3993 559 4065 (1)
586 3992 813 4058 Πάντες,
856 3990 1026 4061 λέγει,
1055 3993 1103 4045 οἱ
1135 3989 1318 4062 ἐχθροί
1362 4006 1483 4061 μου,
1508 3989 1781 4043 τουτέστιν
1812 3989 1860 4041 οἱ

2032 4004 2124 4060 27.
2151 4002 2375 4072 Omnes,
2420 4005 2619 4076 inquit,
2656 4002 2864 4058 inimici
2898 4004 3028 4069 mci,
3077 4003 3179 4056 hoc
3214 4009 3296 4056 est
3324 4002 3522 4055 daemo-

280 4086 541 4157 δαίμονες
579 4082 715 4154 μετὰ
738 4084 799 4137 τὸ
829 4082 1144 4154 ἁμαρτῆσαί
1182 4100 1270 4153 με,
1314 4081 1624 4147 ὀνειδίζουσί
1647 4098 1731 4151 με.

1965 4109 2080 4156 nes,
2119 4106 2409 4167 postquam
2457 4112 2558 4166 ego
2589 4096 2828 4166 peccavi,
2874 4110 2961 4149 me
2985 4094 3199 4163 probris
3227 4094 3482 4150 alliciunt.

361 4178 454 4233 28.
485 4180 546 4231 Οἱ
577 4178 635 4230 ὲν
661 4177 784 4247 ἐμοὶ
818 4175 1088 4247 μένοντες.

1085 4215 1088 4225 μ
2032 4184 2122 4239 28.
2151 4185 2253 4251 Qui
2291 4186 2344 4240 in
2379 4202 2464 4240 me
2490 4196 2729 4253 manent,

358 4270 449 4325 29.
491 4270 553 4323 Οἱ
586 4270 641 4324 δὲ
667 4270 867 4339 γνῶσιν
924 4270 1137 4341 ἔχοντες
1166 4266 1399 4338 ὁρῶντές
1433 4283 1498 4335 με
1551 4263 1857 4335 φοϐοῦνται,

2033 4276 2124 4331 29.
2159 4274 2261 4342 Qui
2293 4286 2471 4332 autem
2505 4287 2864 4348 cognoscunt,
2895 4277 3135 4331 videntes
3178 4292 3264 4332 me
3314 4277 3521 4340 timent,

288 4363 367 4435 μὴ
394 4362 452 4416 δὲ
478 4362 629 4416 αὐτοὶ
656 4362 826 4425 οὕτως
845 4361 1171 4432 ἡττηθῶσιν.
1886 4434 1919 4440 Α

1886 4434 1919 4440 _
1965 4384 2033 4423 ne
2060 4368 2163 4438 ipsi
2196 4368 2525 4440 quandoque
2541 4370 2794 4425 similiter
2819 4372 3192 4426 succumbant.

360 4453 450 4508 50.
484 4454 547 4507 Οἱ
569 4453 787 4522 ἄγγελοί
811 4471 903 4507 σου
926 4454 1220 4521 ἀφίσταντο
1252 4450 1346 4503 ἀπ’
1380 4447 1531 4520 ἐμοῦ.
1886 4434 1938 4492 Ῑ)

1399 4447 1531 4520 poi}.
1886 4434 1938 4492 Ῑ)
2028 4434 2116 4515 50.
2144 4434 2330 4531 Angeli
2363 4434 2451 4517 tui-
2480 4479 2511 4517 a
2538 4478 2623 4517 me
2657 4464 3043 4518 discesserunt.

356 4546 446 4601 51.
482 4546 624 4599 Ὠσεὶ
652 4545 724 4616 (2)
776 4546 967 4617 νεκρὸς
1024 4543 1159 4614 λήθη
1209 4542 1416 4611 γίνεται
1472 4540 1577 4593 ἀπὸ
1634 4535 1855 4607 καρδίας

2030 4554 2119 4609 51.
2150 4553 2306 4610 Sicut
2337 4567 2588 4611 mortuus
2617 4555 2876 4611 oblivioni
2909 4555 3137 4610 traditur
3163 4554 3215 4608 in
3248 4554 3411 4609 corde
3441 4552 3524 4608 vi-

280 4638 396 4692 τῶν
423 4635 657 4702 ζώντων,
698 4636 869 4699 οὕτως
896 4635 1050 4705 κάγὼ
1081 4635 1364 4705 ἐγενόμην.
1520 4628 1521 4631 “

1271 4652 1364 4704 -ην-
1520 4628 1521 4631 η
1962 4648 2227 4712 ventium,
2258 4649 2330 4703 ita
2356 4656 2409 4704 et
2431 4663 2531 4719 ego
2565 4648 2739 4704 lactus
2775 4664 2915 4704 smn.

360 4734 450 4789 52.
486 4735 657 4805 Ἀχρη
666 4750 787 4785 στον
810 4733 978 4801 λέγει.

951 4751 978 4787 ι.
2031 4739 2119 4794 52.
2156 4740 2371 4804 Inutile,
2402 4741 2595 4811 inquit.

358 4826 448 4881 55.
486 4825 561 4895 (5)
586 4826 707 4877 Ὅτι
733 4823 916 4878 ἀκούω
946 4824 1053 4878 τῶν
1077 4822 1345 4894 δαιμόνων
1375 4821 1737 4887 ὀνειδιζόντων
1790 4842 1857 4895 με

2036 4831 2125 4886 55.
2153 4832 2427 4897 Quoniam
2472 4836 2635 4890 audio
2671 4835 2944 4891 daamones
2973 4834 3362 4905 opprobrantcs
3394 4833 3524 4887 milii

283 4916 346 4968 ἐν
368 4915 434 4984 τῇ
466 4912 659 4983 καρδίᾳ
689 4928 810 4981 μου.

732 4929 810 4965 ου.
1964 4923 2017 4977 in
2042 4925 2204 4979 corde
2236 4941 2376 4981 meo.

362 5003 454 5064 δι.
495 5001 584 5056 55.
650 5002 772 5055 Ἐπὶ
823 5003 885 5056 τὸ
939 5004 1072 5058 αὐτὸ
1098 5002 1353 5072 γεγόνασι
1392 5002 1485 5056 τοῦ
1531 5005 1858 5075 αἰχμαλωτί-

2034 5015 2126 5083 54,
2154 5016 2244 5070 55.
2270 5017 2407 5071 Cum
2437 5018 2602 5073 simul
2628 5019 2938 5089 congregati
2967 5027 3116 5087 sunt,
3147 5028 3205 5073 ut
3238 5033 3322 5072 me
3353 5018 3524 5088 capti~

284 5110 379 5149 σαι
414 5110 502 5165 με.

1964 5120 2089 5160 vum
2118 5106 2394 5162 ducerent.

357 5184 447 5250 56,
477 5186 567 5241 57.
612 5185 753 5257 Ἐγὼ
777 5185 833 5240 δὲ
866 5186 958 5240 ἐπὶ
998 5187 1080 5239 σοὶ
1133 5187 1356 5269 ἤλπισα,
1382 5189 1463 5241 ὅτι
1493 5186 1551 5253 ἐξ
1570 5187 1745 5242 αὐτῶν
1768 5189 1859 5241 λυ-

2031 5196 2119 5261 56,
2150 5198 2237 5253 57.
2279 5198 2390 5268 Ego
2418 5210 2595 5254 autem
2629 5198 2681 5252 in
2715 5208 2788 5263 te,
2823 5196 3070 5260 Domine,
3114 5213 3347 5266 speravi,
3382 5198 3527 5269 quod

290 5274 471 5350 τρώσῃ
513 5296 579 5347 με
608 5278 707 5349 (4)·
732 5279 797 5332 σὺ
825 5276 934 5349 γὰρ
957 5273 1008 5329 εἴ
1026 5280 1054 5331 ὁ
1081 5277 1212 5342 Sed;
1235 5268 1356 5349 μου.

1966 5305 2052 5344 me
2075 5290 2144 5345 ab
2170 5290 2277 5346 illis
2309 5292 2565 5347 liberabis
2590 5310 2604 5351 ;
2630 5304 2684 5346 tu
2716 5290 2860 5346 enim
2885 5305 2945 5345 es
2972 5289 3113 5345 Deus
3143 5306 3313 5346 meus.

358 5366 449 5421 58.
496 5368 584 5421 Ἐν
608 5371 726 5433 ταῖς
754 5369 908 5440 χερσί
942 5385 1035 5421 σου
1063 5368 1232 5440 ἔθηκα
1253 5369 1350 5440 τὴν
1372 5369 1546 5440 ψυχήν
1577 5387 1698 5440 μου.

1666 5388 1698 5424 ιο
2038 5379 2126 5435 58.
2159 5379 2217 5434 1η
2248 5382 2498 5437 manibus
2530 5382 2636 5436 tuis
2664 5380 2818 5451 posui
2849 5380 3085 5434 animam
3116 5395 3310 5433 meam.

357 5459 447 5527 59,
476 5459 565 5515 10.
593 5460 713 5514 Τῶν
740 5460 996 5515 ἐναντίων
1024 5460 1321 5532 δυνάμεων,
1352 5461 1520 5529 λέγει.

2039 5466 2127 5533 59,
2159 5466 2249 5522 40.
2279 5468 2324 5521 Δ
2354 5470 2645 5525 contrariis
2674 5469 3035 5540 potestatibus
3092 5468 3285 5537 inquit.

1238 5578 1547 5639 Addenda
1577 5584 1638 5641 et
1670 5582 2048 5659 corrigenda
2096 5603 2172 5647 ex
2204 5587 2343 5650 eod.
2382 5588 2580 5651 Vatie.

365 5676 441 5761 ςί)
474 5675 645 5761 ῌοΞἹν
675 5677 775 5761 ἳβν,
798 5679 888 5761 99-
921 5678 1169 5761 Ιξέγξινοῑ
1198 5676 1380 5761 ἔχορτςί
1414 5695 1535 5761 μονα
1566 5688 1695 5761 θέε-ν
1721 5680 1861 5761 6"?"
2039 5686 2602 5761 (5)-Νζ55ρΑκούω,
2625 5699 2751 5757 etc.,
2784 5705 2870 5761 με.
2900 5687 2963 5743 Ν.
2994 5688 3080 5756 54,
3118 5685 3206 5741 Ἐν
3234 5687 3298 5757 τῇ
3335 5681 3530 5758 καρδίᾳ

288 5746 495 5827 -δίζρυσξ
528 5766 638 5818 μοι,
674 5752 723 5804 οἱ
759 5752 815 5804 ἐν
842 5748 982 5822 ἐμοί,
1010 5746 1140 5815 εις,
1173 5748 1246 5820 μὴ
1274 5746 1365 5800 καὶ
1388 5749 1535 5801 αὐτοὶ
1564 5748 1734 5812 οὕτως
1766 5752 1863 5819 ἡτ-
1976 5746 2191 5827 μουίΝ.
2218 5758 2305 5811 55.
2349 5758 2403 5811 Ἐ
2418 5761 2489 5824 τί,
2512 5746 2614 5815 etc.

294 5817 574 5959 τηῗὲἱςσιές
614 5892 635 5930 θ
876 5817 887 5822 ⁷
968 5817 977 5820 ’
1175 5817 1184 5820 ⁷
1236 5817 1243 5819 '
1788 5817 1795 5819 ’
1977 5817 1989 5827 ’
2049 5828 2123 5899 (ιι)
2151 5817 2583 5899 Λυτρὼσειζμε.

622 5918 661 5943 ι.

549 5906 661 5953 ςο.
