4164 6488
704 473 814 528 ⁸163
1557 468 1614 522 S.
1657 464 2026 522 ATHANASII
2057 464 2206 520 OPP.
2249 463 2427 518 PARS
2469 462 2560 517 Ill.
2595 490 2658 502 -ο
2699 451 3109 513 EXEGETICA.
3843 442 3942 493 761

778 589 864 642 14.
900 585 1286 642 Verumtamen
1327 585 1379 638 in
1410 584 1615 638 diluvio
1665 599 1930 652 aquarum
1966 582 2259 634 multarum
2292 585 2337 638 Α

2297 585 2337 638 Α
2438 577 2520 630 11.
2550 573 2695 643 Πλὴν
2752 573 2808 623 ἐν
2864 560 3231 634 κατακλυσμῴ
3273 559 3477 612 ὑδάτων
3540 554 3772 616 πολλῶν,
3812 552 3941 622 πρὸς

706 681 773 736 ad
798 697 921 735 eum
953 696 1062 733 non
1091 677 1565 747 approximabunt.

1303 677 1565 730 imabunt.
2367 669 2525 722 αὑτὸν
2560 667 2658 718 οὐκ
2685 661 2945 730 ὲγγιοῦσι.

777 772 864 827 15.
899 770 979 824 Tu
1032 784 1210 824 meum
1259 784 1317 823 es
1364 768 1631 837 refugium
1659 783 1688 820 a
1729 767 2096 831 tribulatione,
2147 781 2267 833 qua:

2440 760 2504 812 15
2551 758 2618 809 Σύ
2645 775 2744 827 μου
2775 751 2825 807 εἴ
2848 751 3133 822 καταφυγὴ
3167 748 3272 802 ἀπὸ
3297 746 3525 815 θλίψεως
3549 743 3645 811 τῆς
3669 759 3734 794 πε
3746 739 3943 812 ριεχού-

702 861 1064 919 circumdedit
1097 876 1199 914 me.

944 861 1064 914 ledit
1097 876 1199 914 me.
2369 868 2466 920 σης
2502 866 2588 918 με.

777 954 865 1007 16.
890 953 1191 1007 Exsultatio
1221 967 1361 1014 mea,
1409 966 1539 1005 erue
1592 965 1677 1004 me
1722 966 1750 1004 a
1798 947 2266 1003 circumdantibus

2443 942 2506 995 16
2588 939 2661 992 Τὸ
2713 935 3020 1006 ἀγαλλίαμά
3073 951 3197 1005 μου,
3242 928 3514 1001 λύτρωσαί
3571 943 3636 997 με
3697 923 3808 978 ἀπὸ
3839 922 3942 974 τῶν

707 1061 813 1098 me.
2368 1033 2762 1088 κυκλωσάντων
2801 1046 2887 1099 με.

778 1134 864 1187 17.
897 1131 1237 1187 Intellectum
1290 1131 1388 1186 tibi
1422 1131 1584 1193 dabo,
1616 1140 1670 1184 et
1717 1131 1982 1184 inslruam
2016 1139 2065 1183 te
2093 1128 2147 1181 in
2181 1129 2264 1181 via

2441 1127 2526 1179 17.
2562 1121 2795 1175 Συνετιώ
2849 1137 2931 1184 σε,
2965 1118 3060 1172 καὶ
3090 1113 3337 1186 συμϐιὸῶ
3367 1129 3426 1165 σε
3453 1113 3509 1164 ὲν
3547 1109 3654 1180 6δῷ
3685 1106 3880 1176 ταύτῃ,

707 1224 829 1286 bac,
863 1240 969 1293 qua
1000 1223 1270 1293 gradieris
1298 1241 1310 1275 :

1000 1223 1270 1293 gradieris
1298 1241 1310 1275 :
2369 1219 2627 1289 πορεύσῃ’

779 1316 867 1369 18.
902 1316 1160 1370 Firmabo
1191 1330 1356 1384 super
1393 1323 1443 1369 te
1474 1314 1660 1368 oculos
1687 1327 1858 1366 meos.

2442 1310 2529 1364 18.
2581 1303 2914 1375 Ἐπιστηριῶ
2937 1303 3029 1356 ἐπὶ
3061 1301 3120 1354 σὲ
3139 1299 3265 1363 τοὺς
3286 1294 3597 1367 ὀφθαλμούς
3624 1310 3746 1363 μου.

775 1405 862 1459 19.
896 1403 1072 1460 Nolite
1103 1405 1218 1459 ﬁeri
1252 1380 1395 1459 sicut
1422 1418 1596 1472 equus
1627 1409 1681 1455 et
1709 1402 1909 1467 mulus,
1935 1399 2133 1468 quibus
2163 1412 2266 1451 non

2441 1402 2526 1456 19.
2552 1400 2644 1472 Μὴ
2667 1397 2879 1467 γίνεσθε
2906 1395 2980 1459 ὡς
3003 1395 3169 1456 ἵππος
3209 1391 3302 1445 καὶ
3331 1389 3571 1460 ἡμίονος,
3598 1380 3680 1449 οἷς
3707 1386 3810 1437 οὐκ
3833 1383 3942 1435 ἐστι

704 1505 788 1552 est
821 1498 1146 1552 intellectus.

960 1499 1146 1552 lectus.
2373 1495 2604 1556 σύνεσις.

780 1588 872 1639 20.
907 1586 963 1641 In
1001 1604 1158 1642 camo
1191 1599 1244 1644 et
1269 1590 1422 1646 freno
1453 1588 1704 1644 maxillas
1738 1601 1928 1642 eorum
1961 1582 2271 1651 constringe

2439 1585 2530 1639 20.
2586 1585 2672 1636 Ἐν
2701 1579 2863 1653 κημῷ
2890 1578 2984 1632 καὶ
3013 1575 3212 1648 χαλινῷ
3236 1573 3334 1636 τὰς
3370 1571 3622 1639 σιαγόνας
3643 1567 3823 1622 αὐτῶν
3852 1567 3947 1634 ἀγ·

711 1676 1119 1751 [constringes],

2374 1677 2490 1743 ξαις
2520 1678 2723 1750 [άγξαι,
2760 1677 2815 1728 in
2851 1688 3022 1741 marg.
3053 1669 3176 1724 cod.
3211 1665 3437 1736 ἄγξεις].

779 1771 867 1825 21.
896 1771 999 1838 Qui
1028 1789 1134 1827 non
1166 1771 1544 1841 approximant
1579 1769 1645 1823 ad
1685 1777 1757 1823 te.

1746 1809 1757 1823 -
2442 1769 2529 1822 21.
2556 1768 2676 1819 Τῶν
2707 1765 2780 1836 μὴ
2802 1762 3130 1832 ἐγγιζόντων
3153 1758 3288 1828 πρὸς
3311 1756 3390 1809 σέ.

777 1864 871 1921 22.
908 1865 1073 1917 Multa
1108 1864 1318 1935 ﬂagella
1350 1863 1690 1934 peccatoris:
2305 1927 2344 1935 _,

2305 1927 2344 1935 ᾗ,
2441 1862 2531 1915 22.
2570 1858 2843 1911 Πολλαὶαί
2872 1854 3131 1924 μάστιγες
3174 1849 3268 1902 τοῦ
3319 1845 3664 1918 ἁμαρτωλοῦ·

782 1954 874 2008 25.
909 1930 1227 2024 Sperantem
1275 1930 1457 2009 autem
1516 1956 1568 2008 in
1620 1951 1853 2007 Domino
1900 1944 2272 2004 misericordia
2304 1930 2346 1985 Β

2249 1959 2272 1998 3
2304 1930 2346 1985 Β
2443 1951 2534 2005 25.
2563 1950 2666 2002 Τὸν
2690 1949 2745 2001 δὲ
2773 1945 3059 2008 ἐλπίζοντα
3089 1942 3182 1994 ἐπὶ
3203 1940 3405 2011 Κύριον
3431 1938 3577 2014 ἔλεος
3603 1934 3893 1988 κυκλώσει.

712 2046 1092 2101 circumdabit.

787 2143 874 2197 24.
906 2139 1188 2197 Laetamini
1219 2141 1275 2194 in
1307 2137 1560 2202 Domino,
1589 2143 1645 2192 et
1674 2135 1966 2202 exsultate,
1990 2132 2122 2204 justi
2149 2150 2164 2200 ;

2444 2127 2534 2181 24.
2592 2123 2944 2196 Εὐφράνθητε
3011 2122 3105 2175 ἐπὶ
3163 2119 3402 2183 Κύριον.
3460 2116 3554 2168 xal.
3600 2108 3953 2179 ἀγαλλιᾶσθε,

2375 2224 2573 2277 δίκαιοι
2592 2238 2608 2254 ’

774 2325 865 2380 25.
901 2323 966 2378 Et
987 2322 1319 2394 gloriamini,
1353 2335 1545 2375 omnes
1571 2319 1702 2374 recti
1734 2317 1921 2373 corde.

2448 2315 2536 2368 25.
2569 2313 2681 2366 Καὶ
2710 2307 3008 2378 καυχᾶσθε,
3038 2305 3237 2366 πάντες
3263 2301 3311 2354 oi
3342 2299 3518 2361 εύθεῖς
3541 2300 3606 2368 τῇ
3628 2294 3850 2365 καρδία.

761 2435 1012 2492 Psalmus
1045 2435 1234 2490 David.
1264 2434 1389 2488 Sine
1418 2432 1756 2502 inscriptione
1782 2430 1921 2500 apud
1954 2427 2224 2483 Hebraos.
2387 2433 2405 2484 ‘.

2387 2426 2633 2498 Ψαλμός
2663 2423 2739 2489 τῷ
2767 2420 2961 2477 Δαϐἰδ.
2999 2417 3427 2484 Ἀνεπίγραερος
3471 2411 3607 2479 παρ’
3655 2404 3950 2474 Ἑϐραίοις.

1264 2523 1472 2579 PSAL.
1506 2520 1756 2575 XXXII.

1679 2520 1756 2574 11.
2990 2513 3162 2564 ΨΑΛ.
3193 2511 3323 2562 AB‘.

785 2617 838 2670 1.
872 2615 1173 2682 Exsultate,
1198 2617 1353 2687 justi,
1387 2616 1440 2669 in
1470 2613 1735 2670 Domino:

2455 2612 2504 2665 1.
2543 2605 2917 2676 Ἀγαλλιᾶσθε,
2947 2605 3165 2667 δίκαιοι,
3201 2603 3258 2652 ὲν
3289 2597 3494 2669 Κυρίῳ·

785 2711 822 2763 2
874 2709 1070 2765 Rectos
1100 2711 1255 2765 decet
1280 2709 1626 2764 collaudatio.

2454 2703 2509 2756 2.
2539 2701 2662 2764 Τοῖς
2696 2700 2874 2752 εύθέσι
2911 2697 3109 2767 πρέπει
3140 2694 3362 2755 αἴνεσις.

788 2804 840 2857 5.
871 2803 1218 2859 Conlitemini
1250 2803 1480 2858 Domino
1508 2802 1560 2856 in
1590 2801 1798 2857 cithara
1825 2838 1840 2854 .

2456 2793 2509 2848 5.
2559 2788 2993 2862 Ἐξομολογεῖσθε
3018 2784 3095 2857 τῷ
3120 2783 3307 2855 Κυρίῳ
3335 2783 3392 2835 ὲν
3415 2779 3636 2850 κιθάρῳ

1840 2913 2222 2973 ATHANASH
2260 2908 2840 2968 INTERPRETA'HO.

797 3038 885 3093 ﬂ.
924 3036 1206 3107 Lacrymis
1227 3034 1343 3089 suis
1372 3033 1618 3088 delentur
1648 3041 1868 3102 peccata
1903 3047 2025 3085 sua.

2456 3027 2543 3082 14.
2613 3025 2714 3078 Διὰ
2770 3024 2878 3076 τῶν
2930 3019 3179 3093 δακρύων
3237 3016 3401 3071 αύτοῦ
3470 3012 3844 3082 ὲξαλείφονται
3903 3008 3953 3061 αι

2391 3121 2652 3174 ἁμαρτίαι
2679 3117 2864 3171 αὑτοῦ.

2391 3138 2426 3174 α

792 3221 880 3275 15.
912 3219 1038 3274 llaec
1067 3218 1267 3274 clamat
1290 3231 1348 3270 se
1380 3220 1704 3270 convertens
1735 3224 1858 3263 cum
1889 3204 2167 3277 lacrymis.
2311 3206 2353 3265 ο
2431 3141 2436 3192 1

2391 3138 2652 3192 αμαρτιαι
2679 3138 2864 3171 αυτου.

2153 3241 2167 3257 ο
2311 3206 2353 3265 C
2461 3210 2546 3264 15.
2576 3209 2759 3262 Ταῦτα
2925 3208 2953 3260 ὁ
2983 3203 3326 3276 ἐπιστρέφων
3358 3200 3495 3273 μετὰ
3523 3197 3793 3269 δακρύων;

791 3313 880 3365 16.
906 3311 948 3363 A
977 3310 1213 3380 peccatis
1243 3307 1397 3373 meis,
1431 3305 1623 3374 inquit.

2460 3301 2546 3356 16.
2579 3300 2699 3354 Τῶν
2728 3296 3010 3371 ἁμαρτιῶν
3048 3315 3170 3369 μου,
3194 3295 3361 3364 λέγει.

791 3403 880 3459 17.
921 3375 1186 3456 Dominus
1212 3398 1279 3455 ad
1305 3414 1426 3454 eum
1460 3398 1632 3453 dicit:
1669 3397 1781 3467 Ego
1823 3403 1874 3450 te
1906 3391 2132 3458 docebo,
2180 3403 2290 3460 qua

2462 3393 2552 3446 17.
2599 3392 2656 3446 '0
2679 3392 2736 3444 δὲ
2784 3390 2988 3460 Κύριος
3035 3389 3171 3458 πρὸς
3205 3386 3368 3440 αὑτὸν
3411 3383 3581 3452 λέγει·
3635 3378 3776 3448 Ἐγὼ
3807 3375 3954 3431 0:69-

725 3495 812 3550 via
841 3494 1081 3548 incedes.

2387 3485 2571 3540 δάσκω
2599 3480 2841 3556 [διδάξω]
2875 3481 2931 3534 ὲν
2964 3480 3093 3550 ποίᾳ
3119 3477 3221 3548 ὀδῷ
3244 3476 3503 3548 πορεύσῃ.

797 3588 885 3641 18.
915 3586 980 3639 Ει
1012 3583 1067 3638 in
1109 3597 1170 3636 ea
1202 3578 1502 3636 custodiam
1536 3588 1607 3634 te.

2460 3576 2547 3631 18.
2573 3575 2684 3630 Καὶ
2710 3573 2927 3644 φυλάξω
2966 3588 3025 3624 σε
3058 3574 3115 3624 ἐν
3145 3571 3302 3640 αὐτῇ.

800 3676 888 3730 19.
929 3673 993 3728 Ει
1025 3673 1259 3743 amplius
1307 3685 1373 3724 ne
1415 3685 1600 3740 pecca,
1651 3679 1906 3739 tanquam
1955 3665 2288 3721 intellectum

2213 3677 2288 3718 Im
2460 3669 2546 3724 19.
2571 3668 2681 3722 Καὶ
2713 3666 2904 3738 μηκέτι
2928 3664 3226 3736 ἁμάρτανε,
3254 3662 3328 3727 ὡς
3355 3660 3429 3732 μὴ
3461 3658 3598 3730 ἔχων
3627 3654 3857 3710 σύνεσιν.

730 3784 840 3824 non
877 3765 1110 3820 habens.

801 3859 895 3914 20.
933 3856 1037 3911 Sed
1068 3854 1287 3924 corpori
1316 3862 1408 3908 tuo
1454 3862 1508 3909 et
1549 3853 1744 3907 animae
1775 3850 1925 3905 frena
1954 3849 2202 3920 injiciens
2236 3846 2291 3901 in

2459 3847 2549 3901 20.
2597 3844 2758 3899 Ἀλλὰ
2777 3845 2839 3897 τὸ
2877 3842 3036 3914 σῶμά
3059 3859 3153 3894 σου
3183 3839 3275 3894 καὶ
3301 3838 3398 3911 τὴν
3429 3836 3606 3907 ψυχὴν
3637 3831 3714 3904 (1)
3745 3830 3932 3902 χαλινα
3957 3855 3960 3860 ·

734 3952 1050 4009 servitutem
1081 3948 1281 4016 redige,
1311 3962 1435 4001 cum
1469 3946 1564 4000 tibi
1595 3961 1699 3999 non
1729 3943 2010 3999 obediunt.

1999 3985 2010 3997 .
2392 3937 2587 4008 γωγῶν
2611 3936 2960 4005 δουλαγώγει,
2989 3937 3114 3988 ὅταν
3138 3932 3210 4004 μὴ
3233 3929 3504 3984 πείθονταί
3542 3944 3643 3981 σοι.

801 4045 891 4098 21.
925 4041 1026 4107 Qui
1059 4041 1155 4096 tibi
1193 4055 1299 4094 non
1330 4040 1726 4107 obtemperant.

2463 4030 2551 4082 21.
2579 4029 2697 4082 Τῶν
2732 4028 2804 4098 μὴ
2828 4028 2902 4098 (2)
2935 4025 3265 4096 πειθομένων
3298 4039 3397 4077 σοι.

806 4138 895 4191 22.
931 4136 1095 4190 Multa
1124 4142 1276 4189 erant
1312 4133 1517 4202 ﬂagella
1555 4142 1668 4195 tua,

2463 4120 2552 4174 22.
2581 4119 2775 4173 Πολλαί
2803 4136 2892 4170 σου
2923 4114 3061 4190 ἦσαν
3087 4117 3143 4169 αἱ
3175 4115 3453 4186 μάστιγες.

803 4230 894 4284 25.
924 4227 1028 4281 Sed
1076 4225 1334 4295 quoniam
1373 4223 1600 4292 sperasti
1634 4221 1688 4274 in
1736 4217 2109 4276 misericordia
2153 4231 2293 4283 mea,

2463 4214 2553 4268 25.
2596 4213 2734 4265 Ἀλλ’
2758 4212 2944 4282 ἐπειδὴ
2999 4210 3230 4281 ἡλπισας
3265 4209 3338 4278 (5)
3391 4205 3485 4258 ἐπὶ
3530 4204 3590 4256 τὸ
3638 4201 3785 4263 ἔλεός
3848 4216 3962 4270 μου,

738 4321 807 4374 ab
841 4318 972 4388 ipsis
998 4317 1257 4370 liberatus
1287 4329 1366 4368 es.

2401 4304 2672 4375 ὲρῤύσθης
2700 4305 2793 4355 ἀπ’
2819 4302 3018 4357 αὐτῶν.

809 4411 902 4468 24.
934 4408 1158 4463 IEterna
1185 4406 1369 4460 laetitia
1397 4412 1450 4460 et
1477 4403 1856 4458 exsultatione.

2471 4398 2557 4451 24.
2592 4398 2943 4469 Εὐφροσύνην
2969 4396 3182 4451 αἰώνιον
3212 4393 3305 4446 καὶ
3339 4389 3675 4458 ἁγαλλίασιν.

812 4501 901 4582 25.
940 4499 1042 4564 Qui
1068 4499 1202 4552 enim
1228 4497 1488 4567 gloriatur
1508 4535 1521 4559 ,
1557 4496 1610 4547 in
1643 4493 1868 4546 Domino
1901 4490 2158 4561 glorietur
2183 4489 2250 4542 ⁵⁸.

2474 4487 2562 4541 25.
2606 4488 2668 4541 '0
2701 4489 2809 4556 γὰρ
2834 4487 3215 4556 καυχώμενος
3239 4486 3307 4537 ἐν
3339 4482 3532 4548 Κυρίῳ
3559 4476 3899 4544 καυχάσθω.

822 4571 885 4650 Ἦ
917 4594 1246 4666 προκειμένη
1280 4590 1554 4661 ἐπιγραφὴ
1590 4588 1817 4659 παρέχει
1852 4585 2119 4658 [περιέχει
2143 4599 2155 4611 ⁸
2190 4581 2457 4653 Ψαλμὸς]
2488 4582 2561 4652 (4)
2594 4582 2673 4647 τῷ
2701 4582 2892 4636 Δαϐίδ.
2925 4581 3086 4635 Δαὸὶδ
3114 4582 3223 4650 γὰρ
3255 4576 3614 4650 ἑρμηνεύεται
3642 4567 3970 4635 πεποίθημέ-

742 4707 866 4753 νος,
899 4688 1030 4757 ὅπερ
1058 4684 1170 4737 ἐστί
1195 4683 1376 4736 λαϐεῖν
1411 4685 1488 4744 είς
1529 4681 1617 4733 τὸν
1647 4681 1801 4750 χορὸν
1840 4679 1945 4732 τῶν
1973 4676 2160 4744 ἁγίων,
2197 4677 2276 4728 ὅτι
2299 4674 2675 4744 πεποθημένος
2695 4675 2840 4727 ἐστὶν
2869 4673 2974 4725 ὑπὸ
2996 4672 3086 4726 τοῦ
3111 4671 3332 4742 Κυρίου.
3371 4669 3452 4734 Τῷ
3472 4664 3564 4721 οὖν
3589 4662 3972 4732 πεποθημένῳ

744 4778 887 4850 χορῷ
913 4779 1122 4849 εἴρηται
1144 4777 1170 4828 ὁ
1197 4775 1428 4844 ψαλμδς,
1456 4773 1699 4824 τουτέστι
1733 4774 1844 4834 τοῖς
1872 4767 1989 4821 οὖσι
2011 4771 2150 4823 κατὰ
2174 4769 2265 4820 τὸν
2304 4768 2466 4822 Δαϐὶδ
2495 4772 2560 4839 τῇ
2593 4768 2856 4842 ἑρμηνείᾳ
2879 4766 2971 4820 τοῦ
2999 4765 3258 4834 ὀνόματος
3297 4763 3389 4816 καὶ
3416 4763 3534 4823 ταῖς
3563 4761 3823 4822 ἐντολαῖς.

813 4871 1024 4927 Titulus
1048 4868 1368 4941 praepositus
1396 4867 1635 4920 continet
1669 4883 1682 4918 :
1715 4863 1958 4917 Psalmus
1989 4863 2176 4918 David.
2212 4862 2378 4915 David
2404 4863 2549 4916 enim
2588 4863 2978 4930 interpretatur
3024 4858 3374 4920 desideratus,
3419 4854 3563 4922 quod
3591 4854 3836 4922 accipere
3857 4851 3974 4903 licrt

746 4971 814 5024 de
835 4969 1005 5022 choro
1035 4974 1374 5025 sanctorum,
1406 4962 1665 5031 quoniam
1695 4959 2036 5013 desideratus
2067 4967 2150 5013 est
2185 4974 2213 5011 a
2245 4957 2498 5011 Domino.
2528 4958 2572 5009 A
2603 4958 2773 5011 choro
2801 4957 2963 5026 igitur
3006 4965 3316 5009 sanctorum
3361 4952 3659 5005 desiderato
3701 4951 3876 5002 dictus
3901 4956 3975 4999 est

746 5066 988 5134 psalmus
1016 5081 1030 5116 :
1064 5063 1167 5116 hoc
1189 5069 1291 5126 est,
1320 5060 1388 5113 ab
1419 5058 1485 5112 iis
1519 5056 1612 5128 qui
1658 5055 1848 5124 David,
1880 5056 2034 5126 juxta
2067 5053 2309 5109 nominis
2354 5053 2854 5124 interpretationem
2903 5060 2955 5106 et
2986 5050 3365 5104 mandatorum
3386 5045 3816 5107 observantiam,
3850 5041 3974 5095 assi-

747 5162 1026 5215 milantur.

811 5257 862 5308 1.
892 5255 1134 5309 Gaudete
1163 5271 1375 5324 semper
1400 5254 1453 5308 in
1489 5252 1741 5307 Domino.
2339 5252 2382 5306 D

2339 5252 2382 5306 D
2486 5249 2536 5302 1.
2585 5248 2816 5319 Χαίρετε
2852 5244 3078 5298 πάντοτε
3112 5244 3168 5295 ὲν
3192 5239 3398 5313 Κυρίέρ.

808 5347 861 5398 2.
891 5345 1086 5399 Rectos
1113 5346 1264 5401 decet
1286 5345 1504 5398 laudare
1528 5343 1836 5397 Dominum.

2483 5341 2538 5394 2.
2574 5341 2698 5404 Τοῖς
2724 5339 2902 5392 εύθέσι
2935 5336 3130 5408 πρέπει
3156 5335 3322 5386 αἰνεῖν
3350 5329 3439 5381 τὸν
3464 5326 3689 5398 Κύριον.

819 5440 872 5494 5.
900 5438 1288 5494 Mortiticantes
1323 5438 1680 5508 vosmetipsos
1715 5436 1937 5502 mundo,
1973 5435 2045 5489 ita
2093 5433 2311 5506 hymnis

2486 5433 2537 5485 5.
2573 5431 2962 5500 Νεκρώσαντες
2988 5427 3211 5489 ἑαυτοὺς
3244 5423 3321 5494 τῷ
3374 5421 3585 5492 κόσμῳ,
3616 5420 3788 5482 οὕτως
3817 5414 3970 5487 ὑμνή-

748 5530 1040 5586 Iaudabitis
1071 5547 1217 5585 eum.

1108 5548 1217 5585 um.
2417 5540 2536 5576 σετε
2571 5523 2752 5576 αὐτόν.

818 5626 1194 5657 διΙΡΛ-ιῑζ

896 5624 915 5676 ¹
950 5624 1075 5679 cor'
1105 5640 1143 5691 l’
1167 5624 1253 5679 δί’
1699 5690 2000 5755 Addenda
2037 5695 2096 5752 et
2144 5685 2514 5765 corrigenda
2550 5699 2627 5743 ex
2659 5681 2800 5743 cod.
2833 5679 3033 5742 Vatic.

822 5825 895 5894 (ll
937 5823 1127 5893 Ψυχὴν
1156 5840 1266 5876 σου.
1482 5891 1493 5894 _
2608 5808 2888 5894 ῖξίλτξισεν.

947 5872 1400 5967 ΤῶδΊμεγλλύντων
1427 5891 1522 5962 μή,
1558 5898 1662 5946 etc.
2178 5938 2183 5944 .

2510 5872 2586 5951 (4)
2623 5880 2682 5931 'H
2729 5880 2813 5933 διὰ
2844 5879 2941 5948 τῆς
2973 5876 3332 5947 κινναϐάρεως
3377 5875 3652 5947 περιέχει·
3688 5872 3786 5945 τῷ,
3818 5881 3911 5931 ctc.
