4164 6488
253 458 367 515 765
1145 462 1232 516 DE
1270 461 1542 518 TITULIS
1579 462 2022 524 PSALMORUH.
2048 497 2115 508 -—
2139 465 2334 524 PSA]...
2374 467 2589 523 XXXII.
3390 470 3491 528 768

322 575 378 644 4.
421 578 509 631 Ἐν
534 576 822 651 ψαλτηριῳ
845 578 1153 651 δεκαχόρδιρ
1180 580 1384 650 ψάλατε
1409 578 1577 651 αὐτῷ.
1848 593 1893 646 Α

1848 593 1893 646 Α
1986 584 2045 638 4.
2084 583 2137 636 In
2165 583 2421 652 psalterio
2446 584 2631 639 d'ecem
2661 599 2727 639 cn
2741 585 2999 640 ordarum
3036 585 3249 656 psallite
3282 586 3380 644 illi.

327 668 381 723 5.
421 670 621 739 ’ᾼσατε
646 668 795 739 αὐτῷ
824 665 973 740 ᾆσμα
995 668 1203 721 καινόν·

2002 675 2055 729 5.
2087 674 2313 729 Cantate
2340 676 2388 729 ei
2421 676 2693 730 canticum
2728 692 2965 732 novum:

321 760 378 812 6.
413 759 608 822 Καλῶς
628 759 833 828 ψάλατε
868 759 1017 829 αὐτῷ
1041 761 1099 812 ἐν
1126 757 1446 829 ἀλαλαγμῷ.

1432 801 1446 813 .
2003 768 2057 819 6.
2093 767 2235 822 Bene
2264 768 2475 837 psallite
2501 770 2549 822 ei
2586 769 2638 821 in
2666 769 3073 827 vociferatione.

322 851 379 905 7.
406 852 527 904 Ὀτι
555 851 716 915 εὐθὺς
753 853 781 903 ό
812 852 968 919 λόγος
1005 850 1099 903 τοῦ
1126 851 1354 921 Κυρίου·

2001 859 2052 915 7.
2084 859 2221 925 Quia
2248 869 2450 915 rectum
2480 870 2564 915 est
2590 861 2818 915 verbum
2852 861 3106 919 Domini:

321 941 378 996 8.
407 943 516 995 Kal
537 943 712 994 πάντα
738 942 805 995 τὰ
833 942 967 1011 ἔργα
998 940 1161 996 αὐτοῦ
1196 944 1253 994 ἐν
1276 941 1476 994 πίστει.

1313 941 1476 993 ςίστει.
1998 950 2053 1005 8.
2084 949 2151 1003 Et
2178 950 2359 1004 omnia
2400 966 2564 1019 opera
2598 951 2718 1020 ejus
2746 951 2801 1006 in
2835 952 2957 1007 ﬁde.

317 1032 372 1090 9.
410 1035 623 1105 ’Λγαπᾷ
645 1034 1011 1105 ἐλεημοσύνην
1040 1033 1132 1087 καὶ
1160 1033 1339 1104 κρίσιν
1370 1036 1399 1085 ό
1429 1032 1649 1105 Κύριος·

2001 1040 2055 1096 9.
2093 1039 2276 1110 Diligit
2303 1040 2734 1096 misericordiam
2760 1052 2813 1096 ct
2834 1042 3098 1112 judicium
3125 1042 3418 1098 Dominus:

324 1125 414 1179 10.
445 1126 553 1179 Τοῦ
581 1127 762 1190 ἐλέους
787 1127 989 1196 Κυρίου
1010 1126 1223 1198 πλήρης
1248 1128 1280 1195 ἡ
1306 1126 1397 1195 γῆ.

1999 1130 2086 1186 10.
2121 1129 2494 1186 Misericordia
2523 1130 2735 1185 Domini
2767 1132 2925 1201 plena
2959 1142 3042 1186 est
3069 1143 3230 1187 terra.

322 1218 416 1272 41.
445 1219 535 1288 Τῷ
557 1219 698 1289 λόγῳ
726 1218 931 1290 Κυρίου
964 1221 1013 1271 oi
1043 1218 1262 1289 οὐρανοὶ
1291 1217 1719 1289 ἐστερεώθησαν·

1483 1217 1719 1289 ὡθησαν·
1999 1222 2091 1277 1i.
2125 1222 2306 1278 Verbo
2338 1223 2552 1278 Domini
2583 1224 2704 1279 εαξΙὶ
2731 1225 2928 1278 lirmati
2963 1234 3127 1279 sunt:

325 1307 414 1361 12.
456 1309 565 1361 Kal
595 1309 674 1378 τῷ
704 1307 981 1378 Πνεύματι
1012 1308 1105 1362 τοῦ
1135 1308 1398 1378 πόματος
1430 1308 1593 1361 αὐτοῦ
1623 1306 1827 1380 πᾶσαή

1729 1306 1827 1380 ἀἡ
2000 1316 2085 1371 12.
2118 1315 2186 1370 Et
2218 1314 2425 1386 Spiritu
2456 1316 2570 1371 oris
2606 1315 2727 1386 ejus
2752 1316 2935 1372 omnis
2964 1316 3137 1370 virtus
3162 1329 3373 1370 eorum.

248 1396 482 1467 δύναμις
508 1397 705 1451 αὐτῶν.

328 1490 417 1543 15.
456 1490 710 1558 Συνάγων
734 1491 865 1543 ὡσεὶ
897 1490 1062 1543 ἀσκὸν
1101 1490 1276 1544 ὕδατα·
1296 1490 1587 1563 Θαλάσσης·

1999 1490 2087 1545 15.
2112 1490 2464 1560 Congregans
2496 1489 2638 1544 sicut
2664 1498 2840 1544 utrem
2874 1505 3045 1560 aquas
3071 1489 3276 1543 maris:

328 1581 414 1633 11.
448 1581 628 1645 Τιθεὶς
662 1584 722 1634 ἐν
752 1582 1046 1653 θησαυροῖς
1079 1582 1368 1645 ἀϐύσσους.

1354 1621 1368 1634 .
1997 1582 2086 1636 14.
2117 1581 2334 1635 Poncns
2360 1581 2413 1634 in
2442 1582 2717 1637 thesauris
2747 1581 2993 1651 abyssos.

326 1673 413 1727 15.
448 1673 742 1743 Φοδηθήτω
788 1674 879 1727 τὸν
904 1673 1106 1746 Κύριον
1129 1676 1280 1728 πᾶσα
1308 1674 1342 1744 ή
1371 1676 1463 1744 γῆ·

1428 1676 1463 1744 ἱ·
2000 1674 2092 1728 15.
2118 1673 2332 1729 Timeat
2354 1672 2644 1728 Dominum
2673 1673 2853 1727 omnis
2885 1682 3027 1726 terra
3058 1689 3072 1739 ;

320 1762 409 1816 16.
447 1764 565 1815 Ἀπ’
592 1763 756 1816 αὑτοῦ
800 1764 858 1817 δὲ
894 1765 1305 1836 σαλευθήτωσαν
1359 1765 1556 1827 πάντες
1605 1765 1653 1817 οί
1695 1782 1827 1820 κατ-

2000 1764 2087 1819 16.
2119 1765 2203 1819 Ab
2225 1780 2291 1820 eo
2322 1776 2501 1820 autem
2552 1774 2998 1821 commoveantur
3042 1777 3235 1819 omnes
3276 1759 3493 1818 inhabi-

245 1850 523 1915 οικοῦντες
552 1852 650 1924 τὴν
681 1853 1026 1924 οἰκουμένην.

702 1855 828 1906 ιίκου
838 1853 1026 1924 μένην.
1932 1860 2108 1907 tantes
2137 1854 2346 1909 orbem.

323 1944 410 1997 17.
444 1945 564 1997 Ὅτι
590 1945 752 2008 αὐτὸς
777 1940 919 2009 εἶπε,
948 1947 1040 1997 καὶ
1065 1945 1446 2016 ἐγεννήθησαν·

1998 1944 2088 1999 17.
2115 1944 2383 2010 Quoniam
2409 1944 2523 2014 ipse
2556 1945 2713 2012 dixit,
2746 1952 2799 1999 et
2834 1954 3091 2013 generata
3118 1951 3279 1999 sunt:

322 2034 408 2089 18.
443 2035 611 2099 Αὐτὸς
632 2036 950 2100 ἐνετείλατο,
969 2037 1061 2090 καὶ
1096 2036 1440 2107 ἐκτίσθησαν.
1886 2076 1893 2083 .

1423 2076 1440 2091 .
1886 2076 1893 2083 .
1998 2034 2084 2090 18.
2114 2034 2231 2104 Ipse
2257 2036 2556 2101 mandavit,
2586 2044 2642 2092 et
2669 2044 2849 2090 creata
2876 2043 3023 2089 sunt.
3058 2032 3062 2038 ’

324 2127 412 2181 19.
442 2128 644 2199 Κύριος
673 2129 1010 2193 διασκεδάζει
1040 2128 1233 2199 βουλὰς
1257 2127 1445 2181 ἐθνῶν·

1999 2128 2086 2183 19.
2124 2128 2387 2184 Dominus
2419 2128 2650 2199 dissipat
2669 2128 2901 2184 consilia
2941 2127 3178 2196 gentium
3206 2146 3220 2183 :

319 2218 411 2273 90.
466 2219 669 2271 Ἀθετεῖ
695 2219 751 2273 δὲ
790 2220 1081 2290 λογισμοὺς
1114 2218 1285 2272 λαῶν·

1992 2221 2084 2277 20.
2118 2215 2389 2291 Reprobat
2416 2229 2594 2273 autem
2628 2220 2987 2289 cogitationes
3019 2220 3341 2289 populorum
3367 2238 3383 2277 :

320 2310 414 2363 2|.
444 2310 551 2364 Kal
582 2311 766 2365 ἀθετεῖ
797 2312 990 2382 βουλὰς
1024 2312 1315 2382 ἀρχόντων.

1988 2314 2078 2367 21.
2111 2312 2177 2367 Et
2205 2313 2460 2383 reprobat
2487 2311 2713 2366 consilia
2740 2312 3064 2381 principum.

316 2400 409 2456 22.
450 2401 514 2455 ἹΙ
536 2402 592 2455 δὲ
631 2401 794 2473 βουλὴ
824 2402 918 2455 τοῦ
946 2401 1152 2473 Κυρίου
1194 2403 1274 2464 είς
1310 2399 1401 2453 τὸν
1428 2397 1597 2452 αἰῶνα
1625 2398 1811 2468 μένει·

1987 2402 2078 2456 22.
2109 2401 2413 2457 Consilium
2448 2410 2634 2455 autem
2661 2399 2875 2455 Domini
2907 2401 2961 2455 in
2986 2410 3246 2455 aeternum
3276 2407 3487 2456 manet:

1356 2576 1736 2634 ATIIANASH
1768 2576 2346 2636 INTERPRETATIO.

314 2732 373 2787 Δ.
402 2732 500 2786 Διά
531 2732 638 2787 τῶν
673 2732 807 2787 δέκα
830 2732 1056 2788 ἐντολῶν
1090 2733 1348 2800 δοξάσατε
1375 2734 1556 2787 αὐτόν.

2001 2734 2057 2788 4.
2090 2733 2193 2788 Per
2222 2734 2626 2791 observantiam
2651 2734 2840 2792 decem
2869 2747 3263 2808 praceptorum
3290 2736 3492 2808 gloriﬁ-

1921 2834 2044 2881 cate
2065 2842 2211 2881 eum.
2734 2872 2737 2873 ν
3124 2843 3131 2849 -

314 2912 370 2966 5.
398 2906 587 2983 τᾼσμα
617 2912 763 2979 λέγει
793 2912 1049 2984 καθαρόν.

1984 2918 2039 2974 5.
2072 2916 2381 2979 Canticum,
2408 2910 2611 2980 inquit,
2644 2910 2929 2967 mundum.

314 3003 370 3058 6.
410 3006 504 3057 Ἐκ
526 3006 624 3074 τῆς
644 3004 869 3075 καρδίας
896 3004 1068 3075 ὑμῶν.

934 3004 1068 3075 μῶν.
1988 3009 2041 3064 6.
2078 3008 2156 3062 Ex
2184 3006 2344 3062 corde
2373 3012 2572 3059 vestro.

315 3095 369 3148 7.
417 3095 643 3166 Ἀληθὴς
676 3097 708 3166 ἡ
738 3095 1038 3163 ἐπαγγελία
1070 3096 1147 3166 (1)
1187 3095 1372 3150 αὐτοῦ.

1070 3096 1147 3166 (1)
1187 3095 1372 3150 αὐτοῦ.
2002 3096 2053 3151 7.
2089 3095 2226 3150 Vera
2251 3094 2538 3164 promissio
2566 3091 2704 3160 ejus.

316 3185 372 3240 8.
409 3185 477 3236 Ἀ
515 3183 590 3255 (2)
620 3187 841 3249 ποιεῖτε,
878 3186 934 3237 ἐν
970 3184 1147 3238 πίστει
1179 3187 1400 3239 ποιεῖτε.

1222 3187 1400 3239 οιεῖτε.
1993 3187 2047 3246 8.
2080 3185 2212 3252 Qua:
2244 3182 2444 3247 facitis,
2476 3180 2635 3235 facite
2656 3181 2711 3233 in
2748 3179 2866 3234 (ide.

312 3276 369 3330 9.
440 3273 799 3346 ’βλεημοσύνη
867 3276 962 3329 καὶ
1020 3275 1202 3341 πίστις
1278 3293 1381 3347 μου
1445 3274 1818 3330 ἐκλιπέτωσὼθ

1789 3290 1818 3330 ν
1990 3276 2045 3332 9.
2082 3272 2448 3331 Misericordia
2484 3279 2540 3327 et
2567 3268 2700 3324 ﬁdes
2729 3283 3005 3339 nunquam
3040 3266 3135 3323 tibi
3164 3266 3433 3325 deﬁciant.

245 3384 333 3423 σοι
370 3367 469 3439 (3).

313 3461 401 3517 10.
435 3461 718 3515 Ἥπλωται
750 3460 811 3515 τδ
835 3459 981 3525 ἔλεός
1021 3477 1138 3525 σου,
1169 3459 1366 3532 Κύριε,
1395 3460 1487 3513 ἐπὶ
1521 3459 1599 3531 (1)
1634 3461 1814 3516 πᾶσαν

1993 3450 2079 3507 ιο.
2112 3450 2287 3521 Super
2310 3464 2527 3504 omnem
2568 3446 2808 3502 hominis
2854 3445 3095 3500 animam
3126 3458 3366 3516 expansa
3407 3456 3489 3504 est

236 3552 420 3624 ψυχὴν
444 3551 752 3623 ἀνθρώπου.
1841 3550 1880 3611 C

1841 3550 1887 3611 α
1916 3541 2286 3599 misericordia
2316 3549 2427 3605 tua,
2459 3538 2706 3594 Domine.

314 3642 402 3695 11.
437 3641 512 3709 (5)
532 3641 665 3711 Περὶ
695 3639 803 3694 τῶν
845 3638 1161 3694 ἀποστόλων
1189 3639 1358 3709 λέγει.

1126 3657 1161 3693 ιν
1189 3639 1358 3709 λέγει.
1992 3633 2079 3689 11.
2110 3631 2186 3688 De
2216 3632 2477 3702 apostolis
2509 3629 2770 3700 loquitur.

315 3731 407 3785 12.
456 3734 565 3786 Kal
613 3733 694 3786 ὅτι
728 3733 1058 3804 ἐνεφύσησεν
1090 3734 1170 3797 είς
1216 3733 1278 3786 τὸ
1328 3733 1615 3805 πρόσωπον
1641 3733 1818 3788 αὐτῶν

1988 3724 2076 3777 12.
2107 3721 2173 3776 Et
2201 3722 2345 3793 quod
2377 3722 2668 3779 insuﬂlavit
2703 3722 2756 3775 in
2803 3720 2995 3777 faciem
3031 3735 3220 3777 eorum
3264 3718 3483 3774 dicens:

239 3823 438 3892 λέγων·
460 3822 677 3877 Λάϐετε
707 3823 947 3892 Πνεῦμα
969 3823 1157 3891 ἅγιον,
1174 3823 1255 3876 ὅτι
1280 3822 1477 3894 ἀνέστη
1502 3825 1567 3876 ἐκ
1586 3824 1815 3895 νεκρῶν·

1916 3815 2150 3886 Accipite
2200 3815 2465 3886 Spiritum
2521 3823 2759 3867 sanctum
2784 3815 2871 3879 ⁸⁸,
2929 3829 3054 3869 cum
3115 3811 3414 3867 resurrexit
3454 3825 3485 3864 a

238 3915 341 3977 τὰς
369 3913 478 3984 γὰρ
502 3914 775 3982 δυνάμεις,
807 3914 873 3977 ἃς
906 3914 1121 3967 ἐποίουν
1155 3915 1202 3966 οί
1241 3914 1529 3967 ἀπόστολοι
1566 3913 1645 3985 τῷ
1679 3915 1818 3986 ἀγίῳ

1917 3910 2175 3965 mortuis.
2215 3907 2429 3963 Etenim
2458 3905 2743 3971 miracula,
2774 3921 2897 3975 quae
2924 3905 3196 3960 faciebant
3228 3902 3484 3975 apostoli,

240 4005 522 4075 Πνεύματι
582 4004 898 4070 ἐπετέλουν,
955 3999 999 4073 ᾧ
1047 4006 1235 4061 ἔλαϐον
1285 4008 1350 4060 ἐκ
1402 4004 1498 4059 τοῦ
1556 4006 1821 4076 στόματος

1916 4015 2014 4071 per
2045 4000 2307 4071 Spiritum
2340 4006 2587 4055 sanctum
2620 3996 2907 4064 faciebant,
2940 4012 3100 4053 ouem
3126 4011 3195 4052 ex
3221 4009 3317 4052 ore
3353 3994 3471 4066 ejus

240 4096 433 4151 αὑτοῦ.

1916 4100 2264 4161 acceperunt.

208 4172 211 4175 Ἰ
317 4192 403 4246 15.
461 4191 769 4263 Συνήγαγον
816 4188 885 4243 τὰ
944 4188 1071 4260 ἔθνη
1132 4186 1227 4241 τοῦ
1280 4188 1491 4259 κόσμου
1556 4205 1818 4261 νενεκρω-

1991 4182 2075 4238 15.
2110 4183 2310 4239 Gentes
2339 4183 2526 4239 mundi
2560 4193 2803 4240 mortuas
2843 4192 3068 4254 peccato
3118 4191 3482 4249 congregave-

242 4284 387 4356 μένα
413 4283 488 4354 (6)
530 4284 605 4347 ὡς
631 4283 818 4336 ἀσκόν.

804 4322 818 4336 .
1916 4284 2046 4331 runt
2076 4275 2219 4329 velut
2251 4284 2448 4329 utrem.

318 4374 405 4428 14.
446 4375 531 4427 Ἐν
563 4377 671 4437 τοῖς
696 4372 1011 4435 ἀποστόλοις
1052 4374 1121 4427 τὰ
1167 4370 1509 4442 δικαιώματα
1559 4372 1746 4428 αὑτοῦ.

1435 4389 1509 4425 ιτα
1559 4372 1746 4428 αὑτοῦ,
1991 4364 2078 4418 14.
2120 4365 2179 4417 In
2204 4364 2466 4433 apostolis
2495 4363 2915 4434 justiﬂcationes
2941 4360 3079 4431 ejus.

317 4466 406 4520 15.
448 4465 532 4527 Ὠς
560 4466 731 4518 εἰδυῖα
761 4465 922 4519 αὐτὸν
951 4466 1149 4534 ἐαυτῆς
1181 4465 1530 4535 δημιουργόν.

1979 4455 2071 4509 15.
2108 4452 2177 4509 Ut
2210 4471 2332 4525 quae
2358 4456 2458 4510 scit
2483 4472 2606 4510 eum
2638 4465 2941 4511 creatorem
2986 4465 3147 4505 suum
3178 4446 3373 4504 fuisse.

318 4554 409 4607 16.
438 4554 787 4607 Μετατεθῶσι
816 4554 1014 4617 πάντες
1050 4556 1129 4617 είς
1151 4553 1241 4607 τὸν
1272 4554 1494 4626 Κύριον.

1989 4544 2074 4599 16.
2106 4544 2524 4600 Transferantur
2555 4563 2743 4602 omnes
2778 4546 2830 4599 in
2855 4543 3164 4598 Dominum.

318 4644 406 4697 17.
445 4645 530 4696 Ἐν
562 4644 640 4714 τῷ
671 4644 1023 4714 βαπτίσματι.

838 4662 1023 4714 σματι.
1989 4636 2015 4689 1
2028 4636 2076 4688 7.
2106 4635 2163 4689 In
2195 4636 2480 4705 baptismo.

314 4736 403 4791 18.
444 4738 772 4790 Ἀνεκαίνισε
801 4737 910 4809 γὰρ
938 4737 1153 4799 αὐτούς.

1072 4737 1153 4799 ύς.
1988 4727 2075 4781 18.
2100 4726 2206 4781 Eos
2236 4727 2379 4781 enim
2414 4725 2716 4781 renovavit.

313 4830 402 4884 19.
439 4830 549 4893 Τὰς
573 4830 841 4903 προτέρας
894 4831 1222 4901 ἀπορρίπτει
1271 4830 1378 4883 ἀπὸ
1424 4830 1531 4883 τῶν
1581 4828 1815 4901 καρδιῶν

1742 4828 1815 4882 ῶν
1991 4817 2077 4872 19.
2114 4815 2305 4871 Priora
2329 4816 2547 4887 projicit
2577 4813 2808 4870 consilia
2833 4827 2863 4866 e
2888 4809 3145 4865 cordibus
3177 4822 3386 4863 eorum.

233 4919 445 4974 αὐτῶν.
1846 4906 1890 4962 D

309 5011 404 5068 20.
439 5012 550 5065 Kal
579 5011 848 5083 ἀλλοτριοῖ
876 5012 1174 5084 προτέρους
1202 5012 1377 5066 αὑτῶν
1405 5012 1715 5084 λογισμούς.

1987 5010 2074 5066 20.
2103 5011 2169 5066 Et
2200 5011 2452 5065 immutat
2475 5008 2775 5065 anteriores
2800 5019 2987 5061 eorum
3024 4997 3397 5074 cogitationes.

312 5106 407 5159 21.
442 5104 550 5158 Kal
573 5105 669 5167 τὰς
700 5104 892 5173 βουλὰς
915 5105 1024 5159 τῶν
1049 5104 1317 5177 δαιμόνων
1348 5104 1702 5170 διασκεδάζει.

1383 5104 1702 5170 ιασκεδάζει.
1978 5105 2074 5174 2i.
2108 5103 2174 5158 Et
2200 5103 2423 5159 consilia
2454 5103 2759 5157 daemonum
2781 5099 3027 5170 dissipat.

308 5196 403 5251 22.
442 5197 505 5249 Ἡ
537 5196 724 5266 διδαχὴ
750 5196 935 5280 αὑτοῦ.

885 5196 935 5250 ὖ.
1980 5194 2068 5251 22.
2106 5194 2360 5250 Doctrina
2387 5194 2525 5265 ejus.

308 5380 357 5414 ⁸⁸
394 5378 556 5436 Joan.
589 5397 683 5446 xx,
711 5380 804 5437 22.

1214 5477 1515 5542 Addenda
1544 5486 1604 5541 et
1644 5478 2016 5560 corrigenda
2045 5498 2125 5544 ex
2154 5480 2295 5543 cod.
2326 5478 2529 5541 Vatic.

317 5638 395 5714 ﬂ)
413 5638 772 5714 _Ef’_3YT5)“¢-__
1990 5644 2066 5711 (5)
2088 5646 2152 5698 Ν.
2169 5643 2226 5697 11
2242 5644 2565 5714 ._Iiept,etr..
2585 5640 2671 5714 ὅτε
2694 5638 2964 5710 ἀνέστηὲκ
2984 5628 3321 5705 νεκρῶν,τάς
3333 5637 3466 5700 εις..

311 5708 387 5781 (ξ)
412 5710 516 5781 Kal
541 5711 714 5762 πάντα
742 5710 795 5766 ἄ.
827 5718 933 5763 t‘lc.
1916 5718 1955 5771 ἐκ

1916 5708 2221 5771 ἐπετέλουν.
2243 5708 2307 5781 ᾧ,
2325 5708 2456 5775 εἰς..
2488 5709 2670 5763 αὐτοῦ.

594 5796 674 5857 σε.
698 5797 801 5857 Imb
832 5797 954 5857 σοι.Δ

1986 5786 2061 5857 (6)
2096 5777 2471 5856 Συνήγαγενη.
2499 5778 2811 5851 νεκοωμένα
2840 5777 2989 5843 ὡσεί,
3015 5785 3115 5831 ctc.

311 5848 387 5913 (εί)
419 5850 604 5912 Ἔλεος
635 5851 834 5918 Κυρίου
864 5852 973 5914 ἐπί,
999 5859 1101 5905 ctc.
