4164 6484
692 437 794 492 767
1539 438 1596 495 S.
1641 438 2004 492 ATIIANASSII
2046 438 2196 492 Ol’l’.
2241 437 2418 493 PARS
2460 437 2544 490 Ill.
2583 467 2646 480 —
2694 436 3107 494 EXEGETICA.
3839 437 3932 488 768

759 555 847 609 23.
877 554 1244 624 Cogitationes
1276 557 1455 610 cordis
1485 557 1603 626 ejus
1651 558 1704 610 in
1754 559 2157 627 generationem
2203 569 2255 610 et
2287 581 2328 633 Α

2291 581 2328 633 Α
2427 557 2517 610 25.
2554 557 2817 626 Λογισμοὶ
2869 557 2966 627 τῆς
3013 555 3238 628 καρδίας
3274 554 3438 609 αὑτοῦ
3478 555 3558 618 είς
3604 553 3799 622 γενεὰν
3848 560 3935 607 καὶ

688 647 1116 719 generationem.

933 661 1116 699 onem.
2360 647 2572 715 γενεάν.

758 739 847 792 24.
885 738 1046 790 Beata
1082 752 1233 808 gens,
1269 737 1428 805 cujus
1456 746 1539 791 est
1565 736 1823 791 Dominus
1856 737 1996 792 Deus
2025 739 2175 806 ejus:

2423 739 2510 792 24.
2535 739 2822 808 Μακάρων
2842 739 2902 790 τὸ
2921 739 3091 803 ἔθνος,
3114 735 3174 793 οὗ
3195 739 3304 791 ἐστι
3329 739 3534 808 Κύριος
3549 738 3577 790 ὁ
3593 736 3724 799 Θεὸς
3741 734 3905 788 αὑτοῦ
3920 751 3933 765 ο

757 832 851 886 25.
889 830 1164 901 Populus,
1216 845 1379 901 quem
1431 831 1593 900 elegit
1642 832 1694 884 in
1751 833 2114 886 hmreditatem
2157 833 2257 887 sibi

2427 829 2518 880 25.
2545 828 2707 890 Λαὸς,
2729 828 2785 879 ὃν
2814 827 3096 893 ἐξελέξατο
3117 830 3194 891 είς
3218 827 3578 898 κληρονομίαν
3596 825 3772 895 ἑαυτῷ
3793 825 3934 896 [ἐαυ-

694 923 919 997 [snatn].
2360 919 2498 990 τοῦ).

759 1015 849 1068 26.
878 1013 952 1068 De
978 1013 1116 1067 cwlo
1146 1011 1380 1080 respexit
1410 1009 1708 1074 Dominus;

2430 1010 2519 1064 26.
2567 1011 2654 1077 Ἐξ
2685 1012 2913 1082 οὐρανοῦ
2951 1011 3245 1080 ἐπέϐλεψεν
3273 1012 3301 1063 ὁ
3328 1010 3528 1080 Κύριος
3547 1027 3560 1040 ·

761 1107 850 1159 27.
886 1105 1030 1159 Vidit
1058 1118 1248 1157 omnes
1276 1102 1416 1156 ﬁlios
1448 1103 1750 1155 hominum.

2430 1101 2520 1154 27.
2553 1097 2673 1154 Εἷδε
2704 1101 2910 1165 πάντας
2944 1105 3070 1166 τοὺς
3097 1104 3246 1165 υἱοὺς
3269 1102 3376 1153 τῶν
3406 1100 3729 1172 ἀνθρώπων.

760 1196 850 1248 28.
885 1195 959 1248 De
991 1203 1292 1264 prseparato
1317 1192 1626 1246 habitacqu
1649 1208 1771 1255 suo,

2423 1193 2515 1248 28.
2569 1193 2655 1258 Ἐξ
2693 1195 2908 1262 ἑτοίμου
2939 1195 3359 1264 κατοικητηρίου
3391 1191 3580 1254 αὑτοῦ,

756 1288 848 1340 29.
882 1286 1138 1354 Respexit
1166 1301 1326 1356 super
1361 1300 1552 1338 omnes
1600 1285 1692 1353 qui
1727 1284 1975 1338 habitant
2000 1293 2222 1349 terram,

2424 1284 2513 1338 29.
2550 1284 2870 1354 Ἐπέδλεψεν
2909 1287 3001 1338 ἐπὶ
3029 1285 3233 1348 πάντας
3266 1287 3392 1348 τοὺς
3422 1282 3813 1344 κατοικοῦντας
3843 1283 3933 1350 τὴν

2361 1385 2483 1438 γηνο

761 1459 850 1513 50.
883 1458 984 1525 Qui
1016 1460 1169 1514 ﬁnxit
1196 1462 1509 1529 singiimum
1545 1459 1712 1514 corda
1742 1474 1966 1525 eorum;

2428 1459 2515 1512 30.
2566 1460 2622 1513 Ὀ
2651 1459 2856 1522 πλάσας
2886 1461 3028 1514 κατὰ
3061 1460 3224 1531 μόνας
3254 1458 3351 1521 τὰς
3377 1457 3606 1528 καρδίας
3641 1457 3853 1510 αὐτῶν·

763 1553 849 1606 51.
879 1550 980 1618 Qui
1016 1553 1264 1622 intelligit
1287 1554 1470 1606 omnia
1501 1568 1664 1620 opera
1697 1567 1908 1605 eorum.

2436 1552 2524 1604 51.
2577 1553 2632 1606 Ὀ
2664 1554 2862 1616 συνιεὶς
2893 1555 2972 1616 είς
3007 1555 3183 1607 πάντα
3232 1553 3298 1605 τὰ
3329 1552 3465 1622 ἔργα
3495 1550 3695 1603 αὐτῶν.

761 1642 852 1695 52.
883 1641 998 1696 Non
1028 1644 1269 1696 salvatur
1304 1660 1396 1697 rex
1428 1659 1520 1712 per
1552 1645 1771 1696 multam
1799 1645 2089 1698 virtutem:

2433 1644 2522 1699 32.
2555 1646 2628 1698 Οὐ
2667 1644 2896 1707 σώζεται
2933 1645 3184 1715 βασιλεὺς
3217 1645 3306 1698 διὰ
3340 1643 3536 1714 πολλὴν
3584 1642 3832 1712 δύναμιν·

762 1732 850 1784 55.
882 1733 945 1786 Et
969 1734 1119 1801 gigas
1145 1748 1250 1786 non
1280 1732 1578 1786 salvahitur
1601 1733 1654 1785 in
1684 1731 2024 1786 mult-mdine
2050 1732 2262 1786 virtutis

2424 1736 2510 1788 33.
2556 1737 2662 1788 Καὶ
2715 1737 2873 1805 γίγας
2922 1738 2982 1790 οὺ
3034 1735 3335 1806 σωθήσεται
3393 1737 3450 1786 ὲν
3497 1734 3691 1803 πλήθει
3759 1732 3931 1804 ἰσχύος

694 1837 807 1876 sum
832 1839 844 1874 :
2364 1828 2548 1882 αὑτοῦ.

765 1914 852 1969 54.
887 1913 1071 1967 Fallax
1098 1909 1363 1982 eqnns'ad
1401 1911 1664 1965 salutem:
2296 1927 2339 1984 Β

2296 1927 2339 1984 Β
2435 1915 2523 1968 54.
2560 1915 2773 1985 Ψευδὴς
2803 1916 2966 1976 ἵππος
2994 1917 3071 1977 εἰς
3105 1914 3377 1986 σωτηρίαν
3401 1929 3412 1942 ⁸

762 2007 915 2060 55.1ιι
934 2005 1264 2059 abundantia
1281 2013 1460 2057 autem
1477 2004 1692 2056 virtutis
1705 2019 1816 2058 suae
1833 2017 1937 2057 non
1955 2004 2265 2058 salvabitur.

2440 2007 2528 2058 55.
2574 2008 2660 2058 Ἐν
2691 2007 2748 2059 δὲ
2774 2007 2964 2077 πλήθει
2987 2006 3270 2075 δυνάμεως
3299 2003 3463 2058 αὑτοῦ
3506 2004 3568 2056 οὑ
3616 2003 3933 2072 σωθήσεται.

764 2098 852 2153 56.
888 2096 1024 2150 Ecce
1053 2097 1197 2150 oculi
1226 2095 1442 2149 Domini
1477 2111 1640 2165 super
1675 2106 1976 2151 metuentes
2003 2113 2162 2154 eum:

2437 2098 2524 2151 36.
2564 2098 2690 2150 Ἰδοὺ
2709 2100 2755 2150 οί
2789 2097 3056 2168 ὀφθαλμοὶ
3085 2097 3288 2168 Κυρίου
3315 2098 3405 2149 ἐπὶ
3429 2098 3552 2160 τοὺς
3579 2095 3939 2164 φοϐουμένους

2366 2190 2524 2242 αὐτόν
2548 2204 2561 2219 ο

765 2275 854 2330 57.
894 2275 1184 2345 Sperantes
1211 2291 1374 2346 super
1406 2277 1778 2333 misericordia
1806 2277 1962 2346 ejus;

2434 2282 2521 2334 37.
2555 2281 2698 2344 Τοὺς
2731 2281 3047 2345 ἐλπίζοντας
3081 2280 3160 2351 [in
3188 2295 3358 2348 marg.
3385 2279 3507 2334 cod.
3544 2277 3824 2348 ππίφεται
3854 2275 3941 2329 καὶ

2367 2373 2480 2432 τοῖς
2508 2369 2837 2440 ἐλπίζουσινῖ
2868 2371 2958 2423 ἐπὶ
2988 2371 3048 2423 τὸ
3077 2371 3223 2433 ἕλεος
3266 2368 3431 2424 αὐτοῦ
3452 2385 3466 2399 ·

766 2458 853 2512 58.
887 2457 955 2512 Ut
987 2469 1143 2513 eruat
1174 2473 1204 2512 a
1232 2468 1402 2513 morte
1433 2460 1639 2516 animas
1665 2477 1849 2516 eorum
1876 2481 1890 2524 ;

2439 2459 2527 2514 38.
2570 2460 2860 2512 Ῥύσασοαι
2892 2462 2955 2514 ὲκ
2990 2461 3216 2514 θανάτου
3243 2461 3340 2523 τὰς
3365 2458 3542 2531 ψυχὰς
3574 2459 3752 2512 αὐτῶν
3773 2477 3787 2490 ·

762 2549 850 2601 39.
883 2548 949 2601 Et
981 2549 1089 2601 alat
1120 2564 1214 2602 eos
1248 2549 1300 2602 in
1334 2549 1495 2604 fame.

2445 2555 2532 2608 39.
2559 2555 2665 2606 Kal.
2689 2553 2972 2624 διαθρέψςιῖι
3008 2553 3202 2616 αὐτοὺς
3226 2555 3279 2606 ὲν
3309 2553 3473 2623 λιμῷ.

763 2641 850 2694 40.
891 2641 1078 2694 :‘mima
1107 2650 1285 2695 autem
1316 2651 1500 2697 nostra
1536 2643 1764 2697 sustinet
1800 2643 2123 2699 Dominum:

2067 2667 2086 2697 ii
2111 2664 2123 2698 ι
2443 2645 2532 2699 40.
2576 2646 2641 2698 ’11
2670 2645 2724 2697 δὲ
2753 2644 2897 2716 ψυχὴ
2927 2644 3084 2716 ἡμῶν
3107 2645 3366 2714 ὑπομένει
3393 2643 3471 2713 τῷ
3491 2643 3678 2712 Κυρίῳ
3697 2656 3711 2670 ·

763 2732 853 2786 44.
885 2731 1152 2797 Quoniam
1183 2733 1397 2803 adjulor
1421 2745 1474 2788 et
1496 2742 1768 2804 protector
1791 2746 1974 2790 noster
2008 2748 2120 2791 est:

2445 2737 2532 2790 41.
2568 2738 2689 2788 Ὅτι
2724 2736 2913 2808 βοηθὸς
2947 2737 3042 2788 καὶ
3072 2734 3478 2806 ὑπερασπιστὴς
3512 2733 3666 2804 ἡμῶν
3697 2733 3873 2785 ἐστιν·

767 2824 856 2877 42.
894 2824 1029 2889 Quia
1059 2825 1111 2878 in
1141 2841 1206 2879 eo
1239 2826 1510 2880 laetabitur
1536 2841 1630 2880 cor
1660 2838 1942 2895 nostrum;

2444 2827 2532 2880 42.
2566 2829 2685 2880 Ὅτι
2711 2829 2767 2878 ἐν
2804 2825 2952 2896 αὖτῷ
2980 2824 3412 2897 εὐφρανθήσεται
3442 2825 3475 2888 ἡ
3523 2819 3716 2892 καρδία
3751 2819 3902 2889 ἡμᾶν
3924 2834 3937 2847 ι

764 2917 851 2970 45.
887 2915 952 2971 Et
973 2917 1028 2969 in
1059 2918 1278 2971 nomine
1306 2927 1493 2972 sancto
1525 2919 1643 2987 ejus
1669 2922 2025 2988 Speravimus.

2446 2919 2534 2972 45.
2565 2920 2674 2971 Καὶ
2699 2919 2754 2970 ὲν
2779 2918 2856 2988 τῷ
2888 2919 3108 2988 ὀνόματι
3141 2915 3219 2987 τῷ
3265 2915 3402 2985 ἁγίῳ
3425 2912 3589 2966 αὑτοῦ
3617 2911 3936 2980 ἠλπίσαμεν.

1816 3051 2188 3108 ATHANASII
2233 3051 2813 3107 lNTEllPRETATlO.

762 3166 853 3220 23.
888 3165 1218 3224 llluminatio
1248 3170 1389 3240 ejus.
2299 3177 2340 3234 C

2299 3177 2340 3234 C
2443 3172 2532 3225 23.
2587 3171 2643 3223 ὐ
2671 3169 2950 3240 φωτισμὸς
2988 3165 3171 3221 αὑτοῦ.

772 3259 864 3314 24.
898 3259 1223 3314 Sanctorum
1248 3270 1457 3332 gentem
1488 3262 1812 3334 etpopulum
1838 3262 1958 3331 ejus
1983 3261 2271 3331 signiﬁcat.

2443 3263 2533 3317 24.
2551 3263 2625 3333 (1)
2643 3263 2715 3314 Τὸ
2737 3261 2847 3315 τῶν
2867 3260 3034 3330 ἁγίων
3059 3259 3207 3322 ἔθνος
3229 3255 3321 3309 καὶ
3342 3253 3432 3308 τὸν
3453 3253 3617 3307 αὐτοῦ
3636 3253 3766 3306 λαὸν
3780 3252 3943 3321 λέγει.

771 3350 863 3404 25.
898 3349 1262 3420 Complacuit,
1298 3353 1493 3425 inquit.
1527 3357 1738 3410 salvum
1776 3353 1972 3408 facere.

1776 3353 1972 3408 facere.
2440 3352 2530 3408 25.
2570 3353 2843 3423 Εὺδόκησε
2873 3351 2967 3404 τοῦ
3001 3351 3193 3408 σῶσαι,
3225 3348 3393 3417 λέγει.

767 3443 862 3498 26.
895 3441 1120 3513 Semper
1142 3445 1288 3498 enim
1317 3447 1572 3502 homines
1598 3447 1856 3518 respexit.

2443 3445 2534 3500 26.
2575 3444 2684 3497 Ἀεὶ
2715 3443 2825 3516 γὰρ
2847 3442 3040 3495 ἔϐλεπε
3067 3443 3194 3503 τοὺς
3224 3437 3563 3510 ἀνθρώπους.
3877 3508 3881 3513 η

772 3533 862 3597 27,
916 3531 1007 3586 29.
1051 3533 1284 3590 lntuitus
1334 3545 1418 3592 est
1462 3553 1493 3593 e
1533 3537 1672 3592 caalo
1713 3544 1905 3592 sancto
1950 3549 2052 3591 suo
2095 3534 2274 3589 homi-

2445 3537 2632 3594 27-29.
2673 3535 2915 3590 Ἐπεῐδεν
2947 3536 3010 3588 ὲκ
3054 3532 3147 3587 τοῦ
3191 3531 3419 3603 οὐρανοῦ
3458 3531 3553 3585 τοῦ
3589 3531 3746 3602 ἁγίου
3788 3528 3949 3584 αὑτοῦ

709 3638 838 3678 num
866 3638 1071 3694 genus,
1112 3633 1166 3680 et
1201 3625 1282 3682 eis
1314 3627 1571 3686 omnibus
1627 3629 1906 3685 consuluit
1946 3637 2108 3699 atque
2152 3641 2278 3696 pro-

2375 3630 2437 3683 τὸ
2464 3630 2618 3699 γένος
2650 3629 2756 3682 τῶν
2780 3626 3101 3700 ἀνθρώπων.
3126 3625 3222 3680 καὶ
3247 3625 3505 3696 πρόνοιαν
3535 3623 3717 3678 αὐτῶν
3739 3624 3948 3676 πάντων

709 3714 860 3770 vidit.

2378 3721 2693 3789 πεποίηται.

771 3805 862 3859 50.
896 3803 950 3858 In
976 3802 1268 3874 baptismo.

2448 3813 2536 3866 30.
2585 3807 2772 3880 Ἐντῴ
2807 3807 3162 3879 βαπτίσματι.

781 3897 868 3952 51.
903 3895 1106 3951 Gaudet
1136 3905 1395 3966 praeterea
1422 3911 1610 3951 eorum
1637 3897 1911 3966 operibus.

2445 3902 2533 3956 51.
2563 3902 2756 3972 Χαίρει
2783 3901 2856 3970 (2)
2893 3900 3076 3952 λοιπὸν
3104 3901 3161 3952 ὲν
3192 3900 3302 3961 τοῖς
3330 3896 3512 3969 ἔργοις
3541 3895 3742 3948 αὐτῶν.

779 3987 867 4042 52.
903 3986 959 4040 In
989 3987 1078 4042 die
1099 3987 1316 4056 judicii.

2449 3995 2538 4047 52.
2583 3995 2670 4046 Ἐν
2699 3997 2765 4062 τῇ
2799 3993 2979 4064 ἡμέρᾳ
2999 3993 3098 4063 τῆς
3143 3996 3393 4062 κρίσεως.

778 4079 867 4134 55.
906 4077 1064 4134 Salus
1092 4095 1121 4132 a
1157 4079 1379 4138 Domino
1424 4089 1479 4134 et
1513 4080 1567 4133 in
1609 4080 1859 4150 przcscnti
1903 4089 1956 4134 et
1998 4080 2049 4132 in
2099 4079 2280 4136 futuro

2449 4087 2536 4139 33.
2574 4084 2730 4154 Παρὰ
2759 4084 2961 4155 Κυρίου
2993 4086 3024 4153 ἡ
3059 4083 3299 4153 σωτηρία
3329 4082 3422 4135 καὶ
3450 4082 3508 4133 ὲν
3548 4080 3626 4150 τῷ
3671 4080 3763 4132 νῦν
3801 4078 3947 4132 αἰῶνι

713 4174 911 4228 saeculo
945 4172 1238 4242 unicuique
1268 4173 1446 4228 datur.

2382 4179 2474 4231 καὶ
2502 4180 2557 4228 ἐν
2585 4176 2661 4244 τῷ
2699 4175 2942 4246 μέλλοντι
2979 4176 3193 4244 ἑκάστῳ
3223 4174 3442 4226 δίδοται.

783 4268 872 4321 54.
905 4265 1022 4321 Non
1047 4275 1227 4320 autem
1255 4275 1306 4320 ut
1336 4267 1388 4320 in
1411 4268 1660 4337 praesenti
1681 4283 1878 4337 equum
1904 4268 2129 4333 habens,
2155 4277 2280 4322 tunc

2453 4271 2538 4324 54.
2568 4270 2700 4322 Οὐδὲ
2728 4271 2755 4321 ὁ
2784 4270 2945 4330 ἵππος
2973 4269 3048 4338 (5)
3099 4268 3236 4336 ἔχων
3282 4269 3338 4320 ἐν
3369 4266 3444 4336 τῷ
3481 4265 3575 4318 νῦν
3626 4263 3782 4318 αἰῶνι
3834 4265 3946 4316 τότε

715 4357 911 4426 poterit
935 4357 988 4410 in
1021 4371 1086 4411 eo
1114 4354 1389 4426 aufugere.

2381 4361 2661 4431 δυνήσεται
2699 4362 2756 4412 ὲν
2787 4359 2932 4430 αὑτῷ
2957 4359 3195 4427 φεύγειν.

785 4449 871 4502 35.
902 4445 1020 4501 Νοη
1040 4447 1184 4502 enim
1204 4447 1470 4518 cujusque
1493 4447 1729 4518 patentia
1754 4448 1982 4502 salvabit
2002 4463 2125 4502 eum
2150 4457 2279 4502 tein-

2454 4453 2540 4505 33.
2571 4453 2642 4504 Οὐ
2674 4450 2782 4519 γὰρ
2811 4454 2843 4520 ἡ
2876 4450 3159 4505 δυναστεία
3191 4449 3418 4501 ἑκάστου
3450 4447 3610 4511 σώζει
3636 4444 3846 4517 [σώσει]
3869 4443 3948 4495 αὖα

715 4554 842 4609 pore
868 4539 1081 4610 judicii.
2315 4521 2358 4575 Ῑ)

2315 4521 2358 4575 D
2384 4545 2473 4595 τὸν
2509 4546 2564 4596 ὲν
2590 4542 2665 4613 τῷ
2701 4542 2879 4614 καιρῴ
2907 4543 3006 4612 τῆς
3034 4541 3282 4613 κρίσεως.

784 4629 875 4696 36,
902 4630 992 4684 37.
1029 4629 1330 4684 Delectatur
1362 4625 1506 4680 enim
1539 4625 1876 4696 subjectione
1900 4637 1952 4682 et
1976 4643 2090 4696 spe,
2118 4644 2280 4698 qnam

2450 4633 2538 4698 36,
2567 4634 2655 4688 57.
2701 4634 2922 4704 Ἐρᾶται
2953 4635 3043 4686 ἐπὶ
3071 4637 3138 4703 τῇ
3169 4633 3411 4702 ὑποταγῇ
3439 4629 3535 4684 καὶ
3566 4633 3632 4701 τῇ
3659 4629 3854 4694 ἑλπίδι,
3885 4629 3945 4699 ῆν

713 4724 770 4778 in
798 4740 864 4779 eo
895 4724 1114 4779 habent.

2383 4727 2590 4796 ἔχουσιν
2623 4726 2700 4789 είς
2725 4726 2901 4780 αὐτόν.

787 4816 873 4870 38.
905 4816 950 4868 Α
975 4825 1151 4868 morte
1179 4820 1398 4866 aeterna.

2451 4819 2537 4872 38.
2571 4817 2678 4870 Τοῦ
2708 4819 2927 4871 αἰωνίου
2959 4817 3210 4871 θανάτου.

778 4908 867 4964 39.
899 4905 1017 4962 Non
1063 4905 1259 4960 famem
1298 4900 1453 4972 panis
1491 4900 1787 4973 signiﬁcat,
1821 4903 1914 4958 sed
1957 4900 2153 4956 famem
2180 4919 2271 4958 au-

2457 4910 2542 4964 39.
2587 4910 2660 4962 Οὑ
2695 4909 2841 4978 λέγει
2867 4909 3023 4980 λιμὸν
3049 4911 3237 4981 ἄρτου,
3272 4907 3408 4962 ἀλλὰ
3429 4907 3585 4977 λιμὸν
3605 4906 3700 4960 τοῦ
3729 4907 3946 4961 ἀκοῦσαι

715 5000 896 5056 diendi
925 4999 1150 5055 verbum
1186 4997 1417 5053 Domini.

1271 4997 1417 5051 mini.
2386 5006 2536 5074 λόγον
2582 5005 2788 5076 Κυρίου
2820 5003 2915 5074 (4).

785 5096 873 5151 40.
902 5095 1097 5152 Anima
1119 5101 1304 5148 nostra
1323 5099 1601 5163 exspectat
1621 5105 1833 5160 semper
1850 5088 2274 5144 misericordiam

2443 5096 2540 5151 40.
2581 5098 2645 5149 Ἦ
2675 5096 2823 5167 ψυχὴ
2859 5099 2892 5166 ἡ
2902 5095 3016 5166 μῶν
3042 5094 3327 5168 περιμένει
3365 5094 3595 5148 πάντοτε
3619 5094 3681 5148 τὺ
3710 5095 3839 5164 παρ’
3859 5089 3945 5144 αὐ-

716 5189 893 5247 ειὶκθο.
2383 5185 2477 5238 τοῦ
2511 5185 2671 5249 ἔλεος.

778 5279 866 5332 41.
898 5276 1164 5342 Quoniam
1194 5275 1307 5346 ipse
1332 5289 1546 5344 semper
1570 5289 1717 5328 cura:
1753 5289 1853 5329 nos
1887 5273 2066 5328 habet.

2455 5277 2542 5330 41.
2578 5277 2700 5329 Ὂτι
2733 5275 2893 5340 αὐτὸς
2919 5277 3006 5329 ἀεὶ
3037 5275 3286 5348 φροντίδα
3312 5274 3469 5347 ἡμῶν
3506 5277 3759 5329 ποιεῖται.

785 5371 875 5427 42.
902 5368 1245 5423 lnhabitante
1279 5367 1395 5436 ipso
1421 5369 1474 5421 in
1502 5367 1679 5422 nobis.

2455 5367 2544 5420 42.
2571 5368 3050 5437 Κατασκηνοῦντος
3078 5366 3242 5420 αὑτοῦ
3276 5370 3334 5421 ἐν

775 5465 870 5520 45.
903 5460 1170 5528 Quoniam
1202 5469 1394 5531 potens
1415 5469 1496 5516 est
1520 5459 1728 5516 salvere
1751 5475 1870 5514 nos.

1685 5475 1728 5515 ’θ
1751 5475 1870 5514 nos.
2459 5459 2544 5513 45.
2575 5461 2693 5512 ’Ότι
2719 5459 2939 5519 δύναται
2965 5459 3135 5512 σῶσαι
3164 5461 3329 5530 ἡμᾶς.

1673 5577 1980 5640 Addenda
2018 5584 2078 5636 et
2115 5577 2488 5652 corrigenda
2521 5594 2596 5636 ex
2629 5575 2770 5636 eod.
2804 5575 3005 5636 Vatic.

799 5683 876 5752 (l)
903 5684 974 5736 Τὸ
1012 5683 1136 5746 τῶν,
1165 5691 1293 5746 elc.,
1333 5681 1498 5752 λέγει.
1527 5682 1590 5738 Ν.
1623 5683 1712 5750 26,
1747 5684 1834 5738 27.
1880 5683 1985 5736 ‘As‘.
2013 5686 2139 5752 γάρ.
2176 5693 2277 5736 etc.

1280 5722 1293 5746 ,
1333 5681 1498 5752 λέγει.
1527 5682 1590 5738 Ν.
1623 5683 1712 5750 26,
1747 5684 1834 5738 27.
1880 5683 1985 5736 ‘As‘.
2013 5686 2139 5752 γάρ.
2176 5693 2277 5736 etc.
2463 5683 2537 5752 (5)
2561 5680 2692 5734 Οὐδὲ
2733 5681 2913 5752 ἵππον.

732 5750 1017 5818 Ν.“28,(49.
1063 5755 1301 5807 Ἐπεῖδεν
1334 5750 1416 5806 ὲκ.
1445 5765 1548 5811 etc.
2091 5750 2099 5752 “

1279 5771 1301 5804 ν
1334 5750 1416 5806 ὲκ.
1445 5765 1548 5811 etc.
2091 5750 2099 5752 “
2468 5751 2540 5821 (4)
2577 5752 2743 5818 Λόγον
2774 5750 2923 5804 Θεοῦ.

803 5821 881 5896 (2)
911 5825 1098 5896 Χαίρει
1136 5825 1239 5894 γάρ
1261 5863 1274 5890 ,
1306 5835 1408 5880 etc.
