4164 6494
739 428 840 480 775
1575 424 1630 478 S.
1673 422 2042 477 ATHANASII
2081 422 2230 479 OPP.
2274 423 2454 479 PARS
2490 424 2578 480 111.
2610 456 2680 466 -
2711 423 3119 480 ΕΧΕΟΕἸΊιΖΑ.
3872 427 3966 480 776

806 541 859 594 4.
893 538 1121 594 Eﬂ'unde
1174 538 1455 603 frameam,
1499 553 1552 593 ct
1586 538 1851 594 conclude
1896 541 2159 595 adversus
2202 556 2296 595 eos
2328 549 2372 604 Α

2328 549 2372 604 Α
2466 540 2763 611 1.Ἕκχεον
2799 538 3093 610 ῥομφαίαν.
3140 538 3235 591 καὶ
3284 537 3606 606 σύγκλειοον
3667 537 3970 603 ἐξεναντίας

734 633 825 700 qui
859 641 1257 701 persequuntur
1290 645 1394 684 me.

2408 630 2515 683 τών
2539 630 2983 684 καταδιωκόντων
3015 646 3100 699 με.

808 722 861 778 5.
896 724 989 779 Dic
1024 724 1219 791 anima:
1250 740 1381 778 mea:
1408 743 1419 777 :
1448 722 1607 779 Salus
1636 733 1726 779 tua
1751 739 1851 793 ego
1875 738 2018 779 sum.

2480 723 2533 778 5.
2569 718 2734 775 Εἶπον
2758 724 2823 792 τῇ
2856 721 3000 791 ψυχῇ
3038 738 3139 790 μου
3158 737 3171 750 σ
3203 718 3449 791 Σωτηρία
3481 719 3571 771 σού
3599 720 3716 788 είμι
3742 716 3875 786 ἐγώ.

808 814 860 867 6.
900 813 1315 869 Coui'undantur
1361 823 1413 869 et
1450 823 1798 869 revereantur
1842 823 2147 884 quaerentes
2180 813 2301 867 ani-

2481 815 2534 869 6.
2570 814 3021 886 Αίσχυνθήτωσαν
3054 813 3148 865 καὶ
3169 814 3589 884 ὲντραπήτωσαν
3610 812 3660 864 οἱ
3689 809 3967 881 ζητοῦντες

739 922 883 959 mam
917 922 1112 962 meam.

2408 906 2504 978 τὴν
2528 906 2705 977 ψυχήν
2743 924 2865 977 μου.

807 997 861 1051 7.
896 997 1223 1051 Avertantur
1258 1007 1553 1053 retrorsum
1598 1006 1654 1053 et
1698 996 2103 1053 confundantur
2150 995 2300 1067 cogi-

2481 999 2531 1051 7.
2565 1000 3094 1071 ’Δποστραφήτωσαν
3116 1002 3196 1065 είς
3213 1001 3278 1055 τὰ
3304 1001 3497 1067 ὀπίσω,
3526 1002 3623 1056 καὶ
3653 1019 3969 1071 καταισχυν-

739 1097 915 1143 tantes
944 1087 1077 1141 inibi
1107 1088 1269 1144 mala.

2408 1090 2657 1162 θήτωσαν
2687 1094 2736 1145 οἱ
2775 1092 3109 1165 λογιζόμενοί
3130 1111 3239 1168 ,μοι
3270 1094 3434 1148 κακά.

808 1178 862 1232 8.
903 1178 1061 1232 Fiant
1090 1187 1350 1249 tanquam
1383 1178 1561 1249 pulvis
1595 1186 1720 1234 ante
1749 1177 1942 1232 faciem
1974 1175 2156 1233 venti:

2477 1183 2528 1237 8.
2548 1183 2938 1256 Γενηθήτωσαν
2967 1185 3099 1239 ώσεὶ
3114 1185 3271 1255 χνοῦς
3286 1187 3424 1239 κατὰ
3442 1185 3729 1259 πρόσωπον
3746 1186 3940 1257 ἀνέμου
3952 1200 3965 1216 °

808 1270 859 1323 9.
898 1269 963 1323 Et
990 1272 1214 1341 angelus
1249 1270 1463 1326 Domini
1494 1279 1778 1324 coarctans
1804 1284 1919 1323 eos.

2473 1273 2525 1328 9.
2562 1275 2671 1327 Kal
2699 1274 2928 1343 ἄγγελος
2962 1276 3167 1347 Κυρίου
3199 1276 3462 1332 ὲκθλίὸων
3490 1276 3687 1341 αὐτούς

805 1360 890 1413 10.
928 1360 1048 1415 Fiat
1074 1362 1158 1416 via
1190 1363 1408 1417 illorum
1439 1362 1673 1416 tenebrae
1700 1370 1755 1415 et
1786 1361 2056 1415 lubricum
2086 1377 2099 1413 :

2478 1365 2561 1417 10.
2605 1366 2892 1437 Γενηθήτω
2914 1368 2946 1438 ἡ
2968 1367 3085 1431 ὁδὸς
3117 1368 3297 1423 αὐτῶν
3334 1370 3523 1435 σκότος
3554 1371 3649 1423 καὶ
3675 1368 3964 1438 ὀλίσθημασ

806 1453 893 1507 11.
926 1452 993 1507 Et
1020 1456 1243 1525 angelus
1282 1454 1496 1509 Domini
1530 1469 1865 1525 persequens
1895 1468 2014 1509 eos.

2478 1454 2563 1507 11.
2605 1455 2713 1509 Kal
2744 1456 2972 1525 ἄγγελος
3003 1458 3207 1527 Κυρίου
3242 1458 3593 1512 καταδιώκων
3619 1456 3834 1520 αὐτούς.

805 1543 892 1598 12.
933 1544 1201 1611 Quoniam
1226 1547 1397 1617 gratis
1416 1547 1827 1602 absconderunt
1854 1545 1988 1599 mibi
2018 1543 2297 1599 interitum

2478 1542 2562 1595 12.
2579 1544 2699 1598 Ὀτι
2717 1545 2925 1617 δωρεὰν
2949 1546 3189 1617 ἐκρυψάν
3214 1566 3303 1618 μοι
3325 1548 3617 1619 διαφθορὰν
3640 1546 3859 1617 παγίδος
3876 1546 3967 1599 αὺ-

734 1633 913 1703 laquei
942 1634 1026 1689 sui
1053 1653 1067 1689 :
2405 1631 2531 1685 τῶν.

807 1727 892 1779 15.
932 1726 1279 1795 Supervacue
1316 1728 1782 1798 exprobraverunt
1822 1727 2058 1782 animam
2102 1739 2296 1779 meam.

1948 1741 2058 1780 1am
2102 1739 2296 1779 meam.
2477 1723 2564 1777 13.
2605 1723 2796 1793 Μάτην
2822 1724 3100 1779 ώνείδισαν
3134 1726 3229 1797 τὴν
3261 1727 3437 1798 ψυχήν
3470 1744 3592 1797 μου.

801 1814 889 1868 11.
924 1812 1115 1871 Veniat
1144 1818 1221 1872 illi
1248 1818 1499 1887 laqueus,
1531 1834 1693 1888 quem
1720 1818 1934 1887 ignorat
1969 1834 1983 1871 :

2476 1815 2562 1870 11.
2594 1816 2821 1871 Ἐλθέτω
2856 1818 3004 1889 αὐτῷ
3031 1820 3214 1887 παγὶς,
3240 1820 3306 1889 ῆν
3336 1820 3397 1871 οὐ
3422 1818 3679 1887 γινώσκει
3698 1836 3713 1849 ·

804 1906 890 1960 15.
928 1906 992 1961 Ει
1006 1910 1203 1978 captio,
1234 1925 1396 1978 quam
1412 1910 1714 1975 abscondit,
1741 1909 2109 1981 apprehendat
2128 1922 2287 1961 eum:
2322 1912 2365 1966 Β

2218 1922 2287 1961 n:
2322 1912 2365 1966 Β
2464 1905 2550 1959 15.
2592 1907 2700 1958 Kal
2727 1908 2760 1976 ὴ
2791 1906 2955 1980 θήρα,
2986 1908 3049 1979 ἣν
3083 1908 3306 1979 ἔκρυψε,
3328 1906 3636 1960 συλλασέτω
3664 1904 3828 1959 αὐτόν
3848 1922 3862 1935 ο

802 1998 887 2051 16.
918 1997 983 2053 Et
1006 1999 1060 2054 in
1087 2000 1335 2069 laqueum
1368 2003 1524 2058 cadat
1556 2004 1611 2058 in
1643 2004 1843 2073 ipsum.

2464 1995 2546 2053 16.
2588 1998 2698 2051 Kal
2736 1999 2793 2050 ἐν
2820 2002 2885 2069 τῇ
2923 1999 3109 2067 παγίδι
3142 2000 3385 2052 πεσεῖται
3419 2001 3475 2051 ὲν
3512 1999 3670 2069 αὐτῇ.

802 2088 889 2141 17.
918 2087 1110 2143 Anima
1142 2101 1322 2145 autem
1352 2108 1469 2147 mea
1497 2092 1791 2148 exsultabit
1820 2092 1877 2147 in
1911 2090 2143 2146 Domino
2168 2107 2180 2143 :

2464 2087 2553 2141 17.
2583 2087 2648 2142 Ἦ
2670 2088 2726 2141 δὲ
2757 2088 2901 2159 ψυχή
2933 2106 3032 2159 μου
3068 2087 3457 2157 άγαλλιάσεται
3484 2088 3577 2141 ἐπὶ
3600 2087 3676 2157 τῷ
3708 2085 3927 2159 Κυρίῳο

800 2180 884 2233 18.
920 2180 984 2233 Et
1010 2182 1361 2238 delectabitur
1386 2200 1547 2254 super
1575 2186 1801 2240 salutari
1838 2199 1963 2240 suo.

2465 2178 2553 2232 18.
2594 2180 2968 2253 Τερφθήσεται
2997 2181 3089 2235 ἐπὶ
3120 2180 3197 2251 τῷ
3228 2179 3479 2251 σωτηρίῳ
3504 2179 3687 2233 αὐτοῦ.

805 2270 890 2324 19.
937 2269 1131 2326 Omnia
1173 2288 1300 2328 ossa
1342 2290 1463 2329 mea
1506 2274 1999 2341 dicent:Domine,
2041 2271 2287 2337 Domine,

2466 2269 2552 2324 19.
2592 2272 2777 2326 Πάντα
2806 2272 2875 2325 τὰ
2905 2273 3036 2326 ὀστᾶ
3061 2290 3161 2343 μου
3194 2272 3377 2344 ἐροῦσι
3396 2289 3410 2303 ο
3440 2272 3632 2343 Κύριε,
3672 2271 3863 2343 Κύριε,
3887 2270 3962 2333 τίς

731 2363 854 2430 quis
881 2362 1076 2419 similis
1115 2365 1209 2418 tibi
1242 2366 1264 2418 ?

1115 2365 1209 2418 tibi
1242 2366 1264 2418 ?
2395 2363 2578 2433 ὅμοιός
2610 2380 2692 2416 σοι
2716 2381 2729 2428 ;

803 2453 891 2507 20.
920 2452 1168 2524 Eripiens
1190 2457 1401 2526 inopem
1431 2456 1496 2510 de
1524 2470 1685 2509 manu
1722 2454 2008 2510 fortiorum
2034 2452 2154 2523 ejus
2178 2470 2192 2517 ;

2467 2453 2555 2506 20.
2576 2453 2864 2523 Ῥυόμενος
2882 2454 3093 2522 πτωχὸν
3109 2455 3171 2506 ἐκ
3189 2454 3368 2523 χειρὸς
3387 2454 3763 2526 στερεωτέρων
3787 2451 3962 2507 αὐτοῦ’

798 2545 887 2599 21.
916 2543 981 2599 Et
1046 2560 1276 2617 egenum
1327 2559 1380 2602 et
1441 2562 1733 2618 pauperem
1804 2562 1835 2601 a
1903 2543 2292 2615 diripientibus

2466 2544 2555 2598 21.
2596 2545 2705 2598 Kal
2733 2546 2946 2615 πτωχὸν
2983 2546 3073 2597 καὶ
3109 2545 3313 2617 πένητα
3346 2544 3452 2598 ἀπὸ
3494 2544 3602 2597 τῶν
3640 2543 3962 2616 διαρπαζόν-

730 2649 876 2690 eum.

2400 2656 2507 2691 των
2536 2638 2714 2691 αὐτόν.

1838 2810 2213 2867 ATHANASII
2252 2812 2846 2868 INTERPRETATIO.

797 2927 863 2995 4,
893 2925 945 2983 5.
981 2925 1048 2982 Et
1087 2928 1258 2999 gratia
1305 2927 1540 2998 Spiritus
1581 2930 1753 2985 saneti
1797 2928 2146 2984 circumdans
2176 2930 2296 2983 ani-

2467 2930 2522 2994 1,
2552 2929 2604 2983 5.
2649 2929 2756 2982 Kal
2798 2931 2861 2999 τῇ
2905 2928 3084 2997 χάριτι
3108 2926 3200 2977 τοῦ
3228 2925 3383 2992 ἁγίου
3412 2924 3487 2995 (1)
3513 2923 3834 2995 [Ινεὺματος
3874 2942 3959 2976 κυ-

729 3034 876 3072 mam
926 3033 1099 3072 meam
1125 3057 1139 3081 ,
1184 3019 1271 3073 dic
1313 3020 1461 3089 ipsi:
1500 3018 1576 3075 Ne
1624 3020 1836 3085 timeas,
1865 3020 2011 3075 salua
2065 3029 2158 3073 tua
2199 3035 2292 3089 ego

2398 3020 2609 3082 κλώσας
2632 3020 2729 3089 τὴν
2760 3020 2936 3089 ψυχήν
2974 3036 3095 3089 μου,
3128 3019 3252 3071 εἰπὲ
3288 3019 3424 3087 αὐτῇ
3446 3034 3458 3045 ·
3493 3016 3587 3088 Μὴ
3630 3016 3819 3086 φοϐοῦ,
3858 3033 3961 3069 σω-

728 3125 867 3163 ιιιιη.
2395 3110 2565 3177 τηρία
2594 3111 2708 3164 σού
2735 3113 2849 3179 ειμι
2886 3108 3021 3178 ἐγώ.

798 3198 852 3253 6.
889 3200 1064 3271 Atque
1095 3200 1166 3255 ita
1202 3200 1419 3257 demum
1449 3201 1840 3271 confundantur
1867 3209 1916 3255 et
1956 3208 2289 3255 revertantur

2466 3202 2521 3255 6.
2554 3204 2663 3256 Kal
2695 3202 2838 3256 οὓτω
2868 3202 3051 3255 λοιπὸν
3081 3200 3587 3269 αἰσχυνθήτωσαν
3640 3202 3740 3254 καὶ
3764 3202 3958 3268 ἐντρα-

727 3300 1023 3360 potestates
1057 3293 1285 3349 inimici.
2321 3284 2363 3340 ί)

2321 3284 2363 3340 C
2396 3293 2681 3357 πήτωσαν
2707 3294 2761 3345 αἱ
2795 3292 3049 3361 δυνάμεις
3077 3291 3170 3344 τοῦ
3199 3290 3418 3361 ἐχθροῦ.

800 3383 850 3436 7.
884 3382 1145 3439 Similiter
1167 3386 1369 3440 eaedem
1405 3392 1717 3454 potestates.

1707 3426 1717 3439 .
2468 3384 2517 3438 7.
2537 3384 2765 3454 Ὁμοίως
2796 3386 2849 3438 αἱ
2884 3384 3043 3437 αὑταὶ
3072 3383 3351 3453 δυνάμεις.

797 3474 851 3528 8.
888 3474 1210 3530 Exsuﬂlabit
1250 3475 1524 3530 daemones
1564 3491 1630 3530 ex
1672 3477 1834 3531 corde
1885 3491 2003 3530 meo
2055 3473 2294 3543 Spiritus

2467 3474 2517 3526 8.
2538 3474 2861 3543 Ἑκφυσήσει
2892 3474 3014 3535 τοὺς
3038 3473 3290 3542 δαίμονας
3321 3475 3383 3525 ὲκ
3413 3473 3511 3543 τῆς
3536 3472 3764 3535 καρδίας
3789 3489 3886 3542 μου
3907 3470 3958 3522 τὸ

726 3574 948 3618 88110105
985 3573 1130 3618 tuus.

2394 3561 2617 3631 Πνεῦμά
2651 3578 2743 3614 σου
2779 3561 2839 3613 τὸ
2868 3560 3040 3629 ἅγιον.

797 3655 848 3709 9.
882 3654 946 3710 Et
972 3655 1295 3711 illuminatio
1326 3666 1418 3712 tua
1447 3658 1721 3728 expellens
1755 3672 1852 3712 eos
1871 3672 1933 3712 ex
1962 3667 2124 3711 corue
2150 3670 2290 3710 meo.

2462 3651 2515 3706 9.
2552 3652 2658 3705 Kal
2686 3654 2713 3705 ὁ
2740 3653 3013 3723 φωτισμός
3036 3668 3129 3705 σου
3160 3650 3369 3704 διώκων
3398 3651 3594 3715 αὐτοὺς
3620 3652 3686 3704 ἐκ
3712 3652 3808 3722 τῆς
3836 3668 3960 3721 καρ-

2392 3740 2510 3804 δίας
2541 3759 2662 3811 μου.

796 3826 882 3882 10.
916 3827 1109 3899 Inopes
1139 3831 1349 3887 consilii
1380 3848 1490 3902 ιιι-ε
1518 3833 1711 3888 timore
1744 3836 2054 3891 concidant.
2437 3894 2440 3901 ,

2437 3894 2442 3901 ,
2465 3836 2551 3889 10.
2571 3836 2657 3887 Ἐν
2681 3834 2885 3905 ἀπορίᾳ
2911 3833 3061 3897 ὄντες
3087 3833 3195 3887 ἀπὸ
3222 3831 3315 3886 τοῦ
3338 3832 3502 3903 φόδου
3525 3833 3601 3903 (2)
3630 3832 3956 3886 πεσέτωσαν.

796 3920 883 3973 11.
914 3920 979 3974 Et
1005 3922 1175 3990 gratia
1206 3931 1295 3976 tua
1324 3933 1676 3993 persequetur
1702 3941 1815 3981 eos.

2462 3925 2546 3976 11.
2582 3924 2690 3975 Kal
2730 3925 2761 3993 ἡ
2795 3925 2952 3994 χάρις
2981 3940 3073 3975 σου
3107 3921 3285 3985 διώξει
3319 3922 3531 3983 αὐτούς.

796 4011 882 4064 12.
916 4011 1051 4066 Cum
1088 4014 1233 4067 nulla
1260 4029 1345 4069 res
1374 4015 1509 4070 mihi
1534 4026 1681 4072 esset
1720 4034 1844 4073 cum
1875 4020 2027 4089 ipsis,
2062 4024 2291 4080 munda-

2463 4012 2545 4065 12.
2582 4013 2747 4065 Οὐδὲν
2774 4013 2989 4083 ἔχοντός
3012 4029 3111 4084 μου
3135 4012 3272 4082 πρὸς
3293 4012 3489 4074 αὐτοὺς
3509 4009 3716 4081 ἔθηκαν
3731 4010 3827 4071 τὰς
3848 4008 3960 4080 ἠδο-

725 4112 826 4151 nas
854 4100 1156 4168 voluptates
1187 4101 1240 4154 in
1278 4103 1440 4157 corde
1475 4120 1592 4159 meo
1622 4120 1937 4176 posuerunt.

1752 4120 1937 4164 ierunt.
2389 4105 2482 4168 νὰς
2507 4103 2600 4158 τοῦ
2636 4106 2838 4176 κόσμου
2870 4107 2926 4158 ὲν
2954 4108 3017 4177 τῇ
3050 4105 3244 4177 καρδίᾳ
3276 4121 3396 4175 μου.

797 4190 882 4244 13.
916 4190 1257 4259 Alllixerunt,
1292 4194 1485 4265 inquit,
1523 4198 1762 4253 animam
1788 4216 1984 4257 meam.

1871 4218 1984 4257 nam.
2461 4196 2831 4265 15.Ἔθλιψαν,
2859 4196 3027 4265 λέγει,
3060 4197 3159 4267 τὴν
3182 4194 3358 4266 ψυχήν
3390 4212 3515 4266 μου.

796 4284 881 4337 11.
918 4282 1105 4339 Veniat
1133 4285 1349 4341 diabolo
1385 4289 1501 4343 dies
1521 4290 1737 4360 judicii,
1765 4294 1912 4363 quod
1942 4311 2053 4351 non
2097 4312 2286 4368 exspe-

2462 4288 2795 4343 11.Ἐλθέτω
2835 4288 2913 4357 τῷ
2956 4288 3187 4359 διαϐόλῳ
3237 4290 3271 4360 ἡ
3318 4288 3498 4360 ἡμέρα
3545 4290 3645 4359 τῆς
3696 4288 3956 4359 κρίσεως,

721 4382 851 4429 ctat.

2386 4383 2521 4455 ὅπερ
2558 4382 2635 4452 (5)
2674 4382 2733 4433 οὑ
2774 4383 3062 4453 προσδοκᾷ.

793 4464 877 4518 15.
909 4464 975 4520 Et
1002 4481 1167 4530 mors.
1206 4484 1368 4540 quam
1403 4471 1519 4541 ipse
1544 4472 1769 4527 invenit.

2460 4474 2546 4528 15.
2582 4476 2691 4526 Kal
2719 4477 2747 4527 ό
2779 4474 3024 4537 Θάνατος,
3055 4475 3114 4528 ὃν
3143 4474 3303 4537 αὐτὸς
3333 4473 3563 4544 ἐφεῦρεν
3591 4474 3692 4541 (1).

796 4558 880 4611 16.
914 4558 980 4612 Et
1008 4560 1061 4613 in
1088 4562 1385 4631 gehennam
1420 4566 1558 4635 ignis
1588 4545 1901 4635 projicietur
1930 4569 1984 4623 in
2008 4570 2203 4641 ipsam.

2460 4566 2546 4622 16.
2584 4568 2692 4621 Kal
2722 4570 2777 4620 ἐν
2809 4570 2874 4637 τῇ
2911 4568 3099 4638 γεέννῃ
3133 4566 3222 4620 τοῦ
3259 4568 3425 4638 πυρὸς
3455 4565 3785 4637 βληθήσεται
3809 4565 3881 4635 (5)
3902 4565 3955 4615 ἐν

2316 4647 2363 4704 ι)
2387 4657 2547 4710 αὐτῆ.

796 4718 881 4775 17.
908 4718 1170 4775 Gaudebit
1197 4723 1250 4776 in
1274 4721 1503 4779 Domino
1540 4725 1591 4779 in
1617 4736 1900 4784 aeternum.
2316 4659 2363 4704 υ
2387 4674 2440 4710 ω

2316 4659 2363 4704 υ
2387 4659 2488 4710 αὐτ
2534 4696 2547 4709 .

2458 4659 2543 4801 Ιξὶ.
2578 4748 2889 4817 Χαρήσεται
2921 4747 3013 4800 ἐπὶ
3044 4747 3121 4815 τῷ
3142 4748 3327 4819 Κυρίῳ
3354 4715 3555 4812 άίδίως.

792 4810 876 4865 18.
906 4810 963 4865 In
990 4812 1210 4882 judiciis
1235 4816 1372 4883 ejus.

2458 4837 2543 4889 18.
2562 4837 2650 4889 Ἐν
2679 4842 2788 4901 τοῖς
2822 4838 3184 4910 δικαιώμασιν
3221 4838 3402 4893 αὑτοῦ.

792 4902 878 4956 19.
910 4901 1099 4959 Omnis
1127 4906 1295 4960 virtus
1324 4924 1461 4974 mea,
1493 4911 1683 4981 inquit.

2454 4928 2540 4981 19.
2580 4929 2793 4998 Πᾶσαὴ
2828 4930 2977 4999 ἰσχύς
3008 4901 3130 4999 pou,
3166 4930 3331 4997 λέγει.

721 5081 731 5091 ⁸
788 4992 878 5048 20.
911 4993 1175 5092 Humilem
1198 4999 1381 5065 corde,
1414 5003 1605 5072 inquit,
1640 5003 1875 5073 eripiens
1919 5019 1949 5057 a
1990 5006 2272 5075 spiritibus

2448 5018 2535 5071 20.
2573 5018 2673 5070 Τὸν
2703 4992 2913 5088 πτωχὸν
3068 4992 3281 5092 καρδία,
3308 5021 3544 5090 διαλέγει
3573 5020 3671 5091 (6),
3706 5020 3949 5092 ῥυόμενος

720 5083 1033 5137 immundis.

2385 5110 2489 5170 ὶπὸ
2513 5107 2621 5161 τῶν
2650 5110 2973 5181 ἀκαθάρτων
3009 5113 3352 5182 πνευμάτων.

790 5176 876 5230 21.
907 5178 987 5232 Ab
1018 5179 1251 5235 inimicis
1272 5181 1573 5239 visibilibus
1601 5196 1654 5241 et
1686 5188 2046 5246 invisibilibus
2072 5193 2266 5251 liberat

2446 5200 2535 5254 21.
2554 5202 2647 5253 Ἐκ
2674 5202 2782 5253 τῶν
2814 5176 3023 5272 όρατῶν
3051 5176 3414 5275 καὶ-ἀοράτων
3436 5202 3651 5274 ἐχθρῶν
3675 5206 3855 5275 ῥύεται
3877 5201 3946 5271 (7)

716 5280 832 5331 θ⁰³ο
855 5275 908 5321 ει
928 5271 980 5322 in
1010 5271 1279 5338 Ρτίεδθηιίι
1308 5282 1360 5329 ει
1393 5274 1446 5329 in
1471 5274 1656 5331 Ῑυιιιΐο
1690 5279 1911 5331 εεοιιιο-
2380 5292 2594 5355 αὐτοὺς,
2629 5294 2721 5343 καὶ
2750 5294 2807 5345 ὲν
2942 5294 3057 5358 νῦν,
3089 5296 3182 5349 καὶ
3204 5271 3261 5350 ἐν
3284 5295 3357 5367 τῷ
3388 5271 3645 5366 μέλλοντι
3675 5271 3848 5348 αἰῶνι.

1654 5454 1961 5523 Addenda
1992 5466 2051 5522 et
2093 5465 2471 5545 corrigenda
2507 5494 2584 5539 ex
2618 5482 2758 5541 cod.
2794 5478 2992 5540 Vatic.

780 5608 1202 5816 eam:
2450 5642 2958 5775 gmw“

801 5749 855 5816 ὃ)
898 5755 1019 5807 Ora.
2450 5784 2524 5816 ΙἻι
2550 5785 2789 5816 οο.ι-.-...

801 5749 855 5818 δ)
874 5750 1019 5807 Ὅτε.

779 5784 855 5879 at)
884 5784 1164 5892 ἔῷἷῦρεν.
2450 5784 2524 5853 (7)
2550 5785 2815 5841 Ῥύσεται.
