4164 6542
202 478 306 530 777
1087 469 1173 523 DE
1204 464 1479 524 TlTULIS
1516 457 1963 521 PSALMORUM.
1996 486 2066 497 —
2105 453 2300 511 PSAL.
2340 449 2576 507 XXXIV.
3345 442 3448 499 778

274 590 366 644 22.
395 586 751 651 Ἀναστάντες
775 602 864 657 μοι
894 585 1168 658 μάρτυρες
1187 583 1385 649 ἄδικοι,
1410 580 1448 636 a
1468 580 1569 635 οὐκ
1591 578 1780 648 ἐτίνω-
1809 582 1856 636 Δ

1809 582 1856 636 Α
1950 570 2042 625 22.
2078 568 2373 639 Surgentes
2402 564 2538 619 mihi
2566 569 2733 619 testes
2752 559 2945 632 iniqui,
2964 572 3089 630 quae
3110 557 3449 628 ignorabam,

208 697 360 740 σκον,
391 676 620 748 ¹ἠρώτων
662 693 728 747 με
752 692 765 705 ·

1890 661 2295 730 interrogabant
2328 672 2415 712 me
2441 675 2455 711 :

278 771 368 825 23.
399 743 838 823 ’Ᾰνταπεδίδοσάν
873 785 963 838 μοι
995 766 1207 838 πονηρὰ
1234 764 1354 819 ἀντὶ
1379 760 1617 832 ἀγαθῶν·

1505 760 1617 815 ἰῶν·
1959 753 2051 808 25.
2078 750 2465 807 Retribuebant
2495 745 2627 801 mihi
2652 744 2789 799 mala
2820 758 2920 813 pro
2949 743 3108 798 bonis
3135 760 3149 807 ;

279 863 372 916 24.
414 863 523 914 Καὶ
552 860 806 915 ἀτεκνίαν
832 862 899 930 τῇ
927 858 1071 929 ψυχῇ
1106 873 1228 926 μου.
1812 844 1815 847 ’

1812 844 1815 847 “
1960 847 2051 901 24.
2093 843 2159 898 Et
2186 843 2526 899 sterilitatem
2558 839 2754 893 animae
2778 852 2930 891 mese.

282 956 375 1009 23.
408 952 549 1022 Ἐγὼ
581 952 639 1005 δέ
668 953 727 1005 ἐν
757 951 835 1022 τῷ
856 926 1425 1020 α’ὑτούςήπαρενοχλεῖν
1448 961 1558 1016 μοι,
1580 941 1788 997 ἐνεδυόω

1964 937 2053 992 25.
2085 936 2195 1006 Ego
2236 943 2439 997 autem,
2481 946 2607 987 cum
2660 930 2765 1000 ipsi
2810 927 3024 983 molesti
3072 936 3258 983 essent
3307 926 3461 995 mihi,

216 1066 325 1121 μην
362 1047 563 1102 σάκκον
585 1062 598 1075 ’
1010 1081 1026 1089 -

1010 1081 1026 1089 -
1895 1025 2157 1079 induebat
2186 1022 2364 1078 cilicio
2395 1042 2407 1075 :

279 1112 371 1196 26.
412 1139 521 1194 Kal.
548 1135 863 1191 ἐταπείνουν
892 1136 950 1188 ἐν
977 1132 1199 1204 νηστείᾳ
1220 1131 1316 1201 τὴν
1339 1129 1518 1200 ψυχήν
1547 1144 1648 1198 μου
1668 1142 1681 1155 ·

1967 1116 2057 1171 26.
2095 1118 2160 1171 Et
2183 1115 2534 1169 humiliabam
2560 1114 2614 1167 in
2641 1112 2854 1183 jejunio
2875 1112 3117 1166 animam
3142 1125 3317 1166 meam
3344 1130 3359 1167 :

284 1232 377 1285 27.
418 1232 527 1283 Kal
558 1230 591 1299 ἡ
627 1227 897 1300 προσευχή
930 1243 1033 1296 μου
1066 1226 1145 1287 είς
1175 1222 1372 1276 κόλπον
1399 1238 1501 1291 μου
1524 1221 1794 1288 ἀποστρα-

1665 1233 1794 1288 τρα-
1964 1209 2053 1263 27.
2081 1207 2147 1261 Ει
2169 1206 2345 1261 oratio
2372 1222 2491 1261 mea
2520 1206 2576 1259 in
2616 1205 2739 1260 sinu
2776 1219 2899 1259 meo
2938 1209 3309 1262 convertetur.

215 1325 476 1396 φήσεται.

286 1393 378 1470 28.
410 1414 497 1478 '0;
529 1413 774 1484 πλησίον,
805 1412 881 1475 ὡς
926 1409 1136 1480 ἀδελφῷ
1170 1407 1445 1481 ἡμετέρῳ,
1487 1404 1660 1467 οὕτως
1702 1403 1795 1455 εύ-

1973 1396 2062 1451 28.
2099 1395 2265 1463 Quasi
2284 1394 2557 1466 proximo,
2590 1394 2748 1466 quasi
2777 1393 2935 1449 fratri
2966 1403 3178 1463 nostro,
3209 1395 3291 1451 sic
3320 1409 3470 1452 com-

215 1507 502 1581 ηρέστουνυ

1905 1489 2184 1561 placebam
2212 1509 2226 1544 :

287 1598 383 1652 29.
412 1598 500 1661 '0;
530 1594 742 1649 πενθῶν
769 1595 881 1651 ’καὶ
932 1594 1342 1665 σκυθρωπάζων
1376 1590 1548 1655 οὕτως
1586 1592 1803 1644 ἐταπει-

1974 1580 2064 1636 29.
2088 1580 2258 1647 Quasi
2285 1579 2475 1650 lugens
2501 1589 2555 1635 et
2580 1581 2961 1645 contristalus,
3001 1576 3085 1636 sic
3128 1580 3474 1635 humiliabar.

219 1707 314 1745 νου
324 1707 456 1761 μην.

290 1782 386 1837 50.
430 1782 539 1835 Καὶ
567 1780 688 1835 κατ’
720 1778 854 1852 ἐμοῦ
884 1778 1288 1851 εύφράνθησαν,
1321 1778 1417 1832 καὶ
1438 1774 1799 1847 συνήχθησαν·

1984 1767 2071 1822 50.
2104 1767 2171 1823 Ει
2198 1768 2486 1825 adversum
2515 1787 2602 1826 me
2627 1773 2789 1827 laetati
2814 1785 2961 1838 sunt,
2998 1783 3052 1829 et
3075 1785 3477 1830 convenerunt:

290 1873 385 1928 51.
428 1871 779 1944 Συνήχθησαν
804 1873 890 1925 ἐπ’
911 1872 1013 1943 ἐμὲ
1041 1871 1323 1943 μάστιγες,
1359 1871 1454 1924 καὶ
1484 1869 1587 1923 οὐκ
1612 1868 1802 1939 ἔγνων.
1837 1945 1880 2001 Β

1910 1965 1934 2001 r

1837 1945 1880 2001 Β
1979 1858 2068 1962 51.
2104 1858 2447 1931 Congregata
2482 1871 2611 1917 sunt
2652 1879 2815 1933 super
2851 1880 2938 1919 me
2974 1864 3204 1935 flagella,
3237 1876 3291 1921 et
3330 1869 3477 1937 ignov

1910 1965 2044 2001 raw.

1909 1965 2044 2005 1'3“.

300 2053 395 2109 ⁸52.
437 2050 849 2124 Διεσχίσθησαν,
885 2052 979 2105 καὶ
1007 2052 1068 2105 οὐ
1105 2049 1517 2122 κατενύγησανο

1412 2066 1483 2103 ιαν
1502 2065 1517 2080 ο
1986 2043 2075 2097 52.
2104 2042 2360 2115 Dissipati
2390 2054 2540 2111 sunt,
2567 2058 2667 2101 nec
2696 2045 3006 2117 compuncti
3042 2068 3056 2106 :

292 2146 387 2202 55.
420 2144 746 2216 Ἐπείρασάν
763 2162 852 2217 με,
870 2143 1307 2216 ἐξεμυκτήρισάν
1331 2159 1398 2214 με
1420 2140 1811 2212 μυκτηρισμῷ.

1988 2133 2076 2189 55.
2106 2132 2475 2189 Teutaverunt
2507 2149 2615 2202 me,
2644 2135 3117 2193 subsannaverunt
3146 2153 3232 2194 me
3264 2139 3482 2198 subsan-

1918 2226 2157 2281 naﬁone.

298 2322 684 2393 54.⁷Ἔ6ρυξαν
712 2323 800 2375 ἐπ’
834 2320 935 2392 ἐμέ
961 2321 1089 2385 τοὺς
1115 2320 1334 2384 ὀδόντας
1365 2318 1563 2373 αὐτῶν.

1985 2317 2075 2373 54.
2104 2317 2483 2376 Frenduerunt
2513 2338 2676 2393 super
2704 2340 2790 2378 me
2824 2324 3078 2382 dentibus
3107 2327 3241 2383 suis.

303 2412 398 2468 35.
441 2412 635 2484 Κύριε,
671 2412 801 2465 πότε
829 2410 1043 2483 ἐπόψῃς

1990 2409 2078 2465 55.
2114 2410 2365 2477 Domine,
2396 2414 2616 2483 quando
2648 2416 2908 2485 respicies
2938 2417 2961 2470 ἶ)

305 2499 400 2556 56.
428 2500 902 2573 Ἀποκατάστησον
949 2501 1048 2573 τὴν
1090 2501 1269 2574 ψυχήν
1303 2518 1406 2573 μου
1441 2500 1549 2555 ἀπὸ
1582 2499 1683 2571 τῆς
1718 2517 1819 2554 κα-

1986 2500 2079 2556 56.
2114 2497 2361 2561 Restitue
2414 2506 2648 2560 animam
2700 2522 2877 2562 meam
2926 2523 2954 2562 a
3008 2509 3343 2579 malignitate
3397 2525 3488 2565 eo-

234 2593 501 2666 ιωυργίας
534 2592 719 2648 αὐτῶν
736 2610 752 2624 ·
1920 2608 2041 2647 rum
2070 2612 2082 2648 :

1353 2745 1729 2804 ATHANASII
1770 2747 2362 2809 INTERPRETATlO.

309 2911 776 2977 22.’Δναστάντες
823 2910 1074 2982 λογισμοὶ
1118 2910 1176 2963 ἐν
1219 2911 1287 2979 τῇ
1336 2907 1538 2980 καρδία
1571 2923 1693 2979 μου,
1728 2906 1829 2970 τὰς

2002 2908 2091 2963 22.
2123 2907 2419 2981 Surgentes
2456 2912 2812 2984 cogitationes
2858 2916 2910 2970 in
2953 2916 3117 2972 corde
3158 2933 3300 2985 meo,
3344 2920 3497 2978 volu-

242 3006 438 3079 ἡδονὰς
464 3004 558 3059 τοῦ
590 3004 729 3081 βίου,
755 3002 822 3067 ἃς
848 3003 948 3057 οὐκ
976 3002 1185 3073 ἦθελον,
1222 3000 1472 3054 ἐνέϐαλόν
1502 3017 1613 3071 μοι.

1935 3009 2110 3070 ptates
2131 3002 2274 3065 vitae,
2308 3017 2447 3071 quas
2473 3004 2744 3072 nolebam,
2780 3006 3083 3077 injecerunt
3104 3009 3257 3065 mihi.

313 3100 406 3164 25,
439 3098 527 3152 ει.
573 3097 687 3150 Καὶ
731 3096 792 3149 τὸ
842 3095 1050 3167 σπαρέν
1080 3110 1171 3165 μοι
1203 3092 1356 3164 παρὰ
1396 3091 1488 3145 τοῦ
1520 3091 1725 3161 Κυρίου
1752 3092 1828 3163 (1)

2003 3089 2094 3153 25,
2127 3089 2216 3144 24.
2249 3090 2406 3157 Quod
2437 3103 2555 3149 erat
2590 3096 2644 3149 in
2677 3112 2764 3151 me
2804 3107 2982 3155 satum
3012 3115 3040 3154 a
3076 3098 3332 3170 Domino,
3368 3120 3498 3175 sup-

245 3189 574 3261 ἐλάμὸανον,
643 3188 712 3242 τὰ
757 3188 814 3241 δὲ
856 3186 1062 3241 ἑαυτῶν
1108 3184 1394 3239 ὑπετίθουν
1449 3201 1550 3254 μου
1590 3182 1687 3255 (2),
1739 3185 1833 3239 καὶ
1858 3228 1889 3287 c

1858 3228 1901 3287 c
1936 3182 2130 3247 positis
2172 3184 2306 3238 mibi
2347 3185 2484 3287 stris,
2524 3187 2885 3255 abstulerunt,
2931 3191 3338 3266 eﬂ‘eceruntque
3380 3200 3499 3254 ani-

245 3286 493 3356 ἄκαρπον
520 3281 737 3333 ἐποίουν
759 3280 858 3350 τὴν
882 3278 1059 3349 ψυχήν
1090 3294 1216 3348 μου.
1862 3274 1889 3287 ““

1090 3294 1216 3348 μου.
1862 3274 1901 3287 "
1937 3287 2081 3328 mam
2112 3289 2287 3329 meam
2318 3274 2731 3332 infructiferam.

319 3376 412 3439 25,
446 3374 537 3428 26.
572 3370 714 3439 Ἐγὼ
752 3370 832 3434 δὲ,
868 3372 925 3422 ἐν
954 3369 1032 3439 τῷ
1066 3370 1191 3431 τοὺς
1224 3368 1507 3438 ἀκάρπους
1538 3363 1828 3435 λογισμούς

2007 3364 2100 3428 25,
2127 3365 2215 3420 26.
2244 3366 2357 3437 Ego
2398 3377 2602 3435 autem,
2636 3385 2759 3425 cum
2805 3372 3015 3427 steriles
3062 3375 3421 3445 cogitationes
3449 3377 3503 3431 in

251 3468 315 3538 τῇ
370 3464 565 3535 καρδίᾳ
618 3477 716 3531 μου
764 3458 1045 3528 ἐπιμένειν
1097 3455 1195 3526 (5),
1244 3453 1504 3508 ἐπένθουν
1556 3451 1698 3523 μετὰ
1738 3452 1832 3506 δα-

1936 3460 2099 3514 eorde
2132 3474 2252 3514 meo
2275 3472 2679 3530 permanerent,
2717 3465 2966 3535 lugebam
2999 3481 3120 3521 cum
3160 3466 3416 3539 lacrymis
3453 3481 3508 3525 et

249 3556 436 3629 κρύων
482 3551 577 3607 καὶ
630 3551 894 3623 νηστειῶν
941 3547 1396 3619 προσευχόμενος,
1424 3545 1477 3600 εἴ
1501 3562 1616 3609 πως
1644 3545 1673 3597 ὁ
1702 3543 1834 3607 Θεὸς

1934 3554 2162 3626 jejuniis
2188 3558 2441 3625 orans,si
2473 3559 2692 3629 quando
2733 3558 2875 3615 Deus
2910 3563 3250 3632 compatiens
3278 3564 3508 3622 misere-

250 3646 619 3720 συμπαθήσας
649 3644 861 3715 ἐλεήσει
899 3658 987 3712 με.

597 3662 619 3708 ς
649 3644 861 3715 ἐλεήσει
899 3658 987 3712 με.
1940 3658 2091 3704 retur
2114 3650 2241 3704 mei.

324 3742 418 3795 27.
454 3740 564 3793 Kal.
606 3740 639 3808 ἡ
686 3735 901 3806 αἰτησίς
937 3751 1037 3805 μου
1068 3729 1484 3787 είσακουσθεῖσα
1512 3730 1730 3801 ποιήσει
1766 3745 1834 3799 με

2010 3741 2098 3795 27.
2132 3740 2201 3795 Et
2229 3739 2417 3811 petitio
2455 3754 2575 3796 mea
2615 3741 2866 3797 exaudita
2915 3741 3079 3799 faciet
3113 3759 3199 3799 me
3227 3746 3514 3818 concipere

251 3834 542 3892 συλλαϐεῖν
570 3831 707 3900 ἔργα
740 3825 1106 3898 δικαιοσύνης.

740 3825 1106 3898 δικαιοσύνης.
1942 3847 2109 3903 opera
2132 3830 2383 3902 iustitiae.

325 3925 420 3990 28,
450 3924 541 3979 29.
574 3923 663 3988 Ὠς
704 3920 825 3975 τινὰ
874 3918 979 3974 τῶν
1025 3917 1194 3987 φίλων
1226 3933 1349 3987 μου,
1380 3914 1413 3986 ἢ
1447 3912 1555 3967 τῶν
1592 3909 1841 3981 ἀδελφῶν

1989 3923 2104 3990 ‘28,
2131 3922 2221 3978 29.
2254 3920 2432 3977 Veluti
2478 3919 2712 3990 aliquem
2755 3933 2821 3975 ex
2873 3921 3064 3979 amicis
3111 3926 3283 3994 meis,
3329 3926 3415 3982 vel
3445 3942 3513 3983 ex

257 4038 362 4094 μου
396 4015 627 4082 πενθῶν,
662 4014 835 4078 οὕτως
862 4012 1096 4085 ἐμαυτὸν
1132 4008 1390 4063 ἐπένθουν
1418 4005 1507 4060 διὰ
1535 4005 1631 4077 τὴν
1657 4002 1836 4058 οίκοῦο

1946 4014 2207 4071 fratribus
2232 4013 2367 4068 meis
2402 4012 2642 4083 plorans,
2672 4010 2745 4064 ita
2788 4026 2876 4065 me
2904 4013 3248 4080 deplorabam
3296 4028 3515 4087 propter

256 4129 362 4167 σαν
409 4110 485 4180 (ὁ)
532 4110 589 4162 ἐν
634 4107 758 4179 ἐμοὶ
822 4104 1119 4177 ἁμαρτίαν,
1148 4101 1242 4156 καὶ
1282 4098 1455 4162 οὕτως
1484 4096 1571 4150 διὰ
1606 4095 1716 4149 τῶν
1743 4095 1840 4149 δα-

1947 4105 2258 4163 inhabitans
2296 4103 2352 4158 in
2397 4117 2485 4158 me
2522 4110 2829 4173 peceatum,
2864 4111 2914 4158 et
2957 4103 3030 4157 ita
3076 4103 3333 4177 lacrymis
3379 4107 3517 4165 meis

256 4206 445 4279 κρύων
473 4218 573 4273 μου
602 4199 946 4271 εύηρέστουν.

728 4199 946 4252 ιέστουν.
1947 4198 2372 4269 complacebam.

331 4295 425 4352 50.
443 4295 671 4348 Ἐκεῖνοι
705 4291 783 4357 δέ,
818 4291 892 4355 ὡς
922 4285 1060 4343 εἶδόν
1089 4304 1155 4358 με
1187 4284 1505 4349 πενθοῦντα,
1549 4280 1843 4353 συναχθέν-

2018 4285 2106 4341 50.
2136 4284 2214 4340 illi
2256 4294 2435 4339 autem
2483 4294 2543 4339 ut
2580 4299 2666 4339 me
2702 4292 3002 4354 gementem
3043 4287 3315 4355 viderunt,
3351 4289 3515 4345 simul

258 4408 351 4456 τες
368 4388 748 4461 εὐφραίνονται
765 4379 1196 4458 [εύφράνθησαν]
1220 4380 1297 4451 (5)
1329 4379 1421 4432 ἐπὶ
1434 4380 1500 4449 τῇ
1520 4376 1695 4447 θλίψει
1715 4392 1838 4447 μου.

1588 4376 1695 4447 ίψει
1715 4392 1838 4447 μου.
1948 4378 2260 4449 congregati
2294 4376 2453 4432 laztati
2478 4386 2604 4433 sunt
2630 4376 2685 4432 in
2715 4377 3068 4434 tribulatione
3091 4395 3230 4435 mea.

334 4484 425 4538 3i.
476 4478 856 4550 Συναχθέντων
906 4475 1086 4530 αὐτῶν
1137 4470 1222 4527 ἐπ’
1253 4473 1355 4544 ἐμὲ
1380 4511 1396 4537 ,
1441 4470 1617 4523 οὐδενὶ
1664 4466 1844 4522 αὐτῶν

2019 4472 2108 4526 51.
2144 4470 2499 4542 Congregatis
2527 4470 2661 4536 ipsis
2704 4471 2759 4527 in
2794 4486 2900 4537 me,
2936 4473 3070 4527 nulli
3102 4488 3293 4529 eorum
3340 4474 3520 4531 adhae-

263 4571 472 4631 ἐκολλώ
478 4589 607 4643 μην.
1875 4591 1907 4646 Ε

510 4589 607 4642 ην.
1875 4591 1921 4646 D
1950 4565 2154 4618 rcbam.

335 4668 427 4723 52.
465 4666 800 4720 Ἀπέκοπτον
848 4662 1046 4725 αὐτοὺς
1102 4662 1164 4714 ἐκ
1196 4660 1294 4731 τῆς
1328 4656 1554 4729 καρδίας
1596 4672 1697 4725 μου
1747 4652 1843 4723 (6),

2019 4653 2107 4708 52.
2138 4649 2535 4707 Abscindebam
2570 4664 2666 4705 eos
2689 4665 2753 4705 ex
2787 4652 2951 4707 corde
2988 4666 3133 4719 meo,
3157 4665 3211 4707 et
3239 4662 3311 4707 ita
3342 4657 3520 4710 neuti-

266 4763 363 4817 καὶ
395 4759 549 4815 οὐδὲν
582 4757 754 4820 οὕτως
784 4754 1071 4809 ἐπαύοντο.

877 4754 1071 4808 ιύοντο.
1951 4761 2115 4817 quam
2151 4742 2521 4814 quiescebant.

338 4846 768 4919 55.Ἐπείραςόν
799 4862 865 4917 με
893 4844 987 4913 (7),
1035 4842 1129 4896 καὶ
1166 4838 1494 4903 κατέπαιζον
1540 4836 1638 4905 τῆς
1681 4832 1843 4888 ἀσθε-

2022 4839 2109 4893 55.
2154 4835 2458 4893 Tentabant
2517 4849 2626 4901 me,
2684 4844 2738 4889 et
2797 4835 3096 4891 irridebant
3149 4837 3519 4895 inﬁrmitatem

267 4943 420 5007 νείας
461 4958 584 5013 μου.

508 4958 584 4994 ου.
1954 4947 2152 4987 meam.

341 5035 432 5100 54,
452 5032 540 5089 '55.
558 5029 856 5103 Βρύχοντες
874 5026 974 5083 ἀπ’
1002 5025 1149 5096 ἐμοῦ
1177 5025 1288 5097 [ἐπ’
1305 5019 1424 5093 ἐμὲ]
1446 5020 1521 5091 (8)
1534 5018 1672 5084 τοὺς
1683 5016 1851 5072 ὀδόν-

2026 5022 2117 5089 54,
2147 5022 2234 5076 55.
2269 5020 2613 5077 Frendebant
2656 5038 2812 5093 super
2852 5040 2933 5077 me
2966 5024 3208 5080 dentibus
3249 5022 3380 5095 silis,
3426 5044 3527 5099 ego

269 5144 380 5193 τας
408 5122 639 5179 αὐτῶν
695 5120 806 5189 ἐγὼ
848 5119 905 5171 δὲ
948 5120 1166 5187 ἔλεγον·
1200 5117 1375 5183 Κύριε
1420 5111 1519 5184 (9),
1565 5111 1707 5163 πότε
1746 5107 1852 5160 ἐπ-

1647 5126 1707 5161 τε
1746 5107 1852 5160 ἐπ’
1962 5124 2142 5171 autem
2173 5112 2415 5169 dicebam
2451 5111 2729 5179 :Domine,
2769 5116 2977 5185 quando
3000 5118 3237 5187 respicies
3266 5117 3291 5171 .’

346 5310 437 5364 56.
473 5307 763 5379 Δύτρωσαι
792 5304 903 5373 τὴν
930 5301 1139 5372 ψυχήν
1164 5318 1284 5371 μου
1318 5298 1435 5354 ἀπὸ
1458 5296 1566 5366 τῆς
1604 5311 1850 5362 κακουρ-

2032 5318 2121 5373 56.
2150 5316 2344 5372 Libera
2390 5316 2624 5370 animam
2670 5334 2841 5373 meam
2893 5338 2925 5374 a
2969 5322 3293 5391 malignitate
3327 5340 3527 5384 eorum.

273 5404 408 5476 τίας
445 5399 664 5455 αὐτῶν.

1236 5484 1537 5548 Addenda
1572 5489 1632 5543 et
1678 5478 2051 5559 corrigenda
2085 5494 2159 5537 ex
2209 5472 2343 5535 cod.
2382 5472 2583 5534 Vatic.

349 5628 425 5697 (ί)
466 5621 620 5697 θεοῦ·
2026 5602 2101 5672 (6)
2129 5602 2217 5654 Ἑν
2243 5602 2306 5669 τῇ
2339 5598 2537 5669 καρδίᾳ
2575 5616 2696 5668 μου,
2733 5601 2824 5653 καὶ
2850 5599 2968 5653 ούδέ
3009 5599 3181 5665 οὕτως
3224 5602 3324 5655 οὐκ
3368 5600 3534 5657 ἐπαί-

350 5692 429 5765 (2)
470 5696 595 5747 Μοι.
1955 5692 2093 5728 οντο.
2260 5740 2279 5753 η
2468 5738 2479 5753 '

348 5767 427 5835 (5)
452 5761 761 5835 ’Βπιμένειν
789 5760 851 5835 ἐν¹
878 5762 943 5829 τῇ
978 5755 1173 5827 καρδίᾳ
1202 5771 1322 5825 μου.
2143 5742 2503 5835 ὶῙε-ετιλκθαι.

352 5814 429 5904 ἰώ
460 5814 851 5888 Ἐνοῖκοῦσαν.’
918 5814 943 5829 ”
1055 5814 1064 5827 ’
1150 5814 1160 5826 ’
1202 5814 1214 5825 ’
2141 5814 2277 5904 ξξᾳί
2309 5814 2461 5904 ἐμοῦ]

470 5904 851 5974 Εὐφραίνοντο.
2025 5888 2099 5953 (υ)
2141 5882 2332 5952 Κύριε,
2360 5880 2590 5950 πρόσχες
2626 5897 2737 5952 μοι,

521 6001 791 6060 Ριιτποι..
826 5996 936 6056 (in.
982 5994 1027 6053 Χ
1046 5991 1151 6051 ΧΥ
1167 5990 1239 6049 ll.

3206 5981 3286 6037 25
