4164 6490
763 423 827 480 79
1533 422 1588 476 S.
1633 420 2000 477 ATHANASH
2039 423 2186 479 OPP.
2230 423 2409 478 PARS
2447 424 2534 478 Ill.
2578 455 2644 466 —-
2682 421 3087 478 EXEGETICA.
3870 425 3962 481 780

793 535 882 591 37.
915 537 953 590 A
987 537 1232 592 leonibus
1259 551 1477 591 unicam
1505 553 1701 592 meam.
2321 545 2364 602 Α

2321 545 2364 602 Α
2467 540 2554 594 37.
2588 539 2726 592 Ἀπὸ
2751 539 2977 592 λεόντων
3009 539 3106 607 τὴν
3139 539 3402 610 μονογενῆ
3433 557 3551 610 μου.

790 629 879 683 38.
912 629 1218 684 Contitebor
1241 630 1334 682 tibi
1368 630 1418 682 in
1443 631 1673 684 ecclesia
1703 646 1898 700 magna
1924 672 1936 685 .

2468 631 2557 685 38.
2583 629 3070 700 Ἐξομολογήσομαί
3104 646 3185 681 σοι
3218 631 3277 682 ἐν
3302 631 3565 702 ἐκκλησίᾳ
3591 629 3789 703 πολλῇο

795 723 881 776 39.
908 721 960 774 ln
986 722 1183 790 populo
1213 722 1359 790 gravi
1386 721 1621 776 laudabo
1645 731 1718 777 te.

1700 760 1718 777 .
2466 723 2552 778 39.
2585 724 2671 775 ‘Ev
2704 723 2816 792 λαῷ
2850 723 3005 792 βαρεῖ
3037 722 3234 776 αἰνέσω
3262 740 3341 778 σε.

793 816 880 867 40.
914 815 1026 868 Non
1079 815 1516 885 supergaudeant
1572 815 1728 881 mibi,
1786 814 1878 884 qui
1938 813 2295 869 adversantur

2467 815 2554 869 40.
2597 814 2688 886 Μὴ
2721 814 3110 885 ἐπιχαρείησάν
3145 833 3234 886 μοι
3263 817 3311 868 ot
3343 813 3719 887 ἐχθραίνοντες
3748 831 3838 884 μοι
3859 813 3960 868 ἀδί-

723 906 856 960 mihi
886 907 1070 976 inique
1101 925 1113 961 :
2395 924 2524 971 κως·

792 999 880 1053 41.
911 998 1015 1064 Qui
1043 999 1274 1054 oderunt
1312 1014 1398 1053 me
1439 997 1606 1069 gratis
1643 1016 1657 1064 ;
1707 1005 1762 1051 et
1801 1005 2050 1050 annuunt
2095 996 2288 1051 oculis.

2462 1000 2550 1057 4i.
2579 1000 2638 1052 Οί
2677 998 2956 1070 μισοῦντές
2976 1018 3040 1071 με
3061 999 3285 1069 δωρεὰν,
3303 999 3397 1052 καὶ
3419 998 3756 1063 διανευοντες
3775 994 3959 1067 6396m-

2399 1106 2535 1159 μοις.

791 1176 879 1228 4:2.
913 1176 1177 1242 Quoniam
1214 1178 1589 1247 mihiquidem
1625 1178 1850 1248 pacilice
1880 1177 2243 1247 loquebantur
2274 1194 2287 1243 ;

1900 1177 2243 1247 oquebantur
2274 1194 2287 1243 ;
2467 1180 2555 1234 4‘2.
2573 1181 2693 1234 Ὅτι
2725 1182 2848 1251 ἐμοὶ
2887 1181 2985 1251 μέν
3009 1179 3260 1251 εἰρηνικά
3286 1179 3504 1233 ἐλάλουν
3525 1197 3539 1210 ο

792 1269 878 1322 43.
915 1268 978 1322 Et
1005 1271 1056 1323 in
1093 1272 1373 1324 iracundia
1404 1271 1558 1325 dolos
1593 1272 1921 1341 cogitabant.

2464 1269 2551 1322 45.
2596 1269 2705 1320 Καὶ
2739 1269 2822 1320 ἐπ’
2853 1268 3020 1341 ὀργὴν
3053 1269 3234 1332 δόλους
3257 1269 3629 1337 διελογίζοντο.

786 1361 874 1414 44.
918 1361 1290 1417 Dilataverunt
1324 1378 1486 1433 super
1516 1379 1602 1418 me
1632 1379 1693 1418 os
1723 1378 1883 1417 suum
1921 1381 1932 1416 :

2463 1362 2548 1414 44.
2586 1361 2919 1415 Ἐπλάτυναν
2948 1363 3035 1414 ἐπ’
3060 1362 3159 1432 ἐμὲ
3191 1363 3251 1414 τὸ
3285 1362 3457 1433 στόμα
3482 1363 3663 1416 αὐτῶν
3681 1378 3695 1392 ·

789 1451 876 1504 45.
919 1451 1200 1516 Dixerunt,
1231 1469 1388 1523 euge,
1410 1471 1546 1524 euge
1585 1473 1596 1508 :
1630 1455 1884 1508 viderunt
1911 1453 2057 1508 oculi
2090 1452 2283 1507 nostri.

2277 1493 2283 1506 .
2460 1453 2548 1506 45.
2591 1449 2756 1506 Εἶπον
2776 1471 2788 1484 ο
2831 1449 2992 1522 Εὖγε,
3028 1449 3153 1522 εὖγε
3174 1472 3187 1484 ·
3223 1451 3358 1509 εἶδον
3384 1457 3430 1508 οἱ
3460 1455 3728 1526 ὀφθαλμοὶ
3752 1454 3921 1525 ἡμῶν.

790 1542 879 1596 46.
914 1541 1128 1611 Vidisti,
1154 1544 1400 1610 Domine,
1427 1562 1494 1601 ne
1523 1547 1685 1601 sileas
1721 1564 1733 1600 :

2459 1544 2553 1604 46.
2589 1542 2759 1609 Εἶδες,
2797 1546 2986 1617 Κύριε,
3020 1547 3092 1618 μὴ
3133 1549 3600 1620 παρασιωπήσῃς·

790 1635 879 1688 47.
911 1635 1152 1700 Domine,
1188 1654 1255 1692 ne
1285 1639 1531 1693 discedas
1558 1656 1586 1690 a
1617 1656 1719 1693 me.

2461 1637 2549 1691 47.
2593 1637 2785 1706 Κύριε,
2815 1639 2887 1709 μὴ
2920 1640 3160 1710 ἀποστῇς
3189 1641 3283 1692 ἀπ’
3313 1639 3467 1710 ἐμοῦ.

789 1729 878 1782 48.
912 1729 1175 1801 Exsurge,
1203 1732 1449 1797 Domine,
1486 1743 1538 1786 et
1560 1732 1776 1785 intende
1803 1731 2008 1800 judicio
2035 1746 2178 1794 meo,

2461 1731 2548 1783 48.
2578 1728 2946 1803 Ἐξεγέρθητι,
2985 1731 3178 1805 Κύριε,
3197 1733 3290 1786 καὶ
3311 1733 3622 1804 πρόσχεςτῇ
3643 1732 3822 1804 κρίσει
3841 1750 3954 1803 μου.

786 1822 874 1876 49.
910 1823 1052 1878 Deus
1100 1840 1275 1892 meus,
1328 1834 1380 1879 et
1435 1824 1697 1879 Dominus
1752 1839 1906 1881 meus
1952 1825 2006 1878 in
2062 1837 2284 1879 causam
2323 1894 2352 1898 ξ

2323 1894 2352 1898 ξ
2461 1821 2548 1876 49.
2575 1824 2632 1875 Ὀ
2651 1822 2781 1887 Θεὸς
2805 1840 2930 1893 μου,
2965 1824 3058 1878 καὶ
3093 1825 3122 1878 ό
3171 1824 3374 1898 Κύριός
3425 1842 3525 1897 μου
3565 1828 3646 1888 είς
3682 1825 3781 1895 τὴν
3812 1824 3958 1898 δίκην

719 1933 916 1971 meam.
2321 1894 2361 1946 Β
2396 1933 2514 1985 μου.

791 2010 876 2064 5Ο.
906 2007 1097 2063 Judica
1127 2021 1230 2069 me,
1251 2003 1497 2068 Domine,
1519 2003 1814 2059 secundum
1831 2004 2096 2073 justitiam
2114 2010 2284 2065 tuam,

2461 2007 2550 2064 50.
2589 2009 2790 2079 Κρῖνόν
2825 2027 2914 2080 με,
2951 2010 3147 2083 Κύριε,
3175 2010 3316 2071 κατά
3344 2011 3442 2081 τὴν
3475 2009 3821 2081 δικαιοσύνην
3851 2027 3957 2074 σου,

717 2098 944 2155 Domine
970 2098 1108 2154 Deus
1140 2112 1314 2160 meus,
1341 2105 1393 2150 et
1413 2111 1516 2150 non
1549 2096 1978 2165 supergaudeant
2005 2096 2133 2148 mihi
2159 2113 2174 2149 :

2082 2096 2133 2148 hi
2159 2113 2174 2149 :
2389 2102 2561 2172 Κύριε
2594 2104 2622 2155 ό
2654 2102 2785 2164 Θεός
2815 2120 2936 2173 μου,
2962 2104 3052 2156 καὶ
3077 2103 3150 2174 μὴ
3181 2103 3571 2174 ἐπιχαρείησάν
3608 2120 3719 2173 μοι.

788 2192 875 2245 5|.
909 2189 1228 2243 Nondicant
1260 2188 1313 2240 in
1336 2186 1594 2240 cordibus
1625 2187 1740 2240 suis
1767 2205 1779 2239 :
1815 2185 1980 2256 Euge,
2015 2201 2150 2255 euge
2172 2185 2288 2237 ani-

2457 2195 2546 2247 51.
2597 2194 2670 2264 (a)
2720 2195 2814 2264 Μὴ
2861 2195 3108 2248 εῖποισαν
3153 2197 3212 2248 ἐν
3271 2195 3521 2266 καρδίαις
3551 2193 3767 2248 αὐτῶν·
3803 2187 3955 2262 Εὖγε,

716 2299 820 2337 mae
854 2291 1055 2335 llOSll‘iB
1089 2301 1102 2334 ζ

2387 2281 2512 2353 εὖγε
2544 2289 2605 2356 τῇ
2632 2287 2776 2358 ψυχῇ
2808 2287 2995 2357 ἡμῶν·

784 2375 872 2428 52.
905 2373 1014 2428 Nec
1048 2373 1230 2428 dicant
1263 2391 1276 2426 :
1313 2370 1694 2426 devoravimus
1717 2386 1864 2442 eum,

2458 2377 2546 2430 52.
2583 2377 2732 2448 Μηδέ
2764 2379 2965 2432 εἴποιεν
2987 2394 3000 2407 °
3026 2377 3371 2448 Κατεπίομεν
3403 2377 3583 2431 αὐτόν.

785 2467 872 2520 53.
909 2465 1246 2520 Erubescant
1279 2473 1334 2518 et
1364 2472 1715 2517 revereantur
1747 2460 1931 2526 simul,
1981 2459 2073 2528 qui
2104 2467 2286 2529 gratu-

2463 2469 2549 2522 53.
2587 2468 3011 2540 Αίσχυνθείησαν
3039 2469 3133 2523 καὶ
3177 2469 3583 2541 ἐκτραπείησαν
3625 2467 3745 2540 ἅμα
3771 2470 3823 2521 οἱ
3851 2470 3958 2521 ἐπι-

714 2559 899 2612 lantur
931 2556 1091 2610 malis
1120 2556 1257 2610 meis
1292 2572 1305 2607 :

2395 2559 2674 2629 χαίροντες
2701 2561 2814 2622 τοῖς
2841 2561 3031 2622 κακοῖς
3062 2576 3163 2630 μου
3182 2575 3195 2589 ·

785 2651 875 2704 54.
904 2648 1200 2704 lnduantnr
1243 2646 1565 2701 eonfusxone
1597 2655 1648 2699 et
1683 2644 2004 2709 reverentia,
2048 2644 2142 2714 qui
2173 2659 2286 2697 ma-

2464 2652 2551 2706 54.
2585 2652 3020 2706 Ἑνδυσάσθωσαν
3043 2652 3303 2723 αἰσχύνην
3333 2651 3428 2705 καὶ
3457 2650 3727 2722 ἐντροπὴν
3774 2650 3822 2704 οἱ
3873 2665 3960 2720 με·

716 2759 818 2813 gna
851 2743 1144 2811 loquuntur
1171 2756 1333 2810 super
1365 2755 1449 2793 me
1478 2758 1488 2791 :

2391 2740 2630 2812 γαλορῤη
2640 2741 2924 2811 μονοῦντες
2958 2744 3043 2794 ἐπ’
3073 2742 3188 2812 ἐμέ.

785 2834 874 2888 55.
910 2832 1190 2888 Exsultent
1240 2843 1293 2885 ct
1341 2830 1610 2894 lmtcntur,
1649 2828 1743 2899 qui
1790 2844 1858 2882 vo
1883 2835 1979 2882 unt
2008 2827 2281 2898 justitiam

2463 2831 2550 2884 55.
2582 2831 3057 2900 Ἀγαλλιάσθωσαν
3088 2832 3184 2886 καὶ
3227 2831 3686 2905 εὐφρανθήτωσαν
3716 2833 3764 2884 oi
3793 2830 3959 2884 Θέλον-

714 2941 890 2980 mcam
923 2944 936 2979 :
2392 2939 2483 2987 τες
2511 2922 2608 2994 τὴν
2634 2924 2979 2996 δικαιοσύνην
3008 2943 3138 2998 μουο

789 3017 860 3086 (η)
897 3014 959 3068 ν.
997 3013 1309 3088 5ιε-Κόριε.
1341 3024 1468 3075 ete.,
1497 3031 1592 3088 μοι
1617 3015 1664 3065 οἱ
1692 3012 1870 3083 ἐχθροί
1910 3030 2030 3084 μου.
2080 3009 2144 3065 ν.
2195 3009 2282 3073 52,
2319 3009 2469 3080 Μηδὲ
2495 3013 2699 3071 εἴποιεν
2724 3018 2781 3069 ἐν
2811 3015 3009 3088 καρδίᾳ
3043 3013 3244 3080 αὐτῶν,
3286 3023 3389 3070 etc.
3441 3013 3508 3072 V.
3567 3013 3659 3077 53,
3694 3011 3845 3085 Μηδὲ
3888 3013 3960 3065 εί-

715 3083 889 3148 ποίεν,
925 3095 1029 3140 etc.
1070 3084 1130 3137 ν.
1167 3085 1254 3151 54,
1286 3083 1734 3155 Αἰσχυνθείησαν,
1772 3096 1874 3138 etc.

1847 3235 2215 3291 ATHANASll
2252 3231 2838 3291 INTEBPRETATIO.

781 3401 870 3454 37.
905 3399 986 3453 Ab
1029 3395 1358 3452 adversariis
1403 3395 1764 3465 potestatibus
1804 3393 2141 3464 rapientibus
2168 3392 2280 3447 ani-
2313 3414 2354 3474 ς

2316 3414 2354 3474 ε
2461 3392 2549 3446 37.
2570 3391 2701 3444 Ἀπὸ
2735 3387 2842 3442 τῶν
2869 3389 3126 3443 ἐναντίων
3161 3388 3444 3461 δυνάμεων
3471 3387 3583 3443 τῶν
3616 3388 3960 3461 ἁρπαζόντων

713 3509 854 3547 mam
884 3508 1054 3546 meam
1088 3489 1410 3545 desolatam.

2388 3485 2485 3555 τὴν
2517 3484 2693 3554 ψυχήν
2723 3499 2823 3552 μου
2855 3481 2954 3551 τὴν
2996 3482 3388 3553 μεμονωμένην
3411 3482 3508 3553 (1).

782 3585 868 3639 38.
903 3586 1042 3637 Inter
1088 3589 1309 3636 sanctos
1362 3589 1486 3632 tuos
1525 3575 1763 3631 narrabo
1813 3575 2097 3642 auxilium,
2141 3573 2285 3645 quod

2458 3577 2546 3629 38.
2577 3575 2698 3627 Ἐπὶ
2731 3573 2838 3626 τῶν
2865 3573 3034 3640 ἁγίων
3063 3589 3155 3625 σου
3184 3573 3516 3645 διηγήσομαι
3548 3573 3647 3645 τὴν
3689 3576 3838 3649 παρὰ
3870 3577 3957 3631 σοῦ

713 3677 847 3730 mibi
878 3691 906 3728 a
936 3684 985 3728 te
1017 3672 1239 3726 allatum
1272 3678 1374 3724 est.

2393 3683 2480 3738 μοι
2507 3665 2876 3735 γεγενημένην
2901 3663 2976 3734 (2)
3008 3662 3280 3735 βοήθειαν.

781 3768 868 3822 39.
900 3766 962 3820 Et
996 3768 1051 3820 in
1077 3763 1276 3835 populo
1299 3761 1472 3816 multo
1495 3759 1728 3814 laudabo
1754 3769 1826 3813 te.

2459 3759 2547 3814 39.
2584 3759 2695 3812 Καὶ
2723 3757 2815 3811 ἐπὶ
2846 3755 2975 3809 λαοῦ
3010 3755 3205 3809 πολλοῦ
3239 3756 3438 3810 αίνέσω
3477 3774 3557 3810 σε.

773 3860 863 3922 40,
892 3858 980 3911 4l.
1015 3856 1327 3924 lmportune
1353 3866 1440 3906 me
1474 3851 1601 3905 odio
1627 3851 1907 3915 habentes,
1943 3862 1996 3906 et
2021 3851 2288 3906 meditan-

2457 3849 2548 3913 40,
2579 3849 2667 3902 41.
2700 3849 2764 3902 Οί
2789 3846 3072 3919 μισοῦντές
3097 3862 3163 3916 με
3194 3846 3440 3917 ἀκαίρως
3465 3846 3558 3898 καὶ
3591 3844 3960 3919 βουλευόμενοι

716 3961 794 4006 tes
825 3966 908 4005 me
934 3948 1260 4002 interﬁcere.

1072 3948 1109 4001 ti
1119 3961 1260 4001 cere.
2388 3941 2592 3994 ἀνελεῖν
2629 3957 2716 4012 με.

781 4039 871 4104 4-2,
907 4038 996 4093 43.
1026 4037 1207 4091 Veluti
1259 4036 1670 4090 mussitationes
1716 4034 1933 4103 pietatis
1989 4035 2286 4090 subeuntes

2457 4034 2547 4098 42,
2581 4034 2775 4098 43.11;
2831 4031 3134 4104 γογγυσμοὶ
3159 4031 3236 4104 (3)
3288 4031 3602 4097 Θεοσεϐείας
3653 4034 3961 4108 ὕπεισερχό-

713 4134 992 4187 tentabant
1017 4146 1102 4184 me
1130 4129 1408 4183 devorare.

2391 4145 2540 4200 μενοι
2565 4127 2880 4198 ἐπεχείρουν
2913 4128 3250 4194 καταφαγεῖν
3282 4142 3368 4194 με.

783 4224 869 4278 44.
901 4222 1225 4290 Quaerebam
1256 4238 1342 4275 me
1371 4220 1655 4290 deglutire.

1614 4235 1655 4274 e.
2457 4219 2548 4274 44.
2584 4220 2887 4272 Καταπιεῖν
2917 4235 2983 4288 με
3014 4215 3258 4288 ἐζήτουν.

783 4317 872 4371 45.
907 4315 970 4368 Ει
993 4315 1180 4368 dicunt
1216 4332 1228 4367 :
1262 4316 1342 4367 Ab
1374 4316 1386 4366 !
1432 4314 1528 4366 ab!
1563 4313 1840 4368 cadentem
1868 4327 1990 4366 eum
2015 4312 2282 4367 videmus.

2459 4310 2546 4366 45.
2582 4311 2689 4363 Kal.
2717 4309 2964 4377 λέγουσι·
2994 4309 3103 4361 Ναὶ
3130 4308 3218 4362 ναὶ
3242 4309 3457 4380 ὁρῶμεν
3486 4310 3649 4365 αὐτὸν
3682 4312 3959 4367 πίπτοντα.

784 4409 874 4473 46,
904 4407 991 4461 47.
1043 4405 1255 4468 Vidisti,
1293 4403 1531 4472 Domine,
1572 4417 1640 4457 ne
1666 4405 1815 4458 sinas
1845 4417 1930 4456 me
1964 4403 2167 4457 auxilio
2194 4416 2283 4457 tuo

2255 4417 2283 4456 ο
2458 4404 2546 4471 46,
2579 4407 2666 4460 47.
2706 4401 2901 4471 Εἶδες,
2935 4402 3136 4472 Κύριε,
3167 4403 3242 4474 μὴ
3268 4404 3441 4475 ’ἐάσῃς
3477 4421 3543 4475 με
3572 4405 3893 4478 ἀῦοήθητον.

712 4503 952 4558 destitui.

781 4596 871 4661 48,
908 4595 995 4649 49.
1024 4593 1098 4648 lla
1134 4595 1423 4666 praescribe
1454 4595 1590 4649 mibi
1621 4594 1786 4648 vitam
1824 4608 2002 4647 meam
2035 4591 2285 4646 institue-

2458 4585 2548 4648 48,
2579 4585 2666 4641 49.
2711 4586 2786 4656 (4)
2841 4585 3027 4650 Οὕτως
3072 4587 3252 4656 ὄρισόν
3301 4603 3390 4656 μοι
3449 4587 3847 4654 πολιτευεσθαι,
3892 4588 3960 4652 ib;

713 4705 789 4750 re,
826 4688 1287 4757 quemadmodum
1314 4688 1410 4742 tibi
1441 4696 1524 4742 est
1546 4687 1965 4757 beneplacitum.

1347 4688 1410 4742 ὼί
1441 4696 1524 4742 est
1546 4687 1965 4757 beneplacitum.
2388 4679 2533 4732 ἔστιν
2565 4697 2645 4733 σοι
2679 4681 2991 4752 εὐάρεστον.

778 4779 865 4833 50.
906 4778 1132 4833 Domine
1169 4778 1310 4834 Deus
1329 4795 1501 4847 meus,
1527 4788 1584 4833 tu
1607 4780 1713 4835 mei
1754 4778 2059 4840 dominare,
2101 4786 2153 4828 et
2179 4790 2284 4829 non
2319 4764 2363 4818 Ι)

2319 4764 2363 4818 Ι)
2460 4771 2549 4826 50.
2584 4772 2753 4844 Κύριε
2785 4773 2814 4824 ὁ
2849 4773 2979 4836 Θεός
3007 4791 3130 4844 μου,
3167 4774 3230 4826 σύ
3278 4790 3378 4844 μου
3421 4772 3734 4842 κυρίευσον,
3760 4775 3854 4829 καὶ
3890 4774 3959 4845 μὴ

715 4871 798 4925 isti
832 4872 1089 4926 satellites
1122 4872 1349 4926 inimici.

2390 4856 2535 4915 οὗτοι
2568 4864 2616 4914 οἱ
2651 4861 2744 4915 τοῦ
2777 4862 2973 4934 ἐχθροῦ
3008 4863 3312 4934 δορυφόροι.

785 4964 870 5018 51.
904 4963 982 5018 Ne
1017 4964 1285 5034 gaudeant
1316 4966 1481 5019 corda
1505 4979 1695 5018 eorum
1735 4963 1801 5017 de
1824 4962 1978 5032 lapsu
2014 4975 2155 5014 meo.

2460 4956 2549 5010 5|.
2569 4956 2917 5028 Μὴ’χαρῶσιν
2934 4959 2987 5010 αἱ
3005 4940 3221 5028 καρδίαι
3239 4958 3415 5013 αὐτῶν
3429 4960 3521 5013 ἐπὶ
3534 4963 3601 5032 τῇ
3619 4960 3825 5014 πτώσει
3843 4977 3955 5032 μου.

784 5057 871 5110 52.
901 5056 1088 5125 Neque
1123 5056 1439 5127 glorientur,
1472 5056 1664 5109 lucrati
1695 5054 1897 5107 fuimus
1921 5068 2067 5105 eum.

2022 5069 2067 5103 ιι.
2463 5051 2550 5104 52.
2574 5051 2724 5121 Μηδέ
2753 5055 3136 5124 καυχήσονται,
3167 5054 3248 5106 ὅτι
3277 5054 3666 5125 ἐκερδήσαμεν.

782 5149 868 5202 55.
900 5147 973 5202 De
1010 5148 1199 5202 iisdem
1236 5147 1529 5200 immundis
1553 5145 1833 5214 spiritibus
1861 5144 2118 5210 loquitur.

2462 5143 2550 5196 53.
2573 5145 2707 5214 Περὶ
2737 5145 2841 5195 τῶν
2867 5144 3044 5197 αὐτῶν
3064 5143 3386 5216 ἀκαθάρτων
3409 5145 3737 5214 πνευμάτων
3762 5144 3924 5213 λέγει.

784 5242 874 5296 54.
910 5241 1197 5296 Edicentes
1222 5258 1305 5294 me
1335 5239 1733 5294 interfecturos.

2461 5235 2549 5290 54.
2591 5237 2653 5288 Οί
2683 5236 3136 5306 ἐπαγγελλόμενοί
3173 5254 3239 5307 με
3271 5237 3499 5290 ἀνελεῖν.

783 5333 868 5388 55.
903 5333 976 5387 De
1003 5350 1108 5398 me,
1128 5333 1271 5402 quod
1291 5348 1316 5384 a
1342 5332 1629 5385 contrariis
1658 5329 2014 5400 potestatibus
2030 5327 2287 5381 liberatus

2461 5329 2549 5383 55.
2569 5329 2882 5392 Ῥυσθέντος
2932 5347 3032 5399 μου
3073 5330 3180 5383 ἀπὸ
3234 5331 3341 5383 τῶν
3388 5329 3644 5384 ἐναντίων
3685 5330 3956 5402 δυνάμεων

717 5429 834 5494 sim,
867 5436 1067 5482 sancta:
1105 5435 1208 5479 tua:
1236 5426 1465 5478 virtutes
1491 5424 1782 5478 exsultent.

2390 5419 2840 5486 ἀγαλλιάσθωσαν
2871 5423 2924 5473 αἱ
2959 5420 3110 5490 ἂγιαί
3147 5439 3239 5474 σου
3270 5421 3549 5492 δυνάμεις.

1663 5544 1965 5605 Addenda
2012 5550 2068 5602 et
2102 5540 2476 5618 corrigenda
2509 5558 2586 5602 ex
2631 5539 2768 5602 cod.
2805 5539 3010 5601 Vatic.

775 5653 854 5723 (l)
892 5652 971 5703 Με
983 5651 1330 5721 μαινομένην.
2383 5644 2604 5723 τὸλίδεῖν
2625 5644 3107 5723 τὴνάδικίανμου.
3138 5645 3431 5723 N149.'Hv
3451 5643 3724 5723 ἔχωςπρρς
3749 5643 3844 5723 τᾲς
3866 5640 3950 5696 τοῦ

776 5714 854 5790 (2)
894 5714 1207 5791 Γενομένην.
1269 5714 1279 5721 ’
2386 5715 2576 5791 ἐχθροῦ
2599 5715 2892 5791 Δᾷυῃᾷμεις.
3026 5719 3113 5771 50.
3152 5715 3356 5791 υἷε-τως,
3387 5725 3488 5791 etc.
3635 5714 3734 5769 ⁷51.
3766 5714 3946 5791 litigii.

777 5783 853 5860 (ὅ)
894 5783 1215 5862 Λογισμοῖ...
1257 5792 1588 5847 καταϐαλεῖν.
1611 5809 1698 5862 με.
1868 5861 1875 5862 ί
2478 5783 2564 5838 52'
2596 5783 2765 5862 Mbaéi
2796 5785 3613 5862 mvxﬁﬂmtz.57.%F"§f’5'i"él’
3646 5803 3736 5854 με’
3764 5786 3832 5839 Ν⁶
3856 5783 3947 5841 ⁵5⁸

777 5803 853 5860 (5)
894 5803 1215 5862 Λογισμοὶ...
1257 5803 1588 5847 καταϐαλεῖν.
1611 5809 1698 5862 με.
2387 5803 2421 5836 1‘

777 5862 852 5934 (4)
893 5863 957 5915 Ν.
991 5864 1072 5917 48.
1118 5865 1205 5926 Εἰς
1246 5864 1372 5918 αὐτὸ
1433 5863 1585 5915 τοῦτο
1635 5863 1822 5916 ἑαυτὸν
1860 5861 2161 5927 διήγειρον,
2199 5875 2276 5920 εις
2385 5859 2416 5908 b

2387 5803 2451 5836 ιν.
2478 5803 2564 5838 az.
2596 5803 2744 5854 Μηοε
2796 5803 3178 5856 καυχησονται,
3206 5804 3285 5838 οτι
3315 5803 3613 5908 εκεροητταν
3646 5803 3736 5854 με.
3764 5803 3807 5837 1V

2199 5875 2276 5920 εις
2385 5857 2474 5912 Mi:
2509 5857 2872 5914 καυγιὲσονται
2911 5858 2988 5917 αἱ,
3023 5867 3124 5913 etc.
3163 5858 3229 5912 Ν.
3259 5857 3344 5911 54.
3381 5857 3400 5908 1
3432 5855 3516 5913 eo).
3540 5856 3671 5916 τῶν.
3707 5866 3813 5908 et".
