4164 6496
725 432 826 488 785
1568 438 1623 492 S.
1676 434 2049 493 ATHANASII
2087 434 2237 494 OPP.
2271 434 2450 491 PARS
2485 431 2572 490 ΙΙΙ.
2602 464 2670 475 -
2702 430 3116 490 EXEGETICA.
3866 432 3963 492 786

799 554 885 609 15.
912 552 1121 611 Judicia
1153 562 1242 610 tua
1267 556 1498 627 abyssus
1530 559 1719 617 multa.
2319 564 2366 620 Α

2319 564 2366 620 Α
2463 556 2549 612 15.
2578 555 2659 609 Τὰ
2686 554 2927 627 κρίματα
2951 571 3044 608 σου
3077 552 3315 618 ἄϐυσσος
3346 554 3537 625 πολλὴ.

799 646 883 700 14.
922 644 1179 703 Homines
1200 658 1253 703 et
1276 648 1519 719 iumenta
1548 650 1809 714 salvabis,
1848 648 2093 705 Domine.

2084 692 2093 703 .
2460 648 2547 703 14.
2595 646 2936 719 ’Δνθρὼπους
2962 648 3055 701 καὶ
3092 648 3263 718 κτήνη
3288 646 3503 711 σώσεις,
3530 646 3728 719 Κύριε.

796 739 881 793 15.
921 739 1389 806 Quemadmodum
1430 742 1800 814 multiplicasti
1849 742 2284 799 misericordiam

2039 742 2284 799 cordiam
2460 741 2549 796 15.
2586 741 2673 805 Ὠς
2705 739 3010 812 ἐπλήθυνας
3038 740 3098 793 τὸ
3126 739 3271 804 ἔλεός
3310 756 3427 805 σου,
3449 742 3478 795 ὁ
3509 739 3681 804 Θεόςι

730 839 899 891 tuam.
937 829 1113 886 Deus!

802 921 882 975 16.
910 921 1031 976 Filii
1066 932 1249 978 autem
1273 922 1557 978 hominum
1583 922 1637 977 in
1662 924 1901 995 tegmine
1930 924 2140 979 alarum
2170 932 2289 980 tua-

2461 918 2547 973 16.
2576 920 2639 973 Ol.
2663 919 2721 973 δὲ
2766 920 2871 973 υἱοὶ
2912 917 3217 991 ἀνθρώπων
3247 919 3303 971 ἐν
3341 918 3523 993 σκέπῃ
3541 918 3651 973 τῶν
3681 921 3958 991 πτερύγων

725 1025 844 1070 rum
873 1012 1173 1080 sperabunt
1199 1029 1211 1064 :

1134 1020 1173 1065 It
1199 1029 1211 1064 :
2394 1029 2485 1066 σου
2511 1011 2778 1067 ἐλπιοῦσι.

791 1102 878 1155 17.
912 1101 1327 1156 lnebriabuntur
1348 1102 1417 1157 ab
1439 1102 1685 1158 ubertate
1714 1102 1910 1159 domus
1938 1112 2077 1159 tum:

2461 1104 2544 1158 17.
2576 1102 3019 1174 Μεθυσθὴσονται
3049 1102 3158 1157 ἀπὸ
3181 1102 3435 1174 πιότητος
3473 1102 3623 1157 οἴκου
3658 1120 3755 1157 σου
3774 1117 3788 1131 ⁸

793 1192 881 1249 18.
918 1192 984 1247 Ει
1019 1202 1257 1248 torrente
1294 1194 1584 1264 voluptatis
1619 1203 1727 1250 tua:
1754 1195 1970 1265 potabis
1990 1209 2118 1251 eos.

2460 1194 2546 1249 18.
2573 1196 2683 1249 Kal.
2716 1195 2805 1248 τὸν
2845 1196 3177 1268 χειμάρρουν
3228 1196 3328 1266 τῆς
3366 1194 3579 1267 τρυφῆς
3620 1212 3715 1248 σου
3764 1198 3956 1258 ποτιείς

1013 1298 1017 1312 '
2390 1285 2610 1351 αὐτούς.

793 1370 880 1426 19.
903 1368 1172 1437 Quoniam
1207 1370 1349 1441 apud
1380 1378 1432 1427 te
1465 1368 1588 1427 fons
1611 1371 1771 1427 vitae:

1766 1389 1771 1425 :
2455 1379 2542 1435 19.
2578 1380 2701 1433 Ὀτι
2730 1378 2879 1451 παρὰ
2920 1379 3003 1433 σοὶ
3038 1379 3190 1451 πηγὴ
3226 1378 3369 1451 ζωῆς
3396 1396 3410 1412 ·

791 1458 881 1518 20.
922 1461 977 1516 In
1006 1462 1207 1516 lumine
1240 1472 1333 1517 tuo
1360 1462 1665 1519 videbimus
1688 1463 1874 1518 lumen

1856 1479 1874 1517 ι
2457 1472 2547 1528 20.
2588 1474 2675 1526 Ἐν
2698 1472 2777 1543 τῷ
2800 1472 2939 1541 φωτί
2968 1489 3063 1524 σου
3096 1470 3337 1543 ὀψόμεθα
3364 1471 3500 1540 φῶς.

789 1556 879 1609 21.
912 1554 1190 1610 Praetende
1215 1556 1650 1612 misericordiam
1696 1566 1846 1610 tuam
1876 1554 2175 1611 scientibus
2203 1563 2283 1623 te;

2268 1573 2283 1623 ;
2455 1563 2544 1616 21.
2576 1562 2908 1635 Παράτεινον
2933 1562 2994 1615 τὸ
3026 1562 3172 1625 ἔλεός
3207 1578 3301 1615 σου
3337 1565 3448 1625 τοῖς
3468 1559 3803 1631 γινώσκουσί
3830 1576 3906 1613 σε·

787 1648 878 1703 22.
909 1647 975 1703 Ει
998 1648 1270 1719 justitiam
1318 1659 1465 1703 tuam
1497 1648 1604 1714 his,
1631 1648 1725 1717 qui
1767 1655 1916 1703 recto
1949 1655 2077 1703 sunt
2102 1647 2282 1703 corde.

2456 1651 2547 1706 22.
2582 1652 2690 1705 Καὶ
2714 1650 2812 1723 τὴν
2843 1650 3187 1722 δικαιοσύνην
3216 1668 3308 1704 σου
3329 1654 3439 1715 τοῖς
3459 1651 3727 1724 εὐθέσιτῇ
3743 1651 3952 1721 καρδίᾳ.

790 1738 879 1792 25.
911 1738 1027 1795 Non
1054 1738 1234 1793 veniat
1260 1739 1393 1793 mihi
1417 1754 1511 1809 pes
1543 1739 1845 1809 superbiae:

2455 1744 2542 1797 25.
2571 1741 2661 1814 Μὴ
2689 1742 2886 1797 ἐλθέτω
2918 1759 3009 1813 μοι
3039 1741 3174 1806 ποῦς
3200 1742 3605 1814 ὑπερηφανίας·

790 1829 880 1883 21.
916 1827 981 1884 Ει
1014 1844 1210 1885 manus
1239 1828 1540 1900 peccatoris
1574 1842 1683 1883 non
1717 1834 1933 1883 moveat
1954 1841 2059 1882 me.

2453 1834 2545 1889 24.
2577 1834 2688 1887 Καὶ
2717 1833 2838 1905 χεὶρ
2864 1832 3194 1903 ἁμαρτωλοῦ
3237 1833 3311 1906 μὴ
3338 1832 3599 1887 σαλεῦσαι
3640 1850 3729 1904 με.

789 1923 877 1977 25.
910 1921 985 1977 lbi
1013 1922 1328 1977 ceciderunt
1362 1937 1572 1987 omnes,
1617 1920 1711 1991 qui
1748 1928 2042 1989 operantur
2086 1915 2289 1989 iniqui-
2317 1910 2361 1967 B

2317 1910 2361 1967 Β
2458 1926 2550 1981 25.
2598 1926 2745 1979 Ἐκεῖ
2774 1924 2970 1979 ἔπεσον
3006 1924 3207 1989 πάντες
3237 1927 3286 1979 ot
3318 1925 3677 1997 ἐργαζόμενοι
3711 1925 3815 1997 τὴν
3844 1925 3952 1978 ἀνο-

723 2026 885 2071 tatem
908 2034 921 2069 :
2396 2016 2555 2088 μίαν⁴

784 2106 875 2163 26.
915 2107 1134 2177 Expulsi
1158 2117 1305 2171 sunt,
1337 2122 1438 2161 nec
1464 2114 1750 2176 potuerunt
1771 2115 1932 2162 stare.

2461 2105 2549 2161 26.
2594 2104 2956 2177 Ἐξώσθησαν,
2985 2106 3080 2160 καὶ
3115 2104 3177 2158 οὐ
3209 2104 3283 2176 μὴ
3310 2103 3572 2159 δύνωνται
3603 2105 3796 2175 στῆναι

929 2200 1179 2255 Paulinus
1200 2198 1391 2254 David.
1419 2198 1752 2255 PSALMUS
1775 2198 2045 2256 XXXVI.

2660 2199 2906 2269 Ψαλμὸς
2942 2196 3022 2264 τῷ
3048 2198 3247 2254 Δασίό.
3292 2201 3515 2252 ΨΑΛΜ.
3550 2200 3694 2265 Aq'.

793 2294 845 2348 1.
874 2290 993 2347 Noli
1015 2292 1258 2347 aemulari
1284 2292 1339 2346 in
1373 2292 1794 2363 malignantibus
1819 2310 1834 2360 ;

2468 2287 2518 2342 1.
2548 2288 2639 2359 Μὴ
2672 2286 2985 2361 παραζήλου
3011 2289 3067 2341 ἐν
3100 2287 3553 2360 πονηρευομένοις
3572 2304 3585 2316 ·

788 2385 842 2439 2.
878 2381 1062 2455 Neque
1088 2383 1348 2440 zelaveris
1379 2383 1639 2439 facientes
1665 2383 2028 2454 iniquitatem.

2458 2380 2513 2433 2.
2549 2379 2699 2450 Μηδὲ
2719 2378 2879 2450 ζήλου
2900 2379 3027 2442 τοὺς
3058 2378 3343 2443 ποιοῦντας
3375 2380 3471 2450 τὴν
3499 2380 3748 2450 ἀνομίαν.

789 2476 843 2529 5.
878 2473 1146 2541 Quoniam
1183 2484 1441 2545 tanquam
1476 2474 1660 2529 fenum
1708 2475 1963 2530 velociter
1992 2481 2279 2530 arescent:

2139 2481 2243 2528 :ent
2268 2495 2279 2530 :
2456 2473 2512 2529 5.
2549 2473 2669 2526 Ὀτι
2700 2472 2832 2526 ὡσεὶ
2862 2471 3053 2545 χόρτος
3083 2473 3220 2544 ταχὺ
3240 2470 3783 2545 ἀποξηρανθήσονται

1834 2594 1913 2647 A‘l
1930 2589 2207 2648 namsu
2242 2590 2836 2677 INTERPRETATIQ.

794 2711 879 2764 15.
903 2708 1114 2765 Iudicia
1143 2718 1234 2764 tua
1267 2708 1550 2764 immensa.

2460 2708 2545 2762 15.
2583 2706 2662 2760 Τὰ
2686 2706 3033 2778 δικαιώματά
3058 2723 3150 2759 σου
3180 2704 3486 2777 ἀμέτρητα.

793 2802 880 2856 11.
916 2800 1229 2857 [incedentes
1252 2801 1527 2856 voluntate
1557 2810 1668 2856 tua.

2463 2800 2546 2853 14.
2582 2800 2719 2863 Τοὺς
2748 2798 3147 2871 πορευομένους
3174 2798 3252 2869 τῷ
3278 2798 3578 2869 βουλήματί
3606 2815 3701 2852 σου

790 2894 875 2949 15.
894 2892 1357 2961 Quemadmodum
1378 2892 1741 2963 multiplicasti
1761 2907 1930 2962 genus
1960 2893 2280 2953 humanum,

2459 2891 2545 2944 15.
2581 2891 2667 2953 Ὠς
2692 2890 2993 2961 ὲπλήθυνας
3024 2888 3085 2942 τὸ
3113 2889 3270 2957 γένος
3305 2888 3413 2942 τῶν
3440 2888 3765 2959 ἀνθρώπων,
3793 2890 3955 2952 οὕτως

720 2986 795 3043 ia
812 2997 863 3041 et
881 2986 1302 3042 misericordiam
1324 2994 1471 3040 tuam
1486 2987 1540 3040 in
1558 2999 1745 3040 omnes
1764 2984 2009 3039 homines
2028 2982 2284 3038 ell‘udisti.
2316 3027 2355 3052 τ,

2079 2982 2284 3038 fudisti.
2316 3027 2355 3052 τ,
2393 2982 2486 3037 καὶ
2514 2982 2574 3035 τὸ
2600 2981 2746 3045 ἔλεός
2781 2998 2872 3035 σου
2903 2982 2995 3035 ἐπὶ
3017 2981 3225 3046 πάντας
3255 2981 3454 3045 αὐτοὺς
3480 2980 3723 3052 ἐξέχεας.

791 3078 879 3132 16.
910 3078 1026 3132 Sub
1056 3087 1151 3131 tuo
1171 3077 1395 3131 auxilio.
2314 3027 2355 3087 ο

2314 3027 2355 3087 ο
2394 3027 2995 3151 Ἷθῗοξξιῖτῆἷσῖζ
3015 3027 3290 3144 ῥᾷοᾩέιᾷ

794 3170 881 3225 17.
916 3169 960 3222 Α
994 3169 1163 3239 gratia
1198 3178 1309 3223 tua.

2465 3162 2552 3216 17.
2590 3162 2721 3216 Ἀπὸ
2756 3163 2857 3233 τῆς
2892 3164 3111 3235 χάριτός
3146 3180 3260 3218 σου.

792 3260 879 3315 18.
912 3259 1115 3315 Sancto
1142 3268 1235 3315 tuo
1262 3258 1483 3329 Spiritu.

2464 3254 2552 3309 18.
2579 3254 2652 3307 Τὸ
2685 3254 2910 3325 Πνεῦμα
2940 3270 3033 3307 σου
3066 3256 3126 3309 τὸ
3147 3255 3320 3324 ἅγιον.

785 3354 878 3409 19.
911 3353 1181 3421 Quoniam
1207 3353 1349 3421 apud
1380 3361 1432 3406 te
1457 3350 1668 3405 Patrem
1703 3348 1872 3404 Filius
1894 3357 1995 3407 est.

1896 3357 1995 3407 est.
2473 3346 2552 3401 19.
2589 3346 2710 3398 Ὅτι
2741 3346 2892 3417 παρὰ
2918 3347 3001 3399 σοὶ
3027 3345 3105 3417 τῷ
3134 3346 3309 3418 Πατρὶ
3328 3349 3357 3400 ὁ
3394 3347 3540 3413 Υίός.

791 3445 881 3501 20.
910 3448 969 3499 lu
1001 3446 1118 3515 ipso
1148 3442 1283 3496 Filio
1314 3452 1406 3497 tuo
1432 3442 1737 3497 videbimus
1772 3440 1967 3495 lucem.

2464 3438 2555 3493 20.
2601 3438 2686 3491 Ἐν
2708 3438 2855 3510 αὑτῷ
2873 3437 2951 3510 τῷ
2974 3438 3089 3510 Υίῷ
3124 3455 3216 3492 σου
3255 3438 3497 3511 ὀψόμεθα
3530 3438 3668 3510 φῶς.

792 3539 883 3591 21.
914 3536 1276 3591 Credentibus
1306 3535 1361 3589 in
1391 3542 1463 3590 te.

2463 3530 2552 3586 21.
2582 3531 2706 3596 Τοῖς
2743 3531 3087 3586 πιστεύουσιν
3111 3533 3192 3597 είς
3221 3532 3298 3585 σέ.

792 3628 884 3683 22.
918 3628 978 3683 Et
997 3628 1198 3700 justam
1222 3637 1370 3683 tuam
1393 3626 1805 3684 retributionem
1826 3624 1879 3678 in
1901 3622 2287 3694 sempiternum

2460 3623 2550 3677 22.
2579 3624 2689 3677 Kal.
2716 3623 2813 3695 τὴν
2842 3623 3054 3678 δικαίαν
3080 3641 3173 3678 σου
3208 3623 3629 3695 μισθαποδοσίαν
3676 3624 3957 3695 ἀτελευτήο

723 3722 865 3777 dona
894 3721 1109 3776 mundis
1138 3721 1322 3777 corde.

2392 3732 2501 3779 τως
2530 3714 2771 3787 δὼρησαι
2804 3719 2917 3779 τοῖς
2946 3716 3207 3787 καθαροῖς
3242 3719 3308 3787 τῇ
3336 3717 3551 3790 καρδίᾳ.

793 3816 885 3870 25.
914 3813 1131 3870 Nullum
1158 3822 1441 3884 peccatum
1473 3828 1559 3868 me
1584 3812 1912 3883 supplautet.

2464 3807 2553 3862 25.
2582 3807 2675 3878 Μὴ
2705 3808 2993 3878 πτερνήσει
3020 3806 3348 3881 [πτερνήσῃ]
3376 3827 3443 3880 με
3475 3812 3625 3863 πᾶσα
3656 3812 3914 3883 ἁμαρτία.

794 3908 885 3962 24.
919 3906 1034 3960 Non
1065 3905 1323 3974 glorietur
1348 3905 1415 3960 de
1446 3921 1529 3961 me
1562 3904 1799 3975 potentia
1823 3903 2048 3961 inimici.

2466 3898 2555 3953 21.
2584 3900 2675 3970 Μὴ
2701 3902 2950 3972 καυχήσῃ
2982 3918 3083 3972 μου
3115 3901 3191 3972 (1)
3225 3902 3511 3956 δυναστεία
3541 3904 3635 3957 τοῦ
3658 3904 3876 3976 ἐχθροῦ.

788 4000 880 4063 25,
910 3998 1000 4055 26.
1033 3997 1248 4053 Cadunt
1277 3998 1463 4068 utique
1488 3998 1783 4069 gaudentes
1820 3998 1872 4052 in
1903 4003 2145 4067 peccato.

2467 3990 2557 4057 25,
2582 3990 2670 4044 26.
2691 3991 2796 4045 Ναὶ
2827 3994 3082 4047 πίπτουσι
3106 3994 3180 4065 (2)
3201 3995 3480 4066 χαίροντες
3499 3997 3592 4050 ἐπὶ
3606 4001 3674 4071 τῇ
3702 3997 3955 4069 ἁμαρτίᾳ.

805 4089 871 4142 Ἦ
901 4087 1232 4161 προκειμένη
1258 4088 1535 4159 ἐπιγραφὴ
1587 4086 1826 4158 περιέχει
1872 4086 1986 4156 (5)·
2030 4082 2111 4150 Τῷ
2163 4079 2359 4137 Δαόιδ.
2398 4078 2868 4151 Ἐρμηπύεταιδὲ
2907 4087 3319 4155 πεποθημένος
3343 4089 3436 4141 καὶ
3459 4088 3954 4160 ἐξουθενημένοςο

723 4187 857 4257 ὅπερ
892 4184 985 4237 ἐπὶ
1022 4182 1111 4237 τοῦ
1134 4182 1397 4254 παρόντος
1417 4182 1669 4254 ληπτέον,
1701 4182 1787 4235 διὰ
1816 4181 1874 4234 τὸ
1906 4178 2153 4250 είρῆσθαι
2183 4176 2272 4229 τὸν
2304 4173 2518 4245 ψαλμὸν
2544 4176 2621 4238 είς
2651 4176 2776 4237 τοὺς
2806 4177 3044 4243 δικαίους
3065 4180 3188 4243 τοὺς
3218 4180 3635 4254 πεποθημένους
3660 4184 3768 4236 ὑπὸ
3796 4182 3923 4238 Θεοῦ
3943 4200 3955 4213 ·

722 4282 847 4347 τοὺς
878 4276 951 4348 (4)
982 4276 1193 4340 ἀσεϐεῖς
1219 4276 1342 4339 τοὺς
1373 4273 1850 4346 ἐξουθενημένους.
1880 4273 2190 4343 Γέγραπται
2225 4268 2333 4340 γάρ
2354 4284 2365 4297 ·
2403 4266 2842 4337 Ἐξουόένωσας
2870 4271 3102 4339 πάντας
3137 4275 3275 4340 τοὺς
3298 4275 3799 4343 ἀποστατοῦντιις
3848 4277 3957 4333 ἀπὸ

722 4372 842 4428 τῶν
868 4368 1270 4439 δικαιωμάτων
1292 4383 1429 4434 σου,
1460 4368 1547 4421 ὅτι
1574 4367 1784 4421 ἄδικον
1810 4366 1873 4419 τὸ
1906 4366 2216 4434 ἐνθύμημα
2247 4362 2462 4418 αὐτῶν.

791 4460 1005 4515 Titulus
1056 4456 1380 4527 praepositus
1426 4455 1704 4511 continet:
1739 4453 1988 4509 Psalmus
2026 4454 2219 4511 David.
2272 4453 2438 4510 David
2490 4462 2670 4510 autem
2727 4455 3112 4527 interpretatur
3161 4457 3489 4515 desideratus
3525 4470 3579 4516 et
3604 4472 3959 4533 contemptus;

725 4556 869 4631 quod
905 4556 958 4611 in
989 4553 1240 4625 praesenti
1269 4553 1341 4607 ita
1376 4551 1753 4622 accipiendum
1787 4559 1888 4617 est,
1913 4560 2197 4623 propterea
2227 4552 2371 4621 quod
2396 4552 2643 4623 psalmus
2665 4552 2846 4608 dictus
2879 4562 2963 4608 est
2995 4553 3050 4608 in
3095 4554 3278 4623 justos
3306 4573 3333 4608 a
3359 4555 3469 4612 Deo
3501 4557 3842 4615 desideratas
3867 4578 3881 4614 :
3909 4560 3959 4613 in

725 4651 920 4723 impios
946 4666 976 4705 a
1010 4647 1121 4704 Deo
1160 4653 1519 4714 contemptos.
1553 4642 1828 4715 Scriptum
1863 4653 1949 4700 est
1989 4645 2175 4699 enim:
2207 4644 2462 4715 Sprevisti
2495 4661 2673 4701 omne:
2720 4643 3040 4701 discedentes
3088 4664 3119 4700 a
3158 4648 3383 4717 judiciis
3426 4652 3554 4716 tuis,
3594 4654 3723 4722 quia
3768 4654 3960 4725 injusta

724 4743 972 4815 cogitatio
998 4756 1178 4795 eorum
1202 4738 1248 4770 "

794 4838 846 4891 1.
882 4833 1003 4891 Noli
1029 4833 1321 4889 assimilari
1345 4831 1779 4903 malignantibus.
2323 4835 2367 4889 Ι)

2323 4835 2367 4889 Ι)
2466 4832 2517 4885 1.
2550 4832 2641 4903 Μὴ
2670 4832 2853 4903 ὁμοίου
2880 4833 3002 4899 τοῖς
3032 4834 3563 4905 πονηρευομένοις·

797 4930 853 4985 2.
886 4927 1069 4999 Neque
1097 4936 1147 4982 te
1169 4924 1567 4996 comparaveris
1592 4924 1655 4979 ad
1679 4924 1895 4979 illorum
1919 4922 2182 4979 actiones.

2465 4926 2519 4979 2.
2547 4926 2696 4997 Μηδὲ
2724 4925 2993 4991 ἐξισοῦται
3016 4927 3091 4999 (5)
3118 4927 3315 5000 [ἐξισοῦ
3334 4928 3416 5002 σε]
3430 4932 3550 4993 ταῖς
3577 4930 3803 4987 ἐκείνων
3833 4934 3960 5008 πρά-

2429 5035 2531 5072 εσι.

799 5107 1123 5176 5.ρυοηίαιη
1159 5115 1413 5176 tanquam
1446 5106 1619 5175 fenum
1646 5114 1810 5161 decor
1836 5104 2143 5159 divitiarum
2176 5120 2296 5159 sua-

2429 5035 2531 5072 εσι.

2396 5018 2425 5083 ξ
2465 5112 2517 5165 5.
2553 5108 2675 5166 ’Ὀτι
2703 5112 2777 5182 (6,
2806 5112 2936 5192 ᾠσεὶ
2973 5114 3163 5187 χόρτος
3204 5116 3237 5189 η
3269 5116 3575 5188 εὐπρέπεια
3614 5119 3725 5174 τῶν
3753 5120 3960 5193 χρημά-

725 5217 871 5256 rum.

2396 5222 2501 5257 των
2528 5205 2724 5259 αὐτῶν.

795 5332 841 5363 ⁸⁸
872 5329 1072 5387 Psalm.
1104 5345 1294 5397 cxvlu,
1330 5330 1452 5386 118.

1673 5446 1979 5509 Addenda
2010 5453 2071 5508 et
2119 5447 2491 5530 corrigenda
2524 5467 2600 5512 ex
2636 5452 2773 5513 cod.
2810 5453 3013 5515 Vatic.

800 5571 876 5648 (ll
910 5572 1225 5648 Karmxu'on
1258 5592 1378 5646 μου.
1426 5644 1434 5648 _
1528 5645 1538 5648 _
1599 5645 1607 5648 _
1722 5645 1743 5648 μ
1780 5644 1793 5648 Α
2152 5646 2157 5648 Α
2270 5647 2275 5648 γ
2478 5574 2553 5644 (4)
2586 5577 2693 5648 Καὶ
2724 5578 2801 5648 εἰς
2827 5577 2973 5641 τούς.
3004 5586 3106 5635 etc.

806 5642 883 5717 (2)
928 5642 1343 5717 Ἀνατρέπὸνται
1376 5644 1484 5717 γὰρ
1518 5645 1623 5699 ὑπὸ
1652 5645 1745 5699 τοῦ
1775 5644 2041 5709 διαὸόλου,
2079 5646 2173 5699 καὶ
2221 5647 2295 5717 μὴ
2597 5646 2824 5711 Ἐξισοῦ.

725 5712 1244 5800 δυναμενριῇστῆναι,
1283 5712 1542 5800 πίπτουσι
1576 5718 1879 5800 χαίροντες,
1914 5726 2016 5772 etc.
2048 5786 2072 5798 η
2126 5788 2139 5800 Δ
2195 5712 2295 5800 "m'
2580 5718 2669 5800 Ν.-
2687 5718 2761 5800 5,.
2777 5719 2830 5800 ρ..
2870 5719 3061 5799 Ὅτι...
3096 5716 3282 5800 αὐτῶν
3334 5717 3470 5800 ταχὺ
3538 5716 3956 5800 μαρανθήσεται,

788 5784 874 5862 (ὅ)
917 5784 1096 5862 ’μλδιᾲ
1121 5784 1241 5862 ςτῆς
1285 5784 1684 5852 κινναϐάοεὼς’
1707 5787 1947 5857 περιέχει
1968 5804 1980 5818 ο
2006 5786 2081 5857 τῷ
2114 5787 2293 5842 Δαϐίδ.
2405 5789 2495 5842 καὶ
2520 5784 2583 5843 ἐκ
2611 5789 2707 5861 τῆς
2735 5788 2891 5860 δόξης
2932 5790 3023 5843 τοῦ
3053 5789 3282 5843 πλούτου
3314 5784 3493 5842 αὺτῖῦν
3520 5784 3662 5861 ταχὺ
3703 5784 3827 5855 ἀπζ,
3863 5799 3958 5841 etc.

731 5854 819 5925 Τῷ
841 5854 1001 5909 Δασιδ
1034 5857 1085 5910 δὲ
1113 5854 1239 5933 ἐρμ.
1277 5876 1406 5911 πεπ.
