4164 6498
220 445 328 503 785
1092 445 1180 499 DE
1220 445 1496 503 TlTULlS
1529 448 1975 505 PSALMORUM.
2012 479 2079 489 —
2106 447 2301 505 PSAL.
2336 447 2573 504 XXXVI.
3343 452 3447 508 786

290 562 344 618 ιὶ.
372 565 481 619 Kal
507 564 639 619 ὡσεὶ
660 566 865 637 λάχανα
892 566 1051 638 χλόης
1073 569 1209 639 ταχὺ
1248 569 1668 625 ἀποπεσοῖψιαι.
1808 575 1855 634 Α

1808 575 1855 634 Α
1951 572 2003 625 4.
2039 570 2105 625 Et
2147 570 2607 642 quemadmodum
2649 570 2798 630 olera
2840 571 3131 627 herbarum
3161 574 3267 628 cito
3297 575 3446 629 deci-

1884 662 2033 718 deut.

291 741 344 796 5.
379 742 635 797 Ἔλπισον
664 745 755 797 ἐπὶ
780 744 1001 816 Κύριον,
1031 748 1124 799 καὶ
1150 747 1290 800 ποίει
1320 749 1661 819 χρηστότητα
1681 766 1695 780 ο

1453 749 1661 819 πτότητα
1681 766 1695 780 ο
1953 756 2007 810 5.
2042 754 2205 826 Spera
2232 755 2285 811 in
2310 755 2562 821 Domino,
2584 765 2637 811 et
2662 755 2747 812 fac
2766 757 3060 812 bonitatem
3082 776 3097 823 ;

293 834 347 890 6.
374 836 483 888 Kal
514 839 849 909 κατασκήνου
877 837 972 908 τὴν
995 838 1100 907 γῆν
1118 853 1133 868 ’

1005 838 1133 907 γῆν
1955 848 2009 903 6.
2045 848 2111 905 Ει
2137 850 2381 904 inhabita
2411 858 2649 917 terram;

292 928 346 981 7.
378 928 486 981 Kal
514 929 856 1001 ποιμανθήσῃ
891 930 983 983 ἐπὶ
1005 929 1084 1000 τῷ
1116 930 1328 1001 πλούτῳ
1351 932 1541 1002 αὑτῆς.

1206 930 1328 1001 δύτῳ
1351 932 1541 1002 αὑτῆς.
1957 939 2009 993 7.
2040 939 2106 995 Et
2136 942 2375 1010 pasceris
2402 941 2456 994 in
2481 941 2683 997 divitiis
2713 942 2850 1011 ejus.

288 1020 341 1073 8.
374 1022 802 1093 Κατατρύφησον
852 1023 947 1076 τοῦ
1001 1026 1224 1095 Κυρίου,
1277 1026 1371 1079 καὶ
1413 1026 1573 1080 δώσει
1602 1044 1683 1080 σοι
1717 1026 1785 1080 τὰ

1954 1033 2007 1086 8.
2046 1031 2323 1089 Delectare
2361 1033 2416 1087 in
2457 1032 2709 1097 Domino,
2741 1042 2795 1089 et
2840 1035 2988 1090 dabit
3026 1036 3120 1090 tibi
3166 1037 3451 1108 petitiones

219 1113 499 1183 αἰτήματα
525 1114 623 1184 τῆς
649 1114 875 1184 καρδίας
900 1132 1016 1169 σου.

548 1114 623 1184 γῆς
649 1114 875 1184 καρδίας
900 1132 1016 1169 σου.
1890 1125 2070 1181 cordis
2096 1127 2192 1181 tui.

290 1202 345 1256 9.
390 1202 759 1272 Ἀποκάλυψον
784 1204 918 1276 πρὸς
948 1206 1149 1278 Κύριον
1178 1209 1275 1280 τὴν
1298 1209 1415 1263 ὀδόν
1450 1226 1561 1273 σου,

1360 1209 1415 1262 όν
1450 1226 1561 1273 σου,
1960 1217 2012 1273 9.
2046 1216 2245 1274 Revela
2267 1219 2332 1274 ad
2356 1217 2648 1275 Dominum
2670 1219 2812 1274 viam
2836 1227 3004 1285 tuam.

295 1287 383 1343 10.
424 1290 532 1341 Kal
566 1290 780 1344 ἔλπισον
814 1292 901 1344 ἐπ’
924 1294 1105 1360 αὑτὸν,
1140 1297 1233 1350 καὶ
1258 1297 1417 1361 αὑτὸς
1444 1300 1676 1370 ποιήσει.

1304 1297 1417 1361 me
1444 1300 1676 1370 ποιήσει.
1956 1309 2043 1363 10.
2075 1309 2140 1365 Ει
2162 1326 2315 1380 spera
2342 1312 2394 1365 in
2427 1326 2514 1375 eo,
2536 1320 2590 1366 et
2619 1312 2734 1382 ipse
2757 1310 2948 1368 faciet:

292 1382 380 1436 11.
418 1383 740 1447 Kaléﬁolast
772 1385 847 1449 ὼς
869 1387 981 1455 φῶς
1010 1388 1105 1459 τὴν
1130 1389 1470 1461 δικαιοσύνην
1495 1409 1586 1444 σου
1605 1408 1619 1422 ⁶

1616 1409 1619 1421 '
1965 1402 2051 1457 11.
2088 1401 2154 1457 Et
2179 1403 2372 1458 educet
2405 1403 2571 1474 quasi
2595 1404 3066 1475 lumenjustitiam
3092 1413 3260 1458 tuam.

292 1476 382 1530 12.
419 1478 526 1531 Kal
550 1478 611 1531 τὸ
644 1480 815 1551 κρῖμά
836 1498 927 1541 σου
958 1481 1033 1545 ὡς
1065 1483 1433 1555 μεσημϐρίαν.

1958 1493 2043 1546 12.
2082 1494 2147 1550 Et
2168 1495 2433 1566 judicium
2466 1506 2617 1550 tuum
2656 1506 2910 1567 tanquam
2938 1497 3234 1552 meridiem.

294 1567 383 1621 15.
428 1569 759 1641 ’Υποτάγηθι
791 1571 869 1641 τῷ
890 1574 1099 1645 Κυρίῳ,
1124 1576 1216 1627 καὶ
1246 1575 1519 1630 ἱκέτευσον
1550 1579 1729 1634 αὑτόν.

1496 1594 1519 1630 ν
1550 1579 1729 1634 αὑτόν.
1958 1583 2042 1638 15.
2073 1582 2334 1640 Subditus
2367 1594 2483 1641 esto
2506 1585 2757 1653 Domino,
2793 1596 2845 1641 et
2868 1601 2961 1641 ora
2994 1602 3140 1641 eum.

296 1659 385 1714 14.
418 1661 509 1733 Μὴ
549 1662 862 1734 παραξήλου
904 1666 963 1718 ἐν
1004 1665 1082 1736 τῷ
1117 1668 1558 1741 κατευοδουμένῳ
1608 1672 1663 1724 ἐν
1718 1676 1783 1744 τῇ

1962 1675 2047 1730 14.
2081 1675 2198 1731 Noli
2249 1678 2492 1733 aemulari
2540 1679 2595 1732 in
2640 1693 2705 1733 eo
2754 1678 2847 1749 qui
2900 1687 3251 1748 prosperatur
3291 1676 3451 1730 invia

218 1750 328 1820 ὁδῷ
352 1750 513 1804 αὑτοῦ
530 1770 542 1783 ⁸
1886 1788 2012 1842 sua;

421 1843 809 1934 ἶῌννάνθρὼπῳ
836 1846 1074 1901 ποιοῦντι
1120 1852 1479 1921 παρανομίαν.
1816 1912 1861 1934 ἢ

1361 1852 1479 1908 ιίαν.
1816 1912 1861 1934 η
1962 1840 2134 1919 15.1n
2166 1863 2385 1919 homine
2418 1863 2651 1919 faciente
2676 1863 3005 1934 injustilias.‘

421 1932 629 1987 Παῦσαι
642 1912 763 1989 ’άπὸ
780 1912 969 2010 δργῆς,
996 1940 1091 1992 καὶ
1125 1912 1453 2009 ἐγκατάλιπε
1481 1943 1649 2013 Θυμόν
1670 1962 1682 1974 ο
1815 1912 1865 1974 Β

1579 1943 1649 1996 ιόν
1670 1962 1682 1974 '
1815 1912 1865 1974 Β
1959 1956 2045 2010 16.
2080 1954 2273 2010 Desine
2298 1956 2365 2009 ab
2397 1956 2498 2023 ira,
2530 1966 2585 2011 et
2611 1912 2921 2026 derelinque
2946 1955 3182 2009 furorem
3211 1972 3223 2008 :

292 2022 376 2078 17.
415 2025 506 2097 Μὴ
547 2026 878 2099 παραζῆλου,
910 2029 1048 2083 ὥστε
1075 2033 1468 2102 πονηρεύεσθαι
1493 2049 1507 2064 ⁸

1320 2033 1507 2087 εσθαι·
1964 2049 2049 2101 17.
2084 2046 2201 2102 Noli
2230 2022 2497 2111 aemulari,
2536 2056 2593 2101 ut
2620 2022 2964 2118 maligncris;

296 2115 389 2172 18.
424 2116 543 2171 Ὀτι
572 2118 621 2170 ol
644 2120 1063 2191 πονηρευόμενοι
1088 2121 1626 2195 ὲξολοθρευθήσονται
1646 2145 1659 2157 ο

1961 2139 2047 2193 18.
2079 2138 2365 2204 Quoniam,
2391 2139 2483 2209 qui
2510 2139 2892 2209 malignantur,
2919 2136 3452 2192 exterminahuntur:

294 2208 382 2263 19.
414 2210 476 2263 Ol
504 2210 561 2263 δὲ
585 2211 944 2281 ὑπομένοντες
973 2212 1063 2266 τὸν
1099 2214 1323 2285 Κύριον,
1361 2217 1512 2270 αὑτοὶ
1535 2219 1790 2290 κληρονο-

1964 2231 2050 2285 19.
2082 2228 2427 2285 Sustinentes
2454 2240 2634 2285 autem
2677 2230 2991 2298 Dominum,
3026 2230 3128 2300 ipsi
3166 2228 3448 2285 haeredita-

225 2302 303 2373 μή
312 2318 403 2354 σου
412 2318 463 2354 σι
492 2301 590 2373 τὴν
628 2302 753 2372 γῆν.

637 2302 753 2372 γῆν-
1893 2320 2028 2375 bunt
2062 2328 2281 2374 terram.

293 2391 386 2447 20.
420 2394 527 2447 Kal
547 2392 625 2445 ἔτι
648 2393 845 2463 ὀλίγον,
866 2395 959 2447 καὶ
979 2396 1040 2448 οὑ
1060 2397 1132 2468 μὴ
1160 2398 1374 2469 ὑπάρξῃ
1397 2402 1425 2452 ὁ
1448 2400 1785 2473 ἁμαρτωλός·

1667 2403 1785 2463 Mr
1967 2410 2057 2464 20.
2082 2410 2148 2464 Ει
2176 2411 2353 2465 adhuc
2385 2410 2664 2481 pusillum,
2690 2420 2743 2467 et
2776 2426 2882 2465 non
2905 2412 3009 2465 erit
3042 2418 3311 2479 peccator.

296 2483 390 2537 21.
422 2485 531 2537 Kal
551 2484 806 2555 ζητήσεις
828 2485 917 2537 τὸν
933 2487 1095 2539 τόπον
1112 2488 1295 2552 αὑτοῦ,
1315 2492 1407 2544 καὶ
1428 2492 1488 2545 οὑ
1511 2494 1585 2563 μὴ
1603 2494 1786 2567 εὕρῃς.

1633 2494 1786 2567 ὖρῃς.
1968 2501 2060 2557 21.
2090 2501 2156 2556 Et
2181 2518 2393 2571 quaeres
2424 2503 2600 2557 locum
2631 2503 2768 2573 ejus.
2794 2510 2847 2558 et
2870 2517 2976 2555 non
3014 2502 3275 2555 invenies.

296 2580 390 2633 22.
421 2581 482 2632 Ol
507 2580 563 2633 δὲ
596 2583 789 2651 πραεῖς
820 2581 1283 2652 κληρονομήσουσι
1308 2584 1411 2654 γῆν
1436 2600 1447 2613 ο

1966 2593 2055 2646 22.
2086 2592 2349 2649 Mansueti
2377 2604 2556 2650 autem
2588 2595 2981 2650 haereditabunt
3009 2604 3208 2648 terram
3235 2612 3246 2646 :

296 2669 390 2725 25.
419 2670 527 2723 Kal
554 2672 1061 2743 κατατρυφήσουσιν
1095 2675 1186 2726 ἐπὶ
1215 2674 1406 2744 πλήθει
1430 2676 1669 2749 εἰρήνης.

1624 2694 1669 2739 ς.
1969 2680 2058 2735 25.
2091 2680 2155 2734 Ει
2184 2682 2600 2737 delectabuntur
2635 2684 2687 2736 in
2723 2683 3068 2737 multitudine
3094 2683 3263 2752 pacis.

1352 2828 1727 2888 ATllANASll
1766 2831 2341 2892 INTERPRETATIO.

300 2982 357 3041 ὅ.
386 2982 534 3055 Ταχὺ
560 2984 960 3038 άποπεσοῦνται
990 2984 1205 3054 θανάτῳ
1239 2986 1651 3056 παραδοθέντες.
1823 2998 1864 3054 c

1239 2986 1651 3056 παραδοθέντες.
1823 2998 1864 3054 C
1969 2994 2023 3047 4.
2057 2993 2178 3049 Cito
2203 2995 2449 3051 decident
2475 2997 2636 3051 morti
2667 2995 2870 3050 traditi.

301 3076 357 3130 5.
387 3076 495 3129 Kal
530 3077 671 3130 ποίει
698 3078 806 3131 πᾶν
829 3077 987 3147 ἔργον
1017 3078 1238 3145 ἀγαθόν.

1209 3096 1238 3131 ι.
1976 3084 2027 3139 5.
2066 3085 2131 3141 Et
2165 3086 2248 3142 fac
2269 3104 2429 3143 omne
2457 3103 2593 3158 opus
2628 3089 2853 3144 bonum.

299 3167 357 3230 6,
387 3168 437 3221 7.
472 3170 577 3221 Kal
630 3168 768 3221 οἴκει
823 3170 915 3222 ἐπὶ
965 3170 1064 3240 τῆς
1099 3171 1202 3240 γῆς
1246 3174 1659 3244 ποιμαινόμενος
1694 3175 1797 3228 ὑπὸ

1971 3177 2026 3239 6,
2052 3177 2100 3230 7.
2132 3176 2196 3232 Et
2225 3178 2405 3233 habita
2450 3183 2502 3232 in
2544 3190 2684 3233 terra
2721 3180 2954 3233 nutritus
2976 3193 3005 3232 a
3028 3175 3257 3231 Domino
3283 3195 3295 3229 :
3325 3175 3463 3229 divi-

229 3261 441 3332 Κυρίου
462 3278 475 3291 ·
517 3261 742 3325 πλοῦτος
790 3262 898 3334 γὰρ
926 3263 1022 3335 τῆς
1055 3264 1155 3333 γῆς
1185 3265 1213 3317 ὁ
1251 3264 1455 3336 Κύριος
1484 3266 1738 3338 ὑπάρχει,
1773 3270 1800 3320 ὁ

1902 3270 1991 3322 tiae
2016 3270 2159 3324 enim
2196 3279 2353 3325 terra:
2386 3269 2650 3326 Dominus
2690 3281 2839 3334 sunt,
2872 3271 3055 3327 ditans
3080 3286 3200 3325 eam
3232 3270 3462 3324 diversis

230 3354 479 3407 πλουτῶν
510 3355 678 3426 αὑτὴν
706 3354 888 3409 ἄνθεσι
914 3356 1189 3427 διαφόροις
1220 3358 1312 3411 καὶ
1348 3357 1583 3430 δένδρεσι
1609 3377 1801 3413 παντο-

1264 3358 1312 3411 al
1348 3357 1583 3430 δένδρεσι
1609 3377 1801 3413 παντο-
1904 3359 2129 3417 floribus
2148 3371 2201 3417 et
2227 3363 2374 3419 omni
2401 3378 2597 3435 genere
2628 3363 2908 3418 arborum.

230 3446 445 3502 δαπέσι.

305 3540 359 3595 8.
409 3540 715 3612 ’Λγάπησον
736 3542 827 3594 τὸν
856 3541 1060 3613 Κύριον
1094 3540 1152 3603 ἐξ
1184 3540 1309 3610 ὅλης
1329 3541 1506 3612 ψυχῆς
1532 3583 1545 3605 ,
1582 3542 1660 3613 (1)
1710 3544 1802 3595 καὶ

1976 3543 2028 3595 8.
2057 3540 2227 3612 Dilige
2266 3540 2556 3597 Dominum
2596 3556 2659 3597 ex
2702 3550 2810 3596 tota
2848 3540 3059 3605 anima,
3087 3547 3151 3593 eL
3179 3537 3336 3593 faciet
3372 3554 3464 3593 vo-

229 3631 305 3686 τὰ
339 3631 618 3705 θελήματά
650 3650 739 3686 σου
774 3633 1011 3703 ποιήσει.

660 3650 739 3686 που
774 3633 1011 3703 ποιήσει.
1904 3634 2139 3689 luntates
2166 3643 2304 3689 tuas.

305 3723 363 3779 9.
410 3724 831 3793 Ἀποκάλυψον
860 3725 1009 3793 πρὸς
1036 3726 1251 3794 Κύριον
1268 3725 1365 3795 τὴν
1386 3724 1615 3795 καρδίαν
1644 3742 1757 3787 σου,

1338 3742 1365 3776 ν
1386 3724 1615 3795 καρδίαν
1644 3742 1757 3787 σου,
1980 3728 2033 3782 9.
2065 3726 2253 3781 Revela
2283 3729 2348 3779 ad
2386 3726 2664 3780 Dominum
2688 3742 2782 3783 cor
2805 3734 2978 3791 tuum,

306 3816 397 3871 10.
433 3818 542 3872 Kal
568 3818 729 3881 αὑτὸς
755 3817 1008 3890 ὁδηγήσει
1044 3836 1100 3871 σε
1131 3820 1209 3882 εἰς
1242 3819 1348 3871 πᾶν
1383 3817 1542 3890 ἔργον
1578 3818 1799 3887 ἀγαθόν.

1683 3819 1799 3872 νθόν.
1982 3821 2067 3875 10.
2103 3819 2169 3873 Ει
2194 3820 2309 3889 ipse
2330 3819 2557 3875 deducet
2587 3828 2636 3875 te
2661 3819 2713 3873 in
2749 3834 2909 3874 omne
2941 3832 3076 3888 opus
3105 3816 3327 3872 bonum.

310 3910 401 3965 11.
433 3910 715 3982 Καθαράν,
755 3910 923 3979 λέγει.

1981 3914 2067 3966 11.
2094 3911 2371 3976 Mundam,
2399 3911 2594 3979 inquit.

312 4005 403 4060 12.
438 4007 882 4077 Πεφωτισμένην.

1982 4006 2068 4060 12.
2099 4004 2463 4059 llluminatum
2498 4003 2648 4057 dicit.

310 4096 506 4151 15-15.
533 4097 880 4151 Ταπείνωσον
915 4099 1139 4152 σεαυτὸν
1174 4098 1251 4168 (2)
1283 4098 1387 4151 ὑπὸ
1416 4097 1511 4166 τὴν
1541 4096 1805 4167 κραταιὰν

1984 4097 2170 4151 15-15.
2220 4095 2453 4151 llumilia
2481 4095 2710 4165 teipsum
2738 4096 2838 4149 sub
2870 4094 3071 4164 potenti
3118 4093 3238 4163 ejus
3267 4107 3426 4146 manu
3454 4110 3466 4145 :

238 4188 409 4245 αὑτοῦ
436 4191 592 4260 χεῖρα
616 4205 630 4219 ·
659 4188 756 4260 μὴ,
780 4188 873 4243 ἐὰν
901 4188 1013 4260 ἴδῃς
1054 4190 1175 4252 τοὺς
1206 4189 1616 4259 ἁμαρτάνοντας
1645 4186 1803 4254 εὑθη-

1909 4204 1997 4254 ne,
2051 4190 2096 4245 si
2141 4191 2341 4244 videris
2379 4199 2689 4259 peccatores
2739 4202 2991 4257 prospere.
3038 4195 3277 4257 agentes,
3326 4186 3470 4239 indi-

238 4281 486 4344 νοῦντας,
521 4280 779 4352 ὀργισθῇς
803 4282 859 4333 ἐν
890 4284 957 4352 τῇ
990 4281 1183 4351 καρδίᾳ
1225 4296 1319 4332 σου
1362 4280 1425 4333 δι’
1476 4279 1690 4340 αὐτοὺς,
1719 4279 1810 4331 καὶ

1913 4280 2094 4350 gneris
2118 4293 2337 4350 propter
2369 4296 2467 4335 eos
2488 4279 2541 4332 in
2573 4278 2734 4334 corde
2759 4286 2873 4343 tuo,
2908 4287 2961 4333 et
2993 4278 3124 4332 velis
3157 4277 3314 4331 talem
3335 4276 3470 4340 fieri,

238 4367 479 4441 θελήσῃς
510 4367 760 4435 γενέσθαι
784 4368 1020 4433 τοιοῦτος
1044 4371 1221 4431 ὁποῖος
1252 4369 1513 4430 κάκεῖνος.
1845 4361 1882 4415 D

745 4368 1020 4433 ιτοιοῦτος
1044 4371 1221 4431 ὁποῖος
1252 4369 1513 4430 κάκεῖνος.
1845 4361 1888 4415 Ῑ)
1916 4372 2104 4442 quales
2136 4373 2207 4426 illi
2237 4382 2381 4427 sunt.

316 4458 406 4514 16.
448 4458 614 4530 Ὀργὴ
643 4458 750 4531 γὰρ
773 4459 964 4530 ἀνδρὸς
989 4460 1333 4530 δικαιοσύνην
1359 4457 1491 4510 Θεοῦ
1525 4458 1622 4510 οὑκ
1644 4458 1811 4527 άπερ-

1988 4464 2074 4518 16.
2110 4462 2191 4518 lra
2234 4465 2379 4519 enim
2428 4465 2666 4521 hominis
2701 4465 2969 4534 justitiam
2998 4462 3092 4517 Dei
3135 4475 3474 4530 nonopera-

239 4550 471 4621 γάζεται
494 4551 591 4619 (5).
1914 4565 2021 4611 tur.

318 4644 408 4698 17.
437 4643 528 4715 Μὴ
566 4643 732 4714 μιμοῦ
764 4644 825 4696 τὸ
855 4644 1039 4697 κακόν.

1989 4647 2076 4701 17.
2108 4645 2185 4701 Ne
2208 4646 2436 4702 imiteris
2463 4646 2686 4700 malum.

314 4735 403 4790 18.
436 4736 627 4788 Ὄτιοὶ
659 4735 936 4798 ποιοῦντες
956 4736 1015 4789 τὸ
1044 4738 1210 4789 κακὸν
1252 4736 1806 4807 ὲξολοθρευθήσονται.

1988 4741 2069 4795 18.
2111 4740 2378 4807 Quoniam
2418 4738 2679 4794 facientes
2724 4736 2926 4791 malum
2971 4735 3474 4789 exterminuountur.

314 4828 404 4884 19.
439 4828 499 4880 Ol
546 4826 603 4880 δὲ
645 4826 1065 4897 ἀπεκδεχόμενοι
1099 4826 1189 4881 τοῦ
1230 4828 1434 4899 Κυρίου
1478 4828 1573 4900 τὴν
1609 4831 1810 4898 ἐπιφά-

1988 4834 2075 4887 19.
2105 4831 2497 4902 Exspectantes
2543 4841 2725 4884 autem
2770 4827 2986 4882 Domini
3034 4827 3341 4891 adventum,
3377 4824 3478 4893 ipsi

242 4937 418 4985 νειαν,
452 4920 606 4973 αὑτοὶ
642 4918 1111 4993 κληρονομήσουσι
1139 4920 1235 4993 τὴν
1268 4920 1537 4991 βασιλείαν
1579 4921 1685 4975 τῶν
1718 4922 1809 4975 οὑ-

1268 4920 1537 4991 βασιλείαν
1579 4921 1685 4975 τῶν
1718 4922 1809 4975 ού-
1919 4925 2317 4981 hzereditabunt
2348 4939 2574 4993 regnum
2599 4922 2885 4977 emtorutn.

244 5031 445 5089 ρανων.

312 5105 405 5160 20.
444 5104 652 5174 Ὀλίγον
690 5105 797 5175 γάρ
830 5105 965 5165 ἐστι,
999 5105 1091 5158 καὶ
1124 5105 1452 5175 παρέρχεται
1476 5108 1503 5157 ὁ
1534 5107 1752 5177 κόσμος.

1703 5124 1752 5169 ς.
1985 5100 2075 5156 20.
2108 5099 2366 5155 Ριιειιιυιη
2395 5100 2539 5154 enim
2563 5107 2667 5162 est,
2694 5106 2747 5153 ct
2775 5097 3010 5153 mundus
3042 5096 3347 5166 pertransit.

312 5197 405 5252 21.
439 5197 792 5269 Παραδίδοται
823 5196 933 5267 γὰρ
966 5197 1191 5260 ἕκαστος
1235 5196 1343 5248 τῶν
1392 5198 1813 5269 ἁμαρτανόντων
1933 5182 1938 5187 ’

1933 5182 1938 5187 ’
1986 5192 2077 5246 21.
2106 5191 2315 5262 Singuli
2338 5191 2481 5245 enim
2510 5200 2823 5261 peccatores
2844 5196 3061 5244 aeternae
3080 5187 3347 5257 punitioni
3375 5194 3482 5239 tra-

376 5288 529 5343 ἰωνία
559 5288 779 5341 κολάσει
812 5287 907 5343 (ὦ).
1920 5285 2140 5339 duntur.

240 5292 309 5360 τῇ
335 5288 529 5359 αἰωνία
559 5288 779 5341 κολάσει
812 5287 907 5357 (Il).

314 5378 405 5433 22.
431 5378 541 5449 Τὴν
571 5378 682 5432 ἄνω
719 5376 1067 5449 Ἰερουσαλὴμ
1095 5376 1263 5446 λέγει.

1920 5287 2140 5339 duntur.

1994 5373 2083 5427 22.
2122 5374 2423 5446 Supernam
2446 5373 2745 5430 aerusalcm
2770 5372 3054 5444 signiﬁcat.

317 5472 407 5526 25.
441 5471 536 5535 Εἰς
568 5469 658 5522 τὸν
694 5468 868 5523 αἰῶνα
896 5467 987 5521 τοῦ
1015 5468 1226 5531 αἰῶνος.

1057 5468 1226 5531 ίῶνος.
1996 5466 2086 5521 25.
2116 5466 2172 5521 In
2197 5468 2456 5523 saeculum
2486 5467 2692 5523 smeuli.

1193 5622 1497 5684 Addenda
1545 5628 1608 5684 et
1635 5622 2009 5702 corrigenda
2055 5641 2132 5684 ex
2167 5623 2303 5685 cod.
2340 5624 2542 5685 Vatie.

320 5730 394 5796 (1)
417 5729 611 5800 Ψυχῆς
641 5746 754 5791 σου,
786 5730 877 5782 καὶ
903 5728 969 5781 τά
1006 5738 1052 5781 et
1082 5728 1173 5781 rel.
1194 5728 1402 5800 ‘(lcsunt
1442 5728 1495 5778 in
1523 5727 1653 5800 cod.
1732 5798 1738 5800 ἓ
1768 5798 1779 5800 _

1006 5738 1052 5781 et
1082 5728 1173 5781 rel.
1194 5728 1402 5800 ‘(lcsunt
1442 5728 1495 5778 in
1523 5727 1653 5800 cod.
1732 5798 1738 5800 ἒ
1768 5798 1779 5800 _
1996 5730 2073 5795 (‘5)
2102 5730 2175 5782 Ού
2212 5729 2620 5798 κατεργάζεται.

322 5748 394 5796 ιι)
422 5748 504 5782 τυ
544 5748 611 5800 ης
641 5748 754 5791 σου,
786 5748 877 5782 και
903 5748 969 5781 τα
1006 5748 1052 5781 et
1082 5748 1173 5781 γει.
1216 5748 1402 5780 acsuut
1442 5748 1495 5778 ιη
1523 5748 1637 5779 coa.
1996 5748 2073 5795 (ο)
2102 5748 2175 5782 υυ
2212 5748 2621 5798 κατεργαςεται.

322 5801 395 5863 t2)
422 5748 605 5854 Ν.)13.
658 5800 1031 5871 Tapzivono‘n
1058 5798 1317 5851 ἐλυτὸν...
1375 5801 1569 5871 χεῖρα.
1611 5795 1676 5849 Ν.
1727 5798 1808 5865 ll,
1996 5801 2070 5871 (l)
2104 5802 2193 5862 Εἰς
2224 5800 2318 5871 τὴν
2346 5800 2555 5853 αἰώνιον
2593 5798 2828 5851 κόλασιν.

246 5871 331 5927 15.
367 5872 522 5942 Μὴ...
579 5868 829 5938 γενέσθαι
884 5868 1153 5933 τοσοῦτος,
1206 5872 1373 5921 troia:
1428 5870 1684 5921 κάκεῖνοι.
