4164 6480
757 406 855 458 ’187
1587 417 1645 470 S.
1689 418 2059 475 ATHANASH
2099 422 2247 478 OPP.
2290 423 2471 480 PARS
2507 425 2596 478 ιιι.
2630 455 2700 466 -
2735 421 3146 478 EXEGETICA.
3884 423 3979 478 788

819 524 907 576 25.
944 524 1262 584 Observabit
1287 543 1538 600 peccator
1563 534 1774 604 justum
1801 556 1814 592 :
2338 547 2386 604 Δ

2338 547 2386 604 Α
2482 543 2570 597 24.
2603 544 3054 613 Παρατηρήσεται
3093 544 3120 595 ὁ
3152 541 3470 613 ἁμαρτωλὸς
3496 542 3585 596 τὸν
3609 542 3849 598 δίκαιον·

826 615 914 668 25.
948 614 1013 670 Ει
1042 619 1287 676 stridebit
1315 639 1478 694 super
1508 643 1632 681 eum
1660 629 1913 686 dentibus
1944 633 2079 687 suis.

2490 634 2578 688 25.
2611 635 2719 686 Καὶ
2754 633 2938 704 βρόξει
2964 637 3049 686 ἐπ’
3083 635 3242 687 αὐτὸν
3264 634 3389 698 τοὺς
3421 633 3639 698 ὀδόντας
3665 633 3854 690 αὑτοῦ.

823 706 910 760 26.
942 707 1199 768 Dominus
1234 727 1411 771 autem
1441 720 1688 774 irridebit
1718 739 1877 777 eum:

2488 724 2577 778 26.
2622 725 2678 777 Ὀ
2707 725 2762 777 δὲ
2784 725 2986 795 Κύριος
3019 724 3369 792 ὲκγελάσεται
3407 725 3597 778 αὐτόν’

823 797 912 852 27.
938 799 1204 866 Quoniam
1235 810 1512 877 prospicit,
1539 814 1680 880 quod
1712 816 1891 869 veniet
1917 816 2031 872 dies
2059 816 2199 886 ejus.

2173 835 2199 870 ἱ.
2486 816 2574 870 27.
2605 816 2726 868 Ὂτι
2751 815 3063 886 προϐλέπει,
3090 816 3170 867 ὅτι
3196 815 3316 884 ἥξει
3343 816 3376 884 ἡ
3411 816 3596 886 ἡμέρα
3629 813 3817 869 αὐτοῦ.

822 889 910 943 28.
946 892 1195 951 Gladium
1225 901 1646 969 evaginaverunt
1677 919 2022 976 peccatores;

2489 911 2577 963 28.
2615 910 2910 979 Ῥομφαίαν
2937 909 3245 962 ἐσπάσαντο
3269 909 3319 960 ot
3345 908 3685 979 ἁμαρτωλοί·

825 982 912 1036 29.
946 984 1297 1045 lntenderunt
1337 1009 1523 1050 areum
1560 1013 1717 1052 suum
1758 999 1965 1070 [suum,
2000 1018 2115 1057 rem
2169 1020 2316 1058 ama-

2491 1002 2576 1054 29.
2622 1002 2915 1055 Ἐνέτειναν
2949 1000 3100 1065 τόξον
3145 999 3322 1056 αὐτῶν
3357 998 3558 1072 [αὐτῶν
3617 1002 3852 1072 πρᾶγμα
3893 1016 3976 1053 πι-

753 1073 932 1145 raIm];
2421 1093 2616 1166 κρόν]·

821 1161 909 1214 50.
945 1161 1011 1217 Ut
1043 1164 1298 1232 dejiciant
1325 1185 1614 1239 pauperem
1645 1183 1698 1228 et
1730 1175 1944 1245 inopem
1974 1196 1989 1245 ;
2460 1161 2465 1165 η

2460 1161 2582 1240 ‘50..
2612 1185 2716 1239 Τοῦ
2744 1185 3066 1238 καταϐαλεῖν
3095 1184 3307 1255 πτωχὸν
3326 1185 3417 1238 καὶ
3445 1183 3655 1254 πένητα
3673 1200 3688 1215 ο

825 1254 913 1308 51.
954 1256 1018 1309 Ut
1046 1261 1314 1315 trucident
1346 1274 1524 1318 rectos
1552 1267 1733 1320 corde.

2487 1277 2574 1330 51.
2607 1278 2711 1330 Τοῦ
2746 1276 2943 1345 σφάξαι
2973 1277 3100 1339 τοὺς
3123 1254 3296 1340 εὐθεῐς
3321 1279 3385 1347 τῇ
3419 1277 3633 1348 καρδία.

822 1346 909 1399 52.
942 1347 1166 1407 Gladius
1198 1368 1388 1407 eorum
1416 1355 1578 1410 intret
1605 1358 1661 1411 in
1679 1375 1773 1413 cor
1799 1359 2010 1434 [corda]
2035 1378 2313 1434 ipsorum;

2485 1370 2572 1425 52.
2616 1369 2678 1422 'ﬂ
2711 1368 2952 1440 ῥομφαία
2975 1369 3152 1422 αὐτῶν
3192 1367 3424 1422 εἰσέλθοι
3478 1346 3558 1432 είς
3592 1346 3707 1439 τὴν
3759 1367 3974 1438 καρδίαν

2420 1462 2533 1536 [εἰς
2562 1461 2821 1532 καρδίας]
2853 1462 3030 1515 αὐτῶν
3053 1478 3068 1493 ’

820 1529 908 1583 55.
943 1529 1006 1584 Et
1040 1548 1200 1587 arcus
1222 1549 1410 1590 eorum
1441 1539 1876 1612 confringantur.
2420 1529 2439 1536 -

2420 1529 2439 1536 υ
2486 1556 2575 1609 55.
2609 1529 2716 1607 Καὶ
2748 1529 2820 1605 τά
2839 1555 2964 1618 τόξα
2998 1553 3175 1608 αὐτῶν
3205 1553 3532 1626 συντριϐείη.

817 1617 908 1673 54.
944 1619 1132 1677 Melius
1158 1634 1240 1679 est
1268 1628 1540 1683 modicum
1560 1632 1731 1700 justo,
1762 1650 1926 1706 super
1955 1637 2172 1694 divitias
2194 1655 2317 1710 pec-

2485 1647 2571 1701 54.
2607 1648 2872 1719 Κρεῖσσον
2892 1646 3067 1715 ὀλίγον
3082 1646 3160 1718 τῷ
3178 1617 3367 1718 δικαίῷ
3398 1617 3537 1718 ὑπὲρ
3554 1647 3783 1701 πλοῦτον
3804 1649 3975 1721 ἀμαρ-

748 1717 992 1763 catorum
1024 1715 1223 1770 multas
1250 1734 1264 1771 :

1169 1733 1223 1770 35
1250 1734 1264 1771 ἶ
2416 1741 2600 1793 τωλῶν
2629 1740 2813 1793 πολύν.

817 1800 906 1854 55.
940 1801 1209 1867 Quoniam
1242 1809 1464 1867 brachia
1491 1830 1838 1883 peccatorum
1874 1829 2242 1878 conterentur.

2351 1901 2379 1905 _
2488 1833 2576 1886 55.
2608 1834 2728 1884 Ὅτι
2764 1830 3042 1902 βραχίονες
3062 1831 3398 1902 ἁμαρτωλῶν
3432 1833 3907 1905 συντριϐήσονταισ

820 1891 908 1945 56.
941 1895 1236 1953 Conﬁrmat
1260 1913 1438 1958 autem
1466 1907 1644 1975 justos
1676 1909 1958 1966 Dominus.
2347 1901 2390 1956 Β

2347 1901 2390 1956 Β
2487 1923 2576 1975 56.
2618 1891 2995 1992 ’Υποστηρὶίζει
3024 1891 3082 1973 δὲ
3105 1891 3239 1985 ’τοὺς
3265 1921 3508 1987 δικαίους
3536 1891 3813 1996 δΚύριος.

818 1983 907 2037 57.
944 1983 1102 2042 Novit
1128 1990 1389 2050 Dominus
1413 2000 1528 2053 vias
1562 2000 2036 2056 immaculatorum
2069 2021 2084 2057 :

2488 2016 2575 2069 57.
2613 2016 2651 2067 Γ
2657 1983 2870 2068 ινώσκεί
2904 1983 3106 2084 Κύριος
3137 1983 3238 2078 τὰς
3270 2017 3422 2080 ὁδοὺς
3451 1983 3561 2070 των
3594 1983 3871 2089 audiatur

811 2074 900 2129 58.
932 2076 996 2131 Et
1027 2081 1311 2141 hereditas
1347 2104 1533 2142 eorum
1562 2092 1615 2144 in
1643 2102 1902 2146 aeternum
1931 2095 2056 2149 erit.

2487 2104 2572 2157 58.
2610 2105 2718 2157 Καὶ
2751 2106 2782 2175 ἡ
2813 2074 3142 2176 κληρονομία
3171 2074 3348 2160 αότῶν
3382 2074 3462 2171 εἰς
3488 2109 3580 2163 τὸν
3603 2074 3777 2163 αίίῦνα
3807 2111 3972 2164 ἔσται.

811 2163 902 2219 59.
937 2165 1054 2224 Non
1085 2174 1484 2232 confundentur
1511 2181 1562 2233 in
1593 2193 1832 2253 tempore
1857 2187 2002 2240 malo
2029 2205 2043 2239 :

2488 2195 2572 2251 59.
2606 2197 2678 2248 Οὐ
2717 2163 3270 2266 κάταισγυνθῆσονται
3299 2201 3355 2252 ὲν
3386 2163 3561 2272 καιρῷ
3583 2163 3840 2274 πονηρῷ·

814 2257 904 2312 40.
937 2257 1005 2314 Ει
1039 2263 1091 2316 in
1124 2265 1315 2321 diebus
1341 2268 1500 2326 famis
1528 2276 1940 2333 saturabuntur.

2489 2287 2577 2340 40.
2614 2290 2722 2340 Καὶ
2758 2291 2814 2340 ὲν
2844 2257 3083 2359 ἡμέραις
3108 2289 3264 2359 λιμοῦ
3293 2257 3773 2365 χορτασθῆσοντάιι.

812 2348 901 2403 41.
937 2349 1073 2417 Quia
1103 2369 1417 2425 peccatores
1451 2366 1745 2431 peribunt:

2487 2378 2574 2432 4|.
2607 2379 2726 2432 Ὅτι
2750 2380 2796 2430 oi
2823 2348 3132 2450 ἁμαρτωλοὶ
3156 2348 3478 2435 άπολδῦνται
3499 2399 3512 2414 ·

816 2441 908 2495 42.
943 2444 1149 2502 Inimici
1183 2466 1309 2505 vero
1335 2453 1550 2509 Domini
1582 2474 1707 2513 mox
1734 2470 1793 2515 ut
1820 2462 2161 2518 honoriﬁcati
2192 2462 2311 2518 fue-

2487 2472 2574 2525 42.
2611 2472 2673 2524 οε
2707 2470 2763 2524 δὲ
2790 2441 2972 2542 sapa
2999 2470 3091 2524 τοῦ
3120 2473 3360 2543 Κυρίου,
3405 2475 3520 2546 ἅμα
3545 2475 3629 2547 ,τῷ
3662 2477 3975 2551 δοξασθῆναι

745 2531 853 2586 rint
878 2535 979 2604 ipsi
1015 2549 1069 2593 et
1097 2544 1339 2610 exaltati,

2418 2564 2613 2626 αὐτοὺς
2637 2563 2730 2616 καὶ
2759 2563 3035 2635 ὑψωθῆναι
3057 2607 3069 2629 ,

935 2629 1251 2692 Deﬁcientes
1285 2644 1740 2708 quemadmodum
1775 2655 1960 2706 lumus
1991 2650 2263 2707 deﬁcient.

2061 2650 2263 2707 ﬁcient.
2486 2655 2575 2709 45.
2626 2628 2994 2719 Ἐκλείποντες
3032 2628 3164 2710 ὡσεὶ
3193 2660 3396 2724 καπνὸς
3433 2661 3701 2726 ἐξέλιπον.

813 2719 902 2773 4i.
939 2721 1214 2781 Mutuatur
1241 2745 1509 2803 peccator,
1539 2748 1591 2792 et
1619 2757 1724 2793 non
1751 2743 1920 2797 solvet
1948 2761 1961 2796 :

2488 2747 2574 2799 44.
2607 2747 2909 2812 Δανείξεται
2931 2751 2958 2802 ό
2984 2750 3320 2820 ἁμαρτωλὸς,
3346 2719 3438 2807 καὶ
3466 2719 3563 2807 οὐκ
3593 2757 3873 2810 ἀποτίσει⁸

816 2810 904 2865 45.
938 2813 1125 2873 Justus
1151 2831 1329 2876 autem
1365 2827 1673 2895 miseretur,
1701 2844 1752 2887 et
1782 2836 1999 2893 tribuet.

2487 2840 2577 2894 45.
2629 2841 2685 2892 Ὀ
2710 2810 3002 2903 δὲήδίκαιος
3021 2810 3426 2916 οἰκτείρειζκαὶ
3463 2846 3697 2902 δίδωσιν.

1862 2968 2236 3027 ATHANASII
2275 2972 2858 3031 INTERPRETATIO.

816 3069 909 3123 24.
937 3070 1200 3129 Diabolus
1230 3083 1282 3130 et
1310 3076 1430 3146 ejus
1460 3080 1697 3135 ministri
1732 3082 2023 3140 observant
2044 3085 2249 3143 ﬁdeles.
2338 3094 2380 3151 C

2338 3094 2380 3151 C
2482 3091 2570 3145 24.
2611 3091 2670 3144 Ὀ
2699 3091 2942 3154 διάϐολος
2973 3092 3066 3145 καὶ
3106 3093 3156 3146 οἱ
3195 3092 3360 3147 αὐτοῦ
3393 3096 3832 3167 παρατηροῦνται
3857 3103 3975 3167 τοὺς

2416 3195 2605 3233 πιστου
2615 3198 2660 3242 ς.

816 3256 905 3310 25.
937 3256 1196 3322 Quazrens
1218 3260 1393 3328 ipsum
1419 3265 1664 3332 perdere.

1653 3304 1664 3318 .
2484 3270 2575 3326 25.
2606 3269 2790 3340 Ζητῶν
2823 3269 2981 3323 αὐτὸν
3006 3270 3297 3326 ἀναλῶσαι.

815 3348 904 3402 26.
944 3347 1078 3403 Eum
1133 3352 1408 3408 inﬁrmum
1456 3358 1725 3425 ostendet;
1749 3368 1801 3414 et
1832 3359 1950 3430 ejus
1979 3362 2311 3419 voluntatem

2484 3360 2572 3414 26.
2618 3361 2839 3433 Ἀσθενῆ
2875 3362 3038 3418 αὐτὸν
3068 3363 3372 3433 ἀναδείξει,
3409 3366 3487 3440 (ί)
3527 3370 3617 3423 καὶ
3652 3371 3752 3445 τὴν
3787 3373 3973 3450 βουλὴν

744 3439 954 3495 irritam
988 3441 1167 3498 faciet.

2414 3453 2576 3508 αὐτοῦ
2602 3454 2920 3526 ματαιώσει.

809 3537 901 3591 27.
939 3538 1063 3594 Dies
1086 3542 1387 3611 punitionis
1415 3546 1557 3616 ejus.

2483 3546 2574 3600 27.
2623 3547 2687 3600 'H
2723 3547 2904 3619 ἡμέρα
2931 3549 3031 3618 τῆς
3055 3547 3330 3612 κολάσεως
3358 3548 3538 3606 αὐτοῦ.

812 3629 902 3683 28.
939 3630 1221 3689 Daemones
1251 3646 1552 3705 peccatum.

2484 3637 2573 3692 28.
2601 3640 2662 3693 Οἱ
2692 3639 2945 3710 δαίμονες
2976 3639 3074 3712 τὴν
3103 3641 3398 3712 ἁμαρτίαν.

811 3723 903 3778 29.
934 3724 1119 3780 Mundi
1153 3730 1495 3798 cupiditates.

2479 3732 2570 3786 29.
2599 3732 2710 3795 Τὰς
2730 3731 3024 3802 ἐπιθυμίας
3049 3733 3144 3787 τοῦ
3176 3733 3404 3806 κόσμου.

808 3817 897 3871 50.
928 3817 1168 3872 Justum.

2482 3823 2571 3877 50.
2602 3825 2703 3877 Τὸν
2728 3824 2952 3877 δίκαιον.

813 3908 902 3961 51.
940 3909 1187 3967 Sanctos.

2484 3914 2543 3968 51
2560 3955 2571 3967 .
2608 3916 2746 3978 Τοὺς
2783 3915 2990 3985 ἁγίους.

811 4003 901 4058 52.
937 4005 1208 4061 Conversa
1240 4017 1320 4062 est
1347 4008 1605 4081 iniquitas
1635 4029 1822 4069 eorum
1855 4016 1905 4069 in
1933 4016 2100 4087 ipsos.

2483 4004 2570 4057 52.
2615 4005 2976 4076 Ἐπέστρεψεν
3000 4006 3032 4076 ἡ
3061 4005 3228 4059 κακία
3251 4005 3429 4060 αὐτῶν
3456 4007 3545 4061 ἐπ’
3571 4008 3788 4076 αὐτούς.

813 4097 905 4150 55.
937 4096 1107 4168 lgnita
1143 4100 1448 4157 daamonum
1481 4105 1586 4158 tela
1620 4108 1911 4176 signiﬁcat.

2481 4097 2569 4150 55.
2605 4098 2684 4149 Τὰ
2712 4096 3079 4168 πεπυρωμένα
3101 4097 3227 4168 βέλη
3267 4099 3374 4153 τῶν
3397 4099 3668 4171 δαιμόνων
3705 4102 3873 4173 λέγει.

810 4188 900 4245 54.
930 4191 1176 4261 Amplius
1211 4203 1292 4248 est
1331 4194 1480 4264 justo
1516 4199 1738 4264 paulum
1789 4200 2176 4256 misericordia:
2208 4201 2307 4256 Do-

2482 4188 2570 4242 54.
2601 4190 2801 4277 mergo;
2833 4192 2978 4244 ἐστιν
3014 4193 3205 4263 μικρὸν
3232 4193 3378 4256 ἔλεος
3407 4193 3502 4247 τοῦ
3553 4196 3762 4268 Κυρίου
3806 4198 3882 4269 τῷ
3905 4198 3974 4253 δι-

742 4283 896 4347 mini.
926 4302 1090 4354 quam
1116 4303 1307 4343 omnes
1339 4291 1523 4344 mundi
1557 4292 1779 4346 divitize.

2413 4281 2553 4351 καίῳ
2587 4283 2727 4354 ὑπὲρ
2765 4283 2941 4337 πάντα
2975 4285 3062 4337 τὸν
3091 4284 3318 4338 πλοῦτον
3346 4285 3441 4339 τοῦ
3471 4288 3697 4359 κόσμου.

815 4380 903 4434 55.
930 4378 1199 4445 Quoniam
1235 4385 1414 4437 omnis
1446 4399 1633 4438 eorum
1663 4386 1903 4454 potentia
1939 4388 2156 4456 peribit.

2483 4375 2571 4428 55.
2607 4377 2727 4429 Ὅτι
2765 4378 2912 4431 πᾶσα
2941 4379 2972 4447 ἠ
2998 4377 3284 4432 δυναστεία
3318 4378 3496 4432 αὐτῶν
3538 4382 3837 4437 ἀπολεῖται.

807 4471 896 4524 56.
934 4471 1194 4528 Immotos
1225 4490 1320 4528 eos
1349 4475 1587 4529 custodit
1617 4476 1669 4528 in
1699 4487 1982 4531 aeternum.
2340 4457 2384 4510 D

2340 4457 2384 4510 Ῑ)
2481 4470 2567 4522 56.
2588 4469 2936 4534 Ἀσαλεότους
2955 4471 3145 4532 αὐτοὺς
3157 4471 3500 4540 διαφυλάττει
3516 4475 3596 4538 είς
3612 4475 3738 4539 τοὺς
3758 4477 3969 4542 αἰῶνας.

812 4564 900 4618 57.
934 4565 1064 4634 Ejus
1089 4567 1230 4620 enim
1260 4577 1385 4622 sunt
1418 4584 1580 4637 opera
1614 4582 1954 4626 sanctorum.

2485 4563 2577 4617 57.
2606 4562 2779 4615 Αὐτοῦ
2819 4565 2924 4633 γάρ
2952 4565 3056 4617 είσι
3085 4566 3151 4618 τὰ
3179 4565 3313 4635 ἔργα
3334 4567 3442 4618 τῶν
3472 4568 3660 4636 ἁγίων.

817 4657 905 4709 58.
938 4656 1004 4710 Ει
1031 4674 1255 4726 regnum
1281 4660 1542 4714 cmlorum
1568 4676 1756 4715 eorum
1782 4673 1884 4716 est.

2485 4653 2572 4706 58.
2607 4655 2714 4705 Καὶ
2740 4654 2770 4722 ἡ
2801 4653 3041 4721 βασιλεία
3063 4654 3169 4707 τῶν
3194 4655 3641 4725 οὐρανῶνάὐτῶν
3663 4659 3812 4713 ἐστιν
3840 4660 3933 4731 (2).

805 4750 895 4803 59.
933 4749 990 4803 In
1019 4751 1106 4804 die
1130 4752 1348 4820 judicii.

2484 4747 2569 4801 59.
2616 4748 2700 4804 Ἐν
2728 4747 2908 4818 ἡμέρᾳ
2941 4748 3014 4817 (5)
3040 4747 3289 4819 κρίσεως.

809 4843 899 4897 40.
935 4841 1054 4898 Non
1081 4845 1240 4913 panis
1270 4844 1462 4899 famem
1499 4847 1784 4917 signiﬁcat,
1818 4847 1909 4900 sed
1946 4845 2131 4918 gratiae
2156 4847 2270 4901 Dei.

2486 4839 2574 4892 40.
2617 4840 2690 4891 Οὐ
2718 4839 2869 4908 λιμὸν
2908 4838 3074 4909 ἄρτου
3107 4839 3272 4908 λέγει,
3308 4839 3443 4892 ἀλλά
3482 4841 3584 4912 τῆς
3621 4842 3842 4915 χάριτος
3885 4840 3972 4897 τοῦ

2414 4931 2544 4983 Θεοῦ
2556 4972 2568 4983 .

809 5025 994 5081 41-45.
1048 5025 1332 5082 Daemones
1386 5038 1438 5084 et
1493 5031 1584 5099 qui
1644 5030 1748 5086 illis
1793 5033 2188 5102 obsequuntur,
2254 5032 2305 5084 in

2490 5024 2674 5079 4l-45.
2711 5026 2772 5077 Οἱ
2818 5024 3066 5095 δαίμονες
3117 5023 3210 5079 καὶ
3241 5023 3290 5076 oi
3334 5023 3648 5095 πειθόμενοι
3686 5025 3867 5090 αὐτοῖς
3898 5027 3971 5090 είς

741 5116 969 5172 nihilum
998 5119 1325 5188 redigentur.

1284 5137 1325 5173 r.
2413 5117 2560 5169 οὐδὲν
2593 5120 2720 5188 γενή
2730 5135 2928 5172 σονται.

810 5207 898 5260 44.
929 5207 1158 5264 Peccata
1207 5212 1440 5279 peccatis
1482 5212 1652 5277 addit,
1689 5222 1741 5267 et
1789 5213 2164 5283 pmnitentiam
2199 5227 2307 5267 non

2481 5208 2568 5262 4-4.
2603 5208 2962 5280 Προστίθησιν
3003 5208 3275 5280 ἁμαρτίας
3312 5209 3395 5278 ἐφ’
3426 5208 3702 5281 ἁμαρτίας
3729 5252 3742 5273 ,
3777 5208 3868 5264 καὶ
3910 5205 3968 5262 οὐ

741 5297 870 5365 agit,
891 5299 1187 5367 deprecans
1210 5318 1308 5371 pro
1339 5305 1462 5359 illis.

2422 5301 2802 5370 μεταμελεῖται
2825 5301 3147 5372 προσφέρων
3173 5302 3383 5372 δεήσεις
3405 5302 3545 5374 ὑπὲρ
3566 5302 3767 5355 αὐτῶν.

784 5389 904 5445 ς45.
930 5389 1122 5446 Justus
1151 5403 1333 5448 autem
1372 5395 1527 5450 oﬁ‘ert
1562 5394 1669 5449 Deo
1698 5411 1792 5464 per
1826 5395 2194 5464 cicemosynas
2227 5393 2308 5446 di-

2491 5395 2574 5446 45.
2617 5396 2672 5447 Ὀ
2700 5395 2752 5447 δὲ
2786 5395 2991 5457 δίκαιος
3023 5395 3316 5465 προσφέρει
3343 5394 3419 5465 τῷ
3444 5394 3560 5467 Θεῷ
3586 5396 3652 5449 δι’
3689 5396 3967 5468 ἐλεημοσυ-

741 5481 901 5538 vitias
932 5500 1079 5538 suas.

2418 5487 2520 5542 νῶν
2564 5488 2651 5539 τὸν
2678 5489 2866 5542 ἑαυτοῦ
2894 5487 3137 5544 πλοῦτον.

1689 5645 1990 5708 Addenoa
2023 5653 2082 5708 et
2113 5644 2479 5723 corrigenda
2513 5660 2587 5701 ex
2639 5643 2777 5703 cod.
2811 5641 3006 5702 Vatic.

812 5767 888 5907 {3
921 5768 1243 5892 .Tﬁfﬁffgﬂ'
2488 5769 2563 5838 (5)
2604 5768 2685 5820 ἐν
2803 5765 2979 5838 altera
3014 5765 3111 5834 τῆς
3147 5781 3232 5836 κρυ
