4164 6500
269 455 382 515 ’189
1120 451 1208 504 DE
1242 451 1516 507 TITULIS
1554 451 2000 507 PSALMORUM.
2043 481 2112 492 —-
2147 451 2348 507 PSAL.
2390 455 2630 509 XXXVI.
3396 452 3498 508 790

338 573 427 627 46.
461 573 581 625 Ὅτι
603 574 651 626 oi
679 569 1024 639 εὐλογοῦντες
1044 569 1203 621 αὑτὸν
1222 570 1684 640 κληρονομήσουσι
1712 570 1834 641 γῆν·
1864 580 1915 637 Α

1864 580 1915 637 Α
2008 572 2095 627 46.
2128 571 2265 639 Quia
2298 574 2680 628 benedicentes
2722 573 2793 637 ei,
2828 572 3217 627 lialreditabunt
3258 581 3496 629 terram:

342 665 430 718 47.
470 666 529 717 Οί
561 664 616 717 δὲ
643 663 1019 735 καταρώμενοι
1042 662 1200 714 αὑτὸν
1236 661 1790 732 ἐξολοθρευθήσονται.

1526 662 1790 732 θήσονται.
2006 664 2093 717 47.
2124 666 2506 721 Maledieentes
2529 674 2708 719 autem
2734 664 2782 718 ei
2812 663 3170 733 disperibunt.

341 753 429 807 48.
468 755 623 825 Παρὰ
654 755 856 823 Κυρίου
893 752 961 806 τὰ
989 753 1297 824 διαδήματα
1323 751 1609 823 ἀνθρώπου
1644 771 1834 806 κατευ-

1660 771 1834 806 ιατευ-
2003 758 2090 811 48.
2124 759 2169 811 Α
2202 757 2432 813 Domino
2456 773 2675 829 gressus
2710 755 2946 811 hominis
2969 754 3304 824 diriguntur:

270 843 528 898 θύνεται’

340 937 427 992 49.
462 938 571 991 Kal
593 938 692 1009 τὴν
717 937 834 990 ὁδον
863 938 1023 990 αὐτοῦ
1053 938 1263 1008 Θελήσει
1294 937 1513 1009 σφόδρα.

1250 957 1263 990 ι
1294 937 1513 1009 σφόδρα.
2008 941 2097 994 49.
2128 939 2192 994 Et
2219 940 2360 994 viam
2394 938 2511 1007 cjns
2544 938 2685 990 volet
2715 934 2888 988 valde.

339 1028 429 1081 50,
466 1031 632 1082 Ὅταν
662 1030 820 1101 πέσῃ,
851 1032 1403 1103 οὑ“καταραχοἡσεται
1422 1054 1435 1066 ι

1422 1054 1435 1066 ι
2005 1032 2094 1085 50.
2124 1031 2259 1084 Cum
2295 1026 2568 1091 ceciderit,
2600 1043 2704 1080 non
2733 1026 3017 1080 collidetur
3044 1040 3057 1076 :

333 1120 421 1175 51.
456 1122 577 1175 Ὅτι
612 1122 813 1192 Κύριος
845 1124 1207 1194 ἀντιστηρίζει
1233 1130 1390 1198 χεῖρα
1421 1131 1567 1203 αὐτῷ
1597 1131 1828 1204 [αὐτοῦι.

2002 1124 2087 1177 51.
2123 1123 2259 1189 Quia
2303 1122 2565 1175 Dominus
2612 1118 2868 1189 supponit
2896 1130 3114 1170 manum
3143 1114 3241 1184 ipsi
3273 1113 3497 1185 [suamp

336 1210 427 1265 52.
465 1210 743 1283 Νεὼτερος
767 1213 1051 1283 ἐγενόμην,
1085 1217 1177 1269 καὶ
1207 1219 1452 1290 ἐγήρασα
1473 1240 1485 1252 ο

1236 1221 1452 1290 γήρασα
1473 1240 1485 1252 ι
2006 1216 2094 1269 52.
2124 1214 2317 1268 Junior
2341 1213 2438 1274 fui,
2466 1212 2664 1267 etenim
2696 1210 2879 1275 senui;

338 1302 428 1356 53.
460 1303 569 1357 Kal
588 1306 685 1357 οὑκ
709 1300 846 1359 εἶδον
867 1305 1070 1359 δίκαιον
1101 1310 1657 1384 ἐγκαταλελειμμένον
1678 1356 1691 1380 ,

1414 1315 1657 1384 ειμμένον
1678 1356 1691 1380 ,
2008 1307 2095 1360 55.
2136 1304 2199 1357 Et
2229 1320 2336 1357 non
2364 1303 2474 1357 vidi
2492 1302 2701 1369 justum
2721 1300 3058 1364 derelictum,

337 1394 429 1449 54.
454 1396 585 1451 Οὐδὲ
619 1397 679 1451 τὸ
708 1399 929 1470 σπέρμα
960 1401 1121 1454 αὑτοῦ
1152 1401 1345 1471 ζητοῦν
1371 1405 1583 1475 ἄρτους.

1455 1424 1583 1470 τους.
2008 1398 2095 1452 54.
2124 1396 2232 1451 Nec
2258 1410 2441 1450 semen
2467 1394 2585 1463 ejus
2610 1408 2860 1462 quazrens
2880 1407 3099 1463 panem.

338 1485 430 1538 55.
466 1486 632 1558 Ὅλην
658 1488 755 1559 τὴν
780 1490 989 1560 ἡμέραν
1013 1491 1172 1556 ἐλεεῖ,
1194 1493 1285 1545 καὶ
1313 1493 1543 1559 δανείζει
1565 1496 1828 1561 ὀδίκαιος·

1700 1514 1828 1561 αιος·
2006 1490 2092 1544 55.
2130 1488 2263 1541 Tuta
2287 1487 2373 1541 die
2395 1485 2682 1539 miseretur
2714 1492 2767 1537 et
2793 1481 3102 1536 commodat
3126 1480 3307 1549 justus
3332 1495 3344 1529 :

338 1575 431 1631 56.
462 1578 571 1630 Kal
598 1578 657 1631 τὸ
689 1581 909 1651 σπέρμα
938 1581 1101 1635 αὑτοῦ
1137 1585 1216 1647 είς
1249 1584 1497 1654 εὐλογίαν
1519 1587 1691 1641 ἔσται.

1584 1605 1691 1641 ται.
1999 1582 2087 1637 56.
2120 1579 2184 1633 Et
2215 1595 2399 1635 semen
2432 1578 2577 1631 illius
2606 1577 2660 1630 in
2695 1574 3069 1630 benedictione
3094 1572 3228 1626 erit:

339 1667 431 1723 57.
464 1670 540 1739 (a)
564 1671 844 1727 Ἐκκλινον
867 1674 974 1727 ἀπὸ
1006 1676 1199 1741 κακοῦ,

944 1674 974 1727 ηδ
1006 1676 1199 1741 κακοῦ,
2003 1673 2090 1727 57.
2126 1670 2341 1725 Declina
2367 1684 2395 1722 a
2428 1668 2588 1731 malo,

336 1761 429 1816 58.
465 1764 575 1817 Kal
596 1764 818 1824 ποίησον
834 1767 1056 1835 ἀγαθὸν,
1078 1770 1169 1822 καὶ
1196 1773 1537 1843 κατασκήνου
1561 1774 1640 1837 είς
1666 1776 1833 1829 αἰῶνα

2001 1766 2087 1820 53.
2124 1764 2191 1819 Et
2231 1764 2315 1817 fac
2359 1763 2582 1827 bonum,
2619 1771 2673 1814 et
2704 1758 2941 1813 inhabita
2986 1756 3043 1810 in
3090 1754 3346 1810 smeulum
3399 1766 3499 1807 sa:—

261 1854 484 1919 αίῶνος.
1867 1916 1895 1919 _
1935 1859 2061 1914 culi.

338 1916 582 2001 59.60::
609 1950 809 2021 Κύριος
842 1953 1030 2024 ἀγαπᾷ
1063 1954 1242 2025 κρίσιν
1261 1970 1276 1985 ·
1864 1916 1907 1972 Β

1864 1916 1907 1972 Β
2008 1949 2095 2004 59.
2131 1949 2267 2015 Quia
2299 1948 2559 2002 Dominus
2593 1954 2739 2000 amat
2761 1943 3056 2013 judicium:

335 2037 425 2093 60.
464 2041 571 2094 Kal
606 2044 704 2097 οὐκ
731 2046 1105 2115 ἐγκαταλείψει
1130 2050 1254 2110 τοὺς
1286 2049 1464 2113 ὁσίους
1490 2049 1652 2104 αὑτοῦ
1679 2065 1691 2080 ·

1490 2049 1652 2104 αὑτοῦ
1679 2065 1691 2080 ·
2006 2041 2094 2095 60.
2129 2043 2193 2094 Et
2218 2057 2323 2096 non
2348 2040 2684 2107 derelinquet
2716 2045 2935 2091 sanctos
2969 2049 3132 2087 suos:

334 2130 424 2184 61.
452 2132 545 2194 Εἰς
571 2134 660 2187 τὸν
686 2136 855 2191 αἰῶνα
889 2137 1343 2208 φυλαχθήσονται.

2006 2132 2093 2185 61.
2130 2131 2185 2185 ln
2217 2145 2476 2185 teternum
2509 2128 2970 2184 conservabuntur
2999 2165 3013 2189 ,

335 2222 425 2275 62.
460 2226 678 2295 Ἀνομοι
704 2227 759 2279 δὲ
785 2228 1257 2300 ἐκδιωχθήσονται,

2003 2224 2090 2278 6:2.
2124 2222 2311 2291 lnjnsti
2336 2230 2518 2275 autem
2546 2220 2901 2289 cxpellentur,

339 2311 427 2366 65.
463 2315 571 2367 Kal
606 2317 824 2388 σπέρμα
852 2320 1062 2373 ἀσεϐῶν
1093 2322 1621 2394 ἐξολοθρευθήσεται.

1572 2344 1621 2377 ιι.
2010 2318 2097 2370 65.
2130 2314 2193 2367 Et
2221 2329 2403 2367 semen
2433 2312 2722 2381 impiorum
2748 2307 3216 2365 exterminabitur.

337 2404 427 2459 64.
458 2408 661 2461 Δίκαιοι
693 2410 749 2462 δὲ
786 2411 1241 2485 κληρονομήσουσι
1275 2418 1397 2486 γῆν.

2008 2407 2094 2461 64.
2128 2404 2265 2461 Justi
2292 2413 2468 2471 autem
2496 2400 2887 2456 luereditabunt
2914 2406 3110 2449 terram
3142 2413 3152 2446 :

340 2497 431 2554 65.
461 2500 570 2553 Kal
611 2504 1118 2574 κατασκηνώσουσιν
1164 2509 1243 2570 είς
1289 2507 1696 2574 αίῶνα-αίῶνος
1745 2509 1814 2560 ἐπ

2009 2500 2097 2552 65.
2134 2497 2200 2552 Et
2251 2495 2635 2551 inhabitabunt
2682 2493 2736 2546 in
2786 2490 3045 2546 swculum
3104 2484 3286 2541 saeculi
3340 2496 3499 2551 super

263 2590 457 2660 αὐτῆς.
1479 2569 1495 2587 ’
1935 2606 2052 2645 eam
2065 2632 2076 2643 .

340 2680 429 2737 66.
464 2684 641 2755 Στὸμα
678 2685 884 2740 δικαίου
919 2689 1201 2761 μελετήσει
1239 2690 1430 2759 σοφίαν
1452 2706 1465 2720 '

2010 2683 2098 2737 66.
2132 2682 2204 2736 Os
2228 2680 2364 2751 justi
2394 2676 2742 2733 meditabitur
2764 2672 3082 2727 sapientiam
3114 2688 3126 2725 :

367 2797 422 2866 α)
453 2794 605 2853 Vers.
634 2798 724 2865 57,
768 2802 1067 2869 Ἔκκλινον,
1098 2812 1227 2871 elc.,
1254 2805 1474 2873 ἀγαθόν.
1524 2807 1553 2873 ᾗ·
1586 2806 1674 2864 58.
1718 2803 1825 2855 Καὶ
1867 2816 2009 2853 κατα

768 2802 1067 2869 Ἔκκλινον,
1098 2812 1227 2871 elc.,
1254 2805 1474 2873 ἀγαθόν.
1524 2807 1553 2873 ᾗ·
1586 2806 1674 2864 58,
1718 2803 1825 2855 Ka‘:
1867 2800 2243 2867 κατασμήνου,
2283 2803 2388 2850 etc.

1393 2913 1763 2966 ATIIANASII
1800 2902 2379 2964 INTERPRETATIO.

345 3018 433 3073 46,
464 3021 525 3072 Οἱ
544 3020 850 3086 δοξάζοντες
876 3025 1035 3077 αὐτὸν
1064 3027 1132 3079 δι’
1164 3026 1339 3097 ἔργων
1382 3028 1599 3097 ἀγαθῶν
1639 3028 1833 3097 κληρο-

2009 3022 2096 3077 46.
2128 3018 2504 3075 Gloriﬁcantes
2551 3030 2673 3071 eum
2716 3012 2874 3067 bonis
2915 3010 3173 3079 operibus
3217 3005 3499 3061 haeredita-

267 3109 567 3177 νομὴσουσι
597 3112 695 3181 τὴν
723 3113 1016 3182 μέλλουσαν
1048 3116 1220 3169 πόλιν.

1015 3137 1016 3151 ι
1048 3116 1220 3169 πόλιν.
1936 3115 2073 3169 bunt
2104 3112 2341 3166 futuram
2366 3109 2659 3163 civitatem.

346 3199 435 3299 4:1.
468 3202 529 3299 Ol
548 3202 613 3299 δὲ
638 3202 1081 3276 βλασφημοῦντες
1110 3210 1291 3276 αὐτὸν,
1329 3210 1361 3282 ἢ
1388 3210 1709 3282 ἀρνούμενοι
1752 3209 1837 3273 ἐξ·
1864 3243 1905 3299 C

1864 3243 1905 3299 Ο
2010 3202 2097 3256 47.
2133 3200 2577 3268 Blasphemantes
2608 3204 2786 3250 autem
2811 3208 2958 3258 eum,
2990 3201 3083 3244 aut
3112 3196 3371 3259 negantes
3408 3201 3500 3239 ex-

267 3290 749 3364 ολοθρευθήσονται
783 3298 878 3368 (1).
1871 3290 1905 3299 ν

783 3298 878 3368 (1).
1871 3290 1905 3299 ν
1941 3292 2394 3348 terminabuntur.

343 3381 435 3437 48.
466 3384 562 3437 Διὰ
588 3388 683 3458 τῆς
713 3388 932 3460 χάριτος
953 3392 1117 3445 αὐτοῦ
1145 3393 1371 3456 ἕκαστος
1395 3392 1413 3464 j
1433 3390 1692 3463 ἕκαστον]
1730 3389 1836 3442 τῶν

2008 3387 2097 3439 48.
2135 3384 2589 3454 Unumquemque
2627 3380 2864 3435 ﬁdelium
2892 3376 3062 3447 gratia
3092 3390 3188 3430 sua
3216 3374 3269 3426 in
3298 3374 3497 3427 bonum

269 3473 483 3527 πιστῶν
511 3476 688 3548 ὁδηγεῖ
716 3480 791 3549 (2)
819 3482 909 3543 εἰς
928 3483 988 3533 τὸ
1014 3484 1232 3550 ἀγαθόν.

543 3476 688 3548 δηγεῖ
716 3480 791 3549 (2)
819 3482 909 3543 εἰς
928 3483 988 3533 τὸ
1014 3484 1232 3550 ἀγαθόν.
1938 3480 2187 3535 deducet.

346 3564 437 3621 49.
488 3567 705 3638 Ἐρᾶται
736 3570 833 3639 τῆς
858 3572 1128 3637 πολιτείας
1158 3574 1322 3628 αὐτοῦ
1359 3576 1517 3629 πάνυ.

2008 3570 2097 3623 49.
2127 3568 2257 3637 Ejus
2288 3566 2503 3619 vivendi
2534 3565 2800 3618 rationem
2835 3571 2982 3615 amat
3004 3560 3253 3614 multum.

345 3655 433 3708 50.
469 3657 591 3710 Ἐὰν
610 3659 681 3727 (5)
700 3660 793 3729 οὐχ
826 3662 1063 3734 ἁμάρτῃ,
1087 3664 1185 3716 οὐκ
1203 3665 1462 3733 ἀπομένοι
1493 3670 1557 3736 τῇ
1575 3668 1835 3742 ἁμαρτίᾳ.

1597 3672 1835 3742 ιμαρτίᾳ.
2008 3660 2095 3716 50.
2128 3659 2185 3713 Si
2216 3667 2420 3728 peccat,
2452 3672 2560 3711 non
2584 3663 2888 3725 perseverat
2920 3654 2972 3705 in
2998 3660 3241 3720 peccato.

349 3746 437 3800 51.
467 3748 589 3801 Ὀτι
619 3749 706 3803 διὰ
732 3751 825 3804 τοῦ
848 3752 1028 3818 ἐλέους
1058 3754 1220 3807 αὑτοῦ
1250 3756 1451 3827 ἐγείρει
1480 3758 1659 3811 αὐτόν.

1635 3778 1659 3811 ι.
2009 3753 2096 3809 51.
2134 3752 2401 3819 Quoniam
2429 3748 2797 3805 misericordia
2823 3762 2919 3799 sua
2948 3745 3107 3813 erigit
3136 3757 3279 3796 eum.

344 3836 433 3891 52.
473 3839 657 3904 Οὕτως
687 3842 839 3911 κάγὼ
870 3861 996 3897 ποτε
1020 3845 1330 3917 ἡμάρτανον
1350 3887 1366 3911 ,
1402 3847 1495 3900 νῦν
1533 3848 1587 3901 δὲ
1636 3849 1837 3915 τέλειος

2006 3845 2094 3899 52.
2128 3844 2201 3898 ita
2233 3844 2395 3898 etiam
2425 3858 2523 3911 ego
2552 3840 2825 3910 quondam
2856 3837 3097 3907 peccavi,
3132 3848 3275 3888 nunc
3320 3842 3495 3885 autem

269 3927 333 3980 ἐν
368 3930 585 4001 Χριστῷ
609 3933 889 4003 ἐγενόμην.

1938 3939 2209 4009 perfectus
2238 3936 2413 3991 factus
2445 3951 2563 3987 sum
2592 3936 2644 3987 in
2674 3932 2894 3987 Christo

349 4020 437 4075 55.
461 4024 567 4076 Kal
592 4026 701 4078 οὐκ
740 4022 903 4079 εἶδον
942 4025 1018 4098 (4)
1056 4028 1181 4080 πότε
1232 4025 1360 4099 ἦ).θέ
1403 4049 1489 4102 μοι
1535 4035 1701 4087 ταῦτα
1736 4035 1839 4088 ὑπὸ

2013 4032 2101 4084 55.
2136 4029 2204 4081 Et
2251 4044 2352 4080 non
2396 4027 2500 4080 vidi
2527 4042 2544 4078 .·
2570 4025 2789 4095 quando
2835 4033 3099 4076 venerunt
3146 4019 3278 4073 mihi
3325 4018 3439 4072 lucc
3467 4032 3496 4073 δ

269 4111 368 4166 τοῦ
396 4110 557 4170 Θεοῦ.

543 4156 557 4170 .
1938 4120 2186 4175 Domino.

344 4202 433 4257 54.
463 4205 597 4258 Οὑδέ
624 4206 720 4280 τὴν
748 4209 971 4281 καρδίαν
1010 4212 1174 4266 αὐτοῦ
1205 4213 1501 4287 λιπομένην
1547 4218 1653 4270 τῶν
1687 4236 1838 4290 χαρι-

1698 4236 1838 4290 ιίαρι-
2013 4211 2098 4266 54.
2127 4209 2312 4281 Neque
2341 4226 2435 4266 eor
2464 4210 2582 4280 ejus
2608 4207 2805 4264 divinis
2829 4206 2985 4261 donis
3007 4204 3342 4259 destitutum.

271 4298 500 4367 σμάτων
522 4300 677 4355 Θεοῦ.

348 4389 437 4444 55.
482 4391 591 4445 Ἀεὶ
614 4395 672 4446 ἐν
694 4394 768 4466 τῷ
792 4398 927 4465 φωτὶ
946 4398 1019 4453 ῶν
1039 4401 1104 4454 δι’
1128 4402 1249 4474 ἐλεη
1259 4402 1492 4474 μοσύνης
1510 4402 1739 4465 δανείζει
1759 4403 1836 4475 τῷ

2011 4410 2101 4465 55.
2129 4409 2185 4463 In
2222 4410 2340 4463 luce
2401 4422 2612 4477 semper
2652 4406 2920 4462 exsistens
2968 4420 3061 4475 per
3104 4404 3496 4474 eleemosynain

269 4482 415 4555 Θεῷ.

1937 4499 2212 4557 feneratur
2239 4501 2364 4555 Deo.

346 4572 437 4628 56.
468 4576 546 4630 Τὰ
571 4576 706 4647 ἔργα
739 4579 903 4633 αὐτοῦ
929 4580 1096 4651 λέγει.
1867 4575 1912 4630 D

1867 4575 1912 4630 θ
2010 4592 2099 4647 56.
2131 4592 2302 4661 Opera
2332 4592 2450 4662 ejus
2475 4591 2757 4660 signiﬁcat.

347 4666 437 4723 57.
484 4669 615 4723 Ἀπὸ
643 4671 821 4743 πάσης
852 4674 1145 4747 ἁμαρτίας.

1014 4674 1145 4739 τίας.
2013 4686 2101 4740 57.
2132 4685 2213 4738 Ab
2239 4685 2385 4739 omni
2414 4691 2658 4755 peccato.

348 4760 436 4815 58.
464 4761 559 4826 Εἰς
586 4762 684 4835 τὴν
709 4765 1004 4836 μέλλουσαν
1042 4768 1207 4841 ζωήν.

912 4784 1004 4820 σαν
1042 4768 1207 4841 ζωήν.
2015 4776 2103 4831 58.
2139 4774 2196 4828 In
2226 4778 2331 4829 vita
2356 4775 2556 4829 futura.

347 4850 436 4908 59.
456 4855 829 4928 Δικαιοσύνην.

783 4875 829 4913 ν.
2016 4864 2102 4918 59.
2134 4861 2427 4918 Justitiam.

347 4943 436 5000 60.
473 4946 611 5011 Τοὺς
633 4948 820 5017 ἁγίους
853 4949 1036 5004 αὐτοῦ.

875 4949 1036 5004 ιύτοῦ.
2016 4951 2102 5007 60.
2136 4951 2364 5006 Sanctos
2387 4951 2519 5020 ejus.

348 5037 438 5092 6|.
470 5038 563 5101 Εἰς
590 5040 677 5092 τὸν
701 5041 795 5095 νῦν
825 5040 994 5095 αίῶνα
1021 5042 1111 5095 καὶ
1140 5044 1217 5106 είς
1231 5044 1319 5096 τὸν
1355 5042 1633 5115 μέλλοντα.

1459 5042 1633 5097 λοντα.
2014 5043 2101 5098 61.
2138 5042 2193 5097 In
2219 5044 2469 5115 prazsenti
2504 5043 2701 5097 saaculo
2736 5043 2866 5097 etin
2902 5041 3103 5097 futuro.

348 5126 435 5181 62.
469 5129 563 5192 Εἰς
593 5129 654 5183 τὸ
681 5130 867 5195 σκότος
898 5130 957 5183 τὸ
984 5130 1265 5202 ἐξώτερον.

1156 5148 1265 5202 ρον.
2013 5135 2099 5188 62.
2130 5134 2185 5187 In
2208 5136 2458 5190 tenebras
2486 5135 2798 5189 exteriores.

349 5220 437 5275 65.
467 5222 548 5276 Τὰ
576 5222 714 5295 ἔργα
736 5224 844 5277 τῶν
867 5224 1078 5278 ἀσεϐῶν
1100 5226 1178 5290 εἰς
1203 5224 1263 5278 τὸ
1296 5223 1405 5295 πῦρ
1445 5223 1505 5277 τὸ
1541 5222 1778 5279 αἰώνιον.

1582 5222 1778 5279 ίώνιον.
2016 5223 2103 5276 65.
2141 5222 2313 5292 Opera
2340 5222 2629 5291 impiorum
2657 5221 2711 5275 in
2744 5222 2920 5292 ignem
2942 5232 3220 5276 aeternum.

349 5312 438 5367 64.
471 5314 583 5386 Τὴν
617 5315 910 5385 μέλλουσαν
939 5316 1104 5385 λέγει.

939 5316 1104 5385 λέγει.
2014 5316 2101 5370 64.
2136 5316 2393 5371 Futuram
2422 5316 2572 5370 dicit.

349 5403 439 5457 65.
471 5405 581 5458 Kal
620 5407 928 5479 οἰκήσουσιν
979 5411 1057 5473 είς
1094 5409 1191 5473 τὰς
1232 5410 1618 5480 ἁτελευτήτους
1676 5409 1836 5480 μονὰς

2014 5408 2103 5464 65.
2139 5408 2205 5463 Et
2251 5408 2569 5463 habitabunt
2616 5407 2670 5461 in
2711 5406 3053 5477 sempiternis
3096 5404 3212 5475 ejus
3263 5400 3494 5458 mansio-

273 5493 470 5563 αὐτῆς.
1944 5498 2125 5555 nibus.

350 5586 436 5641 66.
472 5586 550 5638 Τὰ
583 5586 921 5659 δικαιώματα
958 5591 1047 5643 τοῦ
1088 5590 1240 5645 Θεοῦ.

958 5591 1047 5643 τοῦ
1088 5590 1240 5645 Θεοῦ.
2016 5590 2104 5646 66.
2140 5590 2328 5645 Divina
2352 5591 2572 5661 judicia.

1224 5705 1526 5767 Addenda
1558 5714 1615 5768 et
1664 5704 2032 5784 corrigenda
2064 5721 2138 5766 ex
2175 5705 2311 5767 cod.
2345 5705 2545 5766 Vatic.

468 5802 1029 5875 ᾜξολοθρευθήσονται
1062 5809 1139 5872 είς
1165 5808 1252 5861 τὸν
1282 5809 1468 5864 αἰῶνα.
2012 5807 2085 5873 (5)
2156 5808 2310 5861 Οταν.

352 5872 429 5942 (2)
466 5872 781 5946 Ὀδηγεῖται.
835 5872 845 5875 ⁷
2005 5872 2079 5941 (ι)
2119 5876 2266 5934 Εἱδὸν
2302 5896 2426 5931 ποτε
2456 5877 2684 5932 ἐαθέντα
2704 5878 2819 5931 τινὰ
2861 5877 3035 5929 αὐτῶν
3066 5876 3189 5942 ὑπό,
3221 5882 3329 5932 etc.
