4164 6486
730 424 825 481 791
1569 426 1625 479 S.
1661 424 2031 481 ATllANASll
2069 424 2218 479 OPP.
2262 420 2438 477 PARS
2476 420 2561 475 lll.
2598 448 2667 460 —
2702 416 3111 472 EXEGETICA.
3861 406 3957 466 792

797 540 886 595 67.
926 538 989 593 Et
1009 539 1191 609 lingua
1220 538 1340 609 ejus
1368 540 1621 608 loquetur
1643 542 1907 609 judicium
1936 562 1948 597 :
2316 545 2369 602 Δ

2316 545 2369 602 Α
2465 538 2553 591 67.
2584 537 2692 589 Kal
2723 538 2755 605 ἡ
2786 534 3007 602 γλῶσσα
3040 530 3205 585 αὑτοῦ
3232 530 3454 603 λαλήσει
3490 529 3704 603 κρίσιν·

797 633 885 688 68.
919 632 1026 686 Lex
1055 632 1149 687 Dei
1179 633 1299 703 ejus
1321 633 1373 686 in
1406 634 1569 688 corde
1609 635 1798 705 ipsius,

2469 626 2556 681 68.
2600 627 2657 677 '0
2689 626 2852 694 νόμος
2877 623 2969 675 τοῦ
3004 620 3139 673 Θεοῦ
3166 619 3330 673 αὐτοῦ
3364 622 3421 674 ἐν
3451 620 3648 691 καρδία
3675 617 3860 681 αὑτοῦ,

794 724 884 778 69.
920 723 985 777 Ει
1013 738 1118 778 non
1155 726 1646 793 supplantabuntur
1670 742 1891 795 gressus
1916 726 2055 795 ejus.

2467 718 2553 772 69.
2586 717 2694 770 Kal
2708 717 2806 785 οὐχ
2822 712 3342 783 ὑποσκελισθήσεται
3357 712 3423 765 τά
3436 712 3593 782 διαϐή
3604 728 3749 781 ματα
3778 708 3948 763 αὐτοῦ·

795 816 883 870 70.
920 816 1241 873 Considerat
1263 828 1518 890 peccator
1540 819 1775 890 justum,
1824 829 1879 875 et
1916 820 2115 890 quaerit
2148 834 2295 875 mor-

2468 810 2554 863 70.
2584 809 2856 862 Κατανοεί
2882 807 2910 859 ὁ
2934 804 3255 877 ἁμαρτωλὸς
3291 803 3382 857 τὸν
3416 802 3641 867 δίκαιον,
3675 803 3770 855 καὶ
3810 802 3955 873 ζητεῖ

725 910 931 966 titlcare
962 925 1109 964 eum.
1720 912 1727 923 '
2399 899 2495 953 τοῦ
2526 898 2831 952 θανατῶσαι
2854 896 3035 949 αύτόν.

795 1000 880 1053 71.
911 998 1171 1054 Dominus
1201 1008 1387 1054 autem
1424 1016 1533 1055 non
1567 1001 1905 1073 derelinquet
1932 1018 2057 1057 eum
2093 1003 2145 1056 in
2180 1018 2295 1056 ma-

2472 992 2556 1047 7l.
2592 994 2665 1062 (ιι)
2711 992 2770 1044 '0
2801 990 2858 1042 δὲ
2888 990 3091 1060 Κύριος
3120 986 3179 1038 ού
3216 984 3289 1057 μὴ
3321 985 3661 1057 ἐγκαταλίπῃ
3691 984 3851 1037 αὑτὸν
3880 986 3951 1049 εἰς

725 1091 887 1145 nibus
907 1091 1025 1160 ejus
1052 1109 1066 1145 :

2394 1086 2496 1148 τὰς
2528 1088 2713 1155 χεῖρας
2745 1081 2906 1135 αὐτοῦ
2928 1096 2940 1111 ·

793 1184 882 1238 72.
917 1181 1027 1239 Nec
1054 1183 1336 1239 damnabit
1360 1199 1484 1239 eum
1516 1204 1532 1241 :

2467 1175 2552 1228 72.
2583 1175 2705 1227 Οὐδ’
2733 1174 2792 1226 ού
2826 1172 2899 1244 μὴ
2936 1170 3090 1243 [οὐδὲ
3127 1170 3201 1239 μή
3248 1170 3305 1221 in
3338 1168 3463 1224 cod.
3507 1166 3713 1239 Barb.]
3743 1170 3950 1222 καταδι-

1322 1318 1327 1323 ο
2396 1268 2631 1337 κάσηται
2666 1265 2845 1328 αὐτὸν,

790 1361 877 1415 73.
903 1360 1038 1416 Cum
1063 1363 1396 1432 judicabitur
1428 1362 1504 1417 illi
1532 1381 1547 1416 :

2466 1359 2554 1413 75.
2594 1359 2758 1411 Ὅταν
2792 1355 3042 1428 κρίνηται
3069 1352 3217 1423 αὐτῷ
3248 1353 3446 1423 [αὐτόν
3486 1354 3540 1406 in
3568 1352 3685 1405 cod.
3713 1351 3923 1422 Barb.].

794 1450 878 1507 7t.
908 1452 1174 1525 Exspecta
1201 1455 1512 1523 Dominum,
1542 1464 1599 1511 et
1619 1454 1829 1512 custodi
1864 1455 2009 1511 viam
2043 1456 2164 1525 ejus
2193 1473 2209 1509 :

2465 1449 2552 1502 74.
2596 1448 2917 1518 ’Υπόμεινον
2944 1445 3034 1498 τὸν
3064 1444 3291 1515 Κύριον,
3328 1444 3420 1496 καὶ
3449 1442 3687 1514 φύλαξον
3713 1444 3813 1514 τὴν
3844 1444 3953 1497 ὁδὸν

2396 1539 2562 1593 αὑτοῦ
2581 1555 2599 1572 ⁸

788 1627 878 1683 75.
908 1627 973 1683 Et
1002 1631 1263 1685 exaltabit
1298 1639 1370 1695 te,
1414 1642 1474 1685 ut
1508 1631 1822 1686 hrereditate
1856 1630 2041 1701 capias
2067 1639 2286 1687 terram.

2468 1630 2554 1687 75.
2584 1631 2694 1684 Kal
2740 1629 2943 1699 ὑψώσει
2996 1647 3055 1682 σε
3100 1629 3195 1683 τοῦ
3245 1629 3789 1700 κατακληρονομῆσαι
3818 1628 3947 1698 γῆν·

790 1718 878 1774 76.
913 1719 1048 1775 Cum
1083 1722 1346 1792 perierint
1369 1732 1683 1793 peccatores
1707 1721 1935 1777 videbis.

2464 1722 2551 1777 76.
2598 1724 2685 1776 Ἐν
2715 1722 2793 1791 τῷ
2816 1720 3254 1791 ἐξολοθρεύεσθαι
3285 1720 3657 1791 ἁμαρτωλοὺς,
3690 1720 3809 1790 ὄψει
3834 1718 3949 1791 [ὄψῃ

2395 1816 2470 1870 id.
2507 1814 2623 1869 cod.
2657 1812 2867 1885 Barb.].

790 1898 877 1952 77.
907 1898 1029 1954 Vidi
1054 1902 1278 1971 impium
1312 1906 1795 1973 superexaltatum,
2312 1878 2363 1940 Β

2312 1878 2363 1940 Β
2464 1908 2553 1960 77.
2581 1900 2732 1958 Εἶδον
2757 1878 2848 1957 τὸν
2882 1904 3051 1973 ἀσεϐῆ
3084 1903 3547 1975 ὑπερυψούμενον,

795 1990 879 2045 78.
910 1991 974 2047 Ει
999 1994 1266 2048 elevatuin
1306 1996 1449 2051 sicut
1478 1998 1673 2054 cedros
1695 1998 1887 2053 Libani
1918 2016 1932 2051 :

2462 2000 2550 2054 78.
2589 2000 2699 2051 Kal
2726 1997 3085 2067 ἐπαιρόμενον
3111 1996 3185 2059 ῶς
3207 1996 3304 2059 τὰς
3327 1996 3547 2066 κέδρους
3574 1992 3668 2048 τοῦ
3691 1993 3946 2048 Λιϐάνου*

794 2082 880 2137 79.
914 2082 977 2139 Ει
1012 2086 1259 2151 transivi,
1294 2096 1347 2142 et
1372 2104 1496 2143 ecce
1524 2106 1633 2143 non
1669 2098 1826 2143 erat:

2464 2093 2551 2146 79.
2584 2090 2694 2143 Kal
2728 2088 3024 2160 παρῆλθον,
3053 2090 3146 2141 καὶ
3176 2088 3281 2141 ἰδοὺ
3318 2088 3417 2140 οὐχ
3448 2083 3550 2158 ἦν·

791 2178 878 2232 80.
916 2179 979 2234 Ει
1023 2183 1247 2251 quaesivi
1283 2200 1429 2252 eum,
1452 2192 1506 2239 et
1549 2200 1658 2239 non
1707 2192 1791 2240 est
1829 2186 2083 2239 inventus
2129 2182 2287 2239 locus

2466 2181 2555 2235 80.
2588 2180 2697 2233 Kal
2726 2181 2963 2250 ἐζήτησα
2985 2178 3165 2242 αὐτὸν,
3181 2178 3274 2231 καὶ
3290 2179 3385 2249 ούχ
3408 2177 3605 2249 εὑρέθη
3628 2178 3657 2229 ό
3676 2176 3838 2241 τόπος
3861 2174 3949 2231 a6-

722 2270 842 2330 ejus
880 2281 893 2316 :
2394 2270 2487 2324 τοῦ
2509 2285 2521 2299 ·

791 2354 879 2409 81.
913 2355 1136 2411 Custodi
1161 2358 1546 2424 innocentiam,
1575 2369 1629 2413 et
1658 2360 2114 2429 videasquitatem
2148 2379 2159 2413 :

2052 2375 2114 2412 :m
2148 2379 2159 2413 :
2466 2363 2555 2417 81.
2589 2362 2834 2415 Φύλασσε
2870 2361 3125 2425 ἀκακίαν,
3161 2362 3253 2413 καὶ
3277 2360 3351 2412 ἴδε
3388 2359 3657 2430 εὐθύτητα
3681 2376 3696 2390 ·

788 2446 877 2499 82.
908 2448 1173 2512 Quoniam
1201 2460 1329 2503 sunt
1356 2451 1599 2519 reliquiae
1628 2452 1830 2505 homini
1864 2452 2107 2520 paciﬁco.

2463 2454 2550 2507 82.
2590 2454 2708 2507 ’Ὁτι
2750 2454 2899 2505 ἐστὶν
2923 2451 3333 2521 ἐγκατάλειμμα
3357 2450 3627 2522 ἀνθρώπῳ
3655 2450 3923 2523 εἰρηνικῷ.

788 2538 876 2592 85.
911 2537 1099 2609 lnjnsti
1133 2550 1315 2594 autem
1346 2540 1692 2611 disperibunt
1722 2543 1884 2596 simul
1919 2564 1930 2597 :

2465 2546 2551 2601 85.
2583 2547 2645 2599 Οἱ
2664 2545 3045 2616 δὲ’παράνομοι
3059 2542 3601 2615 ἐξολοθρευθήσονται
3620 2544 3711 2596 ἐπὶ
3727 2544 3787 2596 τὸ
3807 2542 3944 2597 αὐτὸ·

788 2630 876 2684 84.
911 2629 1170 2702 Reliquiae
1201 2632 1487 2703 impiorum
1521 2634 1841 2690 interibunt.

2464 2638 2551 2691 84.
2584 2638 2664 2691 Τὰ
2699 2636 3180 2707 ἐγκαταλείμματα
3204 2635 3310 2689 τῶν
3335 2636 3545 2689 ἀσεϐῶν
3574 2634 3947 2707 ἐξολοθρευθή-

2398 2746 2595 2784 σονται.

788 2808 877 2863 85.
913 2806 1071 2865 Salus
1109 2821 1291 2865 autem
1316 2810 1587 2879 jnstorum
1622 2828 1650 2865 a
1693 2815 1921 2869 Domino
1954 2833 1969 2869 :

2454 2822 2545 2877 85.
2581 2822 2831 2893 Σωτηρία
2858 2821 2913 2875 δὲ
2936 2821 3044 2874 τῶν
3068 2819 3289 2874 δικαίων
3316 2819 3467 2891 παρὰ
3492 2819 3700 2892 Κυρίου
3718 2836 3732 2850 ·

786 2923 860 2993 (a)
891 2920 1022 2979 Vers
1052 2924 1135 2977 71.
1170 2923 1273 2978 Καὶ
1311 2926 1479 2997 ζητεῖ.
1514 2928 1544 2995 ᾖ
1582 2926 1667 2983 72.
1700 2927 1776 2991 δέ,
1808 2935 1913 2982 etc.
1952 2928 1982 2991 ᾗ
2011 2927 2095 2982 75.
2119 2930 2254 2983 Ούδὲ
2294 2932 2368 3003 μὴ
2397 2950 2429 2985 κ

1891 2949 1913 2982 ῖ.
1952 2928 1982 2991 ᾗ
2011 2927 2095 2982 75.
2119 2930 2254 2983 om
2294 2932 2368 3003 μὴ
2397 2950 2499 2985 κατ
2524 2975 2538 2989 .
2573 2973 2586 2986 .
2624 2973 2637 2985 .
2671 2932 2841 3003 αὐτῷ.
2877 2934 2907 3001 ᾖ
2938 2933 3024 2988 74.
3066 2932 3407 3003 ’Υπόμεινον,
3430 2938 3535 2987 etc.

1883 3071 2246 3127 ATHANASII
2285 3068 2853 3127 INTERPRETATIO.

792 3196 880 3251 67.
914 3197 1231 3267 Veritatem,
1266 3200 1459 3271 inquit.
2322 3220 2366 3280 C

1444 3242 1459 3257 ο
2322 3220 2366 3280 c
2469 3208 2554 3262 67.
2604 3206 2887 3278 Ἀλήθειαν
2923 3206 3086 3276 λέγει.

790 3289 877 3343 68.
915 3289 1073 3346 Fides
1107 3290 1201 3346 Dei
1226 3294 1310 3348 sui
1337 3294 1389 3347 in
1419 3295 1582 3349 corde
1606 3297 1747 3366 ejus.

2462 3300 2550 3354 68.
2586 3300 2650 3351 Ἦ
2682 3300 2862 3360 πίστις
2884 3297 2981 3350 τοῦ
3008 3296 3141 3349 Θεοῦ
3170 3295 3332 3348 αὐτοῦ
3356 3296 3413 3347 ἐν
3440 3296 3505 3365 τῇ
3537 3293 3743 3366 καρδία
3770 3291 3940 3348 αὐτοῦ.

784 3382 873 3436 69.
906 3381 973 3435 Ει
1003 3400 1285 3453 nunquam
1315 3386 1558 3441 discedet
1588 3389 1655 3442 ab
1682 3404 1765 3443 eo.

2458 3389 2545 3443 69.
2583 3390 2690 3443 Kal
2726 3392 2799 3459 (Ι)
2830 3386 3199 3459 ἀποστήσεταί
3228 3402 3356 3439 ποτε
3389 3386 3481 3437 ἀπ’
3512 3384 3698 3437 αὑτοῦ.

789 3472 877 3526 70.
913 3472 1060 3529 Bello
1084 3476 1310 3544 peccati.

2458 3483 2546 3535 7t).
2584 3483 2659 3552 (2)
2692 3484 2789 3535 Διὰ
2824 3482 2915 3535 τοῦ
2943 3482 3181 3552 πολέμου
3210 3480 3310 3550 τῆς
3335 3478 3638 3550 ἁμαρτίας.

791 3564 878 3618 71.
909 3564 1027 3619 Non
1064 3566 1180 3635 ipse
1209 3567 1350 3622 sinet
1394 3570 1634 3640 superari
1676 3571 1937 3641 improbis
1975 3574 2095 3645 ejus
2130 3576 2288 3648 cupi-

2463 3574 2548 3628 71.
2579 3576 2689 3626 υύκ
2717 3575 2781 3627 ἂν
2812 3574 2973 3637 αὐτὸς
3022 3573 3351 3643 συγχωρήσῃ
3387 3570 3685 3642 ἡττηθῆναι
3714 3570 3831 3632 ταῖς
3859 3581 3946 3619 ιω·

722 3656 1007 3713 ditatibus.

2392 3680 2453 3732 νη
2466 3667 2582 3734 ραῖς
2606 3665 2999 3735 ἐπιθυμήσεσιν
3020 3663 3205 3716 αύτοῦ.

785 3747 874 3805 72.
904 3748 1040 3804 Cum
1078 3752 1361 3825 impugnat
1386 3770 1511 3809 eum

2462 3755 2551 3809 72.
2583 3756 2749 3808 Ὅταν
2782 3755 2990 3825 πολεμῇ
3024 3754 3204 3807 αὐτόν.

794 3841 881 3896 75.
915 3841 1054 3895 Loco
1080 3844 1287 3897 dicendi
1313 3860 1329 3896 :
1363 3858 1487 3898 Cum
1514 3844 1629 3915 ipse
1649 3845 2003 3915 iudicabitur.

1960 3864 2003 3903 r.
2460 3846 2547 3899 75.
2590 3847 2737 3899 Ἀντί
2770 3844 2895 3909 τοῦ,
2932 3846 2991 3897 ἐν
3012 3845 3088 3914 τῷ
3118 3843 3395 3915 κρίνεσθαι
3423 3844 3602 3897 αὐτόν.

792 3932 877 3986 71.
912 3932 1229 3990 Praestolare
1284 3934 1597 4002 Dominum,
1646 3949 1699 3992 et
1745 3940 1959 3995 custodi
2011 3938 2174 3995 ﬁdem
2232 3948 2287 3996 et

2459 3938 2545 3991 74,
2587 3938 2910 4007 Ἀπεκδέχον
2948 3937 3038 3990 τὸν
3067 3936 3263 4008 Κύριον
3292 3977 3305 4000 ,
3337 3938 3431 3989 καὶ
3476 3937 3716 4006 φύλασσε
3746 3936 3842 4007 τὴν
3868 3932 3950 3987 πί-

718 4024 971 4079 mandata
998 4026 1136 4095 ejus.

2390 4047 2504 4083 στιν
2541 4031 2632 4083 καὶ
2663 4030 2762 4093 τὰς
2808 4029 3026 4093 ἐντολὰς
3051 4030 3231 4081 αὑτοῦ.

790 4116 876 4171 75.
914 4116 980 4171 Ει
1008 4119 1331 4189 gloriﬁcabit
1360 4130 1413 4176 te
1440 4123 1494 4176 in
1522 4138 1689 4194 regno
1716 4140 1839 4180 suo.

2462 4121 2547 4175 75.
2580 4121 2681 4174 Kal
2699 4120 2907 4185 δοξάσει
2935 4138 2992 4173 σε
3016 4122 3072 4172 ἐν
3101 4124 3167 4192 τῇ
3206 4120 3449 4190 βασιλείᾳ
3484 4119 3670 4174 αὐτοῦ.

791 4207 877 4263 76.
909 4209 1044 4263 Cum
1074 4212 1362 4267 traduntur
1391 4213 1501 4283 igni
1524 4224 1745 4268 aeterno.

2460 4210 2544 4265 76.
2579 4212 2743 4265 Ὅταν
2770 4211 3163 4282 παραδίδωνται
3196 4210 3271 4281 τῷ
3296 4211 3494 4280 αἰωνίῳ
3525 4209 3676 4281 πυρί.

790 4298 878 4365 77,
913 4300 997 4353 78.
1035 4300 1341 4357 Diabolum.

2458 4303 2547 4367 77,
2583 4302 2673 4357 78.
2708 4304 2811 4356 Τὸν
2837 4303 3098 4357 διάϐολον.

792 4390 877 4447 79.
911 4390 977 4446 Et
1009 4395 1231 4448 transivi
1268 4397 1369 4451 sub
1399 4396 1509 4453 Deo
1545 4398 1597 4452 in
1636 4408 2055 4465 resurrectione,
2090 4408 2142 4453 et
2177 4414 2284 4452 non

2458 4396 2547 4449 79.
2579 4394 2682 4448 Kal
2711 4394 2988 4466 παρῆλθον
3028 4394 3104 4465 (5)
3141 4394 3245 4447 ὑπὸ
3288 4394 3380 4447 τοῦ
3424 4394 3558 4446 Θεοῦ
3604 4396 3662 4445 ἐν
3734 4397 3797 4463 τῇ
3828 4394 3948 4445 ἀνα-

718 4484 952 4553 amplius
996 4484 1248 4540 inventus
1299 4498 1380 4542 cst
1421 4489 1668 4544 diabolus
1700 4510 1711 4544 :
1745 4490 1977 4545 traditur
2008 4490 2151 4543 enim
2177 4490 2285 4545 iani

2392 4488 2597 4550 στάσει,
2631 4488 2726 4539 καὶ
2762 4488 2861 4539 οὐκ
2888 4486 2961 4538 ἔτι
2988 4486 3214 4558 εὓρηται
3242 4488 3269 4539 ὁ
3297 4486 3540 4550 διάϐολος
3563 4504 3575 4516 ·
3606 4487 3946 4557 παραδίδοται

716 4584 938 4629 a-terno.
1426 4644 1435 4651 _
2319 4572 2360 4633 Β

2319 4572 2369 4633 D
2399 4578 2504 4648 γὰρ
2529 4577 2603 4647 τῷ
2635 4577 2835 4647 αἰωνίῳ
2866 4577 3017 4647 πυρί.
3354 4582 3362 4591 ’

783 4667 872 4721 80.
906 4667 1186 4721 Alienatus
1208 4668 1352 4721 enim
1389 4675 1471 4721 est
1500 4667 1676 4721 eloco
1703 4668 2007 4737 justorum.

2460 4670 2546 4723 80.
2593 4668 2947 4737 Ἦλλοτρίωτο
2970 4668 3077 4739 γὰρ
3103 4666 3193 4719 τοῦ
3216 4667 3380 4719 τόπου
3410 4667 3484 4736 (4)
3512 4666 3621 4718 τῶν
3648 4666 3882 4719 δικαίων.

790 4759 877 4814 81.
910 4758 1058 4815 Tene
1090 4761 1382 4815 Dominum
1418 4762 1472 4814 in
1503 4760 1698 4831 teipso,
1743 4769 1797 4815 et
1830 4759 1915 4815 lac
1956 4774 2117 4815 omne
2153 4774 2289 4830 opus

2456 4764 2542 4815 81.
2580 4761 2779 4832 Κράτει
2808 4762 2897 4815 τὸν
2928 4759 3123 4831 Κύριον
3146 4761 3202 4814 ἐν
3232 4758 3427 4829 ἐαυτῷ,
3456 4760 3550 4811 καὶ
3576 4760 3721 4814 ποίει
3747 4761 3851 4812 πᾶν
3870 4759 3942 4828 ἕρ-

719 4855 943 4908 bonum.

2390 4873 2485 4925 γον
2514 4853 2733 4921 ἀγαθόν.

791 4945 879 5000 82.
908 4944 1175 5012 Quoniam
1206 4946 1491 4999 retributio
1518 4955 1601 5000 est
1624 4946 1973 5015 diligentibus
2002 4961 2147 4999 eum.

2462 4947 2549 4999 82.
2583 4947 2702 4998 Ὀτι
2727 4945 2843 4997 ἐστὶ
2874 4944 3265 5015 μισθαποδοσία
3298 4944 3410 5005 τοῖς
3434 4943 3723 5010 ἀγαπῶσιν
3746 4940 3896 4995 αὐτόν

792 5034 879 5089 85.
912 5035 1087 5089 Simul
1119 5037 1174 5089 in
1207 5036 1673 5091 consummatione
1696 5051 1885 5091 omnes
1921 5037 2177 5105 peribunt
2204 5034 2288 5087 in—

2465 5038 2551 5092 85.
2592 5036 2755 5106 Ὁμοῦ
2787 5038 2901 5107 ἅμα
2934 5038 2993 5089 ἐν
3030 5039 3096 5107 τῇ
3145 5034 3421 5104 συντελείᾳ
3462 5036 3660 5097 πάντες
3699 5031 3936 5087 ἀττολοῦν⁹

714 5126 875 5197 justi,
899 5143 1074 5198 neque
1100 5144 1239 5181 unus
1272 5128 1628 5196 relinquetur.

2392 5146 2480 5183 ται
2503 5131 2551 5182 οἱ
2576 5130 2899 5199 παράνομοι,
2930 5129 3025 5182 καὶ
3055 5128 3175 5181 οῦδὲ
3201 5122 3279 5190 εἷς
3310 5126 3808 5197 περιλειφθήσεται.

794 5216 883 5271 86.
915 5220 1090 5289 Opera
1114 5234 1306 5274 eorum
1333 5235 1455 5273 cum
1483 5220 1613 5289 ipsis
1635 5218 1908 5288 peribunt.

2460 5222 2546 5275 81.
2584 5222 2663 5275 Τὰ
2692 5222 2827 5291 ἔργα
2850 5220 3027 5275 αὐτῶν
3059 5222 3155 5274 σὺν
3184 5221 3365 5283 αὐτοῖς
3396 5218 3744 5273 ἀπολοῦνται.

790 5309 880 5364 85.
916 5309 982 5363 Et
1011 5311 1065 5364 in
1086 5310 1337 5381 praesenti
1364 5320 1418 5364 et
1450 5312 1502 5364 in
1530 5309 1714 5364 futuro
1737 5310 1955 5366 saeculo.

1694 5325 1714 5364 'J
1737 5310 1955 5366 saeculo.
2459 5314 2547 5369 85.
2575 5314 2678 5368 Kal
2701 5317 2759 5367 ἐν
2785 5314 2863 5384 τῷ
2896 5313 3139 5384 μέλλοντι
3164 5311 3338 5365 αἰῶνι.

1666 5470 1968 5531 Addenda
1999 5477 2060 5531 et
2090 5470 2460 5551 corrigenda
2516 5489 2594 5532 ex
2632 5471 2771 5531 rod.
2807 5470 3003 5531 Vatic.

792 5590 867 5659 (1)
900 5591 1004 5646 Kal
1026 5592 1144 5656 οὐκ,
1168 5602 1273 5647 etc.
2390 5610 2445 5647 n.
2479 5593 2565 5645 71.
2615 5592 2922 5660 Ἀποδέχου.

797 5662 875 5731 (2)
908 5662 971 5717 N.
1010 5664 1099 5718 70.
1152 5667 1180 5716 ὁ
1227 5661 1490 5724 διάϐολος.
1530 5677 1585 5715 n.
1641 5661 1727 5714 7|.
1778 5662 1894 5725 Διά,
1937 5669 2040 5714 etc.
2089 5676 2142 5712 ιι.
2192 5660 2277 5714 72.

1778 5662 1894 5725 Διά,
1937 5669 2040 5714 etc.
2089 5676 2142 5712 n.
2192 5660 2277 5714 7'2.
2460 5665 2532 5729 (5)
2572 5662 2827 5731 Παρήχθη
2857 5701 2871 5714 .
2905 5703 2919 5716 .
2957 5701 2971 5714 .
3008 5660 3203 5730 εὑρέθη
3228 5662 3276 5721 ό,
3310 5667 3411 5713 etc.

723 5732 836 5785 Οὐκ
883 5733 948 5786 ἂν
976 5736 1134 5787 αὑτὸν
1163 5749 1267 5799 συγ
1295 5773 1307 5784 .
1342 5775 1354 5787 .
1388 5773 1399 5784 .
1424 5732 1761 5802 ἐπιθυμίαις,
1791 5743 1893 5786 etc.
1927 5749 1978 5784 ιι.
2006 5731 2087 5783 75.
2116 5731 2282 5782 Ὅταν
2462 5734 2533 5799 (4)
2566 5734 2683 5785 Τῶν
2712 5734 2887 5784 τόπων
2912 5732 3095 5795 αὑτοῦ,
3128 5740 3230 5785 etc.

724 5802 1035 5873 πολεμεῖται
1090 5806 1269 5864 αὐτόν,
1330 5804 1629 5858 versiculus
1678 5803 1818 5855 Ἀντί
1865 5803 2014 5857 dccst
2067 5803 2117 5854 in
2152 5803 2269 5854 cod.
