4164 6510
268 440 379 494 795
1112 445 1200 499 DE
1239 447 1509 505 TITULIS
1544 451 1987 512 PSALMORUM.
2043 489 2114 498 ——
2150 459 2346 517 PSAL.
2390 464 2652 520 XXXVII.
3383 476 3485 533 79‘

345 557 436 613 86.
466 560 573 613 Kal
602 564 1007 635 υπερασπιστὴς
1039 565 1214 618 αὐτῶν
1240 567 1385 619 ἐστιν
1418 569 1474 620 ἐν
1514 572 1689 643 καιρῷ
1715 572 1826 626 θλί-
1856 587 1898 634 Α

262 647 439 716 ψεως.

1856 587 1898 634 Α
1996 575 2085 631 86.
2113 577 2179 660 Et
2197 590 2469 650 protector
2490 599 2675 639 eorum
2702 592 2785 640 est
2820 586 2873 640 in
2906 594 3146 659 tempore
3181 589 3485 647 tribulatio-

1932 684 2033 723 nis.

341 741 431 796 87.
461 745 567 797 Kal
592 744 845 819 βοηθήσει
882 748 1063 811 αὐτοῖς
1091 748 1313 819 Κύριος,
1354 750 1448 803 καὶ
1475 753 1697 822 ῥύσεται
1730 756 1827 809 αὐ-

1999 759 2087 813 87.
2127 757 2191 814 Ει
2232 760 2510 831 adjuvabit
2539 775 2635 818 eos
2665 761 2950 833 Dominus,
2993 778 3046 824 et
3085 769 3334 828 liberabit
3363 789 3479 840 eos,

260 852 429 900 τους,

335 930 426 984 88.
459 930 566 984 Kal
598 930 857 998 ὲξελεῑται
886 935 1081 998 αὐτοὺς
1108 935 1167 999 ὲξ
1194 935 1531 1007 ἁμαρτωλῶν
1553 954 1569 970 ’

1326 935 1531 990 πωλῶν
1553 954 1569 970 ·
1996 933 2082 989 88.
2120 934 2184 990 Et
2207 946 2360 991 eruet
2389 953 2482 995 eos
2508 955 2537 995 a
2560 943 2934 1009 peccatoribus
2958 963 2970 998 :

336 1021 426 1075 89.
458 1022 561 1074 Kal
585 1021 744 1077 σώσει
778 1025 996 1090 αὐτοὺς,
1030 1027 1110 1078 ὅτι
1140 1027 1372 1097 ήλπισαν
1406 1029 1491 1081 ἐπ’
1519 1030 1703 1086 αὐτόν.

1661 1050 1703 1086 ιι,
1996 1025 2085 1080 89.
2123 1026 2188 1080 Et
2221 1029 2447 1085 salvabit
2480 1046 2593 1099 eos,
2619 1034 2745 1104 quia
2773 1046 3121 1105 speraverunt
3143 1038 3197 1091 in
3223 1052 3305 1093 eo.

378 1133 621 1203 Ψαλμύς
646 1135 941 1210 rigidam/8'
976 1139 1063 1204 εὶς
1086 1138 1427 1208 ἀνάμνησιν
1452 1141 1584 1210 περὶ
1614 1144 1722 1199 τοῦ
1926 1136 2022 1192 Ρεο

1926 1136 2171 1193 Psalmus
2218 1140 2389 1195 David
2424 1158 2442 1196 :
2473 1144 2526 1196 in
2570 1150 3062 1203 commemoratione
3117 1151 3181 1204 de
3231 1149 3482 1207 Sabbato.

694 1206 1014 1261 Σαϐϐάτου.
1047 1206 1215 1263 ΨΑΛ.
1247 1213 1378 1263 ΛΖ’.
1528 1206 1536 1210 ⁷

1331 1213 1378 1263 .".
1528 1206 1536 1210 ⁷
2435 1212 2831 1270 PSAL.'XXX
2852 1217 2975 1273 γη.

337 1317 387 1369 1.
418 1316 608 1388 Κύριε,
637 1318 709 1388 μὴ
730 1319 807 1388 τῷ
833 1320 989 1392 θυμῷ
1022 1338 1115 1375 σου
1143 1323 1366 1397 ἐλέγξῃς
1397 1343 1463 1396 με
1485 1342 1499 1355 ·

1995 1320 2048 1372 1.
2080 1319 2323 1389 Domine,
2356 1340 2425 1380 ne
2462 1326 2516 1381 in
2551 1328 2730 1384 furore
2753 1340 2847 1386 tuo
2875 1347 3072 1401 arguas
3106 1349 3191 1387 me
3224 1352 3236 1388 :

333 1404 388 1458 2.
425 1406 574 1476 Μηδὲ
605 1410 669 1477 τῇ
705 1409 839 1480 ὀργῇ
866 1426 959 1463 σου
985 1410 1280 1484 παιδεύσῃς
1310 1430 1397 1483 με.

1345 1430 1397 1466 ,ε,
1991 1411 2047 1465 2.
2076 1411 2261 1478 Neque
2289 1418 2342 1470 in
2369 1417 2450 1472 ira
2476 1427 2567 1474 tua
2591 1422 2856 1492 corripias
2888 1440 2989 1479 me.

334 1498 388 1550 5.
424 1499 541 1550 Ὅτι
568 1499 632 1551 τὰ
660 1498 786 1569 βέλη
828 1517 921 1552 σου
954 1503 1300 1574 ὲνεπάγησάν
1333 1522 1424 1575 μοι
1454 1523 1469 1537 ο

1992 1503 2043 1557 3.
2075 1504 2340 1571 Quoniam
2369 1511 2578 1581 sagittae
2614 1522 2719 1568 tuae
2748 1515 2927 1569 inﬁxa:
2950 1527 3081 1571 sunt
3102 1518 3235 1571 mihi
3263 1537 3275 1572 :

333 1590 387 1643 4.
422 1592 528 1644 Kal
562 1591 920 1662 ὲπεστήριξας
945 1594 1031 1646 ἐπ’
1063 1594 1162 1664 ἐμὲ
1186 1595 1286 1666 τὴν
1309 1597 1465 1667 χεῖρά
1490 1613 1605 1650 σου.

1991 1594 2044 1649 ι.
2071 1595 2136 1650 Ει
2170 1599 2503 1656 conﬁrmasti
2532 1617 2695 1673 super
2725 1620 2811 1659 me
2833 1621 3055 1660 manum
3085 1616 3254 1662 tuam.

336 1679 384 1733 5.
419 1681 530 1733 Οὐκ
550 1680 694 1733 ἔστιν
722 1680 865 1744 ἴασις
894 1684 952 1735 ὲν
979 1685 1045 1754 τῇ
1071 1684 1231 1755 σαρκί
1263 1702 1365 1754 μου
1392 1686 1500 1738 ἀπὸ
1531 1688 1821 1759 προσώπου

1993 1687 2045 1740 5.
2083 1686 2199 1745 Non
2256 1701 2339 1747 est
2388 1694 2593 1750 sanitas
2644 1696 2699 1750 in
2748 1711 2910 1751 carne
2956 1714 3074 1753 mea
3128 1715 3156 1753 a
3204 1699 3339 1752 facie
3389 1698 3482 1755 iraa

256 1769 363 1839 τῆς
394 1770 561 1839 ὀργῆς
592 1787 686 1823 σου
711 1789 724 1801 ”
1496 1846 1506 1855 ·
1924 1786 2029 1832 tuae

333 1861 385 1915 6.
422 1864 533 1914 Οὐκ
555 1863 700 1916 ἐστιν
727 1866 915 1936 εἰρήνη
950 1867 1008 1918 ἐν
1032 1870 1143 1929 τοῖς
1175 1867 1380 1932 ὀστέοις
1417 1886 1516 1939 μου
1543 1870 1650 1923 ἀπὸ
1692 1888 1823 1943 προ-

1994 1872 2045 1923 6.
2083 1869 2198 1925 Νοη
2226 1881 2310 1927 est
2342 1888 2445 1942 pax
2478 1875 2698 1930 ossibus
2724 1878 2858 1932 meis
2886 1893 2915 1932 a
2951 1878 3089 1934 facie
3136 1891 3480 1950 peccatorum

258 1952 445 2005 σώπου
475 1954 581 2006 τῶν
608 1956 890 2026 ἁμαρτιῶν
915 1974 1036 2026 μου.

542 1972 581 2006 ιν
608 1956 890 2026 ἁμαρτιῶν
915 1974 1036 2026 μου.
1922 1978 2186 2018 meorum.

331 2043 385 2099 7.
419 2045 538 2098 Ὅτι
566 2047 622 2099 αἱ
644 2046 859 2117 ἀνομίαι
880 2065 982 2118 μου
999 2047 1282 2119 ύπερῆραν
1305 2050 1403 2119 τὴν
1430 2052 1668 2121 κεφαλήν
1688 2068 1812 2123 μου*
1850 2028 1894 2085 Β

1850 2028 1894 2085 Β
1996 2054 2047 2109 7.
2090 2054 2359 2121 Quoniam
2405 2053 2718 2124 iniquitates
2764 2072 2900 2112 mete
2950 2073 3315 2131 supergressa:
3354 2072 3483 2118 sunt

1922 2152 2087 2213 caput
2111 2160 2290 2199 meum
2317 2163 2330 2198 :

330 2223 385 2277 8.
430 2224 573 2275 Ὠσεὶ
605 2224 820 2295 φορτίον
849 2224 985 2297 βαρὺ
1015 2224 1387 2295 ἐϐαρύνθησαν
1411 2226 1496 2277 ἐπ’
1522 2226 1642 2297 ὲμέ.

1990 2234 2042 2288 8.
2080 2234 2229 2289 Sicut
2263 2252 2401 2289 onus
2426 2252 2586 2306 grave
2611 2247 2844 2304 gravata:
2874 2248 3001 2293 sunt
3034 2255 3197 2309 super
3221 2257 3324 2297 me.

331 2315 381 2369 9.
416 2315 771 2386 Προσώζεσαν
798 2318 891 2371 καὶ
924 2318 1205 2387 ὲσάπησαν
1233 2318 1280 2368 οἱ
1320 2317 1582 2386 μώλωπες
1613 2337 1734 2389 μου,

1990 2323 2039 2378 9.
2068 2322 2401 2378 Putruerunt
2440 2334 2490 2379 et
2534 2335 2803 2394 corruptae
2842 2336 2970 2382 sunt
3000 2329 3281 2384 cicatrices
3325 2344 3477 2398 mete,

332 2404 419 2459 10.
456 2406 584 2459 Ἀπὸ
613 2405 901 2478 προσώπου
931 2406 1026 2477 τῆς
1055 2406 1363 2476 ἀφροσύνης
1386 2425 1507 2477 μου.

1204 2406 1363 2476 σύνης
1386 2425 1507 2477 μου.
1986 2415 2072 2470 10.
2108 2415 2151 2469 Α
2182 2416 2319 2473 facie
2346 2417 2670 2489 insipientia:
2698 2433 2848 2474 mea.

1370 2586 1746 2645 ATHANASII
1785 2588 2371 2649 INTERPRETATIO.

327 2743 417 2800 86.
451 2746 709 2815 Πρόνοιαν
733 2744 909 2799 αὐτῶν
942 2744 1027 2798 ἀεὶ
1063 2744 1399 2816 ποιούμενος.

1386 2788 1399 2801 .
1994 2750 2080 2803 86.
2110 2749 2309 2804 Curam
2341 2750 2556 2805 illorum
2582 2766 2795 2821 semper
2822 2768 3030 2822 gerens.

328 2837 417 2891 87.
449 2838 525 2909 Τῇ
552 2839 690 2911 χειρὶ
718 2836 881 2891 αὐτοῦ
913 2838 1148 2903 σκέπων,
1178 2839 1273 2891 καὶ
1316 2839 1572 2911 δυναμῶν
1617 2841 1816 2905 αὐτοὺς

1990 2841 2073 2895 87.
2111 2840 2270 2895 Manu
2320 2857 2415 2896 sua
2468 2854 2794 2913 protegens,
2838 2853 2892 2899 et
2939 2841 3250 2899 confortans
3292 2857 3386 2899 eos
3423 2845 3478 2900 in

252 2927 314 2980 ὲν
340 2928 583 2999 ὑπομονῇ
621 2928 809 2999 πολλῇ.

759 2931 809 2999 ᾖ.
1920 2933 2089 2987 multa
2126 2933 2403 3001 patientia.

328 3015 417 3071 88.
447 3016 550 3070 Kal
579 3018 907 3088 λυτρώσεται
933 3018 1129 3082 αὐτοὺς
1170 3021 1232 3072 ἐκ
1258 3022 1364 3073 τῶν
1405 3022 1691 3093 δαιμόνων,
1726 3024 1816 3076 καὶ

1992 3024 2080 3078 88.
2112 3024 2175 3079 Ει
2226 3024 2475 3080 liberabit
2524 3038 2620 3079 eos
2662 3040 2727 3079 ex
2780 3024 3134 3092 daemonibus,
3183 3041 3480 3098 eorumque

248 3106 361 3158 τῶν
387 3106 672 3176 ὑπουργῶν
698 3106 898 3161 αὐτῶν.

631 3109 672 3159 iv
698 3106 898 3161 αὐτῶν.
1922 3117 2275 3173 administris.

324 3196 411 3251 89.
442 3198 535 3261 Εἰς
566 3197 661 3268 τὴν
687 3197 902 3252 αἰώνιον
934 3198 1206 3270 βασιλείαν
1234 3199 1423 3265 αὑτοῦ,
1456 3202 1537 3266 εἰς
1566 3204 1630 3275 ἣν
1654 3202 1813 3272 ἠλπί-

1730 3202 1813 3255 πί-
1989 3206 2076 3261 89.
2113 3205 2167 3260 ln
2195 3216 2396 3261 :eterno
2428 3207 2547 3276 cjus
2569 3221 2754 3276 regno,
2787 3207 2840 3260 in
2869 3222 2978 3277 quo
3003 3222 3374 3278 speraverunt.

249 3307 427 3360 σαμεν
458 3290 551 3361 (1).

334 3410 399 3462 Ἦ
432 3410 759 3482 προκειμένη
787 3411 1063 3483 ἐπιγραφὴ
1090 3412 1438 3484 περιέχειβ).
1483 3409 1721 3481 Ψαλμὸς
1751 3411 1831 3477 τῷ
1866 3411 2059 3475 Δαϐὶδ,
2108 3414 2194 3477 εἰς
2228 3410 2573 3481 ἀνάμνησιν
2608 3410 2712 3464 τοῦ
2749 3409 3050 3464 Σαϐϐἁτου
3076 3426 3088 3439 ·
3126 3410 3419 3472 τουτέστιν,
3452 3410 3481 3461 ὁ

246 3501 462 3572 ψαλμὸς
485 3495 637 3564 οὗτος
662 3502 874 3572 εἴρηται
912 3502 983 3571 τῷ
1009 3503 1199 3574 δικαίῳ
1225 3503 1302 3573 τῷ
1332 3503 1472 3556 κατά
1504 3504 1593 3555 τὸν
1616 3503 1796 3567 Δαϐὶδ,
1826 3505 1990 3574 ἡνίκα
2010 3503 2328 3574 ὑπεμνήσθη
2354 3504 2451 3572 τῆς
2484 3503 2695 3576 ἡμέρας
2724 3501 2822 3573 τῆς
2850 3503 3100 3574 κρίσεως,
3128 3502 3267 3571 λέγω
3294 3500 3359 3571 δὴ
3382 3497 3477 3553 τοῦ

248 3597 752 3667 ἐπτακισχιλιοστοῦ
789 3597 939 3661 ἔτους
960 3613 972 3626 ο
1010 3598 1285 3652 Σάϐϐατόν
1314 3598 1422 3669 γὰρ
1450 3597 1810 3668 ἑρμηνεύεται
1843 3598 2204 3664 ἀνάπαυσις.

322 3686 536 3743 Titulus
576 3689 898 3757 praepositus
940 3689 1181 3743 continet
1214 3706 1226 3741 :
1276 3686 1515 3743 Psalmus
1555 3688 1723 3741 David
1764 3690 1819 3741 in
1866 3689 2357 3743 commemoratione
2393 3688 2456 3743 de
2498 3687 2729 3743 Sabban
2754 3704 2772 3741 :
2801 3689 2905 3743 hoc
2942 3697 3042 3752 est,
3093 3686 3337 3757 psalmus
3379 3685 3479 3740 iste

246 3775 431 3832 dictus
463 3786 545 3832 est
569 3778 637 3832 ab
661 3778 881 3833 homine
905 3780 1075 3850 justo,
1107 3779 1282 3851 qualis
1312 3790 1430 3835 erat
1458 3778 1625 3835 David
1656 3795 1776 3836 cum
1818 3779 2135 3838 recordatus
2164 3789 2247 3837 est
2273 3781 2379 3837 diei
2409 3780 2622 3852 judicii,
2671 3788 2872 3850 septem
2904 3777 3195 3843 millesimi,
3232 3779 3476 3846 inquam.

247 3869 380 3924 anni
411 3887 423 3922 :
459 3867 755 3924 Sabbatum
778 3872 923 3925 enim
958 3874 1157 3942 requies
1220 3873 1630 3943 interpretatur.

327 3991 380 4043 1.
418 3989 609 4061 Κύριε,
639 3989 711 4059 μὴ
753 3988 1009 4061 θυμωθῇς
1045 3991 1143 4060 (5),
1187 3990 1279 4043 καὶ
1320 3992 1677 4064 ἀποστραφῇς
1723 4011 1812 4065 με,
1841 3998 1883 4056 c

1841 3998 1883 4056 c
1988 3993 2038 4046 1.
2074 3990 2321 4057 Domine,
2353 4006 2421 4045 ne
2449 3990 2582 4044 mihi
2619 4006 2967 4057 succenseas,
3005 4005 3177 4060 neque
3210 3989 3476 4044 averseris

251 4082 351 4135 καὶ
381 4079 578 4143 πάντες
604 4079 822 4148 γνῶσιν,
854 4082 936 4134 ὃτι
966 4082 1262 4153 ἀδοήθητός
1291 4086 1439 4155 εἰμι’.

1910 4099 2017 4147 me,
2042 4094 2096 4138 et
2123 4098 2315 4139 omnes
2347 4091 2667 4152 agnoscant,
2692 4085 2836 4151 quod
2861 4100 2980 4138 sum
3006 4084 3123 4138 sine
3144 4082 3366 4136 auxilio.

324 4174 377 4227 2.
414 4174 563 4244 Μηδὲ
589 4173 748 4227 πάλιν
767 4174 1025 4247 ὀργισθῇς
1057 4194 1147 4246 μοι
1176 4177 1274 4249 (4),
1298 4179 1392 4231 καὶ
1420 4177 1587 4250 ὲάσῃς
1621 4198 1687 4251 με
1710 4180 1812 4234 ὑπὸ

1977 4175 2029 4228 2.
2064 4172 2249 4244 Neque
2308 4190 2502 4230 rursus
2556 4175 2810 4231 irascaris
2868 4176 3042 4242 milii,
3094 4184 3148 4229 et
3192 4174 3342 4229 sinas
3389 4186 3474 4226 me

248 4267 362 4321 τῶν
387 4266 651 4337 δαιμόνων
683 4284 822 4337 μαστ
836 4266 909 4333 ίζε
918 4267 1060 4324 σθαι.

972 4274 1060 4324 μαι.
1910 4264 2174 4337 ﬂagellari
2203 4282 2233 4320 a
2257 4266 2616 4321 dtemonibus.

320 4360 374 4413 5.
402 4359 466 4410 Αἱ
492 4358 695 4428 πληγαί
722 4377 840 4425 σου,
867 4360 1035 4429 λέγει.

969 4379 1035 4419 ει.
1981 4360 2034 4415 5.
2064 4359 2241 4430 Plagae
2270 4369 2396 4420 tuae,
2421 4358 2613 4425 inquit.

316 4458 371 4505 4.
407 4449 511 4503 Και
536 4452 906 4515 ὲταπείνωσάς
943 4470 1033 4523 με.

943 4470 1033 4523 με.
1977 4452 2028 4506 4.
2060 4452 2124 4507 Et
2154 4449 2447 4504 humiliasti
2484 4463 2587 4503 me.

316 4543 371 4597 5.
407 4543 482 4614 (5)
515 4543 625 4595 Ούκ
649 4542 793 4597 ἐστιν
813 4545 870 4597 ἐν
891 4547 1003 4607 τοῖς
1026 4546 1384 4617 ἁμαρτήμασί
1416 4564 1516 4617 μου
1544 4549 1705 4615 τασις,
1728 4552 1808 4605 ὅτι

1980 4546 2031 4597 5.
2063 4542 2179 4595 Non
2206 4550 2290 4596 est
2314 4540 2367 4594 in
2395 4540 2633 4610 peccatis
2672 4539 2806 4595 meis
2829 4538 3055 4604 sanitas,
3081 4536 3337 4607 quoniam
3361 4537 3470 4591 ira-

242 4632 459 4708 ὀργίζει
488 4634 860 4706 με.[ὼργιζου
894 4635 1043 4708 μοι].

622 4634 860 4705 ὼργίζου
894 4635 1043 4708 μοι].
1910 4643 1996 4689 tus
2024 4648 2083 4687 es
2107 4633 2259 4687 mihi.

314 4727 368 4781 6.
402 4726 516 4779 Ούκ
539 4726 682 4779 ἔστιν
709 4729 897 4798 εἰρήνη
923 4730 980 4780 ὲν
1000 4732 1065 4799 τῇ
1094 4730 1238 4799 ἰσχύϊ
1262 4734 1359 4805 τῆς
1384 4733 1558 4805 ψυχῆς
1582 4752 1682 4805 μου
1707 4750 1720 4762 ·
1751 4736 1806 4788 al

1977 4723 2028 4778 6.
2061 4722 2179 4779 Non
2211 4736 2294 4781 est
2333 4740 2434 4794 pax
2464 4723 2519 4777 in
2564 4720 2877 4776 fortitudine
2909 4720 3103 4775 animae
3146 4734 3277 4774 meae
3306 4738 3321 4787 ;
3350 4734 3468 4773 mea

240 4819 351 4889 γὰρ
380 4817 644 4889 ἁμαρτίαι
674 4835 774 4889 μου
805 4818 1097 4889 πολεμοῦσί
1128 4838 1237 4891 μοι.

1906 4818 2049 4873 enim
2076 4827 2292 4886 peccata
2319 4826 2556 4887 pugnant
2580 4824 2767 4870 contra
2796 4828 2882 4868 me

313 4911 365 4965 7.
403 4911 521 4962 ὐτι
550 4911 605 4963 al
624 4910 842 4981 ἀνομίαι
874 4927 973 4981 μου
1002 4912 1498 4974 κατεδυνάστευσάν
1524 4932 1652 4986 μου.

1981 4908 2030 4962 7.
2063 4908 2331 4975 Quoniam
2354 4908 2670 4978 iniquitates
2692 4920 2825 4961 mea:
2850 4903 3248 4975 praavaluerunt
3279 4912 3464 4958 contra

1908 5014 2013 5053 me.

310 5093 363 5146 8.
399 5090 503 5144 Kal
526 5092 625 5144 οὐκ
644 5090 773 5146 ὲῶσξ
810 5108 876 5162 με
906 5090 1194 5145 ἀνανεῦσαι
1220 5093 1352 5163 πρὸς
1387 5094 1466 5146 σὲ.

1425 5094 1466 5146 ἑ.
1977 5090 2029 5144 8.
2061 5089 2125 5143 Et
2156 5104 2261 5143 non
2287 5086 2474 5142 sinunt
2504 5101 2589 5140 me
2619 5084 2683 5140 ad
2708 5094 2759 5141 te
2781 5085 3069 5155 respicere.

308 5184 363 5245 9,
393 5182 480 5235 10.
512 5179 617 5234 Kal
642 5182 750 5236 ἀπὸ
771 5181 863 5234 τοῦ
900 5182 975 5253 μὴ
997 5183 1285 5252 τυγχάνειν
1333 5200 1399 5253 με
1433 5183 1626 5246 ἰάσεως
1655 5181 1805 5252 παρά

1976 5181 2030 5245 9,
2061 5182 2145 5235 10.
2184 5180 2247 5235 Et
2268 5180 2396 5250 quia
2421 5196 2449 5233 a
2485 5189 2536 5233 te
2559 5178 2843 5233 sanitatem
2868 5192 2976 5230 non
3011 5190 3130 5229 sum
3158 5184 3460 5240 assecutus,

240 5271 360 5336 σοῦ,
397 5270 725 5341 εἱλκωμένος
761 5272 876 5342 εἰμὶ
903 5271 1041 5335 ὅλος,
1075 5272 1167 5325 καὶ
1218 5273 1499 5342 βδελυκτὸς
1540 5273 1804 5344 ἐγενόμην

1907 5285 2052 5329 totus
2093 5274 2366 5328 ulceribus
2389 5272 2580 5342 plenus
2614 5287 2756 5337 sum,
2794 5280 2847 5324 et
2873 5267 3254 5324 abominabilis
3289 5267 3462 5324 factus

236 5363 394 5433 παρά
416 5363 501 5415 σοὶ
525 5362 633 5416 ἀπὸ
659 5363 758 5433 τῆς
788 5363 1061 5435 ἁμαρτίας
1093 5381 1195 5434 μου
1232 5364 1331 5436 (6).
1839 5359 1880 5413 D

1261 5364 1331 5435 δ)ο
1839 5359 1880 5413 ῐ)
1905 5381 2025 5421 sum
2053 5365 2195 5435 apud
2226 5374 2277 5419 te
2306 5365 2375 5421 ob
2407 5371 2686 5434 peccatum
2711 5376 2905 5417 meum.

1180 5522 1482 5588 Addenda
1511 5532 1570 5590 et
1618 5524 1994 5605 corrigenda
2032 5540 2111 5587 ex
2141 5524 2280 5587 cod.
2310 5521 2509 5585 Vatic.

303 5688 382 5767 (1)
416 5688 711 5767 791W“!-
913 5758 968 5767 _.
1973 5690 2388 5767 (ἐὶίρρτισθξίς
2422 5707 2508 5767 μρι
2544 5691 2659 5767 iis:
2780 5759 2805 5767 ..

506 5759 600 5834 διὸί
626 5758 721 5834 ’ἶῆς
752 5758 1117 5834 κινναϐάρεως
1146 5779 1266 5834 περ.

1975 5762 2052 5834 (Si)
2077 5758 2253 5834 [illic
2286 5758 2438 5834 deest
2462 5764 2513 5814 in
2539 5765 2659 5834 cod.
2692 5777 2744 5816 ιι.
2777 5759 2827 5821 ὅ,
2854 5759 2905 5817 6.
2936 5760 3046 5813 Οὐκ
3069 5758 3213 5814 ἔστιν
3242 5758 3449 5830 εἰρήνη.

308 5828 383 5891 (3)
406 5828 689 5895 Θυμωθεὶς
719 5845 807 5896 μοι
835 5828 1027 5885 ἀποστ.
1217 5828 1226 5834 ’
1660 5896 1661 5899 η

960 5828 1027 5885 ιτ.
1217 5828 1226 5834 ’
1660 5896 1661 5899 η
2002 5831 2055 5899 6)
2082 5832 2195 5884 Μου
2224 5831 2369 5883 deest
2409 5832 2459 5886 in
2488 5833 2604 5885 cod.
