4164 6500
724 420 827 480 795
1557 433 1614 487 S.
1653 434 2018 494 ATHANASII
2057 440 2205 499 OPP.
2244 444 2429 502 PARS
2459 446 2543 501 Ill.
2585 477 2653 488 -—
2691 449 3099 505 EXEGETICA.
3841 459 3936 514 796

791 542 876 598 11.
908 542 1071 602 Miser
1101 546 1279 606 lactus
1322 567 1465 615 sum,
1515 563 1568 610 et
1615 571 1872 617 curvatus
1917 579 2088 633 usque
2135 566 2189 620 in
2217 566 2279 620 li-
2308 574 2352 630 Α

2308 574 2352 630 Α
2446 570 2530 623 11.
2583 571 3052 644 Ἐταλαιπώρησα,
3120 577 3212 628 καὶ
3260 577 3655 648 κατεκὰμφθην
3697 578 3803 639 ἕως
3852 579 3936 630 τέ-

723 650 867 689 nem.

795 727 883 782 12.
915 725 1051 782 Tota
1082 727 1166 783 die
1186 730 1539 790 contristatus
1565 735 1898 795 incedebam.

795 821 880 876 15.
913 819 1179 887 Quoniam
1217 823 1384 880 lumbi
1429 829 1534 882 mei
1592 830 1798 900 impleti
1837 843 1965 889 sunt
2012 837 2279 896 illusioni-

723 913 827 968 bus
854 932 867 967 :

796 1004 883 1058 H.
918 1003 984 1058 Et
1015 1021 1120 1060 non
1149 1016 1231 1062 est
1268 1010 1472 1065 sanitas
1510 1012 1562 1067 in
1596 1029 1761 1071 carne
1788 1035 1928 1074 mea.

799 1095 887 1151 15.
916 1097 1163 1154 Amictus
1195 1116 1317 1155 sum
1347 1115 1399 1157 et
1435 1105 1747 1165 humiliatus
1778 1128 1896 1166 sum
1926 1115 2092 1170 nimis
2129 1134 2144 1170 :

796 1189 882 1243 16.
919 1188 1215 1260 Rugiebam
1245 1209 1274 1248 a
1306 1199 1504 1265 gemitu
1540 1202 1719 1255 cordis
1754 1205 1878 1256 mei.

797 1280 884 1336 17.
913 1281 1158 1350 Domine,
1191 1297 1315 1344 ante
1337 1300 1385 1344 te
1412 1306 1569 1346 omne
1598 1293 1921 1349 desiderium
1953 1312 2130 1350 meum
2160 1317 2174 1353 ε

794 1371 882 1428 18.
915 1371 981 1428 Et
1012 1378 1245 1446 gemitus
1276 1397 1429 1437 meus
1461 1399 1491 1436 τι
1538 1393 1584 1438 te
1632 1401 1738 1439 non
1781 1396 1864 1442 est
1907 1389 2276 1444 absconditus.

796 1464 885 1521 19.
918 1463 1025 1522 Cor
1052 1485 1232 1525 meum
1265 1478 1646 1532 conturbatum
1672 1490 1753 1534 est
1785 1498 1798 1533 :

797 1557 886 1612 20.
921 1558 1219 1635 Dereliquit
1242 1583 1327 1622 me
1358 1570 1527 1625 virtus
1551 1587 1667 1626 mea
1695 1589 1707 1625 :

2381 678 2524 724 Αους·

2450 753 2538 807 12.
2573 755 2740 824 Ὅλην
2759 756 2858 827 τὴν
2889 758 3100 830 ἡμέραν
3147 759 3556 830 σκυθρωπάζων
3581 761 3933 832 ἐπορευόμην.

2448 845 2532 898 13.
2563 845 2684 898 Ὅτι
2741 849 2796 901 αἱ
2851 848 2977 917 ψόαι
3044 867 3142 919 μου
3209 850 3558 921 ἐπλήσθησαν
3621 852 3936 921 ἐμπαιγμά-

2380 953 2485 987 των
2507 953 2519 966 ’

2455 1028 2540 1080 14.
2573 1030 2683 1082 Kal
2702 1031 2799 1083 οὐκ
2834 1031 2976 1084 ἐστιν
3005 1033 3144 1097 ἴασις
3181 1035 3238 1086 ἐν
3265 1038 3328 1106 τῇ
3363 1037 3522 1107 σαρκί
3560 1055 3682 1108 μου.

2452 1121 2539 1176 15.
2588 1123 2897 1194 Ἐκακώθην
2933 1126 3026 1178 καὶ
3070 1128 3436 1199 ἐταπεινώθην
3467 1130 3571 1193 ἓως
3612 1131 3834 1200 σφόδρα.

2456 1212 2540 1265 16.
2588 1214 2854 1286 Ὠρυόμην
2885 1217 2990 1269 ἀπὸ
3022 1220 3323 1288 στεναγμοῦ
3352 1221 3450 1290 τῆς
3496 1222 3721 1290 καρδίας
3753 1239 3851 1291 μου

2456 1303 2540 1358 17.
2575 1305 2764 1375 Κύριε,
2791 1307 3028 1361 ἐναντίον
3051 1326 3142 1362 σου
3184 1313 3328 1364 πᾶσα
3361 1314 3391 1381 ἡ
3421 1311 3684 1382 ἐπιθυμία
3710 1330 3835 1382 μου.

2454 1393 2539 1446 18.
2574 1396 2682 1447 Καὶ
2714 1397 2742 1447 ὁ
2775 1399 3075 1467 στεναγμός
3105 1417 3205 1470 μου
3235 1401 3341 1452 ἀπὸ
3367 1401 3459 1453 σοῦ
3485 1404 3584 1454 οὐκ
3612 1403 3874 1473 ἀπεκρύϐι.

2458 1485 2543 1538 19.
2588 1485 2650 1537 'H
2673 1487 2867 1557 καρδία
2894 1507 2995 1558 μου
3017 1491 3290 1563 ἐταράχθη
3311 1508 3324 1522 ”

2452 1577 2540 1629 20.
2587 1578 2936 1645 Ἐγκατέλιπέ
2967 1598 3034 1650 με
3065 1584 3097 1652 ἡ
3132 1585 3280 1653 ἰσχύς
3314 1602 3412 1654 μου
3439 1602 3451 1615 ·

798 1651 887 1705 21.
921 1651 990 1707 Et
1024 1654 1208 1711 lumen
1243 1660 1524 1716 oculorum
1564 1678 1831 1731 meorum,
1862 1672 1916 1719 et
1959 1664 2134 1734 ipsum
2178 1680 2284 1720 non

2455 1667 2543 1721 21.
2576 1669 2686 1721 Καὶ
2713 1669 2770 1721 τὸ
2795 1671 2908 1740 φῶς
2930 1673 3038 1726 τῶν
3067 1651 3356 1746 οφθαλμιῖλν
3393 1695 3514 1747 μου,
3551 1678 3644 1730 xxi.
3679 1678 3810 1731 αὐτὸ
3848 1683 3938 1732 οὐκ

725 1753 809 1799 est
836 1761 1069 1803 mecum.

2387 1764 2499 1816 ἔστι
2523 1768 2639 1834 μετ’
2672 1767 2823 1836 ἐμοῦ.

795 1840 887 1894 22.
913 1842 1088 1898 Amici
1134 1846 1240 1899 mei
1287 1854 1339 1901 et
1390 1849 1624 1917 proxuni
1685 1853 1793 1907 mei
1853 1854 2140 1909 adversum
2201 1871 2286 1909 mc
2319 1916 2357 1936 η

2319 1916 2357 1936 η
2455 1857 2541 1910 22.
2568 1860 2629 1910 υἱ
2661 1860 2801 1927 φίλοι
2831 1878 2930 1930 μου
2954 1864 3046 1915 καὶ
3067 1865 3114 1916 οἱ
3135 1863 3360 1935 πλησίον
3381 1881 3479 1934 μου
3507 1864 3813 1929 ἐξεναντίας
3846 1884 3937 1936 μου

727 1933 1314 2004 appropinquaverunt,
1340 1916 1683 1996 etsteterunt
1712 1963 1723 1998 :
2316 1916 2360 1971 Β

1417 1950 1683 1996 steterunt
1712 1963 1723 1998 :
2316 1916 2360 1971 Β
2388 1949 2639 2019 ῆγγισαν,
2675 1952 2769 2004 καὶ
2790 1951 3020 2022 ἔστησαν
3045 1970 3058 1984 ·

788 2024 879 2079 25.
917 2024 979 2080 Et
1009 2028 1098 2096 qui
1129 2029 1283 2098 juxta
1315 2048 1399 2087 me
1422 2045 1577 2090 erant
1601 2036 1665 2091 de
1691 2038 1848 2108 longe
1875 2047 2138 2094 steterunt
2165 2061 2176 2094 :

2458 2039 2546 2093 25.
2578 2041 2687 2093 Καὶ
2717 2041 2764 2092 οἱ
2795 2040 3020 2108 ἔγγιστά
3053 2059 3153 2112 μου
3188 2044 3295 2096 ἀπὸ
3326 2044 3592 2116 μακρόθεν
3622 2046 3881 2114 ἔστησαν·

794 2117 883 2171 24.
922 2118 988 2174 Et
1025 2121 1132 2175 vim
1181 2121 1483 2192 faciebant,
1538 2130 1628 2198 qui
1683 2132 1997 2201 quaerebant
2041 2135 2280 2189 animam

2268 2150 2280 2189 ι
2457 2129 2545 2185 24.
2581 2131 2688 2184 Καὶ
2711 2131 3046 2196 ἐξεϐιάζοντο
3066 2136 3113 2186 οί
3144 2135 3429 2205 ζητοῦντες
3450 2135 3546 2207 τὴν
3577 2137 3752 2207 ψυχήν
3791 2153 3912 2206 μου*

728 2224 905 2265 meam
935 2229 951 2267 ε

799 2301 887 2355 25.
922 2302 987 2358 Ει
1038 2306 1131 2375 qui
1178 2307 1526 2379 inquirebant
1573 2313 1715 2369 mala
1759 2315 1915 2384 mihi,
1944 2317 2111 2372 locuti
2161 2327 2289 2374 sunt

2462 2317 2550 2372 25.
2580 2318 2689 2371 Καὶ
2719 2318 2767 2370 οἱ
2808 2319 3092 2385 ζητοῦντες
3119 2322 3187 2375 τὰ
3215 2325 3359 2377 κακά
3399 2342 3488 2394 μοι
3535 2323 3803 2394 ἐλάλησαν
3849 2342 3939 2392 μα-

728 2395 987 2453 vanitates
1009 2416 1023 2453 :

2393 2411 2676 2476 ταιότητας
2693 2426 2709 2443 °

798 2488 886 2541 26.
919 2489 983 2544 Et
1012 2491 1166 2546 dolos
1192 2501 1304 2546 tota
1327 2493 1413 2547 die
1438 2494 1678 2548 meditati
1709 2506 1854 2550 sunt.

2403 2449 2574 2484 ...ηυγ
2592 2449 2674 2476 ...ς

2458 2502 2548 2556 26.
2583 2504 2689 2555 Καὶ
2713 2503 3018 2573 δολιότητας
3047 2505 3170 2574 ὅλην
3197 2505 3292 2574 τὴν
3321 2505 3530 2575 ἡμέραν
3569 2506 3914 2577 ἐμελέτησαι.

799 2579 889 2635 27.
918 2579 1031 2652 Ego
1071 2592 1252 2639 autem
1278 2593 1537 2655 tanquam
1565 2588 1762 2642 surdus
1807 2603 1916 2642 non
1957 2590 2241 2647 audiebam
2270 2610 2285 2648 :

1914 2637 1916 2642 _
1957 2590 2241 2647 audiebam
2270 2610 2285 2648 :
2459 2596 2548 2649 27.
2591 2595 2730 2664 Ἐγὼ
2758 2596 2814 2648 δὲ
2846 2596 2976 2648 ὡσεὶ
3009 2597 3186 2664 κωφὸς
3208 2599 3304 2651 οὐκ
3336 2598 3558 2666 ἢκουον·

1845 2749 2218 2807 ATHANASU
2257 2751 2833 2807 lNTERPRETATIO.

807 2900 892 2955 11.
930 2899 1130 2956 Servus
1155 2899 1330 2960 factus
1361 2922 1505 2972 sum,
1531 2908 1726 2979 inquit,
1751 2909 1898 2964 omni
1921 2921 2164 2982 peccato.

2465 2910 2552 2964 11.
2586 2909 2980 2983 Κατεδούλομαι
3010 2910 3481 2983 [Κατεδουλόμην1,
3501 2913 3666 2983 λέγει,
3704 2922 3848 2974 πᾶσα
3880 2920 3935 2974 ἀ·

2398 3003 2596 3074 μαρτία
2628 3004 2724 3073 (1).

2472 3097 2555 3149 12.
2588 3099 2662 3149 Δι’
2688 3097 2808 3149 ὅλου
2833 3099 2888 3148 ἐν
2917 3099 3208 3167 ἁμαρτίαις
3237 3101 3595 3171 ἐπορευόμην.

2470 3195 2552 3248 13.
2585 3195 2705 3246 Ὅτι
2736 3196 2882 3247 πᾶσα
2912 3196 2943 3265 ή
2991 3196 3140 3264 ἰσχὺς
3169 3196 3267 3266 τῆς
3297 3197 3472 3267 ψυχῆς
3534 3215 3636 3267 μου
3664 3198 3942 3268 πεπλήρω-

2322 3278 2362 3335 C
2395 3300 2483 3335 ται
2518 3284 2693 3354 πάσης
2727 3283 2950 3353 ἀνομίας
2984 3283 3079 3352 (2).

806 3353 892 3407 14.
932 3353 995 3408 Et
1029 3372 1135 3411 non
1171 3369 1255 3411 est
1289 3359 1494 3413 sanitas
1530 3360 1582 3413 iu
1617 3363 1925 3416 carnalibus
1955 3365 2289 3433 operationi-

2474 3369 2558 3424 M.
2590 3369 2692 3423 Καὶ
2738 3371 2835 3422 οὐκ
2879 3370 3023 3424 ἔστιν
3067 3371 3208 3435 ἴασις
3244 3373 3300 3424 ἐν
3334 3376 3448 3436 ταῖς
3488 3379 3774 3445 σαρκικαῖς
3813 3377 3938 3447 arpi—

736 3447 836 3500 bus
870 3448 1024 3502 meis.

1013 3489 1024 3502 .
2395 3460 2506 3528 ξεσί
2536 3479 2657 3532 μου.

2467 3554 2553 3609 15.
2598 3555 2915 3628 Ἠσθένησε,
2939 3556 3106 3628 λέγει,
3367 3578 3464 3632 μου
3497 3559 3600 3625 ἕως
3637 3562 3818 3626 τέλους
3849 3564 3937 3632 (5).

806 3078 892 3131 12.
924 3078 1174 3144 Quotidie
1203 3082 1515 3137 incedebant
1545 3086 1596 3139 in
1624 3089 1876 3155 peccatis.

806 3169 892 3223 13.
924 3169 1187 3237 Quoniam
1205 3175 1383 3228 omnis
1401 3174 1662 3230 fortitudo
1693 3179 1887 3233 animae
1912 3196 2044 3236 mere
2070 3181 2290 3252 impleta

736 3271 814 3315 est
842 3263 986 3315 omni
1031 3263 1314 3333 iniquitate

806 3536 892 3590 15.
945 3535 1220 3594 inﬁrmata
1262 3551 1364 3606 est,
1412 3542 1608 3612 inquit,
1650 3547 1826 3600 anima
1877 3563 1995 3602 mea
2038 3564 2208 3621 usque
2241 3550 2294 3605 in

739 3627 917 3680 linem.

811 3719 896 3772 16.
920 3717 1152 3776 Plorabo
1188 3724 1363 3778 solum
1402 3743 1508 3782 non
1543 3729 1749 3784 audens
1778 3738 1828 3784 te
1852 3730 2152 3800 deprecari.

2469 3737 2552 3792 16.
2587 3739 2828 3805 Στενὰξω
2856 3738 2930 3809 (ι)
2961 3739 3117 3809 μόνον
3165 3740 3237 3808 μὴ
3267 3740 3476 3807 τολμῶν
3508 3741 3762 3811 δεηθῆναί
3795 3759 3896 3797 σου.

812 3811 897 3866 17.
930 3811 1176 3880 Domine,
1230 3821 1404 3883 nosti,
1442 3821 1586 3889 quod
1629 3823 1997 3877 misericordia
2033 3833 2124 3880 tua
2161 3827 2300 3880 indi-

2161 3827 2300 3880 indi-
2469 3828 2554 3880 17.
2583 3826 2770 3896 Κύριε,
2810 3823 2975 3892 οἶδας,
3002 3829 3082 3881 ὃτι
3110 3826 3202 3880 τοῦ
3235 3828 3413 3893 ἐλέους
3453 3846 3544 3883 σου
3575 3831 3779 3902 χρῄζω.

740 3915 860 3970 geo.

812 3993 898 4048 18.
931 3994 1109 4062 Quare
1135 3999 1508 4071 ingemiscam,
1548 4021 1652 4059 non
1685 4007 1922 4076 ignoras.

1879 4025 1922 4062 s.
2471 4008 2556 4062 18.
2591 4011 2703 4062 Ουκ
2727 4011 2938 4076 αγνοεῖς
2959 4008 3045 4061 διὰ
3073 4010 3125 4061 τί
3157 4009 3390 4072 στενάξω
3421 4009 3516 4079 (5).

813 4087 899 4151 19,
932 4087 1018 4142 20.
1057 4089 1344 4159 Inquinato
1383 4097 1543 4152 corde
1585 4107 1712 4155 meo
1758 4101 1826 4154 ab
1864 4103 2011 4157 omni
2057 4113 2296 4173 peccato,

2476 4103 2563 4163 19,
2592 4101 2680 4155 20.
2713 4100 3050 4172 Θολωθείσης
3076 4102 3183 4172 γὰρ
3209 4102 3304 4171 τῆς
3323 4101 3545 4170 καρδίας
3576 4119 3675 4171 μου
3718 4102 3819 4154 ὑπὸ
3851 4103 3946 4156 πά-

745 4180 917 4250 gratia
953 4190 1043 4235 tua
1066 4197 1151 4236 me
1180 4185 1435 4240 deseruit.

2402 4210 2499 4264 σης
2524 4193 2814 4262 ἁμαρτίας,
2837 4193 3156 4261 ἐγκατέλιπὲ
3183 4211 3247 4263 με
3277 4197 3309 4264 ἠ
3333 4194 3488 4265 χάρις
3532 4211 3643 4248 σου.

814 4273 901 4324 21.
935 4269 999 4327 Et
1038 4289 1145 4329 non
1192 4278 1426 4347 amplius
1462 4279 1731 4336 illuminat
1766 4283 1955 4338 oculos
1994 4287 2175 4342 cordis
2198 4289 2300 4343 mei

2471 4283 2559 4335 21.
2598 4282 2700 4336 Καὶ
2722 4283 2820 4336 οὑκ
2846 4283 2924 4336 ἔτι
2952 4282 3171 4353 φωτίζει
3203 4285 3323 4347 τοὺς
3363 4283 3671 4353 ὀφθαλμοὺς
3703 4285 3798 4356 τῆς
3823 4301 3947 4356 καρ-

744 4365 910 4434 gratia
936 4373 1047 4419 tua.

2403 4374 2518 4437 δίας
2558 4391 2656 4444 μου
2691 4376 2722 4445 ἡ
2756 4375 2912 4444 χάρις
2947 4393 3058 4428 σου.

813 4455 904 4508 22.
933 4455 1084 4512 Dona
1132 4467 1247 4528 tua,
1285 4476 1406 4531 qua:
1438 4473 1592 4519 antea
1639 4466 1928 4536 habebam,
1967 4469 2141 4524 ablata
2179 4481 2306 4526 sunt

2470 4465 2556 4517 22.
2596 4465 2674 4516 Τὰ
2703 4465 3013 4536 χαρίσματὰ
3036 4483 3150 4531 σου,
3172 4465 3206 4520 ἃ
3239 4461 3383 4536 εἶχον
3411 4465 3472 4518 τὸ
3513 4464 3795 4538 πρότερον,
3821 4465 3950 4536 ἀφῃ-

746 4546 900 4601 mihi.

2410 4559 2641 4630 ρέθησαν
2662 4558 2753 4610 ἀπ’
2778 4558 2931 4626 ἐμοῦ.

815 4637 902 4691 23.
936 4636 1146 4694 Sanctae
1172 4648 1276 4695 tua:
1306 4641 1552 4697 virtutes.
2335 4650 2377 4703 D

2335 4650 2377 4703 Ι)
2472 4650 2559 4704 25.
2596 4651 2659 4701 Δί
2688 4649 2838 4716 ἆγιαί
2874 4666 2965 4702 σου
2986 4650 3259 4720 δυνάμεις.

814 4729 905 4784 24.
936 4730 1001 4784 Ει
1027 4735 1242 4786 demum
1279 4735 1501 4789 trahunt
1548 4753 1633 4792 me
1663 4739 1728 4793 ad
1769 4741 1978 4810 scipsos
2010 4743 2301 4799 damones.

2476 4741 2566 4794 24.
2600 4739 2703 4793 Kal
2745 4741 2927 4794 λοιπὸν
2976 4741 3191 4794 ’ἐλκουσί
3235 4759 3301 4812 με
3344 4740 3471 4812 πρὸς
3516 4741 3740 4805 ἑαυτοὺς
3776 4743 3822 4794 οἱ
3848 4742 3950 4794 δαί-

815 4823 904 4876 2ἳ.
937 4822 1001 4876 Et
1024 4840 1238 4879 omnem
1267 4827 1602 4896 iniquitatem
1622 4841 1966 4901 etpeceatum
1992 4835 2044 4889 in
2069 4840 2304 4892 animam
2409 4849 2586 4904 μονες·

747 4931 923 4970 meam
949 4916 1285 4973 incessanter
1313 4920 1581 4991 iujiciunt.

2475 4923 2564 4976 9.5.
2599 4921 2703 4977 Kal
2731 4925 2911 4976 πᾶσαν
2937 4923 3164 4993 ἀνομίαν
3195 4924 3286 4977 καὶ
3309 4925 3581 4995 ἁμαρτίαν
3612 4924 3953 4996 ὲμδάλ).ου3ιν

814 5007 900 5060 26.
951 5005 1108 5063 Omni
1152 5019 1391 5080 tempore
1430 5016 1782 5087 cogitationes
1839 5020 2102 5088 quasdam
2143 5022 2308 5077 veluti
2407 5017 2458 5071 ἀτ

1479 5016 1782 5087 igitatioucs
1839 5020 2102 5088 quasdam
2143 5022 2308 5077 veluti
2407 5016 2698 5080 ἀπαύστως
2733 5019 2795 5086 τῇ
2831 5016 2972 5086 ψυχῇ
3005 5034 3123 5086 μου.

749 5098 919 5168 prima
975 5099 1154 5168 specie
1222 5101 1476 5161 honestas
1522 5109 1887 5176 quasiverunt
1938 5111 2205 5180 subjicere
2252 5114 2305 5168 in

2480 5107 2567 5160 26.
2605 5110 2680 5159 Δι’
2735 5107 2852 5160 ὅλου
2909 5109 3231 5180 ἐνθυμήσεις
3262 5110 3413 5174 τινὰς
3463 5110 3536 5175 ὡς
3591 5113 3953 5181 εὐλογοφανεῖς

751 5190 912 5243 corde
937 5205 1077 5244 meo.
2408 5201 2697 5255 ἐσκέποντο
2723 5202 2796 5272 (6)
2827 5203 3133 5256 ὑποτιθέναι
3166 5204 3221 5256 ἐν
3251 5207 3316 5275 τῇ
3350 5204 3545 5276 καρδία
3581 5224 3707 5275 μου.

819 5279 909 5333 27.
947 5279 1058 5351 Ego
1102 5291 1281 5337 autem
1334 5293 1590 5355 tanquam
1638 5302 1744 5341 non
1793 5290 2038 5355 audiens,
2079 5307 2200 5361 quae
2237 5293 2304 5348 ab

2290 5309 2304 5347 ι
2478 5295 2566 5348 27.
2617 5293 2755 5361 Ἐγὼ
2776 5295 2852 5357 δὲ,
2885 5295 2959 5357 ὡς
2990 5295 3063 5366 μὴ
3097 5294 3307 5348 ἀκούων
3338 5296 3406 5349 τὰ
3441 5299 3569 5369 παρ’
3610 5297 3786 5352 αὐτῶν
3816 5293 3934 5363 λεγὸ

752 5372 886 5443 ipsis
912 5373 1187 5440 dicuntur,
1219 5376 1321 5431 hoc
1342 5382 1501 5435 modo
1527 5395 1589 5435 ea
1618 5395 1723 5434 nou
1752 5383 2108 5438 committam.

1752 5383 2108 5438 committam.
2416 5406 2569 5460 μενα,
2603 5387 2773 5450 οὕτως
2805 5388 2903 5439 οὐκ
2937 5388 3167 5442 ἐπιτελῶ
3198 5387 3385 5443 ταῦτα.

1692 5543 1987 5608 Addenda
2036 5552 2094 5608 et
2125 5545 2489 5627 corrigenda
2526 5564 2602 5607 ex
2652 5546 2789 5608 cod.
2827 5548 3025 5610 Vatic.

1112 5711 1368 5784 ἁμαρτίᾳ.
2487 5719 2559 5784 (ὁ)
2594 5719 2888 5784 Στενάζων.

941 5779 1267 5856 Ἄμαρτίας.
1325 5779 1351 5856 Ἀ
2487 5779 2847 5856 (51Στενὰζω.

831 5852 906 5920 (ὅ)
940 5853 1082 5916 Ἕως
1106 5853 1290 5916 τέλους
1323 5853 1490 5910 decsl.
2228 5917 2235 5923 .

1334 5853 1490 5910 iecsl.
2228 5917 2235 5923 ,
2489 5852 2559 5927 (6)
2611 5852 2978 5916 Ἐσκέ-πτοντο.
