4164 6520
271 473 388 532 797
1161 471 1249 526 DE
1285 471 1559 526 TITULIS
1591 471 2046 530 PSALMOKUM.
2088 502 2159 514 -—
2195 471 2393 528 PSAL.
2433 473 2698 530 XXXVII.
3406 470 3510 526 798

352 593 443 646 28.
476 591 586 646 Kal
609 591 741 644 ὡσεὶ
762 589 957 654 ἀλαλος
976 591 1075 644 οὐκ
1096 589 1326 659 ἀνοίγων
1351 593 1413 644 τὸ
1443 592 1616 662 στόμα
1639 591 1803 645 αὐτοῦ
1825 609 1839 622 ·
1870 597 1918 655 Α

1679 591 1803 645 ὐτοῦ
1825 609 1839 622 ·
1870 597 1918 655 Α
2015 592 2103 646 28.
2141 590 2205 646 Et
2236 591 2378 647 sicut
2402 602 2586 649 mutus
2609 609 2717 648 non
2752 593 3002 662 aperiens
3022 608 3085 647 os
3114 607 3274 647 suum
3304 609 3319 646 :

354 683 443 738 29.
471 685 580 736 Kal
609 682 874 754 ἐγενόμην
896 683 1027 736 ὡσεὶ
1059 682 1153 736 ἄνθ
1164 701 1340 755 ρωπος
1370 685 1468 736 οὐκ
1509 682 1741 750 ἀκούων,

1691 701 1741 750 ν,
2017 685 2105 739 29.
2138 684 2202 738 Et
2228 684 2405 741 factus
2436 701 2555 740 sum
2587 687 2729 740 sicut
2762 687 2925 739 homo
2954 701 3059 739 non
3083 685 3332 746 audiens,

347 772 438 828 50.
472 774 579 827 Καὶ
602 775 700 827 οὐκ
733 774 868 844 ἔχων
897 775 953 826 ὲν
990 773 1067 843 τῷ
1098 775 1322 845 στόματι
1361 774 1525 828 αὑτοῦ
1563 772 1844 845 ὲλεγμοὺς.

1713 772 1844 839 ιοὺς.
2018 776 2107 830 50.
2141 774 2204 831 Et
2232 792 2340 830 non
2365 776 2572 832 habens
2601 778 2656 831 in
2680 791 2774 832 ore
2801 792 2901 833 suo
2925 775 3357 846 redargutiones.

353 864 446 919 51.
476 865 597 918 Ὅτι
624 866 713 917 ἐπὶ
742 866 842 926 σοὶ,
873 863 1065 934 Κύριε,
1091 865 1294 935 ἡλπισα
1326 880 1342 897 ⁸
1873 879 1878 884 ’

1873 879 1878 884 ’
2017 868 2102 923 51.
2140 868 2404 934 Quoniam
2439 871 2491 923 in
2516 880 2586 934 te,
2619 870 2864 936 Domine,
2894 870 3106 939 speravi
3143 888 3155 922 :

354 955 444 1010 '52.
474 957 546 1009 Σὺ
569 956 883 1030 είσακούσῃ,
907 956 1078 1028 Κύριε
1102 960 1130 1009 ὁ
1160 957 1291 1019 Θεός
1319 973 1440 1027 μου.

2017 961 2106 1015 52.
2137 961 2216 1016 Tu
2248 964 2505 1018 exaudies
2538 979 2642 1027 me,
2677 964 2904 1018 Domine
2934 963 3077 1017 Deus
3109 977 3281 1017 meus.

354 1049 442 1103 55.
474 1051 597 1104 Ὅτι
632 1045 805 1118 εἷπον,
830 1051 1054 1122 Μήποτε
1093 1050 1395 1122 ἐπιχαρῶσί
1443 1067 1532 1120 μοι
1572 1051 1619 1103 οί
1663 1048 1848 1122 ἐχθροί

2019 1053 2106 1106 55.
2142 1054 2281 1119 Quia
2308 1055 2443 1123 dixi,
2473 1054 2774 1126 Nequaudo
2798 1055 3234 1126 supergaudcant
3253 1051 3384 1108 milii
3411 1051 3509 1106 iui-

282 1158 389 1211 μου
417 1159 431 1172 ·

1949 1156 2074 1196 mlCl
2099 1159 2201 1197 ιηει
2239 1159 2252 1198 Ξ

356 1233 447 1288 54.
480 1233 587 1287 Kal
617 1236 672 1287 ὲν
701 1233 778 1305 τῷ
797 1233 1120 1306 σαλευθῆναι
1144 1235 1460 1306 πόδαῶμου,
1492 1234 1579 1287 ἐπ’
1601 1235 1700 1305 ἐμὲ
1725 1235 1852 1306 ἐμε-

2022 1233 2111 1287 54.
2147 1233 2213 1289 Et
2252 1236 2381 1290 dum
2434 1247 2845 1293 commoventur
2877 1237 3039 1309 pedes
3079 1235 3208 1300 mei,
3237 1249 3400 1304 super
3429 1248 3511 1288 mc

278 1325 525 1398 γαλορῤη
535 1327 667 1397 μόνη
677 1344 795 1382 σαν.

1947 1341 2145 1392 magna
2175 1326 2341 1382 locuti
2363 1339 2509 1382 sunt.

357 1417 444 1471 53.
482 1417 603 1470 ’Ότι
628 1417 738 1486 ἐγὼ
770 1420 850 1481 είς
888 1419 1155 1488 μάστιγας
1177 1418 1393 1490 ἕτοιμος
1415 1434 1428 1448 ·

2019 1417 2108 1470 55.
2144 1417 2411 1484 Quoniam
2440 1435 2540 1491 ego
2569 1420 2622 1473 in
2651 1419 2861 1490 ﬂagella
2890 1429 3113 1490 paratus
3136 1434 3255 1473 sum
3290 1462 3301 1474 .

355 1509 449 1565 56.
477 1511 587 1566 Kal
611 1514 643 1582 ἡ
670 1511 915 1583 ἀλγηδών
952 1530 1052 1584 μου
1087 1511 1318 1567 ἐνώπιόν
1354 1511 1455 1583 μού
1487 1512 1602 1564 ἐστι
1625 1511 1850 1564 διαπαν-

2017 1509 2103 1564 56.
2137 1511 2203 1566 Et
2249 1513 2404 1569 dolor
2444 1529 2600 1571 meus
2641 1515 2694 1569 in
2739 1523 3034 1584 conspectu
3076 1527 3197 1568 meo
3243 1520 3326 1566 est
3371 1522 3511 1563 sem-

275 1618 392 1663 τος.
1949 1616 2065 1670 per.

351 1693 440 1748 57.
478 1695 599 1746 Ὅτι
621 1692 720 1765 τὴν
742 1694 972 1764 ἀνομίαν
1009 1711 1111 1764 μου
1139 1693 1249 1761 ἐγὼ
1272 1693 1558 1762 ἀναγγελῶ
1575 1708 1592 1723 '

2020 1691 2108 1746 57.
2141 1691 2407 1758 Quoniam
2437 1695 2782 1763 iniquitatem
2812 1710 2990 1750 meam
3015 1708 3117 1765 ego
3151 1690 3514 1747 annuntiabo:

352 1789 441 1842 58.
473 1788 583 1842 Kal
622 1792 945 1860 μεριμνήσω
971 1789 1114 1861 ὑπὲρ
1129 1790 1228 1859 τῆς
1256 1789 1530 1860 ἁμαρτίας
1563 1804 1685 1858 μου.

1383 1789 1530 1860 ρτίας
1563 1804 1685 1858 μου.
2018 1784 2107 1839 58.
2142 1786 2206 1840 Et
2239 1788 2489 1857 cogitabo
2521 1805 2616 1858 pro
2640 1799 2858 1860 peccato
2886 1803 3027 1842 meo.

358 1880 444 1934 59.
476 1880 540 1933 Οἱ
592 1879 648 1932 δὲ
693 1880 875 1951 ἐχθροί
932 1897 1034 1949 μου
1093 1877 1248 1943 ζῶσι,
1289 1879 1384 1932 καὶ
1413 1877 1849 1950 ἢκεκραταίωνται

2025 1877 2113 1930 59.
2144 1878 2358 1934 Inimici
2382 1890 2561 1936 autem
2586 1883 2690 1936 mei
2725 1882 2934 1946 vivunt,
2959 1888 3012 1934 et
3037 1877 3346 1933 conﬁrmati
3391 1882 3516 1929 sunt

278 1972 424 2040 ὑπὲρ
447 1970 567 2040 ἐμέ.
996 1983 1003 1992 ·
1879 1952 1922 2012 Β

996 1983 1003 1992 ·
1879 1952 1927 2012 Β
1956 1976 2118 2035 super
2149 1984 2234 2023 me
2263 1987 2277 2023 :

351 2061 440 2116 40.
476 2062 586 2116 Kal
613 2062 1024 2134 ὲπληθύνθησαν
1047 2064 1095 2115 οἱ
1132 2060 1417 2132 μισοῦντές
1452 2078 1520 2130 με
1560 2060 1780 2124 ἀδίκως.

2029 2060 2120 2117 40.
2152 2059 2219 2115 Et
2267 2061 2607 2133 multiplicati
2659 2072 2808 2128 sunt,
2852 2062 2947 2134 qui
3003 2061 3237 2119 oderunt
3279 2071 3365 2113 me
3416 2055 3516 2110 ini-

1955 2165 2081 2219 que.

351 2243 441 2298 4|.
472 2246 532 2298 Οἱ
555 2245 998 2308 ἀνταποδιδόντες
1034 2262 1123 2314 μοι
1149 2240 1295 2304 κακά
1322 2242 1442 2295 ἀντὶ
1467 2239 1706 2309 ἀγαθῶν,

1594 2239 1706 2303 ὶῶν,
2023 2241 2112 2296 41.
2147 2239 2248 2306 Qui
2275 2239 2580 2294 retribuunt
2610 2240 2741 2294 mihi
2767 2240 2909 2293 mala
2937 2254 3033 2309 pro
3058 2239 3238 2302 bonis,

352 2335 441 2387 42°
479 2335 839 2390 Ἐνδιέόαλλόν
891 2353 980 2407 με,
1021 2335 1141 2388 ἐπεὶ
1188 2333 1515 2388 κατεδίωκον
1566 2329 1849 2402 ἀγαθωσύ-

2021 2332 2113 2387 42.
2146 2332 2512 2388 Detraliebant
2538 2332 2694 2397 mihi,
2727 2332 2986 2404 quoniam
3021 2332 3286 2402 sequebar
3308 2330 3516 2384 bonita-

273 2442 380 2496 νην
411 2425 505 2496 (a).
1955 2432 2086 2478 tem.

353 2519 442 2573 45.
476 2519 567 2590 Μὴ
589 2520 960 2591 ὲγκαταλίπῃς
984 2537 1070 2591 με,
1107 2519 1298 2591 Κύριε,

2026 2513 2114 2568 45.
2140 2510 2217 2566 Ne
2241 2510 2586 2581 derelinquas
2610 2525 2718 2577 me,
2743 2508 2968 2565 Domine
3000 2526 3013 2561 :

351 2609 443 2664 ΑΗ.
487 2612 543 2662 '0
577 2611 706 2673 Θεός
740 2628 860 2680 μου,
892 2612 966 2679 μὴ
991 2613 1231 2680 ἀποστῇς
1262 2612 1355 2662 ἀπ’
1389 2607 1545 2679 ἐμοῦ.

1501 2607 1545 2662 5.
2022 2605 2111 2657 64.
2154 2603 2292 2656 Deus
2317 2617 2492 2668 meus,
2518 2618 2584 2655 ne
2607 2600 2926 2656 discesseris
2957 2615 2985 2653 a
3019 2613 3104 2652 me
3134 2616 3145 2651 :

350 2701 439 2754 45.
476 2703 714 2772 Πρόσχες
736 2704 816 2766 εἰς
834 2704 927 2774 τὴν
955 2704 1205 2774 βοήθειάν
1243 2719 1366 2773 μου,
1397 2701 1570 2772 Κύριε
1614 2697 1713 2768 τῆς
1739 2714 1846 2749 σω-

2023 2693 2111 2748 65.
2147 2691 2376 2746 Intende
2409 2691 2464 2745 in
2499 2689 2828 2760 adiutorium
2871 2703 3075 2750 meum,
3117 2684 3340 2740 Domine
3379 2683 3519 2739 Deus

275 2791 477 2862 τηρίας
513 2810 638 2863 μου,

1949 2785 2146 2842 salutis
2171 2798 2321 2838 mete.

357 2973 433 3042 (a)
465 2973 521 3029 ιιι
556 2982 706 3030 textu
740 2974 933 3045 legitur
977 2973 1349 3046 δικαιοσύνην,
1397 2974 1490 3029 sed
1541 2986 1701 3040 supra
1744 2971 2001 3041 ascriptui

880 2991 933 3028 ιι·
977 2973 1349 3046 δικαιοσύνην,
1397 2974 1490 3029 sed
1541 2986 1701 3040 supra
1744 2971 2039 3041 ascriptum
2063 2979 2145 3026 est
2167 2967 2524 3039 ἀγαθοσύνην.

1401 3119 1774 3175 ATIlANASll
1814 3115 2402 3174 INTERPBETATIO.

355 3284 447 3339 28.
479 3282 590 3334 Οὐκ
613 3281 1095 3353 ἀνταπεκρινὰμην
1123 3279 1194 3348 (l)
1226 3279 1432 3342 αὐτοῖς.
1880 3279 1927 3341 C

1257 3279 1432 3342 ὐτοῖς.
1880 3279 1927 3341 C
2025 3273 2117 3329 28.
2148 3271 2259 3331 Nec
2288 3272 2370 3328 eis
2401 3283 2591 3328 contra
2626 3273 2901 3342 respondi.

355 3374 448 3430 29.
485 3373 737 3445 Ἀνήκοος
767 3372 1010 3443 διέμενον
1034 3371 1108 3442 μὴ
1127 3368 1346 3440 πληρῶν
1376 3367 1511 3438 ὅπερ
1539 3365 1747 3437 ἦθελον.

2029 3365 2120 3420 29.
2152 3363 2330 3418 Veluti
2381 3378 2489 3418 non
2537 3365 2762 3420 audiens
2807 3362 3090 3418 manebant
3125 3379 3233 3418 non
3271 3363 3519 3434 impleas,

1955 3456 2100 3527 quod
2135 3457 2406 3510 volebant.

354 3544 445 3599 50.
486 3545 571 3607 Ὡς
602 3544 675 3615 μὴ
708 3544 1002 3612 δυνάμενος
1042 3543 1237 3605 αὐτοὺς
1269 3542 1528 3612 ἐλέγχειν.

2027 3547 2118 3602 50.
2143 3548 2425 3618 Tanquam
2454 3561 2562 3600 non
2590 3544 2779 3600 valens
2804 3558 2899 3599 eos
2934 3543 3274 3613 redarguere.

354 3636 447 3692 51.
475 3625 594 3689 Ὅτι
624 3638 702 3700 εἰς
733 3635 793 3688 τὸ
815 3635 961 3698 ἔλεός
990 3651 1105 3700 σου,
1137 3634 1326 3704 Κύριε,
1354 3634 1575 3704 ἤλπισα.

2026 3639 2116 3693 51.
2153 3637 2423 3705 Quoniam
2457 3637 2514 3692 in
2559 3634 2932 3692 misericordia
2964 3643 3076 3696 tua.
3122 3633 3367 3698 Domine,
3397 3648 3522 3704 spe-

1955 3744 2092 3784 raw.

360 3814 449 3869 52.
481 3812 580 3867 Διά
605 3807 766 3867 ’τοῦτο
789 3814 1125 3876 εἰσακούσεις
1166 3813 1263 3886 (2),
1293 3813 1456 3885 Κύριε
1482 3816 1509 3866 ὁ
1539 3812 1668 3876 Θεός
1710 3829 1830 3882 μου.

2028 3816 2117 3870 52.
2155 3815 2448 3885 Propterea
2484 3814 2743 3870 exaudies
2770 3830 2876 3881 me,
2907 3813 3134 3868 Domine
3161 3812 3304 3868 Deus
3347 3829 3520 3870 meus.

353 3907 442 3961 55.
481 3907 608 3960 Ὅτι
633 3903 806 3960 εἷπον
832 3923 844 3937 ·
885 3906 1072 3977 Κύριε,
1109 3907 1208 3960 ὲάν
1247 3907 1321 3978 μὴ
1350 3905 1674 3979 εἰσακούσῃς
1716 3923 1814 3976 μου
1840 3943 1853 3966 ,

2025 3905 2113 3962 55.
2153 3906 2295 3972 Quia
2321 3908 2477 3961 dixi:
2508 3907 2758 3972 Domine,
2792 3907 2839 3961 si
2867 3922 2952 3961 me
2989 3921 3095 3961 non
3117 3906 3364 3972 exaudis,
3394 3923 3525 3977 gau-

279 4001 564 4072 χαίρονται
593 4001 639 4053 οἱ
677 3999 857 4071 ἐχθροί
888 4018 1012 4071 μου.

824 4001 857 4053 ›ί
888 4018 1012 4071 μου.
1957 3999 2086 4054 dent
2113 3999 2315 4053 inimici
2345 3999 2468 4054 mei.

357 4093 447 4147 55.
482 4092 585 4146 Kal
616 4096 673 4146 ὲν
699 4092 778 4165 τῷ
806 4093 912 4146 ἀπὸ
944 4091 1226 4157 ἀσθενείας
1270 4093 1490 4146 πίπτειν
1517 4112 1583 4164 με
1611 4135 1624 4160 ,
1662 4098 1857 4148 ἐκεῖνοι

2025 4093 2112 4148 54.
2148 4090 2358 4146 Etcum
2415 4104 2528 4162 prae
2579 4085 2896 4142 inﬁrmitate
2953 4084 3164 4151 decido,
3217 4085 3291 4140 illi
3341 4087 3525 4142 exsul-

281 4182 669 4253 ἀγαλλιῶνται.
1960 4190 2094 4237 tant.

359 4272 450 4327 55.
480 4271 603 4325 Ὀτι
632 4272 925 4345 ὑπόκειμαι
944 4277 1010 4346 τῇ
1045 4275 1236 4346 αίωνίᾳ
1267 4275 1504 4328 κολάσει.

2147 4270 2417 4338 Quoniam
2453 4268 2725 4324 obnoxius
2749 4282 2870 4322 sum
2907 4274 3109 4321 aeterno
3134 4270 3419 4339 supplicio.

357 4363 447 4420 56.
480 4361 586 4418 Kal
613 4363 672 4416 τὸ
703 4363 813 4435 πῦρ
844 4365 905 4418 τὸ
937 4365 1153 4420 αἰώνιον
1187 4366 1286 4437 ἤδη
1327 4365 1637 4437 προϐλέπω.

1518 4366 1637 4420 Ξπω.
2028 4365 2116 4420 56.
2147 4364 2338 4433 Etjam
2369 4361 2645 4433 prospicio
2678 4360 2854 4430 ignem
2879 4366 3162 4413 aeternum.

360 4457 452 4512 57.
497 4457 952 4528 Ἐξομολογοῦμαί
989 4477 1069 4513 σοι
1100 4459 1200 4532 τὴν
1225 4460 1453 4531 ἀνομίαν
1496 4478 1617 4532 μου.

1545 4478 1617 4513 >υ.
2027 4457 2115 4512 57.
2145 4455 2457 4510 Couﬁtebor
2489 4453 2587 4507 tibi
2624 4451 2967 4521 iniquitatem
2991 4466 3189 4506 meam.

356 4545 448 4602 58.
485 4545 589 4600 Kal
622 4549 937 4621 μετανοήσω
970 4550 1109 4621 ὑπὲρ
1141 4544 1214 4604 ὧν
1242 4550 1453 4622 ἔπραξα
1475 4551 1680 4605 κακῶν.

2031 4548 2117 4603 58.
2153 4547 2215 4602 Et
2246 4547 2621 4617 paenitentiam
2660 4561 2815 4614 agam
2842 4547 2907 4599 de
2942 4545 3028 4608 iis,
3067 4559 3188 4613 quae
3218 4543 3320 4599 feci
3362 4549 3524 4601 mala.

356 4638 447 4695 59.
483 4639 546 4692 Οἱ
569 4638 626 4692 δὲ
655 4641 911 4711 ἄρχοντες
933 4640 1026 4694 τοῦ
1053 4641 1299 4695 διαϐόλου
1331 4642 1678 4713 κατισχύουσί
1717 4660 1837 4714 μου.
1890 4643 1932 4700 D

1890 4643 1932 4700 D
2036 4641 2124 4696 59.
2158 4639 2436 4709 Principes
2479 4647 2657 4693 autem
2697 4637 2902 4692 diaboli
2961 4637 3306 4695 invaluerunt
3341 4650 3527 4696 eontra

1963 4750 2069 4790 me.

358 4812 449 4868 40.
478 4810 582 4868 Kal
609 4812 789 4867 πολλοὶ
823 4815 1067 4883 ἐγένοντο
1093 4817 1177 4867 ἐπ’
1202 4817 1322 4886 ἐμέ.

2024 4826 2113 4881 40.
2145 4827 2210 4881 Et
2231 4826 2386 4881 multi
2416 4826 2637 4881 fuerunt
2674 4826 2934 4881 adversus
2963 4837 3067 4878 me.

357 4904 445 4958 41.
476 4906 538 4957 Οί
560 4905 657 4976 τὴν
685 4906 781 4977 σὴν
807 4906 1152 4960 διδασκαλίαν
1185 4906 1443 4971 λαϐόντες
1467 4908 1562 4961 ἀπ’
1589 4907 1744 4980 ἐμοῦ,
1765 4909 1857 4962 καὶ

2025 4919 2114 4973 41.
2142 4918 2245 4986 Qui
2270 4918 2579 4973 auferentes
2605 4917 2916 4972 doctrinam
2951 4926 3098 4972 tuam
3130 4933 3159 4972 a
3187 4935 3292 4985 me,
3328 4927 3380 4972 et
3402 4931 3528 4971 suas

287 4994 386 5056 τάς
421 4996 629 5049 ἑαυτῶν
663 4996 957 5067 ἐπιθυμίας
974 4997 1263 5062 δεδωκότες
1293 5017 1401 5070 μοι.

1122 4999 1263 5062 ίότες
1293 5017 1401 5070 μοι.
1955 5013 2088 5066 mihi
2112 5013 2378 5066 dederunt
2421 5010 2766 5080 cupiditates.

360 5089 449 5144 42.
477 5089 624 5162 Πρὸς
644 5092 868 5155 ἑαυτοὺς
893 5093 1337 5148 συνεϐουλεύοντο
1358 5093 1432 5165 (5)
1465 5095 1727 5148 ἀπολέσαι
1768 5113 1855 5166 με,

2028 5105 2116 5157 42.
2146 5104 2341 5159 Secum
2368 5105 2467 5171 ipsi
2495 5103 2781 5157 consilium
2814 5102 3106 5166 iniverunt,
3140 5111 3196 5155 ut
3224 5117 3311 5155 mc
3342 5103 3530 5170 perde-

289 5181 474 5252 ἐπειδὴ
506 5181 645 5235 θέλω
674 5184 906 5255 μετανοῆ
914 5201 1021 5238 σαι.

1963 5205 2101 5253 rent.
2133 5195 2390 5263 quoniam
2429 5193 2798 5261 penitentiam
2832 5208 2992 5263 agere
3027 5194 3296 5247 volebam.

361 5277 450 5340 45,
481 5275 567 5330 44.
612 5276 686 5347 (4)
722 5278 814 5349 Μὴ
843 5279 1010 5352 ἐάσῃς
1044 5296 1132 5349 με,
1161 5278 1325 5352 Κύριε
1353 5282 1381 5334 ό
1405 5280 1535 5344 Θεός
1560 5299 1682 5351 μου.

2032 5284 2122 5347 45,
2153 5283 2240 5336 44.
2271 5282 2346 5336 Ne
2372 5284 2614 5338 dimittas
2640 5301 2744 5350 me,
2769 5284 2995 5339 Domine
3028 5283 3170 5341 Deus
3199 5300 3375 5340 meus.

365 5367 455 5422 45.
498 5367 636 5420 Ἀλλ’
664 5369 783 5423 ἐλθὲ
805 5373 885 5435 είς
908 5371 1006 5443 τὴν
1035 5370 1282 5444 βοήθειάν
1317 5391 1438 5442 μου.

1365 5391 1438 5426 ου.
2029 5376 2118 5430 45.
2154 5374 2258 5431 Sed
2287 5377 2339 5429 in
2363 5377 2629 5431 auxilium
2660 5391 2838 5432 meum
2867 5375 3009 5432 veni.

1243 5554 1548 5620 Addenda
1585 5565 1646 5620 et
1677 5557 2052 5639 corrigenda
2101 5574 2179 5619 ex
2209 5556 2345 5618 cod.
2385 5557 2581 5620 Vatic.

363 5747 439 5817 (ί)
481 5751 900 5830 Ἀπεκρινομην.
1955 5741 2320 5830 μεταὶνοῆίαις
2351 5741 2466 5824 καὶ.
2489 5739 2798 5814 ἁπέρῤιψάν
2836 5757 2902 5811 με
2939 5739 3030 5794 τὸν
3057 5739 3359 5814 ἀγαπητὸν,
3394 5740 3521 5795 ὡσεὶ

359 5811 437 5885 (2)
463 5821 560 5874 Διά
586 5811 741 5874 τοῦτο
763 5811 1099 5872 εἰσάκουσον.
1950 5811 2582 5885 νεκρὸν-ἐϐδελυγμένον.

365 5881 444 5962 (5)
480 5891 542 5945 Ν.
596 5892 679 5945 42.
742 5888 1192 5943 Συνεόουλεὺοντο
1246 5886 1302 5940 τὸ
1351 5886 1460 5951 πῶς
1509 5886 1643 5940 ἀπο).
1675 5928 1688 5942 .
1723 5926 1736 5940 .
1780 5926 1838 5940 ..

2023 5883 2099 5953 (ι)
2129 5882 2191 5940 Ν.
2223 5881 2528 5951 45,44,15.
2562 5884 2673 5956 Μή,
2708 5893 2836 5948 ι;ις.,
2874 5884 2986 5937 ἀλλ’
3028 5883 3148 5937 ἐλθὲ
3182 5884 3260 5947 εἰς
3288 5883 3504 5953 «metu
