4164 6496
673 422 773 480 799
1506 439 1564 493 S.
1605 439 1977 497 ATHANASII
2020 442 2169 499 Ol‘l’.
2213 444 2391 500 PARS
2432 443 2517 498 lll.
2560 474 2591 484 -
2669 442 3074 497 EXI-ZGETICA.
3803 438 3909 493 800

916 544 980 598 1η
1014 548 1753 631 ﬁnem,“Iditlium_faii_ti§npt
1784 561 1977 616 David.
2260 575 2307 629 Α
2431 568 2529 631 Εἰς

2260 575 2307 629 Α
2431 568 2475 617 Ε
2482 568 2529 631 ις
2577 563 2643 617 τὸ
2677 564 2849 629 τέλος
2884 563 2963 627 τῷ
3010 561 3292 631 Ἰδιθοὺμγ.
3325 557 3447 623 ᾠδὴ
3489 554 3566 621 τῷ
3599 557 3798 609 Δαείὸ.

1158 619 1358 677 PSAL.
1403 624 1561 679 XXX
1578 628 1739 683 VIII.
2260 619 2307 629 ”
2511 619 2525 631 ’

1656 628 1739 683 II.
2260 619 2307 629 ”
2511 619 2525 631 ’
2827 619 2841 629 ”
2932 619 3138 687 "una.
3166 619 3296 687 ΛΗ.

743 725 795 780 1.
831 724 970 782 Dixi.
994 728 1313 789 Custodiam
1345 736 1462 793 vias
1487 754 1656 807 meas,
1694 751 1753 797 ut
1783 759 1891 798 non
1927 744 2238 815 delinquam

2411 749 2461 802 l.
2495 746 2637 802 Εἴποι
2657 763 2670 777 '
2706 748 2929 813 Φυλάξω
2955 747 3052 811 τὰς
3083 745 3233 810 ὁδούς
3267 762 3390 816 μου,
3424 742 3518 796 τοῦ
3560 741 3635 813 μὴ
3661 743 3907 813 ἁμαρτά-

672 822 727 876 in
752 822 933 894 lingua
965 842 1106 884 mea.
2339 857 2451 895 νειν
2488 857 2553 909 με
2584 841 2640 891 ἐν
2670 838 2889 910 γλώσσῃ
2928 854 3051 908 μου.

739 917 792 970 2.
827 917 991 973 Posui
1019 920 1100 975 ori
1126 937 1248 978 meo
1271 926 1599 993 custodiam,

2410 933 2463 984 2.
2515 931 2748 1000 Ἐθέμην
2777 929 2854 999 τῷ
2891 928 3119 999 στόματι
3152 945 3253 999 μου
3279 927 3541 998 φυλακὴν,

736 1006 787 1059 5.
819 1006 955 1061 Cum
989 1012 1311 1067 consisteret
1342 1027 1595 1083 peccator
1621 1018 1910 1075 adversum
1937 1037 2046 1077 me.

2410 1024 2464 1077 5.
2518 1024 2605 1075 Ἐν
2640 1023 2717 1094 τῷ
2744 1024 3002 1092 συστῆναι
3032 1021 3124 1075 τὸν
3154 1020 3473 1092 ἁμαρτωλὸν
3516 1019 3757 1073 ἐναντίον
3785 1036 3904 1088 μου.

738 1098 791 1153 λι.
829 1098 1088 1157 Obmutui
1114 1111 1167 1159 et
1193 1104 1509 1164 humiliatus
1540 1126 1684 1177 sum,
1724 1122 1777 1168 et
1808 1115 1933 1169 silui
1962 1130 1993 1171 a
2039 1115 2240 1173 bonis:

2414 1116 2469 1169 4.
2512 1113 2842 1186 Ἐκωφώθην
2884 1114 2977 1168 καὶ
3026 1110 3415 1182 ὲταπεινὼθην,
3456 1110 3551 1165 καὶ
3593 1110 3824 1182 ὲσίγησα
3850 1107 3910 1174 ἐξ

2342 1206 2562 1277 ἀγαθῶν
2586 1225 2599 1238 ·

745 1292 797 1345 5.
831 1290 896 1345 Et
926 1294 1080 1351 dolor
1106 1313 1259 1354 meus
1290 1309 1583 1357 renovatus
1611 1312 1715 1359 est.

2414 1298 2467 1351 5.
2505 1297 2615 1351 Kal
2640 1298 2700 1349 τὸ
2734 1296 2956 1368 ἄλγημα
2985 1313 3087 1367 μου
3123 1294 3494 1366 ἀνεκαινίσθη.

745 1382 799 1437 6.
826 1384 1110 1443 Concaluit
1140 1405 1234 1444 cor
1262 1407 1444 1454 meum
1473 1393 1613 1448 intra
1643 1411 1729 1450 me
1763 1415 1776 1451 :

2415 1391 2467 1444 6.
2510 1390 2903 1461 Ἐθερμάνθηή
2936 1389 3131 1460 καρδία
3165 1406 3266 1459 μου
3308 1388 3458 1451 ἐντός
3498 1404 3634 1458 μου⁶

741 1475 793 1529 7.
826 1477 892 1531 Et
922 1478 974 1533 in
1010 1481 1361 1539 meditatione
1398 1500 1517 1539 mea
1549 1488 1868 1544 exardescet
1897 1489 2057 1559 ignis.

2415 1484 2467 1537 7.
2502 1484 2612 1537 Kal
2644 1485 2700 1535 ὲν
2726 1486 2789 1553 τῇ
2819 1482 3014 1553 μελέτῃ
3047 1499 3146 1552 μου
3176 1480 3573 1551 ἐκκαυθήσεται
3602 1478 3732 1549 πῦρ.

733 1568 788 1622 8.
822 1568 1061 1626 Locutus
1101 1591 1222 1629 sum
1269 1577 1321 1629 in
1370 1578 1554 1647 lingua
1593 1597 1711 1636 mea
1744 1600 1755 1635 :
1795 1592 1982 1637 notum
2033 1583 2117 1640 fac
2142 1585 2242 1639 mi-

2414 1578 2467 1631 8.
2515 1576 2784 1647 Ἐλὰλησα
2823 1580 2879 1628 ἐν
2914 1575 3133 1649 γλώσσῃ
3174 1592 3295 1628 ιιου·
3335 1573 3599 1646 γνιῦρισὸν
3642 1590 3754 1643 μοι,
3802 1574 3913 1626 Ks-

671 1656 745 1725 hi,
783 1656 1031 1728 Domine,
1066 1663 1225 1718 linem
1259 1681 1461 1732 meum,

1259 1681 1461 1732 meum,
2347 1687 2449 1741 ριε,
2480 1672 2540 1723 τὸ
2568 1670 2741 1739 πέρας
2774 1685 2896 1741 μου.

749 1757 803 1810 9.
840 1756 905 1812 Et
941 1776 1231 1816 numerum
1265 1764 1475 1818 dierum
1502 1779 1771 1832 meorum,
1806 1764 1930 1835 quis
1956 1764 2085 1819 est?

2415 1762 2468 1816 9.
2505 1762 2614 1815 Kal
2648 1761 2738 1814 τὸν
2760 1759 2991 1831 ἀριθμὸν
3015 1758 3124 1814 τῶν
3156 1759 3377 1831 ἡμερῶν
3405 1776 3527 1830 μου,
3562 1760 3648 1822 τίς
3678 1760 3822 1811 ἐστιν
3852 1773 3864 1821 ς

743 1847 829 1902 10.
866 1848 933 1904 Ut
960 1853 1129 1908 sciam
1152 1854 1281 1923 quid
1319 1856 1459 1910 desit
1486 1856 1639 1909 mihi.
2273 1923 2301 1925 _

1626 1897 1639 1909 .
2273 1923 2301 1925 ῃ
2417 1854 2501 1909 10.
2536 1856 2650 1907 Ἵνα
2678 1853 2790 1922 γνῶ
2812 1854 2864 1906 τί
2892 1852 3103 1925 ὑστερῶ
3136 1852 3264 1920 ἐγώ.

738 1942 823 1995 11.
857 1943 991 1998 Ecce
1020 1948 1411 2002 mensuraliiles
1440 1947 1667 2018 posuisti
1696 1947 1811 2003 dies
1836 1963 1987 2003 meos
2014 1969 2025 2003 :
2272 1923 2315 1978 Β

2272 1923 2315 1978 Β
2426 1947 2515 2000 11.
2552 1946 2680 1998 Ἰδοὺ
2710 1923 3289 2009 παλαιπάςήὲθουτὰς
3310 1944 3517 2015 ἡμέρας
3554 1962 3674 2013 μου,

741 2034 826 2087 12.
858 2035 921 2089 Et
948 2037 1248 2092 substantia
1279 2056 1418 2103 mea,
1446 2049 1703 2110 tanquam
1741 2040 1970 2093 nihilum
2000 2050 2124 2094 ante
2149 2050 2233 2095 te:

2422 2038 2489 2093 12
2539 2038 2643 2092 Kal
2667 2041 2699 2109 ὴ
2728 2039 3021 2102 ὑπόστασις
3054 2056 3155 2109 μου
3181 2040 3311 2091 ὡσεὶ
3338 2037 3487 2091 οὐδὲν
3526 2036 3758 2089 ἐνώπιόν
3787 2048 3911 2089 σουο

744 2124 829 2181 15.
874 2122 1256 2185 Verumtamen
1290 2132 1543 2186 universa
1579 2132 1812 2195 vanitas,
1864 2132 2043 2187 omnis
2078 2132 2239 2188 homo

2418 2132 2504 2185 15.
2546 2130 2691 2202 Πλὴν
2724 2130 2789 2184 τὰ
2816 2131 3101 2202 σύμπαντα
3133 2130 3451 2201 ματαιότης,
3482 2131 3590 2192 πᾶς
3636 2128 3915 2201 ἄνθρωπος

672 2216 882 2277 vivens.
2349 2225 2476 2291 ζῶν.

1294 2314 1513 2384 Diapsal
1518 2332 1621 2368 ma.
2906 2321 2938 2371 Δ

2906 2320 3219 2388 Auiti-alga
3278 2335 3352 2386 a,.

745 2401 831 2456 l4.
870 2402 1255 2462 Verumtamen
1290 2407 1342 2461 in
1377 2408 1610 2477 imagine
1647 2406 1937 2474 pertransit
1961 2410 2122 2460 homo
2154 2424 2167 2459 :

2420 2405 2507 2458 11.
2548 2406 2809 2476 Μέντοιγε
2842 2409 2899 2460 ὲν
2926 2408 3093 2460 εἰκόνι
3114 2408 3494 2480 διαπορεύεται
3528 2407 3842 2479 ἄνθρωπος·

744 2496 831 2550 15.
871 2495 1073 2554 Tamen
1106 2499 1311 2554 irustra
1347 2500 1741 2554 conturbatur:

1622 2509 1701 2552 tur
1728 2516 1741 2551 :
2421 2497 2507 2551 15.
2551 2500 2695 2571 Πλὴν
2723 2502 2895 2571 μάτην
2920 2502 3266 2571 ταράσσεται.

743 2628 824 2701 (a)
863 2629 982 2689 Vat.
1016 2636 1136 2690 cod.
1171 2634 1286 2694 Pal.

1793 2819 2166 2875 ATllANASll
2209 2817 2796 2879 INTERPRETATIO.

754 2972 819 3026 'H
854 2975 1183 3046 προκειμένη
1219 2977 1496 3048 ἐπιγραφὴ
1530 2978 1773 3048 περιέχει
1797 2979 1907 3045 (1)·
1935 2980 2034 3043 Εἰς
2070 2977 2136 3031 τὸ
2160 2978 2332 3043 τέλος
2356 2976 2433 3044 τῷ
2474 2978 2719 3047 Ἰδιθοίυμ
2744 2980 2842 3049 (2),
2870 2978 2991 3047 ᾠδὴ
3025 2955 3315 3045 τᾷἶΔαϐίδ.
3352 2977 3521 3031 Τοῦτο
3552 2974 3644 3032 οὖν
3678 2979 3822 3047 λέγει
3844 2983 3915 3051 ’ἡ

674 3067 781 3137 ᾠδὴ
812 3067 889 3136 τῷ
914 3070 1074 3121 Δαϐιδ
1101 3070 1236 3140 αὕτη
1265 3071 1456 3140 ἐλέχθη
1494 3074 1571 3134 εἰς
1602 3072 1697 3142 τὴν
1720 3072 2027 3125 συντέλειαν
2054 3073 2163 3127 τῶν
2194 3073 2404 3128 αἰώνων
2434 3074 2510 3144 τῷ
2542 3076 2620 3129 ἐνὶ
2655 3075 2931 3147 κριτῇ,τῷ
2962 3076 3257 3146 ἐρχομένῳ.
3292 3074 3459 3127 Τοῦτο
3486 3074 3595 3147 γὰρ
3624 3078 3918 3147 ἑρμηνεύε-

674 3176 762 3211 ται
786 3160 846 3211 τὸ
891 3160 1140 3231 Ἰδιθοὺμ,
1172 3162 1307 3227 ἐνὸς
1320 3164 1516 3230 κριτοῦ
1529 3166 1871 3232 ἐρχομένου.

749 3250 964 3305 Titulus
994 3254 1317 3322 praepositus
1344 3256 1587 3311 continet
1618 3274 1631 3311 :
1667 3257 1731 3309 In
1768 3258 1924 3325 ﬁnem
1950 3254 2191 3309 Idithum
2223 3254 2491 3308 canticum
2538 3252 2731 3307 David.
2772 3254 2885 3309 lloc
2926 3264 3106 3308 autem
3153 3256 3442 3324 signiﬁcat,
3469 3258 3612 3325 quod
3651 3259 3915 3313 canticum

678 3342 822 3397 Istud
844 3343 1048 3398 dictum
1077 3352 1159 3398 est
1187 3361 1217 3399 a
1250 3345 1449 3399 Davide
1472 3346 1564 3400 uni
1585 3346 1756 3416 jndici
1791 3346 2117 3401 advenienti.
2149 3345 2225 3401 lla
2251 3348 2395 3402 enim
2432 3349 2815 3415 interpretatur
2845 3346 3074 3401 ldithnm
3106 3364 3118 3398 :
3152 3362 3289 3397 unus
3306 3346 3476 3412 judex
3503 3348 3807 3402 adveniens.

750 3438 799 3490 l.
833 3436 1133 3492 Deliberavi
1166 3440 1310 3494 haud
1340 3442 1575 3511 amplius
1611 3447 1911 3511 producere
1937 3458 2248 3507 sermones,
2278 3449 2321 3505 ς.

2278 3449 2321 3505 C
2427 3445 2479 3500 1.
2516 3442 2956 3511 Ἐϐουλευσάμην
2994 3440 3067 3511 μὴ
3107 3440 3268 3493 πάλιν
3297 3442 3372 3510 (δ)
3407 3444 3531 3504 τοὺς
3569 3442 3758 3511 λόγους
3802 3446 3917 3507 τοὺς

679 3531 769 3599 qui
804 3529 936 3582 mihi
961 3530 1029 3582 ab
1053 3530 1275 3584 inimico
1296 3546 1679 3602 suggeruntur.

2356 3534 2505 3605 πσρὰ
2542 3534 2633 3588 τοῦ
2664 3531 2860 3604 ἐχθροῦ
2894 3550 2983 3603 μοι
3019 3532 3504 3603 ὐποὸαλλομένους.

746 3622 799 3674 9..
826 3620 1092 3691 Proposui
1119 3622 1328 3678 nullum
1357 3626 1579 3679 verbum
1598 3626 1833 3681 Otiosum
1860 3626 2160 3696 producere
2183 3639 2251 3679 ex

2418 3627 2471 3681 2.
2515 3626 2746 3697 Ἐθέμην
2764 3626 2858 3679 τοῦ
2883 3625 3083 3697 μηδένα
3108 3624 3263 3693 λόγον
3285 3624 3453 3695 ἀργὸν
3482 3625 3743 3696 προάγειν
3770 3626 3839 3697 (4)
3861 3628 3920 3679 ὲκ

684 3728 775 3767 ore
802 3730 942 3769 meo.

2352 3719 2446 3772 τοῦ
2484 3719 2749 3789 στόματός
2780 3736 2904 3788 μου.

705 3849 712 3858 .
752 3808 804 3861 5.
836 3807 1123 3861 Diabolum
1163 3808 1448 3879 signiﬁcat.

1442 3850 1448 3862 .
2422 3812 2474 3865 5.
2509 3811 2613 3863 Τὸν
2646 3809 2893 3863 διάὸολον
2914 3808 3086 3878 λέγει.

750 3899 803 3952 4.
838 3898 1125 3954 Abducens
1160 3900 1423 3970 meipsum
1455 3916 1485 3955 a
1517 3900 1675 3955 bonis
1720 3900 1927 3965 mundi,
1962 3908 2017 3953 et
2058 3899 2250 3954 solita-

2423 3902 2475 3957 4.
2514 3903 2685 3972 ’Δρας
2726 3902 2916 3954 ἑαυτὸν
2947 3904 3011 3955 ὲκ
3049 3899 3158 3953 τῶν
3186 3899 3405 3969 ἀγαθῶν
3434 3899 3529 3954 τοῦ
3579 3900 3805 3971 κόσμου,
3836 3901 3920 3953 καὶ

682 3990 796 4045 rius
814 3990 1009 4047 sedens
1041 3993 1309 4063 meipsum
1341 3994 1395 4047 in
1421 3993 1637 4049 silentio
1666 3992 2042 4047 humiliabam.

2358 3994 2645 4057 καθεσθεὶς
2672 3994 2813 4048 κατὰ
2845 3994 3034 4065 μόνας,
3066 3994 3383 4047 ἑταπείνουν
3406 3994 3597 4045 ἑαυτὸν
3624 3993 3917 4063 ἡσυχάζων.

752 4083 806 4137 5.
839 4083 905 4138 Ει
938 4085 1257 4141 recordatus
1281 4101 1403 4139 sum
1428 4086 1634 4155 peccati
1669 4084 1797 4139 mei.

2430 4086 2480 4141 5.
2516 4086 2619 4139 Kal
2647 4085 3076 4155 ὑπεμνησκόμην
3119 4083 3218 4153 τῆς
3255 4083 3527 4154 ἁμαρτίας
3564 4101 3690 4154 μου.

756 4174 809 4229 ‘5.
850 4177 1119 4247 ingemuit
1149 4192 1244 4232 cor
1272 4193 1453 4232 meum
1490 4178 1634 4231 intra
1655 4193 1760 4233 me.

2424 4182 2477 4236 6.
2512 4180 2731 4233 Ἐτενεν
2764 4178 2837 4249 (5)
2867 4179 2899 4247 ἡ
2942 4177 3137 4249 καρδία
3170 4194 3271 4247 μου
3309 4177 3458 4240 ἐντός
3492 4193 3613 4247 μου.

756 4266 805 4322 7.
837 4267 902 4323 Ει
932 4284 1043 4339 prae
1074 4269 1261 4326 dolore
1280 4269 1481 4325 exarsi.

2427 4274 2481 4327 7.
2519 4270 2625 4326 Kal
2655 4268 2965 4344 ἔφλεγόμην
2988 4268 3096 4322 ἀπὸ
3122 4268 3223 4337 τῆς
3244 4266 3435 4337 ὀδύνης
3464 4265 3562 4339 (6).

756 4360 806 4414 8.
844 4360 909 4415 Ει
937 4362 1087 4417 oravi
1109 4364 1297 4418 dicens
1334 4382 1345 4417 :
1380 4363 1454 4417 Da
1495 4364 1651 4430 mihi,
1690 4362 1937 4427 Domine,
1967 4372 2027 4417 ut
2064 4362 2255 4425 sciam,

2432 4365 2484 4418 8.
2518 4362 2621 4416 Kal
2645 4361 3036 4433 προσηυχὸμην
3062 4359 3236 4427 λέγων
3257 4375 3273 4389 ο
3308 4358 3406 4421 Δός
3438 4375 3550 4429 μοι,
3578 4356 3767 4428 Κύριε,
3796 4358 3921 4410 εξὸἐ-

685 4454 903 4524 quando
932 4470 1018 4510 me
1047 4463 1261 4525 Oportet
1285 4466 1459 4510 astare
1491 4466 1585 4510 tuo
1621 4455 1899 4510 tribunali.

2360 4477 2468 4521 ναι,
2497 4459 2578 4509 ὅτι
2601 4453 2946 4527 παραστῆναι
2975 4471 3041 4524 με
3070 4453 3149 4505 δεῖ
3171 4452 3248 4523 τῷ
3273 4450 3475 4522 βήματί
3498 4468 3613 4505 σου.

756 4545 808 4599 9.
838 4544 905 4599 Et
926 4547 1069 4615 quod
1096 4547 1211 4601 dies
1238 4548 1340 4602 mei
1372 4548 1527 4617 pauci
1554 4558 1698 4603 sunt.

2426 4552 2479 4606 9.
2509 4550 2613 4602 Kal
2644 4551 2725 4603 ὅτι
2754 4549 2808 4601 αἱ
2833 4550 3037 4618 ἡμέραι
3070 4563 3171 4616 μου
3205 4544 3382 4611 ὀλίγαι
3403 4543 3557 4598 εἰσίν.

759 4637 844 4692 10.
883 4636 1191 4694 Ut-tandem
1214 4656 1561 4713 cognoscam,
1593 4642 1724 4713 quid
1750 4642 1814 4695 de
1838 4639 2122 4712 prmceptis
2153 4648 2260 4693 tuis

2436 4643 2522 4697 l0.
2552 4642 2669 4694 Ἵνα
2710 4637 2823 4709 γνῶ
2867 4637 3053 4691 λοιπὸν
3097 4636 3151 4689 τι
3196 4634 3504 4706 παρέλειψα
3559 4634 3668 4689 τῶν
3708 4632 3921 4689 ἐντολῶν

686 4732 1029 4801 prmtermisi.
2292 4797 2322 4801 _
2366 4753 2479 4789 σου.

761 4824 844 4876 ll.
878 4821 1213 4877 Miserabiles
1240 4821 1529 4891 signiﬁcat,
1554 4830 1607 4875 et
1626 4821 1936 4876 demetitos.
2292 4797 2335 4851 θ

1874 4837 1936 4876 ts.
2292 4797 2335 4851 ῃ
2435 4824 2523 4879 ll.
2554 4822 2791 4894 Οἱκτρὰς
2818 4820 2991 4889 λέγει,
3022 4818 3116 4872 καὶ
3143 4817 3417 4891 μετρητάς
3444 4817 3518 4889 (7)

761 4914 847 4967 12.
881 4912 1064 4968 Pulvis
1098 4930 1241 4980 sum,
1278 4914 1470 4983 inquit.

1415 4914 1470 4968 it.
2430 4917 2516 4971 η.
2555 4916 2859 4985 Χοῦςσείμι,
2892 4912 3059 4981 λέγει.

762 5006 847 5061 15.
878 5006 1262 5062 Verumtamen
1308 5023 1471 5077 opera
1524 5009 1842 5075 hominum,
1878 5024 2002 5080 quae
2041 5010 2093 5065 in
2151 5026 2255 5066 noc

2432 5010 2517 5063 15.
2553 5008 2699 5079 Πλὴν
2721 5008 2789 5061 τὰ
2822 5006 2957 5076 ἔργα
2985 5004 3090 5058 τῶν
3119 5001 3420 5076 ἀνθρώπων
3458 5002 3524 5056 τὰ
3560 5004 3617 5057 ἐν
3651 5002 3728 5073 τῷ
3752 5002 3921 5071 κόσμῳ

690 5100 913 5165 mundo,
950 5108 1078 5154 sunt
1110 5099 1340 5154 vanitas.

1208 5099 1340 5154 Illas.
2368 5102 2661 5173 ματαιότης
2687 5100 2852 5155 ἐστίν.

764 5191 848 5244 14.
888 5190 1063 5245 Veluti
1091 5192 1277 5245 umbra
1315 5194 1635 5248 transcurrit
1663 5195 1846 5249 homo.

2436 5195 2522 5249 l4.
2552 5193 2695 5245 Ὠσεὶ
2723 5192 2796 5263 (8)
2826 5192 2953 5245 σκιὰ
2980 5192 3252 5264 διατρέχει
3284 5194 3312 5245 ὁ
3338 5191 3626 5263 ἄνθρωπος

764 5281 849 5336 15.
886 5281 949 5336 Et
981 5282 1085 5351 hic,
1122 5293 1174 5338 et
1204 5284 1311 5338 illic
1336 5285 1711 5355 intempestive
1745 5286 2111 5355 perturbatur.

1977 5297 2111 5341 atur.
2436 5288 2522 5342 l5.
2565 5287 2673 5339 Καὶ
2702 5285 2946 5355 ἀκαίρως
2970 5277 3071 5338 ὧδε
3106 5286 3264 5338 κάκεῖ
3292 5284 3621 5355 θορυϐεῖται.

1646 5448 1947 5509 Addenda
1979 5454 2037 5508 et
2070 5446 2445 5525 corrigenda
2498 5464 2575 5509 ex
2606 5448 2746 5510 cod.
2779 5445 2976 5507 Vatic.

768 5569 842 5642 (lt
879 5568 1047 5642 illati:
1076 5568 1175 5637 τῆς
1204 5571 1570 5639 κινναϐάρεως
1604 5589 1728 5642 περ.
2180 5641 2183 5642 ν
2444 5570 2519 5638 (5)
2559 5569 2829 5642 Ἔᾼστενεν.

768 5638 844 5707 (2)
888 5635 1353 5712 Ὶδιθοὺμ-ψαλμὺς
1378 5635 1519 5711 ᾠδῆς
1543 5643 1619 5713 τῷ
1653 5635 1847 5697 Ᾰαϐίδ·
1884 5642 2017 5713 αὕτη
2042 5641 2255 5718 ἐλέχθη.
2553 5640 2775 5718 ξρᾷύνης
2802 5639 3071 5718 τῆίὲνιτῇ
3103 5635 3247 5718 ψξδκῇ
3279 5652 3401 5718 l1?“-

1081 5707 1089 5710 .
1159 5707 1165 5709 ν
1258 5707 1266 5712 ν
1394 5707 1403 5711 -
1479 5707 1487 5711 -
1592 5707 1602 5713 -
2009 5707 2017 5713 '
2133 5707 2166 5718 1‘
2226 5707 2234 5713 '

753 5728 799 5759 (ἲ.

2009 5707 2017 5713 .
2133 5707 2166 5718 ,-
2226 5707 2234 5713 -
2444 5710 2521 5780 (7)
2551 5710 2653 5762 καὶ
2680 5707 2951 5779 μ,έτρηὲτάις
2975 5709 3123 5764 deest
3148 5708 3200 5761 in
3234 5707 3353 5761 cod.

992 5779 1171 5857 λαλεῖν
1203 5823 1213 5833 .
1257 5825 1266 5835 .
1308 5825 1319 5837 .
1356 5784 1548 5857 ἐχοροὸ
1584 5801 1705 5854 μου.
2441 5776 2520 5850 (8)
2560 5776 2779 5846 Καὶῶς.

769 5849 840 5916 (4)
877 5851 1211 5919 Προαγαγείν

697 5717 748 5763 ει
