4164 6494
238 476 343 531 801

1044 468 1133 523 DE
1168 465 1442 524 TITULIS
1480 461 1930 521 PSALMORUM.
1967 490 2033 500 —
2068 460 2264 515 PSAL.
2297 459 2579 514 XXXVIII.

3370 459 3474 513 802

315 591 401 646 I6.
441 587 787 659 Θησαυρὶξει,
814 586 906 641 καὶ
926 586 987 639 ού
1009 583 1262 653 γινώσκει
1288 583 1395 637 τίνι
1418 579 1632 647 συνάξει
1650 579 1805 635 αὐτά.
1837 587 1886 645 Α

1776 580 1805 634 ι.
1837 587 1886 645 Α
1982 576 2069 632 I6.
2102 576 2477 642 Thesaurizat,
2508 583 2561 631 et
2591 575 2805 646 ignorat
2837 576 2924 631 cui
2958 576 3307 646 congregabit
3336 592 3420 631 ea.

314 686 402 740 I7.
444 684 552 737 Kal
571 681 665 737 νῦν
692 680 773 744 τίς
802 683 835 751 ἡ
863 680 1105 751 ύπομονή
1139 694 1277 743 nou;
1305 676 1427 748 οὐχὶ
1450 679 1480 731 ό
1508 676 1740 747 Κύριοςς

315 854 401 907 I8.
442 853 604 923 Καὶὴ
632 868 925 913 υποστασις
954 867 1054 920 μου
1081 849 1231 921 παρὰ
1258 846 1350 901 σού
1381 848 1549 901 ἐστιν.

313 948 401 999 19.
430 945 561 997 Ἀπὸ
597 943 785 997 πασῶν
807 942 912 995 τῶν
935 941 1171 1012 ἀνομιῶν
1202 957 1299 1010 μου
1333 938 1493 1010 ῥῦσαί
1525 956 1619 1009 με·

310 1038 403 1090 20.
428 1036 664 1099 Ὄνειδος
690 1035 885 1106 ἄφρονι
918 1034 1125 1097 ἔδωκάς
1159 1050 1247 1103 με.

309 1129 374 1182 21
388 1171 400 1182 .
430 1125 686 1197 Ἐκωφὼθ
698 1143 777 1196 ην,
795 1126 888 1178 καὶ
903 1126 1002 1178 οὐκ
1018 1124 1203 1195 ήνοιξα
1216 1125 1277 1178 τὸ
1296 1125 1467 1195 στόμα
1482 1140 1609 1194 μου,
1628 1124 1714 1177 ὅτι
1738 1122 1810 1194 (α)

239 1220 307 1271 σὺ
338 1220 621 1290 ἐποίησας.

309 1310 403 1364 22.
437 1311 763 1379 Ἀπόστησον
792 1309 887 1363 ἀπ’
919 1308 1051 1379 ἐμοῦ
1077 1308 1175 1371 τάς
1214 1309 1482 1378 μάστιγάς
1510 1328 1632 1363 σου·

310 1405 401 1460 25.
433 1404 564 1457 Ἀπὸ
593 1404 700 1475 γὰρ
740 1403 839 1474 τῆς
884 1402 1063 1473 ἰσχύος
1101 1402 1200 1472 τῆς
1246 1403 1425 1475 χειρός
1464 1422 1555 1457 σου
1588 1402 1696 1472 ἐγὼ
1727 1404 1811 1469 ἐξ-

234 1500 447 1552 ἐλιπον.
1188 1484 1197 1493 ⁸

308 1590 401 1644 24.
437 1591 524 1643 Ἑν
553 1590 800 1659 έλεγμοῖς
831 1588 969 1658 ὑπὲρ
996 1587 1221 1658 ἀνομίας
1252 1587 1573 1651 ἐπαίδευσας
1601 1589 1811 1660 ἄνθρω-

238 1694 346 1734 πον
368 1699 381 1711 ⁸

310 1774 403 1828 25.
440 1776 549 1827 Kal
574 1772 829 1844 ἐξέτηξας
852 1773 928 1838 ὡς
960 1774 1200 1848 ἀράχνην
1225 1774 1323 1844 τὴν
1348 1773 1525 1845 ψυχήν
1556 1792 1659 1845 μου
1694 1774 1811 1845 [αύ-

235 1867 336 1920 τοῦ
366 1868 480 1921 cod.
502 1867 713 1940 Barb.].

1986 672 2070 725 I7.
2102 671 2169 727 Et
2211 688 2361 727 nunc
2405 686 2526 743 quae
2570 671 2904 741 exspectatio
2952 671 3105 726 mea?
3152 686 3331 727 nonne
3370 669 3478 726 Do-

1914 762 2131 816 minus?
2640 776 2646 782 ·

1982 852 2068 907 I8.
2102 851 2169 904 Et
2200 851 2501 906 substantia
2535 867 2653 906 mea
2683 866 2712 905 a
2741 859 2790 907 te
2819 859 2924 907 est.

1986 944 2073 997 I9.
2104 944 2185 997 Ab
2215 944 2465 997 omnibus
2496 942 2872 1013 iniquitatibus
2900 943 3034 997 meis
3064 959 3194 1000 erue
3225 960 3309 1000 me
3338 958 3354 998 :

1982 1033 2071 1087 20.
2106 1032 2468 1103 Opprobrium
2507 1034 2781 1102 insipienti
2808 1034 3003 1089 dedisti
3029 1051 3133 1090 me.

1981 1124 2069 1178 2i.
2107 1122 2385 1191 Obmutui,
2415 1133 2469 1178 et
2500 1140 2605 1178 non
2644 1126 2830 1195 aperui
2864 1141 2957 1181 eos
2991 1142 3190 1193 meum,
3216 1128 3473 1197 quoniam

1911 1224 1966 1271 tu
1995 1216 2191 1271 fecisti.

1979 1306 2069 1363 22.
2100 1308 2304 1363 Amove
2329 1324 2356 1362 a
2387 1324 2473 1364 me
2502 1309 2685 1379 plagas
2715 1320 2836 1367 tuas
2865 1325 2879 1362 :

1976 1398 2067 1453 25.
2097 1400 2143 1453 Α
2177 1400 2494 1456 fortitudine
2527 1402 2669 1455 enim
2706 1418 2900 1457 manus
2931 1411 3035 1458 tuae
3066 1418 3165 1475 ego
3193 1404 3387 1461 defeci.

1978 1580 2067 1634 24.
2102 1581 2158 1634 1η
2192 1580 2655 1651 increpationibus
2682 1594 2904 1655 propter
2931 1584 3267 1656 iniquitatem
3299 1589 3475 1642 corri-

1910 1670 2073 1739 puisti
2109 1670 2385 1727 hominem
2414 1692 2426 1727 :

1978 1762 2070 1816 25.
2106 1762 2173 1817 Et
2218 1764 2493 1821 tabescere
2544 1764 2720 1821 fecisti
2763 1766 2905 1823 sicut
2936 1783 3190 1826 araneam
3236 1772 3473 1828 animam

1911 1867 2051 1921 ejus.

307 1957 400 2013 26.
437 1958 581 2028 Πλὴν
612 1961 787 2032 μάτην
819 1962 924 2024 πᾶς
945 1959 1146 2032 [μάτην
1174 1960 1505 2031 ταράσσεται
1528 1961 1652 2021 πᾶς,
1676 1956 1807 2030 etc.]
1843 1940 1885 1999 Β

1843 1940 1885 1999 Β
1983 1944 2073 1998 26.
2106 1942 2491 2001 Verumtamen
2540 1963 2679 2003 vane
2720 1950 2901 2005 omnis
2926 1950 3085 2021 [vane
3128 1958 3475 2024 perturbatur

237 2047 552 2114 ἄνθοωπος.

803 2146 1119 2216 meum:
1153 2146 1251 2217 (ι).

308 2240 400 2294 27.
434 2240 760 2295 Εἰσάκουσον
786 2240 882 2310 τῆς
912 2239 1219 2311 προσευχῆς
1246 2254 1368 2308 μου,
1394 2239 1585 2309 Κύριε,
1604 2238 1812 2311 καὶτῆς

233 2315 477 2403 δεήσεώξ
507 2350 609 2403 μου
642 2330 770 2405 [μου
802 2330 1101 2403 ὲνώτισαι].

308 2424 400 2479 28.
434 2424 503 2497 (ε)
537 2425 815 2480 Ἐνώτισαι
848 2424 957 2477 τῶν
986 2422 1234 2494 δακρύων
1271 2442 1394 2494 μου.

306 2516 398 2573 29.
431 2517 523 2589 Μὴ
551 2518 1001 2589 παρασιωπήσῃς,
1032 2517 1112 2570 ὅτι
1139 2518 1399 2589 πάροικος
1425 2518 1535 2587 ἐγώ
1564 2519 1678 2589 εἰμι
1706 2535 1809 2573 πα-

237 2609 310 2681 ρὰ
348 2610 463 2663 σοι’

308 2700 398 2755 30.
419 2700 527 2755 Kal
542 2702 814 2774 παρεπίδη
823 2718 941 2773 μος,
952 2700 1134 2766 καθὼς
1146 2701 1346 2766 πάντες
1359 2704 1407 2755 οἱ
1432 2702 1665 2772 πατέρες
1684 2718 1805 2771 μου.

310 2844 389 2917 (a)
407 2846 549 2917 ᾯτι,
580 2854 711 2910 etc.,
738 2846 954 2917 desunt.

306 2915 388 2987 (ο)
431 2915 550 2973 Vat.
582 2920 704 2975 cod.
743 2916 861 2974 Pal.

1912 2036 2109 2098 omnis,
2142 2032 2274 2106 etc.]
2310 2035 2491 2090 homo.

2493 2154 2500 2161 -
2528 2126 2861 2195 Diapsalma.

1978 2213 2069 2267 27.
2109 2214 2317 2271 Exaudi
2363 2218 2662 2274 orationem
2701 2235 2899 2286 meam,
2941 2220 3190 2290 Domine,
3218 2224 3476 2297 depreca-

1909 2307 2113 2364 tionem
2142 2324 2316 2363 meam
2352 2308 2548 2381 [meam
2586 2312 2809 2369 auribus
2846 2315 3082 2389 percipe]
3119 2333 3133 2369 :

1978 2400 2066 2456 28.
2105 2401 2343 2456 Auribus
2368 2404 2584 2473 percipe
2612 2405 2879 2477 lacrymas
2911 2423 3081 2463 meas.

1981 2491 2070 2546 29.
2096 2491 2175 2548 Ne
2208 2494 2394 2558 sileas,
2426 2496 2684 2565 quoniam
2710 2497 2917 2553 advena
2944 2514 3044 2571 ego
3069 2515 3190 2555 sum
3225 2501 3365 2571 apud
3392 2509 3474 2569 te;

1985 2693 2076 2749 30.
2104 2692 2172 2749 Et
2202 2694 2543 2766 peregrinus,
2570 2697 2711 2752 sicut
2742 2712 2932 2754 omnes
2958 2707 3139 2769 patres
3170 2700 3297 2757 mei.

1977 2841 2273 2927 (ρυλες,
2321 2841 2443 2927 ςΓῶν
2482 2841 2731 2927 δακρύων
2766 2858 2865 2927 tto}:
2901 2840 2974 2927 μὴ
3010 2841 3470 2927 παρασιωπῄσης.

1919 2910 1995 2969 ν.
2018 2910 2237 2978 29.Ὅτι
2265 2912 2397 2984 πάρ.
2428 2913 2538 2981 ἐγώ
2568 2910 2682 2981 ειμι
2705 2910 2849 2981 ένίτῇ
2878 2910 2973 2982 γῇ.
3010 2910 3072 2965 V.
3095 2910 3183 2980 '50,
3216 2910 3344 2973 Kal,
3368 2910 3474 2966 etc.

1362 3072 1742 3128 ATIIANASII
1776 3072 2368 3129 INTERPRETATIO.

310 3212 397 3267 16.
439 3206 766 3282 Θησαυρίζει
812 3209 938 3285 γὰρ,
977 3210 1068 3264 καὶ
1118 3210 1178 3263 ού
1223 3206 1477 3279 γινώσκει
1516 3214 1599 3278 τίς
1626 3213 1806 3268 αὐτῶν
1833 3218 1877 3277 C

1833 3218 1877 3277 ο
1982 3212 2068 3267 I6.
2113 3210 2468 3265 Thesaurizat
2521 3211 2688 3275 enim,
2734 3217 2788 3264 et
2826 3210 3058 3279 ignorat,
3105 3210 3231 3280 quis
3286 3226 3473 3269 eorum

234 3304 485 3377 κυριεύει
514 3304 611 3374 (I).

348 3398 402 3452 7.
432 3397 540 3449 Kal
566 3395 661 3449 νῦν
712 3396 773 3449 τὸ
802 3396 1091 3467 ὑπομένειν
1140 3414 1207 3470 με
1237 3397 1297 3450 τὸ
1326 3397 1528 3466 ἀγαθον
1557 3398 1631 3455 (2i
1664 3400 1813 3472 παρὰ

236 3490 335 3545 τοῦ
361 3490 567 3561 Κυρίου
598 3489 727 3561 ἔχω.

311 3585 403 3641 18.
442 3585 553 3639 Καὶ
580 3586 614 3655 ἡ
646 3583 952 3637 συνιπιΒσά
987 3601 1056 3655 με
1088 3582 1246 3655 χάρις
1277 3581 1426 3653 παρὰ
1455 3580 1549 3635 σοῦ
1584 3584 1749 3637 ἐστιν.

310 3676 401 3731 I9.
441 3672 748 3746 Καθάρισόν
786 3691 873 3744 με,
903 3674 1070 3743 λέγει,
1096 3675 1203 3727 τῶν
1238 3674 1474 3744 ἀνομιῶν
1504 3693 1626 3744 μου.

307 3767 399 3823 20.
442 3767 841 3836 Καταγελῶντά
886 3767 962 3839 (ὅ)
1002 3785 1070 3839 με
1112 3768 1224 3838 ἔχει
1256 3770 1285 3821 ὁ
1329 3767 1571 3833 διάϐολος
1603 3769 1689 3823 διὰ
1715 3769 1815 3835 τὰς

237 3861 517 3934 ἁμαρτιας
545 3878 664 3932 μου.

309 3954 400 4008 21.
431 3954 543 4007 Ούκ
565 3952 643 4005 ἔτι
672 3951 930 4006 ὑπακούω
952 3954 1017 4023 τῇ
1042 3953 1309 4024 ἁμαρτίᾳ.
1342 3954 1423 4007 ὃτι
1456 3954 1814 4025 σὺ’ἐποίησας

236 4046 399 4102 τοῦτό
426 4064 493 4118 με
526 4046 770 4116 ποιῆσαι.

309 4140 401 4194 22.
428 4137 696 4208 Ἰλάσθητί
725 4154 833 4207 μοι,
861 4136 1030 4207 λέγει.

308 4231 400 4285 25.
423 4228 555 4283 Ἀπὸ
602 4228 708 4300 γὰρ
756 4227 854 4299 τῆς
904 4228 1225 4300 προσδοκίας
1257 4230 1348 4283 τοῦ
1385 4229 1690 4299 λογίζεσθαί
1723 4250 1809 4304 με,

240 4323 322 4376 ὅτι
351 4321 529 4393 μέλλει
560 4320 634 4392 (4)
665 4337 730 4391 με
764 4320 966 4393 κρίνειν
1001 4318 1112 4373 ἴσον
1141 4319 1370 4375 θανάτου
1396 4323 1683 4394 ἐγενόμην.

310 4489 801 4559 24.Ἒλεγχόμενος
843 4486 995 4559 παρὰ
1039 4489 1132 4540 σοῦ
1176 4489 1263 4543 διὰ
1302 4490 1399 4554 τὰς
1446 4491 1672 4562 ἀνομίας
1708 4510 1811 4562 μου

244 4580 523 4650 ἐδιδάχθην
553 4578 626 4650 μὴ
650 4576 1002 4650 ἁμαρτάνειν.

310 4671 402 4725 25.
440 4670 550 4723 Kal
596 4668 704 4722 άπὸ
737 4668 837 4739 τῆς
882 4666 1113 4737 θλίψεως
1135 4668 1235 4739 τῆς
1266 4668 1438 4741 ψυχῆς
1472 4688 1572 4741 μου
1608 4670 1807 4743 ὲτάκην

244 4762 395 4825 ὅλως.

309 4852 400 4906 26.
433 4850 579 4923 Πλὴν
610 4850 761 4905 οὐδέν
789 4851 934 4905 ἐστιν
963 4849 1191 4916 ἕκαστος
1226 4852 1334 4906 τῶν
1360 4852 1681 4924 ἀνθρώπων.

309 4947 400 5001 27.
428 4946 519 5017 Μὴ
542 4944 736 5019 άπὼσῃ
765 4945 863 5017 τὴν
901 4949 1207 5020 προσευχήν
1236 4966 1357 5020 μου,
1385 4950 1518 5005 ἀλλὰ
1543 4950 1809 5023 μακροθύ-

246 5057 357 5111 μως
387 5038 589 5107 ταύτην
617 5037 689 5109 (5)
725 5038 978 5093 ἄκουσον.

307 5129 399 5183 28.
439 5128 529 5199 Μὴ
555 5128 783 5200 παρίδῃς
811 5130 879 5183 τὰ
904 5129 1114 5200 δάκρυά
1141 5148 1261 5201 μου.

307 5222 396 5275 29.
417 5224 536 5275 ’Ότι
563 5222 933 5293 ὲναπόγραφός
956 5223 1047 5274 σού
1076 5225 1187 5294 εἰμι
1217 5223 1345 5293 ἐγώ.

309 5314 398 5372 30.
439 5316 546 5369 Kal
578 5315 670 5367 ἐπὶ
692 5316 790 5386 τῆς
813 5317 915 5385 γῆς
948 5317 1322 5387 παρεπίδημός
1353 5320 1496 5390 εἰμι·
1518 5319 1677 5393 ἡγὰρ
1696 5319 1807 5375 άνω

252 5408 607 5481 Ἰερουσαλὴμ
630 5408 781 5471 πόλις
811 5426 910 5478 μου
940 5408 1078 5463 ἐστί.

1916 3305 2169 3360 dominus
2206 3303 2328 3357 erit.

1988 3395 2076 3450 I7.
2102 3393 2167 3449 Et
2208 3408 2353 3449 nunc
2384 3402 2630 3463 superest
2656 3393 2810 3459 mihi,
2848 3402 2907 3448 ut
2944 3392 3148 3449 bonum
3177 3409 3208 3449 a
3245 3394 3476 3453 Dommo

1914 3498 2241 3557 exspectem.

1988 3578 2073 3632 I8.
2109 3576 2175 3631 Et
2203 3576 2396 3647 gratia,
2433 3592 2553 3646 qua:
2581 3592 2667 3631 me
2693 3585 2981 3649 sustentat,
3016 3594 3046 3633 a
3075 3587 3127 3634 te
3164 3589 3265 3636 est.

1988 3668 2073 3722 I9.
2112 3666 2307 3719 Munda
2336 3682 2439 3731 me,
2469 3666 2662 3735 inquit,
2698 3667 2766 3719 ab
2794 3667 3171 3735 iniquitatibus
3201 3672 3356 3727 meis.

1986 3759 2076 3813 20.
2109 3756 2320 3812 Derisui
2365 3772 2451 3811 me
2496 3756 2657 3812 habet
2698 3757 2947 3814 diabolus
2994 3770 3213 3831 propter
3254 3772 3476 3833 peccata

1916 3866 2056 3905 mea.

1985 3941 2074 3995 21.
2104 3939 2221 3996 Non
2267 3941 2500 4012 amplius
2541 3942 2791 3999 ausculto
2836 3954 3090 4013 peccato,
3120 3946 3375 4016 quoniam
3417 3957 3473 4003 tu

1914 4029 2088 4085 fecisti
2119 4037 2178 4085 ut
2209 4045 2307 4100 ego
2335 4030 2389 4084 id
2414 4030 2666 4087 facerem.

1986 4123 2074 4177 22.
2109 4123 2363 4179 Miserere
2395 4125 2517 4189 mei,
2546 4124 2693 4179 dicit.

1986 4215 2075 4269 23:
2102 4213 2181 4271 Ob
2201 4214 2647 4283 exspectationem
2671 4216 2838 4280 enim,
2865 4217 2992 4271 dum
3019 4234 3231 4274 mecum
3261 4234 3472 4292 reputo,

1915 4310 2063 4378 quod
2102 4317 2157 4362 tu
2190 4322 2276 4361 me
2299 4307 2640 4377 iudicaturus
2671 4321 2729 4363 es
2760 4309 2982 4378 perinde
3013 4326 3077 4366 ac
3108 4324 3353 4370 mortuus
3392 4315 3474 4370 fa-

1915 4409 2035 4453 ctus
2063 4413 2205 4452 sum.

1983 4489 2072 4542 24.
2108 4488 2402 4559 Correptus
2429 4505 2458 4543 a
2488 4499 2537 4545 te
2572 4501 2789 4561 propter
2816 4492 3127 4563 iniquitates
3164 4512 3314 4553 meas
3338 4500 3471 4557 edo-

1836 4563 1886 4618 D
1914 4589 2033 4636 ctus
2062 4596 2183 4635 sum
2211 4597 2316 4637 ιιοη
2349 4596 2589 4651 peccare.

1985 4673 2075 4727 25.
2108 4672 2174 4729 Et
2214 4689 2324 4744 prae
2366 4672 2655 4729 amictione
2688 4674 2883 4732 animm
2928 4692 3063 4733 mea:
3098 4680 3310 4750 penitus
3336 4698 3471 4740 con-

1914 4766 2081 4822 tabui.

1989 4858 2077 4917 26.
2112 4859 2493 4916 Verumtamen
2527 4862 2663 4916 nihil
2686 4871 2771 4918 est
2797 4865 2973 4919 omnis
3005 4866 3189 4922 homo.

1984 4952 2073 5005 27.
2108 4949 2185 5007 Ne
2227 4953 2455 5022 repellas
2486 4953 2786 5009 orationem
2826 4971 3002 5012 meam
3025 4996 3039 5021 ,
3074 4961 3167 5015 sed
3207 4960 3473 5031 patienter

1912 5043 2053 5097 hanc
2087 5044 2235 5099 audi.

1992 5135 2083 5189 28.
2110 5136 2188 5191 Ne
2217 5138 2482 5208 despicias
2505 5140 2772 5212 lacrymas
2806 5157 2974 5198 meas.

1989 5228 2080 5284 29.
2119 5228 2386 5295 Quoniam
2414 5234 2747 5302 ascriptitius
2772 5243 2898 5289 tuus
2927 5250 3048 5291 sum
3074 5251 3193 5309 ego.

1983 5319 2071 5373 50.
2106 5320 2171 5375 Et
2206 5322 2258 5375 in
2308 5332 2449 5377 terra
2484 5326 2800 5397 peregrinus
2833 5343 2951 5383 sum
2998 5346 3013 5384 :
3060 5344 3292 5400 superna
3329 5333 3471 5387 enim

1916 5412 2214 5471 Jerusalem
2241 5416 2433 5471 civitas
2461 5434 2576 5473 mea
2600 5430 2702 5478 est.

1187 5568 1491 5632 Addenda
1522 5577 1583 5633 et
1614 5572 1991 5653 corrigenda
2024 5591 2103 5635 ex
2142 5578 2283 5641 cod.
2326 5579 2527 5642 Vatic.

309 5725 386 5799 Η)
425 5726 733 5799 κυριεύσει.

311 5798 387 5931 (2ζ
432 5798 658 5867 Ἀγαθὸν
690 5798 808 5867 οὐχὶ
841 5799 990 5871 παρὰ
1014 5800 1109 5856 τοῦ
1142 5802 1346 5874 Κυρίου
1376 5802 1515 5875 ἔχως

311 5869 366 5931 (3
427 5870 811 5931 Καταγέλωτα.

310 5869 386 5931 (3)
427 5870 811 5933 Καταγέλωτα.

1982 5741 2058 5811 (ι)
2098 5743 2345 5808 Μέλλεις.

1980 5814 2059 5885 (5)
2098 5814 2311 5888 Ταύτης
2339 5816 2588 5883 ἄκουσον,
2620 5817 2713 5871 καὶ
2740 5818 2972 5891 δεήσεως
2999 5838 3121 5891 μου.
