4164 6514
224 429 337 488 805

304 557 393 611 15.
433 556 633 610 Θυσίαν
659 558 751 610 καὶ
784 558 1096 632 προσφορὰν
1122 560 1222 611 οὐκ
1251 558 1549 630 ἠθέλησας·

305 652 394 705 16.
436 652 600 722 Σῶμα
619 651 673 703 δὲ
706 655 1019 721 κατηρτίσω
1049 670 1172 722 μοι·

308 746 395 800 17.
421 744 871 815 Ὀλοκαυτὼματα
905 748 996 798 καὶ
1022 747 1146 818 περὶ
1174 748 1447 821 ἁμαρτίας
1477 749 1574 804 οὐκ
1603 751 1799 823 ἐζήτη-

230 857 355 903 σας.

308 930 394 985 18.
437 932 569 984 Τότε
600 925 771 991 εἷπον,
811 928 916 979 ἰδοὺ
947 928 1085 998 ἥκω.

305 1026 390 1079 19,
419 1027 503 1078 Ἐν
528 1022 768 1091 κεφαλίδι
794 1021 994 1090 βιϐλίου
1019 1020 1326 1093 γέγραπται
1350 1026 1475 1096 περὶ
1502 1025 1655 1096 ἐμοῦ,

299 1116 391 1171 20.
434 1115 539 1167 Τοῦ
571 1114 787 1183 ποιῆσαι
809 1111 870 1163 τὸ
895 1111 1106 1182 θέλημά
1132 1129 1246 1179 σου,
1269 1117 1297 1168 ὁ
1323 1113 1453 1178 Θεός
1486 1133 1608 1186 μου,
1630 1115 1794 1185 ἡδου-

224 1210 400 1281 λήΟην
436 1208 799 1281 [ἑ.6ουλήοην],

296 1304 387 1355 21.
433 1303 540 1355 Καὶ
575 1302 664 1353 τὸν
692 1302 852 1371 νόμον
876 1319 969 1355 σου
1005 1304 1060 1355 ἐν
1098 1300 1245 1372 μέσῳ
1278 1302 1377 1373 τῆς
1400 1302 1603 1366 κοιλίας
1635 1321 1754 1373 μου.

296 1395 389 1448 22.
432 1393 882 1464 Εὐηγγελισάμην
910 1394 1253 1466 δικαιοσύνην
1294 1395 1351 1448 ὲν
1390 1396 1654 1466 ἐκκλησία
1700 1412 1796 1466 με-

221 1489 372 1560 γάλῃ
390 1506 403 1518 ·

297 1582 389 1635 23.
427 1580 653 1651 ((0⁸1δοί)
686 1581 754 1635 τὰ
785 1580 935 1652 χείλη
974 1598 1072 1651 μου
1120 1580 1180 1634 οὐ
1219 1580 1291 1653 μὴ
1317 1579 1573 1635 κωλύσωο
1601 1580 1792 1651 Κύριε,

224 1675 292 1729 σὺ
330 1675 520 1742 ἔγνως.

294 1765 386 1819 24.
420 1767 529 1837 Τὴν
558 1766 899 1838 δικαιοσύνην
930 1782 1021 1819 σου
1047 1766 1147 1820 οὐκ
1179 1765 1390 1836 ἔκρυψα
1421 1767 1477 1818 ἐν
1506 1767 1568 1835 τῇ
1597 1765 1793 1836 καρδία

224 1876 356 1928 μου.

1108 435 1195 489 DE
1228 436 1505 492 TITULIS
1578 438 2022 502 PSALMORUM.
2073 478 2131 488 —
2169 447 2361 503 PSAL.
2405 448 2640 505 XXXIX.

3341 450 3449 511 806

1826 578 1873 636 Α
1969 570 2056 624 13.
2095 568 2431 625 Sacriﬁcium
2464 581 2517 625 ct
2546 568 2873 626 oblationem
2903 571 3125 629 noluisti
3155 590 3169 628 :

1970 662 2055 716 16.
2096 663 2304 732 Corpus
2331 673 2507 717 autem
2531 660 2805 731 perfecisti
2837 664 2993 719 mihi.

1969 754 2056 810 17.
2086 753 2409 809 llolocausta
2433 764 2486 810 et
2514 771 2614 826 pro
2635 766 2857 826 peccato
2888 772 2995 813 non
3036 757 3327 829 postulasti
3359 801 3377 819 .

1965 927 2050 982 18.
2085 927 2237 984 Tunc
2268 929 2401 991 dixi,
2429 946 2554 985 ecce
2582 932 2760 986 venio.

1969 1023 2057 1078 l9.
2091 1022 2145 1077 In
2179 1025 2353 1091 capite
2388 1024 2509 1078 libri
2542 1025 2803 1095 scriptum
2832 1033 2916 1079 cst
2934 1025 2999 1081 de
3020 1041 3140 1093 me,

1965 1117 2055 1172 20.
2088 1115 2156 1171 Ut
2195 1117 2428 1172 facerem
2481 1120 2815 1174 voluntatem
2863 1131 3043 1185 tuam,
3084 1119 3228 1177 Deus
3269 1136 3446 1191 meus,

1895 1211 2065 1275 volui,

1963 1301 2050 1355 21.
2088 1300 2148 1353 Et
2170 1301 2337 1370 legem
2370 1311 2513 1356 tuam
2551 1302 2604 1357 in
2641 1304 2818 1359 medio
2839 1305 3043 1361 ventris
3076 1304 3202 1361 mei.

1967 1393 2058 1449 22.
2088 1395 2417 1450 Annnntiavi
2441 1396 2711 1467 justitiam
2741 1400 2793 1451 in
2815 1399 3043 1456 ecclesia
3072 1415 3268 1472 magna
3293 1418 3310 1456 :

1965 1576 2051 1631 25.
2090 1575 2226 1632 Ecce
2255 1578 2395 1632 labia
2421 1593 2541 1634 mea
2574 1594 2681 1633 non
2717 1577 3013 1649 prohibebo
3050 1596 3067 1635 :
3109 1577 3357 1643 Domine,
3389 1590 3447 1636 tu

1895 1679 2069 1722 SCISU.

1960 1760 2049 1814 21.
2086 1758 2359 1815 Justitiam
2394 1770 2541 1815 tuam
2566 1776 2677 1816 non
2714 1761 2973 1818 abscondi
3005 1763 3060 1819 in
3092 1764 3253 1819 corde
3287 1778 3445 1821 meo:

294 1951 389 2006 23.
427 1953 536 2024 Τὴν
559 1953 810 2025 ἀλήθειάν
839 1970 931 2007 σου
964 1954 1058 2007 xui.
1086 1952 1146 2006 τὸ
1177 1950 1440 2021 σωτήριόν
1469 1966 1563 2003 σου
1595 1944 1723 2004 εἶπα
1743 1966 1756 1980 ·
1828 1941 1869 1997 Β

1626 1944 1756 2004 ἷπα·
1828 1941 1869 1997 Β
1963 1952 2054 2008 25.
2091 1952 2384 2009 Veritatem
2418 1961 2561 2009 tuam
2595 1963 2649 2009 et
2677 1955 2914 2011 salutare
2945 1964 3095 2011 tuum
3124 1956 3270 2013 dixi:

295 2045 386 2100 26.
420 2048 531 2099 Οὐκ
569 2048 775 2118 ἔκρυψα
803 2047 862 2100 τὸ
889 2047 1032 2109 ἔλεός
1070 2062 1181 2107 σου,

294 2138 385 2191 27.
416 2139 525 2191 Καὶ
556 2139 650 2211 τὴν
685 2138 940 2208 ἀλήθειάν
971 2154 1062 2189 σου
1096 2136 1199 2189 ὑπὸ
1224 2137 1543 2207 συναγωγῆς
1574 2132 1789 2203 πολλῆς.

1961 2040 2049 2096 26.
2082 2041 2197 2097 Non
2231 2042 2490 2097 abscondi
2529 2044 2954 2100 misericordiam
2986 2054 3131 2100 tuam
3152 2085 3172 2111 ,

1966 2134 2057 2190 27.
2088 2133 2154 2190 Et
2178 2136 2455 2192 veritatem
2484 2145 2632 2193 tuam
2667 2153 2698 2193 a
2724 2139 2957 2194 concilio
2982 2140 3170 2195 multo.

293 2316 385 2386 (α)ι
408 2315 470 2370 γ.
490 2315 751 2388 -ξξὸςῐδοῦ,
782 2324 886 2370 etc.
925 2314 1022 2387 τὴν
1050 2312 1407 2384 δικαιοσύνην.
1439 2310 1505 2366 ν.
1535 2310 1626 2377 24,
1654 2309 1787 2374 Οὐκ,
1825 2321 1952 2367 etc..
1976 2310 2074 2383 τὴν
2102 2309 2356 2384 ἀληθειαν
2387 2329 2500 2366 σου.
2523 2311 2588 2368 γ.
2614 2313 2704 2381 25,
2731 2314 2841 2387 Τὴν
2870 2313 3124 2388 ἀληθειαν
3152 2331 3266 2380 σου,
3287 2314 3381 2371 καὶ

224 2387 309 2453 τό,
346 2395 457 2445 etc.
488 2386 551 2442 V.
580 2387 671 2441 26.
704 2389 838 2450 Οὐκ,
865 2396 970 2441 etc.

1346 2530 1716 2602 Animas“
1755 2539 2334 2598 INTERPRETATIO.

298 2701 387 2756 15.
436 2699 631 2753 Θυσίαν
682 2702 789 2772 γὰρ
834 2700 929 2756 καὶ
984 2703 1293 2774 προσφορὰν
1334 2704 1366 2775 ἢ
1412 2699 1795 2770 ὁλοκαυτώμα-

224 2811 300 2849 τα
338 2793 414 2863 (1)
442 2794 569 2865 περὶ
596 2793 701 2845 τῶν
732 2794 1012 2865 ἁμαρτιῶν
1049 2794 1171 2848 οὒτε
1206 2795 1498 2865 ἠθέλησας,
1527 2793 1648 2847 οὕτε
1677 2792 1797 2865 ἐξή-

223 2900 403 2955 τησας

301 2976 387 3031 16.
441 2975 584 3046 Σάρξ
626 2976 680 3028 δὲ
724 2974 1007 3047 γενόμενος
1038 2977 1226 3030 ἑαυτὸν
1275 2977 1416 3049 ὑπὲρ
1467 2976 1623 3048 ἡμῶν
1668 2976 1797 3030 ἐδω-

228 3087 327 3123 κεν
356 3069 453 3140 (ε).

300 3161 386 3213 17.
421 3159 579 3213 Ἀλλά
624 3158 799 3228 ψυχὰς
839 3157 1137 3232 ἀνθρώπων
1182 3160 1449 3225 ἐζήτησας
1492 3156 1659 3227 ἁγνάς
1710 3174 1789 3210 σοι

224 3250 627 3323 προσέρχεσθαι
650 3251 742 3301 καὶ
767 3250 931 3301 αἰνεῖν
960 3266 1038 3303 σε.

300 3339 388 3393 18.
431 3339 680 3409 Εἰρηκὼς
708 3338 865 3391 τοῦτο
899 3339 1057 3403 αὐτὸς
1083 3340 1110 3392 ὁ
1145 3338 1341 3405 λαλῶν,
1384 3340 1635 3411 πάρειμι.

300 3432 386 3487 19.
414 3432 470 3485 ’0
501 3430 632 3494 Θεὸς
664 3430 831 3499 Λόγος
858 3430 1035 3500 λέγει·
1066 3433 1152 3485 Ἐν
1183 3433 1322 3504 ἀρχῇ
1354 3431 1551 3494 παντὸς
1572 3432 1798 3499 εὐαγγε-

223 3526 340 3579 λίου
377 3524 505 3595 περὶ
530 3525 663 3595 ἐμοῦ
693 3525 1017 3593 γέγραπται,
1043 3526 1168 3597 περὶ
1199 3518 1260 3578 οὗ
1292 3526 1383 3578 καὶ
1414 3527 1442 3579 ὁ
1486 3524 1797 3593 Ἐὐαγγελι-

226 3616 356 3685 στὴς
373 3614 623 3681 Ἰωάννης
649 3613 856 3681 ἔλεγεν·
876 3614 971 3666 Ἐν
992 3613 1146 3683 ἀρχῇ
1176 3610 1252 3682 ἦν
1276 3616 1307 3667 ὀ
1329 3615 1537 3683 Λόγος,
1570 3615 1661 3666 καὶ
1682 3615 1795 3684 μετ’

224 3708 383 3774 ὀλίγα
412 3689 708 3775 ἐπήγαγεν,
736 3706 830 3758 καὶ
859 3709 891 3760 ό
921 3707 1109 3776 Λόγος
1137 3707 1293 3777 σὰρξ
1315 3706 1569 3777 ἐγένετο.

298 3795 384 3848 20.
422 3796 481 3848 Ὀ
512 3796 672 3859 αὐτὸς
704 3796 828 3859 Υἱὸς
856 3798 989 3868 πρὸς
1017 3798 1107 3851 τὸν
1138 3800 1354 3871 Πατέρα
1395 3799 1578 3868 λέγει,
1625 3799 1707 3852 ὅτι
1737 3796 1797 3851 τὸ

227 3887 440 3959 θέλημά
468 3903 560 3940 σου
589 3886 884 3960 ὲδουλήοην
910 3890 1152 3960 ποιῆσαι,
1182 3892 1451 3958 ὑπήκοος
1478 3894 1798 3961 γενίμειτς

219 3981 396 4050 μέχρι
423 3980 703 4048 θανάτου,
732 3981 987 4035 θανάτου
1028 3981 1096 4035 δὲ
1132 3984 1414 4052 σταυροῦ.

296 4072 387 4126 21.
420 4071 575 4125 Κατὰ
603 4073 679 4144 ('5)
723 4075 1047 4154 πρόσταγμά
1092 4093 1184 4129 σου
1231 4077 1414 4130 ἔτεκον
1448 4077 1540 4130 ἐπὶ
1568 4076 1665 4146 τῆς
1692 4076 1796 4147 γῆς

229 4161 572 4233 μετ’ὸδύνης,
591 4158 657 4233 ἧς
688 4158 828 4231 εἶχον
853 4164 991 4236 ὑπὲρ
1016 4164 1111 4217 τοῦ
1136 4166 1325 4232 γένους
1346 4167 1453 4220 τῶν
1474 4167 1792 4236 ἀνθρώπιον.

296 4255 387 4308 22.
429 4254 525 4306 Διὰ
556 4254 661 4308 τῶν
692 4257 1020 4324 ἀποστόλων,
1050 4258 1217 4328 λέγει,
1253 4259 1690 4332 εὐηγγελισάμην
1717 4260 1796 4332 τῷ

225 4347 437 4418 κόσμῳ.

294 4438 389 4496 25.
427 4438 563 4502 Τοὺς
588 4439 911 4504 ἀποστόλους
945 4440 1092 4510 λέγει
1120 4442 1270 4515 χείλη
1298 4441 1440 4516 [σου]
1465 4445 1591 4508 τοὺς
1625 4443 1795 4516 κηρύ-

226 4531 427 4597 ξαντας
452 4536 516 4587 ὲκ
550 4533 841 4605 προσώπου
866 4536 1045 4589 αὐτῶν
1076 4538 1173 4606 (4).

295 4625 385 4679 24.
423 4626 560 4688 Τοὺς
595 4628 786 4690 αὐτοὺς
813 4626 887 4698 (5)
920 4628 1079 4680 πάλιν
1136 4629 1283 4698 λέγει
1317 4632 1542 4703 καρδίαν
1570 4631 1781 4686 ἑαυτοῦ.

293 4714 386 4769 25.
425 4716 548 4779 Τοῖς
584 4719 764 4781 αὐτοῖς
796 4718 1131 4781 ἀποστόλοις.

292 4806 381 4860 26.
407 4809 521 4861 Οὐκ
556 4809 950 4881 ἐπεστειλάειην
977 4810 1047 4882 (6)
1072 4812 1385 4881 ἀναγγεῖλαι
1421 4812 1498 4884 τῷ
1539 4812 1652 4884 λαῷ
1678 4832 1793 4885 σου,

220 4899 304 4951 ὅτι
328 4898 675 4971 ἐπιστρέφειν
695 4900 866 4967 Θέλεις
888 4902 978 4955 τὸν
1000 4905 1335 4974 ἁμαρτωλὸν,
1364 4907 1456 4959 καὶ
1480 4906 1660 4976 ζητεῖν
1703 4911 1798 4963 αὔ-

220 4991 336 5045 τόν.

291 5084 382 5136 27.
421 5086 527 5138 Καὶ
551 5086 647 5158 τὴν
675 5086 853 5141 πίστιν
874 5088 932 5141 δὲ
960 5088 1056 5161 τὴν
1077 5094 1155 5154 είς
1177 5090 1233 5143 σὲ
1263 5093 1628 5164 ἐφανερωσαν.

298 5274 341 5306 ⁸³
381 5273 535 5329 Joan.
570 5292 608 5338 ι,
632 5276 683 5338 1,
714 5276 774 5328 14
843 5278 887 5307 ⁸⁸
924 5275 1154 5348 Philipp.
1188 5280 1259 5347 II',
1289 5279 1343 5334 8.

1969 2699 2057 2754 15.
2086 2697 2422 2755 Sacriﬁcium
2446 2699 2610 2762 enim,
2636 2706 2690 2752 et
2710 2696 3058 2761 oblationem,
3082 2705 3176 2752 aut
3202 2696 3453 2752 holocau—

1900 2801 1983 2847 sta
2016 2806 2114 2860 pro
2143 2791 2378 2861 peccatis
2400 2805 2575 2861 neque
2604 2790 2839 2855 voluisti,
2866 2807 2966 2846 nec
2994 2790 3307 2862 quasivisti.

1968 2972 2056 3029 16.
2091 2971 2232 3028 Caro
2258 2982 2435 3028 autem
2470 2971 2646 3028 factus
2679 2971 2914 3043 seipsum
2947 2987 3046 3042 pro
3084 2972 3240 3028 nobis
3280 2970 3447 3027 dedit.

1974 3158 2060 3213 17.
2088 3157 2191 3213 Sed
2224 3158 2436 3213 animas
2459 3157 2738 3214 hominum
2764 3171 2929 3228 puras
2956 3155 3021 3212 ad
3052 3163 3103 3212 te
3122 3156 3376 3213 accedere
3396 3165 3449 3211 et

1896 3256 1949 3304 te
1977 3248 2198 3303 laudare
2224 3248 2542 3317 quaesit-isti.

1822 3318 1863 3375 ε
1970 3338 2057 3393 18.
2089 3338 2204 3393 lloc
2238 3339 2348 3408 ipsc
2380 3338 2592 3393 locutus
2620 3336 2823 3401 dicens,
2859 3336 3069 3393 adsum.

1969 3428 2056 3484 19.
2112 3426 2252 3482 Deus
2317 3424 2547 3481 Verbum
2606 3426 2766 3495 dicit,
2833 3429 2884 3482 in
2952 3427 3215 3499 principio
3281 3428 3449 3484 totius

1895 3518 2167 3592 Esangelii
2191 3518 2258 3574 de
2288 3534 2371 3573 me
2394 3521 2651 3589 scriptum
2677 3531 2777 3585 est,
2808 3521 2872 3575 de
2898 3536 3006 3591 quo
3042 3530 3096 3575 et
3121 3522 3447 3591 evangelista

1894 3610 2132 3665 Joannes
2164 3612 2298 3666 dixit
2331 3631 2343 3665 :
2375 3609 2441 3664 In
2486 3614 2740 3681 principio
2780 3626 2892 3666 erat
2935 3613 3190 3677 Verbum,
3230 3626 3285 3669 et
3327 3622 3453 3686 post

1895 3714 2069 3769 pauca
2102 3700 2353 3769 subjecit,
2385 3710 2432 3754 et
2472 3700 2689 3755 Verbum
2720 3717 2843 3754 caro
2869 3702 3067 3771 factum
3088 3713 3164 3756 est
3192 3704 3260 3757 ⁸⁸.

1906 3816 1909 3819 η
1964 3790 2052 3843 20.
2089 3790 2201 3861 Ipse
2235 3789 2405 3847 Filius
2435 3791 2502 3845 ad
2530 3789 2741 3848 Patrem
2777 3792 2906 3848 dicit
2933 3810 2947 3848 :
2974 3794 3231 3863 quoniam
3259 3792 3452 3848 volun-

1897 3891 2058 3937 tatem
2086 3894 2231 3937 tuam
2276 3884 2417 3937 volui
2453 3882 2662 3947 facere,
2700 3886 2872 3955 factus
2901 3886 3141 3942 obedieas
3181 3901 3341 3956 usque
3382 3884 3452 3941 ad

1898 3987 2140 4041 mortem,
2181 3985 2396 4027 mortem
2426 3987 2600 4028 autem
2625 3977 2798 4030 crucis
2828 3976 2897 4031 “.

1965 4066 2055 4119 21.
2082 4062 2241 4119 Juxta
2268 4075 2588 4136 prmceptum
2620 4075 2770 4121 tuum
2799 4066 2978 4137 peperi
3030 4066 3085 4122 in
3132 4076 3275 4122 terra
3320 4081 3447 4125 cum

1894 4157 2099 4222 dolore,
2122 4174 2284 4228 quem
2328 4174 2426 4228 pro
2458 4174 2651 4230 genere
2681 4159 2918 4215 humano
2947 4160 3205 4216 sustinui.

1964 4242 2052 4297 22.
2086 4241 2186 4297 Per
2213 4244 2486 4313 apostolos
2506 4282 2522 4308 ,
2549 4243 2751 4313 inquit,
2778 4245 2979 4301 mundo
3004 4245 3342 4301 annuntiavi.

1962 4422 2050 4477 25.
2082 4421 2372 4494 Apostolos
2392 4466 2407 4493 ,
2439 4441 2503 4482 ex
2527 4441 2757 4497 persona
2790 4442 2887 4484 sua
2923 4427 3277 4500 pradicantes
3303 4426 3446 4485 labia

1895 4528 1991 4568 Sua
2021 4526 2196 4571 vocat.

1964 4605 2052 4660 21.
2089 4608 2236 4677 Ipsos
2262 4626 2450 4666 rursus
2478 4626 2571 4665 cor
2601 4626 2758 4666 suum
2787 4621 2960 4668 vocat.

1819 4672 1869 4732 Ῑ)
1963 4696 2053 4752 25.
2092 4672 2225 4766 Ipsis
2260 4703 2536 4770 apostolis.

1970 4787 2057 4842 26.
2091 4790 2204 4845 Non
2254 4792 2423 4863 refugi
2470 4796 2792 4851 annuntiare
2834 4798 3035 4867 populo
3076 4805 3199 4863 tuo,
3234 4795 3366 4854 velle
3395 4803 3451 4853 to

1900 4892 2238 4952 peccatorem
2259 4895 2574 4942 convertere
2599 4899 2653 4941 et
2673 4887 2847 4958 ipsum
2876 4904 3139 4959 quaerere.

1971 5092 2059 5149 27.
2094 5090 2158 5146 Ει
2184 5090 2342 5147 (idem
2365 5101 2510 5147 tuam
2541 5090 2901 5150 manifestavi.

1168 5494 1471 5557 Addenda
1522 5501 1581 5557 et
1618 5492 1989 5572 corrigenda
2022 5509 2102 5553 ex
2131 5491 2267 5553 cod.
2304 5487 2504 5551 Vatia.

395 5679 849 5757 ξρλοκαύτωμα...
880 5682 987 5735 τῶν
1021 5684 1300 5757 ἁμαρτιῶν
1328 5683 1500 5755 ἡμῶν.

320 5752 375 5818 2)
394 5752 656 5815 Ἐδωκας.

300 5822 374 5891 (3)
413 5824 520 5877 Καὶ
550 5825 618 5878 τὰ
646 5822 1039 5893 προστάγματα
1065 5840 1178 5880 σου.

1962 5679 2037 5748 (1)
2079 5679 2270 5732 Αὐτοῦ.

1963 5751 2040 5821 (5)
2070 5749 2215 5821 Τοὺς
2248 5745 2573 5821 ἀποστόλους
2598 5745 2743 5815 λέγει
2770 5744 2951 5821 πάλιν,
2978 5752 3083 5821 etc.

1964 5815 2041 5890 (ti)
2066 5818 2401 5889 Ὑπεστάλην
2438 5819 2511 5885 μὴ
2541 5817 2672 5872 ἂν...
2704 5815 2796 5871 καὶ
2822 5817 2921 5889 ζῇν
2944 5816 3129 5871 αὐτόν.
