4164 6492
718 426 823 483 807

1556 424 1609 477 S.
1652 421 2024 478 ATHANASII
2065 421 2213 477 OPP.
2256 421 2437 478 PARS
2479 422 2563 475 ill.
2608 452 2674 462 —
2716 420 3131 477 EXEGETICA.

3860 424 3959 479 808

787 539 875 595 ‘28.
914 539 993 594 Tu
1025 548 1199 594 autem
1222 578 1235 601 ,
1269 539 1524 604 Domine,
1559 555 1625 595 ne
1658 541 1817 611 longe
1850 540 2020 595 facias
2053 541 2282 596 misera—
2312 546 2353 603 Α
2434 539 2541 604 ,28.
2578 539 2648 591 Σὺ
2693 538 2747 590 δὲ
2779 537 2969 609 Κύριε,
3008 537 3082 609 μὴ

2434 539 2541 604 28.
2578 539 2648 591 Σὺ
2693 538 2747 590 δὲ
2779 537 2969 609 Κύριε,
3008 537 3082 609 μὴ
3140 537 3419 611 μακρύνῃς
3468 539 3596 602 τοὺς
3645 538 3959 609 οἰκτιρμούς

723 628 899 681 tiones
931 638 1047 681 luas
1083 643 1110 680 a
1145 644 1228 680 me
1258 646 1269 681 :

792 718 881 772 29.
916 718 1281 773 Misericordia
1315 729 1405 773 tua
1433 728 1485 773 et
1507 721 1709 776 veritas
1736 736 1825 776 tua
1856 737 2071 793 semper
2100 739 2291 779 susee‘

722 821 916 880 perunt
941 826 1024 862 me
1060 809 1345 880 [suscipiat
1369 810 1502 878 me].

794 897 878 950 50.
919 897 1186 963 Quoniam
1219 900 1693 954 circumdederunt
1734 916 1818 955 me
1853 903 2028 969 mala,
2058 918 2291 972 quorum

724 1005 829 1041 non
855 998 937 1043 est
972 1005 1232 1045 numerus
1261 1008 1274 1055 ;

791 1079 881 1132 51.
915 1078 1457 1149 Cnmprelienderunt
1482 1096 1568 1137 me
1600 1081 1917 1152 iniquitates
1935 1100 2085 1150 meae,
2110 1096 2162 1141 et
2185 1103 2290 1144 non

728 1170 878 1239 potui
912 1182 970 1224 ut
1000 1172 1237 1226 viderem
1273 1191 1287 1227 :

796 1261 883 1315 52.
919 1261 1286 1332 Multiplieala:
1326 1272 1453 1319 sunt
1483 1279 1647 1335 super
1678 1264 1903 1335 capillos
1934 1266 2124 1336 capitis
2164 1269 2289 1334 mei,

791 1443 878 1496 55.
913 1441 977 1495 Et
1004 1458 1097 1497 cor
1128 1460 1306 1497 meum
1334 1444 1619 1515 dereliquit
1643 1463 1747 1500 me.

792 1536 882 1589 54.
922 1536 1290 1605 Complaceat,
1328 1536 1573 1601 Domine,
1611 1552 1846 1593 uteruas
1870 1556 1995 1595 me:

787 1624 878 1678 35.
921 1626 1175 1693 Domine,
1214 1630 1278 1681 ad
1313 1629 1678 1697 adiuvandum
1710 1647 1795 1684 me
1830 1633 2050 1701 respice.

796 1716 886 1770 56.
928 1718 1339 1775 (loufumlantur
1365 1730 1417 1775 et
1452 1732 1802 1777 revereantur
1833 1725 1993 1778 simul
2024 1725 2119 1795 qui
2145 1741 2293 1796 qua:-

727 1817 851 1861 rnnt
875 1811 1111 1863 animam
1144 1827 1320 1864 meam
1343 1851 1357 1875 ,
1388 1820 1445 1865 ut
1469 1811 1715 1868 auferant
1739 1830 1877 1870 eam.

800 1992 889 2045 57.
928 1992 1256 2049 Arerlantur
1279 2005 1575 2051 retrorsum
1601 2006 1654 2052 et
1679 2008 2047 2066 rerereantur,
2076 1999 2166 2069 qui
2199 2016 2291 2055 vo-

726 2085 841 2137 lunt
874 2086 1004 2139 mihi
1040 2088 1200 2141 mala.

794 2176 882 2229 58.
915 2176 1108 2229 Ferant
1131 2177 1417 2232 confestim
1452 2177 1830 2234 confusionem
1859 2196 2013 2235 suam
2036 2221 2049 2246 ,
2079 2183 2171 2253 qui
2202 2182 2288 2238 di-

726 2279 859 2321 cunt
897 2269 1059 2321 mihi:
1091 2285 1248 2340 euge,
1281 2286 1434 2340 euge.

796 2359 882 2412 59.
918 2358 1202 2415 Exsultent
1252 2373 1305 2417 et
1332 2364 1579 2419 laetentur
1619 2380 1783 2435 super
1818 2374 1869 2420 te
1907 2380 2098 2421 omnes
2146 2383 2292 2437 qum--

726 2460 904 2503 rentes
939 2461 1009 2516 te,
1054 2452 1282 2508 Domine
1304 2496 1318 2521 ,

790 2540 877 2593 41).
916 2541 979 2596 Et
1008 2544 1188 2599 dicant
1214 2561 1449 2615 semper,
1477 2545 1851 2615 magnificetur
1888 2546 2147 2605 Dominus
2166 2588 2182 2614 ,

792 2738 880 2792 41.
914 2739 1015 2806 Qui
1043 2742 1271 2812 diligunt
1296 2744 1538 2799 salutare
1578 2755 1729 2799 tuum
1757 2745 1933 2818 [tuum
1962 2750 2220 2823 semper].

790 2830 879 2884 42.
918 2832 1029 2902 Ego
1068 2846 1244 2888 autem
1276 2836 1558 2892 mendicus
1594 2853 1715 2893 sum
1759 2849 1813 2893 et
1848 2855 2071 2911 pauper,
2110 2840 2291 2897 Domi-

724 2937 828 2977 nus
855 2924 1119 2979 sollicitus
1145 2927 1247 2979 erit
1274 2928 1399 2981 mei.

793 3079 1012 3149 (a)‘E.-.‘t
1052 3084 1133 3137 σοί
1167 3084 1317 3139 deest
1358 3085 1409 3137 in
1444 3085 1568 3140 cod.

2396 649 2486 683 σου
2520 633 2611 684 ἀπ’
2635 630 2767 684 ἐμοῦ
2792 647 2804 660 ·

2461 651 2486 683 'J
2520 650 2596 684 απ
2635 650 2658 681 ε
2708 650 2767 683 Ου
2792 650 2804 660 “

2461 721 2545 773 '29.
2572 721 2641 772 Τὸ
2668 650 2817 783 ἔλεός
2852 738 2942 773 σου
2970 722 3062 774 καὶ
3091 723 3123 792 ἡ
3157 720 3380 789 ἀλήθειά
3409 739 3501 775 σου
3518 720 3811 784 διαπαντὸς
3837 720 3959 774 ἀντ-

2398 811 2651 863 ελάϐοντό
2682 830 2783 881 μου
2826 811 3168 882 [ἀντελάϐετό
3198 812 3341 885 pou].

2462 903 2548 958 50.
2570 904 2689 955 Ὅτι
2723 904 3003 974 περιέσχον
3033 923 3097 975 με
3120 905 3285 967 κακὰ,
3302 899 3375 960 ὧν
3400 907 3498 960 οὐκ
3523 907 3671 961 ἔστιν
3694 906 3923 979 ἀριθμός
3942 924 3956 938 ·

2464 1099 2551 1154 51.
2593 1099 2902 1153 Κατέλαϐόν
2937 1116 3003 1169 με
3029 1098 3084 1152 αἱ
3111 1099 3326 1169 ἀνομίαι
3362 1116 3481 1169 μου,
3516 1101 3609 1153 καὶ
3639 1101 3741 1153 οὐκ
3770 1101 3959 1170 ἡδυνη-

2395 1191 2493 1261 Θην
2520 1190 2612 1243 τοῦ
2642 1190 2855 1259 βλέπειν
2872 1209 2885 1220 ⁸

2464 1282 2550 1334 52.
2573 1280 3018 1350 Ἐπληθύνθησαν
3052 1280 3193 1351 ὑπὲρ
3241 1282 3339 1345 τὰς
3380 1284 3571 1354 τρίχας
3593 1283 3694 1345 ti;
3729 1283 3962 1353 κεφαλῆς

2398 1392 2495 1441 μου
2506 1416 2520 1439 ν

2463 1468 2547 1519 55.
2582 1466 2689 1517 Καὶ
2715 1468 2745 1536 ἡ
2778 1467 2969 1536 καρδία
3007 1483 3106 1536 μου
3134 1466 3457 1536 ἐγκατέλιπε
3484 1484 3571 1537 με.

2465 1557 2552 1611 54.
2587 1558 2906 1626 Εὑόόκησον,
2936 1559 3126 1630 Κύριε,
3160 1560 3251 1611 τοῦ
3286 1559 3550 1629 ῥύσασθαί
3583 1576 3682 1630 με·

2463 1650 2549 1703 55.
2585 1648 2775 1719 Κύριε,
2810 1652 2888 1711 εἰς
2910 1649 2971 1701 τὸ
3005 1649 3266 1720 βοηθῆσαί
3300 1668 3386 1719 μοι
3419 1650 3674 1721 πρόσχες.

2465 1740 2551 1794 56.
2584 1739 3122 1810 Καταισχυνθείησαν
3149 1741 3587 1814 [αἰσχυνθείησαν
3611 1742 3631 1815 ]
3655 1746 3749 1797 καί
3779 1747 3963 1817 ἐντρα-

2397 1830 2627 1901 πείησαν
2672 1831 2787 1901 ἅμα
2830 1831 2878 1883 οἱ
2921 1829 3210 1901 ζητοῦντες
3258 1833 3355 1903 τὴν
3396 1832 3571 1904 ψυχήν
3600 1852 3727 1905 μου,
3756 1835 3851 1889 τοῦ
3880 1839 3963 1903 ἐξ·

2394 1924 2519 1993 ἆραι
2550 1923 2736 1992 αὐτήν.

2459 2016 2545 2068 57.
2566 2016 3070 2089 Ἀποστραφείησαν
3094 2020 3173 2083 εἰς
3196 2017 3263 2071 τὰ
3292 2018 3484 2083 ὀπίσω,
3516 2022 3612 2074 καὶ
3643 2040 3965 2095 καταισχυν-

2389 2105 2609 2175 Οείησαν
2641 2108 2688 2158 οἰ
2726 2107 2967 2170 θέλοντές
2996 2127 3083 2178 μοι
3114 2110 3279 2162 κακά.

2457 2198 2545 2252 58.
2582 2198 3017 2270 Κομισάσθωσαν
3048 2202 3385 2272 παραχρῆμα
3417 2202 3679 2273 αἰσχύνην
3705 2200 3966 2266 αὺτῶν,οί

2388 2290 2637 2360 λέγοντές
2670 2309 2777 2362 μοι·
2813 2289 2975 2357 Εὖγε,
3002 2288 3149 2361 εὖγε.

2463 2382 2549 2436 59.
2570 2383 3042 2451 Ἀγαλλιάσοωσαν
3071 2386 3165 2438 καὶ
3184 2384 3643 2456 εὐφρανθήτωσαν
3664 2384 3761 2437 ἐπὶ
3788 2385 3872 2439 σοὶ
3893 2385 3965 2455 (a)

2392 2476 2590 2539 πάντες
2617 2478 2663 2529 οἰ
2699 2474 2985 2545 ζητοῦντές
3017 2496 3097 2542 σε,
3132 2479 3325 2551 Κύριε,

2460 2567 2548 2620 40.
2586 2568 2694 2619 Καὶ
2721 2568 3028 2623 εἰπάτωσαν
3050 2570 3359 2635 διαπαντὸς,
3396 2570 3790 2644 μεγαλυνθήτω
3807 2572 3836 2623 ό
3855 2566 3962 2621 Κύ-

2397 2675 2532 2730 pws.

2462 2750 2551 2805 41.
2572 2753 2644 2833 .οἰ
2662 2754 2980 2823 ἀγαπῶντες
2998 2756 3058 2810 τὸ
3086 2757 3350 2829 σωτήριόν
3379 2774 3469 2810 σου
3496 2756 3616 2828 [σου
3634 2754 3959 2828 διαπαντός].

2466 2843 2557 2898 42.
2576 2844 2719 2913 Ἐγὼ
2748 2846 2803 2899 δὲ
2834 2848 3044 2918 πτωχός
3089 2850 3203 2919 εἰμι
3247 2848 3338 2903 καὶ
3368 2848 3555 2919 πένης,
3583 2846 3788 2919 Κύριος
3812 2860 3963 2917 φρῦν-

2397 2938 2502 2987 τιεί
2534 2953 2623 3006 με.

1832 3246 2214 3308 ATHANASII
2254 3250 2841 3311 lNTERPRETATIO.

792 3403 882 3460 28.
915 3403 1116 3461 Deinde
1143 3421 1238 3476 qui
1275 3405 1616 3461 crediderunt
1646 3407 1834 3463 dicunt
1869 3407 2099 3464 Domino
2132 3430 2145 3464 :

791 3600 881 3655 29.
910 3600 1080 3656 Filius
1106 3609 1229 3654 tuus
1252 3609 1305 3655 et
1329 3610 1552 3657 sanctus
1595 3614 1720 3659 tuus
1767 3603 2002 3675 Spiritus
2035 3624 2286 3681 suscepe-

724 3706 853 3752 runt
890 3713 970 3750 tne
1002 3711 1235 3765 semper.

796 3789 884 3843 50.
919 3786 1166 3851 Peceata,
1200 3786 1396 3853 inquit.

789 3882 878 3935 51.
923 3880 1224 3932 nominata:
1252 3890 1374 3931 sunt
1402 3879 1532 3933 mihi
1558 3879 1871 3951 iniquitates
1895 3897 2030 3938 mea:
2055 3894 2107 3938 et
2128 3884 2293 3941 hebe-

726 3983 907 4028 tarunt
939 3974 1126 4027 oculos
1164 3958 1345 4027 cordis
1374 3974 1498 4027 mei.

792 4066 880 4119 5-2.
916 4064 1020 4118 Pro
1062 4066 1600 4128 illlmf‘llSUl'ailiiilEI’,
1633 4076 1685 4121 et
1718 4068 2183 4139 investigaliiliter.

789 4156 878 4210 33.
913 4155 978 4209 Et
1004 4156 1219 4209 demum
1247 4155 1425 4211 factus
1449 4172 1569 4210 sum
1611 4168 1869 4227 tanquam
1905 4160 2188 4231 insipiens.

792 4248 880 4302 54.
914 4246 1105 4302 Libera
1141 4264 1224 4302 me
1256 4250 1429 4318 gratia
1462 4258 1575 4316 tua,
1608 4251 1852 4307 Domine.

796 4340 884 4393 55.
920 4339 997 4394 Ad
1039 4355 1124 4393 me
1159 4340 1473 4409 erigendum
1508 4340 1728 4398 festina.

797 4430 887 4484 56.
929 4430 1233 4485 Contraria:
1262 4440 1577 4500 potestates.

797 4524 887 4579 57.
922 4523 1182 4579 Similiter
1220 4525 1507 4579 contrariae
1548 4534 1876 4595 potestates,
1922 4536 1970 4583 te
1995 4542 2085 4583 eas
2112 4543 2294 4599 perse-

727 4626 945 4685 quente,
990 4624 1322 4669 avertantur.
2236 4681 2239 4683 ἓ

796 4707 884 4761 58.
924 4705 987 4759 Et
1009 4706 1100 4775 qui
1130 4706 1319 4758 volunt
1347 4705 1556 4758 ruinam
1586 4721 1784 4771 meam,
1811 4706 2053 4762 videntes
2075 4724 2158 4763 me
2186 4720 2294 4766 ate

728 4797 992 4866 adjuvari,
1024 4798 1202 4851 statim
1228 4798 1500 4866 accipiant
1533 4797 1940 4853 confusionem.

796 4889 880 4943 59.
916 4889 981 4943 Et
1014 4890 1183 4944 sancti
1212 4892 1288 4943 tui
1321 4890 1700 4959 gloriﬁcabunt
1745 4899 1796 4944 te
1836 4890 2098 4958 videntes,
2143 4894 2287 4963 quod

726 4984 1035 5036 convertisti
1063 4998 1165 5037 me.

792 5071 878 5126 40.
912 5072 976 5125 Ει
1004 5072 1370 5125 indesinenter
1397 5073 1713 5127 exaltabnnt
1741 5082 1809 5128 te.

798 5162 885 5215 41.
920 5162 1213 5233 Diligentes
1241 5178 1455 5217 crucem
1488 5174 1661 5218 tuam.

796 5254 883 5307 42.
918 5256 1025 5324 Ego
1055 5264 1231 5309 autem
1257 5255 1498 5323 humilis,
1526 5266 1580 5311 et
1608 5256 1774 5312 miser
1798 5272 1941 5325 sum,
1973 5256 2065 5313 sed
2097 5256 2287 5312 Domi-

729 5361 831 5399 nus
862 5361 1041 5400 curam
1066 5348 1165 5400 mei
1203 5356 1369 5416 geret.

2315 3420 2358 3477 (ζ
2466 3413 2555 3468 28.
2592 3413 2787 3466 Λοιπὸν
2819 3413 2867 3464 οἱ
2901 3414 3323 3478 πεπιστευκότες
3342 3413 3559 3484 λέγουσι
3585 3416 3722 3490 πρὸς
3744 3417 3836 3473 τὸν
3858 3416 3963 3474 K6-

2396 3524 2508 3576 ριον
2542 3507 2638 3575 (1).

2462 3598 2547 3651 29.
2584 3599 2639 3649 ’0
2671 3598 2789 3661 Υἱός
2820 3614 2934 3660 σου,
2964 3598 3056 3653 καὶ
3086 3598 3148 3653 τὸ
3184 3598 3411 3671 Πνεῦμά
3453 3616 3547 3654 σου
3582 3600 3646 3654 τὸ
3674 3602 3830 3671 ἅγιον
3855 3604 3968 3657 ἀντ-

2393 3689 2643 3742 ελάὅοντό
2676 3690 2748 3757 (2)
2785 3706 2885 3760 μου
2926 3690 3175 3744 πάντοτε.

2460 3781 2548 3834 50.
2586 3783 2648 3832 Αἱ
2676 3782 2937 3851 ἁμαρτίαι
2965 3783 3059 3851 (5),
3091 3782 3260 3849 λέγει.

2461 3873 2546 3925 51.
2585 3874 3023 3945 Κατεκυρίευσάν
3058 3892 3122 3945 με
3150 3875 3202 3927 αἱ
3232 3874 3452 3945 ἀνομίαι
3478 3891 3603 3945 μου,
3637 3875 3744 3929 καὶ
3762 3876 3966 3948 ἡμῶν·

2392 3978 2487 4015 ναν
2516 3964 2635 4026 τοὺς
2662 3963 2971 4034 ὀφθαλμοὺς
3004 3965 3104 4034 τῆς
3140 3966 3365 4035 καρδίας
3398 3984 3522 4037 μου.

2462 4054 2547 4107 5‘2.
2572 4055 2716 4107 Ἀντὶ
2754 4056 2826 4125 (5)
2866 4055 2959 4107 τοῦ
2981 4072 2993 4086 ’
3023 4058 3364 4127 ἀμετρήτως,
3392 4058 3487 4111 καὶ
3523 4059 3962 4131 ἀνεξιχνιάστως.

2462 4144 2548 4197 55.
2591 4147 2699 4197 Ka‘t
2725 4146 2799 4208 ὡς
2833 4147 2991 4209 ἄνους
3020 4146 3288 4218 ἐγενόμην
3313 4148 3517 4205 λοιπόν.

2461 4236 2547 4290 54.
2570 4237 2956 4310 Ἐλευθέρωσόν
2987 4257 3051 4310 με
3082 4240 3168 4293 διὰ
3200 4242 3299 4311 τῆς
3330 4242 3427 4313 σῆς
3455 4244 3703 4314 χάριτος,
3737 4245 3927 4317 Κύριε.

2462 4329 2551 4385 55.
2594 4330 2685 4395 Εἰς
2712 4332 2770 4385 τὸ
2794 4333 3093 4403 ἀναστῆσαί
3128 4334 3202 4403 (5)
3232 4350 3296 4403 με
3320 4334 3574 4391 σπεῦσον.

2464 4423 2553 4477 56.
2595 4425 2661 4475 Δί
2696 4424 2933 4478 ἐναντίαι
2971 4425 3245 4495 δυνάμεις.

2464 4514 2552 4571 57.
2580 4517 2807 4587 Ὀμοίως
2845 4519 2899 4569 αἰ
2941 4518 3177 4571 ἐναντίαι
3205 4518 3458 4589 δυνάμεις
3490 4518 3819 4591 διωκόμεναι
3864 4524 3962 4578 ὑπὸ

2397 4608 2490 4663 σοῦ
2520 4611 2690 4663 ἀποστ
2700 4608 3015 4681 ραφείησαν.

2465 4702 2551 4756 58.
2582 4702 2689 4754 Καὶ
2717 4703 2765 4754 οἰ
2795 4702 3036 4767 Θέλοντες
3067 4705 3164 4775 τὴν
3212 4705 3416 4759 πτῶσιν
3458 4723 3578 4777 μου,
3627 4710 3858 4780 ὁρῶντές
3900 4727 3962 4781 με

2397 4793 2754 4865 βοηθούμενον
2779 4794 2882 4847 ὑπὸ
2914 4794 3029 4863 σοῦ,
3064 4798 3264 4861 εὐθέως
3296 4798 3532 4852 λάϐωσιν
3558 4801 3839 4871 αἰσχύνην.

2466 4889 2551 4943 59.
2580 4890 2690 4941 Καὶ
2732 4888 2781 4939 οἱ
2827 4886 2971 4957 ἀγιοί
3017 4905 3108 4941 σου
3152 4888 3432 4955 δοξάσουσί
3481 4907 3540 4943 σε
3580 4891 3838 4962 ὁρῶντες,
3882 4893 3957 4946 ὅτι

2397 4978 2733 5049 ἐπέστρεψάς
2777 4995 2863 5047 με.

2465 5072 2552 5126 40.
2590 5073 2695 5125 Καὶ
2728 5070 3085 5135 ἀδιαλείπτως
3116 5072 3396 5136 δοξάσουσί
3419 5090 3497 5127 σε.

2466 5165 2555 5217 Μ.
2591 5165 2651 5213 Οἱ
2680 5163 2996 5231 ἀγαπῶντες
3027 5164 3117 5216 τὸν
3148 5166 3376 5235 σταυρόν
3406 5182 3519 5218 σου.

2463 5256 2550 5309 42.
2572 5256 2709 5324 Ἐγὼ
2738 5257 2793 5310 δὲ
2825 5257 3077 5320 ταπεινός
3103 5259 3236 5328 εἰμι,
3266 5257 3381 5311 ἀλλ’
3412 5259 3441 5311 ό
3476 5258 3680 5331 Κύριος
3712 5257 3952 5333 πρόνοιάν

2398 5367 2498 5421 μου
2524 5352 2773 5403 ποιεῖται.

1665 5506 1967 5570 Addenda
2002 5515 2061 5571 et
2093 5509 2462 5591 corrigenda
2523 5528 2594 5570 ex
2631 5508 2765 5569 eod.
2807 5509 3008 5570 Vatic.

799 5679 873 5746 (ι)
913 5680 1061 5731 Θεὸν.

799 5751 873 5815 (2)
901 5751 1238 5803 ’Ᾱντελάϐετό
1265 5770 1363 5821 μου
1398 5753 1701 5819 διαπαντός.

799 5822 872 5885 (3)
896 5821 1188 5886 Ἀμαρτίας
1219 5840 1338 5891 μου.

2566 5681 3000 5759 ξῌπληθιᾶνοησαν
3032 5684 3137 5757 γὰρ
3166 5688 3357 5759 ἀμετρ.

2468 5756 2542 5822 (5)
2569 5751 2620 5806 Ἀ
2629 5755 2885 5821 ναστῆσαί
2914 5772 3030 5807 μου.
