4164 6500
251 429 360 486 809
1182 433 1272 488 DE
1304 432 1581 491 TITULIS
1615 432 2070 490 PSALMORUM.
2109 466 2166 476 -
2211 435 2407 490 PSAL.
2455 436 2566 491 XL.
3398 431 3512 490 810

327 549 414 601 43.
455 549 651 620 Βοηθός
676 572 776 624 μου
807 556 898 608 καί
934 555 1316 627 ύπεράπιστής
1357 575 1458 627 μου
1489 553 1539 610 εἷ
1567 558 1632 610 σὺ
1657 557 1759 628 (α),
1805 559 1832 610 ὁ
1862 561 1907 616 A

1862 561 1907 616 A
2003 559 2090 611 45.
2119 558 2349 628 Adjutor
2390 576 2544 615 meus
2575 569 2624 614 et
2669 568 2941 629 protector
2975 573 3127 614 meus
3157 572 3216 612 es
3246 565 3328 612 tu.
3364 553 3506 608 Deus

249 637 388 703 θεός
421 642 493 712 (ὁ)
525 662 644 714 μου,
688 647 762 717 μὴ
790 649 1064 719 χρονίσηςο

904 649 1064 719 νίσῃς.
1938 667 2112 714 meus,
2140 667 2205 706 ne
2229 653 2548 708 tardaveris.

360 779 460 843 Εἰς
486 779 548 831 τὸ
579 781 772 848 τέλος,
799 776 1143 852 ψαλμὸᾷτῷ
1170 785 1364 840 Δαϐίδ.
1414 789 1586 840 ΨΑΛ.
1621 786 1718 841 Μ’.

1689 788 1718 841 “.
2136 787 2200 842 1η
2241 792 2397 859 ﬁnem
2441 791 2674 861 psalmus
2724 790 2909 844 David.
2985 789 3188 843 PSAL.
3218 787 3333 843 XL.

337 888 380 941 i.
425 891 703 963 Μακάριος
729 896 757 946 6
795 894 987 947 συνιὼν
1012 897 1104 949 ἐπὶ
1130 898 1342 967 πτωχὸν
1375 899 1466 950 καὶ
1494 900 1720 970 πένητα·

2010 909 2059 961 1.
2094 905 2292 962 Beatus
2306 908 2396 977 qui
2419 908 2665 979 intelligit
2683 922 2846 976 super
2861 920 3089 975 egenum
3109 913 3160 957 et
3177 916 3502 972 pauperem:

328 981 382 1037 2.
404 985 492 1035 Ἐν
515 986 697 1056 ἡμέρᾳ
721 987 938 1058 ῥύσεται
969 991 1129 1042 αὑτὸν
1156 993 1184 1044 6
1214 992 1437 1063 Κύριος.

2007 1002 2060 1054 2.
2100 999 2154 1052 In
2190 1000 2278 1053 die
2309 1000 2450 1054 mala
2476 1000 2730 1053 liberabit
2754 1014 2878 1052 eum
2910 997 3192 1051 Dominus.

326 1073 376 1125 3.
423 1073 623 1144 Κύριος
655 1077 976 1146 διαφυλάξαι
1005 1081 1188 1145 αὐτὸν,
1220 1084 1313 1134 καὶ
1348 1083 1508 1155 ζήσαι
1535 1087 1717 1150 αὑτὸν,
1737 1090 1831 1141 καὶ

2007 1093 2059 1146 5.
2097 1093 2358 1147 Dominus
2401 1102 2684 1146 conservet
2717 1107 2880 1154 eum,
2926 1100 2979 1144 et
3019 1088 3251 1143 viviticet
3277 1103 3423 1150 eum,
3454 1095 3507 1140 et

255 1166 560 1236 μακαρίσαι
589 1169 750 1222 αὐτὸν
775 1173 832 1221 ὲν
855 1175 920 1242 τῇ
950 1175 1044 1242 γῇ.

1939 1185 2154 1238 beatum
2189 1184 2354 1238 faciat
2385 1199 2508 1238 cum
2536 1184 2588 1236 in
2621 1193 2760 1236 terra
2792 1201 2805 1235 :

323 1256 378 1309 4.
421 1259 529 1310 Καὶ
553 1260 626 1330 μὴ
651 1261 886 1332 *παραδῷ
911 1264 1072 1316 αὐτὸν
1097 1267 1174 1327 είς
1200 1269 1385 1337 χεῖρας
1412 1268 1618 1339 ἐχθρῶν
1640 1271 1828 1324 αὑτοῦ.

2010 1276 2063 1328 4.
2097 1275 2159 1329 Et
2189 1293 2294 1330 non
2326 1278 2504 1331 tradat
2529 1292 2651 1330 eum
2683 1277 2734 1329 in
2767 1291 2959 1329 manus
2983 1273 3332 1335 inimicorum
3361 1273 3499 1340 ejus.

325 1346 378 1400 5.
423 1349 623 1420 Κύριος
648 1351 909 1422 βοηθῆσαι
930 1355 1076 1426 αὐτῷ
1097 1357 1187 1408 ἐπὶ
1215 1358 1402 1428 κλίνης
1435 1358 1623 1430 ὀδύνης
1641 1360 1826 1414 αὑτοῦ.

2009 1366 2060 1420 5.
2099 1366 2359 1422 Dominus
2396 1381 2553 1436 opem
2593 1366 2729 1420 ferat
2762 1366 2833 1420 illi
2867 1379 3030 1435 super
3062 1363 3260 1419 lectum
3301 1363 3505 1416 doloris

1938 1475 2057 1513 CIIIS
2087 1479 2098 1513 ἒ

325 1519 562 1590 6.”ολην
597 1521 692 1592 τὴν
721 1523 906 1596 κοίτην
951 1527 1116 1581 αὑτοῦ
1147 1529 1414 1600 ἐστρεψας
1459 1534 1516 1584 ὲν
1548 1536 1614 1604 τῇ
1660 1535 1833 1605 ἀρρω-
1938 1476 1969 1526 e'

327 1611 380 1662 i1
405 1612 590 1662 αύωύ.

1938 1476 2057 1528 ejus
2087 1479 2098 1513 :

2005 1554 2055 1607 6.
2092 1551 2418 1608 Universum
2446 1561 2675 1608 stratum
2701 1566 2820 1620 ejus
2853 1549 3078 1605 versasti
3107 1549 3158 1604 in
3189 1547 3505 1603 inﬁrmitate

249 1626 380 1680 att;
405 1626 590 1666 aumu.
1937 1647 2076 1698 eius.

326 1667 379 1756 7..
427 1704 566 1771 Ἐγὼ
600 1703 748 1760 εἶπα·
776 1707 971 1780 Κύριε,
1006 1711 1224 1782 ἐλέησόν
1250 1731 1336 1782 με’
1937 1664 1970 1714 (ἴ

1937 1664 2076 1714 ejus.

2013 1740 2061 1792 7.
2101 1738 2210 1807 Ego
2233 1738 2339 1790 dixi
2376 1756 2389 1792 :
2431 1735 2678 1798 Domine,
2716 1733 2973 1788 miserere
3005 1734 3107 1788 mei
3141 1751 3153 1786 :

325 1794 380 1896 ἓ.
423 1794 595 1850 Ἰασαι
623 1799 718 1870 τὴν
749 1800 926 1871 ψυχήν
956 1819 1076 1871 μου,
1106 1805 1186 1856 ὅτι
1213 1805 1456 1876 ἦμαρτόν
1492 1824 1592 1860 σοι.

2009 1830 2063 1884 8.
2103 1829 2244 1882 Sana
2275 1829 2508 1882 animam
2543 1843 2740 1890 meam,
2773 1827 2900 1896 quia
2936 1826 3147 1895 peccavi
3184 1823 3298 1876 tibi.

327 1885 386 1981 ξ).
405 1888 670 1981 Οίῗὲχθροί
698 1908 797 1960 μου
818 1887 970 1945 εἷπον
1002 1895 1145 1947 κακά
1191 1912 1300 1964 μοι·
1859 1926 1901 1981 Β

1859 1926 1901 1981 Β
2003 1920 2054 1974 9.
2100 1918 2307 1971 Inimici
2337 1919 2442 1970 mei
2477 1916 2732 1971 dixerunt
2764 1917 2903 1969 mala
2933 1914 3071 1968 mihi
3100 1931 3111 1966 :

325 1977 415 2032 10.
463 1980 598 2032 Πότε
647 1981 1017 2071 ἀποθανεῖται,
1079 1987 1174 2037 καὶ
1225 1986 1502 2041 ἀπολεῖται
1557 1990 1615 2041 τὸ
1655 1990 1827 2061 ὄνομα
1861 1977 1893 1981 ν

1754 2009 1827 2061 μα
1861 1977 1893 1981 γ
2006 2009 2090 2062 10.
2127 2008 2358 2076 Quando
2387 2007 2672 2070 morietur,
2697 2016 2747 2061 et
2779 2007 2972 2076 peribit
3005 2019 3200 2058 nomen
3240 2001 3398 2072 ejus?

247 2086 423 2123 αυτου
447 2088 461 2136 ;

331 2162 416 2214 11.
448 2165 555 2217 Καὶ
586 2168 963 2238 εἰσεπορεύετο
990 2169 1082 2223 τοῦ
1115 2170 1262 2233 ἰδεῖν,
1292 2172 1468 2243 μάτην
1495 2154 1668 2226 ἐλάλει
1694 2176 1762 2245 (ι’)
1796 2178 1826 2246 ἡ

2010 2171 2096 2223 11.
2127 2168 2190 2222 Ει
2229 2167 2631 2240 ingrediebatur
2661 2175 2720 2221 ut
2750 2165 2987 2228 videret,
3017 2177 3152 2216 vana
3183 2160 3504 2231 loquebatur

247 2254 453 2323 καρδία
479 2257 666 2320 αὑτοῦ,

570 2257 666 2320 τοῦν
1939 2282 2031 2318 cur
2061 2263 2178 2332 ejus
2199 2301 2214 2326 ,

327 2345 416 2400 12.
459 2348 770 2418 Συνήγαγεν
803 2351 1031 2423 ἀνομίαν
1055 2355 1232 2424 ἑαυτῷ
1253 2375 1266 2388 ο

2010 2354 2094 2406 12..
2132 2353 2496 2424 Congregavit
2525 2351 2862 2420 iniquitatem
2895 2349 2998 2402 sibi
3029 2389 3041 2402 .

328 2439 416 2492 13.
463 2441 838 2514 Ἐξεπορεύετο
863 2444 986 2509 ἔξω,
1015 2447 1108 2499 καὶ
1142 2447 1316 2500 ἐλάλει
1342 2450 1431 2501 ἐπὶ
1459 2449 1518 2502 τὸ
1548 2451 1693 2504 αὐτὸ.

2015 2449 2096 2500 15.
2130 2445 2518 2516 Egrediebatur
2542 2442 2709 2507 foras,
2734 2453 2787 2496 et
2816 2441 3140 2510 loquebatur
3160 2438 3212 2492 in
3241 2436 3497 2506 idipsum.

332 2533 409 2596 (al
450 2531 522 2586 EI
550 2537 630 2587 σύ
659 2537 810 2592 deest
839 2539 890 2592 in
920 2542 1038 2595 cod.

331 2603 404 2678 (ὁ)
737 2608 869 2670 Θεός
901 2628 1024 2678 μου.
1054 2621 1159 2668 etc.

316 2677 398 2741 (ε)
428 2673 488 2726 V.
518 2674 605 2740 η,
649 2676 710 2728 'H
741 2673 953 2748 καρδία,
980 2691 1109 2747 etc.,
1136 2684 1196 2736 τὸ
1241 2683 1436 2754 ἑαυτῷ.
1471 2683 1531 2736 ν.
1567 2685 1649 2747 13,
1691 2685 1811 2737 Ἐπὶ
1849 2686 1960 2738 uim

980 2691 1109 2747 δια,
1136 2684 1196 2736 τὸ
1241 2683 1436 2754 ἑαυτῷ.
1471 2683 1531 2736 ν.
1567 2685 1649 2747 13,
1691 2685 1811 2737 Ἐπὶ
1849 2686 1999 2749 αὐτό,
2033 2694 2158 2747 etc.,
2191 2685 2239 2735 οἱ
2261 2681 2444 2752 ἐχθροί
2482 2697 2602 2750 μου.

1376 2795 1751 2852 ATHANASII
1791 2792 2382 2852 INTERPRETATIO.

328 2903 414 2956 43.
458 2905 717 2976 Πολεμεῖς
745 2911 856 2972 τοῖς
881 2911 1172 2982 πολεμοῦσί
1208 2933 1304 2986 με,
1353 2916 1448 2969 καὶ
1490 2916 1712 2979 σκέπεις
1759 2916 1833 2986 (1)

2007 2915 2094 2969 43.
2134 2915 2424 2983 lmpugnas
2476 2909 2854 2978 impugnantes
2903 2923 3009 2970 me,
3057 2917 3111 2962 et
3157 2909 3395 2978 protegis
3433 2908 3500 2962 ab

245 2990 366 3044 ἀπὸ
413 2993 518 3046 τῶν
559 2997 944 3069 ἀντικειμένων
982 3020 1091 3072 μοι,
1121 3006 1148 3056 6
1178 3003 1310 3067 Θεός
1348 3005 1424 3076 (2)
1463 3022 1587 3076 μου,
1623 3007 1703 3076 μὴ
1740 3006 1833 3059 ὲά·

1941 3005 2354 3061 adversantibus
2373 3001 2502 3056 mihi
2531 3021 2543 3056 :
2566 3000 2706 3055 Deus
2733 3016 2907 3062 meus,
2941 3015 3007 3054 ne
3027 2999 3370 3069 derelinquas
3395 3016 3497 3053 me.

253 3100 357 3154 στος
392 3102 480 3154 μεο

339 3181 399 3231 Ἦ
431 3197 764 3252 προκειμένη
800 3185 1074 3255 ἐπιγραφὴ
1107 3187 1348 3256 περιέχει
1381 3186 1455 3256 (3)
1482 3203 1494 3216 ⁸
1525 3187 1624 3251 Εἰς
1670 3185 1737 3238 τὸ
1769 3185 1963 3246 τέλος,
1995 3181 2235 3248 ψαλμὸς
2264 3178 2344 3244 τῷ
2397 3177 2588 3233 Δαϐίδ.
2620 3177 2789 3231 Τοῦτο
2819 3172 2909 3231 οὖν
2947 3176 3114 3247 λέγει,
3139 3178 3219 3230 ὅτι
3249 3178 3376 3248 περὶ
3407 3177 3503 3247 τῆς

252 3268 554 3339 μελλούσης
584 3273 833 3342 κρίσεως,
866 3274 958 3326 καὶ
981 3269 1055 3328 ὦν
1086 3277 1267 3346 μέλλει
1296 3279 1522 3348 πάσχειν
1551 3280 1637 3331 ἐπ’
1663 3277 1904 3348 ἐσχάτων
1921 3277 1995 3346 (4)
2014 3276 2118 3328 τῶν
2145 3274 2368 3346 ἡμερῶν
2393 3275 2421 3325 6
2457 3272 2761 3342 Ἀγαπητδς
2787 3271 2878 3324 τού
2911 3273 3143 3342 Πατρὸς,
3173 3273 3446 3325 τουτέστιν
3475 3274 3504 3324 6

250 3358 480 3429 Κύριος.
512 3361 681 3415 Τοῦτο
714 3364 819 3435 γὰρ
847 3365 1206 3437 ἑρμηνεύεται
1234 3369 1417 3431 Δαὸὶδ,
1452 3365 1632 3435 οὗτος
1670 3369 1993 3438 ἀγαπητός·

327 3449 542 3506 Titulus
587 3454 903 3522 praepositus
946 3458 1233 3512 continet:
1271 3457 1336 3511 In
1379 3460 1535 3528 ﬁnem
1579 3459 1814 3528 psalmus
1859 3458 2049 3512 David.
2118 3457 2229 3513 Hoc
2284 3456 2445 3528 igitur
2490 3457 2778 3528 signiﬁcat,
2828 3457 2970 3527 quod
3023 3457 3264 3526 psalmus
3323 3457 3502 3513 dictus

249 3557 338 3602 est
372 3548 437 3602 de
472 3547 652 3604 futuro
685 3549 913 3619 judicio,
947 3562 1002 3606 et
1046 3554 1114 3608 de
1157 3554 1225 3609 iis
1275 3571 1396 3624 quas
1441 3570 1707 3625 passurus
1739 3565 1822 3609 est
1857 3555 2064 3609 ultimis
2111 3555 2305 3609 diebus
2338 3553 2580 3609 Dilectus
2608 3553 2802 3616 Patris,
2842 3553 2944 3606 hoc
2978 3563 3062 3606 est
3095 3550 3391 3616 Dominus;
3427 3552 3502 3605 ita

248 3641 398 3697 enim
429 3643 814 3712 interpretatur
838 3643 1027 3708 David,
1059 3640 1142 3697 hic
1168 3645 1412 3699 dilectus.

325 3739 377 3791 1.
435 3737 723 3806 Μακάριοι
775 3741 827 3792 oi
864 3738 1207 3808 ἐλεήμονες,
1245 3739 1338 3792 ὅτι
1381 3741 1548 3794 αὐτοὶ
1581 3739 1832 3808 ἐλεηθή-
1859 3753 1902 3810 c

1859 3753 1902 3810 (ς
2008 3740 2059 3793 1.
2095 3738 2248 3792 Beati
2299 3739 2698 3799 misericordes,
2746 3737 2994 3806 quoniam
3051 3738 3151 3806 ipsi
3200 3738 3497 3792 misericor-

246 3846 485 3884 σονται.

1929 3831 2074 3883 diam
2103 3839 2478 3899 consequentur
2497 3829 2565 3883 ⁸¹.

325 3920 380 3974 2.
438 3921 527 3972 Ἐν
575 3923 640 3991 τῇ
685 3920 866 3992 ἡμέρᾳ
919 3921 1018 3992 τῆς
1070 3921 1334 3993 κρίσεως,
1382 3921 1550 3990 λέγει,
1607 3920 1826 3992 ῥύσεται

1997 3922 2052 3976 2.
2083 3921 2137 3974 in
2164 3922 2250 3976 die
2271 3922 2482 3991 judicii,
2519 3921 2718 3991 inquit,
2745 3921 2998 3976 liberabit
3025 3936 3150 3976 eum
3181 3921 3450 3976 Dominus
3479 3963 3491 3975 .

251 4012 416 4065 αὐτὸν
443 4013 470 4063 6
500 4011 720 4081 Κύριος.
740 4010 1195 4080 Κατακαυχᾶται
1223 4011 1332 4084 γὰρ
1355 4013 1526 4078 ἕλεος
1551 4013 1824 4080 κρίσεως,

1931 4012 2202 4068 Gloriatur
2255 4014 2401 4069 enim
2477 4016 2841 4068 misericordia
2914 4015 3162 4070 adversus
3209 4015 3492 4085 judicium,

252 4103 443 4167 καθὼς
477 4104 552 4172 (5)
581 4104 911 4174 γέγραπται.

1927 4108 2385 4174 quemadmodum
2411 4105 2673 4174 scriptum
2699 4116 2782 4160 est
2809 4107 2874 4160 ".

322 4196 375 4249 3.
409 4195 496 4248 Ἐν
528 4193 604 4262 τῷ
636 4193 878 4262 μέλλοντι
921 4193 1077 4248 αἰῶνι
1109 4195 1415 4266 ῥυσάμενος
1441 4194 1602 4248 αὑτὸν
1633 4197 1698 4247 ἐκ
1725 4195 1826 4265 τῆς

2001 4196 2052 4249 3.
2088 4196 2145 4250 1η
2173 4196 2357 4251 futuro
2379 4197 2580 4251 saeculo
2607 4194 2847 4250 liberans
2875 4211 3002 4250 eum
3036 4196 3106 4250 ab
3137 4205 3343 4251 eterna
3368 4211 3495 4266 sup—

249 4284 471 4340 αἱωνίου
500 4281 789 4346 κολάσεως.
1927 4288 2110 4357 plicio.

305 4378 530 4441 4,5.Kai
544 4376 629 4447 μὴ
647 4375 890 4447 παραδῷ
904 4376 1090 4431 αὐτὸν
1099 4377 1218 4439 ταῖς
1233 4375 1526 4448 ἁμαρτίαις
1543 4374 1706 4428 αὐτοῦ
1728 4374 1822 4444 (6).

1543 4374 1706 4428 αὐτοῦ
1728 4374 1822 4444 (6).
1998 4381 2062 4445 4,
2101 4380 2152 4434 5.
2185 4379 2256 4432 Et
2289 4397 2390 4434 non
2425 4379 2604 4434 tradat
2638 4396 2752 4433 eum
2780 4381 3015 4450 peccatis
3045 4381 3178 4436 suis.

318 4472 370 4524 6.
407 4471 596 4531 Πάσας
620 4469 718 4532 τὰς
747 4468 1022 4539 ἁμαρτίας
1048 4468 1212 4521 αὐτοῦ
1238 4468 1565 4540 ἀπέρριψας.

1373 4468 1565 4540 ιριῲας.
2000 4472 2052 4525 6.
2092 4470 2286 4525 Omnia
2323 4481 2542 4540 peccata
2571 4471 2690 4540 ejus
2724 4471 3017 4541 projecisti.

318 4563 375 4627 7,
407 4562 458 4615 8.
488 4562 670 4616 Ταῦτα
696 4561 774 4631 τῷ
795 4561 982 4632 Κυρίῳ
1009 4560 1154 4628 λέγει
1177 4563 1206 4612 ὁ
1231 4558 1586 4631 ἡμαρτηκὼς.

1388 4558 1586 4631 τηκὼς.
1999 4563 2031 4615 7
2052 4604 2066 4628 ,
2103 4563 2154 4616 8.
2192 4562 2317 4617 Haec
2342 4561 2572 4616 Domino
2597 4562 2729 4617 dicit
2761 4571 3032 4632 peccator.

318 4656 370 4709 9.
409 4653 539 4708 Εἶτα
574 4655 892 4725 μετέρχεται
914 4656 992 4717 είς
1012 4653 1138 4717 τοὺς
1179 4652 1484 4716 Ἰουδαίους.

1325 4652 1484 4716 ιίους.
1995 4653 2048 4708 9.
2082 4653 2284 4707 Deinde
2313 4653 2606 4722 pertransit
2632 4655 2697 4708 ad
2731 4654 2969 4708 Judaeos.

318 4747 404 4800 10.
441 4744 622 4797 Ταῦτα
657 4744 838 4812 ελεγον
861 4745 941 4806 είς
972 4744 1194 4806 ἑαυτοὺς
1224 4744 1272 4795 oi
1316 4741 1555 4794 Ἰουδαῖοι
1582 4739 1658 4811 (7)
1689 4758 1824 4811 συμ-

1999 4746 2084 4801 10.
2121 4745 2245 4801 Haec
2273 4746 2526 4800 dicebant
2549 4747 2691 4802 intra
2718 4762 2775 4802 se
2801 4748 2902 4816 ipsi
2931 4745 3101 4801 Judaei
3128 4745 3487 4801 deliberantes

245 4839 622 4909 ϐουλευόμενοι
650 4838 854 4890 ἀνελεῖν
873 4837 1053 4891 αὐτόν.

756 4839 854 4890 λεῐν
873 4837 1053 4891 αὐτόν.
1925 4853 2049 4891 eum
2080 4839 2400 4892 interﬁcere.

319 4932 406 4984 11.
442 4931 577 5002 Περὶ
626 4930 720 4984 τοῦ
767 4929 933 4984 ’ἰούδα
987 4929 1156 4998 λέγει,
1183 4929 1264 4981 ὅτι
1294 4927 1481 4991 δολίως
1542 4926 1718 4981 ἐλάλει
1747 4926 1823 4997 τῷ

1998 4929 2084 4986 11.
2116 4929 2192 4985 De
2243 4927 2380 4984 Juda
2435 4929 2694 5000 loquitur,
2745 4930 2890 4999 quod
2934 4930 3121 4986 dolose
3167 4929 3487 5000 loquebatur

247 5023 457 5092 Κυρίῳ.

1925 5022 2154 5077 Domino
2181 5041 2193 5076 :

315 5110 402 5163 12.
435 5110 735 5180 Προσέθετο
757 5111 1087 5182 παραδοῦναι
1114 5110 1204 5162 τὸν
1227 5110 1431 5180 Κύριον
1852 5115 1894 5168 D

1852 5115 1894 5168 D
1995 5115 2080 5168 12.
2115 5115 2310 5171 Secum
2340 5115 2527 5170 statuit
2551 5116 2764 5172 tradere
2801 5115 3109 5171 Dominum.

315 5204 402 5256 13.
452 5201 709 5267 Ἐξελθὼν
740 5204 849 5274 γάρ
889 5203 1192 5256 συνετίθετο
1217 5205 1328 5265 τοῖς
1370 5201 1668 5266 Ἰουδαίοις,
1701 5201 1817 5264 πῶς

1998 5207 2083 5260 15.
2123 5207 2418 5276 Egrediens
2458 5209 2602 5262 enim
2648 5208 2898 5263 convenit
2935 5223 3058 5262 cum
3087 5205 3321 5272 Judeis,
3353 5221 3489 5276 quo-

243 5293 402 5347 αὑτὸν
432 5295 657 5366 παραδῴ
678 5296 875 5358 αὐτοῖς.

1925 5298 2088 5352 modo
2119 5314 2244 5352 eum
2274 5298 2408 5368 ipsis
2437 5297 2691 5352 traderet.

311 5409 355 5440 “
395 5406 583 5462 Matth.
613 5425 666 5475 ν,
693 5409 745 5473 6,
774 5409 822 5463 7.
886 5410 928 5440 “
955 5407 1070 5465 Jac.
1105 5423 1164 5475 ll,
1194 5408 1278 5462 13.

1191 5518 1499 5582 Addenda
1529 5525 1590 5579 et
1621 5515 1994 5597 corrigenda
2027 5535 2105 5578 ex
2135 5518 2277 5581 cod.
2315 5521 2517 5586 Vatic.

309 5619 388 5692 (1)
430 5623 554 5686 Mat,
583 5623 675 5674 καί
711 5621 927 5685 σκέπεις
965 5640 1055 5692 με.
1984 5619 2061 5757 (5)
2101 5621 2276 5674 Καθά.

312 5691 391 5757 (2)
431 5692 498 5746 N.
537 5693 624 5752 44,
645 5694 701 5741 ’0
732 5692 882 5754 Θεός,
915 5704 1023 5746 etc.
1984 5692 2038 5757 (ii
2098 5691 2164 5744 N.
2203 5691 2254 5752 5,
2276 5692 2360 5746 Ἑν
2389 5697 2453 5757 τῇ
2487 5695 2734 5757 ἀσθενείᾳ
2763 5697 2856 5757 τῆς
2883 5695 3062 5757 ψυχῆς
3091 5694 3252 5749 αὐτοῦ

411 5692 624 5774 ἕλιξι,
732 5692 882 5754 Θεός,
909 5691 1023 5774 λεια.
2203 5691 2360 5774 5,1};
2389 5697 2453 5766 τῇ
2487 5695 2734 5766 ἀσθενείᾳ
2763 5697 2856 5759 τῆς
2883 5695 3062 5774 ψυχῆς
3091 5694 3277 5750 αὑτοῦ.

331 5762 385 5826 3)
411 5761 473 5813 Ἠ
505 5763 589 5814 διὰ
621 5763 718 5832 τῆς
751 5763 1113 5834 κινναϐάρεως
1139 5779 1261 5832 περ.
1986 5761 2059 5830 (7)
2089 5761 2266 5815 Αύτοί.

341 5835 388 5903 1)
418 5833 693 5904 Ἐσχάτου.

481 5925 752 5984 Parum.
820 5924 936 5982 Gtt.
995 5923 1257 5983 XXV”.

3169 5919 3241 5980 26
