  <div class='ocr_page' id='page_1' title='image "/cluster/home/n/w/nwhite01/storage/ocr_20150623/27/uva.x030474749/415.png"; bbox 0 0 4164 6478; ppageno 0'>
   <div class='ocr_carea' id='block_1_1' title="bbox 696 396 3960 473">
    <p class='ocr_par' dir='ltr' id='par_1_1' title="bbox 696 396 3960 473">
     <span class='ocr_line' id='line_1_1' title="bbox 696 396 3960 473; baseline -0.01 -1"><span class='ocrx_word' id='word_1_1' title='bbox 696 418 787 473; x_wconf 81' lang='lat' dir='ltr'><strong>8H</strong></span> <span class='ocrx_word' id='word_1_2' title='bbox 1555 412 1611 467; x_wconf 91' lang='lat' dir='ltr'><strong>S.</strong></span> <span class='ocrx_word' id='word_1_3' title='bbox 1657 406 2031 466; x_wconf 78' lang='lat' dir='ltr'><strong>ATIIANASII</strong></span> <span class='ocrx_word' id='word_1_4' title='bbox 2071 404 2222 461; x_wconf 83' lang='lat' dir='ltr'><strong>OPP.</strong></span> <span class='ocrx_word' id='word_1_5' title='bbox 2264 401 2446 456; x_wconf 81' lang='lat' dir='ltr'><strong>PARS</strong></span> <span class='ocrx_word' id='word_1_6' title='bbox 2487 399 2577 453; x_wconf 91' lang='lat' dir='ltr'><strong>Ill.</strong></span> <span class='ocrx_word' id='word_1_7' title='bbox 2617 425 2686 437; x_wconf 89' lang='lat'><strong>-</strong></span> <span class='ocrx_word' id='word_1_8' title='bbox 2720 396 3137 452; x_wconf 70' lang='lat' dir='ltr'><strong>EXEGETICA.</strong></span> <span class='ocrx_word' id='word_1_9' title='bbox 3858 401 3960 460; x_wconf 61' lang='grc' dir='ltr'>διε),</span> 
     </span>
    </p>
   </div>
   <div class='ocr_carea' id='block_1_2' title="bbox 767 509 2411 594">
    <p class='ocr_par' dir='ltr' id='par_1_2' title="bbox 767 528 2340 594">
     <span class='ocr_line' id='line_1_2' title="bbox 767 528 2340 594; baseline -0.003 -2"><span class='ocrx_word' id='word_1_10' title='bbox 767 539 852 592; x_wconf 70' lang='grc'><strong>14.</strong></span> <span class='ocrx_word' id='word_1_11' title='bbox 889 539 1188 593; x_wconf 72' lang='lat' dir='ltr'><strong>Adversum</strong></span> <span class='ocrx_word' id='word_1_12' title='bbox 1209 553 1294 591; x_wconf 86' lang='lat' dir='ltr'><strong>me</strong></span> <span class='ocrx_word' id='word_1_13' title='bbox 1314 536 1675 590; x_wconf 74' lang='lat' dir='ltr'><strong>susurrabant</strong></span> <span class='ocrx_word' id='word_1_14' title='bbox 1698 549 1891 587; x_wconf 90' lang='lat' dir='ltr'><strong>onmes</strong></span> <span class='ocrx_word' id='word_1_15' title='bbox 1909 529 2114 586; x_wconf 87' lang='lat' dir='ltr'><strong>inimici</strong></span> <span class='ocrx_word' id='word_1_16' title='bbox 2135 528 2260 594; x_wconf 90' lang='lat' dir='ltr'><strong>mei,</strong></span> <span class='ocrx_word' id='word_1_17' title='bbox 2293 532 2340 587; x_wconf 80' lang='grc' dir='ltr'><strong>Α</strong></span> 
     </span>
    </p>
   </div>
   <div class='ocr_carea' id='block_1_3' title="bbox 2242 509 3886 594">
    <p class='ocr_par' dir='ltr' id='par_1_3' title="bbox 2245 509 3886 594">
     <span class='ocr_line' id='line_1_3' title="bbox 2245 509 3886 594; baseline -0.01 -16"><span class='ocrx_word' id='word_1_18' title='bbox 2245 569 2260 594; x_wconf 83' lang='lat'><strong>,</strong></span> <span class='ocrx_word' id='word_1_19' title='bbox 2293 532 2340 587; x_wconf 78' lang='grc' dir='ltr'><strong>Α</strong></span> <span class='ocrx_word' id='word_1_20' title='bbox 2443 523 2526 576; x_wconf 70' lang='grc'><strong>11.</strong></span> <span class='ocrx_word' id='word_1_21' title='bbox 2551 524 2682 574; x_wconf 79' lang='grc' dir='ltr'>Κατ’</span> <span class='ocrx_word' id='word_1_22' title='bbox 2711 518 2841 591; x_wconf 77' lang='grc' dir='ltr'>ἐμοῦ</span> <span class='ocrx_word' id='word_1_23' title='bbox 2869 517 3181 590; x_wconf 66' lang='grc' dir='ltr'>ἐψιθύριζον</span> <span class='ocrx_word' id='word_1_24' title='bbox 3223 515 3421 577; x_wconf 76' lang='grc' dir='ltr'>πάντες</span> <span class='ocrx_word' id='word_1_25' title='bbox 3455 514 3506 566; x_wconf 77' lang='grc' dir='ltr'>οἱ</span> <span class='ocrx_word' id='word_1_26' title='bbox 3538 509 3723 584; x_wconf 64' lang='grc' dir='ltr'>ἐλθροί</span> <span class='ocrx_word' id='word_1_27' title='bbox 3757 526 3886 582; x_wconf 84' lang='grc' dir='ltr'>μου,</span> 
     </span>
    </p>
   </div>
   <div class='ocr_carea' id='block_1_4' title="bbox 762 607 2406 701">
    <p class='ocr_par' dir='ltr' id='par_1_4' title="bbox 762 623 1984 701">
     <span class='ocr_line' id='line_1_4' title="bbox 762 623 1984 701; baseline -0.007 -16"><span class='ocrx_word' id='word_1_28' title='bbox 762 633 846 688; x_wconf 78' lang='grc'><strong>15.</strong></span> <span class='ocrx_word' id='word_1_29' title='bbox 882 633 1181 687; x_wconf 72' lang='lat' dir='ltr'><strong>Adversum</strong></span> <span class='ocrx_word' id='word_1_30' title='bbox 1210 646 1293 685; x_wconf 85' lang='lat' dir='ltr'><strong>me</strong></span> <span class='ocrx_word' id='word_1_31' title='bbox 1320 630 1631 701; x_wconf 71' lang='lat' dir='ltr'><strong>negitabant</strong></span> <span class='ocrx_word' id='word_1_32' title='bbox 1655 627 1796 681; x_wconf 87' lang='lat' dir='ltr'><strong>mala</strong></span> <span class='ocrx_word' id='word_1_33' title='bbox 1826 623 1984 680; x_wconf 79' lang='lat' dir='ltr'><strong>milii.</strong></span> 
     </span>
    </p>
   </div>
   <div class='ocr_carea' id='block_1_5' title="bbox 1880 607 3524 701">
    <p class='ocr_par' dir='ltr' id='par_1_5' title="bbox 1886 607 3524 684">
     <span class='ocr_line' id='line_1_5' title="bbox 1886 607 3524 684; baseline -0.013 -5"><span class='ocrx_word' id='word_1_34' title='bbox 1886 623 1984 678; x_wconf 72' lang='lat' dir='ltr'><strong>illi.</strong></span> <span class='ocrx_word' id='word_1_35' title='bbox 2441 616 2525 670; x_wconf 79' lang='grc'><strong>15.</strong></span> <span class='ocrx_word' id='word_1_36' title='bbox 2564 616 2702 667; x_wconf 76' lang='grc' dir='ltr'>Κατ’</span> <span class='ocrx_word' id='word_1_37' title='bbox 2736 612 2867 684; x_wconf 83' lang='grc' dir='ltr'>ἐμοῦ</span> <span class='ocrx_word' id='word_1_38' title='bbox 2904 610 3206 678; x_wconf 78' lang='grc' dir='ltr'><strong>ἐλογίζοντο</strong></span> <span class='ocrx_word' id='word_1_39' title='bbox 3236 607 3381 660; x_wconf 80' lang='grc' dir='ltr'>κακά</span> <span class='ocrx_word' id='word_1_40' title='bbox 3416 623 3524 676; x_wconf 74' lang='grc' dir='ltr'>μοι.</span> 
     </span>
    </p>
   </div>
   <div class='ocr_carea' id='block_1_6' title="bbox 765 691 2409 794">
    <p class='ocr_par' dir='ltr' id='par_1_6' title="bbox 765 719 2261 794">
     <span class='ocr_line' id='line_1_6' title="bbox 765 719 2261 794; baseline -0.007 -14"><span class='ocrx_word' id='word_1_41' title='bbox 765 727 851 781; x_wconf 84' lang='grc'><strong>16.</strong></span> <span class='ocrx_word' id='word_1_42' title='bbox 893 725 1126 780; x_wconf 80' lang='lat' dir='ltr'><strong>Verbum</strong></span> <span class='ocrx_word' id='word_1_43' title='bbox 1151 724 1396 794; x_wconf 91' lang='lat' dir='ltr'><strong>iniquum</strong></span> <span class='ocrx_word' id='word_1_44' title='bbox 1417 723 1817 778; x_wconf 85' lang='lat' dir='ltr'><strong>constituerunt</strong></span> <span class='ocrx_word' id='word_1_45' title='bbox 1834 719 2120 773; x_wconf 75' lang='lat' dir='ltr'><strong>adversum</strong></span> <span class='ocrx_word' id='word_1_46' title='bbox 2144 731 2261 770; x_wconf 87' lang='lat' dir='ltr'><strong>me:</strong></span> 
     </span>
    </p>
   </div>
   <div class='ocr_carea' id='block_1_7' title="bbox 2095 691 3739 794">
    <p class='ocr_par' dir='ltr' id='par_1_7' title="bbox 2095 691 3739 772">
     <span class='ocr_line' id='line_1_7' title="bbox 2095 691 3739 772; baseline -0.012 -8"><span class='ocrx_word' id='word_1_47' title='bbox 2095 731 2120 768; x_wconf 85' lang='grc' dir='ltr'><strong>η</strong></span> <span class='ocrx_word' id='word_1_48' title='bbox 2144 731 2261 770; x_wconf 77' lang='lat' dir='ltr'><strong>me;</strong></span> <span class='ocrx_word' id='word_1_49' title='bbox 2441 705 2525 758; x_wconf 89' lang='grc'><strong>16.</strong></span> <span class='ocrx_word' id='word_1_50' title='bbox 2567 704 2738 771; x_wconf 82' lang='grc' dir='ltr'>Λόγον</span> <span class='ocrx_word' id='word_1_51' title='bbox 2772 702 3086 772; x_wconf 82' lang='grc' dir='ltr'>παράνομον</span> <span class='ocrx_word' id='word_1_52' title='bbox 3116 698 3404 752; x_wconf 82' lang='grc' dir='ltr'>κατέθεντο</span> <span class='ocrx_word' id='word_1_53' title='bbox 3435 695 3554 750; x_wconf 84' lang='grc' dir='ltr'>κατ’</span> <span class='ocrx_word' id='word_1_54' title='bbox 3583 691 3739 765; x_wconf 77' lang='grc' dir='ltr'>ἐμοῦ·</span> 
     </span>
    </p>
   </div>
   <div class='ocr_carea' id='block_1_8' title="bbox 767 783 2411 885">
    <p class='ocr_par' dir='ltr' id='par_1_8' title="bbox 767 783 2269 885">
     <span class='ocr_line' id='line_1_8' title="bbox 767 783 2269 885; baseline -0.009 -13"><span class='ocrx_word' id='word_1_55' title='bbox 767 818 852 872; x_wconf 79' lang='lat' dir='ltr'><strong>l‘l.</strong></span> <span class='ocrx_word' id='word_1_56' title='bbox 885 814 1136 885; x_wconf 86' lang='lat' dir='ltr'><strong>Nunquid</strong></span> <span class='ocrx_word' id='word_1_57' title='bbox 1162 783 1261 884; x_wconf 78' lang='lat' dir='ltr'><strong>qui</strong></span> <span class='ocrx_word' id='word_1_58' title='bbox 1278 813 1481 867; x_wconf 84' lang='lat' dir='ltr'><strong>dormit</strong></span> <span class='ocrx_word' id='word_1_59' title='bbox 1506 827 1613 867; x_wconf 90' lang='lat' dir='ltr'><strong>non</strong></span> <span class='ocrx_word' id='word_1_60' title='bbox 1641 808 1861 881; x_wconf 87' lang='lat' dir='ltr'><strong>adjiciet</strong></span> <span class='ocrx_word' id='word_1_61' title='bbox 1883 819 1942 862; x_wconf 91' lang='lat' dir='ltr'><strong>ut</strong></span> <span class='ocrx_word' id='word_1_62' title='bbox 1975 807 2269 876; x_wconf 76' lang='lat' dir='ltr'><strong>resurgat?</strong></span> 
     </span>
    </p>
   </div>
   <div class='ocr_carea' id='block_1_9' title="bbox 2305 783 3949 885">
    <p class='ocr_par' dir='ltr' id='par_1_9' title="bbox 2441 783 3949 866">
     <span class='ocr_line' id='line_1_9' title="bbox 2441 783 3949 866; baseline -0.011 -15"><span class='ocrx_word' id='word_1_63' title='bbox 2441 797 2527 850; x_wconf 84' lang='grc'><strong>17.</strong></span> <span class='ocrx_word' id='word_1_64' title='bbox 2563 797 2654 866; x_wconf 80' lang='grc' dir='ltr'><strong>Μὴ</strong></span> <span class='ocrx_word' id='word_1_65' title='bbox 2671 797 2698 848; x_wconf 99' lang='lat'><strong>6</strong></span> <span class='ocrx_word' id='word_1_66' title='bbox 2722 791 3060 864; x_wconf 82' lang='grc' dir='ltr'>κοιμώμενος</span> <span class='ocrx_word' id='word_1_67' title='bbox 3075 790 3193 859; x_wconf 79' lang='grc' dir='ltr'>οὐχὶ</span> <span class='ocrx_word' id='word_1_68' title='bbox 3209 788 3503 860; x_wconf 79' lang='grc' dir='ltr'><strong>προσθήσει</strong></span> <span class='ocrx_word' id='word_1_69' title='bbox 3520 785 3612 838; x_wconf 80' lang='grc' dir='ltr'><strong>τοῦ</strong></span> <span class='ocrx_word' id='word_1_70' title='bbox 3631 783 3949 852; x_wconf 74' lang='grc' dir='ltr'>ἁναστῆναις</span> 
     </span>
    </p>
   </div>
   <div class='ocr_carea' id='block_1_10' title="bbox 763 875 2407 974">
    <p class='ocr_par' dir='ltr' id='par_1_10' title="bbox 763 875 2158 974">
     <span class='ocr_line' id='line_1_10' title="bbox 763 875 2158 974; baseline -0.009 -11"><span class='ocrx_word' id='word_1_71' title='bbox 763 910 849 963; x_wconf 87' lang='grc'><strong>18.</strong></span> <span class='ocrx_word' id='word_1_72' title='bbox 887 875 1095 962; x_wconf 77' lang='lat' dir='ltr'><strong>Etenim</strong></span> <span class='ocrx_word' id='word_1_73' title='bbox 1123 875 1288 960; x_wconf 72' lang='lat' dir='ltr'><strong>homo</strong></span> <span class='ocrx_word' id='word_1_74' title='bbox 1316 902 1466 974; x_wconf 85' lang='lat' dir='ltr'><strong>pacis</strong></span> <span class='ocrx_word' id='word_1_75' title='bbox 1493 917 1644 965; x_wconf 72' lang='lat' dir='ltr'><strong>meae,</strong></span> <span class='ocrx_word' id='word_1_76' title='bbox 1689 875 1741 954; x_wconf 76' lang='lat' dir='ltr'><strong>in</strong></span> <span class='ocrx_word' id='word_1_77' title='bbox 1777 914 1886 970; x_wconf 91' lang='lat' dir='ltr'><strong>quo</strong></span> <span class='ocrx_word' id='word_1_78' title='bbox 1920 875 2158 968; x_wconf 78' lang='lat' dir='ltr'><strong>speravi,</strong></span> 
     </span>
    </p>
   </div>
   <div class='ocr_carea' id='block_1_11' title="bbox 2307 875 3951 974">
    <p class='ocr_par' dir='ltr' id='par_1_11' title="bbox 2447 875 3951 957">
     <span class='ocr_line' id='line_1_11' title="bbox 2447 875 3951 957; baseline -0.009 -15"><span class='ocrx_word' id='word_1_79' title='bbox 2447 891 2527 942; x_wconf 82' lang='grc'><strong>18.</strong></span> <span class='ocrx_word' id='word_1_80' title='bbox 2547 888 2655 941; x_wconf 73' lang='grc' dir='ltr'>Καὶ</span> <span class='ocrx_word' id='word_1_81' title='bbox 2686 886 2794 957; x_wconf 83' lang='grc' dir='ltr'><strong>γὰρ</strong></span> <span class='ocrx_word' id='word_1_82' title='bbox 2825 887 2853 937; x_wconf 91' lang='lat'><strong>6</strong></span> <span class='ocrx_word' id='word_1_83' title='bbox 2880 883 3166 955; x_wconf 74' lang='grc' dir='ltr'>ἄνθρωπος</span> <span class='ocrx_word' id='word_1_84' title='bbox 3202 882 3303 952; x_wconf 82' lang='grc' dir='ltr'>τῆς</span> <span class='ocrx_word' id='word_1_85' title='bbox 3337 881 3557 952; x_wconf 75' lang='grc' dir='ltr'><strong>εἰρήνης</strong></span> <span class='ocrx_word' id='word_1_86' title='bbox 3607 894 3733 948; x_wconf 81' lang='grc' dir='ltr'>μου,</span> <span class='ocrx_word' id='word_1_87' title='bbox 3789 876 3876 944; x_wconf 77' lang='grc' dir='ltr'><strong>ἐφ’</strong></span> <span class='ocrx_word' id='word_1_88' title='bbox 3898 875 3951 929; x_wconf 73' lang='grc' dir='ltr'>ὃν</span> 
     </span>
    </p>
   </div>
   <div class='ocr_carea' id='block_1_12' title="bbox 2369 982 2590 1053">
    <p class='ocr_par' dir='ltr' id='par_1_12' title="bbox 2369 982 2590 1053">
     <span class='ocr_line' id='line_1_12' title="bbox 2369 982 2590 1053; baseline 0 -19"><span class='ocrx_word' id='word_1_89' title='bbox 2369 982 2590 1053; x_wconf 71' lang='grc' dir='ltr'>ἢλπισα,</span> 
     </span>
    </p>
   </div>
   <div class='ocr_carea' id='block_1_13' title="bbox 769 1060 2413 1156">
    <p class='ocr_par' dir='ltr' id='par_1_13' title="bbox 769 1080 2267 1156">
     <span class='ocr_line' id='line_1_13' title="bbox 769 1080 2267 1156; baseline -0.009 -11"><span class='ocrx_word' id='word_1_90' title='bbox 769 1092 853 1145; x_wconf 86' lang='grc'><strong>19.</strong></span> <span class='ocrx_word' id='word_1_91' title='bbox 889 1089 990 1156; x_wconf 87' lang='lat' dir='ltr'><strong>Qui</strong></span> <span class='ocrx_word' id='word_1_92' title='bbox 1026 1087 1221 1144; x_wconf 83' lang='lat' dir='ltr'><strong>edebat</strong></span> <span class='ocrx_word' id='word_1_93' title='bbox 1265 1100 1432 1154; x_wconf 88' lang='lat' dir='ltr'><strong>panes</strong></span> <span class='ocrx_word' id='word_1_94' title='bbox 1475 1098 1647 1150; x_wconf 90' lang='lat' dir='ltr'><strong>meos,</strong></span> <span class='ocrx_word' id='word_1_95' title='bbox 1695 1080 2061 1152; x_wconf 82' lang='lat' dir='ltr'><strong>magnilicavit</strong></span> <span class='ocrx_word' id='word_1_96' title='bbox 2104 1094 2267 1148; x_wconf 86' lang='lat' dir='ltr'><strong>super</strong></span> 
     </span>
    </p>
   </div>
   <div class='ocr_carea' id='block_1_14' title="bbox 2305 1060 3949 1156">
    <p class='ocr_par' dir='ltr' id='par_1_14' title="bbox 2442 1060 3949 1140">
     <span class='ocr_line' id='line_1_14' title="bbox 2442 1060 3949 1140; baseline -0.01 -14"><span class='ocrx_word' id='word_1_97' title='bbox 2442 1075 2524 1128; x_wconf 84' lang='grc'><strong>19.</strong></span> <span class='ocrx_word' id='word_1_98' title='bbox 2572 1073 2629 1124; x_wconf 85' lang='grc' dir='ltr'>Ὀ</span> <span class='ocrx_word' id='word_1_99' title='bbox 2670 1070 2862 1123; x_wconf 87' lang='grc' dir='ltr'>ἐσθίων</span> <span class='ocrx_word' id='word_1_100' title='bbox 2915 1067 3113 1140; x_wconf 79' lang='grc' dir='ltr'><strong>ἄρτους</strong></span> <span class='ocrx_word' id='word_1_101' title='bbox 3168 1085 3290 1137; x_wconf 84' lang='grc' dir='ltr'>μου,</span> <span class='ocrx_word' id='word_1_102' title='bbox 3351 1064 3685 1136; x_wconf 61' lang='grc' dir='ltr'>ἐμεγάλυνεν</span> <span class='ocrx_word' id='word_1_103' title='bbox 3736 1062 3824 1114; x_wconf 75' lang='grc' dir='ltr'>ἐπ’</span> <span class='ocrx_word' id='word_1_104' title='bbox 3858 1060 3949 1131; x_wconf 68' lang='grc' dir='ltr'><strong>ἐμὲ</strong></span> 
     </span>
    </p>
   </div>
   <div class='ocr_carea' id='block_1_15' title="bbox 696 1162 2340 1252">
    <p class='ocr_par' dir='ltr' id='par_1_15' title="bbox 696 1179 1323 1252">
     <span class='ocr_line' id='line_1_15' title="bbox 696 1179 1323 1252; baseline -0.013 -14"><span class='ocrx_word' id='word_1_105' title='bbox 696 1199 781 1238; x_wconf 87' lang='lat' dir='ltr'><strong>me</strong></span> <span class='ocrx_word' id='word_1_106' title='bbox 813 1179 1323 1252; x_wconf 76' lang='lat' dir='ltr'><strong>supplantationem.</strong></span> 
     </span>
    </p>
   </div>
   <div class='ocr_carea' id='block_1_16' title="bbox 1071 1162 2715 1252">
    <p class='ocr_par' dir='ltr' id='par_1_16' title="bbox 1071 1162 2715 1235">
     <span class='ocr_line' id='line_1_16' title="bbox 1071 1162 2715 1235; baseline -0.013 -1"><span class='ocrx_word' id='word_1_107' title='bbox 1071 1179 1299 1234; x_wconf 78' lang='lat' dir='ltr'><strong>stionem</strong></span> <span class='ocrx_word' id='word_1_108' title='bbox 1310 1218 1323 1230; x_wconf 96' lang='lat'><strong>.</strong></span> <span class='ocrx_word' id='word_1_109' title='bbox 2368 1181 2466 1216; x_wconf 84' lang='grc' dir='ltr'><strong>πτε</strong></span> <span class='ocrx_word' id='word_1_110' title='bbox 2476 1162 2715 1235; x_wconf 84' lang='grc' dir='ltr'>ρνισμόν.</span> 
     </span>
    </p>
   </div>
   <div class='ocr_carea' id='block_1_17' title="bbox 763 1248 2407 1333">
    <p class='ocr_par' dir='ltr' id='par_1_17' title="bbox 763 1261 2262 1333">
     <span class='ocr_line' id='line_1_17' title="bbox 763 1261 2262 1333; baseline -0.01 -5"><span class='ocrx_word' id='word_1_111' title='bbox 763 1273 854 1328; x_wconf 84' lang='grc'><strong>20.</strong></span> <span class='ocrx_word' id='word_1_112' title='bbox 890 1271 970 1326; x_wconf 87' lang='grc' dir='ltr'><strong>Τιι</strong></span> <span class='ocrx_word' id='word_1_113' title='bbox 1001 1278 1182 1325; x_wconf 90' lang='lat' dir='ltr'><strong>autem</strong></span> <span class='ocrx_word' id='word_1_114' title='bbox 1204 1311 1218 1333; x_wconf 89' lang='lat'><strong>,</strong></span> <span class='ocrx_word' id='word_1_115' title='bbox 1250 1267 1512 1330; x_wconf 90' lang='lat' dir='ltr'><strong>Domine,</strong></span> <span class='ocrx_word' id='word_1_116' title='bbox 1556 1265 1816 1319; x_wconf 88' lang='lat' dir='ltr'><strong>miserere</strong></span> <span class='ocrx_word' id='word_1_117' title='bbox 1849 1261 1953 1315; x_wconf 91' lang='lat' dir='ltr'><strong>mei</strong></span> <span class='ocrx_word' id='word_1_118' title='bbox 1979 1303 1994 1328; x_wconf 93' lang='lat'><strong>,</strong></span> <span class='ocrx_word' id='word_1_119' title='bbox 2025 1269 2078 1316; x_wconf 91' lang='lat' dir='ltr'><strong>et</strong></span> <span class='ocrx_word' id='word_1_120' title='bbox 2108 1275 2262 1315; x_wconf 89' lang='lat' dir='ltr'><strong>resu-</strong></span> 
     </span>
    </p>
   </div>
   <div class='ocr_carea' id='block_1_18' title="bbox 2305 1248 3949 1333">
    <p class='ocr_par' dir='ltr' id='par_1_18' title="bbox 2437 1248 3949 1323">
     <span class='ocr_line' id='line_1_18' title="bbox 2437 1248 3949 1323; baseline -0.007 -13"><span class='ocrx_word' id='word_1_121' title='bbox 2437 1258 2525 1311; x_wconf 85' lang='grc'><strong>20.</strong></span> <span class='ocrx_word' id='word_1_122' title='bbox 2561 1257 2632 1309; x_wconf 74' lang='grc' dir='ltr'><strong>Σὺ</strong></span> <span class='ocrx_word' id='word_1_123' title='bbox 2662 1255 2738 1316; x_wconf 79' lang='grc' dir='ltr'><strong>δὲ,</strong></span> <span class='ocrx_word' id='word_1_124' title='bbox 2772 1252 2966 1323; x_wconf 82' lang='grc' dir='ltr'>Κύριε,</span> <span class='ocrx_word' id='word_1_125' title='bbox 2999 1250 3218 1320; x_wconf 78' lang='grc' dir='ltr'>ἐλέησόν</span> <span class='ocrx_word' id='word_1_126' title='bbox 3269 1266 3356 1319; x_wconf 87' lang='grc' dir='ltr'><strong>με,</strong></span> <span class='ocrx_word' id='word_1_127' title='bbox 3382 1248 3476 1302; x_wconf 73' lang='grc' dir='ltr'><strong>καὶ</strong></span> <span class='ocrx_word' id='word_1_128' title='bbox 3505 1248 3814 1318; x_wconf 83' lang='grc' dir='ltr'>ἀνάστησόν</span> <span class='ocrx_word' id='word_1_129' title='bbox 3868 1263 3949 1316; x_wconf 76' lang='grc' dir='ltr'>με,</span> 
     </span>
    </p>
   </div>
   <div class='ocr_carea' id='block_1_19' title="bbox 696 1345 2340 1432">
    <p class='ocr_par' dir='ltr' id='par_1_19' title="bbox 696 1361 1489 1432">
     <span class='ocr_line' id='line_1_19' title="bbox 696 1361 1489 1432; baseline -0.009 -10"><span class='ocrx_word' id='word_1_130' title='bbox 696 1369 830 1423; x_wconf 87' lang='lat' dir='ltr'><strong>scita</strong></span> <span class='ocrx_word' id='word_1_131' title='bbox 853 1381 960 1432; x_wconf 84' lang='lat' dir='ltr'><strong>me,</strong></span> <span class='ocrx_word' id='word_1_132' title='bbox 987 1375 1040 1418; x_wconf 91' lang='lat' dir='ltr'><strong>et</strong></span> <span class='ocrx_word' id='word_1_133' title='bbox 1069 1362 1364 1418; x_wconf 87' lang='lat' dir='ltr'><strong>retribuam</strong></span> <span class='ocrx_word' id='word_1_134' title='bbox 1390 1361 1489 1415; x_wconf 89' lang='lat' dir='ltr'><strong>eis.</strong></span> 
     </span>
    </p>
   </div>
   <div class='ocr_carea' id='block_1_20' title="bbox 1455 1345 3099 1432">
    <p class='ocr_par' dir='ltr' id='par_1_20' title="bbox 1455 1345 3099 1415">
     <span class='ocr_line' id='line_1_20' title="bbox 1455 1345 3099 1415; baseline -0.011 -3"><span class='ocrx_word' id='word_1_135' title='bbox 1455 1376 1489 1415; x_wconf 68' lang='grc' dir='ltr'><strong>ς.</strong></span> <span class='ocrx_word' id='word_1_136' title='bbox 2368 1349 2460 1403; x_wconf 78' lang='grc' dir='ltr'>καὶ</span> <span class='ocrx_word' id='word_1_137' title='bbox 2494 1345 2860 1401; x_wconf 82' lang='grc' dir='ltr'><strong>ἀνταποδώσω</strong></span> <span class='ocrx_word' id='word_1_138' title='bbox 2898 1345 3099 1405; x_wconf 85' lang='grc' dir='ltr'>αὐτοῖς.</span> 
     </span>
    </p>
   </div>
   <div class='ocr_carea' id='block_1_21' title="bbox 762 1434 2406 1523">
    <p class='ocr_par' dir='ltr' id='par_1_21' title="bbox 762 1445 2051 1523">
     <span class='ocr_line' id='line_1_21' title="bbox 762 1445 2051 1523; baseline -0.011 -10"><span class='ocrx_word' id='word_1_139' title='bbox 762 1459 854 1512; x_wconf 87' lang='grc'><strong>21.</strong></span> <span class='ocrx_word' id='word_1_140' title='bbox 884 1455 940 1510; x_wconf 87' lang='lat' dir='ltr'><strong>lu</strong></span> <span class='ocrx_word' id='word_1_141' title='bbox 977 1457 1081 1510; x_wconf 88' lang='lat' dir='ltr'><strong>hoc</strong></span> <span class='ocrx_word' id='word_1_142' title='bbox 1109 1452 1362 1523; x_wconf 80' lang='lat' dir='ltr'><strong>cognovi,</strong></span> <span class='ocrx_word' id='word_1_143' title='bbox 1394 1450 1653 1520; x_wconf 87' lang='lat' dir='ltr'><strong>quoniam</strong></span> <span class='ocrx_word' id='word_1_144' title='bbox 1682 1445 1902 1501; x_wconf 87' lang='lat' dir='ltr'><strong>voluisti</strong></span> <span class='ocrx_word' id='word_1_145' title='bbox 1936 1460 2051 1508; x_wconf 87' lang='lat' dir='ltr'><strong>me;</strong></span> 
     </span>
    </p>
   </div>
   <div class='ocr_carea' id='block_1_22' title="bbox 1984 1434 3628 1523">
    <p class='ocr_par' dir='ltr' id='par_1_22' title="bbox 1984 1434 3628 1508">
     <span class='ocr_line' id='line_1_22' title="bbox 1984 1434 3628 1508; baseline -0.007 -12"><span class='ocrx_word' id='word_1_146' title='bbox 1984 1460 2051 1508; x_wconf 56' lang='lat' dir='ltr'><strong>le;</strong></span> <span class='ocrx_word' id='word_1_147' title='bbox 2435 1440 2526 1496; x_wconf 81' lang='grc'><strong>21.</strong></span> <span class='ocrx_word' id='word_1_148' title='bbox 2571 1440 2656 1491; x_wconf 88' lang='grc' dir='ltr'>Ἐν</span> <span class='ocrx_word' id='word_1_149' title='bbox 2683 1437 2854 1508; x_wconf 77' lang='grc' dir='ltr'>τούτῳ</span> <span class='ocrx_word' id='word_1_150' title='bbox 2881 1437 3072 1505; x_wconf 72' lang='grc' dir='ltr'>ἔγνων,</span> <span class='ocrx_word' id='word_1_151' title='bbox 3102 1436 3183 1487; x_wconf 81' lang='grc' dir='ltr'><strong>ὅτι</strong></span> <span class='ocrx_word' id='word_1_152' title='bbox 3213 1434 3512 1502; x_wconf 78' lang='grc' dir='ltr'>τεθὲληκάς</span> <span class='ocrx_word' id='word_1_153' title='bbox 3539 1449 3628 1503; x_wconf 83' lang='grc' dir='ltr'><strong>με·</strong></span> 
     </span>
    </p>
   </div>
   <div class='ocr_carea' id='block_1_23' title="bbox 748 1522 2392 1617">
    <p class='ocr_par' dir='ltr' id='par_1_23' title="bbox 748 1540 2263 1617">
     <span class='ocr_line' id='line_1_23' title="bbox 748 1540 2263 1617; baseline -0.01 -12"><span class='ocrx_word' id='word_1_154' title='bbox 748 1549 1116 1616; x_wconf 71' lang='lat' dir='ltr'><strong>23.Quoniam</strong></span> <span class='ocrx_word' id='word_1_155' title='bbox 1137 1562 1240 1600; x_wconf 92' lang='lat' dir='ltr'><strong>non</strong></span> <span class='ocrx_word' id='word_1_156' title='bbox 1258 1542 1509 1617; x_wconf 78' lang='lat' dir='ltr'><strong>gaudebit</strong></span> <span class='ocrx_word' id='word_1_157' title='bbox 1525 1540 1783 1595; x_wconf 88' lang='lat' dir='ltr'><strong>inimicus</strong></span> <span class='ocrx_word' id='word_1_158' title='bbox 1801 1553 1956 1592; x_wconf 84' lang='lat' dir='ltr'><strong>meus</strong></span> <span class='ocrx_word' id='word_1_159' title='bbox 1973 1549 2138 1603; x_wconf 90' lang='lat' dir='ltr'><strong>super</strong></span> <span class='ocrx_word' id='word_1_160' title='bbox 2155 1549 2263 1590; x_wconf 90' lang='lat' dir='ltr'><strong>me.</strong></span> 
     </span>
    </p>
   </div>
   <div class='ocr_carea' id='block_1_24' title="bbox 2206 1522 3850 1617">
    <p class='ocr_par' dir='ltr' id='par_1_24' title="bbox 2212 1522 3850 1599">
     <span class='ocr_line' id='line_1_24' title="bbox 2212 1522 3850 1599; baseline -0.007 -11"><span class='ocrx_word' id='word_1_161' title='bbox 2212 1549 2263 1590; x_wconf 92' lang='lat' dir='ltr'><strong>e.</strong></span> <span class='ocrx_word' id='word_1_162' title='bbox 2435 1532 2524 1585; x_wconf 74' lang='grc'><strong>22.</strong></span> <span class='ocrx_word' id='word_1_163' title='bbox 2557 1531 2763 1584; x_wconf 82' lang='grc' dir='ltr'>Ὅτιού</span> <span class='ocrx_word' id='word_1_164' title='bbox 2815 1529 2889 1599; x_wconf 83' lang='grc' dir='ltr'><strong>μὴ</strong></span> <span class='ocrx_word' id='word_1_165' title='bbox 2919 1528 3150 1598; x_wconf 80' lang='grc' dir='ltr'>ἐπιχαρῇ</span> <span class='ocrx_word' id='word_1_166' title='bbox 3180 1527 3208 1578; x_wconf 87' lang='lat'><strong>6</strong></span> <span class='ocrx_word' id='word_1_167' title='bbox 3239 1525 3431 1596; x_wconf 81' lang='grc' dir='ltr'>ἐχθρός</span> <span class='ocrx_word' id='word_1_168' title='bbox 3465 1541 3565 1595; x_wconf 86' lang='grc' dir='ltr'><strong>μου</strong></span> <span class='ocrx_word' id='word_1_169' title='bbox 3603 1525 3690 1576; x_wconf 79' lang='grc' dir='ltr'>ἐπ’</span> <span class='ocrx_word' id='word_1_170' title='bbox 3726 1522 3850 1576; x_wconf 74' lang='grc' dir='ltr'><strong>ἐαέ.</strong></span> 
     </span>
    </p>
   </div>
   <div class='ocr_carea' id='block_1_25' title="bbox 760 1616 2404 1708">
    <p class='ocr_par' dir='ltr' id='par_1_25' title="bbox 760 1616 2171 1708">
     <span class='ocr_line' id='line_1_25' title="bbox 760 1616 2171 1708; baseline -0.014 -8"><span class='ocrx_word' id='word_1_171' title='bbox 760 1645 849 1700; x_wconf 76' lang='grc'><strong>23.</strong></span> <span class='ocrx_word' id='word_1_172' title='bbox 885 1640 967 1696; x_wconf 76' lang='lat' dir='ltr'><strong>Mc</strong></span> <span class='ocrx_word' id='word_1_173' title='bbox 994 1649 1173 1695; x_wconf 89' lang='lat' dir='ltr'><strong>autem</strong></span> <span class='ocrx_word' id='word_1_174' title='bbox 1202 1616 1419 1708; x_wconf 86' lang='lat' dir='ltr'><strong>propter</strong></span> <span class='ocrx_word' id='word_1_175' title='bbox 1448 1634 1816 1689; x_wconf 86' lang='lat' dir='ltr'><strong>innocentiam</strong></span> <span class='ocrx_word' id='word_1_176' title='bbox 1850 1630 2171 1700; x_wconf 79' lang='lat' dir='ltr'><strong>suscepisti;</strong></span> 
     </span>
    </p>
   </div>
   <div class='ocr_carea' id='block_1_26' title="bbox 2055 1616 3699 1708">
    <p class='ocr_par' dir='ltr' id='par_1_26' title="bbox 2055 1616 3699 1693">
     <span class='ocr_line' id='line_1_26' title="bbox 2055 1616 3699 1693; baseline -0.008 -11"><span class='ocrx_word' id='word_1_177' title='bbox 2055 1630 2171 1693; x_wconf 85' lang='lat' dir='ltr'><strong>isti;</strong></span> <span class='ocrx_word' id='word_1_178' title='bbox 2434 1624 2523 1677; x_wconf 74' lang='grc'><strong>23.</strong></span> <span class='ocrx_word' id='word_1_179' title='bbox 2572 1622 2735 1692; x_wconf 84' lang='grc' dir='ltr'>Ἐμοῦ</span> <span class='ocrx_word' id='word_1_180' title='bbox 2767 1621 2823 1674; x_wconf 81' lang='grc' dir='ltr'>δὲ</span> <span class='ocrx_word' id='word_1_181' title='bbox 2855 1621 2941 1673; x_wconf 73' lang='grc' dir='ltr'>διὰ</span> <span class='ocrx_word' id='word_1_182' title='bbox 2974 1621 3072 1690; x_wconf 84' lang='grc' dir='ltr'>τὴν</span> <span class='ocrx_word' id='word_1_183' title='bbox 3107 1619 3341 1673; x_wconf 78' lang='grc' dir='ltr'>ἀκακίαν</span> <span class='ocrx_word' id='word_1_184' title='bbox 3380 1616 3699 1670; x_wconf 74' lang='grc' dir='ltr'>ἀντελὰὁουο</span> 
     </span>
    </p>
   </div>
   <div class='ocr_carea' id='block_1_27' title="bbox 761 1707 2405 1796">
    <p class='ocr_par' dir='ltr' id='par_1_27' title="bbox 761 1707 2261 1796">
     <span class='ocr_line' id='line_1_27' title="bbox 761 1707 2261 1796; baseline -0.009 -6"><span class='ocrx_word' id='word_1_185' title='bbox 761 1736 850 1790; x_wconf 69' lang='grc'><strong>21.</strong></span> <span class='ocrx_word' id='word_1_186' title='bbox 870 1734 935 1788; x_wconf 84' lang='lat' dir='ltr'><strong>Et</strong></span> <span class='ocrx_word' id='word_1_187' title='bbox 949 1707 1286 1789; x_wconf 80' lang='lat' dir='ltr'><strong>conﬁrmasti</strong></span> <span class='ocrx_word' id='word_1_188' title='bbox 1306 1745 1391 1783; x_wconf 90' lang='lat' dir='ltr'><strong>me</strong></span> <span class='ocrx_word' id='word_1_189' title='bbox 1406 1731 1461 1783; x_wconf 89' lang='lat' dir='ltr'><strong>iu</strong></span> <span class='ocrx_word' id='word_1_190' title='bbox 1479 1737 1772 1796; x_wconf 88' lang='lat' dir='ltr'><strong>conspectu</strong></span> <span class='ocrx_word' id='word_1_191' title='bbox 1792 1737 1886 1782; x_wconf 92' lang='lat' dir='ltr'><strong>tuo</strong></span> <span class='ocrx_word' id='word_1_192' title='bbox 1905 1728 1958 1780; x_wconf 94' lang='lat' dir='ltr'><strong>in</strong></span> <span class='ocrx_word' id='word_1_193' title='bbox 1970 1735 2261 1780; x_wconf 75' lang='lat' dir='ltr'><strong>aeternum.</strong></span> 
     </span>
    </p>
   </div>
   <div class='ocr_carea' id='block_1_28' title="bbox 2307 1707 3951 1796">
    <p class='ocr_par' dir='ltr' id='par_1_28' title="bbox 2435 1707 3951 1782">
     <span class='ocr_line' id='line_1_28' title="bbox 2435 1707 3951 1782; baseline -0.005 -14"><span class='ocrx_word' id='word_1_194' title='bbox 2435 1714 2524 1770; x_wconf 70' lang='grc'><strong>24.</strong></span> <span class='ocrx_word' id='word_1_195' title='bbox 2561 1715 2672 1767; x_wconf 73' lang='grc' dir='ltr'>Καὶ</span> <span class='ocrx_word' id='word_1_196' title='bbox 2701 1711 3035 1774; x_wconf 75' lang='grc' dir='ltr'>ἐϐεϐαίωσάς</span> <span class='ocrx_word' id='word_1_197' title='bbox 3070 1729 3135 1782; x_wconf 86' lang='grc' dir='ltr'>με</span> <span class='ocrx_word' id='word_1_198' title='bbox 3157 1709 3385 1764; x_wconf 83' lang='grc' dir='ltr'>ἐνώπιόν</span> <span class='ocrx_word' id='word_1_199' title='bbox 3423 1726 3513 1762; x_wconf 88' lang='grc' dir='ltr'><strong>σου</strong></span> <span class='ocrx_word' id='word_1_200' title='bbox 3538 1710 3616 1771; x_wconf 80' lang='grc' dir='ltr'>εἰς</span> <span class='ocrx_word' id='word_1_201' title='bbox 3645 1707 3739 1761; x_wconf 87' lang='grc' dir='ltr'><strong>τὸν</strong></span> <span class='ocrx_word' id='word_1_202' title='bbox 3762 1707 3951 1761; x_wconf 74' lang='grc' dir='ltr'>αἰῶνα.</span> 
     </span>
    </p>
   </div>
   <div class='ocr_carea' id='block_1_29' title="bbox 762 1800 2406 1884">
    <p class='ocr_par' dir='ltr' id='par_1_29' title="bbox 762 1816 1922 1884">
     <span class='ocr_line' id='line_1_29' title="bbox 762 1816 1922 1884; baseline -0.009 -2"><span class='ocrx_word' id='word_1_203' title='bbox 762 1828 850 1882; x_wconf 76' lang='grc'><strong>23.</strong></span> <span class='ocrx_word' id='word_1_204' title='bbox 887 1825 1209 1880; x_wconf 86' lang='lat' dir='ltr'><strong>Benedictus</strong></span> <span class='ocrx_word' id='word_1_205' title='bbox 1241 1820 1506 1874; x_wconf 87' lang='lat' dir='ltr'><strong>Dominus</strong></span> <span class='ocrx_word' id='word_1_206' title='bbox 1547 1816 1690 1875; x_wconf 88' lang='lat' dir='ltr'><strong>Deus</strong></span> <span class='ocrx_word' id='word_1_207' title='bbox 1720 1816 1882 1874; x_wconf 88' lang='lat' dir='ltr'><strong>Israel</strong></span> <span class='ocrx_word' id='word_1_208' title='bbox 1906 1859 1922 1884; x_wconf 97' lang='lat'><strong>,</strong></span> 
     </span>
    </p>
   </div>
   <div class='ocr_carea' id='block_1_30' title="bbox 1950 1800 3594 1884">
    <p class='ocr_par' dir='ltr' id='par_1_30' title="bbox 2434 1800 3594 1875">
     <span class='ocr_line' id='line_1_30' title="bbox 2434 1800 3594 1875; baseline -0.005 -15"><span class='ocrx_word' id='word_1_209' title='bbox 2434 1807 2525 1860; x_wconf 79' lang='grc'><strong>25.</strong></span> <span class='ocrx_word' id='word_1_210' title='bbox 2555 1804 2859 1875; x_wconf 76' lang='grc' dir='ltr'><strong>Εὐλογητὸς</strong></span> <span class='ocrx_word' id='word_1_211' title='bbox 2883 1804 3084 1874; x_wconf 84' lang='grc' dir='ltr'>Κύριος</span> <span class='ocrx_word' id='word_1_212' title='bbox 3119 1805 3147 1854; x_wconf 87' lang='grc' dir='ltr'><strong>ὁ</strong></span> <span class='ocrx_word' id='word_1_213' title='bbox 3177 1802 3308 1865; x_wconf 83' lang='grc' dir='ltr'><strong>Θεὸς</strong></span> <span class='ocrx_word' id='word_1_214' title='bbox 3357 1800 3594 1872; x_wconf 86' lang='grc' dir='ltr'>Ἰσραήλ.</span> 
     </span>
    </p>
   </div>
   <div class='ocr_carea' id='block_1_31' title="bbox 757 1889 2401 1978">
    <p class='ocr_par' dir='ltr' id='par_1_31' title="bbox 757 1907 2336 1978">
     <span class='ocr_line' id='line_1_31' title="bbox 757 1907 2336 1978; baseline -0.008 -4"><span class='ocrx_word' id='word_1_215' title='bbox 757 1919 847 1974; x_wconf 80' lang='grc'><strong>26.</strong></span> <span class='ocrx_word' id='word_1_216' title='bbox 885 1920 930 1972; x_wconf 81' lang='grc' dir='ltr'>Α</span> <span class='ocrx_word' id='word_1_217' title='bbox 955 1915 1157 1973; x_wconf 69' lang='lat' dir='ltr'><strong>saeculo</strong></span> <span class='ocrx_word' id='word_1_218' title='bbox 1176 1921 1229 1968; x_wconf 90' lang='lat' dir='ltr'><strong>et</strong></span> <span class='ocrx_word' id='word_1_219' title='bbox 1255 1914 1306 1966; x_wconf 92' lang='lat' dir='ltr'><strong>in</strong></span> <span class='ocrx_word' id='word_1_220' title='bbox 1335 1910 1616 1978; x_wconf 65' lang='lat' dir='ltr'><strong>saeculum,</strong></span> <span class='ocrx_word' id='word_1_221' title='bbox 1647 1909 1760 1977; x_wconf 88' lang='lat' dir='ltr'><strong>tiat,</strong></span> <span class='ocrx_word' id='word_1_222' title='bbox 1795 1910 1906 1964; x_wconf 81' lang='lat' dir='ltr'><strong>ﬁat.</strong></span> <span class='ocrx_word' id='word_1_223' title='bbox 2295 1907 2336 1962; x_wconf 81' lang='grc' dir='ltr'><strong>Β</strong></span> 
     </span>
    </p>
   </div>
   <div class='ocr_carea' id='block_1_32' title="bbox 2308 1889 3952 1978">
    <p class='ocr_par' dir='ltr' id='par_1_32' title="bbox 2308 1889 3952 1962">
     <span class='ocr_line' id='line_1_32' title="bbox 2308 1889 3952 1962; baseline -0.004 -15"><span class='ocrx_word' id='word_1_224' title='bbox 2308 1908 2336 1962; x_wconf 70' lang='grc' dir='ltr'>Β</span> <span class='ocrx_word' id='word_1_225' title='bbox 2433 1894 2525 1949; x_wconf 86' lang='grc'><strong>26.</strong></span> <span class='ocrx_word' id='word_1_226' title='bbox 2560 1894 2692 1947; x_wconf 81' lang='grc' dir='ltr'>Ἀπὸ</span> <span class='ocrx_word' id='word_1_227' title='bbox 2732 1891 2826 1946; x_wconf 88' lang='grc' dir='ltr'><strong>τοῦ</strong></span> <span class='ocrx_word' id='word_1_228' title='bbox 2870 1891 3063 1955; x_wconf 78' lang='grc' dir='ltr'>αἰῶνος</span> <span class='ocrx_word' id='word_1_229' title='bbox 3098 1891 3191 1945; x_wconf 73' lang='grc' dir='ltr'><strong>καὶ</strong></span> <span class='ocrx_word' id='word_1_230' title='bbox 3222 1892 3300 1954; x_wconf 82' lang='grc' dir='ltr'><strong>είς</strong></span> <span class='ocrx_word' id='word_1_231' title='bbox 3349 1890 3440 1944; x_wconf 85' lang='grc' dir='ltr'><strong>τὸν</strong></span> <span class='ocrx_word' id='word_1_232' title='bbox 3498 1889 3689 1955; x_wconf 81' lang='grc' dir='ltr'>αίῶνα,</span> <span class='ocrx_word' id='word_1_233' title='bbox 3721 1889 3952 1957; x_wconf 83' lang='grc' dir='ltr'>γένοιτο,</span> 
     </span>
    </p>
   </div>
   <div class='ocr_carea' id='block_1_33' title="bbox 2367 1987 2594 2056">
    <p class='ocr_par' dir='ltr' id='par_1_33' title="bbox 2367 1987 2594 2056">
     <span class='ocr_line' id='line_1_33' title="bbox 2367 1987 2594 2056; baseline -0.009 -16"><span class='ocrx_word' id='word_1_234' title='bbox 2367 1987 2594 2056; x_wconf 84' lang='grc' dir='ltr'>γένοιτο.</span> 
     </span>
    </p>
   </div>
   <div class='ocr_carea' id='block_1_34' title="bbox 931 2067 3883 2146">
    <p class='ocr_par' dir='ltr' id='par_1_34' title="bbox 931 2067 3883 2146">
     <span class='ocr_line' id='line_1_34' title="bbox 931 2067 3883 2146; baseline -0.006 -1"><span class='ocrx_word' id='word_1_235' title='bbox 931 2074 997 2130; x_wconf 82' lang='grc' dir='ltr'><strong>Ῑη</strong></span> <span class='ocrx_word' id='word_1_236' title='bbox 1027 2074 1182 2145; x_wconf 59' lang='lat' dir='ltr'><strong>ﬁnem</strong></span> <span class='ocrx_word' id='word_1_237' title='bbox 1207 2113 1221 2137; x_wconf 74' lang='grc' dir='ltr'><strong>ο</strong></span> <span class='ocrx_word' id='word_1_238' title='bbox 1255 2074 1306 2125; x_wconf 55' lang='lat' dir='ltr'><strong>in</strong></span> <span class='ocrx_word' id='word_1_239' title='bbox 1336 2070 1658 2124; x_wconf 67' lang='grc' dir='ltr'><strong>ίηιεηεεετιητ</strong></span> <span class='ocrx_word' id='word_1_240' title='bbox 1689 2069 1817 2136; x_wconf 57' lang='lat' dir='ltr'><strong>tum</strong></span> <span class='ocrx_word' id='word_1_241' title='bbox 1844 2067 1998 2122; x_wconf 64' lang='grc' dir='ltr'><strong>θυῖε·</strong></span> <span class='ocrx_word' id='word_1_242' title='bbox 2431 2081 2534 2146; x_wconf 82' lang='grc' dir='ltr'><strong>Εις</strong></span> <span class='ocrx_word' id='word_1_243' title='bbox 2571 2078 2635 2133; x_wconf 84' lang='grc' dir='ltr'><strong>τὸ</strong></span> <span class='ocrx_word' id='word_1_244' title='bbox 2691 2079 2901 2144; x_wconf 78' lang='grc' dir='ltr'>τέλος,</span> <span class='ocrx_word' id='word_1_245' title='bbox 2945 2080 3032 2142; x_wconf 81' lang='grc' dir='ltr'>εις</span> <span class='ocrx_word' id='word_1_246' title='bbox 3069 2077 3325 2131; x_wconf 80' lang='grc' dir='ltr'>σύνεσιν</span> <span class='ocrx_word' id='word_1_247' title='bbox 3367 2075 3489 2141; x_wconf 82' lang='grc' dir='ltr'>τοῖς</span> <span class='ocrx_word' id='word_1_248' title='bbox 3525 2075 3680 2141; x_wconf 75' lang='grc' dir='ltr'>υἱοῖς</span> <span class='ocrx_word' id='word_1_249' title='bbox 3709 2073 3883 2142; x_wconf 74' lang='grc' dir='ltr'>Κορὲ.</span> 
     </span>
    </p>
   </div>
   <div class='ocr_carea' id='block_1_35' title="bbox 1293 2159 2937 2225">
    <p class='ocr_par' dir='ltr' id='par_1_35' title="bbox 1293 2159 1681 2218">
     <span class='ocr_line' id='line_1_35' title="bbox 1293 2159 1681 2218; baseline -0.01 0"><span class='ocrx_word' id='word_1_250' title='bbox 1293 2161 1492 2218; x_wconf 76' lang='lat' dir='ltr'><strong>PSAL.</strong></span> <span class='ocrx_word' id='word_1_251' title='bbox 1529 2159 1681 2214; x_wconf 82' lang='lat' dir='ltr'><strong><em>XLI.</em></strong></span> 
     </span>
    </p>
   </div>
   <div class='ocr_carea' id='block_1_36' title="bbox 1674 2159 3318 2225">
    <p class='ocr_par' dir='ltr' id='par_1_36' title="bbox 1674 2172 3318 2225">
     <span class='ocr_line' id='line_1_36' title="bbox 1674 2172 3318 2225; baseline -0.003 3"><span class='ocrx_word' id='word_1_252' title='bbox 1674 2203 1681 2214; x_wconf 90' lang='lat'><strong><em>-</em></strong></span> <span class='ocrx_word' id='word_1_253' title='bbox 2966 2172 3140 2224; x_wconf 81' lang='grc' dir='ltr'><strong>ΨΑΛ.</strong></span> <span class='ocrx_word' id='word_1_254' title='bbox 3179 2172 3318 2225; x_wconf 66' lang='grc' dir='ltr'><strong>ΜΑθ.</strong></span> 
     </span>
    </p>
   </div>
   <div class='ocr_carea' id='block_1_37' title="bbox 764 2251 2408 2334">
    <p class='ocr_par' dir='ltr' id='par_1_37' title="bbox 764 2251 2261 2331">
     <span class='ocr_line' id='line_1_37' title="bbox 764 2251 2261 2331; baseline -0.01 -11"><span class='ocrx_word' id='word_1_255' title='bbox 764 2266 812 2322; x_wconf 89' lang='grc'><strong>1.</strong></span> <span class='ocrx_word' id='word_1_256' title='bbox 868 2260 1335 2331; x_wconf 84' lang='lat' dir='ltr'><strong>Quemadmodum</strong></span> <span class='ocrx_word' id='word_1_257' title='bbox 1386 2256 1654 2311; x_wconf 85' lang='lat' dir='ltr'><strong>desiderat</strong></span> <span class='ocrx_word' id='word_1_258' title='bbox 1707 2268 1900 2309; x_wconf 85' lang='lat' dir='ltr'><strong>cervus</strong></span> <span class='ocrx_word' id='word_1_259' title='bbox 1958 2252 2024 2307; x_wconf 90' lang='lat' dir='ltr'><strong>ad</strong></span> <span class='ocrx_word' id='word_1_260' title='bbox 2086 2251 2261 2307; x_wconf 79' lang='lat' dir='ltr'><strong>fontes</strong></span> 
     </span>
    </p>
   </div>
   <div class='ocr_carea' id='block_1_38' title="bbox 2308 2251 3952 2334">
    <p class='ocr_par' dir='ltr' id='par_1_38' title="bbox 2447 2260 3952 2334">
     <span class='ocr_line' id='line_1_38' title="bbox 2447 2260 3952 2334; baseline 0 -18"><span class='ocrx_word' id='word_1_261' title='bbox 2447 2264 2498 2318; x_wconf 89' lang='grc'><strong>1.</strong></span> <span class='ocrx_word' id='word_1_262' title='bbox 2538 2265 2634 2316; x_wconf 90' lang='grc' dir='ltr'>Ὃν</span> <span class='ocrx_word' id='word_1_263' title='bbox 2660 2263 2859 2334; x_wconf 77' lang='grc' dir='ltr'>τρόπον</span> <span class='ocrx_word' id='word_1_264' title='bbox 2887 2261 3198 2333; x_wconf 81' lang='grc' dir='ltr'>ἐπιποθεῖή</span> <span class='ocrx_word' id='word_1_265' title='bbox 3247 2261 3441 2331; x_wconf 78' lang='grc' dir='ltr'><strong>ἔλαφος</strong></span> <span class='ocrx_word' id='word_1_266' title='bbox 3501 2260 3593 2314; x_wconf 76' lang='grc' dir='ltr'><strong>ἐπὶ</strong></span> <span class='ocrx_word' id='word_1_267' title='bbox 3624 2260 3727 2324; x_wconf 81' lang='grc' dir='ltr'>τὰς</span> <span class='ocrx_word' id='word_1_268' title='bbox 3777 2261 3952 2331; x_wconf 79' lang='grc' dir='ltr'>πηγὰς</span> 
     </span>
    </p>
   </div>
   <div class='ocr_carea' id='block_1_39' title="bbox 693 2351 2337 2433">
    <p class='ocr_par' dir='ltr' id='par_1_39' title="bbox 693 2372 990 2433">
     <span class='ocr_line' id='line_1_39' title="bbox 693 2372 990 2433; baseline -0.02 -18"><span class='ocrx_word' id='word_1_269' title='bbox 693 2372 990 2433; x_wconf 79' lang='lat' dir='ltr'><strong>aquarum;</strong></span> 
     </span>
    </p>
   </div>
   <div class='ocr_carea' id='block_1_40' title="bbox 1098 2351 2742 2433">
    <p class='ocr_par' dir='ltr' id='par_1_40' title="bbox 2374 2351 2742 2404">
     <span class='ocr_line' id='line_1_40' title="bbox 2374 2351 2742 2404; baseline 0.005 -1"><span class='ocrx_word' id='word_1_270' title='bbox 2374 2352 2484 2404; x_wconf 84' lang='grc' dir='ltr'>τῶν</span> <span class='ocrx_word' id='word_1_271' title='bbox 2519 2351 2742 2404; x_wconf 79' lang='grc' dir='ltr'>ὑδάτων·</span> 
     </span>
    </p>
   </div>
   <div class='ocr_carea' id='block_1_41' title="bbox 1815 2477 2823 2543">
    <p class='ocr_par' dir='ltr' id='par_1_41' title="bbox 1815 2477 2823 2543">
     <span class='ocr_line' id='line_1_41' title="bbox 1815 2477 2823 2543; baseline 0.007 -9"><span class='ocrx_word' id='word_1_272' title='bbox 1815 2477 2192 2535; x_wconf 78' lang='lat' dir='ltr'><strong>ATHANASII</strong></span> <span class='ocrx_word' id='word_1_273' title='bbox 2237 2482 2823 2543; x_wconf 77' lang='lat' dir='ltr'><strong>INTERPRETATIO.</strong></span> 
     </span>
    </p>
   </div>
   <div class='ocr_carea' id='block_1_42' title="bbox 765 2595 2409 2677">
    <p class='ocr_par' dir='ltr' id='par_1_42' title="bbox 765 2595 2258 2677">
     <span class='ocr_line' id='line_1_42' title="bbox 765 2595 2258 2677; baseline -0.009 -11"><span class='ocrx_word' id='word_1_274' title='bbox 765 2610 850 2666; x_wconf 76' lang='grc'><strong>11.</strong></span> <span class='ocrx_word' id='word_1_275' title='bbox 881 2606 944 2662; x_wconf 84' lang='lat' dir='ltr'><strong>Et</strong></span> <span class='ocrx_word' id='word_1_276' title='bbox 965 2606 1068 2677; x_wconf 83' lang='lat' dir='ltr'><strong>ipsi</strong></span> <span class='ocrx_word' id='word_1_277' title='bbox 1089 2602 1262 2659; x_wconf 64' lang='lat' dir='ltr'><strong>Judaai</strong></span> <span class='ocrx_word' id='word_1_278' title='bbox 1294 2597 1583 2655; x_wconf 84' lang='lat' dir='ltr'><strong>consilium</strong></span> <span class='ocrx_word' id='word_1_279' title='bbox 1620 2597 1894 2652; x_wconf 80' lang='lat' dir='ltr'><strong>iniverunt</strong></span> <span class='ocrx_word' id='word_1_280' title='bbox 1927 2611 2051 2652; x_wconf 91' lang='lat' dir='ltr'><strong>cum</strong></span> <span class='ocrx_word' id='word_1_281' title='bbox 2079 2595 2216 2653; x_wconf 84' lang='lat' dir='ltr'><strong>Juda</strong></span> <span class='ocrx_word' id='word_1_282' title='bbox 2243 2639 2258 2664; x_wconf 91' lang='lat'><strong>,</strong></span> 
     </span>
    </p>
   </div>
   <div class='ocr_carea' id='block_1_43' title="bbox 2305 2595 3949 2677">
    <p class='ocr_par' dir='ltr' id='par_1_43' title="bbox 2436 2600 3949 2674">
     <span class='ocr_line' id='line_1_43' title="bbox 2436 2600 3949 2674; baseline 0 -16"><span class='ocrx_word' id='word_1_283' title='bbox 2436 2604 2516 2658; x_wconf 74' lang='lat' dir='ltr'><strong>M.</strong></span> <span class='ocrx_word' id='word_1_284' title='bbox 2553 2605 2660 2657; x_wconf 78' lang='grc' dir='ltr'><strong>Καὶ</strong></span> <span class='ocrx_word' id='word_1_285' title='bbox 2689 2605 2843 2659; x_wconf 73' lang='grc' dir='ltr'>αὐτοὶ</span> <span class='ocrx_word' id='word_1_286' title='bbox 2902 2604 2951 2658; x_wconf 83' lang='grc' dir='ltr'><strong>οἱ</strong></span> <span class='ocrx_word' id='word_1_287' title='bbox 3001 2603 3244 2657; x_wconf 74' lang='grc' dir='ltr'>Ἰουδαῖοι</span> <span class='ocrx_word' id='word_1_288' title='bbox 3304 2600 3757 2656; x_wconf 70' lang='grc' dir='ltr'>συνεϐουλεύοπο</span> <span class='ocrx_word' id='word_1_289' title='bbox 3813 2601 3949 2674; x_wconf 71' lang='grc' dir='ltr'>μετὰ</span> 
     </span>
    </p>
   </div>
   <div class='ocr_carea' id='block_1_44' title="bbox 2362 2696 2690 2764">
    <p class='ocr_par' dir='ltr' id='par_1_44' title="bbox 2362 2696 2690 2764">
     <span class='ocr_line' id='line_1_44' title="bbox 2362 2696 2690 2764; baseline 0.009 -15"><span class='ocrx_word' id='word_1_290' title='bbox 2362 2696 2453 2750; x_wconf 82' lang='grc' dir='ltr'><strong>τοῦ</strong></span> <span class='ocrx_word' id='word_1_291' title='bbox 2499 2698 2690 2764; x_wconf 81' lang='grc' dir='ltr'>Ἰούδα,</span> 
     </span>
    </p>
   </div>
   <div class='ocr_carea' id='block_1_45' title="bbox 764 2774 2408 2859">
    <p class='ocr_par' dir='ltr' id='par_1_45' title="bbox 764 2774 1677 2847">
     <span class='ocr_line' id='line_1_45' title="bbox 764 2774 1677 2847; baseline -0.016 -7"><span class='ocrx_word' id='word_1_292' title='bbox 764 2785 849 2840; x_wconf 87' lang='grc'><strong>15.</strong></span> <span class='ocrx_word' id='word_1_293' title='bbox 889 2780 959 2837; x_wconf 84' lang='lat' dir='ltr'><strong>Ut</strong></span> <span class='ocrx_word' id='word_1_294' title='bbox 980 2795 1106 2834; x_wconf 92' lang='lat' dir='ltr'><strong>eum</strong></span> <span class='ocrx_word' id='word_1_295' title='bbox 1133 2774 1677 2847; x_wconf 82' lang='lat' dir='ltr'><strong>comprehenderent,</strong></span> 
     </span>
    </p>
   </div>
   <div class='ocr_carea' id='block_1_46' title="bbox 1603 2774 3247 2859">
    <p class='ocr_par' dir='ltr' id='par_1_46' title="bbox 1603 2782 3247 2859">
     <span class='ocr_line' id='line_1_46' title="bbox 1603 2782 3247 2859; baseline 0.008 -32"><span class='ocrx_word' id='word_1_296' title='bbox 1603 2782 1677 2838; x_wconf 90' lang='lat' dir='ltr'><strong>nt,</strong></span> <span class='ocrx_word' id='word_1_297' title='bbox 2431 2789 2518 2843; x_wconf 86' lang='grc'><strong>15.</strong></span> <span class='ocrx_word' id='word_1_298' title='bbox 2544 2791 2661 2843; x_wconf 83' lang='grc' dir='ltr'>Ἵνα</span> <span class='ocrx_word' id='word_1_299' title='bbox 2691 2789 3037 2859; x_wconf 85' lang='grc' dir='ltr'>κρατήσωσιν</span> <span class='ocrx_word' id='word_1_300' title='bbox 3065 2787 3247 2850; x_wconf 78' lang='grc' dir='ltr'>αὐτὸν,</span> 
     </span>
    </p>
   </div>
   <div class='ocr_carea' id='block_1_47' title="bbox 765 2867 3304 2943">
    <p class='ocr_par' dir='ltr' id='par_1_47' title="bbox 765 2867 3304 2943">
     <span class='ocr_line' id='line_1_47' title="bbox 765 2867 3304 2943; baseline -0.002 -11"><span class='ocrx_word' id='word_1_301' title='bbox 765 2875 851 2930; x_wconf 85' lang='grc'><strong>16.</strong></span> <span class='ocrx_word' id='word_1_302' title='bbox 889 2871 960 2929; x_wconf 83' lang='grc' dir='ltr'><strong>υι</strong></span> <span class='ocrx_word' id='word_1_303' title='bbox 991 2873 1168 2943; x_wconf 75' lang='lat' dir='ltr'><strong>ipsum</strong></span> <span class='ocrx_word' id='word_1_304' title='bbox 1207 2867 1591 2923; x_wconf 71' lang='grc' dir='ltr'><strong>ίηιθΐίῖοθΐθηῑο</strong></span> <span class='ocrx_word' id='word_1_305' title='bbox 2433 2877 2522 2931; x_wconf 86' lang='grc'><strong>16.</strong></span> <span class='ocrx_word' id='word_1_306' title='bbox 2553 2878 2670 2930; x_wconf 84' lang='grc' dir='ltr'>Ἷνα</span> <span class='ocrx_word' id='word_1_307' title='bbox 2699 2876 3096 2930; x_wconf 80' lang='grc' dir='ltr'>ἀποκτείνωσιν</span> <span class='ocrx_word' id='word_1_308' title='bbox 3123 2875 3304 2928; x_wconf 77' lang='grc' dir='ltr'>αὐτόν.</span> 
     </span>
    </p>
   </div>
   <div class='ocr_carea' id='block_1_48' title="bbox 764 2956 2408 3036">
    <p class='ocr_par' dir='ltr' id='par_1_48' title="bbox 764 2956 2255 3030">
     <span class='ocr_line' id='line_1_48' title="bbox 764 2956 2255 3030; baseline -0.009 -7"><span class='ocrx_word' id='word_1_309' title='bbox 764 2968 850 3023; x_wconf 85' lang='grc'><strong>17.</strong></span> <span class='ocrx_word' id='word_1_310' title='bbox 883 2966 1106 3021; x_wconf 78' lang='lat' dir='ltr'><strong>Mortem</strong></span> <span class='ocrx_word' id='word_1_311' title='bbox 1148 2960 1360 3018; x_wconf 89' lang='lat' dir='ltr'><strong>Domini</strong></span> <span class='ocrx_word' id='word_1_312' title='bbox 1407 2959 1709 3030; x_wconf 77' lang='lat' dir='ltr'><strong>signiﬁcat,</strong></span> <span class='ocrx_word' id='word_1_313' title='bbox 1749 2968 1803 3011; x_wconf 88' lang='lat' dir='ltr'><strong>et</strong></span> <span class='ocrx_word' id='word_1_314' title='bbox 1840 2956 1987 3027; x_wconf 89' lang='lat' dir='ltr'><strong>quod</strong></span> <span class='ocrx_word' id='word_1_315' title='bbox 2015 2956 2255 3027; x_wconf 86' lang='lat' dir='ltr'><strong>seipsum</strong></span> 
     </span>
    </p>
   </div>
   <div class='ocr_carea' id='block_1_49' title="bbox 2306 2956 3950 3036">
    <p class='ocr_par' dir='ltr' id='par_1_49' title="bbox 2437 2964 3950 3036">
     <span class='ocr_line' id='line_1_49' title="bbox 2437 2964 3950 3036; baseline 0.001 -16"><span class='ocrx_word' id='word_1_316' title='bbox 2437 2967 2524 3020; x_wconf 85' lang='grc'><strong>17.</strong></span> <span class='ocrx_word' id='word_1_317' title='bbox 2557 2967 2660 3020; x_wconf 85' lang='grc' dir='ltr'>Τὸν</span> <span class='ocrx_word' id='word_1_318' title='bbox 2691 2965 2921 3020; x_wconf 83' lang='grc' dir='ltr'>θάνατον</span> <span class='ocrx_word' id='word_1_319' title='bbox 2943 2965 3039 3018; x_wconf 86' lang='grc' dir='ltr'><strong>τοῦ</strong></span> <span class='ocrx_word' id='word_1_320' title='bbox 3066 2965 3274 3036; x_wconf 78' lang='grc' dir='ltr'>Κυρίου</span> <span class='ocrx_word' id='word_1_321' title='bbox 3313 2964 3483 3033; x_wconf 83' lang='grc' dir='ltr'>λέγει,</span> <span class='ocrx_word' id='word_1_322' title='bbox 3535 2965 3629 3018; x_wconf 73' lang='grc' dir='ltr'>καὶ</span> <span class='ocrx_word' id='word_1_323' title='bbox 3659 2965 3950 3022; x_wconf 72' lang='grc' dir='ltr'>ὅτιέαυτὸν</span> 
     </span>
    </p>
   </div>
   <div class='ocr_carea' id='block_1_50' title="bbox 693 3057 2337 3130">
    <p class='ocr_par' dir='ltr' id='par_1_50' title="bbox 693 3057 2329 3130">
     <span class='ocr_line' id='line_1_50' title="bbox 693 3057 2329 3130; baseline -0.017 -15"><span class='ocrx_word' id='word_1_324' title='bbox 693 3057 1054 3114; x_wconf 81' lang='lat' dir='ltr'><strong>resuscitavit.</strong></span> <span class='ocrx_word' id='word_1_325' title='bbox 2291 3115 2329 3130; x_wconf 46' lang='grc' dir='ltr'><strong>Α</strong></span> 
     </span>
    </p>
   </div>
   <div class='ocr_carea' id='block_1_51' title="bbox 1035 3057 2679 3130">
    <p class='ocr_par' dir='ltr' id='par_1_51' title="bbox 1039 3058 2679 3130">
     <span class='ocr_line' id='line_1_51' title="bbox 1039 3058 2679 3130; baseline 0.001 -20"><span class='ocrx_word' id='word_1_326' title='bbox 1039 3094 1054 3110; x_wconf 90' lang='grc'><strong>.</strong></span> <span class='ocrx_word' id='word_1_327' title='bbox 2291 3115 2329 3130; x_wconf 48' lang='grc' dir='ltr'><strong>Α</strong></span> <span class='ocrx_word' id='word_1_328' title='bbox 2363 3058 2679 3130; x_wconf 82' lang='grc' dir='ltr'>ἀνέστησεν.</span> 
     </span>
    </p>
   </div>
   <div class='ocr_carea' id='block_1_52' title="bbox 764 3115 2408 3220">
    <p class='ocr_par' dir='ltr' id='par_1_52' title="bbox 764 3115 2330 3211">
     <span class='ocr_line' id='line_1_52' title="bbox 764 3115 2330 3211; baseline -0.008 -9"><span class='ocrx_word' id='word_1_329' title='bbox 764 3148 852 3202; x_wconf 89' lang='grc'><strong>18.</strong></span> <span class='ocrx_word' id='word_1_330' title='bbox 887 3145 982 3200; x_wconf 82' lang='lat' dir='ltr'><strong>llic</strong></span> <span class='ocrx_word' id='word_1_331' title='bbox 1000 3145 1144 3200; x_wconf 88' lang='lat' dir='ltr'><strong>enim</strong></span> <span class='ocrx_word' id='word_1_332' title='bbox 1168 3149 1253 3198; x_wconf 88' lang='lat' dir='ltr'><strong>est</strong></span> <span class='ocrx_word' id='word_1_333' title='bbox 1278 3156 1381 3211; x_wconf 81' lang='lat' dir='ltr'><strong>pax</strong></span> <span class='ocrx_word' id='word_1_334' title='bbox 1408 3147 1594 3194; x_wconf 86' lang='lat' dir='ltr'><strong>nostra</strong></span> <span class='ocrx_word' id='word_1_335' title='bbox 1621 3139 1842 3194; x_wconf 87' lang='lat' dir='ltr'><strong>dicens:</strong></span> <span class='ocrx_word' id='word_1_336' title='bbox 1870 3137 2067 3194; x_wconf 79' lang='lat' dir='ltr'><strong>Pacem</strong></span> <span class='ocrx_word' id='word_1_337' title='bbox 2090 3153 2259 3192; x_wconf 80' lang='lat' dir='ltr'><strong>meum</strong></span> <span class='ocrx_word' id='word_1_338' title='bbox 2287 3115 2330 3174; x_wconf 69' lang='grc' dir='ltr'>ο</span> 
     </span>
    </p>
   </div>
   <div class='ocr_carea' id='block_1_53' title="bbox 2304 3115 3948 3220">
    <p class='ocr_par' dir='ltr' id='par_1_53' title="bbox 2304 3115 3948 3220">
     <span class='ocr_line' id='line_1_53' title="bbox 2304 3115 3948 3220; baseline -0.001 -18"><span class='ocrx_word' id='word_1_339' title='bbox 2304 3115 2330 3174; x_wconf 62' lang='lat'><strong>3</strong></span> <span class='ocrx_word' id='word_1_340' title='bbox 2433 3149 2518 3203; x_wconf 88' lang='grc'><strong>18.</strong></span> <span class='ocrx_word' id='word_1_341' title='bbox 2550 3115 2717 3212; x_wconf 60' lang='grc' dir='ltr'>δῦτος</span> <span class='ocrx_word' id='word_1_342' title='bbox 2762 3146 2837 3219; x_wconf 86' lang='grc'><strong>(1)</strong></span> <span class='ocrx_word' id='word_1_343' title='bbox 2884 3147 2993 3219; x_wconf 85' lang='grc' dir='ltr'>γάρ</span> <span class='ocrx_word' id='word_1_344' title='bbox 3026 3148 3173 3202; x_wconf 84' lang='grc' dir='ltr'>ἐστιν</span> <span class='ocrx_word' id='word_1_345' title='bbox 3215 3148 3249 3218; x_wconf 76' lang='grc' dir='ltr'><strong>ἡ</strong></span> <span class='ocrx_word' id='word_1_346' title='bbox 3276 3148 3465 3220; x_wconf 76' lang='grc' dir='ltr'>εἰρήνη</span> <span class='ocrx_word' id='word_1_347' title='bbox 3497 3146 3676 3219; x_wconf 78' lang='grc' dir='ltr'>ἡμῶν,</span> <span class='ocrx_word' id='word_1_348' title='bbox 3706 3149 3735 3200; x_wconf 91' lang='lat'><strong>6</strong></span> <span class='ocrx_word' id='word_1_349' title='bbox 3763 3147 3948 3200; x_wconf 86' lang='grc' dir='ltr'>εἰπών·</span> 
     </span>
    </p>
   </div>
   <div class='ocr_carea' id='block_1_54' title="bbox 692 3237 2336 3310">
    <p class='ocr_par' dir='ltr' id='par_1_54' title="bbox 692 3237 1002 3297">
     <span class='ocr_line' id='line_1_54' title="bbox 692 3237 1002 3297; baseline -0.016 0"><span class='ocrx_word' id='word_1_350' title='bbox 692 3245 759 3297; x_wconf 77' lang='lat' dir='ltr'><strong>do</strong></span> <span class='ocrx_word' id='word_1_351' title='bbox 786 3240 926 3295; x_wconf 70' lang='lat' dir='ltr'><strong>vobis</strong></span> <span class='ocrx_word' id='word_1_352' title='bbox 958 3237 1002 3270; x_wconf 83' lang='grc'><strong>⁸³</strong></span> 
     </span>
    </p>
   </div>
   <div class='ocr_carea' id='block_1_55' title="bbox 1739 3237 3383 3310">
    <p class='ocr_par' dir='ltr' id='par_1_55' title="bbox 2359 3239 3383 3310">
     <span class='ocr_line' id='line_1_55' title="bbox 2359 3239 3383 3310; baseline -0.001 -16"><span class='ocrx_word' id='word_1_353' title='bbox 2359 3239 2620 3310; x_wconf 82' lang='grc' dir='ltr'><strong>Ειρήνην</strong></span> <span class='ocrx_word' id='word_1_354' title='bbox 2651 3239 2768 3308; x_wconf 79' lang='grc' dir='ltr'><strong>τὴν</strong></span> <span class='ocrx_word' id='word_1_355' title='bbox 2794 3239 2952 3308; x_wconf 77' lang='grc' dir='ltr'><strong>ἐμὴν</strong></span> <span class='ocrx_word' id='word_1_356' title='bbox 2981 3239 3188 3309; x_wconf 78' lang='grc' dir='ltr'>διδωμι</span> <span class='ocrx_word' id='word_1_357' title='bbox 3221 3239 3383 3308; x_wconf 79' lang='grc' dir='ltr'><strong>ὑμῖν.</strong></span> 
     </span>
    </p>
   </div>
   <div class='ocr_carea' id='block_1_56' title="bbox 763 3321 2407 3401">
    <p class='ocr_par' dir='ltr' id='par_1_56' title="bbox 763 3321 1978 3397">
     <span class='ocr_line' id='line_1_56' title="bbox 763 3321 1978 3397; baseline -0.009 -9"><span class='ocrx_word' id='word_1_358' title='bbox 763 3331 851 3388; x_wconf 79' lang='grc'><strong>19.</strong></span> <span class='ocrx_word' id='word_1_359' title='bbox 884 3330 958 3386; x_wconf 89' lang='lat' dir='ltr'><strong>De</strong></span> <span class='ocrx_word' id='word_1_360' title='bbox 978 3328 1114 3384; x_wconf 82' lang='lat' dir='ltr'><strong>Juda</strong></span> <span class='ocrx_word' id='word_1_361' title='bbox 1140 3326 1401 3397; x_wconf 86' lang='lat' dir='ltr'><strong>loquitur,</strong></span> <span class='ocrx_word' id='word_1_362' title='bbox 1430 3333 1482 3378; x_wconf 91' lang='lat' dir='ltr'><strong>et</strong></span> <span class='ocrx_word' id='word_1_363' title='bbox 1507 3323 1627 3393; x_wconf 82' lang='lat' dir='ltr'><strong>ejus</strong></span> <span class='ocrx_word' id='word_1_364' title='bbox 1650 3321 1978 3393; x_wconf 85' lang='lat' dir='ltr'><strong>proditione.</strong></span> 
     </span>
    </p>
   </div>
   <div class='ocr_carea' id='block_1_57' title="bbox 2305 3321 3949 3401">
    <p class='ocr_par' dir='ltr' id='par_1_57' title="bbox 2437 3328 3949 3401">
     <span class='ocr_line' id='line_1_57' title="bbox 2437 3328 3949 3401; baseline 0.001 -17"><span class='ocrx_word' id='word_1_365' title='bbox 2437 3330 2525 3384; x_wconf 88' lang='grc'><strong>19.</strong></span> <span class='ocrx_word' id='word_1_366' title='bbox 2548 3331 2684 3401; x_wconf 77' lang='grc' dir='ltr'>Περὶ</span> <span class='ocrx_word' id='word_1_367' title='bbox 2709 3328 2804 3382; x_wconf 87' lang='grc' dir='ltr'><strong>τοῦ</strong></span> <span class='ocrx_word' id='word_1_368' title='bbox 2821 3330 2990 3383; x_wconf 82' lang='grc' dir='ltr'>Ἰούδα</span> <span class='ocrx_word' id='word_1_369' title='bbox 3005 3329 3173 3397; x_wconf 83' lang='grc' dir='ltr'>λέγει,</span> <span class='ocrx_word' id='word_1_370' title='bbox 3203 3331 3297 3382; x_wconf 73' lang='grc' dir='ltr'><strong>καὶ</strong></span> <span class='ocrx_word' id='word_1_371' title='bbox 3329 3330 3428 3400; x_wconf 78' lang='grc' dir='ltr'>τῆς</span> <span class='ocrx_word' id='word_1_372' title='bbox 3447 3329 3739 3399; x_wconf 75' lang='grc' dir='ltr'>προδοσίας</span> <span class='ocrx_word' id='word_1_373' title='bbox 3765 3332 3949 3385; x_wconf 87' lang='grc' dir='ltr'>αὐτοῦ.</span> 
     </span>
    </p>
   </div>
   <div class='ocr_carea' id='block_1_58' title="bbox 760 3412 2404 3497">
    <p class='ocr_par' dir='ltr' id='par_1_58' title="bbox 760 3412 2262 3490">
     <span class='ocr_line' id='line_1_58' title="bbox 760 3412 2262 3490; baseline -0.007 -11"><span class='ocrx_word' id='word_1_374' title='bbox 760 3423 851 3479; x_wconf 86' lang='grc'><strong>20.</strong></span> <span class='ocrx_word' id='word_1_375' title='bbox 884 3423 1110 3478; x_wconf 87' lang='lat' dir='ltr'><strong>Demum</strong></span> <span class='ocrx_word' id='word_1_376' title='bbox 1139 3417 1373 3490; x_wconf 79' lang='lat' dir='ltr'><strong>papulus</strong></span> <span class='ocrx_word' id='word_1_377' title='bbox 1412 3432 1442 3470; x_wconf 87' lang='lat' dir='ltr'><strong>a</strong></span> <span class='ocrx_word' id='word_1_378' title='bbox 1475 3415 1706 3470; x_wconf 90' lang='lat' dir='ltr'><strong>Domino</strong></span> <span class='ocrx_word' id='word_1_379' title='bbox 1749 3414 2013 3469; x_wconf 87' lang='lat' dir='ltr'><strong>liberatus</strong></span> <span class='ocrx_word' id='word_1_380' title='bbox 2040 3412 2171 3468; x_wconf 91' lang='lat' dir='ltr'><strong>dicit</strong></span> <span class='ocrx_word' id='word_1_381' title='bbox 2194 3412 2262 3468; x_wconf 84' lang='lat' dir='ltr'><strong>ad</strong></span> 
     </span>
    </p>
   </div>
   <div class='ocr_carea' id='block_1_59' title="bbox 2305 3412 3949 3497">
    <p class='ocr_par' dir='ltr' id='par_1_59' title="bbox 2429 3422 3949 3497">
     <span class='ocr_line' id='line_1_59' title="bbox 2429 3422 3949 3497; baseline 0.001 -19"><span class='ocrx_word' id='word_1_382' title='bbox 2429 3424 2520 3478; x_wconf 85' lang='grc'><strong>20.</strong></span> <span class='ocrx_word' id='word_1_383' title='bbox 2549 3422 2752 3477; x_wconf 86' lang='grc' dir='ltr'>Λοιπὸν</span> <span class='ocrx_word' id='word_1_384' title='bbox 2775 3426 2804 3477; x_wconf 86' lang='grc' dir='ltr'><strong>ὁ</strong></span> <span class='ocrx_word' id='word_1_385' title='bbox 2837 3424 3054 3494; x_wconf 74' lang='grc' dir='ltr'>ρυσθεὶς</span> <span class='ocrx_word' id='word_1_386' title='bbox 3090 3422 3181 3476; x_wconf 81' lang='grc' dir='ltr'>διὰ</span> <span class='ocrx_word' id='word_1_387' title='bbox 3237 3424 3332 3476; x_wconf 74' lang='grc' dir='ltr'><strong>τοῦ</strong></span> <span class='ocrx_word' id='word_1_388' title='bbox 3387 3424 3593 3495; x_wconf 77' lang='grc' dir='ltr'>Κυρίου</span> <span class='ocrx_word' id='word_1_389' title='bbox 3628 3425 3760 3488; x_wconf 73' lang='grc' dir='ltr'>λαὸς</span> <span class='ocrx_word' id='word_1_390' title='bbox 3808 3427 3949 3497; x_wconf 79' lang='grc' dir='ltr'>λέγει</span> 
     </span>
    </p>
   </div>
   <div class='ocr_carea' id='block_1_60' title="bbox 691 3505 2335 3589">
    <p class='ocr_par' dir='ltr' id='par_1_60' title="bbox 691 3505 2261 3580">
     <span class='ocr_line' id='line_1_60' title="bbox 691 3505 2261 3580; baseline -0.008 -8"><span class='ocrx_word' id='word_1_391' title='bbox 691 3532 815 3573; x_wconf 88' lang='lat' dir='ltr'><strong>eum</strong></span> <span class='ocrx_word' id='word_1_392' title='bbox 858 3533 872 3569; x_wconf 89' lang='lat'>:</span> <span class='ocrx_word' id='word_1_393' title='bbox 911 3513 1016 3576; x_wconf 88' lang='lat' dir='ltr'><strong>Tu,</strong></span> <span class='ocrx_word' id='word_1_394' title='bbox 1047 3511 1293 3572; x_wconf 85' lang='lat' dir='ltr'><strong>Domine,</strong></span> <span class='ocrx_word' id='word_1_395' title='bbox 1322 3510 1412 3580; x_wconf 88' lang='lat' dir='ltr'><strong>qui</strong></span> <span class='ocrx_word' id='word_1_396' title='bbox 1449 3511 1560 3562; x_wconf 62' lang='lat' dir='ltr'><strong>hac</strong></span> <span class='ocrx_word' id='word_1_397' title='bbox 1612 3505 1942 3573; x_wconf 87' lang='lat' dir='ltr'><strong>sustinuisti,</strong></span> <span class='ocrx_word' id='word_1_398' title='bbox 1993 3505 2261 3560; x_wconf 89' lang='lat' dir='ltr'><strong>resuscita</strong></span> 
     </span>
    </p>
   </div>
   <div class='ocr_carea' id='block_1_61' title="bbox 2305 3505 3949 3589">
    <p class='ocr_par' dir='ltr' id='par_1_61' title="bbox 2364 3513 3949 3589">
     <span class='ocr_line' id='line_1_61' title="bbox 2364 3513 3949 3589; baseline 0.002 -21"><span class='ocrx_word' id='word_1_399' title='bbox 2364 3514 2498 3586; x_wconf 89' lang='grc' dir='ltr'>πρὸς</span> <span class='ocrx_word' id='word_1_400' title='bbox 2527 3513 2706 3567; x_wconf 79' lang='grc' dir='ltr'>αὐτόν’</span> <span class='ocrx_word' id='word_1_401' title='bbox 2726 3513 3039 3585; x_wconf 44' lang='grc' dir='ltr'>Σύ,Κύρλιε,</span> <span class='ocrx_word' id='word_1_402' title='bbox 3066 3516 3095 3568; x_wconf 88' lang='lat'><strong>6</strong></span> <span class='ocrx_word' id='word_1_403' title='bbox 3114 3514 3285 3569; x_wconf 83' lang='grc' dir='ltr'>ταῦτα</span> <span class='ocrx_word' id='word_1_404' title='bbox 3315 3517 3949 3589; x_wconf 74' lang='grc' dir='ltr'>ὑπομείνας,ἀνάστησον</span> 
     </span>
    </p>
   </div>
   <div class='ocr_carea' id='block_1_62' title="bbox 693 3595 2337 3682">
    <p class='ocr_par' dir='ltr' id='par_1_62' title="bbox 693 3595 2261 3675">
     <span class='ocr_line' id='line_1_62' title="bbox 693 3595 2261 3675; baseline -0.008 -13"><span class='ocrx_word' id='word_1_405' title='bbox 693 3622 794 3662; x_wconf 89' lang='lat' dir='ltr'><strong>nos</strong></span> <span class='ocrx_word' id='word_1_406' title='bbox 824 3620 917 3675; x_wconf 88' lang='lat' dir='ltr'><strong>per</strong></span> <span class='ocrx_word' id='word_1_407' title='bbox 949 3610 1178 3657; x_wconf 87' lang='lat' dir='ltr'><strong>mortem</strong></span> <span class='ocrx_word' id='word_1_408' title='bbox 1208 3607 1354 3653; x_wconf 90' lang='lat' dir='ltr'><strong>tuam</strong></span> <span class='ocrx_word' id='word_1_409' title='bbox 1377 3637 1392 3663; x_wconf 94' lang='lat'><strong>,</strong></span> <span class='ocrx_word' id='word_1_410' title='bbox 1436 3607 1495 3652; x_wconf 87' lang='lat' dir='ltr'><strong>et</strong></span> <span class='ocrx_word' id='word_1_411' title='bbox 1532 3595 1939 3651; x_wconf 89' lang='lat' dir='ltr'><strong>dominabimur</strong></span> <span class='ocrx_word' id='word_1_412' title='bbox 1971 3597 2261 3666; x_wconf 84' lang='lat' dir='ltr'><strong>potestati-</strong></span> 
     </span>
    </p>
   </div>
   <div class='ocr_carea' id='block_1_63' title="bbox 2304 3595 3948 3682">
    <p class='ocr_par' dir='ltr' id='par_1_63' title="bbox 2361 3605 3948 3682">
     <span class='ocr_line' id='line_1_63' title="bbox 2361 3605 3948 3682; baseline 0.004 -24"><span class='ocrx_word' id='word_1_413' title='bbox 2361 3607 2510 3676; x_wconf 71' lang='grc' dir='ltr'><strong>ἡμᾶς</strong></span> <span class='ocrx_word' id='word_1_414' title='bbox 2533 3605 2620 3659; x_wconf 82' lang='grc' dir='ltr'>διὰ</span> <span class='ocrx_word' id='word_1_415' title='bbox 2647 3605 2738 3659; x_wconf 86' lang='grc' dir='ltr'><strong>τοῦ</strong></span> <span class='ocrx_word' id='word_1_416' title='bbox 2767 3605 2997 3662; x_wconf 86' lang='grc' dir='ltr'>θανάτου</span> <span class='ocrx_word' id='word_1_417' title='bbox 3032 3625 3148 3674; x_wconf 89' lang='grc' dir='ltr'>σου,</span> <span class='ocrx_word' id='word_1_418' title='bbox 3177 3609 3272 3662; x_wconf 77' lang='grc' dir='ltr'>καὶ</span> <span class='ocrx_word' id='word_1_419' title='bbox 3307 3610 3669 3682; x_wconf 81' lang='grc' dir='ltr'>κυριεύσομεν</span> <span class='ocrx_word' id='word_1_420' title='bbox 3716 3610 3828 3664; x_wconf 80' lang='grc' dir='ltr'><strong>τῶν</strong></span> <span class='ocrx_word' id='word_1_421' title='bbox 3858 3611 3948 3664; x_wconf 84' lang='grc' dir='ltr'>δυ-</span> 
     </span>
    </p>
   </div>
   <div class='ocr_carea' id='block_1_64' title="bbox 693 3695 2337 3772">
    <p class='ocr_par' dir='ltr' id='par_1_64' title="bbox 693 3695 1045 3755">
     <span class='ocr_line' id='line_1_64' title="bbox 693 3695 1045 3755; baseline -0.009 0"><span class='ocrx_word' id='word_1_422' title='bbox 693 3702 795 3755; x_wconf 79' lang='lat' dir='ltr'><strong>bus</strong></span> <span class='ocrx_word' id='word_1_423' title='bbox 823 3695 1045 3753; x_wconf 80' lang='lat' dir='ltr'><strong>inimici.</strong></span> 
     </span>
    </p>
   </div>
   <div class='ocr_carea' id='block_1_65' title="bbox 1307 3695 2951 3772">
    <p class='ocr_par' dir='ltr' id='par_1_65' title="bbox 2361 3696 2951 3772">
     <span class='ocr_line' id='line_1_65' title="bbox 2361 3696 2951 3772; baseline 0.005 -21"><span class='ocrx_word' id='word_1_424' title='bbox 2361 3697 2577 3767; x_wconf 86' lang='grc' dir='ltr'>νάμεων</span> <span class='ocrx_word' id='word_1_425' title='bbox 2605 3696 2700 3750; x_wconf 88' lang='grc' dir='ltr'><strong>τοῦ</strong></span> <span class='ocrx_word' id='word_1_426' title='bbox 2734 3698 2951 3772; x_wconf 80' lang='grc' dir='ltr'>ἐχθροῦ.</span> 
     </span>
    </p>
   </div>
   <div class='ocr_carea' id='block_1_66' title="bbox 760 3780 2404 3866">
    <p class='ocr_par' dir='ltr' id='par_1_66' title="bbox 760 3780 2261 3856">
     <span class='ocr_line' id='line_1_66' title="bbox 760 3780 2261 3856; baseline -0.009 -9"><span class='ocrx_word' id='word_1_427' title='bbox 760 3793 860 3856; x_wconf 88' lang='grc'><strong>21,</strong></span> <span class='ocrx_word' id='word_1_428' title='bbox 893 3791 984 3845; x_wconf 76' lang='grc'><strong>22.</strong></span> <span class='ocrx_word' id='word_1_429' title='bbox 1014 3788 1149 3843; x_wconf 88' lang='lat' dir='ltr'><strong>Hinc</strong></span> <span class='ocrx_word' id='word_1_430' title='bbox 1172 3784 1552 3856; x_wconf 76' lang='lat' dir='ltr'><strong>COgnovimus,</strong></span> <span class='ocrx_word' id='word_1_431' title='bbox 1590 3782 1851 3852; x_wconf 87' lang='lat' dir='ltr'><strong>quoniam</strong></span> <span class='ocrx_word' id='word_1_432' title='bbox 1893 3780 2114 3838; x_wconf 82' lang='lat' dir='ltr'><strong>voluisti</strong></span> <span class='ocrx_word' id='word_1_433' title='bbox 2150 3780 2261 3836; x_wconf 88' lang='lat' dir='ltr'><strong>sal-</strong></span> 
     </span>
    </p>
   </div>
   <div class='ocr_carea' id='block_1_67' title="bbox 2306 3780 3950 3866">
    <p class='ocr_par' dir='ltr' id='par_1_67' title="bbox 2427 3791 3950 3866">
     <span class='ocr_line' id='line_1_67' title="bbox 2427 3791 3950 3866; baseline 0.004 -22"><span class='ocrx_word' id='word_1_434' title='bbox 2427 3791 2627 3856; x_wconf 83' lang='grc'><strong>21,22.</strong></span> <span class='ocrx_word' id='word_1_435' title='bbox 2672 3794 2952 3848; x_wconf 82' lang='grc' dir='ltr'>Ἐντεῦθεν</span> <span class='ocrx_word' id='word_1_436' title='bbox 2985 3793 3304 3866; x_wconf 72' lang='grc' dir='ltr'>ἐγνώκαμεν</span> <span class='ocrx_word' id='word_1_437' title='bbox 3331 3797 3413 3850; x_wconf 81' lang='grc' dir='ltr'>ὅτι</span> <span class='ocrx_word' id='word_1_438' title='bbox 3449 3797 3727 3866; x_wconf 75' lang='grc' dir='ltr'>ἠθέλησας</span> <span class='ocrx_word' id='word_1_439' title='bbox 3779 3797 3950 3851; x_wconf 86' lang='grc' dir='ltr'>σῶσαι</span> 
     </span>
    </p>
   </div>
   <div class='ocr_carea' id='block_1_68' title="bbox 692 3875 2336 3957">
    <p class='ocr_par' dir='ltr' id='par_1_68' title="bbox 692 3875 1950 3950">
     <span class='ocr_line' id='line_1_68' title="bbox 692 3875 1950 3950; baseline -0.007 -10"><span class='ocrx_word' id='word_1_440' title='bbox 692 3901 818 3940; x_wconf 77' lang='lat' dir='ltr'><strong>vare</strong></span> <span class='ocrx_word' id='word_1_441' title='bbox 839 3899 961 3948; x_wconf 83' lang='lat' dir='ltr'><strong>nos,</strong></span> <span class='ocrx_word' id='word_1_442' title='bbox 991 3896 1058 3936; x_wconf 91' lang='lat' dir='ltr'><strong>eo</strong></span> <span class='ocrx_word' id='word_1_443' title='bbox 1082 3879 1228 3950; x_wconf 92' lang='lat' dir='ltr'><strong>quod</strong></span> <span class='ocrx_word' id='word_1_444' title='bbox 1252 3893 1354 3933; x_wconf 90' lang='lat' dir='ltr'><strong>nos</strong></span> <span class='ocrx_word' id='word_1_445' title='bbox 1375 3876 1617 3930; x_wconf 86' lang='lat' dir='ltr'><strong>liberasti</strong></span> <span class='ocrx_word' id='word_1_446' title='bbox 1647 3891 1677 3930; x_wconf 88' lang='lat' dir='ltr'><strong>a</strong></span> <span class='ocrx_word' id='word_1_447' title='bbox 1709 3875 1950 3931; x_wconf 85' lang='lat' dir='ltr'><strong>diabolo.</strong></span> 
     </span>
    </p>
   </div>
   <div class='ocr_carea' id='block_1_69' title="bbox 2033 3875 3677 3957">
    <p class='ocr_par' dir='ltr' id='par_1_69' title="bbox 2361 3879 3677 3957">
     <span class='ocr_line' id='line_1_69' title="bbox 2361 3879 3677 3957; baseline 0.005 -20"><span class='ocrx_word' id='word_1_448' title='bbox 2361 3885 2528 3955; x_wconf 74' lang='grc' dir='ltr'>ἡμᾶς,</span> <span class='ocrx_word' id='word_1_449' title='bbox 2554 3885 2646 3953; x_wconf 77' lang='grc' dir='ltr'><strong>ἀφ’</strong></span> <span class='ocrx_word' id='word_1_450' title='bbox 2673 3879 2747 3938; x_wconf 82' lang='grc' dir='ltr'>ὧν</span> <span class='ocrx_word' id='word_1_451' title='bbox 2767 3885 2983 3957; x_wconf 73' lang='grc' dir='ltr'>ἐρῤύσω</span> <span class='ocrx_word' id='word_1_452' title='bbox 3013 3888 3160 3957; x_wconf 75' lang='grc' dir='ltr'><strong>ἡμᾶς</strong></span> <span class='ocrx_word' id='word_1_453' title='bbox 3193 3890 3257 3941; x_wconf 84' lang='grc' dir='ltr'><strong>ἐκ</strong></span> <span class='ocrx_word' id='word_1_454' title='bbox 3286 3887 3381 3940; x_wconf 86' lang='grc' dir='ltr'><strong>τοῦ</strong></span> <span class='ocrx_word' id='word_1_455' title='bbox 3409 3887 3677 3943; x_wconf 77' lang='grc' dir='ltr'>διαϐόλου.</span> 
     </span>
    </p>
   </div>
   <div class='ocr_carea' id='block_1_70' title="bbox 758 3965 2402 4053">
    <p class='ocr_par' dir='ltr' id='par_1_70' title="bbox 758 3965 2259 4044">
     <span class='ocr_line' id='line_1_70' title="bbox 758 3965 2259 4044; baseline -0.007 -11"><span class='ocrx_word' id='word_1_456' title='bbox 758 3977 849 4032; x_wconf 76' lang='grc'><strong>25.</strong></span> <span class='ocrx_word' id='word_1_457' title='bbox 879 3975 1172 4044; x_wconf 85' lang='lat' dir='ltr'><strong>Propterea</strong></span> <span class='ocrx_word' id='word_1_458' title='bbox 1216 3969 1504 4040; x_wconf 87' lang='lat' dir='ltr'><strong>suscepisti</strong></span> <span class='ocrx_word' id='word_1_459' title='bbox 1534 3983 1640 4034; x_wconf 90' lang='lat' dir='ltr'><strong>me,</strong></span> <span class='ocrx_word' id='word_1_460' title='bbox 1678 3969 1808 4039; x_wconf 88' lang='lat' dir='ltr'><strong>quia</strong></span> <span class='ocrx_word' id='word_1_461' title='bbox 1835 3969 2051 4023; x_wconf 89' lang='lat' dir='ltr'><strong>sincero</strong></span> <span class='ocrx_word' id='word_1_462' title='bbox 2090 3965 2259 4022; x_wconf 92' lang='lat' dir='ltr'><strong>corde</strong></span> 
     </span>
    </p>
   </div>
   <div class='ocr_carea' id='block_1_71' title="bbox 2304 3965 3948 4053">
    <p class='ocr_par' dir='ltr' id='par_1_71' title="bbox 2432 3975 3948 4053">
     <span class='ocr_line' id='line_1_71' title="bbox 2432 3975 3948 4053; baseline 0.004 -24"><span class='ocrx_word' id='word_1_463' title='bbox 2432 3975 2524 4030; x_wconf 73' lang='grc'><strong>23.</strong></span> <span class='ocrx_word' id='word_1_464' title='bbox 2559 3976 2658 4028; x_wconf 82' lang='grc' dir='ltr'><strong>Διὰ</strong></span> <span class='ocrx_word' id='word_1_465' title='bbox 2680 3977 2836 4031; x_wconf 87' lang='grc' dir='ltr'>τοῦτο</span> <span class='ocrx_word' id='word_1_466' title='bbox 2854 3978 3150 4032; x_wconf 76' lang='grc' dir='ltr'>ἀντελάϐου</span> <span class='ocrx_word' id='word_1_467' title='bbox 3178 3995 3303 4050; x_wconf 80' lang='grc' dir='ltr'>μου,</span> <span class='ocrx_word' id='word_1_468' title='bbox 3358 3980 3442 4033; x_wconf 83' lang='grc' dir='ltr'>ὅτι</span> <span class='ocrx_word' id='word_1_469' title='bbox 3468 3981 3528 4033; x_wconf 83' lang='grc' dir='ltr'><strong>ἐν</strong></span> <span class='ocrx_word' id='word_1_470' title='bbox 3557 3979 3779 4052; x_wconf 78' lang='grc' dir='ltr'>καθαρᾷ</span> <span class='ocrx_word' id='word_1_471' title='bbox 3819 3998 3948 4053; x_wconf 80' lang='grc' dir='ltr'>καρ-</span> 
     </span>
    </p>
   </div>
   <div class='ocr_carea' id='block_1_72' title="bbox 690 4067 2334 4139">
    <p class='ocr_par' dir='ltr' id='par_1_72' title="bbox 690 4068 930 4132">
     <span class='ocr_line' id='line_1_72' title="bbox 690 4068 930 4132; baseline -0.021 -6"><span class='ocrx_word' id='word_1_472' title='bbox 690 4068 930 4132; x_wconf 88' lang='lat' dir='ltr'><strong>credidi,</strong></span> 
     </span>
    </p>
   </div>
   <div class='ocr_carea' id='block_1_73' title="bbox 1135 4067 2779 4139">
    <p class='ocr_par' dir='ltr' id='par_1_73' title="bbox 2361 4067 2779 4139">
     <span class='ocr_line' id='line_1_73' title="bbox 2361 4067 2779 4139; baseline 0.007 -19"><span class='ocrx_word' id='word_1_473' title='bbox 2361 4067 2449 4139; x_wconf 79' lang='grc' dir='ltr'><strong>δία</strong></span> <span class='ocrx_word' id='word_1_474' title='bbox 2468 4068 2779 4123; x_wconf 86' lang='grc' dir='ltr'>ἐπίστευσα.</span> 
     </span>
    </p>
   </div>
   <div class='ocr_carea' id='block_1_74' title="bbox 759 4150 2403 4240">
    <p class='ocr_par' dir='ltr' id='par_1_74' title="bbox 759 4150 2016 4224">
     <span class='ocr_line' id='line_1_74' title="bbox 759 4150 2016 4224; baseline -0.003 -14"><span class='ocrx_word' id='word_1_475' title='bbox 759 4155 850 4211; x_wconf 68' lang='grc'><strong>24.</strong></span> <span class='ocrx_word' id='word_1_476' title='bbox 891 4153 954 4208; x_wconf 83' lang='lat' dir='ltr'><strong>Et</strong></span> <span class='ocrx_word' id='word_1_477' title='bbox 979 4152 1275 4224; x_wconf 87' lang='lat' dir='ltr'><strong>promisisti</strong></span> <span class='ocrx_word' id='word_1_478' title='bbox 1303 4152 1434 4209; x_wconf 88' lang='lat' dir='ltr'><strong>mihi</strong></span> <span class='ocrx_word' id='word_1_479' title='bbox 1468 4166 1694 4224; x_wconf 76' lang='lat' dir='ltr'><strong>regnum</strong></span> <span class='ocrx_word' id='word_1_480' title='bbox 1725 4150 2016 4206; x_wconf 73' lang='lat' dir='ltr'><strong>cmlorum.</strong></span> 
     </span>
    </p>
   </div>
   <div class='ocr_carea' id='block_1_75' title="bbox 2304 4150 3948 4240">
    <p class='ocr_par' dir='ltr' id='par_1_75' title="bbox 2429 4159 3948 4240">
     <span class='ocr_line' id='line_1_75' title="bbox 2429 4159 3948 4240; baseline 0.005 -29"><span class='ocrx_word' id='word_1_481' title='bbox 2429 4159 2520 4212; x_wconf 76' lang='grc'><strong>24.</strong></span> <span class='ocrx_word' id='word_1_482' title='bbox 2538 4160 2650 4212; x_wconf 80' lang='grc' dir='ltr'><strong>Καὶ</strong></span> <span class='ocrx_word' id='word_1_483' title='bbox 2670 4160 2982 4232; x_wconf 84' lang='grc' dir='ltr'>ἐπηγγείλω</span> <span class='ocrx_word' id='word_1_484' title='bbox 3018 4180 3107 4234; x_wconf 87' lang='grc' dir='ltr'><strong>μοι</strong></span> <span class='ocrx_word' id='word_1_485' title='bbox 3134 4164 3233 4235; x_wconf 76' lang='grc' dir='ltr'>τὴν</span> <span class='ocrx_word' id='word_1_486' title='bbox 3256 4163 3533 4235; x_wconf 88' lang='grc' dir='ltr'>βασιλείαν</span> <span class='ocrx_word' id='word_1_487' title='bbox 3558 4166 3668 4220; x_wconf 83' lang='grc' dir='ltr'><strong>τῶν</strong></span> <span class='ocrx_word' id='word_1_488' title='bbox 3685 4167 3948 4240; x_wconf 79' lang='grc' dir='ltr'>οὐρανῶν.</span> 
     </span>
    </p>
   </div>
   <div class='ocr_carea' id='block_1_76' title="bbox 758 4241 2402 4331">
    <p class='ocr_par' dir='ltr' id='par_1_76' title="bbox 758 4241 2262 4316">
     <span class='ocr_line' id='line_1_76' title="bbox 758 4241 2262 4316; baseline -0.006 -12"><span class='ocrx_word' id='word_1_489' title='bbox 758 4251 864 4316; x_wconf 77' lang='grc'><strong>25,</strong></span> <span class='ocrx_word' id='word_1_490' title='bbox 893 4248 984 4306; x_wconf 83' lang='grc'><strong>26.</strong></span> <span class='ocrx_word' id='word_1_491' title='bbox 1031 4248 1355 4304; x_wconf 88' lang='lat' dir='ltr'><strong>Benedictus</strong></span> <span class='ocrx_word' id='word_1_492' title='bbox 1395 4244 1658 4300; x_wconf 89' lang='lat' dir='ltr'><strong>Dominus</strong></span> <span class='ocrx_word' id='word_1_493' title='bbox 1707 4241 1852 4298; x_wconf 85' lang='lat' dir='ltr'><strong>Deus</strong></span> <span class='ocrx_word' id='word_1_494' title='bbox 1896 4242 2145 4297; x_wconf 87' lang='lat' dir='ltr'><strong>cordium</strong></span> <span class='ocrx_word' id='word_1_495' title='bbox 2181 4241 2262 4296; x_wconf 78' lang='lat' dir='ltr'><strong>vi-</strong></span> 
     </span>
    </p>
   </div>
   <div class='ocr_carea' id='block_1_77' title="bbox 2308 4241 3952 4331">
    <p class='ocr_par' dir='ltr' id='par_1_77' title="bbox 2431 4251 3952 4331">
     <span class='ocr_line' id='line_1_77' title="bbox 2431 4251 3952 4331; baseline 0.006 -27"><span class='ocrx_word' id='word_1_496' title='bbox 2431 4251 2523 4315; x_wconf 79' lang='grc'><strong>25,</strong></span> <span class='ocrx_word' id='word_1_497' title='bbox 2576 4251 2665 4307; x_wconf 88' lang='grc'><strong>26.</strong></span> <span class='ocrx_word' id='word_1_498' title='bbox 2727 4254 3030 4326; x_wconf 84' lang='grc' dir='ltr'>Εὐλογητὸς</span> <span class='ocrx_word' id='word_1_499' title='bbox 3090 4256 3296 4327; x_wconf 80' lang='grc' dir='ltr'>Κύριος</span> <span class='ocrx_word' id='word_1_500' title='bbox 3347 4259 3535 4322; x_wconf 84' lang='grc' dir='ltr'>ὀΘεὸς</span> <span class='ocrx_word' id='word_1_501' title='bbox 3573 4259 3684 4312; x_wconf 82' lang='grc' dir='ltr'><strong>τῶν</strong></span> <span class='ocrx_word' id='word_1_502' title='bbox 3715 4259 3952 4331; x_wconf 73' lang='grc' dir='ltr'>καρδιῶν</span> 
     </span>
    </p>
   </div>
   <div class='ocr_carea' id='block_1_78' title="bbox 691 4334 2335 4420">
    <p class='ocr_par' dir='ltr' id='par_1_78' title="bbox 691 4334 2261 4409">
     <span class='ocr_line' id='line_1_78' title="bbox 691 4334 2261 4409; baseline -0.006 -12"><span class='ocrx_word' id='word_1_503' title='bbox 691 4343 933 4397; x_wconf 90' lang='lat' dir='ltr'><strong>dentium</strong></span> <span class='ocrx_word' id='word_1_504' title='bbox 977 4355 1099 4396; x_wconf 91' lang='lat' dir='ltr'><strong>eum</strong></span> <span class='ocrx_word' id='word_1_505' title='bbox 1141 4356 1173 4395; x_wconf 91' lang='lat' dir='ltr'><strong>a</strong></span> <span class='ocrx_word' id='word_1_506' title='bbox 1212 4338 1468 4409; x_wconf 64' lang='lat' dir='ltr'><strong>praesenti</strong></span> <span class='ocrx_word' id='word_1_507' title='bbox 1492 4336 1724 4400; x_wconf 71' lang='lat' dir='ltr'><strong>saeculo,</strong></span> <span class='ocrx_word' id='word_1_508' title='bbox 1751 4344 1804 4390; x_wconf 88' lang='lat' dir='ltr'><strong>ct</strong></span> <span class='ocrx_word' id='word_1_509' title='bbox 1837 4350 2010 4403; x_wconf 86' lang='lat' dir='ltr'><strong>usque</strong></span> <span class='ocrx_word' id='word_1_510' title='bbox 2036 4334 2090 4388; x_wconf 93' lang='lat' dir='ltr'><strong>in</strong></span> <span class='ocrx_word' id='word_1_511' title='bbox 2114 4349 2261 4390; x_wconf 85' lang='lat' dir='ltr'><strong>sem-</strong></span> 
     </span>
    </p>
   </div>
   <div class='ocr_carea' id='block_1_79' title="bbox 2305 4334 3949 4420">
    <p class='ocr_par' dir='ltr' id='par_1_79' title="bbox 2361 4345 3949 4420">
     <span class='ocr_line' id='line_1_79' title="bbox 2361 4345 3949 4420; baseline 0.002 -20"><span class='ocrx_word' id='word_1_512' title='bbox 2361 4345 2470 4401; x_wconf 82' lang='grc' dir='ltr'><strong>τῶν</strong></span> <span class='ocrx_word' id='word_1_513' title='bbox 2501 4347 2751 4420; x_wconf 82' lang='grc' dir='ltr'>ὁρώντων</span> <span class='ocrx_word' id='word_1_514' title='bbox 2786 4352 2949 4405; x_wconf 89' lang='grc' dir='ltr'>αὐτὸν</span> <span class='ocrx_word' id='word_1_515' title='bbox 2976 4351 3086 4404; x_wconf 81' lang='grc' dir='ltr'>ἀπὸ</span> <span class='ocrx_word' id='word_1_516' title='bbox 3108 4351 3201 4404; x_wconf 91' lang='grc' dir='ltr'><strong>τοῦ</strong></span> <span class='ocrx_word' id='word_1_517' title='bbox 3231 4349 3327 4403; x_wconf 89' lang='grc' dir='ltr'><strong>νῦν</strong></span> <span class='ocrx_word' id='word_1_518' title='bbox 3368 4349 3564 4414; x_wconf 77' lang='grc' dir='ltr'>αἰῶνος</span> <span class='ocrx_word' id='word_1_519' title='bbox 3594 4351 3689 4404; x_wconf 72' lang='grc' dir='ltr'><strong>καὶ</strong></span> <span class='ocrx_word' id='word_1_520' title='bbox 3727 4352 3832 4414; x_wconf 70' lang='grc' dir='ltr'>ἕως</span> <span class='ocrx_word' id='word_1_521' title='bbox 3859 4350 3949 4403; x_wconf 88' lang='grc' dir='ltr'><strong>τοῦ</strong></span> 
     </span>
    </p>
   </div>
   <div class='ocr_carea' id='block_1_80' title="bbox 693 4427 2337 4525">
    <p class='ocr_par' dir='ltr' id='par_1_80' title="bbox 693 4427 2337 4525">
     <span class='ocr_line' id='line_1_80' title="bbox 693 4427 2337 4525; baseline -0.004 -34"><span class='ocrx_word' id='word_1_522' title='bbox 693 4436 984 4504; x_wconf 84' lang='lat' dir='ltr'><strong>piteruum.</strong></span> <span class='ocrx_word' id='word_1_523' title='bbox 1027 4435 1197 4489; x_wconf 86' lang='lat' dir='ltr'><strong>Amen</strong></span> <span class='ocrx_word' id='word_1_524' title='bbox 1230 4434 1422 4487; x_wconf 81' lang='lat' dir='ltr'><strong>Amen.</strong></span> <span class='ocrx_word' id='word_1_525' title='bbox 1475 4429 1637 4486; x_wconf 84' lang='lat' dir='ltr'><strong>Israel</strong></span> <span class='ocrx_word' id='word_1_526' title='bbox 1673 4428 1818 4484; x_wconf 88' lang='lat' dir='ltr'><strong>enim</strong></span> <span class='ocrx_word' id='word_1_527' title='bbox 1873 4427 2262 4496; x_wconf 86' lang='lat' dir='ltr'><strong>interpretatur</strong></span> <span class='ocrx_word' id='word_1_528' title='bbox 2297 4471 2337 4525; x_wconf 71' lang='grc' dir='ltr'>ο</span> 
     </span>
    </p>
   </div>
   <div class='ocr_carea' id='block_1_81' title="bbox 2302 4427 3946 4525">
    <p class='ocr_par' dir='ltr' id='par_1_81' title="bbox 2302 4439 3946 4525">
     <span class='ocr_line' id='line_1_81' title="bbox 2302 4439 3946 4525; baseline 0.002 -33"><span class='ocrx_word' id='word_1_529' title='bbox 2302 4471 2338 4525; x_wconf 79' lang='lat' dir='ltr'><strong>D</strong></span> <span class='ocrx_word' id='word_1_530' title='bbox 2366 4439 2746 4512; x_wconf 82' lang='grc' dir='ltr'>ἀτελευτήτου.</span> <span class='ocrx_word' id='word_1_531' title='bbox 2784 4442 2976 4514; x_wconf 81' lang='grc' dir='ltr'>Ἀμὴν,</span> <span class='ocrx_word' id='word_1_532' title='bbox 3011 4443 3181 4514; x_wconf 77' lang='grc' dir='ltr'>ἁμήν.</span> <span class='ocrx_word' id='word_1_533' title='bbox 3220 4441 3438 4514; x_wconf 81' lang='grc' dir='ltr'>Ἰσραὴλ</span> <span class='ocrx_word' id='word_1_534' title='bbox 3489 4442 3588 4513; x_wconf 82' lang='grc' dir='ltr'><strong>μὲν</strong></span> <span class='ocrx_word' id='word_1_535' title='bbox 3633 4442 3744 4515; x_wconf 85' lang='grc' dir='ltr'>γὰρ</span> <span class='ocrx_word' id='word_1_536' title='bbox 3779 4444 3946 4515; x_wconf 76' lang='grc' dir='ltr'>ἑρμη-</span> 
     </span>
    </p>
   </div>
   <div class='ocr_carea' id='block_1_82' title="bbox 691 4518 2335 4604">
    <p class='ocr_par' dir='ltr' id='par_1_82' title="bbox 691 4518 2330 4587">
     <span class='ocr_line' id='line_1_82' title="bbox 691 4518 2330 4587; baseline -0.003 -9"><span class='ocrx_word' id='word_1_537' title='bbox 691 4542 834 4579; x_wconf 77' lang='lat' dir='ltr'><strong>mens</strong></span> <span class='ocrx_word' id='word_1_538' title='bbox 882 4525 1056 4579; x_wconf 78' lang='lat' dir='ltr'><strong>videns</strong></span> <span class='ocrx_word' id='word_1_539' title='bbox 1108 4522 1295 4578; x_wconf 76' lang='lat' dir='ltr'><strong>Deum.</strong></span> <span class='ocrx_word' id='word_1_540' title='bbox 1355 4521 1493 4576; x_wconf 85' lang='lat' dir='ltr'><strong>Illud</strong></span> <span class='ocrx_word' id='word_1_541' title='bbox 1541 4528 1722 4575; x_wconf 85' lang='lat' dir='ltr'><strong>autem</strong></span> <span class='ocrx_word' id='word_1_542' title='bbox 1772 4519 1869 4587; x_wconf 82' lang='lat' dir='ltr'><strong>ﬁat</strong></span> <span class='ocrx_word' id='word_1_543' title='bbox 1927 4518 2048 4576; x_wconf 89' lang='lat' dir='ltr'><strong>loco</strong></span> <span class='ocrx_word' id='word_1_544' title='bbox 2098 4521 2262 4574; x_wconf 82' lang='lat' dir='ltr'><strong>Amen</strong></span> <span class='ocrx_word' id='word_1_545' title='bbox 2300 4518 2330 4525; x_wconf 73' lang='lat'>&#39;</span> 
     </span>
    </p>
   </div>
   <div class='ocr_carea' id='block_1_83' title="bbox 2302 4518 3946 4604">
    <p class='ocr_par' dir='ltr' id='par_1_83' title="bbox 2302 4518 3946 4604">
     <span class='ocr_line' id='line_1_83' title="bbox 2302 4518 3946 4604; baseline 0.001 -20"><span class='ocrx_word' id='word_1_546' title='bbox 2302 4518 2330 4525; x_wconf 55' lang='lat'><strong>-</strong></span> <span class='ocrx_word' id='word_1_547' title='bbox 2368 4532 2583 4585; x_wconf 83' lang='grc' dir='ltr'>νεύεται</span> <span class='ocrx_word' id='word_1_548' title='bbox 2610 4534 2757 4599; x_wconf 83' lang='grc' dir='ltr'>νοῦς</span> <span class='ocrx_word' id='word_1_549' title='bbox 2789 4532 2945 4602; x_wconf 77' lang='grc' dir='ltr'>ὀρῶν</span> <span class='ocrx_word' id='word_1_550' title='bbox 2993 4535 3163 4588; x_wconf 77' lang='grc' dir='ltr'><strong>Θεόνο</strong></span> <span class='ocrx_word' id='word_1_551' title='bbox 3203 4534 3264 4587; x_wconf 85' lang='grc' dir='ltr'><strong>τὸ</strong></span> <span class='ocrx_word' id='word_1_552' title='bbox 3307 4536 3364 4589; x_wconf 82' lang='grc' dir='ltr'><strong>δέ</strong></span> <span class='ocrx_word' id='word_1_553' title='bbox 3415 4534 3650 4604; x_wconf 73' lang='grc' dir='ltr'>γένοιτο</span> <span class='ocrx_word' id='word_1_554' title='bbox 3692 4535 3816 4588; x_wconf 78' lang='grc' dir='ltr'>ἀντὶ</span> <span class='ocrx_word' id='word_1_555' title='bbox 3860 4532 3946 4587; x_wconf 84' lang='grc' dir='ltr'><strong>τοῦ</strong></span> 
     </span>
    </p>
   </div>
   <div class='ocr_carea' id='block_1_84' title="bbox 691 4618 2335 4694">
    <p class='ocr_par' dir='ltr' id='par_1_84' title="bbox 691 4618 933 4687">
     <span class='ocr_line' id='line_1_84' title="bbox 691 4618 933 4687; baseline -0.012 -15"><span class='ocrx_word' id='word_1_556' title='bbox 691 4618 933 4687; x_wconf 88' lang='lat' dir='ltr'><strong>ponitur.</strong></span> 
     </span>
    </p>
   </div>
   <div class='ocr_carea' id='block_1_85' title="bbox 1214 4618 2858 4694">
    <p class='ocr_par' dir='ltr' id='par_1_85' title="bbox 2360 4622 2858 4694">
     <span class='ocr_line' id='line_1_85' title="bbox 2360 4622 2858 4694; baseline 0.008 -19"><span class='ocrx_word' id='word_1_557' title='bbox 2360 4622 2524 4690; x_wconf 79' lang='grc' dir='ltr'><strong>ἀμὴν</strong></span> <span class='ocrx_word' id='word_1_558' title='bbox 2555 4625 2858 4694; x_wconf 82' lang='grc' dir='ltr'>πρόκειται.</span> 
     </span>
    </p>
   </div>
   <div class='ocr_carea' id='block_1_86' title="bbox 771 4724 3946 4809">
    <p class='ocr_par' dir='ltr' id='par_1_86' title="bbox 771 4724 3946 4809">
     <span class='ocr_line' id='line_1_86' title="bbox 771 4724 3946 4809; baseline -0.003 -7"><span class='ocrx_word' id='word_1_559' title='bbox 771 4736 834 4788; x_wconf 79' lang='grc' dir='ltr'><strong>Ἥ</strong></span> <span class='ocrx_word' id='word_1_560' title='bbox 863 4730 1192 4806; x_wconf 82' lang='grc' dir='ltr'>προκειμένη</span> <span class='ocrx_word' id='word_1_561' title='bbox 1221 4727 1498 4799; x_wconf 70' lang='grc' dir='ltr'>ἐπιγραφὴ</span> <span class='ocrx_word' id='word_1_562' title='bbox 1533 4724 1889 4797; x_wconf 71' lang='grc' dir='ltr'>περιέχει(2)·</span> <span class='ocrx_word' id='word_1_563' title='bbox 1909 4729 2013 4793; x_wconf 79' lang='grc' dir='ltr'><strong>Εις</strong></span> <span class='ocrx_word' id='word_1_564' title='bbox 2038 4726 2106 4781; x_wconf 75' lang='grc' dir='ltr'><strong>τὸ</strong></span> <span class='ocrx_word' id='word_1_565' title='bbox 2149 4729 2343 4798; x_wconf 76' lang='grc' dir='ltr'>τέλος,</span> <span class='ocrx_word' id='word_1_566' title='bbox 2371 4738 2458 4803; x_wconf 82' lang='grc' dir='ltr'><strong>εις</strong></span> <span class='ocrx_word' id='word_1_567' title='bbox 2486 4738 2746 4791; x_wconf 78' lang='grc' dir='ltr'>σύνεσιν</span> <span class='ocrx_word' id='word_1_568' title='bbox 2770 4738 2895 4805; x_wconf 85' lang='grc' dir='ltr'>τοῖς</span> <span class='ocrx_word' id='word_1_569' title='bbox 2929 4739 3081 4806; x_wconf 78' lang='grc' dir='ltr'>υἱοῖς</span> <span class='ocrx_word' id='word_1_570' title='bbox 3113 4740 3281 4809; x_wconf 81' lang='grc' dir='ltr'>Κορέ·</span> <span class='ocrx_word' id='word_1_571' title='bbox 3310 4743 3606 4804; x_wconf 79' lang='grc' dir='ltr'>τουτέστιν,</span> <span class='ocrx_word' id='word_1_572' title='bbox 3650 4744 3698 4797; x_wconf 84' lang='grc' dir='ltr'>οἱ</span> <span class='ocrx_word' id='word_1_573' title='bbox 3750 4739 3946 4796; x_wconf 60' lang='lat' dir='ltr'><strong>amas.</strong></span> 
     </span>
    </p>
   </div>
   <div class='ocr_carea' id='block_1_87' title="bbox 689 4818 3946 4906">
    <p class='ocr_par' dir='ltr' id='par_1_87' title="bbox 689 4818 3946 4906">
     <span class='ocr_line' id='line_1_87' title="bbox 689 4818 3946 4906; baseline 0.002 -27"><span class='ocrx_word' id='word_1_574' title='bbox 689 4845 874 4900; x_wconf 82' lang='grc' dir='ltr'>γοντες</span> <span class='ocrx_word' id='word_1_575' title='bbox 905 4825 992 4880; x_wconf 77' lang='grc' dir='ltr'><strong>διὰ</strong></span> <span class='ocrx_word' id='word_1_576' title='bbox 1019 4823 1118 4888; x_wconf 83' lang='grc' dir='ltr'>τὰς</span> <span class='ocrx_word' id='word_1_577' title='bbox 1145 4823 1411 4895; x_wconf 83' lang='grc' dir='ltr'>ἁμαρτίας</span> <span class='ocrx_word' id='word_1_578' title='bbox 1443 4821 1518 4892; x_wconf 77' lang='lat'><strong>(5)</strong></span> <span class='ocrx_word' id='word_1_579' title='bbox 1545 4818 1624 4890; x_wconf 81' lang='grc' dir='ltr'>τῷ</span> <span class='ocrx_word' id='word_1_580' title='bbox 1657 4819 1868 4890; x_wconf 79' lang='grc' dir='ltr'>Κυρίῳ,</span> <span class='ocrx_word' id='word_1_581' title='bbox 1911 4818 2017 4873; x_wconf 74' lang='grc' dir='ltr'>υίοὶ</span> <span class='ocrx_word' id='word_1_582' title='bbox 2069 4822 2213 4895; x_wconf 81' lang='grc' dir='ltr'>Κορέ</span> <span class='ocrx_word' id='word_1_583' title='bbox 2266 4827 2424 4880; x_wconf 74' lang='grc' dir='ltr'>εἰσιν·</span> <span class='ocrx_word' id='word_1_584' title='bbox 2478 4830 2667 4899; x_wconf 72' lang='grc' dir='ltr'>ἐπειδὴ</span> <span class='ocrx_word' id='word_1_585' title='bbox 2715 4833 2964 4896; x_wconf 76' lang='grc' dir='ltr'>κάκεῖνος</span> <span class='ocrx_word' id='word_1_586' title='bbox 3004 4832 3342 4902; x_wconf 82' lang='grc' dir='ltr'>ἀντιλογικὸς</span> <span class='ocrx_word' id='word_1_587' title='bbox 3369 4835 3663 4906; x_wconf 85' lang='grc' dir='ltr'>γεγένηται</span> <span class='ocrx_word' id='word_1_588' title='bbox 3699 4835 3837 4906; x_wconf 80' lang='grc' dir='ltr'>πρὸς</span> <span class='ocrx_word' id='word_1_589' title='bbox 3863 4832 3946 4887; x_wconf 71' lang='grc' dir='ltr'><strong>τὸν</strong></span> 
     </span>
    </p>
   </div>
   <div class='ocr_carea' id='block_1_88' title="bbox 691 4907 3946 5082">
    <p class='ocr_par' dir='ltr' id='par_1_88' title="bbox 691 4907 3946 5082">
     <span class='ocr_line' id='line_1_88' title="bbox 691 4907 3946 5080; baseline 0.002 -106"><span class='ocrx_word' id='word_1_590' title='bbox 691 4921 840 5068; x_wconf 62' lang='grc' dir='ltr'>Θῐεόν·</span> <span class='ocrx_word' id='word_1_591' title='bbox 902 4921 1011 5065; x_wconf 48' lang='lat' dir='ltr'><strong>sit;</strong></span> <span class='ocrx_word' id='word_1_592' title='bbox 1035 4913 1146 5080; x_wconf 54' lang='lat'><strong>:5:</strong></span> <span class='ocrx_word' id='word_1_593' title='bbox 1190 4914 1362 5064; x_wconf 64' lang='grc' dir='ltr'>Ξῦτως</span> <span class='ocrx_word' id='word_1_594' title='bbox 1413 4912 1772 4982; x_wconf 82' lang='grc' dir='ltr'>ἁντιλογικοῖς</span> <span class='ocrx_word' id='word_1_595' title='bbox 1836 4907 1955 4965; x_wconf 81' lang='grc' dir='ltr'>οὖσι</span> <span class='ocrx_word' id='word_1_596' title='bbox 2020 4912 2080 4966; x_wconf 85' lang='grc' dir='ltr'><strong>τὸ</strong></span> <span class='ocrx_word' id='word_1_597' title='bbox 2120 4915 2401 4988; x_wconf 87' lang='grc' dir='ltr'>πρότερον,</span> <span class='ocrx_word' id='word_1_598' title='bbox 2451 4922 2544 4975; x_wconf 78' lang='grc' dir='ltr'><strong>ἐπὶ</strong></span> <span class='ocrx_word' id='word_1_599' title='bbox 2582 4921 2735 4985; x_wconf 84' lang='grc' dir='ltr'>τέλος</span> <span class='ocrx_word' id='word_1_600' title='bbox 2783 4923 2859 4993; x_wconf 71' lang='grc'><strong>(4)</strong></span> <span class='ocrx_word' id='word_1_601' title='bbox 2895 4923 2952 4976; x_wconf 83' lang='grc' dir='ltr'>δὲ</span> <span class='ocrx_word' id='word_1_602' title='bbox 3007 4924 3099 4977; x_wconf 80' lang='grc' dir='ltr'><strong>ἐπὶ</strong></span> <span class='ocrx_word' id='word_1_603' title='bbox 3156 4924 3368 4979; x_wconf 83' lang='grc' dir='ltr'>σύνεσιν</span> <span class='ocrx_word' id='word_1_604' title='bbox 3427 4924 3638 4995; x_wconf 75' lang='grc' dir='ltr'>ἀγαθὴν</span> <span class='ocrx_word' id='word_1_605' title='bbox 3685 4925 3946 5013; x_wconf 59' lang='grc' dir='ltr'>ἐλθοῦσιν,</span> 
     </span>
     <span class='ocr_line' id='line_1_89' title="bbox 691 5027 1268 5082; baseline -0.009 -14"><span class='ocrx_word' id='word_1_606' title='bbox 691 5032 716 5067; x_wconf 80' lang='grc' dir='ltr'><strong>ε</strong></span> <span class='ocrx_word' id='word_1_607' title='bbox 744 5029 878 5082; x_wconf 88' lang='grc' dir='ltr'>ρηκε</span> <span class='ocrx_word' id='word_1_608' title='bbox 907 5030 940 5066; x_wconf 83' lang='grc' dir='ltr'><strong>τ</strong></span> <span class='ocrx_word' id='word_1_609' title='bbox 969 5029 998 5065; x_wconf 93' lang='grc' dir='ltr'><strong>ν</strong></span> <span class='ocrx_word' id='word_1_610' title='bbox 1079 5027 1116 5064; x_wconf 86' lang='grc' dir='ltr'><strong>α</strong></span> <span class='ocrx_word' id='word_1_611' title='bbox 1151 5029 1190 5082; x_wconf 85' lang='grc' dir='ltr'><strong>μ</strong></span> <span class='ocrx_word' id='word_1_612' title='bbox 1220 5027 1268 5063; x_wconf 92' lang='grc' dir='ltr'>ν.</span> 
     </span>
    </p>
   </div>
   <div class='ocr_carea' id='block_1_89' title="bbox 744 5029 1268 5086">
    <p class='ocr_par' dir='ltr' id='par_1_89' title="bbox 744 5029 1268 5086">
     <span class='ocr_line' id='line_1_90' title="bbox 744 5029 1268 5086; baseline -0.011 -17"><span class='ocrx_word' id='word_1_613' title='bbox 744 5029 878 5086; x_wconf 85' lang='grc' dir='ltr'>ρηκε</span> <span class='ocrx_word' id='word_1_614' title='bbox 907 5029 998 5066; x_wconf 83' lang='grc' dir='ltr'><strong>τον</strong></span> <span class='ocrx_word' id='word_1_615' title='bbox 1035 5029 1268 5082; x_wconf 72' lang='grc' dir='ltr'>ψαλμον.</span> 
     </span>
    </p>
   </div>
   <div class='ocr_carea' id='block_1_90' title="bbox 761 5120 3944 5202">
    <p class='ocr_par' dir='ltr' id='par_1_90' title="bbox 761 5120 3944 5202">
     <span class='ocr_line' id='line_1_91' title="bbox 761 5120 3944 5202; baseline 0 -18"><span class='ocrx_word' id='word_1_616' title='bbox 761 5127 979 5184; x_wconf 84' lang='lat' dir='ltr'><strong>Titulus</strong></span> <span class='ocrx_word' id='word_1_617' title='bbox 1005 5125 1329 5197; x_wconf 66' lang='lat' dir='ltr'><strong>praepositus</strong></span> <span class='ocrx_word' id='word_1_618' title='bbox 1359 5123 1603 5178; x_wconf 91' lang='lat' dir='ltr'><strong>continet</strong></span> <span class='ocrx_word' id='word_1_619' title='bbox 1635 5141 1646 5176; x_wconf 89' lang='lat'><strong>:</strong></span> <span class='ocrx_word' id='word_1_620' title='bbox 1681 5120 1745 5175; x_wconf 80' lang='lat' dir='ltr'><strong>In</strong></span> <span class='ocrx_word' id='word_1_621' title='bbox 1769 5121 1958 5191; x_wconf 85' lang='lat' dir='ltr'><strong>ﬁnem,</strong></span> <span class='ocrx_word' id='word_1_622' title='bbox 1993 5123 2048 5174; x_wconf 81' lang='lat' dir='ltr'><strong>in</strong></span> <span class='ocrx_word' id='word_1_623' title='bbox 2086 5124 2412 5180; x_wconf 79' lang='lat' dir='ltr'><strong>intellectum</strong></span> <span class='ocrx_word' id='word_1_624' title='bbox 2446 5128 2578 5198; x_wconf 78' lang='lat' dir='ltr'><strong>ﬁliis</strong></span> <span class='ocrx_word' id='word_1_625' title='bbox 2611 5127 2744 5184; x_wconf 76' lang='lat' dir='ltr'><strong>Core</strong></span> <span class='ocrx_word' id='word_1_626' title='bbox 2773 5148 2790 5184; x_wconf 90' lang='lat'><strong><em>:</em></strong></span> <span class='ocrx_word' id='word_1_627' title='bbox 2831 5147 2935 5188; x_wconf 92' lang='lat' dir='ltr'><strong>noc</strong></span> <span class='ocrx_word' id='word_1_628' title='bbox 2978 5145 3064 5188; x_wconf 89' lang='lat' dir='ltr'><strong>est</strong></span> <span class='ocrx_word' id='word_1_629' title='bbox 3090 5173 3107 5200; x_wconf 95' lang='lat'><strong>,</strong></span> <span class='ocrx_word' id='word_1_630' title='bbox 3148 5132 3242 5202; x_wconf 92' lang='lat' dir='ltr'><strong>qui</strong></span> <span class='ocrx_word' id='word_1_631' title='bbox 3284 5132 3676 5188; x_wconf 84' lang='lat' dir='ltr'><strong>contradicunt</strong></span> <span class='ocrx_word' id='word_1_632' title='bbox 3717 5132 3944 5186; x_wconf 86' lang='lat' dir='ltr'><strong>Domino</strong></span> 
     </span>
    </p>
   </div>
   <div class='ocr_carea' id='block_1_91' title="bbox 692 5217 3943 5300">
    <p class='ocr_par' dir='ltr' id='par_1_91' title="bbox 692 5217 3943 5300">
     <span class='ocr_line' id='line_1_92' title="bbox 692 5217 3943 5300; baseline -0 -21"><span class='ocrx_word' id='word_1_633' title='bbox 692 5235 911 5297; x_wconf 81' lang='lat' dir='ltr'><strong>propter</strong></span> <span class='ocrx_word' id='word_1_634' title='bbox 937 5232 1162 5295; x_wconf 87' lang='lat' dir='ltr'><strong>peccata</strong></span> <span class='ocrx_word' id='word_1_635' title='bbox 1182 5260 1197 5284; x_wconf 88' lang='lat'><strong>,</strong></span> <span class='ocrx_word' id='word_1_636' title='bbox 1225 5221 1321 5274; x_wconf 87' lang='lat' dir='ltr'><strong>lilii</strong></span> <span class='ocrx_word' id='word_1_637' title='bbox 1354 5218 1496 5276; x_wconf 87' lang='lat' dir='ltr'><strong>Core</strong></span> <span class='ocrx_word' id='word_1_638' title='bbox 1522 5227 1682 5283; x_wconf 88' lang='lat' dir='ltr'><strong>sunt,</strong></span> <span class='ocrx_word' id='word_1_639' title='bbox 1721 5217 1981 5287; x_wconf 91' lang='lat' dir='ltr'><strong>quoniam</strong></span> <span class='ocrx_word' id='word_1_640' title='bbox 2012 5227 2075 5273; x_wconf 88' lang='lat' dir='ltr'><strong>et-</strong></span> <span class='ocrx_word' id='word_1_641' title='bbox 2101 5220 2190 5275; x_wconf 90' lang='lat' dir='ltr'><strong>ille</strong></span> <span class='ocrx_word' id='word_1_642' title='bbox 2223 5225 2597 5280; x_wconf 87' lang='lat' dir='ltr'><strong>contradictor</strong></span> <span class='ocrx_word' id='word_1_643' title='bbox 2646 5225 2757 5281; x_wconf 89' lang='lat' dir='ltr'><strong>Deo</strong></span> <span class='ocrx_word' id='word_1_644' title='bbox 2788 5229 3000 5282; x_wconf 85' lang='lat' dir='ltr'><strong>exstitit</strong></span> <span class='ocrx_word' id='word_1_645' title='bbox 3031 5249 3043 5283; x_wconf 93' lang='lat'><strong>:</strong></span> <span class='ocrx_word' id='word_1_646' title='bbox 3079 5229 3166 5284; x_wconf 88' lang='lat' dir='ltr'><strong>bis</strong></span> <span class='ocrx_word' id='word_1_647' title='bbox 3194 5229 3361 5300; x_wconf 76' lang='lat' dir='ltr'><strong>igitur</strong></span> <span class='ocrx_word' id='word_1_648' title='bbox 3386 5227 3460 5281; x_wconf 87' lang='lat' dir='ltr'><strong>ita</strong></span> <span class='ocrx_word' id='word_1_649' title='bbox 3487 5226 3645 5298; x_wconf 90' lang='lat' dir='ltr'><strong>prius</strong></span> <span class='ocrx_word' id='word_1_650' title='bbox 3671 5224 3943 5282; x_wconf 86' lang='lat' dir='ltr'><strong>contradi-</strong></span> 
     </span>
    </p>
   </div>
   <div class='ocr_carea' id='block_1_92' title="bbox 691 5314 3024 5392">
    <p class='ocr_par' dir='ltr' id='par_1_92' title="bbox 691 5314 3024 5392">
     <span class='ocr_line' id='line_1_93' title="bbox 691 5314 3024 5392; baseline 0.002 -17"><span class='ocrx_word' id='word_1_651' title='bbox 691 5320 965 5382; x_wconf 88' lang='lat' dir='ltr'><strong>centibus,</strong></span> <span class='ocrx_word' id='word_1_652' title='bbox 993 5319 1048 5372; x_wconf 88' lang='lat' dir='ltr'><strong>in</strong></span> <span class='ocrx_word' id='word_1_653' title='bbox 1081 5317 1244 5372; x_wconf 85' lang='lat' dir='ltr'><strong>linem</strong></span> <span class='ocrx_word' id='word_1_654' title='bbox 1276 5325 1457 5370; x_wconf 90' lang='lat' dir='ltr'><strong>autem</strong></span> <span class='ocrx_word' id='word_1_655' title='bbox 1482 5315 1536 5368; x_wconf 94' lang='lat' dir='ltr'><strong>in</strong></span> <span class='ocrx_word' id='word_1_656' title='bbox 1564 5315 1770 5369; x_wconf 91' lang='lat' dir='ltr'><strong>bonum</strong></span> <span class='ocrx_word' id='word_1_657' title='bbox 1797 5314 2135 5370; x_wconf 88' lang='lat' dir='ltr'><strong>intellectum</strong></span> <span class='ocrx_word' id='word_1_658' title='bbox 2161 5318 2509 5376; x_wconf 84' lang='lat' dir='ltr'><strong>venientibus</strong></span> <span class='ocrx_word' id='word_1_659' title='bbox 2549 5323 2827 5392; x_wconf 88' lang='lat' dir='ltr'><strong>psalmum</strong></span> <span class='ocrx_word' id='word_1_660' title='bbox 2864 5325 3024 5380; x_wconf 81' lang='lat' dir='ltr'><strong>dixit.</strong></span> 
     </span>
    </p>
   </div>
   <div class='ocr_carea' id='block_1_93' title="bbox 756 5434 2400 5515">
    <p class='ocr_par' dir='ltr' id='par_1_93' title="bbox 756 5434 2257 5504">
     <span class='ocr_line' id='line_1_94' title="bbox 756 5434 2257 5504; baseline 0 -12"><span class='ocrx_word' id='word_1_661' title='bbox 756 5439 808 5492; x_wconf 90' lang='grc'><strong>1.</strong></span> <span class='ocrx_word' id='word_1_662' title='bbox 837 5434 1309 5504; x_wconf 88' lang='lat' dir='ltr'><strong>Quemadmodum</strong></span> <span class='ocrx_word' id='word_1_663' title='bbox 1334 5449 1550 5499; x_wconf 80' lang='lat' dir='ltr'><strong>cervus,</strong></span> <span class='ocrx_word' id='word_1_664' title='bbox 1583 5443 1940 5504; x_wconf 87' lang='lat' dir='ltr'><strong>posteaquam</strong></span> <span class='ocrx_word' id='word_1_665' title='bbox 1987 5435 2099 5491; x_wconf 88' lang='lat' dir='ltr'><strong>edit</strong></span> <span class='ocrx_word' id='word_1_666' title='bbox 2139 5451 2257 5492; x_wconf 86' lang='lat' dir='ltr'><strong>ser-</strong></span> 
     </span>
    </p>
   </div>
   <div class='ocr_carea' id='block_1_94' title="bbox 2297 5434 3941 5515">
    <p class='ocr_par' dir='ltr' id='par_1_94' title="bbox 2438 5439 3941 5515">
     <span class='ocr_line' id='line_1_95' title="bbox 2438 5439 3941 5515; baseline -0.003 -21"><span class='ocrx_word' id='word_1_667' title='bbox 2438 5441 2489 5495; x_wconf 92' lang='grc'><strong>1.</strong></span> <span class='ocrx_word' id='word_1_668' title='bbox 2509 5442 2720 5514; x_wconf 82' lang='grc' dir='ltr'>Ὥσπερ</span> <span class='ocrx_word' id='word_1_669' title='bbox 2742 5444 2775 5512; x_wconf 78' lang='grc' dir='ltr'><strong>ἡ</strong></span> <span class='ocrx_word' id='word_1_670' title='bbox 2794 5442 2989 5512; x_wconf 75' lang='grc' dir='ltr'>ἔλαφος</span> <span class='ocrx_word' id='word_1_671' title='bbox 3020 5443 3156 5515; x_wconf 83' lang='grc' dir='ltr'>μετὰ</span> <span class='ocrx_word' id='word_1_672' title='bbox 3186 5443 3248 5495; x_wconf 88' lang='grc' dir='ltr'><strong>τὸ</strong></span> <span class='ocrx_word' id='word_1_673' title='bbox 3279 5441 3481 5498; x_wconf 78' lang='grc' dir='ltr'>ἐσθίειν</span> <span class='ocrx_word' id='word_1_674' title='bbox 3507 5443 3601 5497; x_wconf 87' lang='grc' dir='ltr'><strong>τὸν</strong></span> <span class='ocrx_word' id='word_1_675' title='bbox 3624 5442 3749 5512; x_wconf 77' lang='grc' dir='ltr'>ὅφιν</span> <span class='ocrx_word' id='word_1_676' title='bbox 3771 5439 3941 5513; x_wconf 78' lang='grc' dir='ltr'>τρέχει</span> 
     </span>
    </p>
   </div>
   <div class='ocr_carea' id='block_1_95' title="bbox 760 5530 1246 5595">
    <p class='ocr_par' dir='ltr' id='par_1_95' title="bbox 760 5530 1246 5595">
     <span class='ocr_line' id='line_1_96' title="bbox 760 5530 1246 5595; baseline -0.006 -7"><span class='ocrx_word' id='word_1_677' title='bbox 760 5535 806 5566; x_wconf 86' lang='grc'><strong><em>⁸⁸</em></strong></span> <span class='ocrx_word' id='word_1_678' title='bbox 832 5532 990 5588; x_wconf 66' lang='lat' dir='ltr'><strong>Joan.</strong></span> <span class='ocrx_word' id='word_1_679' title='bbox 1020 5547 1130 5595; x_wconf 75' lang='lat' dir='ltr'><strong>xiv,</strong></span> <span class='ocrx_word' id='word_1_680' title='bbox 1155 5530 1246 5585; x_wconf 88' lang='grc'><strong>27.</strong></span> 
     </span>
    </p>
   </div>
   <div class='ocr_carea' id='block_1_96' title="bbox 1640 5603 2976 5686">
    <p class='ocr_par' dir='ltr' id='par_1_96' title="bbox 1640 5603 2976 5686">
     <span class='ocr_line' id='line_1_97' title="bbox 1640 5603 2976 5686; baseline 0.004 -23"><span class='ocrx_word' id='word_1_681' title='bbox 1640 5603 1950 5667; x_wconf 79' lang='lat' dir='ltr'><strong>Addenda</strong></span> <span class='ocrx_word' id='word_1_682' title='bbox 1981 5613 2040 5668; x_wconf 86' lang='lat' dir='ltr'><strong>et</strong></span> <span class='ocrx_word' id='word_1_683' title='bbox 2078 5606 2452 5686; x_wconf 82' lang='lat' dir='ltr'><strong>corrigenda</strong></span> <span class='ocrx_word' id='word_1_684' title='bbox 2484 5625 2561 5667; x_wconf 82' lang='lat' dir='ltr'><strong>ex</strong></span> <span class='ocrx_word' id='word_1_685' title='bbox 2600 5606 2742 5668; x_wconf 92' lang='lat' dir='ltr'><strong>cod.</strong></span> <span class='ocrx_word' id='word_1_686' title='bbox 2776 5606 2976 5668; x_wconf 82' lang='lat' dir='ltr'><strong>Vatic.</strong></span> 
     </span>
    </p>
   </div>
   <div class='ocr_carea' id='block_1_97' title="bbox 759 5708 2973 5794">
    <p class='ocr_par' dir='ltr' id='par_1_97' title="bbox 759 5708 2973 5794">
     <span class='ocr_line' id='line_1_98' title="bbox 759 5708 2973 5794; baseline -0.008 1"><span class='ocrx_word' id='word_1_687' title='bbox 759 5710 838 5794; x_wconf 70' lang='grc'><strong>(1)</strong></span> <span class='ocrx_word' id='word_1_688' title='bbox 860 5709 1050 5794; x_wconf 57' lang='grc' dir='ltr'><strong>49.τίέςτ</strong></span> <span class='ocrx_word' id='word_1_689' title='bbox 1118 5779 1144 5791; x_wconf 94' lang='grc'><strong>-</strong></span> <span class='ocrx_word' id='word_1_690' title='bbox 1373 5778 1432 5794; x_wconf 84' lang='grc'><strong>-,</strong></span> <span class='ocrx_word' id='word_1_691' title='bbox 2441 5708 2518 5794; x_wconf 65' lang='grc' dir='ltr'><strong>(ξ)</strong></span> <span class='ocrx_word' id='word_1_692' title='bbox 2547 5709 2656 5794; x_wconf 61' lang='lat' dir='ltr'><strong>Ii);</strong></span> <span class='ocrx_word' id='word_1_693' title='bbox 2685 5711 2973 5781; x_wconf 74' lang='grc' dir='ltr'>ἁμαρτίας.</span> 
     </span>
    </p>
   </div>
   <div class='ocr_carea' id='block_1_98' title="bbox 759 5778 2720 5851">
    <p class='ocr_par' dir='ltr' id='par_1_98' title="bbox 759 5778 2720 5851">
     <span class='ocr_line' id='line_1_99' title="bbox 759 5778 2720 5851; baseline 0.001 -19"><span class='ocrx_word' id='word_1_694' title='bbox 759 5778 837 5849; x_wconf 73' lang='grc'><strong>(2)</strong></span> <span class='ocrx_word' id='word_1_695' title='bbox 884 5782 945 5834; x_wconf 88' lang='lat' dir='ltr'><strong>&#39;H</strong></span> <span class='ocrx_word' id='word_1_696' title='bbox 970 5781 1058 5834; x_wconf 82' lang='grc' dir='ltr'>διὰ</span> <span class='ocrx_word' id='word_1_697' title='bbox 1086 5779 1184 5851; x_wconf 78' lang='grc' dir='ltr'>τῆς</span> <span class='ocrx_word' id='word_1_698' title='bbox 1213 5778 1579 5851; x_wconf 80' lang='grc' dir='ltr'>κινναϐάρεως</span> <span class='ocrx_word' id='word_1_699' title='bbox 1613 5795 1737 5850; x_wconf 83' lang='grc' dir='ltr'>περ.</span> <span class='ocrx_word' id='word_1_700' title='bbox 2447 5778 2519 5850; x_wconf 75' lang='grc'><strong>(4)</strong></span> <span class='ocrx_word' id='word_1_701' title='bbox 2548 5781 2720 5833; x_wconf 84' lang='grc' dir='ltr'>Τέλει.</span> 
     </span>
    </p>
   </div>
  </div>
