4164 6508
244 449 361 515 813

1174 450 1262 504 DE
1299 449 1574 509 TlTULlS
1613 451 2071 509 PSALMORUM.
2111 485 2182 495 —
2216 452 2413 508 PSAL.
2457 454 2597 509 XLI.

3391 456 3513 519 814

320 566 378 620 2.
413 566 599 632 Οὕτως
629 568 931 641 ἐπιπθείή
961 569 1106 640 ψυχή
1142 588 1243 641 μου
1266 572 1404 643 πρὸς
1434 574 1515 635 σὲ,
1545 574 1573 625 ὁ
1601 572 1753 636 Θεός.

1997 575 2052 627 ‘3.
2093 574 2169 628 lta
2200 574 2471 629 desiderat
2493 575 2677 629 anima
2699 591 2816 630 mea
2847 576 2925 630 ad
2946 585 3016 637 te,
3055 575 3219 631 Deus.

322 660 377 713 5.
423 660 701 731 Ἐδίψτλσεν
731 660 931 732 ἡψυχὴ
976 678 1077 732 μου
1109 662 1246 734 πρὸς
1290 664 1380 717 τὸν
1405 664 1536 717 Θεὸν
1562 664 1652 718 τὸν
1685 666 1832 735 ἰσχυ-

252 752 349 822 ρὸν
380 752 471 805 τὸν
493 752 692 817 ζῶντα.

238 854 243 859 ‘
325 842 380 897 4.
411 843 546 896 Πότε
594 846 728 914 ἥξω,
792 843 886 897 καὶ
926 844 1233 917 ὀφθήσομαι
1289 846 1366 917 τῷ
1412 849 1689 921 προσώπῳ
1735 850 1829 904 τοῦ

247 934 385 987 Θεοῦ
402 953 416 1000 ;

317 1025 372 1079 5.
402 1026 665 1097 Ἑγενήθη
685 1028 753 1080 τὰ
781 1027 992 1098 δάκρυά
1026 1046 1128 1100 μου
1160 1030 1284 1100 ἐμοὶ
1309 1030 1471 1103 ἄρτος
1503 1032 1713 1105 ἡμέρας
1738 1034 1831 1087 καὶ

248 1120 465 1183 νυκτὸς,

322 1210 375 1263 6.
421 1212 507 1265 Ἐν
531 1212 608 1283 τῷ
626 1212 875 1283 λέγεσθαί
904 1231 996 1284 μοι
1030 1213 1153 1268 καθ’
1179 1215 1416 1287 ἑκάστην
1442 1218 1678 1290 ἡμέραν
1719 1220 1829 1273 Ποῦ

244 1305 397 1357 ἐστιν
425 1307 453 1357 ὁ
472 1304 603 1369 Θεός
644 1323 771 1371 σου;

316 1397 369 1451 7.
399 1398 580 1451 Ταῦτα
634 1398 932 1471 ἐμνήσθην,
967 1402 1061 1454 καὶ
1110 1400 1298 1472 ἐξὲχεα
1332 1402 1419 1455 ἐπ’
1472 1402 1572 1474 ἐμὲ
1605 1405 1704 1475 τὴν
1730 1405 1831 1475 ψυ-

239 1491 349 1561 χήν
378 1508 500 1559 μου.

313 1582 367 1635 8.
394 1583 513 1635 Ὀτι
534 1582 876 1655 διελεύσομαι
897 1586 956 1637 ἐν
980 1585 1127 1657 τόπῳ
1152 1587 1355 1658 σκηνῆς
1382 1587 1701 1661 θαυμαστῆς
1727 1592 1831 1656 ἕως

237 1672 335 1726 τοῦ
368 1673 518 1726 οἴκου
539 1674 632 1727 τοῦ
664 1674 822 1738 Θεοῦ,

307 1764 363 1817 9.
410 1765 499 1818 Ἐν
528 1769 676 1835 φωνῇ
702 1767 1073 1836 ἀγαλλιάσεως
1103 1771 1197 1824 καὶ
1235 1771 1671 1844 ἐξομολογήσεως
1695 1775 1826 1846 ἤχου

236 1853 614 1925 ὲορτάζοντος.

2003 666 2057 719 5.
2092 664 2273 719 Sitivit
2293 666 2477 720 anima
2503 682 2623 721 mea
2660 669 2728 721 ad
2760 666 2927 722 Deum
2953 667 3146 722 fortem
3173 669 3355 722 vivum
3380 685 3396 724 :

2002 844 2053 897 4.
2090 842 2317 910 Quando
2338 844 2575 911 veniam,
2602 855 2655 900 ct
2681 844 2951 914 apparebo
2985 856 3109 897 ante
3144 843 3335 897 {adem
3376 842 3503 898 Dei!

2001 1022 2055 1075 ὃ.
2092 1020 2335 1077 Fuerunt
2356 1020 2605 1094 lacrymaa
2627 1039 2759 1078 mea:
2787 1023 2916 1076 mihi
2941 1038 3108 1094 panes
3128 1022 3214 1077 die
3235 1038 3297 1077 ac
3323 1031 3502 1089 nocte,

2002 1199 2055 1254 6.
2097 1200 2231 1254 Dum
2262 1201 2461 1255 dicitur
2484 1200 2615 1254 mihi
2640 1201 2913 1271 quotidie:
2934 1198 3033 1253 Ubi
3060 1210 3144 1255 est
3173 1199 3317 1255 Deus
3342 1198 3502 1257 ωιιεῖ

2001 1403 2055 1455 7.
2100 1400 2226 1456 Haec
2256 1400 2572 1455 recordatus
2607 1415 2752 1467 sum,
2794 1406 2850 1453 et
2879 1395 3043 1452 ell‘odi
3078 1397 3130 1450 in
3162 1411 3245 1451 me
3260 1397 3498 1453 animam

1932 1510 2107 1548 meam
2125 1511 2139 1557 ;

1997 1589 2048 1640 8.
2085 1584 2356 1653 Quoniam
2384 1583 2627 1638 transibo
2663 1583 2716 1637 in
2760 1582 2941 1636 locum
2968 1581 3301 1638 tabernaculi
3327 1582 3492 1637 admi-

1930 1679 2117 1733 rabilis
2147 1694 2321 1749 usque
2343 1677 2408 1732 ad
2438 1677 2657 1731 domum
2690 1675 2782 1731 Dei
2805 1714 2820 1738 .

2001 1773 2055 1826 9.
2091 1772 2145 1825 In
2172 1787 2305 1827 voce
2328 1770 2713 1827 exsultationis
2742 1780 2793 1826 et
2823 1771 3183 1828 confessiOnis
3218 1770 3338 1826 soni
3364 1769 3495 1825 festa

1927 1867 2277 1921 celebrantis.

316 1946 405 2000 10.
436 1948 552 2000 Ἵνα
582 1950 632 2001 τί
654 1950 953 2022 περίλυπος
987 1947 1057 2018 εἴ,
1102 1955 1134 2025 ἡ
1172 1954 1314 2027 ψυχή
1362 1973 1502 2027 μους
1537 1958 1631 2010 καὶ
1659 1958 1745 2011 ἵνα
1773 1964 1817 2012 τί

2004 1960 2087 2014 10.
2121 1960 2300 2027 Quare
2330 1962 2504 2018 tristis
2539 1978 2633 2029 es,
2662 1964 2843 2019 anima
2883 1980 3025 2028 mea,
3070 1970 3124 2018 et
3164 1978 3334 2034 quare
3364 1978 3486 2018 coa-

234 2040 636 2109 συνταράσσεις
673 2061 740 2113 με
756 2060 770 2109 ;

312 2128 402 2182 ll.
451 2130 709 2185 Ἔλπισον
758 2134 850 2185 ἐπὶ
908 2133 999 2186 τὸν
1028 2134 1180 2199 Θεὸν,
1216 2136 1299 2189 ὅτι
1360 2138 1824 2210 ἐξομολογήσομαι

234 2237 389 2291 aucte
410 2239 424 2251 ο

309 2314 399 2366 12.
434 2316 705 2388 Σωτήρων
732 2319 825 2371 τοῦ
858 2319 1149 2390 προσώπου
1183 2339 1285 2392 μου
1319 2323 1412 2376 καὶ
1444 2325 1472 2375 ὁ
1500 2324 1631 2388 Θεὸς
1662 2343 1783 2395 μου.

313 2407 403 2461 15.
432 2410 573 2481 Πρὸς
602 2412 838 2481 ἐμαυτὸν
856 2416 889 2484 ἡ
926 2414 1070 2485 ψυχή
1102 2432 1202 2486 μου
1233 2418 1528 2488 ἐταράχθη*

288 2498 401 2553 η.
438 2501 536 2554 Διὰ
557 2503 712 2557 τοῦτο
741 2506 1122 2578 μνησθήσομαί
1148 2525 1240 2561 σου
1275 2511 1336 2561 ἐκ
1371 2511 1473 2579 γῆς
1515 2510 1798 2581 Ἰορδάνου,

1932 2053 2121 2107 turbas
2143 2070 2228 2107 me
2250 2057 2273 2107 ?

1997 2146 2082 2199 tl.
2118 2150 2284 2217 Spera
2315 2147 2367 2201 in
2395 2147 2525 2214 Deo,
2557 2149 2815 2217 quoniam
2846 2148 3147 2204 conﬁtebor
3170 2147 3245 2202 illi
3274 2166 3293 2202 :

2003 2321 2088 2376 12.
2133 2322 2380 2378 Salutare
2405 2325 2587 2379 vultus
2613 2327 2719 2379 mei
2749 2334 2803 2380 et
2832 2325 2975 2381 Deus
3005 2342 3181 2382 meus.

2010 2418 2090 2471 l5.
2124 2417 2203 2471 Ad
2234 2418 2500 2486 meipsum
2526 2419 2705 2472 anima
2745 2436 2861 2473 mea
2892 2421 3212 2473 conturbata
3237 2428 3357 2474 est:

2002 2510 2091 2564 14.
2123 2509 2415 2580 Propterea
2444 2527 2653 2567 memor
2678 2528 2772 2567 ero
2819 2513 2897 2565 tui
2946 2512 3013 2567 de
3041 2522 3184 2566 terra
3209 2509 3492 2577 Iordanis,

1377 2708 1755 2763 ATllANASIl
1797 2709 1901 2763 lN'l
1918 2710 2381 2767 Elll‘HETATIO.

232 2854 334 2909 ἐπὶ
358 2854 455 2926 τὴν
474 2856 578 2926 γῆν
604 2855 679 2927 (1)
711 2857 805 2911 τοῦ
834 2857 1024 2923 ὕδατος
1056 2861 1192 2933 πρὸς
1218 2862 1279 2915 τὸ
1300 2864 1465 2925 πιεῖν,
1500 2864 1585 2916 ἵνα
1611 2864 1689 2934 μὴ
1718 2864 1821 2917 ὑπὸ

228 2946 332 3001 τοῦ
364 2946 442 3000 ἰοῦ
470 2948 564 3001 τοῦ
594 2950 769 3018 ὄφεως
806 2950 1036 3022 ἀδικηθῇ
1060 2969 1073 2982 ’

1926 2874 2140 2935 pentem
2164 2906 2181 2930 ,
2223 2867 2397 2921 currit
2422 2867 2489 2922 ad
2534 2878 2735 2924 terram
2764 2870 3023 2941 irriguam
3046 2912 3062 2936 ,
3090 2882 3151 2928 ut
3177 2874 3353 2943 bibat,
3376 2895 3445 2935 ne
3464 2895 3496 2938 a

1923 2958 2190 3027 serpentis
2217 2975 2421 3013 veneno
2444 2962 2689 3027 laedatur;

304 3041 361 3105 Ξ,
396 3042 449 3094 5.
478 3041 663 3105 Οὕτως
692 3042 847 3110 κάγὼ
874 3043 1022 3114 ζητῶ
1043 3043 1219 3096 ἐλθεῖν
1255 3044 1392 3114 πρὸς
1438 3045 1518 3109 σὲ,
1552 3046 1647 3097 καὶ
1672 3047 1813 3100 πιεῖν

1989 3050 2025 3104 2
2046 3092 2060 3113 .
2091 3052 2144 3106 5.
2174 3050 2248 3106 lta
2273 3052 2437 3106 etiam
2470 3069 2570 3123 ego
2599 3070 2784 3124 quer
2811 3059 2992 3111 venire
3023 3058 3089 3112 ad
3130 3068 3201 3125 te,
3233 3073 3286 3116 et
3313 3062 3495 3119 bibere

228 3131 329 3186 τοῦ
363 3131 678 3203 Πνεῦματός
704 3150 798 3185 σου
825 3132 918 3185 τοῦ
954 3133 1130 3202 ἁγίου,
1155 3135 1244 3188 ἵνα
1277 3135 1352 3208 μὴ
1388 3134 1683 3190 θανατωθῶ
1713 3139 1820 3193 ὑπὸ

229 3224 335 3295 τῆς
362 3224 652 3293 ἁμαρτίας.

298 3312 354 3365 Δ.
386 3313 522 3366 Πότε
556 3312 871 3378 καταξιωθῶ
901 3314 1141 3379 τοιοῦτος
1170 3316 1445 3384 γενέσθαι,
1484 3317 1571 3370 ἵνα
1597 3318 1671 3389 μὴ
1694 3319 1821 3371 ἀπο⁴

229 3404 533 3475 στρέφηταί
561 3422 633 3474 με
666 3408 693 3458 ὀ
713 3405 845 3470 Θεὸς
878 3406 1306 3478 προσεγγίζοντα
1335 3409 1411 3477 (2)
1447 3409 1618 3479 αὐτῷ.

303 3492 356 3547 5.
382 3494 794 3565 Κεκορεσμένος
819 3496 934 3562 εἰμὶ
958 3496 1066 3548 ἀπὸ
1090 3497 1190 3567 τῆς
1232 3496 1430 3569 πολλῆς
1460 3498 1691 3570 θλίψεως
1720 3499 1820 3570 τῆς

221 3582 396 3655 οὔσης
423 3586 614 3649 νυκτὸς
639 3586 730 3639 καὶ
756 3585 971 3656 ἡμέρας
992 3590 1047 3639 ἐν
1071 3590 1136 3657 τῇ
1169 3588 1363 3658 καρδίᾳ.
1414 3607 1534 3656 μου.

302 3675 357 3729 6.
408 3677 539 3728 Ἀπὸ
592 3677 685 3729 τοῦ
742 3677 1097 3741 ὀνειδίζεσθαι
1144 3694 1209 3748 με
1263 3678 1367 3731 ὑπὸ
1398 3678 1506 3732 τῶν
1559 3680 1817 3733 ἐναντίων

225 3765 556 3835 πνευμάτων
589 3766 685 3836 (3).

301 3857 356 3910 7.
393 3856 577 3911 Ταὖτα
603 3859 973 3930 ἐμνημόνευον
1019 3858 1113 3911 καλ⁸
1134 3857 1379 3930 διελῦθην
1409 3858 1490 3929 (4)
1539 3858 1678 3921 ὅλως
1708 3857 1817 3911 ἀπὸ

219 3948 328 4020 τῆς
358 3947 615 4019 θλίψεως.

300 4043 356 4097 8.
390 4044 501 4095 Καὶ
532 4042 708 4095 ἕτεινα
836 4043 934 4115 τὴν
959 4044 1199 4100 διάνοιάν
1236 4063 1335 4116 μου
1370 4047 1449 4109 είς
1473 4044 1565 4098 τὸν
1586 4045 1815 4116 οὐρανὸν

220 4136 308 4197 είς
329 4133 428 4204 τὴν
466 4134 669 4203 σκηνὴν
690 4134 783 4186 τοῦ
805 4134 963 4188 Θεοῦ.

290 4226 349 4280 9.
380 4225 557 4277 Ὅπου
604 4227 636 4296 ἡ
690 4227 840 4298 φωνὴ
865 4229 963 4300 τῆς
1007 4228 1399 4298 ἀγαλλιάσεως,
1444 4232 1539 4283 καὶ
1571 4232 1668 4302 τῆς
1702 4231 1817 4297 ἐξο-

226 4316 579 4388 μολογήσεως
606 4317 681 4388 (6)
712 4317 818 4372 τῶν
843 4320 1087 4388 ἀγγέλων
1137 4322 1230 4376 καὶ
1270 4321 1376 4376 τῶν
1405 4323 1573 4391 ἁγίων
1597 4323 1706 4376 τῶν
1728 4324 1814 4377 ἀεὶ

222 4405 620 4479 ἑορταζόντων.

300 4498 390 4563 10,
423 4499 510 4552 11.
545 4499 653 4551 Καὶ
690 4499 875 4569 ἔλεγον
907 4504 974 4573 τῇ
1023 4502 1168 4573 ψυχῇ
1201 4521 1322 4573 μου·
1358 4505 1474 4557 ’Ὶνα
1507 4504 1557 4557 τί
1590 4503 1814 4575 περίλυ-

1925 3142 2192 3212 Spiritum
2215 3153 2466 3199 sanctum
2499 3155 2677 3210 tuum,
2712 3164 2779 3201 ne
2802 3148 3098 3204 interliciar
3121 3169 3149 3205 a
3179 3164 3421 3222 peccato.

1992 3321 2044 3375 4.
2086 3319 2320 3387 Quando
2342 3323 2540 3394 dignus
2578 3326 2780 3382 emciar
2810 3331 2938 3385 talis
2966 3333 3103 3397 ﬁeri,
3139 3346 3197 3391 ut
3221 3353 3307 3392 me
3346 3337 3493 3396 Deus

1920 3411 1986 3465 ad
2014 3412 2190 3481 ipsum
2217 3416 2564 3471 accedentem
2600 3434 2706 3472 non
2738 3432 3038 3476 aversetur.

1996 3504 2045 3558 5.
2093 3506 2385 3561 Saturatns
2419 3525 2538 3561 sum
2593 3510 2943 3569 tribulatione
2987 3515 3192 3581 multa,
3240 3534 3363 3589 qua:
3407 3529 3495 3579 est

1920 3592 2006 3646 die
2036 3610 2099 3648 ac
2127 3606 2283 3651 nocte
2324 3598 2375 3649 in
2405 3600 2566 3653 corde
2591 3616 2757 3655 meo.‘

1989 3682 2041 3737 6.
2076 3684 2214 3738 Dum
2270 3690 2616 3746 contumeliis
2672 3692 2884 3748 afﬁcior
2923 3709 2954 3748 a
2995 3697 3283 3752 contrariis
3328 3701 3492 3771 spiri-

1920 3775 2084 3827 libus.

1989 3867 2040 3919 7.
2079 3866 2202 3922 llaec
2230 3871 2578 3937 recordabar,
2616 3885 2673 3927 et
2714 3876 2929 3944 penitus
2973 3890 3333 3951 consumptus
3365 3900 3486 3943 sum

1920 3961 2283 4016 tribulatione.

1988 4048 2039 4101 8.
2082 4048 2145 4103 Et
2182 4050 2387 4104 intendi
2428 4061 2659 4107 mentem
2695 4072 2869 4110 meam
2903 4059 2953 4111 in
2982 4062 3182 4116 caelum
3219 4064 3273 4118 in
3308 4067 3490 4123 taber-

1918 4141 2170 4214 naculum
2198 4141 2312 4195 Dei.

1982 4232 2038 4285 9.
2074 4230 2175 4286 Ubi
2207 4249 2309 4286 vox
2340 4235 2752 4304 exsultationis,
2780 4250 2833 4294 et
2860 4242 3224 4303 confessionis
3264 4252 3488 4320 angelo—

1878 4331 1887 4341 '
1919 4339 2061 4385 rum,
2090 4332 2143 4377 et
2169 4333 2481 4379 sanctorum
2511 4326 2643 4383 festa
2670 4344 2884 4402 semper
2901 4335 3316 4394 celebrantium.

1986 4502 2088 4565 10,
2132 4502 2212 4557 ll.
2249 4502 2310 4558 Et
2337 4506 2582 4562 dicebam
2630 4512 2826 4565 animm
2874 4529 3007 4568 mete
3040 4534 3054 4570 :
3087 4515 3267 4582 Quare
3312 4519 3485 4577 tristis

221 4606 329 4653 πος
358 4584 438 4655 εἷ;
473 4589 690 4644 ἔλπισον
724 4592 815 4645 ἐπὶ
844 4593 936 4646 τὸν
965 4594 1119 4658 Θεὸν,
1153 4596 1237 4648 ὅτι
1262 4595 1510 4667 ἐλεήμων
1549 4598 1686 4659 ἐστὶ,
1716 4597 1810 4649 καὶ

1916 4594 2015 4648 es?
2044 4610 2198 4661 spera
2223 4599 2274 4648 in
2299 4595 2489 4664 Deum,
2520 4602 2777 4667 quoniam
2806 4604 3119 4662 misericors
3150 4619 3255 4673 est,
3276 4619 3329 4665 et
3351 4625 3484 4666 con—

224 4681 622 4752 ἐξομολόγησαι
644 4683 718 4753 (7)
758 4684 929 4755 αὐτῷ.
1764 4737 1768 4741 ,

299 4772 386 4827 12.
415 4774 666 4845 Σωτηρίςι
696 4774 805 4847 γὰρ
837 4777 936 4845 τῆς
960 4776 1135 4848 ψυχῆς
1166 4796 1268 4848 μου
1299 4779 1327 4830 ὁ
1348 4777 1481 4842 Θεός
1511 4779 1616 4849 μου
1643 4782 1808 4835 ἐστιν.

292 4865 381 4922 13.
413 4867 613 4921 Λοιπὸν
666 4869 699 4939 ἡ
747 4869 893 4941 ψυχή
927 4886 1029 4939 μου
1076 4871 1133 4922 ἐν
1184 4870 1312 4942 ἐμοὶ
1372 4870 1511 4941 μετὰ
1553 4862 1805 4941 δακρύων

220 4956 433 5024 ἑλεγεν.

292 5046 381 5101 14.
414 5046 513 5099 Διὰ
536 5048 598 5100 τὸ
628 5045 764 5102 εἶναι
813 5066 872 5102 σε
920 5050 1185 5123 ἐλεήμονα
1240 5052 1562 5123 μνημονεύω
1594 5050 1668 5123 (8)
1711 5068 1804 5105 σου

220 5139 286 5190 ἐκ
316 5137 425 5191 τῶν
464 5139 791 5194 κατωτάτων
841 5139 941 5211 τῆς
977 5141 1098 5212 γῆς.
1168 5142 1439 5213 Ἰορδάνης
1488 5142 1595 5213 γὰρ
1631 5142 1803 5213 ἑρμη-

216 5228 434 5285 νεύεται
463 5228 539 5300 τῆ
564 5231 888 5301 κατωτάτη.

1914 4685 2066 4740 ﬁlere
2099 4688 2221 4754 ipsi.

1986 4774 2071 4827 12.
2114 4775 2273 4832 Salus
2296 4778 2439 4833 enim
2464 4781 2662 4837 anima:
2701 4800 2835 4839 mea:
2863 4785 3006 4844 Dens
3038 4804 3190 4847 meus
3207 4805 3310 4847 est.

1982 4867 2065 4919 l5.
2098 4866 2322 4923 Demnm
2353 4873 2535 4928 anima
2567 4890 2688 4930 mea
2723 4876 2865 4932 intra
2914 4895 3000 4933 me
3053 4897 3176 4935 cum
3222 4884 3479 4956 laerymis

1905 4959 2137 5013 dici-bat.

1978 5049 2065 5105 14.
2096 5050 2366 5117 Quoniam
2391 5065 2446 5110 tu
2474 5057 2786 5115 misericors
2815 5077 2896 5126 es,
2921 5080 3130 5123 memor
3159 5085 3282 5124 sum
3308 5070 3385 5126 tui
3406 5085 3476 5127 ex

1907 5135 2258 5198 inferioribus
2328 5155 2505 5205 terrm.
2569 5151 2823 5211 Iordanis
2887 5160 3028 5213 enim
3092 5161 3477 5231 interpretatur

1904 5246 2045 5287 terra
2082 5236 2273 5305 infera.

1174 5394 1479 5454 Addenda
1511 5401 1572 5455 et
1603 5392 1978 5470 corrigenda
2014 5410 2094 5454 ex
2128 5398 2269 5459 cod.
2312 5398 2511 5461 Vatic.

285 5717 364 5779 (5)
397 5717 461 5767 N.
494 5717 527 5766 6
558 5717 729 5767 deest.

284 5784 365 5849 (4i
398 5783 768 5854 Μνημονεύων
797 5786 1059 5859 autem.

1977 5583 2050 5649 (ῖί)
2099 5586 2387 5641 Ἀνέτεινα.

2077 5657 2185 5736 lia}
2209 5657 2314 5736 τῆς
2345 5660 2833 5736 ἐξομολογήσεως
2857 5673 3007 5730 deest
3038 5676 3091 5731 in
3115 5677 3236 5734 cod.

2089 5726 2599 5803 ξίξξομολογήσομαι.

1974 5796 2049 5865 (8)
2088 5796 2481 5869 Μνημονεύσω.
