4164 6488
707 419 807 478 Siti
1565 419 1621 472 S.
1664 417 2042 472 ATHANASIl
2085 417 2236 473 OPP.
2280 418 2462 474 PARS
2497 418 2584 473 Ill.
2625 450 2693 460 —
2729 417 3144 476 EXEGETICA.
3577 370 3580 373 Ι
3861 417 3963 473 816

772 539 857 595 15.
893 538 956 594 Ει
983 538 1319 594 llcrmoniim
1360 554 1388 592 a
1423 549 1607 594 monte
1633 540 1867 595 modico.
2300 546 2347 603 Α

2300 546 2347 603 Α
2451 542 2534 596 15.
2572 542 2682 596 Kal
2725 542 3060 614 Ἐρμωνιεὶμ
3089 539 3199 594 ἀπὸ
3229 538 3386 610 ὅρους
3420 534 3635 612 μικροῦ.

771 657 855 712 16.
889 657 1132 729 Abyssus
1164 657 1420 728 abyssum
1455 657 1673 712 invocat
1707 656 1761 710 in
1792 671 1925 712 voce
1970 664 2273 713 cataracta-

2446 657 2530 710 16.
2565 657 2835 719 Ἀὃυσσος
2863 656 3095 710 ἄϐυσσον
3128 654 3464 708 ἐπικαλεῖται
3505 655 3585 718 είς
3615 655 3803 727 φωνὴν
3856 655 3958 708 τῶν

704 764 818 802 rum
845 760 1061 802 tuarum
1095 768 1107 803 ἒ

2376 767 2515 803 κατα
2522 749 2738 820 ρακτῶν
2769 765 2881 801 σου·

770 861 856 914 17.
887 859 1082 914 Omnia
1115 859 1327 916 excelsa
1371 868 1460 915 tua
1486 899 1501 924 ,
1552 868 1606 915 et
1647 859 1845 915 ﬂuctus
1875 859 1953 915 tui
1991 857 2156 931 super
2186 877 2274 916 me

2450 869 2534 923 17.
2570 869 2776 931 Πάντες
2806 869 2856 921 οἱ
2892 867 3257 940 μετεωρισμοί
3287 885 3377 920 σου
3400 866 3583 920 καὶτὰ
3617 863 3843 936 κύματά
3870 880 3960 917 σου

701 952 1057 1007 transierunt.

2377 962 2462 1014 ἐπ’
2490 961 2589 1032 ἐμὲ
2608 959 2842 1030 διῆλθον.

769 1064 959 1121 18.1η
1018 1065 1104 1121 die
1161 1065 1443 1121 mandabit
1511 1065 1775 1121 Dominus
1842 1065 2273 1122 misericordiam

2206 1081 2273 1119 Im
2451 1074 2534 1128 18.
2583 1073 2824 1144 Ἡμέρας
2851 1073 3138 1126 ἐντελεῖται
3169 1072 3371 1145 Κύριος
3402 1071 3462 1126 τὸ
3487 1071 3635 1136 ἔλεος
3655 1069 3850 1133 αὐτοῦ,

700 1173 853 1212 suam
876 1198 891 1222 ,

771 1263 858 1318 19.
893 1263 958 1319 Ει
988 1274 1146 1320 nocte
1173 1265 1446 1321 canticum
1473 1266 1592 1336 ejus
1620 1267 1761 1336 apud
1788 1282 1897 1321 me.

1890 1307 1897 1320 .
2451 1227 2534 1283 19.
2568 1228 2675 1280 Kal
2709 1227 2902 1290 νυκτὸς
2931 1225 3041 1298 ᾠδὴ
3068 1225 3215 1297 αύτῷ
3242 1227 3370 1297 παρ’
3392 1225 3534 1296 ἐμοί.

2451 1342 2538 1397 20.
2571 1342 2851 1413 Προσευχὴ
2873 1342 2951 1412 τῷ
2970 1339 3089 1410 Θεῷ
3115 1340 3211 1411 τῆς
3239 1338 3382 1411 ζωῆς
3412 1357 3535 1409 μου.

2447 1459 2536 1513 21.
2582 1458 2722 1528 Ἑρῶ
2753 1456 2830 1528 τῷ
2858 1455 2997 1526 Θεῷ·
3029 1455 3402 1525 Ἀντιλήπτωρ
3429 1470 3529 1524 μου
3564 1446 3633 1504 εἷ·
3663 1449 3754 1504 διὰ
3776 1449 3832 1504 τι
3867 1467 3967 1520 μου

2382 1551 2646 1606 ἐπελάθου
2667 1567 2682 1615 ;

767 1378 857 1433 20.
890 1377 1080 1433 Oratio
1114 1376 1224 1433 Deo
1248 1380 1371 1433 vita:
1406 1393 1562 1433 meae.

764 1494 855 1549 2|.
890 1492 1074 1548 Dicam
1103 1491 1248 1548 Deo:
1285 1491 1582 1562 Susceptor
1611 1506 1765 1546 meus
1801 1505 1895 1555 es,
1936 1505 2104 1560 quare
2139 1489 2281 1545 obli-

700 1593 786 1640 tus
815 1600 876 1639 es
903 1582 1054 1638 mei?

765 1696 855 1751 22.
890 1695 955 1749 Et
976 1711 1147 1766 quare
1179 1695 1540 1751 contristatus
1571 1693 1770 1749 incedo
1808 1693 2160 1765 dumaﬂligit
2194 1709 2282 1748 me

699 1789 1000 1845 inimicus?

769 1904 860 1958 23.
897 1903 1036 1958 Dum
1077 1901 1498 1972 confringuntur
1541 1915 1668 1957 ossa
1712 1915 1867 1963 mea,
1901 1898 2277 1970 exprobrave-
2312 1892 2354 1946 Β

2326 1893 2354 1946 [ι
2453 1877 2542 1930 25.
2594 1875 2681 1927 Ἐν
2713 1873 2791 1943 τῷ
2823 1869 3194 1925 καταθλᾶσθαι
3255 1867 3323 1920 τὰ
3355 1866 3489 1919 ὀστᾶ
3535 1881 3659 1936 μου,
3697 1860 3970 1926 ὠνείδιζόν

698 2004 826 2052 runt
857 1995 991 2050 mihi
1020 1993 1228 2049 inimici
1257 1994 1385 2050 mei.

1257 1966 1385 2050 m'ei.
1973 1966 1989 1970 ’
2386 1986 2452 2039 με
2484 1969 2533 2020 οἱ
2562 1966 2743 2037 ἐχθροί
2770 1983 2892 2036 μου.

766 2110 857 2165 24.
891 2109 1026 2164 Dum
1053 2109 1245 2164 dicunt
1277 2107 1378 2178 ipsi
1421 2106 1553 2161 mibi
1592 2121 1687 2176 per
1712 2106 1957 2177 singulos
1985 2105 2140 2161 dies:
2173 2104 2274 2160 Ubi

698 2212 784 2256 est
809 2200 951 2255 Deus
981 2201 1150 2255 tuus?

2453 1669 2543 1724 22.
2589 1667 2664 1736 (a)
2725 1666 2834 1719 Kal
2866 1666 2953 1718 ἵνα
3002 1663 3054 1716 τί
3101 1660 3511 1735 σκυθρωπάζων
3569 1658 3882 1730 πορεύομαι
3913 1660 3969 1712 ἐν

2383 1760 2459 1830 τῷ
2481 1758 2748 1813 ἐκθλίϐειν
2779 1756 2870 1809 τὸν
2899 1754 3128 1826 ὲχθρὸν;

2451 2083 2541 2137 2Ᾰ.
2574 2083 2662 2135 Ἐν
2687 2081 2766 2152 τῷ
2788 2081 2964 2148 λέγειν
2993 2077 3185 2142 αύτούς
3211 2094 3300 2148 μοι
3331 2074 3453 2129 καθ’
3471 2074 3712 2145 ἑκάστην
3735 2072 3968 2143 ἡμέρανο

2383 2176 2492 2229 Ποῦ
2516 2178 2662 2229 ἐστιν
2688 2177 2715 2228 ὀ
2744 2175 2875 2237 θεός
2910 2190 3034 2238 σου;

2449 2290 2542 2344 25.
2578 2291 2696 2343 Ἵνα
2741 2290 2794 2342 τί
2818 2289 3115 2360 περίλυπος
3138 2284 3208 2353 εἷ,
3242 2288 3276 2358 ἠ
3306 2285 3453 2357 ψυχή
3485 2300 3624 2356 μους
3674 2281 3776 2336 καὶ
3806 2281 3894 2335 ἴνα
3919 2279 3970 2330 τί

2387 2383 2778 2454 συνταράσσεις
2819 2399 2884 2452 με
2906 2399 2920 2446 ;

2450 2495 2539 2550 26.
2577 2496 2833 2549 Ἐλπισον
2881 2497 2972 2549 ἐπὶ
3023 2494 3113 2548 τὸν
3165 2491 3318 2556 Θεὸν,
3367 2492 3449 2544 (“ﬁt
3500 2489 3969 2561 ἐξομολογήσομαι

2382 2589 2532 2643 αύτῶ
2551 2606 2565 2620 ⁶

2382 2609 2416 2641 a

773 2697 863 2752 27.
900 2696 1150 2751 Salutare
1181 2693 1365 2748 vultus
1389 2692 1496 2747 mei
1526 2701 1579 2746 et
1608 2690 1756 2745 Deus
1784 2702 1962 2742 meus.

2382 2609 2484 2643 αυτ
2551 2609 2565 2620 '

2452 2609 2544 2735 2:).
2578 2681 2850 2752 Σωτήριον
2883 2679 2976 2733 τοῦ
3006 2678 3297 2750 προσώπου
3337 2694 3438 2748 μου
3490 2675 3585 2730 καὶ
3619 2675 3649 2728 ὁ
3681 2672 3816 2738 Θεός
3847 2687 3965 2743 μου.

769 2314 860 2370 25.
887 2313 1067 2381 Quare
1110 2313 1285 2368 tristis
1330 2327 1411 2378 es,
1455 2312 1638 2367 anima
1666 2312 1825 2367 mea?
1865 2321 1918 2366 et
1941 2326 2112 2381 quare
2144 2325 2278 2365 con-

700 2409 889 2464 turbas
924 2406 1051 2462 me?

771 2521 862 2576 26.
899 2522 1067 2592 Spera
1101 2521 1154 2573 in
1192 2519 1321 2584 Deo,
1352 2519 1613 2587 quoniam
1644 2517 1943 2573 conﬁtebor
1972 2515 2047 2569 illi
2082 2535 2094 2570 :

774 2856 854 2928 (a)
893 2855 954 2909 V.
989 2855 1092 2921 22,
1133 2853 1235 2908 Διὰ
1283 2851 1334 2904 τί
1367 2851 1694 2920 ἀπώσομαις
1733 2849 1827 2902 καὶ
1853 2848 1958 2911 ἵνα,
1993 2853 2125 2910 etc.,
2159 2840 2388 2913 ἐχθρόνς

1828 3082 2208 3141 ATllANASll
2251 3076 2844 3136 INTERPRETATIO.

776 3283 862 3340 15.
900 3280 965 3335 Et
996 3297 1027 3335 a
1055 3286 1279 3350 peccato
1324 3291 1483 3344 meo,
1544 3276 1694 3331 dicit.
1743 3272 1880 3328 Nam
1937 3265 2276 3325 llermoniim
2305 3269 2347 3324 C

2323 3269 2347 3324 ζ
2454 3261 2539 3314 15.
2568 3261 2678 3314 Kal
2705 3259 2813 3314 άπὸ
2838 3260 2936 3331 τῆς
2965 3257 3238 3329 ἁμαρτίας
3271 3273 3392 3326 μου,
3435 3255 3601 3324 λέγει.
3653 3252 3967 3326 Ἐρμονιεὶμ

705 3345 1092 3447 interpretatur
1142 3372 1295 3426 dolor
1333 3369 1714 3453 anathematis,
1759 3364 1904 3437 quod
1948 3371 2031 3418 est
2081 3373 2276 3430 pecca-

2381 3352 2487 3425 γὰρ
2514 3353 2870 3423 ἑρμηνεύεται
2921 3349 3291 3419 ἀναθέματος
3351 3347 3540 3412 λύπη,
3580 3346 3719 3416 ὅπερ
3759 3345 3968 3415 ἐστὶνή

705 3446 864 3524 tum;
1534 3449 1538 3453 ⁴

1534 3449 1538 3453 ⁴
2380 3446 2640 3516 ἁμαρτία.

775 3560 861 3612 16.
892 3557 1000 3611 Cor
1034 3569 1217 3610 meum
1256 3553 1478 3607 invocat
1536 3543 1966 3602 misericordiam
2022 3549 2172 3596 tuam
2222 3537 2277 3593 in

2447 3537 2533 3590 16.
2579 3537 2643 3589 'H
2679 3535 2871 3606 καρδία
2907 3550 3005 3604 μου
3042 3532 3103 3585 τὸ
3146 3531 3292 3596 ἔλεός
3317 3549 3410 3584 σου
3451 3531 3796 3585 ἐπικαλεῖται
3822 3531 3881 3584 ἐν
3900 3532 3964 3600 τῇ

703 3664 836 3703 voce
858 3647 1040 3703 cultus
1066 3643 1196 3700 mei.

2381 3629 2530 3698 φωνῇ
2564 3631 2662 3699 τῆς
2692 3626 2945 3696 λατρείας
2979 3641 3080 3694 μου
3115 3623 3211 3691 (1).

777 3743 863 3793 17.
904 3737 1108 3794 Omnes
1157 3747 1435 3790 sermones
1488 3731 1564 3786 tui
1620 3728 1994 3784 illuminantes
2036 3733 2276 3780 mentem

2448 3724 2756 3782 17.Πάντες
2782 3723 2830 3772 oi
2854 3720 3002 3788 λόγοι
3032 3737 3124 3772 σου
3153 3721 3200 3772 ol
3235 3719 3562 3788 φωτίζοντες
3592 3719 3694 3790 τὴν
3728 3718 3965 3772 διάνοιάν

705 3848 880 3890 meam
941 3831 1011 3886 ad
1081 3825 1549 3899 supcrcmlestium
1594 3821 1944 3884 altitudines,
1999 3827 2054 3874 et
2100 3818 2280 3888 fulgor

2384 3833 2482 3885 μου
2508 3813 2600 3866 ἐπὶ
2621 3811 2689 3865 τὰ
2719 3810 2829 3881 ὕψη
2861 3808 2969 3862 τῶν
2999 3809 3356 3880 ἐπουρανίων,
3409 3808 3504 3862 καὶ
3543 3813 3576 3879 ἠ
3625 3810 3825 3881 ἀπειλή
3871 3826 3962 3862 σου

704 3935 851 3989 tuus,
882 3923 976 3995 qui
1008 3923 1064 3976 in
1090 3920 1223 3991 ipsis
1244 3927 1347 3983 est,
1378 3917 1444 3972 ad
1473 3931 1567 3971 cor
1596 3930 1776 3970 meum
1815 3921 2204 3984 pervenerunt.

2383 3905 2656 3977 [ἀστραπή
2693 3903 2832 3976 σου],
2864 3904 2910 3956 οἱ
2941 3900 3025 3974 [ἡ]
3055 3902 3113 3953 ἐν
3146 3901 3327 3963 αὐτοῖς
3351 3899 3452 3971 (2),
3497 3901 3576 3964 εἰς
3612 3900 3711 3971 τὴν
3736 3902 3964 3973 καρδίαν

2384 4016 2484 4070 μου
2511 3994 2693 4069 ἦλθον.

773 4101 863 4158 18.
899 4097 1312 4170 Expergiscenti
1342 4094 1475 4150 mihi
1501 4108 1532 4148 a
1568 4099 1794 4164 peccato
1830 4088 2050 4146 exhibet
2097 4087 2283 4143 Domi-

2454 4089 2540 4142 18.
2584 4087 2670 4138 Ἐν
2694 4085 2771 4156 τῷ
2808 4083 3078 4154 ἀνανῆψαι
3115 4099 3182 4153 με
3227 4083 3336 4137 ἀπὸ
3361 4083 3462 4154 τῆς
3507 4083 3786 4156 ἁμαρτίας
3819 4101 3960 4156 παρ-

704 4210 808 4250 nus
838 4189 1271 4248 misericordiam
1301 4202 1484 4243 suam.

2381 4182 2494 4251 έχει
2528 4179 2728 4250 Κύριος
2761 4177 2822 4230 τὸ
2851 4177 2996 4241 ἔλεος
3029 4175 3217 4229 αὐτοῦ.

774 4286 862 4341 19.
899 4283 967 4338 Et
992 4284 1214 4340 demum
1250 4280 1466 4350 requies
1503 4293 1623 4334 mea
1659 4275 1937 4333 canticum
1985 4272 2106 4343 ejus
2135 4272 2280 4343 apud

2453 4273 2539 4327 19.
2577 4273 2685 4324 Kal
2716 4269 2900 4323 λοιπὸν
2945 4271 2978 4339 ἡ
3027 4267 3334 4332 ἀνάπαυσις
3371 4285 3474 4338 μου
3521 4253 3848 4340 ᾠδὴ-αὒτοῦ
3887 4269 3963 4340 (3)

705 4395 792 4434 me
823 4388 926 4433 est.

2385 4366 2496 4417 ἐστι
2532 4363 2661 4433 παρ’
2697 4361 2842 4432 ἐμοί.

773 4472 866 4527 20.
909 4469 1019 4526 Oro
1051 4469 1116 4524 ad
1143 4467 1431 4523 Dominum
1460 4466 1582 4520 vita:
1607 4479 1761 4530 meae,

2451 4457 2542 4510 20.
2571 4455 2951 4528 Προσεύχομαι
2982 4453 3058 4525 τῷ
3082 4452 3201 4523 Θεῷ
3226 4453 3328 4522 τῆς
3352 4452 3500 4522 ζωῆς
3535 4471 3663 4523 μου,

773 4564 865 4618 21.
898 4562 965 4616 Ει
991 4562 1114 4617 dico
1147 4561 1249 4631 ipsi
1277 4579 1290 4614 :
1319 4559 1613 4629 Susceptor
1653 4571 1808 4611 meus
1839 4571 1919 4610 es.
2311 4606 2355 4631 ἢ

2311 4606 2355 4631 ἢ
2450 4549 2540 4602 21.
2579 4549 2686 4601 Kal
2718 4549 2862 4616 λέγω
2893 4547 3069 4618 αύτῷο
3115 4546 3482 4617 ’Λντιλήπτωρ
3527 4563 3629 4616 μου
3653 4543 3722 4599 εἴ.

773 4606 865 4710 22:
895 4654 960 4709 Et
983 4606 1155 4725 quare
1169 4606 1812 4713 lobtenebvratlt-s‘incedo:
2013 4645 2148 4700 mihi
2172 4645 2276 4700 do-
2311 4606 2355 4662 Β

2320 4606 2355 4662 D
2455 4641 2543 4695 22.
2565 4641 2675 4694 Kal
2697 4642 2781 4694 ἴνα
2813 4641 2865 4693 τί
2887 4641 3270 4711 ἐσκοτισμένος
3299 4638 3604 4712 πορεύομαι
3631 4641 3689 4694 ἐν
3710 4638 3791 4710 τῷ
3810 4656 3964 4692 καταο

704 4750 946 4804 minatur
985 4747 1258 4802 diabolus.

2383 4736 2727 4792 δυναστεύειν
2753 4752 2852 4806 μου
2881 4735 2970 4788 τὸν
2994 4734 3266 4799 διάδολονς

772 4840 844 4896 25
861 4881 877 4905 ,
912 4838 1001 4893 24.
1038 4839 1174 4892 Dum
1197 4836 1378 4891 anima
1407 4849 1522 4889 mea
1548 4841 1770 4903 peccato
1795 4829 2119 4897 conteritur,
2146 4845 2279 4885 con-

2451 4829 2541 4893 23,
2581 4828 2671 4881 24.
2713 4829 2800 4881 'Ev
2826 4826 2904 4897 τῷ
2939 4824 3316 4896 συντρίϐεσθαι
3363 4824 3466 4894 τὴν
3495 4822 3675 4895 ψυχήν
3712 4841 3815 4894 μου
3867 4822 3963 4876 ύπδ

704 4932 977 4988 viciantur
1008 4931 1140 4985 mihi
1167 4931 1458 4985 daemones.

2386 4921 2483 4992 τῆς
2507 4920 2801 4993 ἁμαρτίας,
2827 4918 3143 4982 ὀνειδίζουσί
3178 4935 3243 4988 με
3271 4919 3319 4970 ol
3340 4917 3612 4987 δαίμονες.

773 5025 862 5082 25.
896 5024 1010 5095 Ego
1033 5012 1354 5080 autem‘dico
1376 5022 1572 5077 animae
1594 5035 1727 5077 mea:
1751 5039 1763 5074 :
1784 5019 1964 5085 Quare
1989 5018 2159 5073 tristis
2181 5018 2275 5072 es?

2456 5011 2545 5066 25.
2597 5010 2736 5080 Ἐγὼ
2777 5011 2833 5064 δὲ
2861 5010 3004 5079 λέγω
3052 5011 3118 5079 τῇ
3168 5007 3313 5079 ψυχῇ
3367 5025 3488 5078 μουο
3523 5008 3642 5060 Ἰνα
3670 5006 3722 5059 τί
3754 5005 3961 5080 περίλυ-

2388 5125 2488 5171 πος
2517 5103 2567 5159 εἴ
2584 5125 2597 5172 ;

773 5207 862 5262 26.
897 5205 1065 5276 Spera
1096 5205 1148 5261 iu
1174 5204 1423 5268 Domino,
1455 5202 1714 5272 quoniam
1755 5201 2071 5257 misericors
2091 5209 2194 5256 est.
2222 5209 2275 5255 et

2458 5199 2546 5254 26.
2594 5201 2852 5254 Ἔλπισον
2886 5198 2980 5252 ἐπὶ
3024 5197 3114 5251 τὸν
3178 5196 3414 5267 Κύριον,
3440 5195 3524 5250 ὃτι
3559 5196 3805 5268 ἐλεήμων
3831 5196 3961 5261 ἐστὶ,

706 5300 964 5354 conﬁtere
1000 5299 1124 5368 ipsi.

2393 5294 2488 5347 καὶ
2522 5291 2913 5364 ἐξομολόγησαι
2948 5291 3023 5363 (4)
3061 5289 3228 5360 αύτῷ.

774 5393 863 5447 27.
895 5391 1056 5447 Salus
1078 5391 1222 5447 enim
1258 5390 1453 5445 animae
1475 5404 1608 5445 meae
1641 5388 1784 5445 Deus
1817 5403 1972 5443 meus
1997 5398 2098 5444 est.

2463 5386 2553 5439 27.
2587 5386 2834 5456 Σωτηρία
2868 5385 2976 5455 γὰρ
3003 5387 3103 5454 τῆς
3124 5382 3301 5453 ψυχῆς
3332 5399 3434 5454 μου
3465 5383 3493 5436 ὁ
3516 5379 3649 5445 Θεός
3683 5386 3787 5451 μοῦ
3804 5381 3959 5433 ἐστιν.

1659 5592 1966 5655 Addenda
1997 5599 2057 5655 et
2089 5590 2465 5669 corrigenda
2517 5607 2596 5650 ex
2629 5588 2769 5650 cod.
2809 5587 3008 5649 Vatic.

802 5761 823 5813 ι
903 5761 1024 5816 Σου.
2459 5756 2535 5824 (5)
2561 5756 2735 5806 Αύτῶ.

775 5761 854 5904 (Ξῖ
884 5833 990 5888 Kal
1029 5833 1083 5886 αἱ
1113 5830 1327 5888 ἀπειλαί
1356 5848 1466 5902 σου,
1497 5831 1550 5884 αἱ
1578 5832 1635 5886 ἐν
1657 5833 1854 5894 αυτοῖς.
2455 5827 2529 5880 Ml
2555 5807 2754 5880 Θεὸνί..
2781 5824 3258 5907 ἐξομολογήσομαι.
