  <div class='ocr_page' id='page_1' title='image "/cluster/home/n/w/nwhite01/storage/ocr_20150623/27/uva.x030474749/418.png"; bbox 0 0 4164 6482; ppageno 0'>
   <div class='ocr_carea' id='block_1_1' title="bbox 209 425 1853 498">
    <p class='ocr_par' dir='ltr' id='par_1_1' title="bbox 209 433 1853 498">
     <span class='ocr_line' id='line_1_1' title="bbox 209 433 1853 498; baseline -0.007 0"><span class='ocrx_word' id='word_1_1' title='bbox 209 443 314 498; x_wconf 80' lang='grc'><strong>817</strong></span> <span class='ocrx_word' id='word_1_2' title='bbox 1110 439 1196 493; x_wconf 82' lang='lat' dir='ltr'><strong>DE</strong></span> <span class='ocrx_word' id='word_1_3' title='bbox 1230 435 1513 492; x_wconf 64' lang='grc' dir='ltr'>τιιτυιιε</span> <span class='ocrx_word' id='word_1_4' title='bbox 1551 433 1853 490; x_wconf 75' lang='lat' dir='ltr'><strong>PSALMOI</strong></span> 
     </span>
    </p>
   </div>
   <div class='ocr_carea' id='block_1_2' title="bbox 1832 425 3476 498">
    <p class='ocr_par' dir='ltr' id='par_1_2' title="bbox 1833 425 3476 490">
     <span class='ocr_line' id='line_1_2' title="bbox 1833 425 3476 490; baseline -0.002 -2"><span class='ocrx_word' id='word_1_5' title='bbox 1833 433 2005 490; x_wconf 74' lang='lat' dir='ltr'><strong>RUM.</strong></span> <span class='ocrx_word' id='word_1_6' title='bbox 2047 463 2116 474; x_wconf 89' lang='lat'><strong>—</strong></span> <span class='ocrx_word' id='word_1_7' title='bbox 2153 431 2348 490; x_wconf 85' lang='lat' dir='ltr'><strong>PSAL.</strong></span> <span class='ocrx_word' id='word_1_8' title='bbox 2391 429 2550 488; x_wconf 78' lang='lat' dir='ltr'><strong>XLII.</strong></span> <span class='ocrx_word' id='word_1_9' title='bbox 3373 425 3476 484; x_wconf 75' lang='lat' dir='ltr'><strong>8l8</strong></span> 
     </span>
    </p>
   </div>
   <div class='ocr_carea' id='block_1_3' title="bbox 541 555 2185 634">
    <p class='ocr_par' dir='ltr' id='par_1_3' title="bbox 541 555 1876 634">
     <span class='ocr_line' id='line_1_3' title="bbox 541 555 1876 634; baseline -0.004 -16"><span class='ocrx_word' id='word_1_10' title='bbox 541 561 788 634; x_wconf 70' lang='grc' dir='ltr'><strong>Ψαλμὸς</strong></span> <span class='ocrx_word' id='word_1_11' title='bbox 812 560 894 628; x_wconf 79' lang='grc' dir='ltr'><strong><em>τῷ</em></strong></span> <span class='ocrx_word' id='word_1_12' title='bbox 924 561 1118 616; x_wconf 78' lang='grc' dir='ltr'>Δαϐίδ.</span> <span class='ocrx_word' id='word_1_13' title='bbox 1150 564 1322 616; x_wconf 57' lang='lat' dir='ltr'><strong>tua.</strong></span> <span class='ocrx_word' id='word_1_14' title='bbox 1361 555 1499 614; x_wconf 84' lang='lat' dir='ltr'><strong>MB’.</strong></span> <span class='ocrx_word' id='word_1_15' title='bbox 1831 558 1876 613; x_wconf 73' lang='grc' dir='ltr'><strong>Α</strong></span> 
     </span>
    </p>
   </div>
   <div class='ocr_carea' id='block_1_4' title="bbox 1522 555 3166 634">
    <p class='ocr_par' dir='ltr' id='par_1_4' title="bbox 1831 558 3166 630">
     <span class='ocr_line' id='line_1_4' title="bbox 1831 558 3166 630; baseline -0.002 -1"><span class='ocrx_word' id='word_1_16' title='bbox 1831 558 1876 613; x_wconf 69' lang='grc' dir='ltr'><strong>Α</strong></span> <span class='ocrx_word' id='word_1_17' title='bbox 2241 574 2489 630; x_wconf 75' lang='lat' dir='ltr'><strong>Psamtus</strong></span> <span class='ocrx_word' id='word_1_18' title='bbox 2521 573 2713 628; x_wconf 81' lang='lat' dir='ltr'><strong>David.</strong></span> <span class='ocrx_word' id='word_1_19' title='bbox 2753 571 2949 628; x_wconf 76' lang='lat' dir='ltr'><strong>PSAL.</strong></span> <span class='ocrx_word' id='word_1_20' title='bbox 2981 570 3166 627; x_wconf 83' lang='lat' dir='ltr'><strong><em>XLII.</em></strong></span> 
     </span>
    </p>
   </div>
   <div class='ocr_carea' id='block_1_5' title="bbox 293 648 1937 732">
    <p class='ocr_par' dir='ltr' id='par_1_5' title="bbox 293 648 1802 728">
     <span class='ocr_line' id='line_1_5' title="bbox 293 648 1802 728; baseline -0.005 -21"><span class='ocrx_word' id='word_1_21' title='bbox 293 654 345 710; x_wconf 88' lang='grc'><strong>1.</strong></span> <span class='ocrx_word' id='word_1_22' title='bbox 374 656 573 726; x_wconf 83' lang='grc' dir='ltr'>Κρῖνόν</span> <span class='ocrx_word' id='word_1_23' title='bbox 603 673 714 728; x_wconf 87' lang='grc' dir='ltr'>μοι,</span> <span class='ocrx_word' id='word_1_24' title='bbox 739 657 769 708; x_wconf 92' lang='lat'><strong>6</strong></span> <span class='ocrx_word' id='word_1_25' title='bbox 803 654 956 719; x_wconf 80' lang='grc' dir='ltr'>Θεὸς,</span> <span class='ocrx_word' id='word_1_26' title='bbox 997 654 1092 708; x_wconf 76' lang='grc' dir='ltr'>καὶ</span> <span class='ocrx_word' id='word_1_27' title='bbox 1133 654 1351 708; x_wconf 88' lang='grc' dir='ltr'>δίκασον</span> <span class='ocrx_word' id='word_1_28' title='bbox 1370 651 1468 722; x_wconf 77' lang='grc' dir='ltr'>τὴν</span> <span class='ocrx_word' id='word_1_29' title='bbox 1491 648 1645 720; x_wconf 80' lang='grc' dir='ltr'>δίκην</span> <span class='ocrx_word' id='word_1_30' title='bbox 1700 664 1802 718; x_wconf 85' lang='grc' dir='ltr'><strong>μου</strong></span> 
     </span>
    </p>
   </div>
   <div class='ocr_carea' id='block_1_6' title="bbox 1833 648 3477 732">
    <p class='ocr_par' dir='ltr' id='par_1_6' title="bbox 1982 665 3477 732">
     <span class='ocr_line' id='line_1_6' title="bbox 1982 665 3477 732; baseline -0.005 -10"><span class='ocrx_word' id='word_1_31' title='bbox 1982 668 2034 722; x_wconf 99' lang='grc'><strong>1.</strong></span> <span class='ocrx_word' id='word_1_32' title='bbox 2074 666 2269 722; x_wconf 80' lang='lat' dir='ltr'><strong>.Iudica</strong></span> <span class='ocrx_word' id='word_1_33' title='bbox 2295 682 2404 732; x_wconf 89' lang='lat' dir='ltr'><strong>me,</strong></span> <span class='ocrx_word' id='word_1_34' title='bbox 2443 665 2606 732; x_wconf 87' lang='lat' dir='ltr'><strong>Deus,</strong></span> <span class='ocrx_word' id='word_1_35' title='bbox 2652 676 2707 721; x_wconf 89' lang='lat' dir='ltr'><strong>et</strong></span> <span class='ocrx_word' id='word_1_36' title='bbox 2744 667 2993 723; x_wconf 83' lang='lat' dir='ltr'><strong>discerne</strong></span> <span class='ocrx_word' id='word_1_37' title='bbox 3033 677 3257 721; x_wconf 82' lang='lat' dir='ltr'><strong>causam</strong></span> <span class='ocrx_word' id='word_1_38' title='bbox 3299 672 3477 716; x_wconf 77' lang='lat' dir='ltr'><strong>meam</strong></span> 
     </span>
    </p>
   </div>
   <div class='ocr_carea' id='block_1_7' title="bbox 217 746 1861 826">
    <p class='ocr_par' dir='ltr' id='par_1_7' title="bbox 217 746 802 818">
     <span class='ocr_line' id='line_1_7' title="bbox 217 746 802 818; baseline 0.007 -21"><span class='ocrx_word' id='word_1_39' title='bbox 217 746 282 810; x_wconf 79' lang='grc' dir='ltr'>ἐξ</span> <span class='ocrx_word' id='word_1_40' title='bbox 307 746 491 810; x_wconf 75' lang='grc' dir='ltr'>ἔθνους</span> <span class='ocrx_word' id='word_1_41' title='bbox 516 748 614 818; x_wconf 87' lang='grc' dir='ltr'>οὐχ</span> <span class='ocrx_word' id='word_1_42' title='bbox 633 748 802 801; x_wconf 83' lang='grc' dir='ltr'>δσίου’</span> 
     </span>
    </p>
   </div>
   <div class='ocr_carea' id='block_1_8' title="bbox 893 746 2537 826">
    <p class='ocr_par' dir='ltr' id='par_1_8' title="bbox 1905 757 2537 826">
     <span class='ocr_line' id='line_1_8' title="bbox 1905 757 2537 826; baseline -0.002 -15"><span class='ocrx_word' id='word_1_43' title='bbox 1905 757 1971 812; x_wconf 89' lang='lat' dir='ltr'><strong>de</strong></span> <span class='ocrx_word' id='word_1_44' title='bbox 1995 767 2153 826; x_wconf 90' lang='lat' dir='ltr'><strong>gente</strong></span> <span class='ocrx_word' id='word_1_45' title='bbox 2176 772 2282 811; x_wconf 93' lang='lat' dir='ltr'><strong>non</strong></span> <span class='ocrx_word' id='word_1_46' title='bbox 2310 765 2496 811; x_wconf 88' lang='lat' dir='ltr'><strong>sancta</strong></span> <span class='ocrx_word' id='word_1_47' title='bbox 2522 773 2537 810; x_wconf 90' lang='lat'>:</span> 
     </span>
    </p>
   </div>
   <div class='ocr_carea' id='block_1_9' title="bbox 290 829 1934 918">
    <p class='ocr_par' dir='ltr' id='par_1_9' title="bbox 290 829 1692 904">
     <span class='ocr_line' id='line_1_9' title="bbox 290 829 1692 904; baseline -0.001 -21"><span class='ocrx_word' id='word_1_48' title='bbox 290 831 348 888; x_wconf 75' lang='lat'><strong>9..</strong></span> <span class='ocrx_word' id='word_1_49' title='bbox 386 831 517 884; x_wconf 82' lang='grc' dir='ltr'><strong>Ἀπὸ</strong></span> <span class='ocrx_word' id='word_1_50' title='bbox 546 832 831 904; x_wconf 79' lang='grc' dir='ltr'>ἀνθρώπου</span> <span class='ocrx_word' id='word_1_51' title='bbox 857 832 1042 886; x_wconf 85' lang='grc' dir='ltr'>ἀδίκου</span> <span class='ocrx_word' id='word_1_52' title='bbox 1074 833 1167 885; x_wconf 81' lang='grc' dir='ltr'>καὶ</span> <span class='ocrx_word' id='word_1_53' title='bbox 1208 831 1382 886; x_wconf 82' lang='grc' dir='ltr'>δολίου</span> <span class='ocrx_word' id='word_1_54' title='bbox 1417 829 1576 902; x_wconf 79' lang='grc' dir='ltr'>ῥῦσαί</span> <span class='ocrx_word' id='word_1_55' title='bbox 1601 838 1692 900; x_wconf 82' lang='grc' dir='ltr'>με’</span> 
     </span>
    </p>
   </div>
   <div class='ocr_carea' id='block_1_10' title="bbox 1570 829 3214 918">
    <p class='ocr_par' dir='ltr' id='par_1_10' title="bbox 1570 830 3214 918">
     <span class='ocr_line' id='line_1_10' title="bbox 1570 830 3214 918; baseline 0.006 -24"><span class='ocrx_word' id='word_1_56' title='bbox 1570 830 1576 882; x_wconf 79' lang='grc' dir='ltr'>ἶ</span> <span class='ocrx_word' id='word_1_57' title='bbox 1601 838 1692 900; x_wconf 79' lang='grc' dir='ltr'>με’</span> <span class='ocrx_word' id='word_1_58' title='bbox 1977 847 2032 900; x_wconf 72' lang='lat'><strong>2.</strong></span> <span class='ocrx_word' id='word_1_59' title='bbox 2065 848 2148 902; x_wconf 80' lang='lat' dir='ltr'><strong>Ab</strong></span> <span class='ocrx_word' id='word_1_60' title='bbox 2178 847 2399 902; x_wconf 87' lang='lat' dir='ltr'><strong>homine</strong></span> <span class='ocrx_word' id='word_1_61' title='bbox 2420 847 2608 918; x_wconf 92' lang='lat' dir='ltr'><strong>iniquo</strong></span> <span class='ocrx_word' id='word_1_62' title='bbox 2628 855 2681 901; x_wconf 90' lang='lat' dir='ltr'><strong>et</strong></span> <span class='ocrx_word' id='word_1_63' title='bbox 2708 846 2901 902; x_wconf 89' lang='lat' dir='ltr'><strong>doloso</strong></span> <span class='ocrx_word' id='word_1_64' title='bbox 2920 861 3050 902; x_wconf 90' lang='lat' dir='ltr'><strong>erue</strong></span> <span class='ocrx_word' id='word_1_65' title='bbox 3082 860 3170 902; x_wconf 86' lang='lat' dir='ltr'><strong>me</strong></span> <span class='ocrx_word' id='word_1_66' title='bbox 3201 867 3214 904; x_wconf 91' lang='lat'><strong>:</strong></span> 
     </span>
    </p>
   </div>
   <div class='ocr_carea' id='block_1_11' title="bbox 294 920 1938 1006">
    <p class='ocr_par' dir='ltr' id='par_1_11' title="bbox 294 920 1416 996">
     <span class='ocr_line' id='line_1_11' title="bbox 294 920 1416 996; baseline 0.004 -23"><span class='ocrx_word' id='word_1_67' title='bbox 294 921 350 976; x_wconf 74' lang='grc' dir='ltr'>δ.</span> <span class='ocrx_word' id='word_1_68' title='bbox 385 924 506 976; x_wconf 79' lang='grc' dir='ltr'><strong>Ὀτι</strong></span> <span class='ocrx_word' id='word_1_69' title='bbox 539 924 602 976; x_wconf 77' lang='grc' dir='ltr'><strong>σύ</strong></span> <span class='ocrx_word' id='word_1_70' title='bbox 638 920 690 977; x_wconf 73' lang='grc' dir='ltr'>εἶ</span> <span class='ocrx_word' id='word_1_71' title='bbox 715 927 744 978; x_wconf 99' lang='lat'><strong>6</strong></span> <span class='ocrx_word' id='word_1_72' title='bbox 774 924 907 990; x_wconf 79' lang='grc' dir='ltr'><strong>Θεὸς</strong></span> <span class='ocrx_word' id='word_1_73' title='bbox 939 925 1263 996; x_wconf 84' lang='grc' dir='ltr'>κραταίωμά</span> <span class='ocrx_word' id='word_1_74' title='bbox 1290 942 1416 996; x_wconf 92' lang='grc' dir='ltr'>μου.</span> 
     </span>
    </p>
   </div>
   <div class='ocr_carea' id='block_1_12' title="bbox 1384 920 3028 1006">
    <p class='ocr_par' dir='ltr' id='par_1_12' title="bbox 1384 938 3028 1006">
     <span class='ocr_line' id='line_1_12' title="bbox 1384 938 3028 1006; baseline -0.002 -9"><span class='ocrx_word' id='word_1_75' title='bbox 1384 943 1416 977; x_wconf 76' lang='grc' dir='ltr'><strong><em>ὀ</em></strong></span> <span class='ocrx_word' id='word_1_76' title='bbox 1979 940 2037 995; x_wconf 78' lang='lat'><strong>3.</strong></span> <span class='ocrx_word' id='word_1_77' title='bbox 2085 940 2224 1006; x_wconf 85' lang='lat' dir='ltr'><strong>Quia</strong></span> <span class='ocrx_word' id='word_1_78' title='bbox 2259 949 2317 994; x_wconf 93' lang='lat' dir='ltr'><strong>tu</strong></span> <span class='ocrx_word' id='word_1_79' title='bbox 2344 955 2404 995; x_wconf 88' lang='lat' dir='ltr'><strong>es</strong></span> <span class='ocrx_word' id='word_1_80' title='bbox 2429 938 2573 995; x_wconf 85' lang='lat' dir='ltr'><strong>Deus</strong></span> <span class='ocrx_word' id='word_1_81' title='bbox 2596 938 2859 994; x_wconf 73' lang='lat' dir='ltr'><strong>fortitudo</strong></span> <span class='ocrx_word' id='word_1_82' title='bbox 2887 954 3028 993; x_wconf 87' lang='lat' dir='ltr'><strong>mea.</strong></span> 
     </span>
    </p>
   </div>
   <div class='ocr_carea' id='block_1_13' title="bbox 290 1013 1934 1102">
    <p class='ocr_par' dir='ltr' id='par_1_13' title="bbox 290 1013 973 1085">
     <span class='ocr_line' id='line_1_13' title="bbox 290 1013 973 1085; baseline 0.007 -20"><span class='ocrx_word' id='word_1_83' title='bbox 290 1013 348 1065; x_wconf 75' lang='grc'><strong>4.</strong></span> <span class='ocrx_word' id='word_1_84' title='bbox 387 1015 503 1068; x_wconf 85' lang='grc' dir='ltr'>Ἵνα</span> <span class='ocrx_word' id='word_1_85' title='bbox 541 1015 592 1068; x_wconf 90' lang='grc' dir='ltr'><strong>τί</strong></span> <span class='ocrx_word' id='word_1_86' title='bbox 631 1015 837 1070; x_wconf 81' lang='grc' dir='ltr'>ἀπώσω</span> <span class='ocrx_word' id='word_1_87' title='bbox 870 1033 973 1085; x_wconf 87' lang='grc' dir='ltr'>με;</span> 
     </span>
    </p>
   </div>
   <div class='ocr_carea' id='block_1_14' title="bbox 1025 1013 2669 1102">
    <p class='ocr_par' dir='ltr' id='par_1_14' title="bbox 1978 1032 2669 1102">
     <span class='ocr_line' id='line_1_14' title="bbox 1978 1032 2669 1102; baseline -0.004 -15"><span class='ocrx_word' id='word_1_88' title='bbox 1978 1033 2032 1088; x_wconf 67' lang='grc' dir='ltr'><strong>Δ.</strong></span> <span class='ocrx_word' id='word_1_89' title='bbox 2065 1032 2247 1099; x_wconf 83' lang='lat' dir='ltr'><strong>Quare</strong></span> <span class='ocrx_word' id='word_1_90' title='bbox 2276 1048 2363 1088; x_wconf 85' lang='lat' dir='ltr'><strong>tne</strong></span> <span class='ocrx_word' id='word_1_91' title='bbox 2385 1032 2669 1102; x_wconf 88' lang='lat' dir='ltr'><strong>repulisti?</strong></span> 
     </span>
    </p>
   </div>
   <div class='ocr_carea' id='block_1_15' title="bbox 295 1106 1939 1199">
    <p class='ocr_par' dir='ltr' id='par_1_15' title="bbox 295 1106 1802 1182">
     <span class='ocr_line' id='line_1_15' title="bbox 295 1106 1802 1182; baseline 0.003 -23"><span class='ocrx_word' id='word_1_92' title='bbox 295 1106 349 1160; x_wconf 86' lang='lat'><strong>5.</strong></span> <span class='ocrx_word' id='word_1_93' title='bbox 402 1108 513 1160; x_wconf 80' lang='grc' dir='ltr'><strong>Καὶ</strong></span> <span class='ocrx_word' id='word_1_94' title='bbox 560 1109 646 1162; x_wconf 75' lang='grc' dir='ltr'>ἵνα</span> <span class='ocrx_word' id='word_1_95' title='bbox 697 1110 748 1162; x_wconf 89' lang='grc' dir='ltr'><strong>τί</strong></span> <span class='ocrx_word' id='word_1_96' title='bbox 815 1108 1224 1181; x_wconf 78' lang='grc' dir='ltr'><strong>σκυθρωπάζων</strong></span> <span class='ocrx_word' id='word_1_97' title='bbox 1282 1110 1582 1182; x_wconf 78' lang='grc' dir='ltr'><strong>πορεύομαι</strong></span> <span class='ocrx_word' id='word_1_98' title='bbox 1629 1108 1686 1164; x_wconf 90' lang='grc' dir='ltr'><strong>ἐν</strong></span> <span class='ocrx_word' id='word_1_99' title='bbox 1726 1107 1802 1181; x_wconf 84' lang='grc' dir='ltr'><strong>τῷ</strong></span> 
     </span>
    </p>
   </div>
   <div class='ocr_carea' id='block_1_16' title="bbox 1838 1106 3482 1199">
    <p class='ocr_par' dir='ltr' id='par_1_16' title="bbox 1984 1115 3482 1199">
     <span class='ocr_line' id='line_1_16' title="bbox 1984 1115 3482 1199; baseline -0.005 -16"><span class='ocrx_word' id='word_1_100' title='bbox 1984 1129 2038 1185; x_wconf 85' lang='grc'><strong>5.</strong></span> <span class='ocrx_word' id='word_1_101' title='bbox 2078 1127 2144 1185; x_wconf 84' lang='lat' dir='ltr'><strong>Et</strong></span> <span class='ocrx_word' id='word_1_102' title='bbox 2178 1143 2350 1199; x_wconf 92' lang='lat' dir='ltr'><strong>quare</strong></span> <span class='ocrx_word' id='word_1_103' title='bbox 2383 1129 2558 1184; x_wconf 87' lang='lat' dir='ltr'><strong>tristis</strong></span> <span class='ocrx_word' id='word_1_104' title='bbox 2585 1128 2776 1184; x_wconf 89' lang='lat' dir='ltr'><strong>incedo</strong></span> <span class='ocrx_word' id='word_1_105' title='bbox 2803 1126 2932 1181; x_wconf 92' lang='lat' dir='ltr'><strong>dum</strong></span> <span class='ocrx_word' id='word_1_106' title='bbox 2959 1122 3147 1194; x_wconf 82' lang='lat' dir='ltr'><strong>affligit</strong></span> <span class='ocrx_word' id='word_1_107' title='bbox 3184 1137 3271 1178; x_wconf 91' lang='lat' dir='ltr'><strong>me</strong></span> <span class='ocrx_word' id='word_1_108' title='bbox 3299 1115 3482 1176; x_wconf 78' lang='lat' dir='ltr'><strong>inimi-</strong></span> 
     </span>
    </p>
   </div>
   <div class='ocr_carea' id='block_1_17' title="bbox 219 1198 2050 1278">
    <p class='ocr_par' dir='ltr' id='par_1_17' title="bbox 219 1198 2050 1278">
     <span class='ocr_line' id='line_1_17' title="bbox 219 1198 2050 1278; baseline 0.003 -27"><span class='ocrx_word' id='word_1_109' title='bbox 219 1198 492 1252; x_wconf 77' lang='grc' dir='ltr'>ἐκθλίϐειν</span> <span class='ocrx_word' id='word_1_110' title='bbox 523 1200 612 1254; x_wconf 80' lang='grc' dir='ltr'>τὸν</span> <span class='ocrx_word' id='word_1_111' title='bbox 640 1201 866 1272; x_wconf 85' lang='grc' dir='ltr'>ἐχθρόν;</span> <span class='ocrx_word' id='word_1_112' title='bbox 1907 1221 2050 1278; x_wconf 60' lang='lat' dir='ltr'><strong>cus?</strong></span> 
     </span>
    </p>
   </div>
   <div class='ocr_carea' id='block_1_18' title="bbox 295 1289 1939 1368">
    <p class='ocr_par' dir='ltr' id='par_1_18' title="bbox 295 1289 1798 1364">
     <span class='ocr_line' id='line_1_18' title="bbox 295 1289 1798 1364; baseline 0.001 -20"><span class='ocrx_word' id='word_1_113' title='bbox 295 1290 350 1345; x_wconf 87' lang='lat'><em>6.</em></span> <span class='ocrx_word' id='word_1_114' title='bbox 383 1289 792 1355; x_wconf 79' lang='grc' dir='ltr'>Ἐξαπόστειλον</span> <span class='ocrx_word' id='word_1_115' title='bbox 811 1293 871 1346; x_wconf 82' lang='grc' dir='ltr'>τὸ</span> <span class='ocrx_word' id='word_1_116' title='bbox 891 1292 1006 1361; x_wconf 83' lang='grc' dir='ltr'>φῶς</span> <span class='ocrx_word' id='word_1_117' title='bbox 1041 1310 1132 1346; x_wconf 86' lang='grc' dir='ltr'><strong>σου</strong></span> <span class='ocrx_word' id='word_1_118' title='bbox 1163 1293 1256 1347; x_wconf 78' lang='grc' dir='ltr'>καὶ</span> <span class='ocrx_word' id='word_1_119' title='bbox 1285 1292 1382 1364; x_wconf 80' lang='grc' dir='ltr'>τὴν</span> <span class='ocrx_word' id='word_1_120' title='bbox 1409 1293 1664 1364; x_wconf 82' lang='grc' dir='ltr'>ἀλήθειάν</span> <span class='ocrx_word' id='word_1_121' title='bbox 1685 1309 1798 1345; x_wconf 73' lang='grc' dir='ltr'>σουο</span> 
     </span>
    </p>
   </div>
   <div class='ocr_carea' id='block_1_19' title="bbox 1607 1289 3251 1368">
    <p class='ocr_par' dir='ltr' id='par_1_19' title="bbox 1607 1293 3251 1368">
     <span class='ocr_line' id='line_1_19' title="bbox 1607 1293 3251 1368; baseline -0.004 -4"><span class='ocrx_word' id='word_1_122' title='bbox 1607 1293 1664 1346; x_wconf 66' lang='grc' dir='ltr'><strong>ίν</strong></span> <span class='ocrx_word' id='word_1_123' title='bbox 1685 1309 1798 1345; x_wconf 76' lang='grc' dir='ltr'><strong>σου⁸</strong></span> <span class='ocrx_word' id='word_1_124' title='bbox 1975 1314 2028 1368; x_wconf 86' lang='grc'><strong>6.</strong></span> <span class='ocrx_word' id='word_1_125' title='bbox 2065 1313 2264 1367; x_wconf 87' lang='lat' dir='ltr'><strong>Emitte</strong></span> <span class='ocrx_word' id='word_1_126' title='bbox 2288 1312 2467 1366; x_wconf 86' lang='lat' dir='ltr'><strong>lucem</strong></span> <span class='ocrx_word' id='word_1_127' title='bbox 2489 1319 2638 1365; x_wconf 85' lang='lat' dir='ltr'><strong>tuam</strong></span> <span class='ocrx_word' id='word_1_128' title='bbox 2666 1321 2721 1364; x_wconf 88' lang='lat' dir='ltr'><strong>et</strong></span> <span class='ocrx_word' id='word_1_129' title='bbox 2745 1309 3024 1364; x_wconf 81' lang='lat' dir='ltr'><strong>veritatem</strong></span> <span class='ocrx_word' id='word_1_130' title='bbox 3061 1315 3209 1361; x_wconf 90' lang='lat' dir='ltr'><strong>tuam</strong></span> <span class='ocrx_word' id='word_1_131' title='bbox 3238 1323 3251 1358; x_wconf 90' lang='lat'>:</span> 
     </span>
    </p>
   </div>
   <div class='ocr_carea' id='block_1_20' title="bbox 293 1382 1937 1473">
    <p class='ocr_par' dir='ltr' id='par_1_20' title="bbox 293 1382 1804 1458">
     <span class='ocr_line' id='line_1_20' title="bbox 293 1382 1804 1458; baseline 0.004 -23"><span class='ocrx_word' id='word_1_132' title='bbox 293 1382 351 1439; x_wconf 88' lang='lat'><strong>7.</strong></span> <span class='ocrx_word' id='word_1_133' title='bbox 393 1383 544 1437; x_wconf 80' lang='grc' dir='ltr'>Δύτά</span> <span class='ocrx_word' id='word_1_134' title='bbox 599 1400 667 1455; x_wconf 85' lang='grc' dir='ltr'><strong>με</strong></span> <span class='ocrx_word' id='word_1_135' title='bbox 717 1383 1027 1456; x_wconf 81' lang='grc' dir='ltr'>ὡδήγησαν,</span> <span class='ocrx_word' id='word_1_136' title='bbox 1060 1386 1153 1440; x_wconf 75' lang='grc' dir='ltr'>καὶ</span> <span class='ocrx_word' id='word_1_137' title='bbox 1202 1387 1406 1458; x_wconf 67' lang='grc' dir='ltr'>ἧγαγόν</span> <span class='ocrx_word' id='word_1_138' title='bbox 1458 1405 1525 1458; x_wconf 89' lang='grc' dir='ltr'><strong>με</strong></span> <span class='ocrx_word' id='word_1_139' title='bbox 1562 1388 1642 1451; x_wconf 82' lang='grc' dir='ltr'>είς</span> <span class='ocrx_word' id='word_1_140' title='bbox 1680 1386 1804 1458; x_wconf 85' lang='grc' dir='ltr'>δρος</span> 
     </span>
    </p>
   </div>
   <div class='ocr_carea' id='block_1_21' title="bbox 1833 1382 3477 1473">
    <p class='ocr_par' dir='ltr' id='par_1_21' title="bbox 1984 1393 3477 1473">
     <span class='ocr_line' id='line_1_21' title="bbox 1984 1393 3477 1473; baseline -0.006 -17"><span class='ocrx_word' id='word_1_141' title='bbox 1984 1405 2035 1458; x_wconf 90' lang='grc'><strong>7.</strong></span> <span class='ocrx_word' id='word_1_142' title='bbox 2072 1402 2188 1473; x_wconf 87' lang='lat' dir='ltr'><strong>Ipsa</strong></span> <span class='ocrx_word' id='word_1_143' title='bbox 2225 1419 2311 1457; x_wconf 92' lang='lat' dir='ltr'><strong>me</strong></span> <span class='ocrx_word' id='word_1_144' title='bbox 2345 1403 2729 1464; x_wconf 79' lang='lat' dir='ltr'><strong>deduxerunt,</strong></span> <span class='ocrx_word' id='word_1_145' title='bbox 2774 1408 2828 1454; x_wconf 90' lang='lat' dir='ltr'><strong>et</strong></span> <span class='ocrx_word' id='word_1_146' title='bbox 2863 1397 3208 1454; x_wconf 76' lang='lat' dir='ltr'><strong>adduxerunt</strong></span> <span class='ocrx_word' id='word_1_147' title='bbox 3233 1393 3290 1448; x_wconf 87' lang='lat' dir='ltr'><strong>in</strong></span> <span class='ocrx_word' id='word_1_148' title='bbox 3316 1405 3477 1448; x_wconf 82' lang='lat' dir='ltr'><strong>mon-</strong></span> 
     </span>
    </p>
   </div>
   <div class='ocr_carea' id='block_1_22' title="bbox 219 1475 1863 1559">
    <p class='ocr_par' dir='ltr' id='par_1_22' title="bbox 219 1475 534 1543">
     <span class='ocr_line' id='line_1_22' title="bbox 219 1475 534 1543; baseline 0 -15"><span class='ocrx_word' id='word_1_149' title='bbox 219 1475 381 1543; x_wconf 82' lang='grc' dir='ltr'>ἆγιόν</span> <span class='ocrx_word' id='word_1_150' title='bbox 417 1491 534 1540; x_wconf 87' lang='grc' dir='ltr'>σου,</span> 
     </span>
    </p>
   </div>
   <div class='ocr_carea' id='block_1_23' title="bbox 866 1475 2510 1559">
    <p class='ocr_par' dir='ltr' id='par_1_23' title="bbox 1910 1505 2510 1559">
     <span class='ocr_line' id='line_1_23' title="bbox 1910 1505 2510 1559; baseline -0.008 -7"><span class='ocrx_word' id='word_1_151' title='bbox 1910 1506 2018 1552; x_wconf 83' lang='lat' dir='ltr'><strong>tem</strong></span> <span class='ocrx_word' id='word_1_152' title='bbox 2043 1505 2292 1552; x_wconf 82' lang='lat' dir='ltr'><strong>sanctum</strong></span> <span class='ocrx_word' id='word_1_153' title='bbox 2325 1505 2475 1549; x_wconf 92' lang='lat' dir='ltr'><strong>tuum</strong></span> <span class='ocrx_word' id='word_1_154' title='bbox 2496 1533 2510 1559; x_wconf 91' lang='lat'><strong>,</strong></span> 
     </span>
    </p>
   </div>
   <div class='ocr_carea' id='block_1_24' title="bbox 294 1567 1938 1645">
    <p class='ocr_par' dir='ltr' id='par_1_24' title="bbox 294 1567 1188 1641">
     <span class='ocr_line' id='line_1_24' title="bbox 294 1567 1188 1641; baseline 0.004 -20"><span class='ocrx_word' id='word_1_155' title='bbox 294 1567 350 1621; x_wconf 91' lang='lat'><strong>8.</strong></span> <span class='ocrx_word' id='word_1_156' title='bbox 383 1567 501 1620; x_wconf 70' lang='grc' dir='ltr'><strong>Καὶ</strong></span> <span class='ocrx_word' id='word_1_157' title='bbox 518 1568 599 1632; x_wconf 82' lang='grc' dir='ltr'><strong>είς</strong></span> <span class='ocrx_word' id='word_1_158' title='bbox 615 1567 684 1622; x_wconf 80' lang='grc' dir='ltr'><strong>τὰ</strong></span> <span class='ocrx_word' id='word_1_159' title='bbox 716 1567 1051 1641; x_wconf 77' lang='grc' dir='ltr'>σκηνώματα</span> <span class='ocrx_word' id='word_1_160' title='bbox 1074 1587 1188 1626; x_wconf 88' lang='grc' dir='ltr'>σου.</span> 
     </span>
    </p>
   </div>
   <div class='ocr_carea' id='block_1_25' title="bbox 1081 1567 2725 1645">
    <p class='ocr_par' dir='ltr' id='par_1_25' title="bbox 1081 1585 2725 1645">
     <span class='ocr_line' id='line_1_25' title="bbox 1081 1585 2725 1645; baseline 0.009 -22"><span class='ocrx_word' id='word_1_161' title='bbox 1081 1587 1188 1626; x_wconf 76' lang='grc' dir='ltr'>σου.</span> <span class='ocrx_word' id='word_1_162' title='bbox 1980 1590 2034 1645; x_wconf 89' lang='lat'><strong>8.</strong></span> <span class='ocrx_word' id='word_1_163' title='bbox 2069 1587 2134 1642; x_wconf 83' lang='lat' dir='ltr'><strong>Et</strong></span> <span class='ocrx_word' id='word_1_164' title='bbox 2159 1589 2214 1643; x_wconf 93' lang='lat' dir='ltr'><strong>in</strong></span> <span class='ocrx_word' id='word_1_165' title='bbox 2237 1585 2588 1642; x_wconf 87' lang='lat' dir='ltr'><strong>tabernacula</strong></span> <span class='ocrx_word' id='word_1_166' title='bbox 2613 1593 2725 1638; x_wconf 92' lang='lat' dir='ltr'><strong>tua.</strong></span> 
     </span>
    </p>
   </div>
   <div class='ocr_carea' id='block_1_26' title="bbox 292 1657 1936 1740">
    <p class='ocr_par' dir='ltr' id='par_1_26' title="bbox 292 1657 1799 1736">
     <span class='ocr_line' id='line_1_26' title="bbox 292 1657 1799 1736; baseline 0.005 -25"><span class='ocrx_word' id='word_1_167' title='bbox 292 1657 346 1712; x_wconf 90' lang='lat'><strong>9.</strong></span> <span class='ocrx_word' id='word_1_168' title='bbox 367 1659 477 1712; x_wconf 80' lang='grc' dir='ltr'><strong>Καὶ</strong></span> <span class='ocrx_word' id='word_1_169' title='bbox 501 1660 877 1732; x_wconf 71' lang='grc' dir='ltr'>εἰσελεύσομαι</span> <span class='ocrx_word' id='word_1_170' title='bbox 905 1662 1040 1734; x_wconf 80' lang='grc' dir='ltr'>πρὸς</span> <span class='ocrx_word' id='word_1_171' title='bbox 1053 1664 1114 1716; x_wconf 80' lang='grc' dir='ltr'>τὸ</span> <span class='ocrx_word' id='word_1_172' title='bbox 1136 1664 1513 1736; x_wconf 81' lang='grc' dir='ltr'>θυσιαστήριον</span> <span class='ocrx_word' id='word_1_173' title='bbox 1536 1664 1628 1718; x_wconf 88' lang='grc' dir='ltr'><strong>τοῦ</strong></span> <span class='ocrx_word' id='word_1_174' title='bbox 1643 1663 1799 1728; x_wconf 87' lang='grc' dir='ltr'>Θεοῦ,</span> 
     </span>
    </p>
   </div>
   <div class='ocr_carea' id='block_1_27' title="bbox 1220 1657 2864 1740">
    <p class='ocr_par' dir='ltr' id='par_1_27' title="bbox 1220 1663 2864 1740">
     <span class='ocr_line' id='line_1_27' title="bbox 1220 1663 2864 1740; baseline -0.004 -5"><span class='ocrx_word' id='word_1_175' title='bbox 1220 1665 1513 1736; x_wconf 65' lang='grc' dir='ltr'><strong>πιαστήριον</strong></span> <span class='ocrx_word' id='word_1_176' title='bbox 1536 1664 1628 1718; x_wconf 66' lang='grc' dir='ltr'><strong>τοῦ</strong></span> <span class='ocrx_word' id='word_1_177' title='bbox 1643 1663 1799 1728; x_wconf 74' lang='grc' dir='ltr'><strong>θεοῦο</strong></span> <span class='ocrx_word' id='word_1_178' title='bbox 1979 1681 2032 1736; x_wconf 84' lang='lat'><strong>9.</strong></span> <span class='ocrx_word' id='word_1_179' title='bbox 2075 1679 2140 1734; x_wconf 83' lang='lat' dir='ltr'><strong>Et</strong></span> <span class='ocrx_word' id='word_1_180' title='bbox 2171 1679 2408 1734; x_wconf 91' lang='lat' dir='ltr'><strong>introibo</strong></span> <span class='ocrx_word' id='word_1_181' title='bbox 2440 1677 2508 1732; x_wconf 89' lang='lat' dir='ltr'><strong>ad</strong></span> <span class='ocrx_word' id='word_1_182' title='bbox 2531 1676 2702 1730; x_wconf 89' lang='lat' dir='ltr'><strong>altare</strong></span> <span class='ocrx_word' id='word_1_183' title='bbox 2738 1672 2864 1740; x_wconf 90' lang='lat' dir='ltr'><strong>Dei;</strong></span> 
     </span>
    </p>
   </div>
   <div class='ocr_carea' id='block_1_28' title="bbox 292 1750 1936 1841">
    <p class='ocr_par' dir='ltr' id='par_1_28' title="bbox 292 1750 1763 1829">
     <span class='ocr_line' id='line_1_28' title="bbox 292 1750 1763 1829; baseline 0.005 -26"><span class='ocrx_word' id='word_1_184' title='bbox 292 1750 379 1804; x_wconf 90' lang='grc'><strong>10.</strong></span> <span class='ocrx_word' id='word_1_185' title='bbox 422 1751 567 1821; x_wconf 84' lang='grc' dir='ltr'>Πρὸς</span> <span class='ocrx_word' id='word_1_186' title='bbox 586 1753 676 1806; x_wconf 81' lang='grc' dir='ltr'><strong>τὸν</strong></span> <span class='ocrx_word' id='word_1_187' title='bbox 698 1753 830 1807; x_wconf 81' lang='grc' dir='ltr'>Θεὸν</span> <span class='ocrx_word' id='word_1_188' title='bbox 858 1754 1215 1825; x_wconf 82' lang='grc' dir='ltr'>εὐφραίνοντα</span> <span class='ocrx_word' id='word_1_189' title='bbox 1255 1757 1355 1827; x_wconf 80' lang='grc' dir='ltr'>τὴν</span> <span class='ocrx_word' id='word_1_190' title='bbox 1385 1757 1608 1828; x_wconf 76' lang='grc' dir='ltr'>νεότητά</span> <span class='ocrx_word' id='word_1_191' title='bbox 1643 1775 1763 1829; x_wconf 72' lang='grc' dir='ltr'>μουο</span> 
     </span>
    </p>
   </div>
   <div class='ocr_carea' id='block_1_29' title="bbox 1835 1750 3479 1841">
    <p class='ocr_par' dir='ltr' id='par_1_29' title="bbox 1977 1751 3479 1841">
     <span class='ocr_line' id='line_1_29' title="bbox 1977 1751 3479 1841; baseline -0.006 -15"><span class='ocrx_word' id='word_1_192' title='bbox 1977 1773 2063 1826; x_wconf 87' lang='grc'><strong>10.</strong></span> <span class='ocrx_word' id='word_1_193' title='bbox 2094 1751 2175 1827; x_wconf 78' lang='lat' dir='ltr'><strong>Ad</strong></span> <span class='ocrx_word' id='word_1_194' title='bbox 2222 1771 2429 1837; x_wconf 90' lang='lat' dir='ltr'><strong>Deum,</strong></span> <span class='ocrx_word' id='word_1_195' title='bbox 2475 1770 2570 1841; x_wconf 89' lang='lat' dir='ltr'><strong>qui</strong></span> <span class='ocrx_word' id='word_1_196' title='bbox 2615 1767 2853 1823; x_wconf 64' lang='lat' dir='ltr'><strong>laetiﬁcat</strong></span> <span class='ocrx_word' id='word_1_197' title='bbox 2882 1765 3219 1836; x_wconf 78' lang='lat' dir='ltr'><strong>iuventutem</strong></span> <span class='ocrx_word' id='word_1_198' title='bbox 3261 1775 3479 1818; x_wconf 85' lang='lat' dir='ltr'><strong>meam:</strong></span> 
     </span>
    </p>
   </div>
   <div class='ocr_carea' id='block_1_30' title="bbox 292 1842 1936 1927">
    <p class='ocr_par' dir='ltr' id='par_1_30' title="bbox 292 1842 1803 1922">
     <span class='ocr_line' id='line_1_30' title="bbox 292 1842 1803 1922; baseline 0.007 -28"><span class='ocrx_word' id='word_1_199' title='bbox 292 1842 380 1895; x_wconf 88' lang='grc'><strong>11.</strong></span> <span class='ocrx_word' id='word_1_200' title='bbox 449 1843 940 1917; x_wconf 76' lang='grc' dir='ltr'>Ἑξομολογήσομαί</span> <span class='ocrx_word' id='word_1_201' title='bbox 995 1864 1076 1901; x_wconf 91' lang='grc' dir='ltr'><strong>σοι</strong></span> <span class='ocrx_word' id='word_1_202' title='bbox 1134 1849 1194 1902; x_wconf 85' lang='grc' dir='ltr'><strong>ἐν</strong></span> <span class='ocrx_word' id='word_1_203' title='bbox 1253 1850 1471 1922; x_wconf 70' lang='grc' dir='ltr'>κιθάρᾳ,</span> <span class='ocrx_word' id='word_1_204' title='bbox 1505 1853 1533 1904; x_wconf 95' lang='lat'><strong>6</strong></span> <span class='ocrx_word' id='word_1_205' title='bbox 1593 1851 1803 1919; x_wconf 71' lang='lat'><strong>656;,6</strong></span> 
     </span>
    </p>
   </div>
   <div class='ocr_carea' id='block_1_31' title="bbox 1765 1842 3409 1927">
    <p class='ocr_par' dir='ltr' id='par_1_31' title="bbox 1775 1854 3409 1927">
     <span class='ocr_line' id='line_1_31' title="bbox 1775 1854 3409 1927; baseline -0.007 -7"><span class='ocrx_word' id='word_1_206' title='bbox 1775 1854 1803 1905; x_wconf 70' lang='grc' dir='ltr'>ὁ</span> <span class='ocrx_word' id='word_1_207' title='bbox 1980 1866 2066 1919; x_wconf 88' lang='grc'><strong>11.</strong></span> <span class='ocrx_word' id='word_1_208' title='bbox 2097 1864 2411 1920; x_wconf 79' lang='lat' dir='ltr'><strong>Conﬁtebor</strong></span> <span class='ocrx_word' id='word_1_209' title='bbox 2437 1862 2536 1918; x_wconf 88' lang='lat' dir='ltr'><strong>tibi</strong></span> <span class='ocrx_word' id='word_1_210' title='bbox 2559 1862 2614 1916; x_wconf 91' lang='lat' dir='ltr'><strong>in</strong></span> <span class='ocrx_word' id='word_1_211' title='bbox 2643 1862 2874 1927; x_wconf 84' lang='lat' dir='ltr'><strong>cithara,</strong></span> <span class='ocrx_word' id='word_1_212' title='bbox 2898 1856 3220 1926; x_wconf 80' lang='lat' dir='ltr'><strong>Deus,Deus</strong></span> <span class='ocrx_word' id='word_1_213' title='bbox 3241 1871 3409 1911; x_wconf 91' lang='lat' dir='ltr'><strong>meus.</strong></span> 
     </span>
    </p>
   </div>
   <div class='ocr_carea' id='block_1_32' title="bbox 218 1931 512 2004">
    <p class='ocr_par' dir='ltr' id='par_1_32' title="bbox 218 1931 512 2004">
     <span class='ocr_line' id='line_1_32' title="bbox 218 1931 512 2004; baseline 0.01 -20"><span class='ocrx_word' id='word_1_214' title='bbox 218 1931 356 1996; x_wconf 82' lang='grc' dir='ltr'>Θεὸς</span> <span class='ocrx_word' id='word_1_215' title='bbox 391 1952 512 2004; x_wconf 89' lang='grc' dir='ltr'>μου.</span> 
     </span>
    </p>
   </div>
   <div class='ocr_carea' id='block_1_33' title="bbox 298 2024 1942 2110">
    <p class='ocr_par' dir='ltr' id='par_1_33' title="bbox 298 2024 1802 2104">
     <span class='ocr_line' id='line_1_33' title="bbox 298 2024 1802 2104; baseline 0.007 -26"><span class='ocrx_word' id='word_1_216' title='bbox 298 2024 385 2080; x_wconf 72' lang='grc'><strong>12.</strong></span> <span class='ocrx_word' id='word_1_217' title='bbox 415 2027 528 2080; x_wconf 85' lang='grc' dir='ltr'>Ἰνα</span> <span class='ocrx_word' id='word_1_218' title='bbox 561 2029 614 2081; x_wconf 89' lang='grc' dir='ltr'><strong>τί</strong></span> <span class='ocrx_word' id='word_1_219' title='bbox 661 2031 956 2101; x_wconf 87' lang='grc' dir='ltr'>περίλυπος</span> <span class='ocrx_word' id='word_1_220' title='bbox 984 2028 1053 2098; x_wconf 83' lang='grc' dir='ltr'>εἴ,</span> <span class='ocrx_word' id='word_1_221' title='bbox 1089 2033 1122 2103; x_wconf 79' lang='grc' dir='ltr'>ἡ</span> <span class='ocrx_word' id='word_1_222' title='bbox 1153 2032 1295 2104; x_wconf 78' lang='grc' dir='ltr'>ψυχή</span> <span class='ocrx_word' id='word_1_223' title='bbox 1330 2051 1466 2103; x_wconf 77' lang='grc' dir='ltr'>μους</span> <span class='ocrx_word' id='word_1_224' title='bbox 1502 2035 1594 2087; x_wconf 76' lang='grc' dir='ltr'>καὶ</span> <span class='ocrx_word' id='word_1_225' title='bbox 1619 2035 1704 2087; x_wconf 84' lang='grc' dir='ltr'>ἵνα</span> <span class='ocrx_word' id='word_1_226' title='bbox 1750 2035 1802 2089; x_wconf 90' lang='grc' dir='ltr'><strong>τί</strong></span> 
     </span>
    </p>
   </div>
   <div class='ocr_carea' id='block_1_34' title="bbox 1835 2024 3479 2110">
    <p class='ocr_par' dir='ltr' id='par_1_34' title="bbox 1980 2038 3479 2110">
     <span class='ocr_line' id='line_1_34' title="bbox 1980 2038 3479 2110; baseline -0.009 -14"><span class='ocrx_word' id='word_1_227' title='bbox 1980 2043 2065 2097; x_wconf 74' lang='grc'><strong>12.</strong></span> <span class='ocrx_word' id='word_1_228' title='bbox 2100 2042 2282 2110; x_wconf 84' lang='lat' dir='ltr'><strong>Quare</strong></span> <span class='ocrx_word' id='word_1_229' title='bbox 2314 2043 2489 2098; x_wconf 88' lang='lat' dir='ltr'><strong>tristis</strong></span> <span class='ocrx_word' id='word_1_230' title='bbox 2527 2056 2617 2110; x_wconf 89' lang='lat' dir='ltr'><strong>es,</strong></span> <span class='ocrx_word' id='word_1_231' title='bbox 2658 2040 2841 2096; x_wconf 89' lang='lat' dir='ltr'><strong>anima</strong></span> <span class='ocrx_word' id='word_1_232' title='bbox 2876 2038 3036 2094; x_wconf 85' lang='lat' dir='ltr'><strong>mea?</strong></span> <span class='ocrx_word' id='word_1_233' title='bbox 3069 2047 3124 2093; x_wconf 93' lang='lat' dir='ltr'><strong>et</strong></span> <span class='ocrx_word' id='word_1_234' title='bbox 3156 2047 3325 2106; x_wconf 89' lang='lat' dir='ltr'><strong>quare</strong></span> <span class='ocrx_word' id='word_1_235' title='bbox 3351 2044 3479 2086; x_wconf 85' lang='lat' dir='ltr'><strong>con-</strong></span> 
     </span>
    </p>
   </div>
   <div class='ocr_carea' id='block_1_35' title="bbox 220 2119 1864 2194">
    <p class='ocr_par' dir='ltr' id='par_1_35' title="bbox 220 2119 744 2191">
     <span class='ocr_line' id='line_1_35' title="bbox 220 2119 744 2191; baseline 0.01 -21"><span class='ocrx_word' id='word_1_236' title='bbox 220 2119 619 2188; x_wconf 84' lang='grc' dir='ltr'>συνταράσσεις</span> <span class='ocrx_word' id='word_1_237' title='bbox 647 2139 713 2191; x_wconf 84' lang='grc' dir='ltr'><strong>με</strong></span> <span class='ocrx_word' id='word_1_238' title='bbox 731 2140 744 2188; x_wconf 91' lang='grc'><strong>;</strong></span> 
     </span>
    </p>
   </div>
   <div class='ocr_carea' id='block_1_36' title="bbox 609 2119 2253 2194">
    <p class='ocr_par' dir='ltr' id='par_1_36' title="bbox 609 2137 2253 2194">
     <span class='ocr_line' id='line_1_36' title="bbox 609 2137 2253 2194; baseline 0.005 -11"><span class='ocrx_word' id='word_1_239' title='bbox 609 2139 619 2183; x_wconf 87' lang='lat'><strong>.&#39;</strong></span> <span class='ocrx_word' id='word_1_240' title='bbox 647 2139 744 2191; x_wconf 72' lang='grc' dir='ltr'><strong>μεῖ</strong></span> <span class='ocrx_word' id='word_1_241' title='bbox 1907 2137 2095 2194; x_wconf 83' lang='lat' dir='ltr'><strong>turbas</strong></span> <span class='ocrx_word' id='word_1_242' title='bbox 2129 2138 2253 2191; x_wconf 85' lang='lat' dir='ltr'><strong>me?</strong></span> 
     </span>
    </p>
   </div>
   <div class='ocr_carea' id='block_1_37' title="bbox 289 2211 1933 2297">
    <p class='ocr_par' dir='ltr' id='par_1_37' title="bbox 289 2211 1795 2295">
     <span class='ocr_line' id='line_1_37' title="bbox 289 2211 1795 2295; baseline 0.009 -32"><span class='ocrx_word' id='word_1_243' title='bbox 289 2211 378 2264; x_wconf 80' lang='grc'><strong>15.</strong></span> <span class='ocrx_word' id='word_1_244' title='bbox 397 2213 654 2267; x_wconf 88' lang='grc' dir='ltr'>Ἐλπισον</span> <span class='ocrx_word' id='word_1_245' title='bbox 674 2214 767 2267; x_wconf 75' lang='grc' dir='ltr'>ἐπὶ</span> <span class='ocrx_word' id='word_1_246' title='bbox 785 2215 875 2270; x_wconf 84' lang='grc' dir='ltr'>τὸν</span> <span class='ocrx_word' id='word_1_247' title='bbox 885 2213 1035 2280; x_wconf 83' lang='grc' dir='ltr'>Θεδν,</span> <span class='ocrx_word' id='word_1_248' title='bbox 1051 2216 1132 2269; x_wconf 83' lang='grc' dir='ltr'>ὅτι</span> <span class='ocrx_word' id='word_1_249' title='bbox 1145 2216 1766 2295; x_wconf 79' lang='grc' dir='ltr'>ἐξομολογήσομαιαύτῷ</span> <span class='ocrx_word' id='word_1_250' title='bbox 1784 2242 1795 2254; x_wconf 93' lang='grc'><strong>·</strong></span> 
     </span>
    </p>
   </div>
   <div class='ocr_carea' id='block_1_38' title="bbox 1629 2211 3273 2297">
    <p class='ocr_par' dir='ltr' id='par_1_38' title="bbox 1629 2219 3273 2297">
     <span class='ocr_line' id='line_1_38' title="bbox 1629 2219 3273 2297; baseline -0.005 -15"><span class='ocrx_word' id='word_1_251' title='bbox 1629 2222 1795 2295; x_wconf 79' lang='grc' dir='ltr'><strong>ιὺτῷ·</strong></span> <span class='ocrx_word' id='word_1_252' title='bbox 1980 2228 2067 2282; x_wconf 78' lang='grc'><strong>13.</strong></span> <span class='ocrx_word' id='word_1_253' title='bbox 2104 2226 2272 2297; x_wconf 87' lang='lat' dir='ltr'><strong>Spera</strong></span> <span class='ocrx_word' id='word_1_254' title='bbox 2301 2227 2356 2282; x_wconf 92' lang='lat' dir='ltr'><strong>in</strong></span> <span class='ocrx_word' id='word_1_255' title='bbox 2383 2226 2516 2291; x_wconf 90' lang='lat' dir='ltr'><strong>Deo,</strong></span> <span class='ocrx_word' id='word_1_256' title='bbox 2554 2224 2813 2296; x_wconf 87' lang='lat' dir='ltr'><strong>quoniam</strong></span> <span class='ocrx_word' id='word_1_257' title='bbox 2837 2221 3136 2278; x_wconf 86' lang='lat' dir='ltr'><strong>confitebor</strong></span> <span class='ocrx_word' id='word_1_258' title='bbox 3161 2219 3273 2275; x_wconf 81' lang='lat' dir='ltr'><strong>illi:</strong></span> 
     </span>
    </p>
   </div>
   <div class='ocr_carea' id='block_1_39' title="bbox 293 2301 1937 2392">
    <p class='ocr_par' dir='ltr' id='par_1_39' title="bbox 293 2301 1875 2392">
     <span class='ocr_line' id='line_1_39' title="bbox 293 2301 1875 2392; baseline 0.01 -37"><span class='ocrx_word' id='word_1_259' title='bbox 293 2301 381 2355; x_wconf 77' lang='grc'><strong>14.</strong></span> <span class='ocrx_word' id='word_1_260' title='bbox 423 2304 696 2377; x_wconf 78' lang='grc' dir='ltr'><strong>Σωτήρων</strong></span> <span class='ocrx_word' id='word_1_261' title='bbox 744 2306 838 2360; x_wconf 88' lang='grc' dir='ltr'><strong>τοῦ</strong></span> <span class='ocrx_word' id='word_1_262' title='bbox 892 2306 1183 2380; x_wconf 84' lang='grc' dir='ltr'>προσώπου</span> <span class='ocrx_word' id='word_1_263' title='bbox 1211 2327 1311 2381; x_wconf 87' lang='grc' dir='ltr'><strong>μου</strong></span> <span class='ocrx_word' id='word_1_264' title='bbox 1336 2312 1429 2365; x_wconf 75' lang='grc' dir='ltr'>καὶ</span> <span class='ocrx_word' id='word_1_265' title='bbox 1463 2315 1492 2366; x_wconf 95' lang='lat'><strong>6</strong></span> <span class='ocrx_word' id='word_1_266' title='bbox 1520 2313 1651 2379; x_wconf 83' lang='grc' dir='ltr'>Θεός</span> <span class='ocrx_word' id='word_1_267' title='bbox 1676 2333 1796 2387; x_wconf 91' lang='grc' dir='ltr'>μου.</span> <span class='ocrx_word' id='word_1_268' title='bbox 1833 2338 1875 2392; x_wconf 76' lang='grc' dir='ltr'><strong>Β</strong></span> 
     </span>
    </p>
   </div>
   <div class='ocr_carea' id='block_1_40' title="bbox 1509 2301 3153 2392">
    <p class='ocr_par' dir='ltr' id='par_1_40' title="bbox 1520 2313 3153 2392">
     <span class='ocr_line' id='line_1_40' title="bbox 1520 2313 3153 2392; baseline 0.001 -25"><span class='ocrx_word' id='word_1_269' title='bbox 1520 2313 1651 2379; x_wconf 85' lang='grc' dir='ltr'>Θεός</span> <span class='ocrx_word' id='word_1_270' title='bbox 1676 2333 1796 2387; x_wconf 89' lang='grc' dir='ltr'>μου.</span> <span class='ocrx_word' id='word_1_271' title='bbox 1833 2338 1875 2392; x_wconf 77' lang='grc' dir='ltr'><strong>Β</strong></span> <span class='ocrx_word' id='word_1_272' title='bbox 1976 2320 2064 2376; x_wconf 68' lang='lat' dir='ltr'><strong>ll.</strong></span> <span class='ocrx_word' id='word_1_273' title='bbox 2107 2320 2357 2376; x_wconf 88' lang='lat' dir='ltr'><strong>Salutare</strong></span> <span class='ocrx_word' id='word_1_274' title='bbox 2378 2320 2561 2376; x_wconf 82' lang='lat' dir='ltr'><strong>vultus</strong></span> <span class='ocrx_word' id='word_1_275' title='bbox 2587 2317 2690 2372; x_wconf 93' lang='lat' dir='ltr'><strong>mei</strong></span> <span class='ocrx_word' id='word_1_276' title='bbox 2730 2325 2785 2370; x_wconf 92' lang='lat' dir='ltr'><strong>et</strong></span> <span class='ocrx_word' id='word_1_277' title='bbox 2808 2315 2951 2370; x_wconf 86' lang='lat' dir='ltr'><strong>Deus</strong></span> <span class='ocrx_word' id='word_1_278' title='bbox 2977 2329 3153 2369; x_wconf 89' lang='lat' dir='ltr'><strong>meus.</strong></span> 
     </span>
    </p>
   </div>
   <div class='ocr_carea' id='block_1_41' title="bbox 1341 2491 2343 2552">
    <p class='ocr_par' dir='ltr' id='par_1_41' title="bbox 1341 2491 2343 2552">
     <span class='ocr_line' id='line_1_41' title="bbox 1341 2491 2343 2552; baseline 0.006 -8"><span class='ocrx_word' id='word_1_279' title='bbox 1341 2491 1714 2551; x_wconf 74' lang='lat' dir='ltr'><strong>ATHANASII</strong></span> <span class='ocrx_word' id='word_1_280' title='bbox 1753 2495 2343 2552; x_wconf 75' lang='lat' dir='ltr'><strong>INTERPRETATIO.</strong></span> 
     </span>
    </p>
   </div>
   <div class='ocr_carea' id='block_1_42' title="bbox 303 2609 3482 2700">
    <p class='ocr_par' dir='ltr' id='par_1_42' title="bbox 303 2609 3482 2700">
     <span class='ocr_line' id='line_1_42' title="bbox 303 2609 3482 2700; baseline 0.006 -39"><span class='ocrx_word' id='word_1_281' title='bbox 303 2609 366 2662; x_wconf 84' lang='grc' dir='ltr'>Ἡ</span> <span class='ocrx_word' id='word_1_282' title='bbox 404 2613 742 2686; x_wconf 78' lang='grc' dir='ltr'>προκειμένη</span> <span class='ocrx_word' id='word_1_283' title='bbox 789 2617 1067 2690; x_wconf 82' lang='grc' dir='ltr'>ἐπιγραφὴ</span> <span class='ocrx_word' id='word_1_284' title='bbox 1119 2620 1361 2692; x_wconf 80' lang='grc' dir='ltr'>περιέχει</span> <span class='ocrx_word' id='word_1_285' title='bbox 1391 2624 1490 2693; x_wconf 83' lang='grc'><strong>(1)’</strong></span> <span class='ocrx_word' id='word_1_286' title='bbox 1545 2628 1792 2696; x_wconf 73' lang='grc' dir='ltr'><strong>Ψαλμὸς</strong></span> <span class='ocrx_word' id='word_1_287' title='bbox 1849 2628 1928 2694; x_wconf 83' lang='grc' dir='ltr'>τῷ</span> <span class='ocrx_word' id='word_1_288' title='bbox 1982 2631 2179 2684; x_wconf 78' lang='grc' dir='ltr'>Δαϐίδ·</span> <span class='ocrx_word' id='word_1_289' title='bbox 2237 2631 2536 2697; x_wconf 80' lang='grc' dir='ltr'>τουτέστιν,</span> <span class='ocrx_word' id='word_1_290' title='bbox 2584 2633 2614 2683; x_wconf 91' lang='lat'><strong>6</strong></span> <span class='ocrx_word' id='word_1_291' title='bbox 2675 2627 2887 2700; x_wconf 78' lang='grc' dir='ltr'>ψαλμὸς</span> <span class='ocrx_word' id='word_1_292' title='bbox 2936 2621 3088 2691; x_wconf 75' lang='grc' dir='ltr'>οὗτος</span> <span class='ocrx_word' id='word_1_293' title='bbox 3142 2626 3356 2699; x_wconf 82' lang='grc' dir='ltr'>εῐρηται</span> <span class='ocrx_word' id='word_1_294' title='bbox 3403 2623 3482 2696; x_wconf 82' lang='grc' dir='ltr'><strong>τῷ</strong></span> 
     </span>
    </p>
   </div>
   <div class='ocr_carea' id='block_1_43' title="bbox 217 2701 3482 2795">
    <p class='ocr_par' dir='ltr' id='par_1_43' title="bbox 217 2701 3482 2795">
     <span class='ocr_line' id='line_1_43' title="bbox 217 2701 3482 2795; baseline 0.012 -43"><span class='ocrx_word' id='word_1_295' title='bbox 217 2701 532 2795; x_wconf 71' lang='grc' dir='ltr'>πταίσαντι,</span> <span class='ocrx_word' id='word_1_296' title='bbox 558 2705 652 2757; x_wconf 79' lang='grc' dir='ltr'>καὶ</span> <span class='ocrx_word' id='word_1_297' title='bbox 682 2707 740 2760; x_wconf 90' lang='grc' dir='ltr'><strong>ἐν</strong></span> <span class='ocrx_word' id='word_1_298' title='bbox 774 2710 1032 2781; x_wconf 78' lang='grc' dir='ltr'>μετανοίᾳ</span> <span class='ocrx_word' id='word_1_299' title='bbox 1059 2711 1286 2768; x_wconf 87' lang='grc' dir='ltr'>ἐλθόντι.</span> <span class='ocrx_word' id='word_1_300' title='bbox 1321 2715 1484 2769; x_wconf 71' lang='grc' dir='ltr'>Δασὶδ</span> <span class='ocrx_word' id='word_1_301' title='bbox 1516 2717 1623 2792; x_wconf 80' lang='grc' dir='ltr'><strong>γὰρ</strong></span> <span class='ocrx_word' id='word_1_302' title='bbox 1650 2721 2009 2792; x_wconf 77' lang='grc' dir='ltr'>ἑρμηνεύεται</span> <span class='ocrx_word' id='word_1_303' title='bbox 2041 2724 2515 2795; x_wconf 80' lang='grc' dir='ltr'>ἐξουθενημένος</span> <span class='ocrx_word' id='word_1_304' title='bbox 2544 2724 2639 2777; x_wconf 72' lang='grc' dir='ltr'>καὶ</span> <span class='ocrx_word' id='word_1_305' title='bbox 2665 2721 3015 2789; x_wconf 71' lang='grc' dir='ltr'><strong>ήλετυιένος,</strong></span> <span class='ocrx_word' id='word_1_306' title='bbox 3034 2718 3177 2789; x_wconf 62' lang='grc' dir='ltr'>ἅπερ</span> <span class='ocrx_word' id='word_1_307' title='bbox 3201 2715 3482 2791; x_wconf 66' lang='grc' dir='ltr'><strong>ἀμφότερα</strong></span> 
     </span>
    </p>
   </div>
   <div class='ocr_carea' id='block_1_44' title="bbox 216 2790 3201 2898">
    <p class='ocr_par' dir='ltr' id='par_1_44' title="bbox 216 2790 3201 2898">
     <span class='ocr_line' id='line_1_44' title="bbox 216 2790 3201 2898; baseline 0.019 -57"><span class='ocrx_word' id='word_1_308' title='bbox 216 2790 477 2898; x_wconf 53' lang='grc' dir='ltr'>εὐρίγσεις</span> <span class='ocrx_word' id='word_1_309' title='bbox 500 2796 582 2859; x_wconf 83' lang='grc' dir='ltr'>είς</span> <span class='ocrx_word' id='word_1_310' title='bbox 610 2797 701 2851; x_wconf 78' lang='grc' dir='ltr'><strong>τὸν</strong></span> <span class='ocrx_word' id='word_1_311' title='bbox 733 2800 1110 2873; x_wconf 80' lang='grc' dir='ltr'>ἡμαρτηκότα,</span> <span class='ocrx_word' id='word_1_312' title='bbox 1165 2808 1266 2859; x_wconf 78' lang='grc' dir='ltr'>καὶ.</span> <span class='ocrx_word' id='word_1_313' title='bbox 1293 2810 1373 2873; x_wconf 81' lang='grc' dir='ltr'><strong>είς</strong></span> <span class='ocrx_word' id='word_1_314' title='bbox 1400 2790 1692 2880; x_wconf 64' lang='grc' dir='ltr'>μετάνοιαν</span> <span class='ocrx_word' id='word_1_315' title='bbox 1716 2790 1958 2870; x_wconf 89' lang='grc' dir='ltr'>ἐλθόντα.</span> <span class='ocrx_word' id='word_1_316' title='bbox 2319 2790 2344 2795; x_wconf 42' lang='grc' dir='ltr'><strong><em>Ὗ</em></strong></span> <span class='ocrx_word' id='word_1_317' title='bbox 2491 2790 2502 2792; x_wconf 14' lang='grc' dir='ltr'>ἡ</span> <span class='ocrx_word' id='word_1_318' title='bbox 3192 2891 3201 2898; x_wconf 97' lang='grc'>.</span> 
     </span>
    </p>
   </div>
   <div class='ocr_carea' id='block_1_45' title="bbox 297 2883 3480 2982">
    <p class='ocr_par' dir='ltr' id='par_1_45' title="bbox 297 2883 3480 2982">
     <span class='ocr_line' id='line_1_45' title="bbox 297 2883 3480 2982; baseline 0.008 -45"><span class='ocrx_word' id='word_1_319' title='bbox 297 2883 513 2944; x_wconf 88' lang='lat' dir='ltr'><strong>Titulus</strong></span> <span class='ocrx_word' id='word_1_320' title='bbox 539 2890 834 2963; x_wconf 89' lang='lat' dir='ltr'><strong>inscriptus</strong></span> <span class='ocrx_word' id='word_1_321' title='bbox 872 2899 1114 2953; x_wconf 84' lang='lat' dir='ltr'><strong>continet</strong></span> <span class='ocrx_word' id='word_1_322' title='bbox 1147 2919 1160 2954; x_wconf 87' lang='lat'>:</span> <span class='ocrx_word' id='word_1_323' title='bbox 1194 2900 1444 2957; x_wconf 75' lang='lat' dir='ltr'><strong>Psalmus</strong></span> <span class='ocrx_word' id='word_1_324' title='bbox 1477 2906 1671 2961; x_wconf 83' lang='lat' dir='ltr'><strong>David.</strong></span> <span class='ocrx_word' id='word_1_325' title='bbox 1707 2908 1824 2966; x_wconf 82' lang='lat' dir='ltr'><strong>Hoc</strong></span> <span class='ocrx_word' id='word_1_326' title='bbox 1855 2921 1960 2976; x_wconf 90' lang='lat' dir='ltr'><strong>est,</strong></span> <span class='ocrx_word' id='word_1_327' title='bbox 1995 2911 2086 2968; x_wconf 82' lang='lat' dir='ltr'><strong>liic</strong></span> <span class='ocrx_word' id='word_1_328' title='bbox 2113 2927 2360 2982; x_wconf 64' lang='lat' dir='ltr'><strong>psalmus</strong></span> <span class='ocrx_word' id='word_1_329' title='bbox 2389 2912 2568 2967; x_wconf 84' lang='lat' dir='ltr'><strong>dictus</strong></span> <span class='ocrx_word' id='word_1_330' title='bbox 2594 2918 2677 2965; x_wconf 91' lang='lat' dir='ltr'><strong>est</strong></span> <span class='ocrx_word' id='word_1_331' title='bbox 2700 2907 2769 2962; x_wconf 87' lang='lat' dir='ltr'><strong>ab</strong></span> <span class='ocrx_word' id='word_1_332' title='bbox 2825 2919 2913 2970; x_wconf 92' lang='lat' dir='ltr'><strong>eo,</strong></span> <span class='ocrx_word' id='word_1_333' title='bbox 2948 2920 3042 2975; x_wconf 84' lang='lat' dir='ltr'><strong>qui</strong></span> <span class='ocrx_word' id='word_1_334' title='bbox 3071 2891 3288 2969; x_wconf 82' lang='lat' dir='ltr'><strong>cecidit.</strong></span> <span class='ocrx_word' id='word_1_335' title='bbox 3330 2914 3386 2961; x_wconf 88' lang='lat' dir='ltr'><strong>et</strong></span> <span class='ocrx_word' id='word_1_336' title='bbox 3423 2905 3480 2962; x_wconf 91' lang='lat' dir='ltr'><strong>in</strong></span> 
     </span>
    </p>
   </div>
   <div class='ocr_carea' id='block_1_46' title="bbox 220 2981 3465 3071">
    <p class='ocr_par' dir='ltr' id='par_1_46' title="bbox 220 2981 3465 3071">
     <span class='ocr_line' id='line_1_46' title="bbox 220 2981 3465 3071; baseline 0.006 -38"><span class='ocrx_word' id='word_1_337' title='bbox 220 2981 599 3047; x_wconf 70' lang='lat' dir='ltr'><strong>paenitentiam</strong></span> <span class='ocrx_word' id='word_1_338' title='bbox 639 2989 807 3040; x_wconf 84' lang='lat' dir='ltr'><strong>venit.</strong></span> <span class='ocrx_word' id='word_1_339' title='bbox 841 2986 1009 3043; x_wconf 83' lang='lat' dir='ltr'><strong>David</strong></span> <span class='ocrx_word' id='word_1_340' title='bbox 1054 2992 1200 3046; x_wconf 90' lang='lat' dir='ltr'><strong>enim</strong></span> <span class='ocrx_word' id='word_1_341' title='bbox 1232 2995 1623 3066; x_wconf 80' lang='lat' dir='ltr'><strong>interpretatur</strong></span> <span class='ocrx_word' id='word_1_342' title='bbox 1664 3002 1929 3071; x_wconf 76' lang='lat' dir='ltr'><strong>neglectus</strong></span> <span class='ocrx_word' id='word_1_343' title='bbox 1969 3016 2025 3060; x_wconf 87' lang='lat' dir='ltr'><strong>et</strong></span> <span class='ocrx_word' id='word_1_344' title='bbox 2054 2981 2480 3060; x_wconf 75' lang='lat' dir='ltr'><strong>miscricordiam</strong></span> <span class='ocrx_word' id='word_1_345' title='bbox 2511 3010 2858 3066; x_wconf 74' lang='lat' dir='ltr'><strong>consecutus,</strong></span> <span class='ocrx_word' id='word_1_346' title='bbox 2883 3006 3180 3069; x_wconf 82' lang='lat' dir='ltr'><strong>utrumque</strong></span> <span class='ocrx_word' id='word_1_347' title='bbox 3211 3001 3465 3056; x_wconf 86' lang='lat' dir='ltr'><strong>convenit</strong></span> 
     </span>
    </p>
   </div>
   <div class='ocr_carea' id='block_1_47' title="bbox 221 3071 1783 3149">
    <p class='ocr_par' dir='ltr' id='par_1_47' title="bbox 221 3071 1783 3149">
     <span class='ocr_line' id='line_1_47' title="bbox 221 3071 1783 3149; baseline 0.014 -25"><span class='ocrx_word' id='word_1_348' title='bbox 221 3071 276 3125; x_wconf 90' lang='lat' dir='ltr'><strong>in</strong></span> <span class='ocrx_word' id='word_1_349' title='bbox 303 3089 451 3137; x_wconf 89' lang='lat' dir='ltr'><strong>eum,</strong></span> <span class='ocrx_word' id='word_1_350' title='bbox 480 3075 574 3145; x_wconf 87' lang='lat' dir='ltr'><strong>qui</strong></span> <span class='ocrx_word' id='word_1_351' title='bbox 603 3088 812 3145; x_wconf 88' lang='lat' dir='ltr'><strong>peccat,</strong></span> <span class='ocrx_word' id='word_1_352' title='bbox 840 3089 893 3132; x_wconf 90' lang='lat' dir='ltr'><strong>et</strong></span> <span class='ocrx_word' id='word_1_353' title='bbox 915 3080 980 3134; x_wconf 89' lang='lat' dir='ltr'><strong>ad</strong></span> <span class='ocrx_word' id='word_1_354' title='bbox 1014 3083 1392 3149; x_wconf 71' lang='lat' dir='ltr'><strong>pmnitentiam</strong></span> <span class='ocrx_word' id='word_1_355' title='bbox 1419 3091 1783 3146; x_wconf 84' lang='lat' dir='ltr'><strong>convertitur.</strong></span> 
     </span>
    </p>
   </div>
   <div class='ocr_carea' id='block_1_48' title="bbox 293 3166 1937 3255">
    <p class='ocr_par' dir='ltr' id='par_1_48' title="bbox 293 3166 1800 3254">
     <span class='ocr_line' id='line_1_48' title="bbox 293 3166 1800 3254; baseline 0.015 -38"><span class='ocrx_word' id='word_1_356' title='bbox 293 3166 345 3220; x_wconf 90' lang='grc'><strong>1.</strong></span> <span class='ocrx_word' id='word_1_357' title='bbox 393 3167 845 3242; x_wconf 83' lang='grc' dir='ltr'>Σπλαγχνίσθητι,</span> <span class='ocrx_word' id='word_1_358' title='bbox 880 3175 908 3226; x_wconf 84' lang='lat'><strong>6</strong></span> <span class='ocrx_word' id='word_1_359' title='bbox 943 3173 1143 3247; x_wconf 84' lang='grc' dir='ltr'>Κύριος</span> <span class='ocrx_word' id='word_1_360' title='bbox 1167 3177 1263 3248; x_wconf 74' lang='grc'>(2),</span> <span class='ocrx_word' id='word_1_361' title='bbox 1293 3182 1384 3234; x_wconf 78' lang='grc' dir='ltr'>καὶ</span> <span class='ocrx_word' id='word_1_362' title='bbox 1413 3182 1552 3254; x_wconf 84' lang='grc' dir='ltr'>ὁρῶν</span> <span class='ocrx_word' id='word_1_363' title='bbox 1583 3200 1650 3253; x_wconf 86' lang='grc' dir='ltr'><strong>με</strong></span> <span class='ocrx_word' id='word_1_364' title='bbox 1685 3185 1800 3237; x_wconf 84' lang='grc' dir='ltr'>ἁδι-</span> 
     </span>
    </p>
   </div>
   <div class='ocr_carea' id='block_1_49' title="bbox 1834 3166 3478 3255">
    <p class='ocr_par' dir='ltr' id='par_1_49' title="bbox 1979 3177 3478 3255">
     <span class='ocr_line' id='line_1_49' title="bbox 1979 3177 3478 3255; baseline 0.005 -24"><span class='ocrx_word' id='word_1_365' title='bbox 1979 3179 2030 3233; x_wconf 90' lang='grc'><strong>1.</strong></span> <span class='ocrx_word' id='word_1_366' title='bbox 2069 3177 2345 3245; x_wconf 83' lang='lat' dir='ltr'><strong>Miserere,</strong></span> <span class='ocrx_word' id='word_1_367' title='bbox 2398 3180 2645 3246; x_wconf 86' lang='lat' dir='ltr'><strong>Domine,</strong></span> <span class='ocrx_word' id='word_1_368' title='bbox 2680 3193 2734 3237; x_wconf 93' lang='lat' dir='ltr'><strong>et</strong></span> <span class='ocrx_word' id='word_1_369' title='bbox 2785 3183 2975 3238; x_wconf 86' lang='lat' dir='ltr'><strong>videns</strong></span> <span class='ocrx_word' id='word_1_370' title='bbox 3021 3199 3107 3238; x_wconf 90' lang='lat' dir='ltr'><strong>me</strong></span> <span class='ocrx_word' id='word_1_371' title='bbox 3148 3183 3333 3255; x_wconf 92' lang='lat' dir='ltr'><strong>inique</strong></span> <span class='ocrx_word' id='word_1_372' title='bbox 3361 3199 3478 3255; x_wconf 85' lang='lat' dir='ltr'><strong>per-</strong></span> 
     </span>
    </p>
   </div>
   <div class='ocr_carea' id='block_1_50' title="bbox 218 3257 1862 3347">
    <p class='ocr_par' dir='ltr' id='par_1_50' title="bbox 218 3257 1798 3347">
     <span class='ocr_line' id='line_1_50' title="bbox 218 3257 1798 3347; baseline 0.015 -40"><span class='ocrx_word' id='word_1_373' title='bbox 218 3257 485 3326; x_wconf 85' lang='grc' dir='ltr'>κούμενον</span> <span class='ocrx_word' id='word_1_374' title='bbox 516 3259 620 3312; x_wconf 85' lang='grc' dir='ltr'>ὐπὸ</span> <span class='ocrx_word' id='word_1_375' title='bbox 640 3260 748 3314; x_wconf 84' lang='grc' dir='ltr'><strong>τῶν</strong></span> <span class='ocrx_word' id='word_1_376' title='bbox 778 3265 1034 3320; x_wconf 77' lang='grc' dir='ltr'>ἐναντίων</span> <span class='ocrx_word' id='word_1_377' title='bbox 1061 3269 1367 3341; x_wconf 84' lang='grc' dir='ltr'>δυνάμεων,</span> <span class='ocrx_word' id='word_1_378' title='bbox 1405 3273 1678 3346; x_wconf 84' lang='grc' dir='ltr'>λύτρωσαί</span> <span class='ocrx_word' id='word_1_379' title='bbox 1709 3293 1798 3347; x_wconf 89' lang='grc' dir='ltr'>με.</span> 
     </span>
    </p>
   </div>
   <div class='ocr_carea' id='block_1_51' title="bbox 1655 3257 3299 3347">
    <p class='ocr_par' dir='ltr' id='par_1_51' title="bbox 1655 3272 3299 3347">
     <span class='ocr_line' id='line_1_51' title="bbox 1655 3272 3299 3347; baseline 0.006 -26"><span class='ocrx_word' id='word_1_380' title='bbox 1655 3274 1678 3327; x_wconf 83' lang='grc' dir='ltr'><strong>ί</strong></span> <span class='ocrx_word' id='word_1_381' title='bbox 1709 3293 1798 3347; x_wconf 84' lang='grc' dir='ltr'><strong>με,</strong></span> <span class='ocrx_word' id='word_1_382' title='bbox 1906 3278 2197 3325; x_wconf 88' lang='lat' dir='ltr'><strong>tractatum</strong></span> <span class='ocrx_word' id='word_1_383' title='bbox 2226 3286 2255 3324; x_wconf 88' lang='lat' dir='ltr'><strong>a</strong></span> <span class='ocrx_word' id='word_1_384' title='bbox 2284 3272 2575 3326; x_wconf 86' lang='lat' dir='ltr'><strong>contrariis</strong></span> <span class='ocrx_word' id='word_1_385' title='bbox 2616 3275 2977 3342; x_wconf 83' lang='lat' dir='ltr'><strong>potestatibus</strong></span> <span class='ocrx_word' id='word_1_386' title='bbox 3001 3276 3170 3330; x_wconf 87' lang='lat' dir='ltr'><strong>libera</strong></span> <span class='ocrx_word' id='word_1_387' title='bbox 3193 3291 3299 3332; x_wconf 90' lang='lat' dir='ltr'><strong>me.</strong></span> 
     </span>
    </p>
   </div>
   <div class='ocr_carea' id='block_1_52' title="bbox 289 3348 1933 3434">
    <p class='ocr_par' dir='ltr' id='par_1_52' title="bbox 289 3348 1238 3434">
     <span class='ocr_line' id='line_1_52' title="bbox 289 3348 1238 3434; baseline 0.019 -34"><span class='ocrx_word' id='word_1_388' title='bbox 289 3348 343 3401; x_wconf 73' lang='grc'><strong>2.</strong></span> <span class='ocrx_word' id='word_1_389' title='bbox 387 3349 518 3402; x_wconf 83' lang='grc' dir='ltr'><strong>Ἀπὸ</strong></span> <span class='ocrx_word' id='word_1_390' title='bbox 546 3351 640 3406; x_wconf 90' lang='grc' dir='ltr'><strong>τοῦ</strong></span> <span class='ocrx_word' id='word_1_391' title='bbox 670 3355 933 3424; x_wconf 75' lang='grc' dir='ltr'>διαϐόλου,</span> <span class='ocrx_word' id='word_1_392' title='bbox 964 3360 1108 3429; x_wconf 82' lang='grc' dir='ltr'>λέγει</span> <span class='ocrx_word' id='word_1_393' title='bbox 1142 3362 1238 3434; x_wconf 77' lang='lat'>(3).</span> 
     </span>
    </p>
   </div>
   <div class='ocr_carea' id='block_1_53' title="bbox 948 3348 2592 3434">
    <p class='ocr_par' dir='ltr' id='par_1_53' title="bbox 964 3359 2592 3434">
     <span class='ocr_line' id='line_1_53' title="bbox 964 3359 2592 3434; baseline 0.003 -22"><span class='ocrx_word' id='word_1_394' title='bbox 964 3360 1108 3429; x_wconf 82' lang='grc' dir='ltr'>λέγει</span> <span class='ocrx_word' id='word_1_395' title='bbox 1142 3362 1238 3434; x_wconf 77' lang='lat'>(3).</span> <span class='ocrx_word' id='word_1_396' title='bbox 1976 3359 2030 3415; x_wconf 76' lang='grc'><strong>2.</strong></span> <span class='ocrx_word' id='word_1_397' title='bbox 2061 3362 2103 3415; x_wconf 86' lang='grc' dir='ltr'><strong>Α</strong></span> <span class='ocrx_word' id='word_1_398' title='bbox 2132 3361 2374 3428; x_wconf 81' lang='lat' dir='ltr'><strong>diabolo,</strong></span> <span class='ocrx_word' id='word_1_399' title='bbox 2400 3363 2592 3433; x_wconf 85' lang='lat' dir='ltr'><strong>inquit.</strong></span> 
     </span>
    </p>
   </div>
   <div class='ocr_carea' id='block_1_54' title="bbox 286 3439 1930 3522">
    <p class='ocr_par' dir='ltr' id='par_1_54' title="bbox 286 3439 1139 3522">
     <span class='ocr_line' id='line_1_54' title="bbox 286 3439 1139 3522; baseline 0.018 -30"><span class='ocrx_word' id='word_1_400' title='bbox 286 3439 340 3493; x_wconf 81' lang='grc'><strong>5.</strong></span> <span class='ocrx_word' id='word_1_401' title='bbox 375 3441 498 3495; x_wconf 85' lang='grc' dir='ltr'>Ὅτι</span> <span class='ocrx_word' id='word_1_402' title='bbox 524 3444 587 3497; x_wconf 84' lang='grc' dir='ltr'><strong>σύ</strong></span> <span class='ocrx_word' id='word_1_403' title='bbox 612 3440 666 3498; x_wconf 75' lang='grc' dir='ltr'><strong>εἷ</strong></span> <span class='ocrx_word' id='word_1_404' title='bbox 699 3448 732 3518; x_wconf 74' lang='grc' dir='ltr'><strong>ἡ</strong></span> <span class='ocrx_word' id='word_1_405' title='bbox 770 3447 990 3520; x_wconf 81' lang='grc' dir='ltr'>βοήθειά</span> <span class='ocrx_word' id='word_1_406' title='bbox 1017 3470 1139 3522; x_wconf 88' lang='grc' dir='ltr'>μου.</span> 
     </span>
    </p>
   </div>
   <div class='ocr_carea' id='block_1_55' title="bbox 1385 3439 3029 3522">
    <p class='ocr_par' dir='ltr' id='par_1_55' title="bbox 1979 3454 3029 3521">
     <span class='ocr_line' id='line_1_55' title="bbox 1979 3454 3029 3521; baseline 0.005 -12"><span class='ocrx_word' id='word_1_407' title='bbox 1979 3455 2034 3509; x_wconf 79' lang='lat'><strong>3.</strong></span> <span class='ocrx_word' id='word_1_408' title='bbox 2064 3454 2336 3521; x_wconf 87' lang='lat' dir='ltr'><strong>Quoniam</strong></span> <span class='ocrx_word' id='word_1_409' title='bbox 2363 3466 2417 3510; x_wconf 90' lang='lat' dir='ltr'><strong>tu</strong></span> <span class='ocrx_word' id='word_1_410' title='bbox 2443 3473 2502 3512; x_wconf 93' lang='lat' dir='ltr'><strong>es</strong></span> <span class='ocrx_word' id='word_1_411' title='bbox 2529 3457 2794 3512; x_wconf 80' lang='lat' dir='ltr'><strong>auxilium</strong></span> <span class='ocrx_word' id='word_1_412' title='bbox 2827 3475 3029 3515; x_wconf 90' lang='lat' dir='ltr'><strong>meum.</strong></span> 
     </span>
    </p>
   </div>
   <div class='ocr_carea' id='block_1_56' title="bbox 283 3533 1927 3617">
    <p class='ocr_par' dir='ltr' id='par_1_56' title="bbox 283 3533 1036 3612">
     <span class='ocr_line' id='line_1_56' title="bbox 283 3533 1036 3612; baseline 0.027 -27"><span class='ocrx_word' id='word_1_413' title='bbox 283 3533 338 3586; x_wconf 75' lang='grc'><strong>4.</strong></span> <span class='ocrx_word' id='word_1_414' title='bbox 373 3534 492 3588; x_wconf 81' lang='grc' dir='ltr'>Ἵνα</span> <span class='ocrx_word' id='word_1_415' title='bbox 516 3536 570 3589; x_wconf 90' lang='grc' dir='ltr'><strong>τί</strong></span> <span class='ocrx_word' id='word_1_416' title='bbox 593 3538 904 3611; x_wconf 72' lang='grc' dir='ltr'>ἀπέρριψάς</span> <span class='ocrx_word' id='word_1_417' title='bbox 934 3560 1036 3612; x_wconf 84' lang='grc' dir='ltr'>με;</span> 
     </span>
    </p>
   </div>
   <div class='ocr_carea' id='block_1_57' title="bbox 1071 3533 2715 3617">
    <p class='ocr_par' dir='ltr' id='par_1_57' title="bbox 1975 3545 2715 3617">
     <span class='ocr_line' id='line_1_57' title="bbox 1975 3545 2715 3617; baseline 0.004 -18"><span class='ocrx_word' id='word_1_418' title='bbox 1975 3545 2026 3599; x_wconf 74' lang='grc'><strong>4.</strong></span> <span class='ocrx_word' id='word_1_419' title='bbox 2062 3545 2242 3612; x_wconf 91' lang='lat' dir='ltr'><strong>Quare</strong></span> <span class='ocrx_word' id='word_1_420' title='bbox 2279 3563 2366 3602; x_wconf 89' lang='lat' dir='ltr'><strong>me</strong></span> <span class='ocrx_word' id='word_1_421' title='bbox 2397 3546 2715 3617; x_wconf 64' lang='lat' dir='ltr'><strong>proiecisti?</strong></span> 
     </span>
    </p>
   </div>
   <div class='ocr_carea' id='block_1_58' title="bbox 287 3626 1931 3713">
    <p class='ocr_par' dir='ltr' id='par_1_58' title="bbox 287 3626 1796 3713">
     <span class='ocr_line' id='line_1_58' title="bbox 287 3626 1796 3713; baseline 0.013 -35"><span class='ocrx_word' id='word_1_422' title='bbox 287 3626 341 3678; x_wconf 82' lang='lat'><strong>5.</strong></span> <span class='ocrx_word' id='word_1_423' title='bbox 367 3627 477 3680; x_wconf 66' lang='lat' dir='ltr'><strong>Kal.</strong></span> <span class='ocrx_word' id='word_1_424' title='bbox 505 3627 590 3695; x_wconf 83' lang='grc' dir='ltr'><strong>ἴνα</strong></span> <span class='ocrx_word' id='word_1_425' title='bbox 610 3629 662 3682; x_wconf 90' lang='grc' dir='ltr'><strong>τί</strong></span> <span class='ocrx_word' id='word_1_426' title='bbox 691 3632 1072 3704; x_wconf 85' lang='grc' dir='ltr'>ἐσκοτισμένος</span> <span class='ocrx_word' id='word_1_427' title='bbox 1101 3637 1402 3710; x_wconf 82' lang='grc' dir='ltr'>πορεύομαι</span> <span class='ocrx_word' id='word_1_428' title='bbox 1432 3640 1490 3694; x_wconf 88' lang='grc' dir='ltr'><strong>ἐν</strong></span> <span class='ocrx_word' id='word_1_429' title='bbox 1514 3641 1592 3713; x_wconf 82' lang='grc' dir='ltr'>τῷ</span> <span class='ocrx_word' id='word_1_430' title='bbox 1633 3658 1796 3698; x_wconf 82' lang='grc' dir='ltr'>κατα-</span> 
     </span>
    </p>
   </div>
   <div class='ocr_carea' id='block_1_59' title="bbox 1831 3626 3475 3713">
    <p class='ocr_par' dir='ltr' id='par_1_59' title="bbox 1974 3634 3475 3706">
     <span class='ocr_line' id='line_1_59' title="bbox 1974 3634 3475 3706; baseline 0.008 -17"><span class='ocrx_word' id='word_1_431' title='bbox 1974 3634 2026 3689; x_wconf 85' lang='grc'><strong>5.</strong></span> <span class='ocrx_word' id='word_1_432' title='bbox 2061 3634 2127 3691; x_wconf 86' lang='grc' dir='ltr'><strong>Ει</strong></span> <span class='ocrx_word' id='word_1_433' title='bbox 2161 3651 2332 3706; x_wconf 85' lang='lat' dir='ltr'><strong>quare</strong></span> <span class='ocrx_word' id='word_1_434' title='bbox 2361 3637 2756 3696; x_wconf 89' lang='lat' dir='ltr'><strong>obtenebratus</strong></span> <span class='ocrx_word' id='word_1_435' title='bbox 2788 3643 3004 3705; x_wconf 90' lang='lat' dir='ltr'><strong>incedo.</strong></span> <span class='ocrx_word' id='word_1_436' title='bbox 3047 3644 3178 3700; x_wconf 91' lang='lat' dir='ltr'><strong>dum</strong></span> <span class='ocrx_word' id='word_1_437' title='bbox 3219 3645 3351 3700; x_wconf 86' lang='lat' dir='ltr'><strong>mihi</strong></span> <span class='ocrx_word' id='word_1_438' title='bbox 3385 3646 3475 3701; x_wconf 89' lang='lat' dir='ltr'><strong>do-</strong></span> 
     </span>
    </p>
   </div>
   <div class='ocr_carea' id='block_1_60' title="bbox 215 3715 1859 3793">
    <p class='ocr_par' dir='ltr' id='par_1_60' title="bbox 215 3715 1859 3793">
     <span class='ocr_line' id='line_1_60' title="bbox 215 3715 1859 3793; baseline 0.009 -26"><span class='ocrx_word' id='word_1_439' title='bbox 215 3715 562 3770; x_wconf 83' lang='grc' dir='ltr'>δυναστεύειν</span> <span class='ocrx_word' id='word_1_440' title='bbox 600 3736 701 3790; x_wconf 88' lang='grc' dir='ltr'><strong>μου</strong></span> <span class='ocrx_word' id='word_1_441' title='bbox 731 3720 822 3774; x_wconf 81' lang='grc' dir='ltr'>τὸν</span> <span class='ocrx_word' id='word_1_442' title='bbox 854 3721 1125 3793; x_wconf 80' lang='grc' dir='ltr'>διάὸολον;</span> <span class='ocrx_word' id='word_1_443' title='bbox 1829 3723 1859 3781; x_wconf 79' lang='grc' dir='ltr'><strong>ε</strong></span> 
     </span>
    </p>
   </div>
   <div class='ocr_carea' id='block_1_61' title="bbox 823 3715 2467 3793">
    <p class='ocr_par' dir='ltr' id='par_1_61' title="bbox 854 3721 2467 3793">
     <span class='ocr_line' id='line_1_61' title="bbox 854 3721 2467 3793; baseline 0.006 -18"><span class='ocrx_word' id='word_1_444' title='bbox 854 3721 1125 3793; x_wconf 75' lang='grc' dir='ltr'>διάὸολονς</span> <span class='ocrx_word' id='word_1_445' title='bbox 1829 3723 1871 3781; x_wconf 87' lang='lat' dir='ltr'><strong><em>C</em></strong></span> <span class='ocrx_word' id='word_1_446' title='bbox 1905 3729 2146 3783; x_wconf 88' lang='lat' dir='ltr'><strong>minatur</strong></span> <span class='ocrx_word' id='word_1_447' title='bbox 2178 3728 2467 3785; x_wconf 67' lang='lat' dir='ltr'><strong>diabolus-1’</strong></span> 
     </span>
    </p>
   </div>
   <div class='ocr_carea' id='block_1_62' title="bbox 293 3807 1937 3900">
    <p class='ocr_par' dir='ltr' id='par_1_62' title="bbox 293 3807 1801 3893">
     <span class='ocr_line' id='line_1_62' title="bbox 293 3807 1801 3893; baseline 0.013 -36"><span class='ocrx_word' id='word_1_448' title='bbox 293 3807 346 3859; x_wconf 80' lang='grc' dir='ltr'><strong>ὕ.</strong></span> <span class='ocrx_word' id='word_1_449' title='bbox 384 3807 793 3871; x_wconf 81' lang='grc' dir='ltr'>Ἐξαπόστειλον</span> <span class='ocrx_word' id='word_1_450' title='bbox 823 3812 916 3868; x_wconf 84' lang='grc' dir='ltr'>τὸν</span> <span class='ocrx_word' id='word_1_451' title='bbox 942 3814 1070 3868; x_wconf 82' lang='grc' dir='ltr'>Υίόν</span> <span class='ocrx_word' id='word_1_452' title='bbox 1113 3833 1228 3885; x_wconf 90' lang='grc' dir='ltr'>σου,</span> <span class='ocrx_word' id='word_1_453' title='bbox 1248 3820 1342 3871; x_wconf 67' lang='grc' dir='ltr'>καὶ</span> <span class='ocrx_word' id='word_1_454' title='bbox 1371 3819 1432 3872; x_wconf 86' lang='grc' dir='ltr'>τὸ</span> <span class='ocrx_word' id='word_1_455' title='bbox 1463 3819 1687 3893; x_wconf 78' lang='grc' dir='ltr'>Πνεῦμα</span> <span class='ocrx_word' id='word_1_456' title='bbox 1710 3839 1801 3876; x_wconf 90' lang='grc' dir='ltr'><strong>σου</strong></span> 
     </span>
    </p>
   </div>
   <div class='ocr_carea' id='block_1_63' title="bbox 1832 3807 3476 3900">
    <p class='ocr_par' dir='ltr' id='par_1_63' title="bbox 1975 3820 3476 3900">
     <span class='ocr_line' id='line_1_63' title="bbox 1975 3820 3476 3900; baseline 0.005 -24"><span class='ocrx_word' id='word_1_457' title='bbox 1975 3821 2028 3876; x_wconf 88' lang='lat'><em>6.</em></span> <span class='ocrx_word' id='word_1_458' title='bbox 2070 3820 2221 3877; x_wconf 79' lang='lat' dir='ltr'><strong>Mitte</strong></span> <span class='ocrx_word' id='word_1_459' title='bbox 2280 3821 2482 3880; x_wconf 87' lang='lat' dir='ltr'><strong>Filium</strong></span> <span class='ocrx_word' id='word_1_460' title='bbox 2552 3835 2751 3894; x_wconf 89' lang='lat' dir='ltr'><strong>tuum,</strong></span> <span class='ocrx_word' id='word_1_461' title='bbox 2805 3838 2858 3884; x_wconf 90' lang='lat' dir='ltr'><strong>et</strong></span> <span class='ocrx_word' id='word_1_462' title='bbox 2911 3829 3172 3900; x_wconf 88' lang='lat' dir='ltr'><strong>Spiritum</strong></span> <span class='ocrx_word' id='word_1_463' title='bbox 3229 3838 3476 3887; x_wconf 88' lang='lat' dir='ltr'><strong>sanctum</strong></span> 
     </span>
    </p>
   </div>
   <div class='ocr_carea' id='block_1_64' title="bbox 215 3897 2081 3968">
    <p class='ocr_par' dir='ltr' id='par_1_64' title="bbox 215 3897 2081 3968">
     <span class='ocr_line' id='line_1_64' title="bbox 215 3897 2081 3968; baseline 0.009 -16"><span class='ocrx_word' id='word_1_464' title='bbox 215 3912 279 3952; x_wconf 67' lang='lat' dir='ltr'><strong>co</strong></span> <span class='ocrx_word' id='word_1_465' title='bbox 309 3897 478 3967; x_wconf 79' lang='grc' dir='ltr'>ἆγιον.</span> <span class='ocrx_word' id='word_1_466' title='bbox 1904 3921 2081 3968; x_wconf 82' lang='lat' dir='ltr'><strong>tuum.</strong></span> 
     </span>
    </p>
   </div>
   <div class='ocr_carea' id='block_1_65' title="bbox 292 3991 1936 4077">
    <p class='ocr_par' dir='ltr' id='par_1_65' title="bbox 292 3991 1802 4077">
     <span class='ocr_line' id='line_1_65' title="bbox 292 3991 1802 4077; baseline 0.011 -34"><span class='ocrx_word' id='word_1_467' title='bbox 292 3991 345 4055; x_wconf 87' lang='grc'><strong>7,</strong></span> <span class='ocrx_word' id='word_1_468' title='bbox 375 3991 426 4046; x_wconf 92' lang='lat'><strong>8.</strong></span> <span class='ocrx_word' id='word_1_469' title='bbox 458 3993 608 4047; x_wconf 80' lang='grc' dir='ltr'>Αὐτά</span> <span class='ocrx_word' id='word_1_470' title='bbox 633 4013 702 4065; x_wconf 87' lang='grc' dir='ltr'><strong>με</strong></span> <span class='ocrx_word' id='word_1_471' title='bbox 721 3995 816 4050; x_wconf 89' lang='grc' dir='ltr'><strong>νῦν</strong></span> <span class='ocrx_word' id='word_1_472' title='bbox 837 3996 1126 4070; x_wconf 83' lang='grc' dir='ltr'>ὡδήγησαν</span> <span class='ocrx_word' id='word_1_473' title='bbox 1141 3999 1258 4072; x_wconf 73' lang='grc' dir='ltr'>[καὶ</span> <span class='ocrx_word' id='word_1_474' title='bbox 1289 4001 1541 4074; x_wconf 68' lang='grc' dir='ltr'>ἤγαγον),</span> <span class='ocrx_word' id='word_1_475' title='bbox 1560 4005 1802 4077; x_wconf 85' lang='grc' dir='ltr'>ὑπομνη-</span> 
     </span>
    </p>
   </div>
   <div class='ocr_carea' id='block_1_66' title="bbox 1830 3991 3474 4077">
    <p class='ocr_par' dir='ltr' id='par_1_66' title="bbox 1977 4005 3474 4076">
     <span class='ocr_line' id='line_1_66' title="bbox 1977 4005 3474 4076; baseline 0.01 -19"><span class='ocrx_word' id='word_1_476' title='bbox 1977 4006 2039 4070; x_wconf 86' lang='grc'>7,</span> <span class='ocrx_word' id='word_1_477' title='bbox 2079 4005 2133 4061; x_wconf 92' lang='lat'><strong>8.</strong></span> <span class='ocrx_word' id='word_1_478' title='bbox 2169 4005 2288 4076; x_wconf 90' lang='lat' dir='ltr'><strong>Ipsa</strong></span> <span class='ocrx_word' id='word_1_479' title='bbox 2328 4022 2416 4062; x_wconf 91' lang='lat' dir='ltr'><strong>me</strong></span> <span class='ocrx_word' id='word_1_480' title='bbox 2451 4024 2600 4063; x_wconf 91' lang='lat' dir='ltr'><strong>nunc</strong></span> <span class='ocrx_word' id='word_1_481' title='bbox 2636 4009 2986 4066; x_wconf 82' lang='lat' dir='ltr'><strong>deduxerunt</strong></span> <span class='ocrx_word' id='word_1_482' title='bbox 3025 4021 3080 4067; x_wconf 90' lang='lat' dir='ltr'><strong>et</strong></span> <span class='ocrx_word' id='word_1_483' title='bbox 3117 4011 3474 4074; x_wconf 72' lang='lat' dir='ltr'><strong>adduxerunt.</strong></span> 
     </span>
    </p>
   </div>
   <div class='ocr_carea' id='block_1_67' title="bbox 219 4083 1863 4172">
    <p class='ocr_par' dir='ltr' id='par_1_67' title="bbox 219 4083 1800 4158">
     <span class='ocr_line' id='line_1_67' title="bbox 219 4083 1800 4158; baseline 0.013 -24"><span class='ocrx_word' id='word_1_484' title='bbox 219 4083 417 4152; x_wconf 81' lang='grc' dir='ltr'>σθῆναι</span> <span class='ocrx_word' id='word_1_485' title='bbox 442 4086 542 4156; x_wconf 79' lang='grc' dir='ltr'>τῆς</span> <span class='ocrx_word' id='word_1_486' title='bbox 567 4087 819 4158; x_wconf 78' lang='grc' dir='ltr'>οὐρανίου</span> <span class='ocrx_word' id='word_1_487' title='bbox 846 4089 1115 4155; x_wconf 86' lang='grc' dir='ltr'>πολιτείας</span> <span class='ocrx_word' id='word_1_488' title='bbox 1157 4095 1249 4146; x_wconf 75' lang='grc' dir='ltr'>καὶ</span> <span class='ocrx_word' id='word_1_489' title='bbox 1298 4094 1405 4150; x_wconf 83' lang='grc' dir='ltr'>τῶν</span> <span class='ocrx_word' id='word_1_490' title='bbox 1444 4099 1674 4152; x_wconf 89' lang='grc' dir='ltr'>αἰωνίων</span> <span class='ocrx_word' id='word_1_491' title='bbox 1709 4117 1800 4154; x_wconf 90' lang='grc' dir='ltr'><strong>σου</strong></span> 
     </span>
    </p>
   </div>
   <div class='ocr_carea' id='block_1_68' title="bbox 1830 4083 3474 4172">
    <p class='ocr_par' dir='ltr' id='par_1_68' title="bbox 1904 4099 3474 4172">
     <span class='ocr_line' id='line_1_68' title="bbox 1904 4099 3474 4172; baseline 0.007 -23"><span class='ocrx_word' id='word_1_492' title='bbox 1904 4107 1962 4151; x_wconf 90' lang='lat' dir='ltr'><strong>nt</strong></span> <span class='ocrx_word' id='word_1_493' title='bbox 1996 4099 2316 4154; x_wconf 89' lang='lat' dir='ltr'><strong>recordarer</strong></span> <span class='ocrx_word' id='word_1_494' title='bbox 2355 4101 2595 4155; x_wconf 81' lang='lat' dir='ltr'><strong>caelestis</strong></span> <span class='ocrx_word' id='word_1_495' title='bbox 2644 4105 3097 4172; x_wconf 86' lang='lat' dir='ltr'><strong>conversationis,</strong></span> <span class='ocrx_word' id='word_1_496' title='bbox 3155 4114 3210 4161; x_wconf 90' lang='lat' dir='ltr'><strong>et</strong></span> <span class='ocrx_word' id='word_1_497' title='bbox 3251 4115 3474 4161; x_wconf 60' lang='lat' dir='ltr'><strong>aeterna-</strong></span> 
     </span>
    </p>
   </div>
   <div class='ocr_carea' id='block_1_69' title="bbox 215 4175 1859 4262">
    <p class='ocr_par' dir='ltr' id='par_1_69' title="bbox 215 4175 701 4251">
     <span class='ocr_line' id='line_1_69' title="bbox 215 4175 701 4251; baseline 0.014 -24"><span class='ocrx_word' id='word_1_498' title='bbox 215 4175 577 4231; x_wconf 80' lang='grc' dir='ltr'>ὰναπαύσεων</span> <span class='ocrx_word' id='word_1_499' title='bbox 604 4179 701 4251; x_wconf 75' lang='grc'><strong>(4).</strong></span> 
     </span>
    </p>
   </div>
   <div class='ocr_carea' id='block_1_70' title="bbox 985 4175 2629 4262">
    <p class='ocr_par' dir='ltr' id='par_1_70' title="bbox 1901 4191 2629 4262">
     <span class='ocr_line' id='line_1_70' title="bbox 1901 4191 2629 4262; baseline 0.007 -20"><span class='ocrx_word' id='word_1_500' title='bbox 1901 4205 2023 4243; x_wconf 79' lang='lat' dir='ltr'><strong>rum</strong></span> <span class='ocrx_word' id='word_1_501' title='bbox 2054 4198 2273 4244; x_wconf 87' lang='lat' dir='ltr'><strong>tuarum</strong></span> <span class='ocrx_word' id='word_1_502' title='bbox 2301 4191 2629 4262; x_wconf 89' lang='lat' dir='ltr'><strong>requietum.</strong></span> 
     </span>
    </p>
   </div>
   <div class='ocr_carea' id='block_1_71' title="bbox 290 4269 1934 4358">
    <p class='ocr_par' dir='ltr' id='par_1_71' title="bbox 290 4269 1795 4349">
     <span class='ocr_line' id='line_1_71' title="bbox 290 4269 1795 4349; baseline 0.008 -26"><span class='ocrx_word' id='word_1_503' title='bbox 290 4269 344 4323; x_wconf 90' lang='lat'><strong>9.</strong></span> <span class='ocrx_word' id='word_1_504' title='bbox 371 4270 481 4323; x_wconf 77' lang='grc' dir='ltr'><strong>Καὶ</strong></span> <span class='ocrx_word' id='word_1_505' title='bbox 500 4273 566 4341; x_wconf 79' lang='grc' dir='ltr'>τῇ</span> <span class='ocrx_word' id='word_1_506' title='bbox 595 4271 802 4344; x_wconf 84' lang='grc' dir='ltr'>διανοίᾳ</span> <span class='ocrx_word' id='word_1_507' title='bbox 825 4273 1050 4328; x_wconf 80' lang='grc' dir='ltr'>εἰσέλθω</span> <span class='ocrx_word' id='word_1_508' title='bbox 1079 4277 1157 4340; x_wconf 82' lang='grc' dir='ltr'><strong>είς</strong></span> <span class='ocrx_word' id='word_1_509' title='bbox 1180 4276 1238 4330; x_wconf 78' lang='grc' dir='ltr'>τὸ</span> <span class='ocrx_word' id='word_1_510' title='bbox 1260 4278 1578 4349; x_wconf 86' lang='grc' dir='ltr'>ἐπουράνιον</span> <span class='ocrx_word' id='word_1_511' title='bbox 1609 4281 1795 4336; x_wconf 82' lang='grc' dir='ltr'>θυσια-</span> 
     </span>
    </p>
   </div>
   <div class='ocr_carea' id='block_1_72' title="bbox 1828 4269 3472 4358">
    <p class='ocr_par' dir='ltr' id='par_1_72' title="bbox 1970 4281 3472 4358">
     <span class='ocr_line' id='line_1_72' title="bbox 1970 4281 3472 4358; baseline 0.005 -22"><span class='ocrx_word' id='word_1_512' title='bbox 1970 4282 2023 4337; x_wconf 88' lang='grc'><strong>9.</strong></span> <span class='ocrx_word' id='word_1_513' title='bbox 2056 4281 2120 4336; x_wconf 83' lang='grc' dir='ltr'><strong>Ει</strong></span> <span class='ocrx_word' id='word_1_514' title='bbox 2149 4293 2328 4339; x_wconf 83' lang='lat' dir='ltr'><strong>mente</strong></span> <span class='ocrx_word' id='word_1_515' title='bbox 2358 4285 2636 4356; x_wconf 87' lang='lat' dir='ltr'><strong>ingredior</strong></span> <span class='ocrx_word' id='word_1_516' title='bbox 2657 4286 2724 4342; x_wconf 90' lang='lat' dir='ltr'><strong>ad</strong></span> <span class='ocrx_word' id='word_1_517' title='bbox 2749 4287 3136 4358; x_wconf 70' lang='lat' dir='ltr'><strong>supcrcmleste</strong></span> <span class='ocrx_word' id='word_1_518' title='bbox 3165 4287 3336 4344; x_wconf 89' lang='lat' dir='ltr'><strong>altare</strong></span> <span class='ocrx_word' id='word_1_519' title='bbox 3358 4287 3472 4344; x_wconf 89' lang='lat' dir='ltr'><strong>Dei.</strong></span> 
     </span>
    </p>
   </div>
   <div class='ocr_carea' id='block_1_73' title="bbox 219 4363 759 4432">
    <p class='ocr_par' dir='ltr' id='par_1_73' title="bbox 219 4363 759 4432">
     <span class='ocr_line' id='line_1_73' title="bbox 219 4363 759 4432; baseline 0.011 -19"><span class='ocrx_word' id='word_1_520' title='bbox 219 4363 443 4432; x_wconf 80' lang='grc' dir='ltr'>στήριον</span> <span class='ocrx_word' id='word_1_521' title='bbox 475 4363 568 4417; x_wconf 91' lang='grc' dir='ltr'><strong>τοῦ</strong></span> <span class='ocrx_word' id='word_1_522' title='bbox 607 4365 759 4419; x_wconf 83' lang='grc' dir='ltr'>Θεοῦ.</span> 
     </span>
    </p>
   </div>
   <div class='ocr_carea' id='block_1_74' title="bbox 290 4455 1934 4534">
    <p class='ocr_par' dir='ltr' id='par_1_74' title="bbox 290 4455 1474 4534">
     <span class='ocr_line' id='line_1_74' title="bbox 290 4455 1474 4534; baseline 0.008 -26"><span class='ocrx_word' id='word_1_523' title='bbox 290 4455 377 4509; x_wconf 90' lang='grc'><strong>10.</strong></span> <span class='ocrx_word' id='word_1_524' title='bbox 410 4457 516 4509; x_wconf 83' lang='grc' dir='ltr'><strong>Τὸν</strong></span> <span class='ocrx_word' id='word_1_525' title='bbox 544 4457 922 4530; x_wconf 84' lang='grc' dir='ltr'>εὐφραίνοντα,</span> <span class='ocrx_word' id='word_1_526' title='bbox 949 4459 1115 4529; x_wconf 84' lang='grc' dir='ltr'>λέγει,</span> <span class='ocrx_word' id='word_1_527' title='bbox 1151 4461 1329 4534; x_wconf 82' lang='grc' dir='ltr'>ψυχήν</span> <span class='ocrx_word' id='word_1_528' title='bbox 1355 4482 1474 4534; x_wconf 84' lang='grc' dir='ltr'>μου.</span> 
     </span>
    </p>
   </div>
   <div class='ocr_carea' id='block_1_75' title="bbox 1593 4455 3237 4534">
    <p class='ocr_par' dir='ltr' id='par_1_75' title="bbox 1971 4461 3237 4534">
     <span class='ocr_line' id='line_1_75' title="bbox 1971 4461 3237 4534; baseline 0.006 -19"><span class='ocrx_word' id='word_1_529' title='bbox 1971 4461 2056 4517; x_wconf 87' lang='grc'><strong>10.</strong></span> <span class='ocrx_word' id='word_1_530' title='bbox 2092 4461 2499 4530; x_wconf 77' lang='lat' dir='ltr'><strong>Laetificantem,</strong></span> <span class='ocrx_word' id='word_1_531' title='bbox 2533 4465 2737 4534; x_wconf 88' lang='lat' dir='ltr'><strong>inquit,</strong></span> <span class='ocrx_word' id='word_1_532' title='bbox 2763 4467 3002 4520; x_wconf 89' lang='lat' dir='ltr'><strong>animam</strong></span> <span class='ocrx_word' id='word_1_533' title='bbox 3039 4483 3237 4522; x_wconf 86' lang='lat' dir='ltr'><strong>meam.</strong></span> 
     </span>
    </p>
   </div>
   <div class='ocr_carea' id='block_1_76' title="bbox 285 4549 1929 4630">
    <p class='ocr_par' dir='ltr' id='par_1_76' title="bbox 285 4549 1793 4630">
     <span class='ocr_line' id='line_1_76' title="bbox 285 4549 1793 4630; baseline 0.007 -28"><span class='ocrx_word' id='word_1_534' title='bbox 285 4549 374 4604; x_wconf 89' lang='grc'><strong>11.</strong></span> <span class='ocrx_word' id='word_1_535' title='bbox 403 4549 641 4617; x_wconf 84' lang='grc' dir='ltr'>Δοξάσω,</span> <span class='ocrx_word' id='word_1_536' title='bbox 672 4551 839 4620; x_wconf 83' lang='grc' dir='ltr'>λέγει,</span> <span class='ocrx_word' id='word_1_537' title='bbox 871 4555 928 4606; x_wconf 90' lang='grc' dir='ltr'><strong>ἐν</strong></span> <span class='ocrx_word' id='word_1_538' title='bbox 965 4557 1030 4626; x_wconf 80' lang='grc' dir='ltr'>τῇ</span> <span class='ocrx_word' id='word_1_539' title='bbox 1051 4554 1193 4626; x_wconf 72' lang='grc' dir='ltr'>ψυχῇ</span> <span class='ocrx_word' id='word_1_540' title='bbox 1226 4574 1347 4626; x_wconf 89' lang='grc' dir='ltr'>μου,</span> <span class='ocrx_word' id='word_1_541' title='bbox 1371 4559 1465 4611; x_wconf 80' lang='grc' dir='ltr'>καὶ</span> <span class='ocrx_word' id='word_1_542' title='bbox 1497 4560 1552 4611; x_wconf 87' lang='grc' dir='ltr'><strong>ἐν</strong></span> <span class='ocrx_word' id='word_1_543' title='bbox 1582 4559 1658 4630; x_wconf 87' lang='grc' dir='ltr'>τῷ</span> <span class='ocrx_word' id='word_1_544' title='bbox 1693 4557 1793 4612; x_wconf 79' lang='grc' dir='ltr'><strong>σώ-</strong></span> 
     </span>
    </p>
   </div>
   <div class='ocr_carea' id='block_1_77' title="bbox 1827 4549 3471 4630">
    <p class='ocr_par' dir='ltr' id='par_1_77' title="bbox 1972 4555 3471 4626">
     <span class='ocr_line' id='line_1_77' title="bbox 1972 4555 3471 4626; baseline 0.003 -17"><span class='ocrx_word' id='word_1_545' title='bbox 1972 4555 2056 4611; x_wconf 86' lang='grc'><strong>11.</strong></span> <span class='ocrx_word' id='word_1_546' title='bbox 2094 4555 2445 4617; x_wconf 85' lang='lat' dir='ltr'><strong>Gloriﬁcabo,</strong></span> <span class='ocrx_word' id='word_1_547' title='bbox 2475 4556 2675 4626; x_wconf 88' lang='lat' dir='ltr'><strong>inquit,</strong></span> <span class='ocrx_word' id='word_1_548' title='bbox 2709 4561 2764 4614; x_wconf 91' lang='lat' dir='ltr'><strong>in</strong></span> <span class='ocrx_word' id='word_1_549' title='bbox 2799 4559 2982 4612; x_wconf 87' lang='lat' dir='ltr'><strong>anima</strong></span> <span class='ocrx_word' id='word_1_550' title='bbox 3012 4574 3130 4612; x_wconf 88' lang='lat' dir='ltr'><strong>mea</strong></span> <span class='ocrx_word' id='word_1_551' title='bbox 3153 4598 3167 4622; x_wconf 90' lang='lat'><strong>,</strong></span> <span class='ocrx_word' id='word_1_552' title='bbox 3200 4569 3255 4614; x_wconf 90' lang='lat' dir='ltr'><strong>et</strong></span> <span class='ocrx_word' id='word_1_553' title='bbox 3279 4560 3331 4613; x_wconf 92' lang='lat' dir='ltr'><strong>in</strong></span> <span class='ocrx_word' id='word_1_554' title='bbox 3355 4576 3471 4615; x_wconf 87' lang='lat' dir='ltr'><strong>cor-</strong></span> 
     </span>
    </p>
   </div>
   <div class='ocr_carea' id='block_1_78' title="bbox 217 4642 1861 4724">
    <p class='ocr_par' dir='ltr' id='par_1_78' title="bbox 217 4642 1792 4724">
     <span class='ocr_line' id='line_1_78' title="bbox 217 4642 1792 4724; baseline 0.008 -30"><span class='ocrx_word' id='word_1_555' title='bbox 217 4659 372 4710; x_wconf 86' lang='grc' dir='ltr'>ματι,</span> <span class='ocrx_word' id='word_1_556' title='bbox 398 4642 674 4713; x_wconf 82' lang='grc' dir='ltr'>νεκρώσας</span> <span class='ocrx_word' id='word_1_557' title='bbox 696 4647 761 4716; x_wconf 79' lang='grc' dir='ltr'><strong>τῇ</strong></span> <span class='ocrx_word' id='word_1_558' title='bbox 795 4647 1039 4719; x_wconf 72' lang='grc' dir='ltr'>ἁμαρτία</span> <span class='ocrx_word' id='word_1_559' title='bbox 1066 4647 1184 4701; x_wconf 82' lang='grc' dir='ltr'>ὅλον</span> <span class='ocrx_word' id='word_1_560' title='bbox 1214 4649 1422 4703; x_wconf 84' lang='grc' dir='ltr'>ἑαυτόν·</span> <span class='ocrx_word' id='word_1_561' title='bbox 1452 4651 1650 4723; x_wconf 86' lang='grc' dir='ltr'>κιθάρα</span> <span class='ocrx_word' id='word_1_562' title='bbox 1684 4652 1792 4724; x_wconf 83' lang='grc' dir='ltr'><strong>γὰρ</strong></span> 
     </span>
    </p>
   </div>
   <div class='ocr_carea' id='block_1_79' title="bbox 1825 4642 3469 4724">
    <p class='ocr_par' dir='ltr' id='par_1_79' title="bbox 1895 4647 3469 4722">
     <span class='ocr_line' id='line_1_79' title="bbox 1895 4647 3469 4722; baseline 0.004 -21"><span class='ocrx_word' id='word_1_563' title='bbox 1895 4664 2027 4719; x_wconf 90' lang='lat' dir='ltr'><strong>pore</strong></span> <span class='ocrx_word' id='word_1_564' title='bbox 2063 4647 2400 4703; x_wconf 88' lang='lat' dir='ltr'><strong>mortificans</strong></span> <span class='ocrx_word' id='word_1_565' title='bbox 2445 4656 2618 4703; x_wconf 92' lang='lat' dir='ltr'><strong>totum</strong></span> <span class='ocrx_word' id='word_1_566' title='bbox 2661 4651 2927 4720; x_wconf 89' lang='lat' dir='ltr'><strong>mcipsum</strong></span> <span class='ocrx_word' id='word_1_567' title='bbox 2977 4653 3469 4722; x_wconf 78' lang='lat' dir='ltr'><strong>peccatozcithara</strong></span> 
     </span>
    </p>
   </div>
   <div class='ocr_carea' id='block_1_80' title="bbox 214 4733 1858 4812">
    <p class='ocr_par' dir='ltr' id='par_1_80' title="bbox 214 4733 1792 4812">
     <span class='ocr_line' id='line_1_80' title="bbox 214 4733 1792 4812; baseline 0.004 -27"><span class='ocrx_word' id='word_1_568' title='bbox 214 4733 374 4800; x_wconf 80' lang='grc' dir='ltr'>ξύλον</span> <span class='ocrx_word' id='word_1_569' title='bbox 405 4734 522 4786; x_wconf 73' lang='grc' dir='ltr'>ἐστὶ</span> <span class='ocrx_word' id='word_1_570' title='bbox 552 4735 711 4806; x_wconf 79' lang='grc' dir='ltr'>ξηρὸν</span> <span class='ocrx_word' id='word_1_571' title='bbox 738 4736 858 4806; x_wconf 77' lang='grc' dir='ltr'>ἕχον</span> <span class='ocrx_word' id='word_1_572' title='bbox 882 4736 1069 4808; x_wconf 83' lang='grc' dir='ltr'>νεῦρα,</span> <span class='ocrx_word' id='word_1_573' title='bbox 1104 4739 1332 4810; x_wconf 78' lang='grc' dir='ltr'>ἀόρατον</span> <span class='ocrx_word' id='word_1_574' title='bbox 1387 4741 1570 4812; x_wconf 82' lang='grc' dir='ltr'>φωνὴν</span> <span class='ocrx_word' id='word_1_575' title='bbox 1598 4742 1792 4794; x_wconf 81' lang='grc' dir='ltr'>ἀποτε-</span> 
     </span>
    </p>
   </div>
   <div class='ocr_carea' id='block_1_81' title="bbox 1825 4733 3469 4812">
    <p class='ocr_par' dir='ltr' id='par_1_81' title="bbox 1893 4741 3469 4812">
     <span class='ocr_line' id='line_1_81' title="bbox 1893 4741 3469 4812; baseline 0.002 -16"><span class='ocrx_word' id='word_1_576' title='bbox 1893 4743 2036 4797; x_wconf 91' lang='lat' dir='ltr'><strong>cnim</strong></span> <span class='ocrx_word' id='word_1_577' title='bbox 2086 4751 2171 4795; x_wconf 91' lang='lat' dir='ltr'><strong>est</strong></span> <span class='ocrx_word' id='word_1_578' title='bbox 2223 4741 2431 4812; x_wconf 79' lang='lat' dir='ltr'><strong>lignum</strong></span> <span class='ocrx_word' id='word_1_579' title='bbox 2475 4744 2686 4799; x_wconf 82' lang='lat' dir='ltr'><strong>aridum</strong></span> <span class='ocrx_word' id='word_1_580' title='bbox 2720 4745 2924 4801; x_wconf 84' lang='lat' dir='ltr'><strong>habens</strong></span> <span class='ocrx_word' id='word_1_581' title='bbox 2961 4763 3180 4812; x_wconf 82' lang='lat' dir='ltr'><strong>nervos,</strong></span> <span class='ocrx_word' id='word_1_582' title='bbox 3227 4745 3469 4801; x_wconf 71' lang='lat' dir='ltr'><strong>invisibi-</strong></span> 
     </span>
    </p>
   </div>
   <div class='ocr_carea' id='block_1_82' title="bbox 215 4823 1859 4908">
    <p class='ocr_par' dir='ltr' id='par_1_82' title="bbox 215 4823 1590 4903">
     <span class='ocr_line' id='line_1_82' title="bbox 215 4823 1590 4903; baseline 0.005 -25"><span class='ocrx_word' id='word_1_583' title='bbox 215 4823 386 4878; x_wconf 84' lang='grc' dir='ltr'>κοῦσα</span> <span class='ocrx_word' id='word_1_584' title='bbox 420 4825 496 4896; x_wconf 84' lang='grc'><strong>(5)</strong></span> <span class='ocrx_word' id='word_1_585' title='bbox 537 4829 654 4880; x_wconf 81' lang='grc' dir='ltr'>κατ’</span> <span class='ocrx_word' id='word_1_586' title='bbox 680 4827 956 4898; x_wconf 86' lang='grc' dir='ltr'>ἐνέργειαν</span> <span class='ocrx_word' id='word_1_587' title='bbox 975 4829 1069 4882; x_wconf 84' lang='grc' dir='ltr'><strong>τοῦ</strong></span> <span class='ocrx_word' id='word_1_588' title='bbox 1101 4831 1371 4894; x_wconf 82' lang='grc' dir='ltr'>κινοῦντος</span> <span class='ocrx_word' id='word_1_589' title='bbox 1405 4833 1590 4903; x_wconf 82' lang='grc' dir='ltr'>αὐτήν.</span> 
     </span>
    </p>
   </div>
   <div class='ocr_carea' id='block_1_83' title="bbox 1823 4823 3467 4908">
    <p class='ocr_par' dir='ltr' id='par_1_83' title="bbox 1893 4837 3467 4908">
     <span class='ocr_line' id='line_1_83' title="bbox 1893 4837 3467 4908; baseline 0.002 -17"><span class='ocrx_word' id='word_1_590' title='bbox 1893 4839 1997 4891; x_wconf 85' lang='lat' dir='ltr'><strong>lein</strong></span> <span class='ocrx_word' id='word_1_591' title='bbox 2048 4848 2235 4888; x_wconf 87' lang='lat' dir='ltr'><strong>vocem</strong></span> <span class='ocrx_word' id='word_1_592' title='bbox 2281 4837 2538 4892; x_wconf 88' lang='lat' dir='ltr'><strong>emittens</strong></span> <span class='ocrx_word' id='word_1_593' title='bbox 2582 4838 2881 4892; x_wconf 85' lang='lat' dir='ltr'><strong>secundum</strong></span> <span class='ocrx_word' id='word_1_594' title='bbox 2929 4840 3299 4908; x_wconf 86' lang='lat' dir='ltr'><strong>operationem</strong></span> <span class='ocrx_word' id='word_1_595' title='bbox 3349 4855 3467 4894; x_wconf 87' lang='lat' dir='ltr'><strong>eam</strong></span> 
     </span>
    </p>
   </div>
   <div class='ocr_carea' id='block_1_84' title="bbox 1892 4925 2182 4982">
    <p class='ocr_par' dir='ltr' id='par_1_84' title="bbox 1892 4925 2182 4982">
     <span class='ocr_line' id='line_1_84' title="bbox 1892 4925 2182 4982; baseline -0.01 0"><span class='ocrx_word' id='word_1_596' title='bbox 1892 4925 2182 4982; x_wconf 81' lang='lat' dir='ltr'><strong>moventis.</strong></span> 
     </span>
    </p>
   </div>
   <div class='ocr_carea' id='block_1_85' title="bbox 286 5000 1930 5087">
    <p class='ocr_par' dir='ltr' id='par_1_85' title="bbox 286 5000 1856 5087">
     <span class='ocr_line' id='line_1_85' title="bbox 286 5000 1856 5087; baseline 0.012 -32"><span class='ocrx_word' id='word_1_597' title='bbox 286 5002 373 5056; x_wconf 73' lang='lat'><strong>12.</strong></span> <span class='ocrx_word' id='word_1_598' title='bbox 401 5000 518 5056; x_wconf 85' lang='grc' dir='ltr'>Ἵνα</span> <span class='ocrx_word' id='word_1_599' title='bbox 549 5003 602 5055; x_wconf 87' lang='grc' dir='ltr'><strong>τί</strong></span> <span class='ocrx_word' id='word_1_600' title='bbox 633 5003 802 5068; x_wconf 73' lang='grc' dir='ltr'>οὕτως</span> <span class='ocrx_word' id='word_1_601' title='bbox 826 5006 1075 5074; x_wconf 85' lang='grc' dir='ltr'>ἀπέγνως</span> <span class='ocrx_word' id='word_1_602' title='bbox 1106 5008 1328 5080; x_wconf 79' lang='grc' dir='ltr'>ὲαυτῆς;</span> <span class='ocrx_word' id='word_1_603' title='bbox 1816 5073 1856 5087; x_wconf 50' lang='grc' dir='ltr'><strong>λ</strong></span> 
     </span>
    </p>
   </div>
   <div class='ocr_carea' id='block_1_86' title="bbox 1411 5000 3055 5087">
    <p class='ocr_par' dir='ltr' id='par_1_86' title="bbox 1816 5015 3055 5087">
     <span class='ocr_line' id='line_1_86' title="bbox 1816 5015 3055 5087; baseline 0.004 -19"><span class='ocrx_word' id='word_1_604' title='bbox 1816 5073 1856 5087; x_wconf 48' lang='grc' dir='ltr'><strong>λ</strong></span> <span class='ocrx_word' id='word_1_605' title='bbox 1962 5015 2048 5069; x_wconf 71' lang='lat'><strong>1‘2.</strong></span> <span class='ocrx_word' id='word_1_606' title='bbox 2084 5015 2265 5081; x_wconf 89' lang='lat' dir='ltr'><strong>Quare</strong></span> <span class='ocrx_word' id='word_1_607' title='bbox 2295 5015 2369 5068; x_wconf 89' lang='lat' dir='ltr'><strong>ita</strong></span> <span class='ocrx_word' id='word_1_608' title='bbox 2393 5015 2459 5070; x_wconf 94' lang='lat' dir='ltr'><strong>de</strong></span> <span class='ocrx_word' id='word_1_609' title='bbox 2485 5023 2537 5069; x_wconf 89' lang='lat' dir='ltr'><strong>te</strong></span> <span class='ocrx_word' id='word_1_610' title='bbox 2573 5016 2687 5085; x_wconf 85' lang='lat' dir='ltr'><strong>ipsa</strong></span> <span class='ocrx_word' id='word_1_611' title='bbox 2714 5015 3055 5087; x_wconf 85' lang='lat' dir='ltr'><strong>desperasti?</strong></span> 
     </span>
    </p>
   </div>
   <div class='ocr_carea' id='block_1_87' title="bbox 280 5073 1924 5185">
    <p class='ocr_par' dir='ltr' id='par_1_87' title="bbox 280 5073 1859 5173">
     <span class='ocr_line' id='line_1_87' title="bbox 280 5073 1859 5173; baseline 0.004 -25"><span class='ocrx_word' id='word_1_612' title='bbox 280 5097 368 5150; x_wconf 82' lang='grc'><strong>15.</strong></span> <span class='ocrx_word' id='word_1_613' title='bbox 406 5095 662 5150; x_wconf 86' lang='grc' dir='ltr'>Ἔλπισον</span> <span class='ocrx_word' id='word_1_614' title='bbox 688 5099 781 5150; x_wconf 81' lang='grc' dir='ltr'>ἐπὶ</span> <span class='ocrx_word' id='word_1_615' title='bbox 815 5098 905 5152; x_wconf 80' lang='grc' dir='ltr'><strong>τὸν</strong></span> <span class='ocrx_word' id='word_1_616' title='bbox 931 5073 1061 5152; x_wconf 72' lang='grc' dir='ltr'>Θεὸν</span> <span class='ocrx_word' id='word_1_617' title='bbox 1084 5101 1174 5154; x_wconf 83' lang='grc' dir='ltr'>τὸν</span> <span class='ocrx_word' id='word_1_618' title='bbox 1197 5073 1435 5164; x_wconf 59' lang='grc' dir='ltr'>σώζοντα</span> <span class='ocrx_word' id='word_1_619' title='bbox 1458 5103 1581 5166; x_wconf 83' lang='grc' dir='ltr'>τούς</span> <span class='ocrx_word' id='word_1_620' title='bbox 1615 5119 1782 5173; x_wconf 87' lang='grc' dir='ltr'>προσ-</span> <span class='ocrx_word' id='word_1_621' title='bbox 1816 5073 1859 5128; x_wconf 77' lang='lat' dir='ltr'><strong>D</strong></span> 
     </span>
    </p>
   </div>
   <div class='ocr_carea' id='block_1_88' title="bbox 1824 5073 3468 5185">
    <p class='ocr_par' dir='ltr' id='par_1_88' title="bbox 1824 5073 3468 5185">
     <span class='ocr_line' id='line_1_88' title="bbox 1824 5073 3468 5185; baseline 0.007 -28"><span class='ocrx_word' id='word_1_622' title='bbox 1824 5073 1859 5128; x_wconf 71' lang='grc' dir='ltr'><strong>θ</strong></span> <span class='ocrx_word' id='word_1_623' title='bbox 1968 5104 2052 5158; x_wconf 81' lang='grc'><strong>15.</strong></span> <span class='ocrx_word' id='word_1_624' title='bbox 2089 5073 2257 5175; x_wconf 61' lang='lat' dir='ltr'><strong>gpera</strong></span> <span class='ocrx_word' id='word_1_625' title='bbox 2293 5105 2346 5158; x_wconf 92' lang='lat' dir='ltr'><strong>in</strong></span> <span class='ocrx_word' id='word_1_626' title='bbox 2376 5073 2703 5176; x_wconf 51' lang='lat' dir='ltr'><strong>Deum,-qui</strong></span> <span class='ocrx_word' id='word_1_627' title='bbox 2749 5073 2925 5161; x_wconf 75' lang='lat' dir='ltr'><strong>saivat</strong></span> <span class='ocrx_word' id='word_1_628' title='bbox 2952 5108 3020 5164; x_wconf 88' lang='lat' dir='ltr'><strong>ad</strong></span> <span class='ocrx_word' id='word_1_629' title='bbox 3051 5125 3110 5164; x_wconf 85' lang='lat' dir='ltr'><strong>se</strong></span> <span class='ocrx_word' id='word_1_630' title='bbox 3151 5110 3468 5185; x_wconf 80' lang='lat' dir='ltr'><strong>confugien-</strong></span> 
     </span>
    </p>
   </div>
   <div class='ocr_carea' id='block_1_89' title="bbox 211 5187 1855 5270">
    <p class='ocr_par' dir='ltr' id='par_1_89' title="bbox 211 5187 1786 5266">
     <span class='ocr_line' id='line_1_89' title="bbox 211 5187 1786 5266; baseline 0.004 -26"><span class='ocrx_word' id='word_1_631' title='bbox 211 5187 514 5256; x_wconf 81' lang='grc' dir='ltr'>φεύγοντας</span> <span class='ocrx_word' id='word_1_632' title='bbox 539 5187 709 5258; x_wconf 85' lang='grc' dir='ltr'>αὐτῷ,</span> <span class='ocrx_word' id='word_1_633' title='bbox 740 5192 822 5244; x_wconf 87' lang='grc' dir='ltr'>ὅτι</span> <span class='ocrx_word' id='word_1_634' title='bbox 879 5190 1033 5261; x_wconf 80' lang='grc' dir='ltr'><strong>κάγὼ</strong></span> <span class='ocrx_word' id='word_1_635' title='bbox 1071 5192 1246 5262; x_wconf 81' lang='grc' dir='ltr'>μέλλω</span> <span class='ocrx_word' id='word_1_636' title='bbox 1277 5193 1426 5265; x_wconf 82' lang='grc' dir='ltr'>αὐτῷ</span> <span class='ocrx_word' id='word_1_637' title='bbox 1463 5193 1786 5266; x_wconf 78' lang='grc' dir='ltr'>ἐξομολογή-</span> 
     </span>
    </p>
   </div>
   <div class='ocr_carea' id='block_1_90' title="bbox 1534 5187 3178 5270">
    <p class='ocr_par' dir='ltr' id='par_1_90' title="bbox 1534 5193 3178 5270">
     <span class='ocr_line' id='line_1_90' title="bbox 1534 5193 3178 5270; baseline 0.005 -23"><span class='ocrx_word' id='word_1_638' title='bbox 1534 5193 1786 5266; x_wconf 64' lang='grc' dir='ltr'>»μολογή-</span> <span class='ocrx_word' id='word_1_639' title='bbox 1890 5207 1995 5262; x_wconf 87' lang='lat' dir='ltr'><strong>tcs,</strong></span> <span class='ocrx_word' id='word_1_640' title='bbox 2023 5199 2286 5268; x_wconf 87' lang='lat' dir='ltr'><strong>quoniam</strong></span> <span class='ocrx_word' id='word_1_641' title='bbox 2310 5203 2363 5252; x_wconf 91' lang='lat' dir='ltr'><strong>ct</strong></span> <span class='ocrx_word' id='word_1_642' title='bbox 2393 5212 2496 5267; x_wconf 91' lang='lat' dir='ltr'><strong>ego</strong></span> <span class='ocrx_word' id='word_1_643' title='bbox 2528 5198 2632 5270; x_wconf 91' lang='lat' dir='ltr'><strong>ipsi</strong></span> <span class='ocrx_word' id='word_1_644' title='bbox 2653 5197 3006 5256; x_wconf 87' lang='lat' dir='ltr'><strong>confessurus</strong></span> <span class='ocrx_word' id='word_1_645' title='bbox 3038 5217 3178 5256; x_wconf 84' lang='lat' dir='ltr'><strong>sum.</strong></span> 
     </span>
    </p>
   </div>
   <div class='ocr_carea' id='block_1_91' title="bbox 212 5277 535 5346">
    <p class='ocr_par' dir='ltr' id='par_1_91' title="bbox 212 5277 535 5346">
     <span class='ocr_line' id='line_1_91' title="bbox 212 5277 535 5346; baseline 0.006 -14"><span class='ocrx_word' id='word_1_646' title='bbox 212 5279 408 5332; x_wconf 90' lang='grc' dir='ltr'>σασθαι</span> <span class='ocrx_word' id='word_1_647' title='bbox 441 5277 535 5346; x_wconf 80' lang='lat'>(6).</span> 
     </span>
    </p>
   </div>
   <div class='ocr_carea' id='block_1_92' title="bbox 281 5371 1925 5451">
    <p class='ocr_par' dir='ltr' id='par_1_92' title="bbox 281 5371 1213 5449">
     <span class='ocr_line' id='line_1_92' title="bbox 281 5371 1213 5449; baseline 0.008 -25"><span class='ocrx_word' id='word_1_648' title='bbox 281 5371 369 5425; x_wconf 76' lang='lat' dir='ltr'><strong>M.</strong></span> <span class='ocrx_word' id='word_1_649' title='bbox 401 5372 571 5438; x_wconf 82' lang='grc' dir='ltr'>Αὐτός</span> <span class='ocrx_word' id='word_1_650' title='bbox 601 5374 746 5427; x_wconf 86' lang='grc' dir='ltr'>ἐστιν</span> <span class='ocrx_word' id='word_1_651' title='bbox 771 5376 799 5428; x_wconf 90' lang='lat'><strong>6</strong></span> <span class='ocrx_word' id='word_1_652' title='bbox 820 5375 950 5438; x_wconf 83' lang='grc' dir='ltr'>Θεός</span> <span class='ocrx_word' id='word_1_653' title='bbox 983 5395 1085 5447; x_wconf 86' lang='grc' dir='ltr'><strong>μου</strong></span> <span class='ocrx_word' id='word_1_654' title='bbox 1117 5377 1213 5449; x_wconf 84' lang='grc'><strong>(7).</strong></span> 
     </span>
    </p>
   </div>
   <div class='ocr_carea' id='block_1_93' title="bbox 1037 5371 2681 5451">
    <p class='ocr_par' dir='ltr' id='par_1_93' title="bbox 1037 5377 2681 5451">
     <span class='ocr_line' id='line_1_93' title="bbox 1037 5377 2681 5451; baseline 0.004 -21"><span class='ocrx_word' id='word_1_655' title='bbox 1037 5395 1085 5430; x_wconf 67' lang='lat' dir='ltr'><strong>zu</strong></span> <span class='ocrx_word' id='word_1_656' title='bbox 1117 5377 1213 5449; x_wconf 83' lang='lat'>(7).</span> <span class='ocrx_word' id='word_1_657' title='bbox 1959 5380 2047 5439; x_wconf 74' lang='grc'><strong>11.</strong></span> <span class='ocrx_word' id='word_1_658' title='bbox 2077 5378 2197 5451; x_wconf 87' lang='lat' dir='ltr'><strong>Ipse</strong></span> <span class='ocrx_word' id='word_1_659' title='bbox 2219 5389 2302 5436; x_wconf 85' lang='lat' dir='ltr'><strong>est</strong></span> <span class='ocrx_word' id='word_1_660' title='bbox 2335 5379 2481 5436; x_wconf 91' lang='lat' dir='ltr'><strong>Deus</strong></span> <span class='ocrx_word' id='word_1_661' title='bbox 2507 5398 2681 5438; x_wconf 88' lang='lat' dir='ltr'><strong>mcus.</strong></span> 
     </span>
    </p>
   </div>
   <div class='ocr_carea' id='block_1_94' title="bbox 1160 5556 2511 5636">
    <p class='ocr_par' dir='ltr' id='par_1_94' title="bbox 1160 5556 2511 5636">
     <span class='ocr_line' id='line_1_94' title="bbox 1160 5556 2511 5636; baseline 0 -19"><span class='ocrx_word' id='word_1_662' title='bbox 1160 5556 1465 5618; x_wconf 78' lang='lat' dir='ltr'><strong>Addenda</strong></span> <span class='ocrx_word' id='word_1_663' title='bbox 1500 5565 1556 5618; x_wconf 84' lang='lat' dir='ltr'><strong>et</strong></span> <span class='ocrx_word' id='word_1_664' title='bbox 1609 5556 1986 5636; x_wconf 70' lang='lat' dir='ltr'><strong>corrigenda</strong></span> <span class='ocrx_word' id='word_1_665' title='bbox 2021 5576 2098 5620; x_wconf 80' lang='lat' dir='ltr'><strong>ex</strong></span> <span class='ocrx_word' id='word_1_666' title='bbox 2131 5559 2271 5619; x_wconf 87' lang='lat' dir='ltr'><strong>cod.</strong></span> <span class='ocrx_word' id='word_1_667' title='bbox 2307 5558 2511 5620; x_wconf 82' lang='lat' dir='ltr'><strong>Vatic.</strong></span> 
     </span>
    </p>
   </div>
   <div class='ocr_carea' id='block_1_95' title="bbox 275 5675 2446 5751">
    <p class='ocr_par' dir='ltr' id='par_1_95' title="bbox 275 5675 2446 5751">
     <span class='ocr_line' id='line_1_95' title="bbox 275 5675 2446 5751; baseline -0.004 -12"><span class='ocrx_word' id='word_1_668' title='bbox 275 5675 351 5751; x_wconf 56' lang='lat'>(1)</span> <span class='ocrx_word' id='word_1_669' title='bbox 405 5676 707 5751; x_wconf 63' lang='lat' dir='ltr'><strong>&#39;_[l¢3_t&amp;_1ﬁ¢</strong></span> <span class='ocrx_word' id='word_1_670' title='bbox 755 5679 1120 5750; x_wconf 71' lang='grc' dir='ltr'>κινναϐάρειιις</span> <span class='ocrx_word' id='word_1_671' title='bbox 1153 5697 1270 5751; x_wconf 66' lang='grc' dir='ltr'>περ.</span> <span class='ocrx_word' id='word_1_672' title='bbox 1947 5678 2023 5751; x_wconf 76' lang='lat'>(5)</span> <span class='ocrx_word' id='word_1_673' title='bbox 2069 5678 2446 5751; x_wconf 56' lang='grc' dir='ltr'>ξᾼποτελοῦσα.</span> 
     </span>
    </p>
   </div>
   <div class='ocr_carea' id='block_1_96' title="bbox 278 5746 2553 5819">
    <p class='ocr_par' dir='ltr' id='par_1_96' title="bbox 278 5746 2553 5819">
     <span class='ocr_line' id='line_1_96' title="bbox 278 5746 2553 5819; baseline 0 -20"><span class='ocrx_word' id='word_1_674' title='bbox 278 5747 354 5819; x_wconf 54' lang='lat'>(:2)</span> <span class='ocrx_word' id='word_1_675' title='bbox 501 5746 672 5810; x_wconf 57' lang='lat' dir='ltr'><em>666C.</em></span> <span class='ocrx_word' id='word_1_676' title='bbox 987 5746 995 5750; x_wconf 60' lang='grc'>⁷</span> <span class='ocrx_word' id='word_1_677' title='bbox 1227 5746 1237 5751; x_wconf 79' lang='grc'><em>’</em></span> <span class='ocrx_word' id='word_1_678' title='bbox 1955 5750 2030 5814; x_wconf 84' lang='grc'><strong>(6)</strong></span> <span class='ocrx_word' id='word_1_679' title='bbox 2074 5749 2553 5819; x_wconf 75' lang='grc' dir='ltr'>Ἐξομολογεῖσοαι.</span> 
     </span>
    </p>
   </div>
   <div class='ocr_carea' id='block_1_97' title="bbox 276 5816 2686 5891">
    <p class='ocr_par' dir='ltr' id='par_1_97' title="bbox 276 5816 2686 5891">
     <span class='ocr_line' id='line_1_97' title="bbox 276 5816 2686 5891; baseline 0.003 -23"><span class='ocrx_word' id='word_1_680' title='bbox 384 5817 566 5891; x_wconf 55' lang='grc' dir='ltr'>Λέγει,</span> <span class='ocrx_word' id='word_1_681' title='bbox 589 5819 745 5891; x_wconf 75' lang='grc' dir='ltr'>ῥῦσαί</span> <span class='ocrx_word' id='word_1_682' title='bbox 776 5839 862 5890; x_wconf 80' lang='grc' dir='ltr'><strong>με,</strong></span> <span class='ocrx_word' id='word_1_683' title='bbox 1963 5820 2035 5887; x_wconf 81' lang='lat'>(7)</span> <span class='ocrx_word' id='word_1_684' title='bbox 2070 5816 2206 5885; x_wconf 69' lang='grc' dir='ltr'>Μου,</span> <span class='ocrx_word' id='word_1_685' title='bbox 2238 5822 2327 5874; x_wconf 68' lang='grc' dir='ltr'>γαὶ</span> <span class='ocrx_word' id='word_1_686' title='bbox 2353 5822 2531 5891; x_wconf 71' lang='grc' dir='ltr'>σωτήρ</span> <span class='ocrx_word' id='word_1_687' title='bbox 2564 5837 2686 5890; x_wconf 67' lang='grc' dir='ltr'>μου.</span> 
     </span>
    </p>
   </div>
   <div class='ocr_carea' id='block_1_98' title="bbox 270 5888 777 5951">
    <p class='ocr_par' dir='ltr' id='par_1_98' title="bbox 270 5888 777 5951">
     <span class='ocr_line' id='line_1_98' title="bbox 270 5888 777 5951; baseline 0.008 -13"><span class='ocrx_word' id='word_1_688' title='bbox 270 5888 345 5951; x_wconf 79' lang='lat'>(4)</span> <span class='ocrx_word' id='word_1_689' title='bbox 383 5888 435 5940; x_wconf 78' lang='grc' dir='ltr'><strong>’Λ</strong></span> <span class='ocrx_word' id='word_1_690' title='bbox 447 5889 777 5943; x_wconf 67' lang='grc' dir='ltr'>πολειύσεων.</span> 
     </span>
    </p>
   </div>
  </div>
