4164 6526
714 453 815 510 819
1551 457 1608 511 S.
1652 456 2021 511 ATllANASII
2059 456 2207 512 OPP.
2250 455 2429 510 PARS
2453 457 2544 513 111.
2572 485 2641 497 -—-
2678 451 3089 508 EXEGETICA.
3845 449 3960 508 820

937 568 1004 624 In
1029 569 1184 640 ﬁnem
1215 582 1233 622 .'
1261 568 1389 638 [iliis
1423 566 1554 625 Core
1583 569 1650 621 ad
1681 569 2020 624 intellectum.
2298 573 2342 628 Α
2374 569 2474 633 Είς
2527 567 2581 620 τε

2309 573 2342 628 Α
2374 569 2474 633 Είς
2527 567 2593 620 τὸ
2663 565 2865 631 τέλος,
2921 565 3044 631 τοῖς
3096 565 3246 631 υἱοῖς
3315 566 3464 635 Κορὲ
3529 569 3618 633 εἷς
3669 568 3953 628 σύνεσιν.

941 728 953 742 ,
1237 661 1440 717 ΡεΑι.
1483 661 1703 716 XLIII.

1693 703 1703 716 .
2992 660 3154 711 ΨἈΛ.
3194 660 3337 712 ΜΓ.

774 758 824 812 1.
858 755 1024 821 Deus,
1051 756 1105 810 in
1130 756 1355 810 auribus
1383 758 1586 811 nostris
1614 757 1957 820 audivimus,

2442 749 2492 802 1.
2542 748 2598 799 '0
2627 747 2779 811 Θεὸς,
2816 749 2872 799 ἐν
2897 751 3006 811 τοῖς
3036 749 3166 800 ὠσὶν
3193 749 3347 819 ἡμῶν
3367 749 3697 821 ἠκούσαμεν,

770 849 826 903 9.
863 848 1051 905 Patres
1073 851 1243 904 nostri
1267 849 1727 905 annuntiaverunt
1760 850 1915 903 nobis

1912 869 1915 900 ί
2444 841 2496 893 2.
2528 842 2590 894 Oi
2621 841 2853 910 πατέρες
2882 839 3036 910 ἡμῶν
3070 841 3396 911 ἀνήγγειλαν
3428 843 3556 912 ἡμῖν

773 941 826 993 3.
861 939 1046 1010 Opus,
1097 941 1243 1008 quod
1283 950 1540 1010 operatus
1562 957 1624 996 es
1647 941 1699 995 in
1729 940 1922 995 diebus
1960 955 2184 1000 eorum,
2214 937 2267 989 in

2444 934 2496 986 5.
2534 934 2754 1003 Ἔργον,
2782 932 3067 1003 ὂείργάσω
3099 933 3156 985 ἐν
3199 936 3318 996 ταῖς
3363 934 3597 1004 ἡμέραις
3633 935 3849 997 αὐτῶν,
3897 938 3954 989 ἐν

702 1031 894 1086 diebus
921 1031 1175 1101 antiquis.

2378 1024 2610 1095 ἡμέραις
2641 1024 2915 1095 ἀρχαίαις.

774 1123 826 1175 4.
865 1120 1055 1175 Manus
1092 1130 1181 1175 tua
1209 1129 1398 1192 gentes
1421 1121 1836 1192 disperdidit,et
1860 1121 2112 1192 plantasti
2137 1137 2265 1174 cos:

2447 1116 2499 1168 4.
2534 1119 2596 1168 ’11
2623 1117 2742 1187 χείρ
2764 1134 2856 1169 σου
2879 1115 3005 1186 ἔθνη
3035 1114 3416 1186 ἐξωλόθρευσε,
3434 1117 3527 1170 καὶ
3546 1117 3955 1185 κατεφύτευσας

2377 1221 2589 1258 αυτουε·

774 1300 828 1353 5.
861 1298 1116 1352 Afﬂixisti
1141 1298 1393 1368 populos,
1424 1307 1479 1352 et
1513 1298 1769 1367 expulisti
1796 1313 1914 1353 eos.

2446 1297 2497 1350 5.
2546 1297 2862 1360 Ἐκάκωσας
2885 1297 3064 1360 λαοὺς,
3099 1299 3191 1351 καὶ
3213 1297 3459 1365 ἐξέϐαλες
3486 1300 3702 1363 αὐτούς.

777 1393 828 1447 6.
861 1391 971 1446 Nec
1005 1393 1146 1447 enim
1180 1393 1232 1445 in
1265 1392 1443 1462 gladio
1486 1408 1588 1447 suo
1627 1393 1989 1461 possederunt
2020 1399 2216 1445 terram
2255 1411 2268 1445 :

2451 1389 2502 1443 6.
2527 1391 2601 1442 Οὐ
2619 1390 2727 1460 γὰρ
2744 1393 2800 1443 ἐν
2816 1393 2880 1461 τῇ
2902 1392 3141 1461 ῥομφαίᾳ
3165 1391 3342 1444 αὐτῶν
3368 1393 3812 1463 ὲκληρονόμησαν
3831 1393 3954 1463 γῆνο

777 1481 830 1535 7.
867 1482 929 1535 Et
951 1483 1233 1537 brachium
1255 1497 1443 1537 eorum
1479 1499 1587 1536 non
1617 1482 1848 1537 salvavit
1875 1496 1968 1535 eos
2004 1499 2017 1534 :

2458 1481 2506 1533 7.
2534 1482 2642 1534 Καὶ
2670 1483 2698 1532 ὁ
2728 1482 2967 1552 βραχίων
2993 1483 3169 1536 αὐτῶν
3202 1485 3300 1536 οὐκ
3330 1484 3529 1537 ἔσωσεν
3562 1485 3761 1547 αὐτούς
3779 1503 3793 1516 ·

775 1571 829 1627 8.
865 1571 968 1627 Sed
995 1574 1214 1628 dextera
1239 1581 1329 1627 tua
1361 1583 1412 1629 et
1440 1574 1724 1629 brachium
1772 1583 1955 1637 tuum,
1988 1582 2042 1627 et
2077 1572 2277 1626 illumi-

2455 1573 2508 1627 8.
2556 1573 2696 1625 Ἀλλ’
2725 1577 2755 1644 ὴ
2784 1575 2935 1640 δεξιά
2963 1592 3078 1641 σου,
3103 1575 3196 1628 καὶ
3223 1578 3251 1628 6
3280 1575 3517 1648 βραχίων
3548 1593 3663 1638 σου,
3688 1578 3782 1630 καὶ
3805 1579 3832 1630 6
3857 1593 3965 1645 φω-

708 1664 856 1716 natio
881 1664 1064 1718 vultus
1092 1665 1190 1728 tui,

2380 1662 2573 1731 τισμὸς
2603 1661 2694 1713 τοῦ
2724 1664 3016 1731 προσώπου
3046 1680 3159 1724 σου,

777 1751 828 1807 9.
856 1754 1124 1819 Quoniam
1154 1755 1526 1825 complacuisti
1562 1755 1613 1808 in
1645 1755 1745 1810 eis.

1674 1755 1745 1809 is.
2454 1754 2506 1806 9.
2545 1754 2666 1806 Ὀτι
2694 1754 2991 1823 εὐδόκησας
3031 1757 3088 1809 ἐν
3117 1755 3318 1818 αὐτοῖς.

782 1843 868 1896 10.
903 1842 981 1898 Tu
1010 1859 1070 1899 es
1097 1835 1223 1914 ipse
1241 1860 1332 1898 rex
1366 1860 1520 1897 meus
1546 1853 1598 1897 et
1629 1843 1769 1898 Deus
1793 1858 1966 1910 meus,

2460 1846 2546 1899 10.
2580 1847 2650 1897 Σὺ
2686 1841 2736 1897 εἶ
2764 1845 2926 1908 αὐτὸς
2955 1848 2984 1898 6
3011 1846 3261 1916 βασιλεύς
3289 1865 3390 1918 μου
3418 1847 3511 1900 καὶ
3540 1849 3567 1900 6
3592 1847 3732 1918 ,Θεός
3767 1864 3889 1918 μου,

781 1934 869 1986 11.
895 1932 998 1998 Qui
1023 1934 1251 1988 mandas
1281 1933 1483 1989 salutes
1509 1933 1697 1989 Jacob.
2309 1931 2351 1989 Β

2309 1931 2351 1989 Β
2464 1938 2550 1991 11.
2592 1938 2648 1988 '0
2676 1937 3053 2007 ἐντελλόμενος
3082 1938 3180 2002 τὰς
3216 1939 3486 2010 σωτηρίας
3525 1939 3737 1991 Ἰακώϐ.

784 2025 871 2079 12.
905 2023 961 2078 1η
987 2034 1037 2078 te
1069 2024 1322 2080 inimicos
1353 2036 1572 2080 nostros
1597 2025 1984 2079 ventilabimus
2013 2039 2205 2088 cornu,

2151 2041 2205 2088 ιι,
2458 2029 2544 2081 12.
2590 2029 2677 2081 Ἐν
2710 2030 2791 2081 σοὶ
2817 2031 2941 2092 τοὺς
2973 2030 3199 2101 ἐχθροὺς
3228 2031 3384 2101 ἡμῶν
3411 2031 3795 2100 κερατιοῦμεν,

781 2115 868 2168 15.
925 2114 990 2169 Ει
1041 2115 1094 2168 in
1127 2105 1357 2170 nomine
1415 2124 1507 2169 tuo
1559 2130 1880 2185 Spernemus
1938 2115 2282 2186 insurgentes

2462 2121 2546 2174 15.
2587 2121 2693 2172 Καὶ
2735 2123 2793 2173 ἐν
2844 2120 2923 2190 τῷ
2974 2122 3195 2192 ὀνόματί
3232 2140 3322 2174 σου
3371 2120 3798 2193 ἐξουδενὼσομεν
3841 2121 3966 2184 τοὺς

710 2209 891 2262 nobis.

2388 2214 2850 2284 ἐπανισταμένους
2882 2217 3027 2284 ⁴ἡμῖν.

780 2296 869 2356 14.
896 2296 1011 2350 Νοη
1037 2297 1180 2352 enim
1211 2298 1263 2352 in
1290 2314 1417 2353 arcu
1447 2313 1565 2352 meo
1597 2299 1858 2367 sperabo:

2462 2303 2548 2356 14.
2581 2304 2654 2354 Οὐ
2683 2303 2791 2374 γὰρ
2831 2305 2921 2356 ἐπὶ
2951 2305 3028 2375 τῷ
3056 2305 3195 2376 τόξῳ
3225 2323 3323 2376 μου
3365 2304 3534 2358 ἐλπιῶ
3554 2321 3567 2334 ·

782 2389 869 2441 15.
894 2387 959 2442 Ει
991 2389 1200 2461 gladius
1230 2405 1384 2445 meus
1416 2406 1523 2443 non
1559 2390 1789 2444 salvabit
1821 2405 1926 2443 me.

2454 2395 2542 2448 15.
2575 2397 2684 2449 Καὶ
2713 2399 2745 2466 ἡ
2780 2397 3026 2467 ῥομφαία
3063 2414 3164 2466 μου
3191 2397 3252 2448 οὐ
3285 2395 3449 2448 σώσει
3485 2413 3573 2466 με.

1829 2525 2199 2582 ATIIAVASII
2236 2526 2356 2582 INT
2372 2528 2843 2585 ERPRETATIO.

809 2640 856 2692 Η
889 2642 1226 2712 προκειμένη
1269 2641 1549 2710 ἐπιγραφὴ
1575 2640 1815 2711 περιέχει
1837 2641 1933 2712 (1)·
1959 2643 2062 2707 Εἰς
2091 2642 2157 2695 τὸ
2191 2643 2387 2708 τέλος,
2419 2642 2548 2705 τοῖς
2571 2642 2726 2707 υἱοῖς
2755 2640 2906 2708 Κορὲ
2929 2642 3016 2706 εις
3045 2641 3302 2694 σύνεσιν
3328 2638 3424 2709 (α)·
3460 2639 3555 2691 καὶ
3581 2637 3783 2709 ἑτέρως
3895 2638 3967 2707 (Ξ)

708 2732 812 2802 τὴν
833 2733 1000 2804 αὐτὴν
1046 2735 1338 2807 ἑρμηνείαν
1366 2734 1610 2805 εἴπομεν·
1637 2734 1781 2804 λέγει
1805 2735 1931 2806 γάρ·
1970 2737 2073 2801 Εἰς
2103 2736 2168 2788 τὸ
2200 2735 2396 2802 τέλος,
2438 2737 2563 2801 τοῖς
2587 2733 2742 2798 υἱοῖς
2766 2733 2917 2801 Κορέ
2953 2737 3038 2798 εις
3064 2730 3337 2787 σύνεσιν.
3375 2733 3449 2786 Τὸ
3507 2733 3564 2785 δὲ
3614 2733 3759 2803 Κορὲ
3799 2735 3968 2802 ἑρμηο

710 2826 924 2883 γεύεται
961 2830 1265 2897 φαλακρός
1292 2830 1388 2900 (5).
1418 2831 1543 2892 Τοῖς
1587 2825 1678 2882 οὖν
1708 2829 1912 2900 γυμνὸν
1935 2830 2117 2900 ἔχουσι
2143 2829 2201 2883 τὸ
2230 2831 2553 2902 ἡγεμονικὸν
2586 2832 2684 2900 τῆς
2736 2828 2961 2901 καρδίας
2992 2827 3102 2881 ἀπὸ
3149 2828 3323 2898 ἔργων
3357 2826 3458 2894 (4),
3490 2825 3582 2876 ἐπὶ
3622 2825 3766 2877 τέλει
3803 2827 3861 2879 δὲ
3886 2828 3966 2890 εἰς

715 2917 930 2973 σύνεσιν
959 2921 1268 2992 ἐρχομένων
1297 2924 1325 2975 6
1347 2921 1557 2993 ψαλμὸς
1577 2915 1732 2984 οὗτος
1758 2922 1993 2992 εἴρηται.

782 3028 999 3086 Titulus
1031 3033 1326 3103 inscriptus
1356 3035 1598 3087 continet
1626 3052 1638 3086 :
1669 3033 1734 3086 In
1761 3033 2082 3102 ﬁnem,ﬁliis
2099 3031 2232 3086 Core
2259 3033 2327 3085 ad
2347 3033 2784 3097 intellectum....;
2824 3041 2880 3087 et
2901 3032 3003 3085 alia
3029 3029 3477 3099 interpretatione
3498 3029 3570 3083 ita
3601 3030 3716 3082 haec
3733 3029 3972 3097 explica-

715 3140 839 3178 mus
864 3143 877 3178 :
901 3125 1031 3179 dicit
1060 3127 1205 3180 enim
1237 3147 1250 3181 :
1285 3126 1350 3180 In
1379 3128 1556 3197 ﬁnem,
1590 3129 1717 3198 ﬁliis
1741 3129 1872 3184 Core
1903 3129 1972 3182 ad
1999 3129 2346 3183 intellectum.
2375 3130 2516 3184 Core
2550 3139 2730 3183 autem
2760 3130 3181 3197 interpretatur:
3208 3125 3421 3180 Calvus.
3460 3123 3645 3194 Itaque
3673 3125 3744 3178 ab
3770 3125 3971 3178 haben-

717 3221 862 3275 tibus
891 3230 1123 3276 mentem
1156 3224 1335 3280 cordis
1352 3225 1605 3280 nudatam
1639 3227 1708 3281 ab
1729 3228 2004 3297 operibus,
2028 3228 2083 3280 in
2124 3227 2228 3281 line
2249 3236 2428 3281 autem
2462 3227 2516 3280 in
2559 3225 2891 3279 intellectum
2923 3221 3264 3278 venientibus
3281 3220 3644 3289 psalmusisle
3661 3219 3840 3273 dictus
3870 3233 3968 3276 εει.

786 3334 838 3387 1.
869 3334 911 3386 Α
960 3335 1209 3393 fidelibus
1277 3339 1409 3395 viris
1472 3342 1803 3411 accepimus,
1854 3357 1975 3411 qua:
2016 3340 2287 3395 narraturi
2317 3344 2359 3402 C

2325 3344 2359 3402 Β
2462 3339 2511 3391 1.
2533 3337 2688 3409 Παρὰ
2719 3337 2925 3390 πιστῶν
2957 3333 3163 3405 ἀνδρῶν
3194 3330 3631 3402 παρειλήφαμεν,
3653 3328 3687 3382 ἂ
3712 3329 3969 3400 μέλλομεν

714 3436 834 3480 sum
841 3438 926 3480 113.

2400 3431 2698 3499 διηγεῖσθαι
2719 3429 2814 3497 (5).

791 3517 845 3569 2.
881 3515 1091 3585 Moyses
1113 3521 1168 3568 et
1200 3514 1476 3583 propheta:
1517 3515 1571 3569 in
1600 3516 1900 3588 Scripturis
1934 3533 2293 3578 narraverunt

2471 3519 2524 3571 2.
2562 3520 2766 3588 Μωσῆς
2800 3518 2892 3570 καὶ
2935 3517 2984 3569 οἱ
3021 3516 3293 3586 προφῆται
3333 3515 3421 3569 διὰ
3473 3516 3580 3567 τῶν
3624 3514 3857 3584 Γραφῶν
3900 3514 3970 3566 δι-

720 3612 786 3663 de
810 3607 1087 3676 gentibus,
1115 3621 1252 3676 quas
1275 3606 1434 3675 ejecit
1463 3606 1628 3662 Deus.

2391 3611 2663 3680 ηγήσαντο
2694 3609 2949 3678 περὶτῶν
2971 3607 3159 3671 ἐθνῶν,
3187 3601 3259 3660 ὧν
3288 3606 3538 3670 ἐξέϐαλεν
3559 3609 3584 3659 6
3613 3606 3761 3669 Θεός.

789 3701 842 3755 5.
877 3700 1164 3767 Quomodo
1207 3701 1260 3753 in
1305 3701 1557 3755 omnibus
1601 3703 1757 3758 bellis
1800 3706 2077 3761 debellasti
2127 3707 2292 3761 variis

2462 3704 2513 3756 5.
2551 3703 2623 3755 T6
2646 3702 2761 3766 πῶς
2790 3703 2846 3753 ἐν
2877 3701 3089 3771 ἐκάστῳ
3116 3701 3334 3770 πολέμῳ
3368 3698 3525 3761 αὐτὸς
3553 3698 3824 3769 διαφόρως
3852 3699 3969 3749 ἐπο-

721 3795 901 3850 modis
935 3793 1193 3847 inimicos
1216 3808 1428 3846 eorum.

2392 3795 2633 3862 λέμησας
2660 3795 2783 3857 τοὺς
2812 3793 3036 3862 ἐχθροὺς
3075 3791 3274 3843 αὐτῶν.

794 3887 846 3939 4.
881 3885 1056 3939 Filius
1093 3893 1223 3938 tuus
1258 3884 1583 3952 disperdidit
1606 3901 1701 3941 eos
1724 3926 1738 3949 ,
1765 3897 1819 3941 et
1843 3888 1896 3942 in
1925 3889 2291 3943 hereditatem

2465 3887 2514 3939 4.
2553 3887 2610 3938 Ὀ
2639 3885 2766 3948 Υἱός
2819 3901 2911 3936 σου
2967 3883 3360 3953 ἐξωλόθρευσεν
3419 3884 3650 3946 αὐτοὺς,
3711 3883 3808 3934 καὶ
3847 3897 3974 3933 κατ-

723 3977 872 4031 dcdit
897 3973 1021 4027 [iliis
1049 3972 1234 4027 Israel.

2393 3976 2780 4049 εκληροδότησε
2825 3976 2899 4047 (6)
2937 3976 3063 4039 τοὺς
3106 3977 3255 4038 υἱοὺς
3301 3974 3535 4045 Ἰσραήλ.

799 4064 852 4118 5.
893 4061 1224 4116 Vulneratos
1255 4074 1350 4114 eos
1374 4059 1430 4113 in
1463 4056 1642 4129 fugam
1676 4058 1977 4128 coniecisti.

2464 4067 2515 4121 5.
2543 4066 3021 4138 Τιτρωσκομένους
3050 4065 3247 4127 αὐτοὺς
3277 4064 3518 4132 φυγάδας
3553 4063 3833 4131 ἐποίησας.

796 4160 851 4212 6.
883 4156 1000 4213 Non
1049 4156 1196 4213 enim
1240 4170 1430 4211 eorum
1479 4153 1647 4208 armis
1695 4153 2055 4224 possederunt
2094 4162 2294 4209 terram

2466 4161 2518 4212 6.
2544 4160 2617 4211 Οὐ
2658 4159 2764 4229 γὰρ
2817 4158 2876 4210 ἐν
2914 4159 3025 4220 τοῖς
3081 4155 3262 4218 ὅπλοις
3303 4155 3479 4208 αὐτῶν
3529 4152 3972 4225 ὲκληρονόμῃσαν

725 4249 1124 4324 promissionis,

2395 4250 2491 4320 τὴν
2512 4251 2613 4322 γῆν
2633 4251 2733 4320 τῆς
2758 4249 3106 4318 ἐπαγγελίας,

799 4345 853 4398 7.
884 4343 950 4396 Et
977 4341 1217 4411 potentia
1237 4353 1425 4394 eorum
1457 4353 1565 4392 non
1592 4338 1823 4393 salvavit
1857 4353 1980 4401 eos;

2473 4339 2523 4392 7.
2557 4340 2667 4393 Kal.
2700 4341 2734 4408 ἡ
2766 4338 3050 4390 δυναστεία
3079 4336 3256 4388 αὐτῶν
3276 4334 3374 4386 οὐκ
3410 4331 3613 4384 ἔσωσεν
3651 4329 3867 4393 αὐτούς·

800 4433 854 4487 8.
885 4430 989 4486 Sed
1044 4430 1359 4499 unigenitus
1399 4427 1570 4483 Filius
1603 4439 1764 4494 tuus,
1797 4427 1891 4497 qui
1931 4435 2015 4482 est
2048 4429 2300 4498 splendor

2469 4430 2521 4484 8.
2559 4430 2697 4481 Ἀλλ’
2727 4432 2754 4481 6
2783 4429 3075 4499 μονογενής
3111 4444 3203 4480 σου
3243 4425 3405 4488 Υἱὸς,
3456 4427 3485 4475 6
3513 4423 3587 4474 ὣν
3632 4423 3965 4491 ἀπαύγασμα

731 4525 916 4596 gloriae
937 4534 1063 4577 tuae.

2399 4522 2498 4592 τῆς
2534 4520 2691 4590 δόξης
2714 4537 2828 4572 σου.

800 4617 855 4682 9,
889 4615 974 4668 10.
1011 4613 1088 4669 Τιι
1124 4629 1176 4667 es
1218 4614 1347 4681 ipse,
1379 4612 1473 4680 qui
1504 4620 1558 4665 et
1586 4619 1740 4676 tunc,
1784 4618 1838 4666 et
1885 4610 1941 4664 in
1989 4610 2298 4666 novissimis

2471 4611 2524 4674 9,
2554 4611 2637 4663 10.
2659 4611 2732 4680 (7)
2751 4609 2833 4663 Σὺ
2867 4609 2924 4662 ετ
2955 4613 2987 4661 ό
3006 4608 3187 4672 αὐτὸς
3211 4609 3239 4659 ό
3259 4607 3400 4668 τότε,
3417 4607 3511 4657 καὶ
3526 4606 3613 4658 ἐπ’
3637 4604 3880 4674 ἐσχάτων
3900 4604 3969 4673 (8)

732 4707 1091 4776 temporibus.

2407 4704 2506 4756 τῶν
2533 4703 2756 4772 χρόνων.

804 4801 891 4853 11.
918 4797 1020 4864 Qui
1051 4812 1147 4868 per
1178 4805 1231 4850 te
1255 4796 1432 4865 ipsum
1465 4811 1692 4850 enarras
1723 4796 1979 4850 mandata
2012 4806 2122 4850 tua.
2338 4867 2349 4868 ί

2338 4867 2349 4868 7
2476 4793 2562 4844 11.
2611 4793 2667 4845 '0
2686 4792 2750 4844 δι’
2771 4791 2962 4844 ἐαυτοῦ
2985 4789 3336 4860 διηγούμενος
3352 4786 3420 4839 τὰ
3442 4785 3844 4857 προστάγματά
3866 4801 3966 4838 σου.

807 4891 894 4944 12.
918 4888 975 4944 In
1001 4867 1073 4953 te.
1094 4889 1289 4954 dicit,e
1311 4887 1492 4941 medio
1511 4886 1760 4940 tollemus
1786 4885 2036 4940 inimicos
2059 4897 2299 4952 nostros,
2332 4867 2375 4920 θ

2332 4867 2375 4920 θ
2474 4884 2560 4935 1⁸2.
2595 4884 2683 4935 Ἑν
2714 4883 2819 4947 σοὶ,
2847 4882 3022 4950 λέγει,
3047 4881 3373 4951 ἀναιροῦμεν
3401 4881 3525 4942 τοὺς
3549 4877 3782 4949 ἐχθροὺς
3804 4877 3965 4950 ἡμῶν,

737 4980 840 5035 hoc
874 4991 957 5036 est
987 4979 1344 5049 cogitationes
1373 4977 1555 5031 cordis
1581 4975 1778 5030 nostri.

2404 4978 2548 5045 λέγω
2572 4978 2635 5048 δὴ
2660 4980 2784 5041 τοὺς
2808 4979 2865 5029 ἐν
2896 4979 2961 5047 τῇ
2999 4974 3194 5046 καρδίᾳ
3218 4977 3251 5044 ἡ
3261 4973 3375 5043 μῶν
3403 4970 3715 5041 λογισμούς.

810 5074 896 5128 15.
927 5072 1178 5125 Diabolos
1205 5069 1496 5140 signiﬁcat.

2477 5072 2560 5125 15.
2595 5071 2732 5133 Τοὺς
2758 5068 3033 5130 διαϐόλους
3065 5067 3139 5137 (9)
3173 5065 3336 5134 λέγειν

807 5165 894 5218 14.
923 5163 1040 5217 Non
1067 5164 1210 5217 enim
1247 5164 1299 5218 in
1330 5164 1569 5233 potentia
1596 5176 1712 5214 mea
1740 5159 1992 5229 sperabo.

2481 5161 2566 5216 16.
2593 5162 2666 5213 Οὐ
2701 5160 2808 5231 γὰρ
2836 5159 2893 5211 ἐν
2923 5161 2989 5229 τῇ
3019 5156 3300 5225 δυναστεία
3331 5171 3430 5224 μου
3465 5153 3655 5208 ἐλπιῶ.

809 5262 896 5315 15.
929 5261 994 5315 Et
1019 5276 1169 5315 arma
1205 5275 1325 5314 mea
1349 5273 1458 5312 non
1494 5255 1785 5312 salvabunt
1809 5272 1896 5310 me

2478 5252 2567 5306 15.
2595 5252 2707 5323 (10)
2734 5252 2844 5304 Καὶ
2877 5250 2945 5303 τὰ
2967 5249 3105 5301 ὅπλα
3134 5266 3234 5320 μου
3274 5247 3334 5300 οὐ
3366 5245 3531 5298 σώσει
3569 5263 3633 5316 με

1688 5390 1994 5454 Addenda
2023 5396 2086 5452 et
2122 5389 2495 5468 corrigenda
2528 5406 2606 5450 ex
2638 5386 2780 5447 cod.
2827 5385 3026 5446 Vatic.

841 5521 885 5588 l)
925 5521 986 5571 'll
1008 5519 1096 5572 διὰ
1124 5520 1220 5586 τῆς
1250 5516 1615 5587 κινναϐάρεως
1645 5533 1768 5587 περ.
2595 5507 3133 5588 ξςατεκλῃρονόιμῃσε.

1137 5566 1217 5586 Ἥ
2594 5579 2664 5654 Ν.
2693 5566 2902 5654 9,_'d'u
2928 5566 3194 5645 ἠθέλησας
3217 5573 3424 5638 αὐτούς.
3451 5572 3515 5626 Ν.
3554 5573 3637 5637 10,
3679 5572 3752 5624 Σὺ
3781 5566 3847 5634 εἴ,
3872 5579 3959 5624 etc.

833 5648 885 5726 5)
919 5661 1304 5730 Φαλάκρωμα.
1335 5729 1352 5730 η
2613 5648 2889 5730 ΪΕσχάτου.

835 5721 887 5794 4)
929 5721 1143 5803 Ἔργων
1179 5721 1414 5803 ἀγαθῶν.
2583 5795 2588 5802 .
2601 5721 2888 5803 Δαίμοχας.

924 5787 1313 5871 Διήγήσασθαι.

2489 5787 2598 5862 (10)
2632 5790 2695 5842 Ν.
2709 5787 2712 5788 ⁷
2727 5787 2792 5841 15
2822 5790 2988 5843 deest.

820 5914 896 5977 (α)
925 5911 1139 5978 Aliquid
1179 5911 1368 5966 deesse
1395 5910 1620 5964 videtur.
